3860 6586
164 509 3361 574 ω

869 693 1350 820 TYPOG
1368 701 1914 818 RAPHUS
1989 702 2644 818 LECTORI.

1285 919 1387 982 (Ex
1417 928 1535 976 edit.
1563 927 1741 976 Venet.
1767 929 1877 974 anni
1907 925 2042 983 1755,
2073 930 2104 972 ι.
2135 931 2220 987 IL)"

1737 1129 1806 1140 οι-

214 1259 378 1314 Paucis
411 1275 476 1312 ac
504 1252 824 1313 brevissime
851 1267 896 1311 te
924 1259 978 1312 in
1000 1259 1175 1312 limine
1193 1258 1348 1327 hujus
1382 1257 1594 1312 secundi
1617 1275 1678 1312 ac
1708 1263 1956 1322 postremi
1983 1259 2210 1329 Operum
2231 1256 2715 1330 Areopagiticarum
2750 1262 2877 1315 torni
2897 1262 3121 1328 detineo,
3154 1263 3365 1336 benigne

159 1349 795 1420 Lectonquandoquidem
814 1351 868 1403 in
887 1348 1084 1403 Monito
1114 1349 1181 1403 ad
1204 1351 1427 1418 priorem
1455 1361 1650 1406 tomum
1673 1354 1891 1423 praefixo
1911 1353 2028 1421 jam
2047 1362 2093 1406 te
2106 1353 2376 1406 certiorem
2400 1351 2499 1420 feci
2515 1352 2576 1406 de
2599 1369 2801 1406 summa
2820 1371 2932 1408 mea
2949 1357 3000 1407 in
3026 1355 3123 1409 hac
3148 1356 3369 1417 editione

160 1442 437 1512 conﬁcienda
469 1452 521 1494 et
552 1443 876 1501 exornanda
900 1460 1024 1496 cura
1048 1459 1108 1496 ac
1133 1443 1434 1498 sedulitate.
1462 1445 1635 1510 Quam
1659 1457 1838 1498 exacte
1866 1443 2021 1512 ﬁdem
2047 1461 2213 1496 meam
2245 1442 2572 1497 liberaverim
2600 1446 2653 1497 in
2677 1447 2947 1500 enuntiato
2979 1455 3204 1516 tempore
3219 1460 3372 1502 utro-

157 1552 228 1600 que
249 1545 374 1587 tome
410 1533 621 1601 publici
654 1532 804 1600 juris
834 1531 1101 1601 faciundo,
1135 1549 1238 1585 non
1264 1542 1339 1586 est
1373 1549 1466 1584 cur
1493 1541 1645 1586 verba
1677 1533 1892 1601 faciam,
1923 1548 2040 1584 cum
2082 1548 2209 1600 opus
2230 1533 2400 1601 ipsum
2432 1551 2521 1603 per
2552 1547 2660 1588 sese
2693 1536 2957 1605 loquatur.
2987 1535 3169 1588 Pauca
3193 1544 3366 1588 tamen

127 1663 130 1671 ι
159 1625 248 1676 mihi
275 1623 509 1677 dicenda
561 1633 698 1677 sunt
749 1623 812 1676 de
857 1624 921 1676 iis
966 1639 1079 1691 qua:
1105 1622 1224 1675 huic
1252 1630 1392 1675 tomo
1425 1641 1706 1685 accessere,
1739 1624 1961 1694 quidque
1998 1627 2051 1678 in
2089 1641 2170 1687 eo,
2203 1634 2259 1676 ut
2284 1627 2520 1678 ornatior
2541 1627 2724 1688 exiret,
2757 1627 3114 1694 praestiterim.
3153 1627 3372 1684 Scholia

159 1710 292 1767 Greca
317 1717 367 1767 in
403 1714 590 1782 Opera
622 1714 997 1782 Areopagitica
1025 1729 1143 1765 cum
1171 1712 1488 1766 nitidissima
1535 1712 1592 1767 8.
1644 1713 1820 1767 Marci
1861 1715 2034 1767 codice
2080 1714 2479 1783 diligentissime
2519 1715 2836 1784 conferenda
2885 1717 3102 1779 curavi,
3146 1717 3370 1772 selectos

158 1809 282 1860 varias
330 1805 596 1860 lectiones
616 1848 632 1872 ,
674 1815 769 1858 aut
809 1807 1170 1869 correctiones,
1197 1805 1448 1859 breviores
1472 1805 1698 1876 quidem,
1737 1807 1805 1860 ad
1840 1808 2125 1876 marginem
2157 1807 2424 1870 adnotavi,
2445 1807 2667 1876 fusiores
2701 1825 2837 1874 vero,
2862 1825 2977 1877 qua!
3003 1810 3177 1877 potius
3208 1812 3369 1868 Addi-

160 1907 346 1955 tamento
365 1908 636 1971 quaedam
668 1898 892 1952 dicenda
913 1909 1062 1964 sunt,
1091 1901 1276 1970 quibus
1322 1902 1668 1969 praecedentes
1711 1902 1961 1956 editiones
1994 1919 2168 1957 omnes
2208 1919 2456 1964 caruere,
2503 1902 2569 1956 ad
2605 1905 2812 1974 pagina:
2837 1905 3054 1969 calcem,
3101 1921 3206 1957 una
3248 1920 3367 1958 cum

157 1999 337 2049 versione
364 1994 604 2061 Latina,
630 1995 854 2065 apposui
885 1994 980 2063 (1).
1008 1992 1180 2045 Exhis
1194 1991 1334 2044 haud
1362 2010 1488 2047 sane
1516 2009 1686 2061 pauca
1714 1993 1962 2056 invenies,
1987 1994 2280 2062 pra’sertim
2304 1993 2355 2046 in
2387 1992 2519 2046 libro
2550 1993 2622 2049 De
2653 1994 2848 2049 divinis
2879 1995 3208 2050 nominibus.
3256 1994 3371 2047 Lit-

159 2096 251 2138 teras
287 2083 460 2155 (ἴτωσὶ
491 2085 798 2154 alphabeti,
830 2101 919 2138 seu
943 2094 1093 2138 notas
1119 2083 1438 2148 numerales,
1487 2085 1673 2154 quibus
1713 2084 1912 2138 scholia
1942 2083 2190 2138 Germani
2229 2087 2548 2153 patriarcha:
2578 2105 2610 2138 a
2631 2087 2842 2140 scholiis
2875 2085 3102 2140 Maximi
3131 2084 3374 2140 monachi

157 2178 252 2233 dictv
285 2181 332 2233 in
361 2181 558 2234 codice
591 2178 852 2248 distingui
881 2177 1147 2238 dicuntur,
1181 2186 1447 2240 accurate,
1473 2187 1528 2230 ut
1547 2177 1611 2229 'in
1640 2178 1752 2245 ipso
1783 2175 1957 2230 codice
1984 2176 2262 2241 habentur,
2309 2177 2552 2246 adjunxi.
2598 2177 2772 2232 Labor
2806 2180 2979 2248 major
3023 2179 3366 2234 insumendus

154 2271 306 2336 fuitad
332 2273 762 2328 Lansselianam
794 2273 1079 2326 versionem
1103 2269 1422 2326 scholiorum
1445 2269 1502 2325 S.
1528 2267 1754 2323 Maximi
1777 2268 1898 2320 huic
1921 2267 2139 2321 editioni
2161 2269 2471 2338 optandam,
2503 2288 2619 2340 qua:
2639 2287 2826 2338 parum
2859 2271 3131 2326 commoda
3155 2269 3365 2325 videba-

155 2371 231 2418 tur.
259 2363 322 2417 Et
354 2381 487 2418 sane
528 2362 681 2415 haud
729 2364 860 2416 satis
897 2362 1102 2432 assequi
1148 2362 1256 2430 ipse
1299 2376 1509 2429 possum
1561 2361 1684 2428 quid
1715 2358 1886 2412 editor
1918 2359 2238 2414 Parisiensis
2265 2376 2375 2428 pra?
2403 2361 2570 2415 oculis
2611 2363 2871 2425 habuerit,
2914 2373 2991 2428 ut,
3025 2381 3141 2417 cum
3179 2365 3357 2418 omnia

158 2456 494 2525 Areopagitica
533 2456 716 2524 Opera
747 2471 864 2508 cum
894 2454 962 2508 cl.
994 2455 1093 2508 viri
1123 2453 1460 2507 Balthasaris
1498 2450 1738 2507 Corderii
1767 2450 1961 2505 Latina
1987 2453 2220 2507 versione
2255 2453 2498 2519 ediderit,
2542 2453 2600 2509 S.
2643 2455 2870 2510 Maximi
2899 2457 2952 2510 in
2979 2457 3160 2512 eadem
3193 2459 3366 2529 Opera

157 2545 338 2600 scholiis
353 2546 630 2601 Lansselii
655 2549 945 2601 versionem
967 2563 1223 2616 apponere
1251 2545 1522 2624 maluerit,
1556 2555 1871 2599 cumtamen
1900 2555 2094 2613 prwsto
2134 2545 2216 2600 illi
2245 2548 2703 2602 esset'eorumdem
2733 2551 2900 2604 versio
2945 2551 3010 2603 ab
3038 2551 3151 2619 ipso
3179 2551 3375 2607 Corde-

157 2641 215 2692 rio
233 2642 391 2709 facta,
421 2651 471 2695 et
502 2641 731 2695 editioni
762 2641 1124 2709 Antuerpiensi
1155 2656 1244 2693 an.
1279 2638 1416 2693 1654
1452 2639 1650 2691 inserta
1670 2677 1686 2702 ,
1717 2654 1877 2707 eaque
1899 2638 2085 2699 procul
2119 2637 2278 2692 dubio
2307 2640 2526 2693 nitidior
2548 2651 2596 2694 et
2627 2645 2924 2697 accuratior
2961 2646 3051 2708 sit,
3084 2663 3243 2716 quam
3273 2646 3371 2701 illa

154 2735 498 2796 tumultuaria,
535 2743 596 2785 ut
629 2749 748 2786 eam
779 2741 927 2786 vocat
966 2730 1274 2786 Lansselius
1303 2731 1434 2798 ipse,
1467 2738 1642 2797 utpote
1680 2745 1839 2799 quam
1872 2745 2080 2783 summa
2112 2746 2230 2782 cum
2254 2730 2590 2798 festinatione
2612 2732 2785 2801 facere
2809 2734 3106 2800 aliquarum
3130 2737 3368 2806 precibus

157 2828 420 2894 conpulsus
445 2827 572 2895 fuit,
602 2813 725 2878 cum
749 2827 976 2893 primum
1003 2823 1180 2879 Graece
1205 2833 1407 2878 tantum
1434 2821 1732 2876 Maximum
1761 2823 2000 2876 exhibere
2029 2824 2419 2888 constituisset,
2453 2835 2510 2878 ut
2542 2826 2783 2881 idemmet
2815 2838 3058 2884 testatur.
3097 2831 3274 2898 Quare
3296 2833 3374 2886 ni‘l

157 2918 257 2970 sitio
283 2906 585 2970 vertendum
620 2917 759 2978 viro,
797 2915 1008 2970 aliunde
1033 2915 1374 2986 peritissimo,
1412 2913 1458 2966 si
1496 2912 1759 2980 ejusmodi
1787 2911 1952 2965 versio
1981 2911 2141 2980 paulo
2175 2912 2468 2977 obscurior,
2501 2925 2549 2967 et
2590 2915 2952 2984 inelegantior,
2984 2928 3032 2970 et
3075 2920 3128 2972 in
3158 2921 3380 2990 quibus-'

160 3009 263 3084 dum
301 3011 457 3063 etiam
498 3010 660 3072 locis,
691 3008 863 3062 minus
891 3017 1141 3060 accurata
1171 3007 1444 3076 prodierit.
1479 3006 1581 3061 Sed
1625 3023 1725 3059 non
1775 3006 1852 3058 ita
1893 3005 2084 3060 editori
2128 3005 2422 3061 Parisiensi
2451 3006 2854 3061 condonandum
2888 3009 3110 3074 videtur,
3150 3015 3236 3083 qui
3259 3032 3374 3069 eam

151 3104 346 3156 tersioni
366 3103 719 3157 Corderiana:
746 3102 1058 3170 prcetulerit,
1087 3101 1282 3172 illaque
1307 3102 1520 3170 rejecta,
1545 3101 1598 3154 in
1620 3101 1905 3155 editionem
1927 3116 2079 3153 suam
2110 3100 2352 3155 asciverit
2371 3140 2386 3165 ,
2417 3103 2706 3170 prazsertim
2731 3142 2744 3165 ,
2777 3118 2895 3155 cum
2934 3112 2984 3156 et
3011 3104 3148 3158 illud
3171 3108 3376 3160 incom-

153 3194 271 3246 modi
299 3193 586 3258 accederet,
621 3193 784 3264 quod,
816 3208 932 3246 cum
960 3192 1116 3246 verba
1148 3201 1315 3246 textus
1343 3191 1400 3246 S.
1439 3191 1674 3260 Dionysii
1704 3192 1844 3245 circa
1876 3209 1990 3262 quw
2022 3191 2226 3246 scholia
2252 3201 2548 3256 versantur,
2576 3195 2734 3260 plane
2780 3195 2954 3257 aliter,
3008 3199 3374 3264 utplurimum,

156 3301 194 3336 σε
215 3286 435 3341 habeant
467 3287 523 3341 in
551 3287 714 3339 hacce
743 3285 974 3339 versione
1001 3280 1374 3347 Lansseliana,
1405 3293 1563 3352 quam
1589 3284 1644 3336 in
1673 3281 2021 3346 Corderiana,
2051 3286 2156 3338 ima
2177 3294 2226 3338 et
2253 3301 2626 3355 nonnunquam
2657 3285 2918 3340 diversum
2949 3291 3160 3343 omnino
3188 3292 3376 3358 prwfe.

156 3394 216 3432 rat
248 3398 491 3442 sensum;
520 3381 738 3434 nonnisi
774 3379 1078 3449 difﬁcillime
1120 3397 1151 3432 a
1187 3380 1376 3432 lectore
1401 3376 1598 3433 Graecae
1636 3378 1830 3448 lingua:
1858 3380 2043 3447 ignara
2069 3377 2380 3445 deprehendi
2416 3387 2605 3446 potest,
2635 3379 2702 3431 ad
2735 3397 2891 3448 quam
2917 3390 3121 3449 partem
3145 3382 3376 3450 ejusdem

161 3484 300 3525 textus
330 3476 542 3544 singula
571 3472 777 3526 scholia
806 3473 1099 3541 pertineant
1125 3487 1140 3524 :
1171 3481 1299 3526 eteo
1328 3472 1406 3526 vel
1443 3473 1668 3526 maxime
1697 3470 1833 3540 quod
1869 3470 2323 3541 paragraphorum
2362 3470 2414 3522 in
2440 3487 2567 3541 quos
2596 3473 2771 3539 capita
2801 3471 2970 3525 divisa
2999 3483 3120 3526 sunt
3152 3476 3207 3527 in
3237 3473 3373 3528 Cor--

157 3570 348 3621 ceriaria
380 3578 553 3623 textus
582 3568 643 3624 S.
680 3567 925 3636 Dionysii
957 3569 1210 3630 versione,
1237 3583 1483 3621 numerus
1508 3569 1564 3620 in
1584 3565 1936 3619 Lansseliana
1962 3565 2281 3619 scholiorum
2305 3565 2556 3628 versione,
2599 3575 2751 3634 atque
2782 3565 2834 3618 in
2867 3565 3164 3621 Parisiensi
3185 3567 3379 3624 editio-

159 3679 205 3716 ne
218 3665 368 3732 plane
390 3666 621 3719 omissus
647 3657 718 3717 sit
741 3678 759 3716 :
786 3662 1119 3733 quamobrem
1142 3663 1445 3716 earumdem
1473 3662 1793 3716 scholiorum
1827 3677 1953 3715 usus
1980 3661 2192 3714 nonnisi
2220 3659 2649 3730 impeditissimus
2672 3675 2782 3713 esse
2811 3669 2999 3728 potest.
3043 3659 3084 3711 Η
3095 3676 3168 3713 wc
3189 3661 3266 3712 ita
3297 3670 3378 3710 me

159 3764 511 3818 permacerant,
543 3763 601 3808 ut
631 3770 822 3822 parum
853 3753 1079 3822 abfuerit
1102 3753 1227 3822 quin
1257 3753 1384 3821 ipse,
1407 3751 1601 3820 rejecta
1632 3751 1774 3806 dicta
1796 3751 2059 3805 Lansselii
2087 3745 2406 3804 scholiorum
2453 3749 2511 3803 8.
2547 3748 2772 3803 Maximi
2806 3751 3058 3813 versione,
3091 3750 3376 3805 Corderia-n

157 3860 256 3896 nam
279 3853 577 3900 earumdem
604 3847 896 3900 versionem
911 3846 1072 3914 juxta
1093 3843 1374 3898 editionem
1402 3842 1834 3912 Antuerpiensem
1855 3843 2073 3896 editioni
2101 3858 2228 3896 mea:
2268 3843 2565 3895 insererent.
2595 3838 2702 3894 Nec
2732 3841 2910 3894 deerat
2939 3844 3017 3895 vir
3049 3841 3256 3905 doctus,
3288 3841 3379 3910 qui

156 3935 284 3989 hocce
313 3939 436 3992 mihi
464 3939 749 3993 consilium
780 3936 960 3999 daret;
990 3937 1176 4006 quique
1212 3945 1465 3990 orwterea
1496 3936 1742 4000 addebat,
1774 3937 1869 3990 hoc
1894 3936 2155 4004 postulari
2209 3934 2273 3986 ab
2314 3933 2693 4001 uniformitatis
2726 3935 2928 3988 ratione
2957 3934 3094 4003 (qua:
3124 3935 3178 3986 in
3205 3932 3378 4002 quoli‘

158 4026 215 4079 bet
246 4045 404 4096 opere,
439 4047 560 4082 cum
592 4031 714 4098 ﬁeri
742 4038 932 4099 potest,
960 4026 1216 4083 servanda
1239 4029 1360 4096 est),
1389 4039 1443 4080 ut
1474 4029 1703 4098 ejusdem
1737 4029 1966 4082 auctoris
1995 4036 2126 4082 esset
2171 4037 2280 4078 tum
2310 4027 2474 4079 versio
2500 4035 2669 4080 textus
2697 4023 3064 4094 Areapagitici,
3087 4034 3196 4077 tum
3228 4026 3378 4078 scho-

157 4119 323 4175 liorum
353 4141 473 4192 quae
501 4126 555 4177 in
577 4125 752 4191 ipsum
773 4125 1074 4192 conscripta
1098 4131 1240 4177 sunt.
1274 4122 1452 4188 Quare
1479 4132 1528 4175 et
1555 4124 1768 4192 rejicere
1791 4121 2042 4175 suadebat
2069 4120 2496 4174 Tilmannianam
2528 4118 2865 4189 Pachymera:
2888 4119 3287 4187 Paraphraseos
3319 4120 3376 4173 in

154 4215 401 4285 Epistolas
433 4217 495 4272 S.
525 4217 773 4287 Dionysii
803 4217 1087 4269 versionem
1125 4231 1220 4283 pro
1253 4214 1581 4269 Corderiana
1612 4216 1869 4276 ascitum,
1912 4230 2028 4266 cum
2064 4211 2417 4279 Paraphrases
2461 4211 2693 4279 ejusdem
2735 4212 3075 4282 Pachymera:
3124 4214 3177 4265 in
3213 4211 3378 4266 libros

153 4307 194 4362 S.
223 4288 486 4381 Dionysii,
512 4312 620 4364 ima
653 4320 705 4364 et
726 4309 927 4363 scholia
955 4308 1014 4364 S.
1043 4308 1267 4362 Maximi
1299 4309 1353 4360 in
1380 4310 1588 4362 easdem
1618 4308 1910 4376 Epistolas,
1951 4309 2058 4360 sint
2080 4321 2145 4360 ex
2167 4303 2409 4360 Corderii
2452 4308 2703 4362 versione.
2733 4308 3027 4374 Quominus
3060 4317 3231 4361 tamen
3255 4306 3375 4359 huic

152 4402 352 4456 consilio
383 4403 773 4473 acquiescerem
799 4402 888 4472 (an
911 4413 1070 4465 recte,
1104 4401 1352 4471 benignus
1381 4400 1569 4455 Lector
1585 4400 1849 4469 judicium
1875 4399 2027 4469 feret)
2057 4398 2159 4451 duo
2188 4398 2521 4467 potissimum
2552 4400 2604 4452 in
2643 4417 2806 4453 causa
2835 4401 2999 4468 fuere.
3046 4399 3285 4452 Primum
3316 4413 3394 4452 ne

147 4494 329 4548 viderer
358 4497 502 4550 data:
535 4495 747 4563 publica
777 4495 901 4564 ﬁdei
923 4495 1102 4564 aliqua
1128 4496 1179 4548 in
1213 4504 1362 4562 parte
1384 4493 1593 4558 deesse;
1622 4497 1876 4564 siquidem
1906 4494 1957 4547 in
1991 4510 2069 4546 me
2096 4507 2410 4560 receperam,
2442 4492 2610 4561 Opera
2643 4495 2701 4550 S.
2728 4494 2972 4563 Dionysii
2996 4494 3148 4562 juxta
3177 4501 3377 4560 postre-

149 4603 278 4638 mam
309 4587 678 4643 Parisiensem
703 4587 1005 4647 editionem.
1038 4603 1196 4656 quam
1219 4586 1423 4639 creteris
1451 4578 1747 4653 prcecellere
1769 4587 2059 4640 communis
2093 4590 2366 4653 persuasio
2396 4599 2494 4651 est,
2520 4586 2798 4648 rec‘udere;
2829 4587 3072 4648 alterum,
3103 4583 3240 4654 quod
3280 4579 3376 4634 ad-

141 4677 340 4732 modum
372 4680 626 4735 credibile
646 4679 772 4732 mihi
797 4677 1075 4741 videretur,
1108 4677 1465 4730 Parisiensem
1491 4676 1762 4738 editorem,
1790 4694 1907 4730 cum
1935 4693 1999 4731 ex
2024 4678 2223 4746 duplici
2253 4679 2497 4745 editione,
2551 4679 2903 4733 Lansseliana
2933 4678 3131 4731 scilicet
3161 4685 3208 4729 et
3243 4674 3381 4729 Cora

138 4767 370 4835 deriana,
394 4791 554 4828 suam
585 4773 820 4840 conflare
846 4771 1028 4833 vellet,
1064 4771 1282 4824 meliora
1316 4785 1378 4822 ac
1406 4770 1617 4838 potiora
1645 4770 1920 4839 selegisse,
1950 4785 2251 4840 quanquam
2280 4772 2435 4826 aliter
2463 4773 2623 4826 alicui
2647 4771 2926 4825 videretur.
2972 4765 3180 4822 Idcirco
3218 4777 3382 4836 neque

139 4858 449 4916 omittendas
481 4863 664 4916 censui
685 4870 835 4915 natas
870 4859 1128 4913 Lansselii
1159 4870 1268 4912 tum
1293 4861 1346 4912 in
1371 4859 1569 4912 dictam
1605 4859 1938 4929 Pachymera'
1959 4862 2354 4932 Paraphrasim,
2387 4874 2495 4918 tum
2524 4865 2578 4917 in
2604 4863 2668 4918 B.
2701 4864 2938 4932 Dionysii
2986 4862 3162 4916 Vitam
3193 4851 3382 4932 aSyna‘

137 4953 236 5015 gelo
270 4956 654 5022 conscriptam,
683 4961 734 5006 et
763 4953 816 5005 in
845 4951 1078 5020 ejusdem
1109 4947 1429 5020 Martyrium
1459 4966 1477 5003 :
1505 4958 1805 5021 quanquam
1834 4951 1943 5005 hazc
1977 4955 2154 5007 omnia
2182 4955 2346 5009 videri
2384 4955 2547 5010 alicui
2573 4964 2783 5023 possent
2814 4957 3027 5010 minime
3056 4955 3375 5016 necessaria,

134 5060 187 5094 ac
208 5044 444 5112 fortasse
471 5063 565 5099 nec
591 5045 749 5097 utilia
810 5045 890 5114 (ut
917 5045 1047 5097 talia
1079 5045 1189 5096 visa
1221 5043 1364 5111 fuere
1391 5040 1665 5106 Corderio,
1717 5042 1826 5112 qui,
1874 5059 1992 5095 cum
2025 5045 2206 5114 viginti
2235 5048 2441 5100 circiter
2470 5049 2622 5101 annis
2651 5055 2767 5116 post
2804 5046 3157 5110 Lansselium,
3187 5047 3376 5101 editio-

133 5151 240 5188 nem
275 5154 438 5191 suam
465 5137 904 5205 Antuerpiense’m
935 5144 1177 5198 curaret,
1219 5151 1281 5186 ea
1301 5135 1480 5187 omnia
1506 5129 1727 5198 omisit).
1741 5133 2102 5188 Nihilominus
2144 5137 2251 5203 ipse
2282 5138 2449 5191 satius
2479 5136 2629 5200 duxi,
2663 5138 3050 5207 aliquantulum
3086 5136 3374 5197 abundare,

129 5243 287 5293 quam
325 5231 381 5282 in
413 5230 528 5283 ulla
568 5246 643 5290 re,
676 5246 791 5298 qua:
818 5247 849 5282 a
871 5244 1130 5299 quoquam
1163 5226 1456 5281 desiderari
1495 5237 1690 5296 posset,
1740 5226 1935 5280 deesse.
1987 5227 2232 5281 Attamen
2261 5244 2377 5281 cum
2422 5245 2684 5281 summum
2708 5247 2786 5284 me
2813 5229 3128 5284 desiderium
3163 5237 3374 5295 teneret,

127 5322 482 5390 perfectioris,
513 5333 772 5394 quantum
808 5323 924 5392 ﬁeri
957 5331 1152 5392 posset,
1184 5319 1460 5373 reddenda:
1491 5319 1647 5388 hujus
1670 5319 1916 5374 editionis
1938 5337 2084 5383 meae,
2112 5320 2306 5375 idcirco
2337 5323 2504 5375 virum
2526 5322 2759 5387 doctum,
2791 5323 2878 5392 qui
2910 5339 2988 5376 me
3015 5321 3078 5376 de
3102 5321 3180 5373 his
3207 5320 3376 5374 omni-

128 5408 216 5464 bus
248 5423 560 5478 monuerat,
591 5415 797 5483 rogavi,
848 5424 904 5467 ut
965 5413 1230 5482 defectui-,
1265 5429 1416 5483 quem
1458 5413 1527 5483 in.
1556 5410 1906 5465 Lansseliana
1937 5412 2257 5466 scholiorum
2287 5413 2344 5468 8.
2378 5413 2606 5467 Maximi
2645 5415 2878 5467 versione
2908 5411 3376 5479 animadverterat,

129 5504 234 5569 ipse
257 5507 600 5562 mederetur:
622 5505 759 5575 quod
789 5518 1045 5577 utcunque
1065 5506 1371 5574 impetravi:
1404 5521 1527 5558 nam
1550 5503 1705 5558 verba
1733 5512 1904 5558 textus
1929 5503 1985 5559 S.
2024 5504 2287 5577 Dionysii,
2314 5507 2458 5560 circa
2485 5523 2601 5576 qua:
2625 5506 2829 5561 scholia
2855 5513 3146 5575 versantur,
3171 5506 3239 5560 ad
3258 5523 3344 5561 ver
3361 5533 3376 5546 ε

199 5684 278 5754 (ι)
311 5687 698 5810 ἓάάὶεαὲιεηεα
733 5702 761 5740 a
789 5689 1218 5745 correctionibus
1250 5696 1303 5744 et
1332 5687 1499 5742 variis
1523 5684 1851 5742 lectionibus
1880 5685 2231 5743 distinximus
2259 5695 2312 5743 et
2344 5689 2485 5743 inter
2513 5704 2682 5744 uncos
2715 5690 2891 5758 posita
2923 5689 3094 5745 textui
3141 5689 3368 5745 inserui-

199 5770 272 5810 .Ls.
362 5773 474 5810 nn.
555 5771 684 5810 nn.

129 5765 272 5810 mus.
313 5765 474 5814 EDI‘I'.
509 5765 684 5810 ΡΔΤΒ.

457 5875 736 5932 ΡΑτκοι..
764 5875 877 5934 Gn.
923 5876 1032 5939 IV.
3028 5877 3058 5932 1
