3860 6530
503 359 560 417 Η
1194 347 1535 404 APPENDIX
1567 347 1656 402 AD
1689 345 1915 402 OPERA
1957 345 2013 400 S.

2218 345 2342 402 YSII
2379 345 2863 404 AREOPAGITJ.
3669 351 3739 410 12

502 475 700 528 sionem
727 470 1108 528 Corderianam
1137 467 1431 529 revocavit;
1479 467 1556 519 ita
1585 473 1757 518 tamen
1798 473 1879 526 ut,
1913 463 2001 516 ubi
2031 462 2234 517 scholia
2275 480 2446 517 vocem
2482 462 2715 534 aliquam
2747 465 2987 520 Grarcam
3024 475 3357 537 exponerent,
3388 470 3496 538 ipse
3523 467 3742 526 Latina!

503 563 845 618 Corderiana:
883 561 1108 617 versioni
1131 575 1303 613 vocem
1329 559 1563 613 eamdem
1596 556 1775 611 Gra’ce
1797 556 2125 626 adjungeret,
2155 558 2427 626 prwmisso
2458 556 2574 622 Gr.,
2607 558 2702 613 hoc
2723 569 2799 614 est
2831 559 3037 624 Grarce;
3070 572 3127 616 ut
3156 573 3336 617 notum
3367 563 3512 632 fieret
3531 563 3740 630 lectori,

506 660 561 713 in
590 659 727 712 vocis
768 655 964 711 Graeca:
992 655 1040 708 vi
1068 662 1221 724 atque
1253 652 1464 724 energia
1493 650 1805 720 explicanda
1827 649 2083 703 scholium
2113 649 2247 704 illud
2287 651 2437 704 unice
2479 652 2556 705 vel
2591 653 2851 722 prmeipue
2876 654 3124 722 impendi.
3161 655 3426 710 Prwterea
3447 659 3739 713 versionem

503 769 674 822 ipsam
701 752 841 818 haud
870 749 1215 819 infrequenter
1236 787 1250 812 ,
1282 747 1372 801 ubi
1417 747 1702 800 necessitas
1742 745 1916 814 major
1937 743 2233 806 videbatur,
2266 746 2490 800 correxit
2516 763 2534 800 :
2564 746 3055 816 interpunctionem,
3079 766 3195 820 qua:
3223 751 3572 806 vitiosissima
3599 763 3738 818 erat,

507 844 795 900 emendavit
815 857 834 895 :
861 859 922 894 ac
960 840 1167 894 demum
1199 855 1473 892 numerum
1509 839 1731 908 singulis
1750 837 2098 907 paragraphis
2125 837 2393 906 adjunxit,
2425 855 2524 909 quo
2552 839 2764 908 facilius
2795 841 2957 894 lector
2983 843 3266 909 comperire
3287 853 3458 914 posset
3484 845 3556 897 ad
3579 859 3739 916 quam

502 949 701 1005 partem
728 943 898 990 textus
927 933 1128 988 scholia
1158 933 1366 1004 singula
1390 933 1724 1000 pertinerent.
1761 931 1913 997 Quot,
1943 932 1996 984 ni
2028 919 2223 1000 fallor,
2242 932 2384 985 haud
2407 933 2667 987 modicum
2699 934 2898 988 addunt
2923 935 3143 990 editioni
3163 937 3286 991 huic
3307 956 3434 993 mea:
3451 956 3746 994 ornamen-x

505 1043 633 1097 tum,
666 1033 770 1086 imo
813 1040 861 1085 et
906 1030 1331 1085 emolumentum.
1369 1027 1593 1096 Maioris
1625 1036 1797 1080 tamen
1825 1026 2050 1095 fortasse
2077 1027 2192 1097 quis
2226 1027 2426 1096 fecerit,
2474 1045 2590 1098 qua:
2628 1029 2747 1083 huic
2782 1041 2919 1083 tome
2969 1032 3220 1085 accedunt
3246 1048 3312 1086 ea:
3339 1035 3448 1087 alio
3480 1049 3620 1102 penu
3649 1034 3741 1088 de—

500 1135 740 1195 prompta
788 1123 1186 1178 Additamento.
1237 1119 1437 1174 Notum
1489 1129 1568 1174 est
1619 1119 1782 1181 omni,
1826 1119 1917 1187 qui
1954 1119 2266 1173 eruditionis
2313 1120 2584 1190 quidpiam
2615 1124 2872 1192 attigerit,
2919 1134 3116 1192 quanta
3143 1132 3192 1178 et
3219 1143 3252 1178 a
3279 1136 3478 1196 quanto
3509 1137 3741 1196 tempore

458 1222 468 1296 ι
510 1218 703 1288 ferveat
733 1216 798 1270 de
818 1215 1300 1290 Areopagiticorum
1341 1212 1569 1282 Operum
1598 1219 1809 1264 auctore
1832 1212 2184 1266 controversia
2206 1227 2226 1264 :
2253 1229 2551 1282 quanquam
2581 1215 2718 1268 enim
2759 1214 3006 1269 hodierno
3038 1226 3261 1284 tempore
3290 1218 3343 1270 in
3367 1218 3739 1286 abjudicandis

461 1375 464 1386 Ι
501 1326 687 1380 magno
717 1309 798 1362 illi
819 1308 1069 1378 Dionysio
1099 1305 1353 1374 Operibus
1379 1304 1521 1358 hisce
1547 1303 1742 1358 eruditi
1772 1303 1934 1372 ferme
1965 1305 2313 1366 consentiant,
2334 1321 2435 1356 non
2457 1304 2644 1358 desunt
2673 1313 2844 1360 tamen
2873 1305 3172 1370 hodiedum,
3206 1310 3297 1378 qui
3322 1325 3416 1377 pro
3441 1310 3548 1363 illis
3572 1310 3739 1366 eidem

500 1402 825 1456 vindicandis
844 1400 1295 1470 libenter-pugnent
1314 1413 1332 1462 ,°
1348 1407 1398 1454 et
1411 1397 1524 1462 alii,
1537 1395 1722 1468 quibus
1749 1396 1935 1450 saltem
1951 1412 2114 1449 causa
2137 1395 2248 1450 hac
2269 1397 2409 1450 haud
2428 1399 2638 1451 omnino
2653 1397 2927 1467 deplorata
2941 1415 3028 1453 seu
3041 1399 3317 1468 desperata
3330 1401 3588 1458 videatur.
3606 1401 3740 1459 Cum

500 1496 661 1563 igitur
689 1510 978 1564 anonymus
1009 1492 1222 1561 quidam
1247 1501 1432 1545 auctor
1461 1487 1647 1543 Gallus
1679 1488 1924 1558 opellam,
1971 1491 2058 1543 cui
2085 1489 2271 1543 titulus
2303 1499 2411 1548 est.
2446 1489 2730 1544 Problema
2760 1490 2826 1544 de
2852 1491 3120 1561 Operibus
3145 1493 3204 1549 S.
3238 1493 3486 1565 Dionysii
3514 1497 3742 1551 nomine

500 1587 796 1656 inscriptis,
827 1587 1000 1655 patrio
1029 1601 1264 1639 sermone
1291 1583 1695 1647 elucubraverit,
1729 1584 1782 1636 in
1811 1600 1916 1654 qua
1945 1584 2214 1655 utriusque
2241 1584 2412 1652 partis
2454 1584 2684 1637 rationes
2731 1595 2784 1638 et
2830 1596 3138 1655 argumenta
3185 1589 3589 1644 accuratissime
3615 1607 3741 1661 pro-

500 1681 647 1749 ponit
683 1679 783 1746 (2),
803 1678 920 1732 hinc
949 1695 1054 1732 rem
1089 1677 1325 1732 omnibus
1351 1686 1560 1748 gratam
1593 1693 1672 1729 me
1693 1675 1961 1745 facturum
1977 1677 2175 1744 putavi,
2199 1678 2244 1729 si
2265 1693 2380 1729 eam
2406 1676 2591 1730 Latine
2613 1694 2815 1731 versam
2831 1679 3046 1733 editioni
3068 1678 3188 1732 huic
3208 1698 3336 1735 mete
3349 1682 3690 1754 adjungerem
3717 1704 3738 1742 :

505 1771 626 1826 inde
646 1774 782 1826 enim
806 1773 993 1840 poterit
1023 1773 1238 1842 quisque
1259 1771 1394 1826 hanc
1422 1769 1673 1825 celebrem
1699 1786 1914 1825 causam
1947 1771 2194 1839 penitius,
2224 1771 2426 1824 modico
2462 1787 2579 1824 cum
2609 1771 2804 1836 labore,
2849 1785 3170 1843 perspectam
3193 1775 3380 1830 habere
3407 1795 3624 1848 eamque
3651 1779 3737 1832 di-

500 1864 758 1928 iudicare.
785 1863 1011 1935 Longius
1043 1880 1337 1932 processere
1361 1865 1623 1927 nonnulli,
1653 1873 1709 1917 ut
1743 1864 1980 1919 videlicet
2012 1882 2114 1919 non
2145 1863 2316 1918 solunt
2342 1865 2708 1936 Areopagitica
2738 1866 2909 1937 Opera
2942 1885 3131 1938 magno
3173 1869 3429 1940 Dionysio
3460 1871 3736 1940 abjudica—

501 1967 636 2021 rent,
670 1957 758 2012 sed
785 1959 946 2012 etiam
980 1959 1278 2013 earumdem
1310 1967 1577 2014 auctorem
1607 1959 1860 2014 hcereseos
1893 1960 2008 2012 labe
2036 1961 2285 2029 infectum
2323 1961 2486 2031 fuisse
2532 1960 2918 2016 contenderent.
2955 1960 3106 2016 Inter
3130 1971 3345 2016 cteteros
3376 1961 3608 2016 Michael
3647 1963 3738 2016 Le-

499 2052 738 2121 quienus.
767 2049 967 2104 ordinis
994 2049 1436 2117 Prtedicatorum,
1467 2053 1546 2106 vir
1571 2067 1698 2105 sane
1722 2051 2060 2105 doctissimus
2088 2061 2137 2105 et
2167 2051 2576 2115 eruditissimus,
2599 2051 2802 2104 nullum
2835 2069 2937 2106 non
2957 2052 3182 2120 lapidem
3201 2053 3358 2106 movit
3386 2053 3446 2106 in
3473 2053 3740 2107 Disserta-

500 2144 637 2196 tione
675 2141 1055 2196 Damascenica
1076 2145 1335 2208 secunda,
1367 2155 1423 2197 ut
1466 2145 1639 2214 ipsum
1677 2143 2154 2214 Eutychianorum,
2182 2161 2272 2197 seu
2293 2133 2794 2214 'Honophysitarum
2824 2142 3090 2197 erroribus
3135 2141 3405 2197 addictum
3432 2145 3618 2214 fuisse,
3647 2146 3726 2199 de-

497 2243 838 2291 monstraret.
883 2235 1091 2298 Verum,
1129 2247 1184 2290 ut
1210 2247 1288 2291 est
1317 2238 1578 2306 prteclara
1603 2238 1716 2308 ejus
1757 2237 1959 2291 ordinis
1990 2236 2085 2291 dos
2108 2280 2122 2304 ,
2161 2247 2220 2290 ut
2246 2238 2538 2302 veritatem,
2569 2252 2687 2289 cum
2711 2252 2838 2304 opus
2865 2237 3044 2306 fuerit,
3077 2253 3178 2290 non
3206 2237 3378 2290 minus
3404 2247 3584 2290 contra
3611 2252 3734 2291 suos

496 2347 655 2401 quam
683 2339 866 2382 contra
897 2328 1030 2383 alios
1057 2339 1287 2396 tueatur,
1317 2346 1382 2385 ea:
1412 2330 1590 2385 eodem
1613 2330 1796 2386 ordine
1826 2331 2042 2400 prodiit,
2061 2333 2152 2402 qui
2179 2329 2516 2401 Lequienum,
2541 2339 2597 2384 ut
2627 2339 2684 2383 ut
2715 2331 2881 2383 virum
2914 2329 3444 2399 perspicacissimum,
3476 2329 3573 2382 hac
3602 2329 3652 2381 in
3683 2345 3738 2382 re

496 2425 766 2494 deceptum
787 2442 899 2483 esse
927 2426 1192 2495 probaret,
1233 2435 1386 2496 atque
1415 2425 1453 2478 Α
1466 2426 1906 2496 reopagiticorum
1938 2426 2172 2480 auctaris
2203 2425 2572 2480 orthodoxiam
2603 2435 2789 2480 contra
2819 2425 2993 2494 ipsum
3021 2423 3344 2478 validissime
3367 2432 3734 2494 propugnaret.

500 2519 556 2574 Is
585 2531 663 2576 est
686 2522 1050 2578 celeberrimus
1083 2521 1149 2577 P.
1181 2521 1489 2576 Bernardus
1521 2520 1599 2578 Μ.
1622 2520 1686 2576 de
1717 2521 1908 2576 Rubeis
1930 2561 1946 2585 ,
1981 2522 2133 2591 cujus
2165 2521 2263 2574 hac
2293 2521 2357 2575 de
2390 2539 2446 2576 re
2473 2521 2908 2576 Dissertationem
2946 2529 3198 2590 tanquam
3228 2519 3454 2572 nobilem
3494 2519 3609 2572 huic
3630 2516 3735 2570 edi-

497 2615 628 2668 tioni
660 2633 786 2671 mete
821 2615 1155 2683 caronidem,
1186 2626 1448 2684 postremo
1483 2615 1598 2668 loco
1625 2629 1850 2683 appono.
1896 2612 1980 2666 Ex
2018 2614 2099 2668 his
2135 2613 2378 2667 omnibus
2408 2611 2542 2665 illud
2583 2611 2676 2666 tibi
2705 2612 2858 2667 modo
2882 2610 3198 2681 persuadeas
3223 2610 3396 2673 velim,
3425 2609 3614 2676 optime
3642 2605 3736 2660 Le—

496 2717 632 2771 ctor,
660 2725 740 2764 me
766 2724 966 2777 semper
994 2723 1205 2778 operam
1233 2707 1482 2761 daturum
1505 2723 1662 2778 quam
1687 2716 1867 2775 potero
1915 2704 2229 2768 maximam,
2258 2711 2316 2756 ut
2344 2718 2664 2774 quaecunque
2685 2701 2914 2757 Patrum
2945 2701 3232 2755 aliorumve
3259 2708 3535 2753 auctorum
3574 2696 3734 2766 Opera

496 2801 791 2857 recudenda
819 2819 1114 2872 suscepero,
1139 2819 1203 2856 ea
1227 2819 1292 2856 ex
1313 2801 1657 2874 tgpographia
1682 2817 1797 2855 mea
1819 2801 2096 2855 ornatiora
2118 2810 2169 2854 et
2189 2798 2500 2868 perfectiora
2529 2814 2688 2868 quam
2717 2807 2874 2852 antea
2909 2797 3142 2863 fuerant,
3167 2795 3446 2866 prodeant.
3485 2793 3632 2848 Vale.

567 3044 643 3113 (2)
665 3043 796 3109 Quae
819 3044 874 3097 in
896 3043 998 3098 hoc
1017 3041 1357 3098 Problemate
1410 3058 1508 3113 pro
1562 3041 2060 3113 Areopagiticorum
2162 3039 2365 3113 tionem
2394 3046 2541 3093 tomo
2580 3038 2756 3110 primo
2795 3037 2853 3096 S.
2885 3035 3132 3113 Dionysii
3183 3051 3589 3113 praemisimus;
3631 3051 3740 3090 non

497 3107 772 3168 auxiliantia
814 3125 907 3168 aut
957 3121 1150 3166 contra
1190 3107 1578 3183 genuiniiatem
1629 3107 1816 3183 eorum
1850 3111 2058 3180 prolixe
2160 3120 2244 3165 est
2272 3110 2440 3180 igitur
2461 3125 2562 3164 cur
2581 3107 3056 3183 argumentaluse
3082 3107 3200 3180 jaui
3225 3110 3474 3179 exposita
3497 3121 3625 3183 cum
3650 3121 3740 3160 au-

497 3184 792 3239 admodum
839 3185 1116 3254 congessit.
1163 3173 1372 3254 unctae
1399 3197 1724 3254 anonymus,
1754 3173 1865 3254 jani
1900 3193 2057 3236 antea
2161 3173 2321 3254 ctoré
2337 3193 2609 3254 anonymo
2632 3173 2831 3236 iferum
2860 3178 2927 3233 ad
2947 3173 3179 3236 examen
3207 3173 3555 3236 revocamus.
3581 3173 3737 3232 Evn.

497 3250 1060 3336 egregietractavérat
1082 3252 1150 3336 R:
1174 3253 1233 3308 P.
1259 3253 1320 3310 D.
1335 3252 1427 3336 ,με
1447 3250 1764 3336 Νούιτζβη
1791 3253 2060 3336 apparatu
2167 3250 2340 3308 Pun.

499 3321 566 3380 ad
589 3321 968 3382 Bibliothecam
1006 3325 1293 3380 maximam
1327 3323 1571 3380 Patrum.
1624 3321 1758 3395 Ejus
1796 3321 2061 3378 Disserta-
