3860 6552
507 383 575 438 15
1277 370 1619 427 APPENDIX
1652 369 1742 424 AD
1775 367 2002 426 OPLBA
2035 367 2094 424 5.

2167 365 2430 423 ιιοΝγειι
2469 365 2956 423 ΑΒΕΟΡΛΟΙΤᾸΞ.
3647 369 3734 426 ἰδ

543 516 3724 558 5mm,

748 589 1271 872 ΤΟΥ
1361 655 2165 868 ΑΓΙΟΥ
2257 535 3722 864 ΜΑΞΠιῖὁῖΓ

1651 1006 2596 1183 ΠΡΟΑΟΓΟΣ

1241 1303 1412 1388 ΕΙΣ
1475 1303 1619 1386 ΤΑ
1669 1296 1896 1384 ΤΟΥ
1959 1294 2294 1379 ΑΓΙΟΥ
2359 1288 2983 1377 ΔΙΟΝΥΣΙΟΥ.

1367 1617 1736 1779 SAN
1745 1620 2050 1774 ΟΤΙ
2087 1485 2838 1770 _MAXIMI

1165 2057 1168 2060 ,
1743 1903 2484 2024 PROLOGUS

1239 2152 1362 2243 IN
1439 2149 1834 2245 OPEBA
1906 2146 2321 2236 SANCTI
2402 2141 2966 2236 DION-YSII‘

1616 2345 1970 2424 Interprete
2005 2343 2189 2403 Petro
2224 2337 2580 2400 Lansselio.

555 2637 901 2708 Nobilitatem
919 2643 1358 2720 magniDionysii
1379 2653 1542 2718 atque
1570 2643 1627 2700 in
1655 2641 1860 2700 divitiis
1885 2643 2067 2712 splen—

2239 2638 2349 2708 Τὴν
2380 2638 2476 2706 μὲν
2506 2635 2804 2704 εὐγένειαν,
2837 2635 2898 2689 τό
2918 2653 2976 2689 τε
3001 2634 3294 2708 περιφανὲς
3321 2636 3379 2690 ἐν
3409 2636 3622 2710 πλούτῳ
3651 2653 3742 2711 με.

485 2741 696 2805 dorem,
727 2739 879 2796 solus
905 2739 1022 2809 ipse
1051 2738 1468 2793 Atheniensium
1492 2743 1742 2799 senatus,
1777 2735 1832 2788 in
1865 2748 1975 2803 quo
2008 2741 2068 2785 ut

2169 2729 2334 2800 γάλου
2362 2729 2636 2782 Διονυσίου
2665 2727 2758 2782 καὶ
2799 2729 2956 2800 μόνον
2990 2731 3121 2784 αὐτὸ
3149 2731 3210 2784 τὸ
3243 2731 3382 2785 κατά
3431 2731 3740 2804 Ἀθηναίους

485 2832 776 2887 consilium
800 2829 955 2885 daret
989 2829 1198 2884 electus
1227 2836 1331 2893 est,
1359 2834 1715 2898 repraesentat
1747 2845 1760 2881 :
1795 2824 2066 2894 siquidem

483 2923 938 2995 Areopagitarum
965 2937 1107 2976 unus
1128 2921 1218 2976 hic
1247 2927 1384 2985 erat,
1411 2921 1555 2976 sicut
1585 2920 1804 2975 divinus
1819 2917 2066 2972 declara-

483 3014 560 3068 vit
622 3012 840 3078 Lucas,
889 3012 1018 3067 dum
1071 3019 1262 3067 sancta
1322 3019 1639 3066 sanctorum
1691 3007 2065 3080 apostolorum

480 3113 633 3175 gesta
678 3111 932 3166 enarrat;
973 3117 1098 3157 cum
1152 3103 1299 3157 enim
1353 3100 1583 3157 dixisset
1654 3098 2064 3154 sanctissimum

484 3196 798 3268 apostolum
831 3193 1057 3248 Paulum
1082 3193 1310 3248 Athenis
1344 3201 1616 3264 agentem,
1644 3207 1708 3245 ac
1733 3189 1914 3245 verbis
1938 3203 2063 3243 cum

484 3288 812 3360 quibusdam
867 3286 1208 3358 philosophis
1225 3285 1532 3356 Epicureis,
1580 3298 1682 3340 nec
1714 3299 1825 3338 non
1863 3280 2064 3336 Stoicis

478 3381 893 3454 conﬂigentem,
939 3388 1104 3451 atque
1163 3378 1323 3434 ﬁdem
1390 3378 1444 3432 in
1475 3376 1766 3432 Dominum
1810 3382 2061 3430 nostrum

477 3471 663 3528 Jesuin
720 3470 1027 3534 Christum,
1089 3479 1430 3524 mortuorum
1473 3467 1957 3529 resurrectionem,
2009 3472 2063 3518 et

477 3563 744 3634 judicium
771 3561 1087 3618 universale
1139 3560 1581 3622 annuntiantem,
1632 3575 1662 3612 a
1705 3557 2062 3628 phiIOSOphiae

475 3656 794 3726 expertibus
856 3655 1000 3721 (nec
1043 3654 1190 3708 enim
1235 3667 1425 3708 revera
1486 3661 1643 3707 erant
1704 3649 2060 3721 philosOphi)

475 3747 967 3816 comprehensum,
1023 3753 1188 3814 atque
1247 3744 1317 3798 ad
1376 3742 1723 3814 Areopagum
1765 3742 2059 3797 deductum

475 3839 666 3902 fuisse,
699 3853 763 3892 ac
793 3837 1180 3894 concionatum
1205 3852 1236 3891 e
1265 3837 1495 3906 vestigio
1529 3835 1794 3906 quosdam
1823 3836 2055 3905 cepisse,

2171 2821 2567 2893 βουλευτήριον,
2617 2821 2738 2874 καθ’
2782 2822 2810 2874 ὃ
2863 2821 3134 2892 βουλεύειν
3173 2823 3364 2896 ᾑρέθη,
3426 2825 3735 2896 παρίστησι.

2167 2914 2286 2967 Τῶν
2315 2913 2424 2985 γὰρ
2469 2914 2871 2984 Ἀρεοπαγιτῶν
2902 2910 2982 2978 εἷς
3022 2915 3318 2986 ἐτύγχανεν
3377 2910 3554 2982 οὗτος,
3614 2917 3687 2980 ὠς
3716 2918 3742 2968 ὁ

2168 3005 2309 3070 θεῖος
2341 3005 2577 3076 ἐδήλωσε
2607 3007 2839 3069 Λουκᾶς,
2876 3005 3104 3078 ἱστορῶν
3137 3007 3237 3071 τὰς
3275 3009 3385 3061 τῶν
3436 3010 3596 3081 ἱερῶν
3615 3010 3742 3062 ἁπο-

2169 3099 2368 3153 στόλων
2421 3099 2572 3172 ἱερὰς
2635 3100 2894 3171 πράξεις’
2953 3099 3121 3154 είπὼν
3161 3101 3269 3174 γὰρ
3315 3101 3408 3156 τὸν
3453 3103 3742 3172 ἁγιώτατον

2165 3192 2456 3246 ἀπόστολον
2477 3191 2685 3245 Παῦλον
2707 3192 2996 3264 γενόμενον
3024 3195 3081 3246 ὲν
3111 3193 3378 3265 Ἀθήναις,
3407 3195 3744 3266 συμϐαλόντα

2165 3286 2225 3337 τέ
2259 3301 2399 3338 τισιν
2437 3287 2516 3348 είς
2564 3284 2752 3353 λόγους
2781 3285 2890 3337 τῶν
2939 3285 2997 3353 ἐξ
3064 3285 3385 3358 Ἐπικούρου
3421 3287 3743 3357 φιλοσόφων,

2164 3377 2386 3430 καὶτῶν
2417 3391 2480 3444 γε
2508 3376 2617 3448 μὴν
2654 3377 2761 3430 ἀπὸ
2797 3377 2897 3447 τῆς
2942 3380 3101 3442 στοᾶς
3121 3396 3133 3409 ·
3187 3381 3281 3432 xui.
3303 3380 3620 3452 κηρύξαντα
3650 3381 3745 3452 τὴν

2164 3471 2243 3532 είς
2266 3467 2356 3522 τὸν
2385 3469 2589 3540 Κύριον
2619 3469 2774 3540 ἡμῶν
2820 3468 3026 3540 Ἰησοῦν
3054 3471 3287 3540 Χριστὸν
3313 3472 3525 3537 πίστιν,
3559 3475 3656 3545 τήν
3689 3491 3745 3525 τε

2163 3560 2269 3613 τῶν
2321 3560 2529 3632 νεκρῶν
2558 3562 2886 3626 ἀνάστασιν,
2919 3564 3013 3617 καὶ
3051 3565 3149 3637 τὴν
3205 3564 3499 3638 καθολικὴν
3547 3567 3743 3638 κρίσιν,

2166 3651 2532 3724 συλληφθῆναι
2566 3653 2715 3726 παρά
2744 3654 2850 3708 τῶν
2881 3655 3222 3725 ἀφιλοσόφων
3269 3655 3352 3728 (οὐ
3387 3658 3499 3730 γὰρ
3537 3658 3747 3730 ἀληθῶς

2165 3743 2486 3817 φιλοσόφων)
2511 3744 2743 3818 ἁχθῆναί
2775 3765 2834 3800 τε
2868 3747 3010 3802 κατὰ
3037 3748 3127 3800 τὸν
3167 3749 3383 3818 Ἀρειον
3428 3751 3637 3818 πάγον,
3659 3751 3746 3804 καὶ

2160 3835 2636 3908 δημηγορήσαντα,
2663 3840 3002 3912 παραχρῆμά
3031 3857 3184 3902 τινας
3211 3840 3370 3905 ἑλεῖν,
3405 3843 3506 3894 καὶ
3535 3843 3674 3914 πρὸς
3691 3842 3748 3894 τὸ

475 3935 638 3998 atque
670 3929 737 3984 ad
775 3929 1020 3982 veritatis
1051 3928 1233 3982 lumen
1271 3928 1701 3998 transposuisse,
1737 3926 1885 3980 addit
1921 3946 1932 3978 :
1968 3926 2058 3981 Sic
2091 3991 2094 4004 η

2167 3929 2258 3999 τῆς
2289 3930 2546 4002 ἀληθείας
2581 3932 2890 4004 μεταθεῖναι
2913 3932 3050 4002 φῶς,
3090 3932 3280 4000 ὲπάγει
3313 3950 3325 3960 ·
3357 3933 3470 3986 Kal
3504 3936 3690 4002 οὕτως
3717 3937 3749 3988 ὁ

475 4017 681 4073 Paulus
721 4021 881 4074 exivit
934 4019 997 4074 de
1043 4021 1210 4073 medio
1257 4034 1480 4083 eorum;
1543 4018 1756 4089 quidam
1787 4035 1903 4072 vero
1933 4019 2052 4082 viri,
2089 3991 2094 4045 ί

2167 3991 2400 4086 Παῦλος
2425 3991 2682 4091 ἐξῆλθεν
2700 4024 2767 4076 ἐκ
2782 3991 2976 4093 μέσου
3003 3991 3221 4078 iturine:
3250 4023 3410 4090 τινὲς
3428 4025 3500 4078 δὲ
3514 3991 3749 4095 ἄνδρες,

473 4110 798 4166 adhwrentes
843 4112 910 4176 ei,
941 4111 1314 4165 crediderunt:
1351 4112 1405 4165 in
1443 4112 1630 4181 quibus
1660 4121 1710 4164 et
1767 4110 2051 4180 Dionysius

472 4202 813 4270 Areopagita,
865 4212 915 4255 et
951 4203 1140 4256 mulier
1169 4204 1378 4256 nomine
1412 4203 1687 4267 Damaris,
1721 4212 1770 4256 et
1810 4203 1905 4256 alii
1934 4219 2052 4257 cum

473 4293 549 4347 eis
581 4304 629 4345 ει.

544 4381 657 4452 Ego
687 4398 818 4437 sane
844 4397 953 4438 non
977 4381 1182 4437 frustra
1213 4381 1400 4446 audio,
1423 4381 1566 4436 inter
1589 4397 1782 4439 omnes
1815 4383 1906 4453 qui
1938 4390 2051 4436 tum

474 4475 736 4544 temporis
774 4489 873 4544 per
911 4475 1154 4529 divinum
1193 4473 1423 4529 Paulum
1467 4473 1835 4539 crediderunt,
1878 4480 2054 4533 solum

472 4567 994 4635 praestantissimum
1044 4565 1363 4638 Dionysium
1394 4569 1640 4638 apposita
1673 4568 1838 4622 etiam
1882 4568 2057 4638 ipsius

473 4655 783 4726 dignitatea
808 4655 1016 4714 deiiero
1036 4659 1412 4729 conscriptore
1439 4660 1779 4714 nominatum
1803 4675 1957 4726 esse;
1982 4661 2056 4714 ait

473 4749 619 4803 enim
647 4750 996 4820 Areopagita,
1033 4750 1232 4820 adjicio
1262 4758 1443 4806 autem
1487 4752 1741 4821 amplius,
1795 4751 2056 4806 nimirum

471 4852 694 4915 prepter
716 4844 999 4915 sapientiae
1015 4844 1226 4915 copiam
1249 4851 1302 4899 et
1318 4844 1695 4900 excellentiam
1717 4847 2059 4916 irreprehen-

472 4935 651 4991 sibilis
671 4935 813 4990 inter
843 4935 1205 4991 Athenienses
1232 4936 1357 4991 vita:
1389 4935 1641 5000 instituti,
1679 4937 1799 5004 ejus
1822 4953 1946 4992 cum
1975 4940 2057 4992 fa-

2173 4116 2576 4182 κολληθέντες
2607 4118 2767 4184 αὐτῷ
2791 4157 2805 4180 ,
2835 4119 3239 4172 ἐπίστευσαν·
3271 4118 3341 4171 ἐν
3367 4119 3456 4186 οἷς
3492 4122 3592 4175 καὶ
3625 4124 3749 4174 Διο-

2159 4207 2370 4271 νύσιος
2411 4211 2444 4261 ὁ
2491 4209 2929 4277 Ἀρεοπαγίτης,
2963 4209 3060 4262 καὶ
3099 4209 3251 4278 γυνὴ
3280 4211 3528 4280 ὀνόματι
3561 4211 3750 4282 Δάμα-

2151 4315 2269 4366 ρις,
2301 4299 2397 4351 καὶ
2427 4299 2611 4369 ἕτεροι
2635 4301 2756 4354 σὺν
2779 4301 3003 4366 αὐτοῖς.

2245 4390 2385 4458 Ἐγὼ
2421 4392 2518 4462 μὲν
2561 4389 2653 4445 οὖν
2681 4394 2744 4444 οὐ
2788 4393 2962 4464 μάτην
3007 4392 3189 4446 ἀκούω
3215 4391 3309 4445 τοῦ
3357 4394 3514 4466 παρά
3543 4394 3751 4456 πάντας

2159 4481 2284 4544 τοὺς
2312 4483 2740 4546 πεπιστευκότας
2767 4485 2888 4537 τότε
2920 4484 3008 4538 διὰ
3053 4484 3146 4538 τοῦ
3179 4485 3320 4538 θείου
3361 4487 3608 4551 Παύλου,
3655 4486 3749 4558 μό-

2159 4589 2247 4626 νον
2270 4573 2360 4626 τὸν
2393 4574 2613 4646 ἄριστον
2663 4575 2939 4629 Διονύσιον
2989 4577 3418 4649 ὲξονομασθῆναι
3472 4580 3629 4652 παρὰ
3657 4577 3750 4632 τοῦ

2161 4663 2417 4736 θεοφόρου
2474 4667 2851 4737 συγγραφέως,
2897 4667 3285 4739 προστεθείσης
3315 4669 3488 4722 αὑτοῦ
3527 4671 3623 4723 καὶ
3654 4667 3752 4736 τῆς

2161 4756 2315 4820 ἀξίας
2339 4773 2351 4785 ·
2388 4758 2522 4826 φασὶ
2565 4756 2674 4828 γὰρ
2714 4757 3153 4826 Ἀρεοπαγίτης,
3193 4757 3473 4812 ἐπιϐάλλω
3527 4760 3586 4814 δὲ
3618 4758 3750 4830 μᾶλ-

2160 4846 2270 4910 λον,
2301 4848 2384 4900 ὅτι
2413 4848 2501 4901 διά
2527 4866 2586 4901 τε
2621 4847 2681 4901 τὸ
2703 4847 2845 4900 κατά
2885 4848 3073 4916 σοφίαν
3109 4848 3381 4919 περιττὸν,
3417 4851 3514 4902 καὶ
3546 4848 3635 4902 διὰ
3690 4848 3750 4900 τὸ

2161 4941 2219 4991 ὲν
2265 4937 2570 5009 Ἀθηναίοις
2589 4939 2959 5010 ἀνεπιλήπτου
2983 4937 3256 5000 πολιτείας
3302 4937 3582 5014 ἔκκριτον,
3615 4954 3751 5008 μνη-

470 5029 620 5085 inilia
635 5029 964 5083 mentionem
984 5027 1180 5083 factam
1195 5027 1638 5083 esse.Sciendum
1650 5029 1795 5084 enim
1805 5030 2055 5093 est,sicut
2081 5033 2094 5085 t

2167 5031 2486 5104 μονευθῆναι
2518 5032 2658 5100 μετὰ
2683 5033 2782 5103 τῆς
2811 5031 2988 5094 οἰκίας
3042 5029 3226 5084 αὐτοῦ.
3260 5030 3381 5101 Χρὴ
3437 5029 3498 5082 δὲ
3529 5031 3747 5095 εἰδέναι,

471 5129 630 5176 antea
647 5120 854 5184 monui,
869 5138 980 5177 non
999 5120 1240 5192 cujusvis
1257 5121 1494 5177 hominis
1513 5121 1700 5186 fuisse,
1717 5123 1773 5176 in
1785 5123 2052 5193 Areopagi

2167 5123 2302 5178 mou
2335 5123 2604 5194 προέφην,
2635 5123 2712 5185 ῶς
2738 5124 2799 5175 ού
2833 5122 3035 5184 παντὸς
3067 5121 3258 5192 ἀνδρὸς
3282 5115 3371 5191 ἧν,
3424 5123 3510 5185 εἰς
3542 5123 3642 5192 τὴν
3692 5123 3750 5187 ἐξ

471 5223 664 5270 senatu
702 5213 1020 5284 dignitatem
1046 5213 1229 5281 obire;
1259 5213 1354 5269 sed
1384 5229 1571 5269 eorum
1597 5216 1689 5285 qui
1720 5215 1864 5286 apud
1884 5216 2052 5270 Athe-

2167 5216 2372 5287 Ἀρείου
2397 5215 2570 5283 πάγου
2603 5215 2799 5286 βουλὴν
2827 5214 3028 5268 τελεῖνο
3065 5213 3178 5267 ἀλλ’
3197 5213 3244 5264 οἱ
3279 5215 3410 5284 παρ’
3441 5213 3751 5286 Ἀθηναίοις

470 5307 708 5371 nienses,
733 5322 950 5378 genere,
969 5306 1176 5362 divitiis
1207 5321 1272 5361 ac
1297 5307 1419 5362 vitae
1447 5309 1717 5377 probitate
1745 5310 1950 5378 primas
1971 5315 2051 5363 te-

2167 5306 2515 5378 τρωτεύοντες
2543 5306 2599 5359 ἔν
2621 5323 2680 5359 τε
2698 5306 2842 5374 γένει
2872 5307 2960 5360 καὶ
2990 5305 3201 5376 πλούτῳ
3229 5305 3324 5358 καὶ
3351 5303 3458 5377 βίῳ
3490 5306 3745 5379 χρηστῷο

470 5400 668 5454 nehant
689 5419 703 5466 ;
725 5407 778 5456 et
799 5400 893 5471 qui
931 5403 987 5456 in
1007 5400 1112 5454 hoc
1135 5401 1376 5455 illustres
1403 5402 1794 5466 censebantur,
1827 5410 2050 5458 senten-

2167 5401 2243 5453 (αἱ
2296 5399 2441 5453 κατά
2477 5399 2624 5452 τοῦθ’
2670 5400 2719 5451 οἱ
2768 5399 3029 5469 ἐπίσημοι
3078 5391 3423 5461 καθεστῶτες
3464 5398 3751 5452 ἐϐούλευον

470 5491 601 5542 :iani
634 5491 688 5544 in
723 5493 1006 5565 Areopago
1030 5492 1312 5559 ferebant;
1344 5492 1615 5567 _siquidem
1639 5511 1703 5550 ex
1727 5509 1918 5549 novem
1950 5494 2044 5564 qui

2167 5495 2232 5557 είς
2259 5495 2356 5565 τὴν
2386 5493 2446 5558 ἐξ
2486 5493 2693 5564 Ἀρείου
2734 5491 2909 5560 πάγου
2952 5491 3174 5562 βουλήν·
3208 5491 3273 5544 ὲκ
3299 5489 3411 5562 γὰρ
3445 5493 3558 5545 τῶν
3594 5490 3751 5546 ἐννέα

470 5582 696 5639 Athenis
712 5583 1004 5644 archontes
1020 5585 1302 5644 constituti
1315 5596 1490 5656 erant,
1507 5586 1861 5660 Areopagitas
1883 5587 2048 5660 (sicut

2167 5588 2566 5658 καθισταμένων
2599 5585 2874 5657 ἀρχόντων
2907 5584 3220 5657 Ἀθήνησιν,
3255 5578 3384 5644 τοῦς
3415 5583 3750 5657 Ἀρεοπαγί-

580 5816 605 5842 ι
636 5803 756 5862 Act.
792 5821 924 5872 xvn,
956 5805 1046 5873 53,
1084 5814 1169 5871 54.
