3860 6548
139 437 190 490 Π

137 566 212 612 τας
227 549 320 601 ἔδει
349 548 674 614 συνεστάναι
706 548 978 615 δικαστὰς,
1012 549 1087 612 ὥς
1123 566 1285 618 φησιν
1354 549 1662 620 Ἀνδροτίων
1690 551 1737 607 Α

139 643 184 692 ἐν
199 639 395 711 δευτέρᾳ
415 640 523 692 τῶν
559 640 873 694 Ἀτθίδωνε
897 640 1112 710 ὕστερον
1139 640 1194 692 δὲ
1225 640 1480 693 πλειόνων
1513 641 1667 710 γέγο-

140 751 205 786 νεν
227 733 254 801 ή
277 731 331 796 ἐξ
372 732 580 802 Ἀρείου
601 733 786 800 πάγου
819 731 992 802 βουλὴ,
1018 731 1289 784 τουτέστιν
1317 734 1348 803 ή
1373 731 1431 797 ἐξ
1461 732 1666 802 ἀνδρῶν

141 824 567 894 ξριφανεστέρων
599 825 936 895 πεντήκοντα
963 825 1053 876 καὶ
1075 825 1212 888 ἐνὸς,
1248 825 1384 896 πλὴν
1417 823 1474 888 ἐξ
1501 825 1667 877 εὐπα-

137 914 308 985 τριδῶν,
334 914 406 976 ὡς
434 914 675 984 ἔφημεν,
709 915 802 968 καὶ
825 914 1035 985 πλούτῳ
1059 916 1154 969 καὶ
1183 914 1278 986 βίῳ
1300 914 1531 987 σώφρονι
1554 916 1667 968 δια-

137 1006 382 1075 φερόντων,
426 1007 503 1069 ὡς
531 1009 750 1078 ἱστορεῖ
795 1007 1072 1078 Φιλόχορος
1098 1008 1186 1061 διά
1211 1009 1308 1078 τῆς
1343 1010 1533 1080 τρίτης
1561 1010 1667 1062 τῶν

137 1096 275 1149 αὐτῶν
316 1096 616 1150 Ἀτθίδων.
666 1098 814 1162 Ἐξω
865 1098 919 1150 δέ
950 1099 1048 1170 τῆς
1077 1099 1280 1164 πόλεως
1305 1095 1376 1174 ἦν
1408 1101 1470 1153 τὸ
1525 1099 1667 1153 κατὰ

139 1190 312 1256 Ἀρειον
347 1188 519 1255 πάγον
549 1189 916 1262 δικαστήριον,
939 1189 1132 1260 κληθὲν
1163 1190 1472 1272 οῦτω,(ιιαθ’
1499 1192 1535 1246 ἃ
1568 1211 1667 1263 μυ-

137 1279 396 1347 θολογοῦσιν
439 1280 825 1351 Ἀθηναῖοι)ἐκ
853 1281 946 1334 τοῦ
984 1283 1103 1335 κατ’
1135 1283 1301 1355 αὐτὴν
1349 1284 1447 1353 τὴν
1475 1284 1666 1356 ἐξοχὴν

135 1369 203 1421 τοῦ
231 1371 354 1423 κατά
381 1372 478 1442 τὴν
510 1373 672 1425 πόλιν
701 1372 860 1444 ὅρους
891 1375 1180 1438 συστάντος
1201 1377 1548 1448 δικαστηρίου
1581 1397 1668 1450 με-

135 1460 234 1526 ταξὺ
254 1462 572 1526 Ποσειδῶνος
613 1465 709 1516 καὶ
747 1465 957 1536 ’Ἄρεως
975 1483 987 1494 ·
1018 1467 1045 1518 6
1074 1466 1181 1537 γάρ
1210 1468 1474 1521 Ποσειδῶν
1515 1468 1666 1541 δίκην

136 1549 225 1604 εἶτ-,ε
250 1554 373 1624 πρδς
403 1556 581 1626 Ἀρεα
618 1556 760 1610 κατά
819 1558 944 1620 τοὺς
1003 1558 1261 1628 ἀρχαίους
1297 1560 1495 1630 μύθους
1539 1564 1666 1632 παρ’

144 1643 400 1716 Ἀθηναίοις
429 1647 489 1698 ἐν
523 1646 606 1717 τῷ
641 1647 794 1718 τόπῳ
828 1649 1000 1719 τούτῳ
1023 1689 1037 1713 ,
1073 1650 1293 1717 φάσκων
1323 1653 1666 1724 ἀναιρεθῆναι

133 1738 200 1787 τὸν
226 1737 338 1790 ἴδιον
377 1739 492 1792 υἱὸν
536 1737 876 1812 Ἀλιρρόθιον
922 1743 1011 1795 ὑπ’
1045 1745 1284 1816 Ἀρεως·
1327 1746 1578 1800 κάκεῖθεν
1611 1747 1668 1812 ἐξ

138 1830 305 1899 Ἄρεως
339 1834 366 1885 6
396 1833 577 1901 πάγος
619 1835 827 1897 ἐκεῖνος
870 1835 1083 1904 Ἀρειος
1122 1838 1344 1910 ἐκλήθη.
1394 1839 1668 1904 Ἐδίκαζον

133 1918 200 1973 οἷν
226 1924 600 1994 Ἀρεοπαγῖται
621 1944 689 1979 πε
697 1928 751 1997 pl.
775 1927 991 1982 πάντων
1013 1929 1196 2000 σχεδὸν
1215 1931 1321 1984 τῶν
1343 1932 1669 2002 σφαλμάτων

134 2014 202 2064 καὶ
248 2016 599 2088 παρανομιῶν
629 2057 644 2081 ,
693 2018 770 2082 ὡς
823 2020 1036 2075 ἅπαντά
1131 2039 1292 2093 φησιν
1357 2024 1668 2097 Ἀνδροτίων

134 2105 176 2155 ἐν
219 2107 410 2179 πρώτῃ,
454 2110 556 2162 καὶ
582 2109 874 2181 Φιλόχορος
895 2112 951 2166 ἐν
992 2113 1218 2186 δευτέρᾳ
1253 2115 1347 2169 καὶ
1375 2117 1530 2188 τρίτῃ
1562 2117 1668 2171 τῶν

142 2197 392 2254 Ἀτθίδων.
1144 2213 1149 2218 ’

182 2288 262 2340 Διά
287 2290 339 2343 δὲ
379 2291 549 2346 τοῦτο
597 2293 694 2347 ἆτε
746 2295 946 2349 καινῶν
982 2295 1272 2369 δαιμονίων
1332 2302 1670 2370 καταηελέα

132 2377 198 2429 τὸν
225 2380 487 2437 θειότατον
534 2384 789 2450 Παῦλον,
834 2388 908 2451 ὡς
953 2390 1234 2462 ἱστόρησεν
1289 2393 1318 2444 6
1372 2394 1671 2466 φιλαλήθης

133 2472 369 2538 Λουκᾶς,οί
387 2477 495 2547 τῆς
516 2477 625 2529 ὑπὸ
658 2478 794 2531 Θεοῦ
825 2481 1199 2554 μωρανθείσης
1222 2486 1412 2554 σοφίας
1439 2487 1668 2558 ἐρασταὶ

134 2564 234 2632 πρὸς
261 2566 348 2637 τὴν
383 2568 444 2632 ἐξ
509 2568 728 2641 Ἀρείου
760 2572 938 2641 πάγου
975 2573 1166 2647 βουλὴν
1211 2577 1475 2634 ἕλκουσιν.
1533 2580 1668 2633 Ἀλλ’

131 2655 172 2705 ἐν
190 2660 282 2720 τοῖς
328 2659 753 2732 ’Δρεοπαγίταις
798 2666 1094 2735 τηνικαῦτα
1131 2668 1323 2738 χρόνου
1368 2669 1666 2740 βουλεύων,

132 2747 199 2798 ac:
215 2749 462 2822 δικαστὴς
519 2753 939 2819 ἀκλινέστατος,
979 2760 1006 2811 6
1051 2759 1346 2829 πάμμεγας
1378 2763 1666 2831 Διονύσιος,

128 2840 374 2896 ἀδέκαστον
407 2844 681 2917 ἀπένειμε
711 2850 776 2919 τῇ
808 2848 946 2902 κατά
962 2851 1053 2904 τὸν
1073 2855 1508 2926 πνευματοφόρον
1526 2855 1671 2910 Παῦ-

128 2933 195 2984 ὶον
225 2935 442 3008 ἀληθείᾳ.
493 2938 592 3009 τὴν
625 2939 824 3010 ψῆφον,
849 2940 1119 3013 ἐρρῶσθαί
1145 2962 1206 2998 τε
1253 2947 1421 3000 πολλά
1457 2949 1670 3019 φράσας

128 3028 174 3094 τῇ
199 3028 290 3081 τῶν
328 3031 742 3101 Ἀρεοπαγιτῶν
771 3033 978 3105 ἀνοήτῳ
1008 3036 1024 3066 ¹
1042 3039 1350 3111 σεμνότητι,
1381 3040 1472 3094 τὸν
1498 3041 1668 3113 ἀληθῆ

128 3123 197 3169 καὶ
225 3123 628 3175 πανεπίσκοπον
693 3124 884 3196 κριτὴν
915 3127 1122 3192 ἐννοίας
1162 3132 1398 3203 Χριστὸν
1441 3133 1664 3204 Ἰησοῦν,

126 3207 194 3260 τὸν
213 3212 291 3266 τοῦ
325 3215 462 3267 Θεοῦ
492 3216 591 3267 καὶ
630 3216 845 3287 Πατρδς
886 3217 1012 3272 Υίὸν
1053 3225 1312 3294 μονογενῆ
1348 3225 1451 3278 κώ
1473 3225 1663 3294 Λόγον,
1695 3234 1740 3295 C

127 3300 168 3350 ὃν
203 3306 226 3356 6
267 3305 477 3369 Παῦλος
525 3307 796 3378 ἐκήρυξεν
821 3349 834 3373 ,
891 3311 1048 3375 εὐθὺς
1102 3313 1278 3383 εἴχετο
1314 3315 1408 3368 τοῦ
1442 3319 1619 3386 φωτός
1649 3333 1661 3346 ’

128 3390 205 3444 κᾶν
228 3395 326 3466 γὰρ
351 3398 400 3448 οἱ
463 3397 728 3468 Ῥωμαῖοι
761 3399 881 3451 τότε
918 3402 1200 3471 ἐκράτουν,
1236 3404 1350 3458 ἀλλ’
1395 3402 1486 3460 οὖν
1508 3409 1666 3460 αύτο-

125 3482 286 3551 νόμους
312 3487 530 3557 ἀφῆκαν
547 3487 778 3558 Ἀθήνας
815 3490 908 3542 καὶ⁵
939 3492 1365 3564 Λακεδαιμονίαν
1384 3514 1396 3528 ·
1433 3497 1555 3551 ὅθεν
1587 3499 1664 3553 ἔτι

125 3574 246 3643 ταρά
301 3578 606 3650 Ἀθηναίοις
648 3580 744 3633 καὶ
779 3579 846 3633 τὰ
902 3582 1041 3637 κατά
1084 3586 1210 3648 τοὺς
1281 3587 1667 3660 Ἀρεοπαγίτας

123 3664 445 3722 ἐπολιτεύετο.
483 3671 601 3724 Καὶ
637 3670 868 3724 τελεῖται
889 3673 986 3743 μὲν
1029 3675 1243 3730 ἅπαντα
1267 3670 1366 3750 τῆς
1395 3684 1668 3754 σωτηρίας

123 3753 176 3806 τὰ
189 3756 412 3827 δόγματα
435 3760 527 3814 διὰ
549 3762 767 3815 Παύλου
788 3763 881 3816 τοῦ
909 3767 1220 3837 κρατίστου,
1242 3753 1668 3842 παιδαγωγεῖται

121 3845 165 3897 δὲ
195 3848 577 3916 διδασκαλικῶς
605 3855 634 3906 6
682 3854 954 3919 Διονύσιος
989 3857 1094 3910 ὑπὸ
1127 3859 1370 3931 Ἱεροθέῳ
1399 3863 1476 3934 τῷ
1508 3868 1662 3935 μεγί-

126 3952 230 4007 στῳ,
261 3943 394 3997 καθά
413 3961 588 4014 φησιν
614 3945 645 3996 ό
681 3946 843 4008 αὐτός
866 3963 878 3976 ·
922 3943 1038 4001 εἶτα
1070 3949 1390 4006 καθίσταται
1435 3955 1576 4008 κατά
1607 3957 1668 4010 τὸ

121 4032 378 4101 φερόμενον
429 4039 492 4088 ἐν
548 4035 764 4106 ἑϐδόμῳ
813 4037 997 4110 βιϐλίῳ
1051 4041 1171 4096 τῶν
1228 4043 1672 4102 Ἀποστολικῶν

123 4120 498 4194 διαταγμάτων
561 4129 591 4181 ό
667 4128 938 4194 Διονύσιος
989 4133 1287 4198 ἐπίσκοπος
1355 4139 1458 4191 ὑπὸ
1523 4141 1669 4194 Παύ-

122 4209 194 4265 λου
221 4215 301 4267 τοῦ
331 4219 699 4288 χριστοφόρου
727 4221 834 4274 τῶν
863 4225 920 4275 ἐν
959 4223 1211 4298 Ἀθήνῃσι
1245 4231 1667 4290 πιστευσάντων.

179 4306 507 4378 Μνημονεύει
555 4310 614 4363 δὲ
657 4311 752 4364 τοῦ
798 4313 1208 4386 Ἀρειοπαγίτου
1258 4322 1350 4374 καὶ
1395 4325 1669 4391 Διονύσιος

121 4394 316 4491 ἀρχαῖος
342 4401 653 4472 Κορινθίων
678 4403 992 4471 ἐπίσκοπος,
1018 4411 1111 4462 καὶ
1134 4411 1490 4486 Πολύκαρπος
1513 4420 1569 4470 ἐν
1602 4423 1668 4491 τῇ

292 4492 610 4564 Ἀθηναίους
648 4497 898 4570 ἐπιστολῇ
934 4499 1118 4555 αὐτοῦ.
1164 4484 1397 4560 Ἔστιδέ
1442 4510 1543 4582 τὴν
1574 4484 1667 4582 όρΙ

123 4577 293 4672 θῆτα
332 4587 427 4638 καὶ
488 4587 866 4657 πολυμάθειαν
913 4593 1298 4665 ἀποθαυμάσαι
1357 4601 1452 4654 τοῦ
1497 4577 1669 4672 ’ἁγίου
1701 4579 1745 4633 D

118 4671 283 4724 τούτου
307 4677 605 4744 Διονυσίου,
629 4679 720 4732 τὸν
745 4682 958 4753 ἀληθῶς
979 4686 1068 4739 διὰ
1089 4689 1287 4759 πολλῆς
1303 4693 1538 4762 ήγμένον
1562 4698 1671 4749 ἐπι-

123 4764 307 4834 στήμης
348 4768 458 4820 τῶν
515 4771 900 4843 ἀνεπιλήπτων
938 4778 1036 4847 τῆς
1080 4780 1398 4853 Ἐκκλησίας
1439 4789 1671 4858 παραδό-

123 4869 260 4920 σεων,
290 4858 583 4914 θεάσασθαί
605 4879 666 4914 τε
705 4863 772 4916 τά
805 4867 955 4938 παρά
987 4873 1099 4933 τοῖς
1125 4871 1234 4925 τῶν
1274 4875 1537 4948 Ἐλλήνων
1581 4897 1672 4948 φι-

121 4948 338 5040 λοσόφοις
366 4953 494 5006 νόθα
511 4954 759 5024 δόγματα
779 4957 914 5026 πρὸς
940 4959 1036 5030 τὴν
1067 4961 1320 5034 ἀλήθειαν
1352 4985 1672 5040 μετενηνεγ-

123 5038 260 5132 μένα.
329 5043 583 5115 Ἐλεῆσαι
618 5047 730 5118 γὰρ
776 5049 890 5102 ἐστι
935 5053 1132 5120 μᾶλλον
1187 5059 1283 5109 καὶ
1344 5038 1673 5132 συναλγῆσαι

121 5130 208 5222 τῆς
239 5134 562 5207 ἀπροσεξίας
609 5141 738 5203 τοὺς
778 5143 1074 5214 ὀλιγώρους
1113 5148 1212 5219 τῆς
1257 5130 1672 5222 εὐπαιδευσίας¹

123 5219 408 5314 ἐξεταστὰς,
438 5231 524 5283 ὅτι
552 5233 622 5301 τῇ
654 5232 802 5299 σφῶν
821 5234 1031 5308 ἀμαθία
1054 5243 1422 5312 συμμετροῦσι
1457 5249 1550 5301 καὶ
1576 5219 1674 5314 τάς

123 5311 218 5368 τῶν
251 5318 369 5390 ἑξῆς
413 5321 722 5392 ἀνθρώπων
760 5324 1076 5396 φιλομαθεῖς
1128 5311 1521 5404 εὐθημοσύνας.
1561 5311 1674 5394 'Ev;

963 433 1019 488 s.
1051 431 1296 487 MAXIMI
1337 429 1701 487 rnowcus
1729 427 1794 483 IN
1827 429 2053 486 ornas
2088 431 2143 487 s.
2182 405 2497 490 meum.

3257 432 3325 489 58

1764 546 2062 602 Androtion
2111 548 2170 606 in
2213 551 2448 604 secunda
2498 549 2614 603 τῶν
2651 546 2928 605 Ἀτθίδων
2951 549 3046 622 ait)
3076 556 3330 604 constare

1766 641 2080 711 Oportebat;
2107 648 2295 713 postea
2324 642 2568 712 pluribus
2598 657 2892 699 concessus
2926 642 3029 697 fuit
3059 643 3328 712 Areopagi

1767 740 2010 799 senatus,
2051 733 2106 787 id
2135 744 2218 789 est
2245 749 2312 789 ex
2349 734 2479 789 viris
2512 734 2900 791 illustrioribus
2934 733 3330 804 quinquaginta

1765 833 1819 881 et
1848 826 1962 890 uni,
1996 824 2392 892 sednobilibus
2416 833 2616 896 tamen,
2645 834 2705 882 ut
2748 828 3005 891 diximus,
3031 841 3096 881 ac
3123 825 3332 880 divitiis

1765 917 1995 987 vitaeque
2040 917 2304 974 modestia
2344 917 2758 984 excellentibus,
2791 919 2932 974 sicut
2967 916 3332 972 Philochorus

1767 1012 1821 1066 in
1857 1012 2014 1067 tertia
2046 1012 2163 1066 τῶν
2201 1012 2480 1066 Ἀτθίδων
2529 1011 2840 1067 earumdem
2893 1018 3098 1066 narrat.
3157 1009 3332 1063 Porro

1766 1111 1919 1158 extra
1941 1105 2216 1159 civitatem
2237 1111 2354 1159 erat
2376 1102 2832 1174 Areopagitarum
2855 1101 3112 1166 tribunal,
3131 1101 3212 1156 sic
3234 1115 3332 1154 no-

1766 1196 2032 1249 minatum
2085 1193 2267 1267 (prout
2325 1193 2641 1249 fabulantur
2683 1192 3065 1264 Athenienses)
3110 1201 3364 1262 propter

1769 1285 2012 1342 eamdem
2043 1286 2419 1342 excellentiam
2455 1303 2521 1342 ex
2547 1286 2756 1356 judicio
2784 1286 2926 1356 quod
2952 1287 3097 1340 inter
3125 1285 3333 1355 Neptu-

1767 1395 1898 1434 num
1927 1386 1979 1433 et
2014 1379 2241 1434 Martem
2265 1381 2321 1434 in
2344 1379 2585 1434 civitatis
2606 1386 2790 1433 monte
2812 1379 3170 1434 constitutum
3195 1377 3329 1431 fuit:

1767 1471 2051 1543 Neptunus
2099 1473 2243 1527 enim
2274 1473 2597 1544 (secundum
2625 1472 2880 1542 antiquas
2919 1470 3334 1525 Atheniensium

1769 1564 2001 1634 fabulas)
2033 1564 2087 1618 in
2110 1564 2214 1619 hoc
2246 1565 2366 1619 loco
2395 1574 2587 1619 contra
2639 1564 2863 1620 Martem
2904 1578 3126 1618 causam
3173 1561 3332 1625 dixit,

1769 1669 2021 1711 asserens
2051 1655 2222 1709 ﬁlium
2255 1672 2414 1711 suum
2445 1654 2873 1709 Halirrhothium
2913 1669 2945 1707 a
2993 1652 3163 1707 Marte
3191 1651 3338 1707 occi-

1770 1762 1914 1814 sum,
1943 1754 1998 1802 et
2025 1747 2150 1802 inde
2177 1746 2332 1802 collis
2367 1747 2455 1801 ille
2497 1761 2564 1801 ex
2597 1746 2770 1800 Marte
2803 1749 3020 1818 Ἀρειος
3065 1761 3162 1801 seu
3191 1743 3336 1798 Mar-

1771 1841 1880 1896 tius
1899 1848 2124 1895 vocatus
2148 1851 2249 1895 est.
2301 1838 2627 1895 Judicabant
2667 1839 2833 1910 igitur
2858 1838 3200 1908 Areopagitae
3227 1836 3340 1891 fere

1772 1929 1839 1986 de
1853 1932 2107 1986 omnibus
2124 1932 2364 2002 peccatis
2381 1940 2433 1987 et
2457 1932 2857 2003 iniquitatibus,
2872 1930 3015 1985 sicut
3033 1929 3338 1984 Androtion

1772 2023 1827 2076 in
1853 2022 2048 2092 prima,
2086 2033 2140 2078 et
2176 2021 2538 2079 Philochorus
2573 2023 2630 2078 in
2655 2022 2896 2079 secunda
2933 2030 2986 2077 et
3037 2020 3336 2077 tertia‘zdw

1784 2116 2060 2171 Ἀτθίδων
2107 2117 2278 2171 aiunt.

1839 2292 2132 2363 Propterea
2163 2293 2407 2348 divinum
2455 2292 2684 2350 Paulum
2719 2293 2886 2349 veluti
2919 2307 3185 2348 novorum
3229 2293 3344 2348 da:-

1770 2387 2074 2439 moniorum
2110 2386 2551 2440 annuntiatorem
2585 2385 2749 2448 (sicut
2787 2399 2978 2440 amans
3007 2384 3122 2439 veri
3159 2382 3344 2439 Lucas

1770 2478 2012 2532 narravit
2036 2478 2102 2549 1³)
2153 2479 2330 2534 stultae
2378 2477 2523 2548 apud
2549 2477 2716 2534 Deum
2744 2478 3023 2548 sapientiae
3044 2483 3337 2538 amatores,

1771 2570 1838 2624 ad
1861 2570 2305 2641 Areopagitarum
2334 2569 2602 2640 judicium
2663 2570 2911 2637 trahunt,
2955 2584 3144 2624 verum
3196 2567 3341 2621 inter

1769 2660 2122 2731 AreOpagitas
2142 2668 2256 2716 tum
2277 2661 2556 2731 temporis,
2578 2670 2637 2716 ut
2654 2660 3137 2717 constantissimus
3151 2659 3341 2730 judex,

1769 2753 2039 2808 maximus
2078 2752 2392 2824 Dionysius,
2444 2751 2716 2808 calculum
2760 2754 2910 2808 nullo
2939 2767 3167 2808 munere
3219 2765 3343 2806 cor-

1770 2851 1989 2914 ruptum
2020 2845 2238 2899 veritati
2263 2858 2364 2913 pro
2386 2844 2682 2913 spiritifero
2710 2843 2880 2897 Paulo
2901 2843 3147 2907 tradidit,
3178 2850 3342 2912 atque

1771 2936 2507 3006 insipientiAreopagitarum
2537 2935 2793 3005 gravitati
2822 2949 2885 2988 ac
2913 2935 3193 2990 severitati
3209 2934 3343 2987 mul-

1771 3036 1885 3084 tum
1909 3029 2236 3093 valedicens,
2268 3041 2458 3082 verum
2484 3040 2549 3080 ac
2581 3026 2830 3082 omnium
2850 3026 3216 3095 inspectorem
3251 3023 3342 3093 ju-

1771 3122 1950 3178 dicem
1995 3120 2183 3176 Jesum
2238 3119 2520 3174 Christum
2549 3118 2886 3189 unigenitum
2924 3116 3020 3171 Dei
3057 3123 3112 3171 et
3162 3115 3343 3169 Patris

1770 3214 2168 3282 Filium,quem
2199 3210 2402 3265 Paulus
2426 3209 2972 3280 praedicarat,animo
3003 3207 3342 3277 concipiens,

1772 3305 1957 3361 statim
1995 3303 2186 3358 lumini
2217 3303 2476 3369 adhaesit;
2513 3303 2616 3358 etsi
2636 3303 2782 3357 enim
2819 3300 3050 3355 Romani
3078 3307 3211 3354 tunc
3246 3297 3345 3353 do-

1771 3398 2131 3459 minarentur,
2155 3401 2334 3449 tamen
2363 3394 2604 3450 Athenas
2632 3401 2686 3448 et
2731 3392 3194 3448 Lacedmmoniam
3217 3407 3344 3463 pro—

1770 3489 1905 3560 priis
1955 3489 2030 3542 uti
2061 3489 2272 3559 legibus
2306 3487 2594 3553 sinebant;
2625 3487 2770 3541 unde
2799 3487 2978 3542 adhuc
3012 3486 3157 3556 apud
3178 3484 3346 3538 Athe-

1770 3580 1988 3636 nienses
2043 3579 2414 3650 magistratus,
2448 3578 2895 3649 Areopagitarum
2952 3591 3179 3631 munere
3244 3590 3344 3630 suo

1771 3671 2138 3742 fungebantur
2169 3691 2182 3727 :
2218 3686 2282 3726 ac
2312 3671 2566 3726 omnibus
2597 3669 2818 3740 quidem
2851 3669 3044 3724 salutis
3077 3667 3346 3737 dogmati-

1770 3765 1872 3821 bus
1903 3781 1932 3819 a
1962 3765 2412 3835 praestantissimo
2441 3762 2611 3818 Paulo
2640 3763 2922 3828 initiatur;
2965 3761 3212 3830 magistri
3243 3773 3342 3811 au-

1750 3864 1878 3910 ‘tem
1910 3871 2060 3911 more
2089 3855 2382 3926 Dionysius
2429 3871 2458 3908 a
2512 3853 2748 3908 maximo
2780 3851 3071 3908 Hier-otheo
3103 3849 3347 3905 institui-

1769 3957 1880 4012 tur,
1910 3948 2052 4004 sicut
2080 3948 2196 4017 ipse
2227 3947 2335 4014 ait;
2367 3952 2557 4016 postea
2583 3944 3083 4025 Dion_ysius.(prout
3111 3942 3345 3996 habetur

1770 4043 1826 4096 in
1851 4042 2082 4110 septimo
2110 4040 2251 4093 libro
2271 4038 2697 4108 Apostolicarum
2727 4034 3180 4104 constitutionum)
3212 4049 3345 4088 con-

1770 4134 2018 4190 stituitur
2048 4147 2078 4186 a
2119 4130 2432 4186 christifero
2462 4128 2632 4184 Paulo
2661 4124 3074 4184 Atheniensium
3107 4125 3343 4181 ﬁdelium

1769 4229 2077 4298 cpiscopus.

1839 4321 2082 4377 Meminit
2130 4334 2259 4375 vero
2301 4320 2464 4374 etiam
2508 4319 2848 4388 Areopagitae
2879 4317 3172 4389 Dionysius
3204 4316 3346 4370 anti-

1770 4429 1911 4482 quus
1934 4412 2342 4471 Corinthiorum
2368 4411 2681 4481 episcopus,
2711 4420 2764 4466 et
2792 4411 3123 4482 Polycarpus
3154 4411 3208 4464 in
3247 4425 3344 4465 sua

1772 4505 1839 4559 ad
1868 4504 2228 4560 Athenienses
2256 4505 2508 4574 epistola.
2537 4503 2708 4560 Porro
2738 4505 2912 4561 sancti
2947 4505 3110 4574 hujus
3144 4503 3348 4574 Diony-

1775 4601 1840 4656 sii
1867 4601 1993 4654 vitae
2005 4599 2329 4670 probitatem
2361 4613 2426 4652 ac
2456 4597 2702 4653 scientia:
2729 4597 2944 4667 COpiam
2975 4596 3163 4650 mirari
3195 4595 3340 4671 licet,

1774 4701 1826 4749 et
1859 4709 1980 4749 eum
2030 4693 2123 4762 qui
2156 4707 2280 4747 vere
2317 4706 2412 4761 per
2443 4691 2736 4744 mult-arum
2783 4688 3340 4759 irreprehensibilium

1775 4785 2028 4839 Ecclesiae
2057 4784 2411 4838 traditionum
2440 4782 2807 4853 cognitionem
2837 4781 3103 4835 deductus
3128 4768 3248 4843 fuit,
3281 4795 3343 4831 ac

1777 4875 1975 4930 intueri
2022 4874 2325 4929 adulterina
2369 4873 2711 4928 ethnicorum
2761 4853 3212 4942 phiIOSOphorum
3251 4869 3346 4922 de-

1774 4978 1922 5026 creta
1949 4971 2015 5024 ad
2041 4970 2326 5024 veritatem
2357 4967 2640 5034 traducta;
2682 4967 2837 5021 decet
2865 4966 3008 5021 enim
3040 4964 3223 5034 potius
3244 4961 3345 5015 mi-

1777 5062 1943 5116 sereri
1975 5075 2039 5114 ac
2068 5058 2375 5119 condolere,
2408 5059 2476 5112 ob
2506 5058 2788 5128 segnitiem
2813 5070 3015 5125 paucos
3039 5069 3162 5110 esse
3189 5053 3344 5106 bonae

1777 5154 2041 5208 doctrinae
2070 5152 2488 5214 examinatores,
2524 5150 2668 5222 quod
2711 5165 2809 5204 sua
2858 5147 3072 5201 inscitia
3101 5145 3344 5213 reliquo-

1777 5259 1896 5296 rum
1924 5242 2087 5297 etiam
2113 5241 2394 5294 hominum
2437 5239 2679 5294 scientiae
2705 5237 2957 5308 cupidam
2989 5233 3347 5290 commetian-

1777 5345 1866 5389 tur
1891 5333 2055 5389 animi
2080 5347 2144 5387 ac
2173 5332 2373 5402 ingenii
2410 5330 2908 5403 promptitudinem.
2942 5327 3100 5382 Tales
3123 5322 3344 5393 quidem

1032 5527 1264 5589 VARIIE
1302 5534 1683 5598 LECTIONES
1720 5544 1808 5600 ET
1840 5541 2420 5601 CORRECTIONES‘.

203 5607 368 5668 l'Act.
426 5628 568 5680 xvu,
606 5615 693 5669 18.

213 5721 228 5750 ⁸
257 5723 514 5797 ἀνονήτῳ.
615 5728 636 5758 ⁸
667 5727 1037 5792 ἀπαιδευσίας.

183 5837 195 5852 ’
234 5837 303 5895 Ex
333 5843 524 5898 codice
561 5842 622 5897 S.
655 5843 819 5898 Marci
855 5843 1068 5901 Veneti.
