3860 6592
117 503 162 554 ιι
947 479 1004 548 s'.
1043 491 1289 547 MAXlMl
1319 487 1684 548 rnomuus
1723 489 1788 543 lN
1825 487 2051 544 OPERA
2087 487 2146 542 s.
2184 485 2493 549 DIONYSIL
3221 485 3292 542 sa

120 614 231 673 ὠδὶν
255 611 459 676 ἀπεικός
483 629 495 641 ·
538 610 666 666 ἐπεὶ
700 612 794 666 καὶ
827 612 855 665 ὁ
883 610 1128 684 θεοφιλὴς
1174 610 1466 674 ἀπόστολος
1487 609 1633 664 Παῦ-

1789 607 2170 680 probabilitate
2197 608 2453 673 alienum,
2475 608 2914 680 quandoquidem
2953 610 3162 667 amicus
3197 609 3291 668 Dei

124 709 190 770 λος
211 707 306 768 ταῖς
341 704 602 776 Ἐλλήνων
641 695 914 776 ἐχρήσατο
945 704 1152 775 ρήσεσι,
1188 704 1390 767 ταύτας
1420 703 1631 757 ἀκούων

1770 703 1932 768 'aulus
1961 702 2262 772 apostolus,
2293 702 2576 759 sententiis
2624 703 2907 773 gentilium
2949 717 3082 759 usus
3110 703 3294 772 fuerit,

124 800 240 868 τυχὸν
262 796 396 867 παρά
413 796 521 849 τῶν
552 796 824 849 συνόντων
851 795 1012 866 αὑτῷ,
1053 797 1150 868 τῆς
1174 795 1455 867 ἐλληνικῆς
1485 794 1633 864 φιλο-

1773 814 1855 852 um
1907 797 2045 853 forte
2089 813 2183 852 eas
2232 812 2262 850 a
2295 796 2655 851 familiaribus
2678 797 2792 852 suis
2824 797 3024 852 Graeca:
3053 796 3297 868 philoso-

126 893 265 961 σοφίας
296 890 586 961 ἐμπείρων.
649 889 936 960 Συνίστησι
964 887 1020 940 δέ
1048 887 1334 954 καὶτοῦτο,
1358 888 1631 940 Διονυσίου

1769 891 1871 946 hia:
1899 890 2088 960 peritis
2108 890 2422 946 audivisset.
2448 890 2616 946 Porro
2644 890 2774 946 illud
2796 891 2958 946 etiam
2981 892 3293 956 conﬁrmat,

123 985 247 1037 ταῦτα
275 982 570 1054 φιλαλήθως
611 981 683 1035 τὰ
732 982 1130 1054 συγγράμματα
1164 981 1487 1034 καθεστάναι
1511 996 1524 1010 ο
1573 979 1633 1033 τὸ

1775 998 1847 1037 azc
1874 997 1999 1037 vere
2024 981 2267 1052 Dionysii
2300 981 2503 1051 scripta
2530 982 2944 1050 constitui;eum
2962 1000 3155 1054 nempe
3177 983 3299 1039 sine

127 1073 204 1146 γᾰρ
230 1073 642 1145 ἀνεπιτηδεύτως
689 1075 1044 1146 μνημονεύειν
1094 1075 1255 1128 αὑτὸν
1286 1076 1494 1146 ῥήσεων
1526 1075 1634 1129 τῶν

1771 1077 1842 1130 lla
1893 1075 2245 1130 aﬂ‘ectationo-
2279 1075 2595 1131 meminisse
2633 1075 3023 1132 sententiarum
3052 1075 3295 1130 virorum

124 1168 520 1238 συνακμασάντων
536 1167 686 1238 αὑτῷ
715 1168 938 1238 ἀνδρῶν,
953 1161 1027 1220 ὦν
1054 1168 1113 1221 αἴ
1133 1184 1190 1220 τε
1213 1167 1354 1220 θεῖαι
1381 1167 1486 1220 τῶν
1501 1168 1636 1220 ἀπο-

1774 1169 1826 1222 ui
1857 1185 1981 1224 cum
2023 1170 2143 1240 ipso
2182 1168 2502 1233 ﬂoruerunt,
2536 1183 2766 1238 quorum
2801 1168 2985 1222 divina
3024 1170 3298 1239 apostolo-

127 1261 273 1312 στόλων
304 1260 696 1330 μνημονεύουσι
729 1260 981 1331 Πράξεις,
1031 1261 1121 1313 καὶ
1144 1261 1354 1314 Παύλου
1392 1259 1485 1313 τοῦ
1517 1259 1635 1313 θεο-

1771 1279 1857 1316 um
1896 1261 2028 1316 Acta
2061 1263 2392 1317 mentionem
2438 1262 2664 1324 faciunt,
2691 1274 2745 1319 et
2800 1262 3100 1318 utilissimae
3139 1261 3295 1317 Pauli

125 1351 261 1419 ςιλοῦς
283 1353 332 1404 αί
358 1351 720 1421 πολυωφελεῖς
762 1353 1058 1430 ἐπιστολαὶ,
1097 1353 1158 1406 τὸ
1211 1353 1320 1406 τῶν
1351 1369 1634 1424 συγγραμ-

1772 1353 1829 1408 ιεί
1876 1354 2238 1410 amantissimi
2265 1354 2522 1425 Epistolas
2573 1355 2901 1426 scriptorum
2934 1355 3296 1424 integritatem

126 1443 260 1512 μάτων
282 1443 655 1516 άσκευώρητον
674 1446 1060 1514 ἀποφαίνουσι·
1077 1445 1310 1516 μάλιστα
1336 1445 1391 1498 δὲ
1418 1445 1634 1500 πάντων

1775 1447 2031 1512 eclarant,
2091 1449 2325 1505 maxime
2375 1464 2504 1504 vero
2555 1449 2798 1504 omnium
2849 1449 3154 1504 certissima
3200 1447 3299 1503 do-

124 1535 262 1587 τὸτῶν
292 1535 564 1607 δογμάτων
594 1529 1022 1606 ἀσφαλέστατον.

403 1535 564 1590 ιάτων
594 1529 1022 1606 ἀσφαλέστατον.
1732 1539 1927 1594 ctrina.

179 1628 356 1699 Ἐπειδὴ
385 1629 439 1682 δέ
464 1631 612 1693 τινές
643 1648 800 1700 φασι,
839 1631 911 1702 μὴ
937 1628 1072 1684 εἶναι
1102 1631 1194 1684 τοῦ
1233 1632 1387 1700 ἁγίου
1415 1633 1476 1684 τὸ
1505 1631 1634 1700 σύγ-

1803 1631 2069 1700 Quoniam
2097 1648 2226 1688 vero
2252 1633 2420 1703 aliqui
2449 1633 2638 1688 dicunt
2661 1632 2765 1688 hoc
2787 1633 3049 1702 scriptum
3077 1629 3300 1686 minime

124 1722 360 1790 γραμματ,
390 1722 522 1776 ἀλλά
559 1740 713 1787 τινος
752 1723 859 1776 τῶν
892 1725 1380 1794 μεταγενεστέρων,
1421 1725 1631 1796 ἀνάγκη

1776 1733 1924 1780 meto
1967 1725 2341 1792 tribuendum,
2373 1724 2470 1782 sed
2521 1726 2736 1782 cuidam
2785 1725 3172 1796 posteriorum,
3206 1737 3300 1778 ne-

125 1811 267 1873 αὖτοὺς
284 1813 370 1865 καὶ
387 1813 492 1866 τῶν
506 1814 975 1886 ἀπηγορευμένων
990 1815 1110 1869 τινὰ
1121 1818 1213 1870 καὶ
1235 1817 1448 1871 ἀτόπων
1472 1817 1632 1869 αὑτὸν

1776 1832 1908 1881 esse,
1941 1817 2089 1887 ipsos
2117 1825 2172 1873 et
2197 1819 2496 1888 desperatae
2534 1819 2826 1889 quemdam
2859 1817 3076 1882 salutis,
3107 1829 3172 1870 ac
3205 1815 3300 1869 ali-

124 1901 289 1969 τιθέναι,
325 1897 800 1976 καταψευδόμενον
829 1906 1053 1961 τοιαῦτα
1099 1906 1312 1972 ἑαυτοῦ,
1352 1908 1427 1972 ὡς
1469 1909 1632 1979 συνῆν

1777 1910 1960 1964 irdum
2004 1911 2150 1982 hunc
2198 1913 2532 1976 existimare,
2563 1912 2693 1966 talia
2721 1911 2788 1966 de
2816 1911 2998 1980 seipso
3029 1908 3301 1964 mentien-

125 1997 200 2057 τοῖς
219 1997 524 2063 ἀποστόλοις,
551 2000 651 2053 καὶ
683 1999 997 2053 ἐπέστελλεν
1035 1995 1116 2064 οἷς
1150 2001 1268 2054 οὑδὲ
1322 2003 1630 2070 συνεγένετό

1773 2019 1865 2068 nn,
1899 2003 2045 2074 quod
2088 2005 2350 2075 apostolis
2379 2005 2682 2059 convixerit
2735 2019 2799 2057 ac
2829 2004 3041 2058 litteras
3069 2000 3297 2064 miserit,

125 2104 212 2140 ποτε
253 2091 357 2142 κατ’
391 2091 614 2158 αὑτοὺς,
672 2093 793 2146 οὑδὲ
852 2093 1151 2146 ἐπέστειλε.

1731 2097 1932 2166 quibus
1957 2113 2235 2169 nunquam
2264 2098 2436 2153 adfuit
2467 2114 2645 2169 neque
2674 2099 2911 2168 scripsit.

169 2179 287 2234 Τὸδὲ
335 2185 422 2237 καὶ
482 2184 799 2239 πλάσασθαι
842 2189 1176 2259 προφητείαν
1218 2188 1353 2260 πρὸς
1384 2189 1474 2242 τὸν
1499 2190 1632 2242 ἀπό-

1801 2190 1973 2246 Porro
2001 2191 2166 2246 etiam
2188 2191 2505 2247 vaticinium
2536 2191 2736 2262 ﬁngere
2778 2188 2845 2243 ad
2875 2187 3138 2243 Joannem
3171 2201 3303 2257 apo-

125 2269 254 2322 στολον
286 2272 526 2347 Ἰωάννην
557 2279 618 2330 ἐν
654 2277 840 2350 ὲξορίᾳ
867 2279 1013 2345 ὄντα,
1068 2281 1143 2344 ὼς
1174 2282 1428 2352 ἐπανήξει
1471 2283 1632 2338 πάλιν

1778 2285 1932 2338 ‘olum
1973 2285 2026 2338 in
2056 2284 2250 2340 exsilio
2281 2291 2608 2351 versantem,
2641 2283 2786 2354 quod
2816 2283 3009 2337 iterum
3059 2281 3112 2334 in
3143 2280 3302 2334 Asia-

123 2359 538 2431 ιίςνὴνἋσιάτιδα
573 2369 705 2439 γῆν,
748 2372 842 2424 καὶ
884 2371 952 2424 τὰ
992 2372 1194 2446 συνήθη
1228 2373 1445 2440 διδάξει,
1473 2375 1632 2429 τοῦτο

1777 2389 1860 2430 am
1909 2383 2111 2431 terram
2160 2373 2482 2442 revertetur,
2513 2383 2568 2432 et
2619 2383 2883 2450 consueta
2929 2373 3170 2436 docebit,
3198 2372 3301 2427 hoc

122 2455 403 2527 τερατολόγου
459 2461 666 2534 ἀνδρὸς
692 2463 783 2516 καὶ
843 2465 1120 2535 προφήτου
1176 2464 1331 2530 δόξαν
1381 2467 1632 2537 ἐκμανῶς

1775 2474 1836 2529 st,
1861 2467 2271 2538 praestigiatoris
2301 2468 2536 2524 hominis
2587 2475 2640 2522 et
2686 2466 2961 2537 prophetae
2990 2463 3299 2535 opinionem

123 2541 385 2616 θηρωμένου.

1734 2559 1926 2614 insane
1954 2561 2225 2616 venantis.

167 2635 220 2688 Τὸ
262 2639 310 2692 δὲ
361 2644 452 2696 καὶ
489 2645 678 2713 λέγειν
718 2647 879 2701 αὑτὸν
911 2650 970 2702 ἐν
1029 2650 1175 2723 αὑτῷ
1205 2659 1286 2730 τῷ
1337 2653 1512 2724 καιρῷ
1536 2654 1630 2708 τοῦ

1805 2649 1984 2720 ipsum
2013 2659 2192 2708 autem
2235 2652 2418 2708 dicere
2445 2667 2503 2708 se
2532 2660 2775 2722 tempore
2806 2649 3063 2706 salutaris
3091 2647 3305 2717 passio-

122 2731 321 2801 ΰωτηρίου
356 2735 565 2801 πάθους
625 2740 686 2791 ἐν
730 2738 1060 2796 ’Ἡλιουπόλει
1107 2742 1331 2796 συνόντα
1392 2743 1634 2798 Ἀπολλο-

1780 2745 1822 2800 is
1863 2743 2131 2814 Heliopoli
2161 2761 2283 2799 cum
2329 2744 2705 2815 Apollophane
2747 2749 3015 2813 agentem,
3054 2739 3304 2810 specula-

120 2823 246 2890 φάνει,
275 2825 488 2901 θεωρεῖν
515 2831 616 2885 καὶ
635 2831 1054 2902 συμφιλοσοφεῖν
1113 2851 1180 2886 πε
1189 2836 1242 2906 ρ).
1278 2835 1378 2905 τῆς
1406 2835 1633 2907 ἡλιακῆς

1780 2851 1848 2888 Im
1879 2851 1942 2890 ac
1969 2837 2131 2891 simul
2161 2836 2599 2906 philosophatum
2630 2835 2697 2888 de
2724 2833 2891 2888 solari
2923 2832 3133 2902 eclipsi,
3159 2831 3304 2901 quod

118 2915 358 2987 ἐκλείψεως,
389 2922 463 2987 ὡς
490 2923 556 2976 οὑ
589 2923 730 2977 κατά
756 2924 916 2994 φύσιν
943 2926 1063 2980 οὑδέ
1113 2926 1254 2980 κατὰ
1273 2927 1334 2980 τὸ
1363 2928 1481 2992 ἔθος
1510 2928 1632 2982 τότε

1783 2945 1844 2983 on
1873 2929 2172 2983 secundum
2204 2936 2455 2982 naturam
2486 2926 2663 2996 neque
2691 2924 2993 2981 secundum
3017 2929 3307 2978 consuetu-

117 3012 422 3086 γεγενημένης
443 3032 457 3046 ο
503 3009 690 3084 λέγειν
713 3016 771 3069 δὲ
800 3017 961 3072 αὑτὸν
993 3020 1082 3072 καὶ
1106 3024 1360 3093 παρεῖναι
1395 3024 1491 3076 σὺν
1517 3026 1633 3089 τοῖς

1781 3025 1916 3078 inem
1965 3032 2079 3078 tum
2127 3021 2445 3086 accidisset;
2479 3019 2659 3075 dicere
2709 3026 2889 3074 autem
2935 3032 2994 3073 se
3036 3030 3146 3072 una
3181 3029 3305 3070 cum

117 3098 365 3168 ἀποστόλοις
391 3109 458 3178 τῇ
496 3107 807 3180 προκομιδῇ
837 3109 931 3162 τοῦ
970 3110 1219 3180 λειψάνου
1247 3113 1340 3166 τοῦ
1363 3113 1507 3168 θείου
1535 3116 1634 3187 τῆς

1785 3117 1996 3185 )ostolis
2035 3113 2350 3171 interfuisse
2391 3129 2515 3167 cum
2563 3112 2808 3167 divinum
2859 3123 3060 3180 corpus
3103 3113 3309 3164 sancta

115 3188 230 3255 ἁγίας
255 3193 493 3252 θεοτόκου
536 3199 761 3268 Μαρίας
785 3218 797 3231 ·
834 3203 928 3256 καὶ
953 3205 1175 3275 χρήσεις
1209 3207 1502 3279 προφέρειν
1537 3208 1634 3261 Ἰε-

1787 3210 1981 3280 ciparae
2026 3208 2209 3262 Mariae
2257 3212 2584 3278 gestaretur,
2634 3219 2700 3259 ac
2747 3203 3045 3259 sententias
3099 3199 3311 3279 proprii.

117 3281 250 3349 ςοθέου
285 3289 371 3342 τοῦ
402 3290 537 3344 ίδίου
585 3292 906 3348 διδασκάλου
941 3297 1006 3350 ἐκ
1031 3297 1138 3350 τῶν
1179 3300 1258 3362 είς
1293 3299 1459 3370 αὐτὴν
1514 3303 1632 3354 ἐπι-

1786 3301 1977 3371 εείδῑτί
2001 3294 2275 3354 Hierothei
2305 3315 2369 3352 ex
2393 3298 2512 3368 ejus
2547 3296 2863 3352 funebribus
2899 3295 2966 3349 ad
2996 3296 3168 3364 ipsam
3194 3307 3310 3348 ser-

112 3377 265 3441 ta;in
289 3381 456 3452 λόγων
477 3401 494 3416 °
530 3384 864 3440 πλάττεσθαι
886 3388 944 3442 δὲ
963 3391 1057 3443 κατ⁹
1081 3383 1369 3456 ἐπιστολάς
1417 3395 1511 3447 καὶ
1540 3393 1628 3447 λό-

1785 3393 1994 3448 ιοηὶῢυε
2020 3390 2283 3462 proferre,
2311 3389 2512 3460 ﬁngere
2558 3389 2718 3444 etiam
2765 3388 3024 3458 epistolas
3061 3393 3114 3440 et
3145 3384 3309 3440 verba

109 3478 203 3558 γους
218 3467 282 3533 ὡς
311 3474 443 3543 πρὸς
471 3475 605 3538 τοὺς
640 3475 888 3549 μαθητάς
918 3478 1028 3532 τῶν
1060 3480 1370 3536 ἀποστόλων
1393 3485 1633 3558 ἐκφωνη-

1783 3497 1999 3552 mquam
2054 3482 2125 3536 ab
2171 3481 2540 3551 apostolorum
2590 3479 2878 3550 diScipulis
2924 3475 3307 3548 pronuntiata,

111 3550 278 3623 θέντας,
312 3563 483 3634 πόσης
537 3567 772 3632 ἀτοπίας
827 3572 922 3625 καὶ
969 3573 1386 3643 καταγνώσεως,
1423 3577 1518 3632 καὶ
1555 3577 1633 3649 τῷ

1785 3550 1959 3628 uantze
1981 3550 2431 3637 absurditatis,.et
2453 3569 2928 3626 condemnationis
2950 3567 3128 3623 cuivis
3147 3567 3309 3622 etiam

109 3652 270 3720 τυχόντι
298 3657 591 3730 ἀνθρώπῳ,
631 3661 761 3733 μήτι
799 3679 862 3731 γε
890 3660 952 3734 δή
973 3665 1128 3738 ἀνδρὶ
1173 3667 1424 3722 τοσοῦτον
1468 3662 1633 3740 ἀνηγέ

1819 3667 1974 3737 plebe
2026 3667 2263 3730 homini,
2325 3680 2393 3720 ne
2435 3666 2612 3721 dicam
2655 3665 2774 3720 viro
2815 3663 2952 3718 adeo
2983 3659 3228 3716 moribus
3257 3665 3310 3714 et

269 3751 402 3803 κατά
452 3769 517 3804 τε
546 3747 683 3822 ἦθος
736 3755 830 3806 καὶ
859 3757 1077 3823 γνῶσιν,
1111 3759 1205 3811 καὶ
1233 3759 1294 3811 τὸ
1321 3760 1635 3832 ὑπεραίρειν

1788 3759 1966 3814 :ientia
2024 3761 2254 3820 elevato,
2301 3766 2357 3814 et
2403 3767 2601 3813 cuncta
2649 3757 2872 3814 sensilia
2918 3755 3218 3826 superanti,
3248 3766 3312 3806 ac

108 3831 153 3883 τὰ
189 3837 396 3911 αἰσθητά
454 3843 664 3906 πάντα,
705 3847 800 3899 καὶ
850 3850 963 3910 τοῖς
1011 3851 1217 3921 νοεροῖς
1273 3831 1632 3906 συνάπτεσθαι

1793 3851 2238 3908 ilchritudinibus
2267 3857 2449 3904 mente
2493 3850 2734 3920 praeditis
2777 3848 3098 3918 conjuncto,
3149 3840 3317 3914 atque

105 3924 295 3992 κάλλεσι,
334 3933 428 3986 καὶ
457 3933 528 3987 δι’
562 3934 744 3988 αὑτῶν
775 3937 850 4000 ὡς
883 3939 1102 4006 ἐφικτὸν
1145 3939 1262 4010 Θεῷ
1291 3935 1305 3990 l

1075 3958 1102 3993 ν
1145 3939 1262 4010 Θεῷ
1291 3935 1305 3990 !
1741 3961 1839 4016 per
1873 3960 1968 4000 eas
2003 3953 2268 4016 quantum
2298 3945 2424 3999 licet
2448 3943 2596 3998 Deo!

165 4016 508 4096 Ἐξηγητικῷν
527 4016 631 4098 μέν
651 4024 746 4081 οὗν
775 4030 1180 4102 ὑπομνημάτων
1198 4033 1275 4096 ὼς
1293 4035 1374 4087 ὄτι
1403 4034 1638 4105 μάλιστα

1813 4037 2234 4094 Commentariis
2285 4034 2506 4105 quidem
2536 4032 2888 4102 amplissimis
2922 4029 2990 4084 ad
3037 4029 3310 4096 interpre-

104 4104 509 4175 διεξοδικωτάτων
570 4120 744 4172 ἐδεῖτο
789 4123 924 4192 πρὸς
989 4123 1281 4194 ἑρμηνείαν
1325 4126 1425 4196 τῆς
1471 4126 1628 4178 αὑτοῦ

1790 4129 2005 4186 itionem
2035 4129 2269 4198 copiosae
2299 4128 2436 4182 adeo
2465 4124 2713 4181 scientiae
2765 4138 2904 4192 opus
2932 4126 3050 4176 erat
3075 4137 3089 4185 ;
3123 4128 3314 4172 tamen

107 4200 444 4274 πολυμαθείας·
479 4209 625 4282 πλὴν
678 4211 1231 4286 κεφαλαιωδέστερον,
1285 4215 1420 4286 ὡςὴ
1458 4216 1631 4286 βίϐλος

1789 4223 1990 4285 revius,
2023 4227 2289 4292 quantum
2329 4233 2516 4289 margo
2543 4217 2670 4272 libri
2715 4212 2981 4285 capiebat,
3027 4211 3122 4267 Dei
3140 4209 3313 4264 fretus

105 4293 321 4386 ἐχώρησε,
376 4301 468 4356 διὰ
499 4302 754 4373 σχολίων,
777 4303 847 4357 τά
895 4306 1132 4375 φανέντα
1164 4325 1273 4378 μοι,
1308 4307 1414 4379 θεῷ
1445 4325 1629 4362 πεποι-

1789 4317 1974 4382 ιιιίιίο,
2000 4331 2064 4371 ea
2094 4330 2215 4386 quae
2246 4313 2378 4368 mihi
2407 4313 2524 4368 visa
2557 4317 2685 4367 sunt
2707 4309 2929 4366 scholiis
2949 4307 3003 4362 in
3025 4312 3313 4376 sequentes

249 4394 620 4464 παρατέθεικα
661 4396 802 4450 κατά
847 4398 974 4462 τοὺς
1029 4398 1155 4470 ἐξῆς
1203 4401 1630 4473 παρακειμένους

1791 4408 1940 4471 bros,
1990 4423 2128 4479 quos
2192 4407 2259 4460 ad
2316 4421 2464 4462 meas
2513 4405 2779 4459 hactenus
2803 4401 3087 4474 pervenire
3120 4411 3315 4454 manus

105 4473 288 4546 λόγους,
326 4486 416 4551 οὑς
445 4489 588 4554 τέως
633 4492 715 4554 είς
766 4490 864 4556 τὰς
909 4492 1047 4564 ἐμάς
1101 4493 1274 4547 ἐλθεῖν
1329 4495 1629 4567 συμϐέϐηκε

766 4490 864 4556 τὰς
909 4492 1047 4564 ἐμὰς
1101 4493 1274 4547 ἐλθεῖν
1329 4495 1640 4567 συμϐέϐηκε
1749 4473 2272 4570 contigit-apposui.

106 4571 252 4640 χεῖρας
272 4577 310 4630 ⁸.
1011 4651 1019 4658 ο

1080 4675 1166 4729 Ea:
1193 4675 1408 4731 scholiis
1439 4675 1838 4748 diligentissimi
1866 4679 2146 4750 cujusdam
2176 4679 2296 4734 viri.

164 4776 337 4834 ’ἰστέον
365 4781 439 4848 ὥς
465 4803 618 4849 τινες
655 4787 762 4840 τῶν
803 4788 906 4855 ἔξω
934 4789 1258 4860 φιλοσόφων,
1290 4793 1384 4845 καὶ
1415 4793 1646 4864 μάλιστα
1677 4798 1688 4854 1

1825 4796 2118 4851 Sciendum
2176 4796 2390 4866 aliquos
2443 4793 2798 4866 profanorum
2841 4792 3315 4863 philosophorum,

103 4864 325 4936 “Villae,
363 4875 690 4948 θεωρήμασι
745 4879 1004 4946 πολλάκις
1029 4881 1126 4936 τοῦ
1153 4886 1422 4955 μακαρίου
1461 4888 1627 4939 Διονυ-

1797 4888 2066 4941 ;maxime
2120 4886 2398 4950 Proclum,
2455 4901 2598 4956 saepe
2636 4899 2795 4940 usum
2848 4884 3321 4954 speculationibus

105 4956 192 5010 σίου
212 4963 483 5036 κέχρηται,
548 4970 646 5023 καὶ
694 4971 884 5035 αὑταῖς
933 4973 990 5027 δὲ
1037 4973 1228 5046 ξηραῖς
1270 4979 1390 5040 ταῖς
1435 4977 1629 5044 λέξεσι·

1797 4978 1898 5032 eali
1971 4977 2251 5048 Dionysii;
2304 4978 2412 5031 imo
2459 4976 2595 5046 ipsis
2652 4976 2817 5030 etiam
2871 4974 3036 5030 nudis
3063 4973 3321 5030 dictioni-

100 5051 179 5101 καὶ
205 5052 338 5110 ἐστιν
365 5060 626 5115 ὑπόνοιαν
656 5063 720 5115 ἐκ
741 5063 927 5116 τούτου
979 5066 1161 5119 λαϐεῖν
1194 5067 1270 5131 ὡς
1314 5071 1363 5121 ol
1393 5071 1449 5121 ὲν
1489 5065 1624 5142 Ἀθή

1794 5087 1882 5136 as;
1936 5069 2082 5124 unde
2156 5084 2221 5123 ex
2280 5069 2386 5122 hoc
2443 5066 2713 5137 suspicari
2770 5065 2916 5130 licet,
2981 5067 3318 5136 antiquiores

101 5157 201 5206 ναις
233 5149 560 5227 παλαιότεροι
590 5155 702 5209 τῶν
726 5157 1045 5228 φιλοσόφων,
1077 5161 1522 5232 σφετερισάμενοι
1547 5162 1625 5215 τὰ.

1791 5162 1977 5216 ,ιὴεηίε
2025 5161 2401 5231 philosophos,
2433 5159 2599 5228 hujus
2626 5174 2788 5228 opera
2822 5159 2924 5214 sibi
2955 5158 3315 5218 vindicantes,

101 5235 242 5291 αὑτοῦ
283 5247 679 5317 πραγματείας,
711 5247 786 5310 ὡς
834 5251 890 5302 ὲν
936 5253 1003 5322 τῇ
1044 5252 1293 5323 παρούσῃ
1323 5253 1625 5324 ἀπομνημο·

1796 5262 1897 5310 cut
1955 5255 2012 5308 in
2056 5241 2312 5323 praesenti
2364 5252 2506 5305 libro
2567 5251 2844 5312 admonet,
2875 5253 3202 5312 occultasse,
3260 5256 3320 5300 ut

102 5330 226 5385 νεύει
248 5335 419 5410 βίϐλῳ,
470 5340 824 5411 ἀπέκρυψαν,
860 5342 947 5396 ἵνα
983 5343 1220 5415 πατέρες
1249 5345 1401 5397 αὑτοὶ
1443 5345 1626 5413 ὁφθῶσ

1796 5344 1854 5398 νεὶ
1911 5343 2221 5397 divinorum
2271 5340 2390 5408 eius
2450 5341 2712 5394 librorum
2748 5347 3000 5395 auctores
3043 5354 3107 5392 ac
3137 5343 3320 5408 patres

103 5421 193 5474 τῶν
215 5426 360 5483 θείων
402 5433 570 5486 αὑτοῦ
616 5432 849 5502 λογίωνο
879 5436 973 5489 καὶ
1016 5439 1134 5490 κατ’
1167 5437 1479 5507 οἰκονομίαν
1510 5436 1627 5489 Θεοί

1797 5436 2100 5500 iderentur;
2158 5441 2213 5489 et
2259 5432 2351 5488 Dei
2420 5433 2828 5503 dispensatione
2883 5445 3028 5485 nunc
3078 5445 3321 5499 praesens

102 5511 183 5565 νῦν
208 5518 432 5596 ἀνεφάνη
474 5529 509 5598 ή
565 5524 821 5597 παροῦσα
848 5528 1202 5598 πραγματεία
1247 5529 1383 5600 πρὸς
1429 5528 1626 5598 έλεΥΧσ

1800 5544 1890 5597 pus
1914 5528 2344 5583 demonstratum
2388 5532 2492 5589 est,
2557 5524 2624 5578 ad
2680 5523 2921 5594 ipsorum
2945 5521 3238 5577 vanitatem
3269 5529 3324 5575 et

102 5605 187 5676 τῆς
209 5613 371 5671 αὐτῶν
397 5618 714 5684 κενοδοξίας
735 5620 830 5672 καὶ
852 5621 1214 5694 ῥᾳδιουργίας.
1234 5623 1453 5678 Καὶ’ὄτι
1490 5622 1626 5692 σύνη

1798 5621 2051 5691 equitiam
2105 5617 2561 5688 redarguendam.
2615 5614 2903 5670 Familiare
2959 5619 3141 5668 autem
3187 5613 3322 5684 ipsis

1005 5754 1241 5811 VARle
1277 5756 1663 5814 LECTIONES
1693 5755 1782 5810 ET
1820 5753 2368 5812 CORRECTIONES.

173 5867 193 5896 ⁷
223 5871 510 5946 σύνταγμα.
595 5877 620 5909 ⁸
643 5874 1042 5947 _Dionysianum
1063 5895 1164 5933 ms.
1191 5878 1363 5933 minus
1407 5887 1540 5933 recte
1578 5895 1689 5932 meo
1722 5876 1925 5946 judicio
1972 5877 2124 5944 ponit
2168 5882 2262 5932 hoc
2295 5877 2415 5931 loco
2456 5892 2517 5930 ea
2546 5887 2659 5944 quae
2687 5870 2739 5924 in
2771 5865 2996 5923 editione
3026 5864 3324 5921 Moreliana

112 5941 474 6013 ﬁrmauerant,
505 5941 703 6018 ἐπειδὴ
725 5944 781 6000 δέ
799 5941 970 6014 τινες,
1014 5964 1169 6019 quant
1201 5948 1417 6019 proinde
1446 5950 1529 6002 hic
1565 5966 1636 6018 seq

519 5941 703 6018 ίπειδὴ
725 5944 781 6000 δέ
799 5941 970 6014 τινες,
1014 5964 1169 6019 quant
1201 5948 1417 6019 proinde
1446 5950 1529 6002 hic
1565 5941 2043 6018 sequi'maluimtts.
