3860 6602
388 447 448 502 5|
1171 441 1520 499 APPENDIX
1552 442 1645 497 AD
1675 441 1907 499 OPERA
1944 443 2001 500 S.
2040 440 2345 498 DIONYSII
2380 436 2846 496 AREOPAGITIE

3573 427 3663 483 3'2
3692 432 3705 437 ’

386 559 532 614 enim
600 557 704 614 ista
762 558 1116 631 scripturaj),
1184 567 1414 630 tumque
1482 558 1686 613 editam
1761 558 1959 617 fuisse.

2095 562 2183 631 ικῇ
2224 556 2479 629 ἐπιστολῇ
2503 573 2516 586 ·
2537 554 2745 610 ἐκεῖθεν
2771 553 2882 625 γάρ
2918 551 3033 604 ἐστι
3077 547 3140 601 τὸ
3184 542 3382 620 ῥητόνο
3427 538 3525 596 καὶ
3561 541 3660 596 δτι

465 736 670 792 Etenim
694 754 758 793 ex
785 740 920 810 ipso.
952 737 1079 794 Haec
1119 738 1189 795 de
1223 738 1386 803 Filio,
1419 745 1683 810 tanquam
1715 739 1852 805 Deo,
1883 741 1963 796 lo-

389 842 594 902 quitur.

462 920 492 997 §
520 920 583 978 ll.
616 922 658 974 A
677 919 927 980 Patribus
954 920 1211 976 traditas.
1235 920 1429 980 Patres
1454 923 1543 978 hic
1563 923 1839 994 signiﬁcat
1854 938 1962 980 -eos
1998 920 2001 923 Α

387 1011 482 1079 qui
511 1010 615 1079 ipsi
657 1012 962 1066 doctrinam
1003 1013 1370 1079 tradiderunt,
1412 1030 1523 1070 non
1564 1029 1696 1070 vero
1732 1023 1961 1070 natura-

388 1101 502 1169 les;
534 1117 600 1156 ex
634 1103 933 1173 gentilibus
957 1105 1104 1160 enim
1144 1113 1262 1161 erat
1294 1123 1308 1157 :
1344 1106 1490 1162 sicut
1520 1107 1801 1163 declarant
1830 1107 1964 1162 Acta

387 1200 703 1249 sanctorum
743 1196 1137 1265 apostolorum,
1176 1206 1345 1269 atque
1379 1198 1496 1269 ipse
1523 1199 1580 1254 in
1616 1200 1847 1270 epistola
1896 1198 1962 1253 ad

385 1290 639 1339 sanctum
679 1284 1064 1357 Polycarpum,
1094 1294 1150 1343 et
1193 1289 1252 1343 in
1311 1290 1491 1359 capite
1526 1304 1674 1345 nono
1723 1289 1963 1345 Calcatis

384 1372 716 1431 hierarchim.

452 1465 770 1537 Symbolice.
804 1467 990 1540 Neque
1026 1473 1172 1525 enim
1209 1488 1463 1528 sermone
1508 1472 1835 1527 naturaliter
1875 1487 1967 1528 ac-

384 1569 541 1631 cepto
568 1559 701 1615 dicit
728 1577 743 1628 ;
773 1563 870 1618 sed
897 1579 995 1634 per
1034 1564 1193 1635 signa
1223 1564 1471 1635 quaedam
1498 1574 1554 1621 et
1584 1566 1874 1637 imagines.

455 1649 738 1719 ﬂentium,
788 1651 883 1708 Gr.
914 1653 1074 1713 νοῶν.
1124 1655 1268 1718 Νόας
1298 1664 1498 1711 vocant
1544 1658 1708 1712 etiam
1738 1657 1966 1729 gentiles

385 1744 716 1816 philosophi,
763 1746 1157 1817 intelligentes,
1215 1763 1315 1804 seu
1364 1748 1642 1819 angelicas
1683 1749 1963 1816 virtutes;

384 1840 827 1912 quandoquidem
868 1843 1095 1898 omnino
1174 1844 1558 1916 unusquisque
1599 1844 1846 1916 ipsorum
1895 1845 1968 1901 sit

2064 649 2341 704 ἐκδοθεῖσα
2368 643 2436 720 ἧν
2464 647 2586 719 ήδη.
2764 687 2770 692 -

2135 742 2247 796 Καὶ
2290 740 2403 812 γὰρ
2442 738 2513 805 ἐξ
2560 739 2770 795 αὐτοῦ.
2818 736 3004 791 Ταῦτα
3045 733 3173 806 περὶ
3215 731 3311 786 τοῦ
3356 729 3487 785 Υίοῦ
3530 728 3665 783 θεο-

2064 835 2234 905 λογεί.

2140 927 2168 1002 §
2207 928 2274 980 Il.
2321 921 2874 994 Πατροπαραδότου.
2925 919 3177 991 Πατέρας
3226 912 3461 970 ἐνταῦθα
3502 910 3662 984 δηλοῖ

2068 1020 2251 1082 ¹¹’τοί›ς
2278 1018 2617 1091 παραδόντας
2635 1014 2783 1087 αὐτῷ
2796 1014 2858 1067 τὸ
2883 1012 3080 1084 δόγμα,
3112 1011 3176 1065 οὐ
3209 1009 3313 1082 μὴν
3331 1008 3458 1070 τοὺς
3490 1021 3662 1075 φυσι-

2066 1111 2196 1176 κούς
2226 1128 2239 1141 ·
2271 1108 2331 1176 ἐξ
2367 1109 2634 1182 Ἑλλήνων
2659 1106 2769 1180 γὰρ
2813 1102 2903 1178 ἦν,
2931 1104 3008 1167 ὡς
3036 1101 3286 1174 δηλοῦσιν
3324 1099 3384 1153 αἱ
3414 1095 3659 1169 Πράξεις

2067 1204 2174 1258 τῶν
2204 1202 2374 1272 ἁγίων
2421 1201 2752 1263 ἀποστόλων,
2786 1199 2881 1257 καὶ
2923 1196 3085 1261 αὐτὸς
3120 1194 3305 1267 μέντοι
3330 1194 3387 1245 ὲν
3415 1193 3482 1262 τῇ
3513 1188 3657 1259 πρὸς

2065 1297 2157 1352 τὸν
2186 1291 2341 1366 ἆγιον
2381 1294 2741 1366 Πολύκαρπον
2786 1287 3064 1359 ἐπιστολῇ,
3108 1285 3204 1340 καὶ
3246 1285 3305 1337 ὲν
3333 1281 3413 1354 τῷ
3451 1280 3495 1333 θ’
3555 1297 3654 1333 κε·-

2067 1388 2279 1460 φαλαίῳ
2308 1386 2387 1459 τῷ
2414 1385 2558 1455 Περὶ
2590 1383 2702 1452 τῆς
2729 1380 3012 1450 οὐρανίου
3043 1376 3363 1446 ἱεραρχίας.

2138 1476 2539 1550 Συμϐολικῶς.
2582 1476 2657 1531 Οὐ
2687 1474 2796 1545 γὰρ
2834 1469 3227 1543 φυσιολογικῶς
3275 1482 3461 1538 φησιν,
3516 1462 3655 1518 ἀλλὰ

2066 1572 2155 1626 διὰ
2184 1569 2467 1643 συμϐόλων
2496 1566 2657 1621 τινῶν
2684 1566 2779 1620 καὶ
2805 1563 3047 1617 εἰκόνων.

2139 1660 2235 1734 [α’]
2266 1660 2457 1715 Νοῶν.
2484 1659 2631 1722 Νόας
2666 1655 2889 1712 καλοῦσι
2936 1654 3029 1708 καὶ
3054 1652 3105 1706 oi
3146 1652 3278 1723 παρ’
3312 1649 3538 1720 Ἕλλησι
3568 1666 3658 1718 φι-

2067 1755 2284 1825 λόσοφοι
2312 1754 2412 1817 τὰς
2439 1750 2652 1823 νοερὰς,
2673 1751 2792 1822 ἦτοι
2819 1744 3115 1817 άγγελικὰς
3140 1743 3397 1815 δυνάμεις
3418 1760 3432 1773 ·
3467 1740 3657 1812 ἐπειδὴ

2067 1846 2128 1901 τὸ
2173 1847 2281 1900 πᾶν
2317 1845 2441 1908 νοῦς
2477 1845 2624 1897 ἐστιν
2670 1841 2898 1904 ἕκαστος
2938 1837 3137 1901 αὐτῶν,
3180 1836 3275 1890 καὶ
3328 1834 3427 1906 τὴν
3464 1833 3657 1886 οὐσίαν

386 1947 577 2000 mens;
604 1941 658 1989 et
682 1934 995 1991 universam
1019 1936 1388 1991 substantiam
1414 1944 1647 1993 mentem
1669 1939 1963 2003 viventem,

2092 1938 2288 1992 ἰπασαν
2328 1936 2452 1990 νοῦν
2484 1934 2660 2001 ζῶντα
2695 1936 2774 1997 είς
2802 1932 2864 1986 τὸ
2889 1925 3028 1994 εἶδος
3062 1929 3122 1983 τὸ
3151 1927 3361 1982 ἑαυτῶν
3388 1925 3658 1996 οὐσιωμέ-

385 2025 442 2078 in
469 2025 705 2094 speciem
735 2041 891 2081 suam
921 2027 1342 2083 substantialem
1370 2028 1603 2096 habeat;
1639 2029 1760 2092 νόες
1785 2041 1967 2084 autem

383 2124 653 2170 vocantur
690 2124 915 2187 propter
948 2117 1229 2173 meliorem
1261 2117 1653 2175 declinationis
1686 2119 1845 2174 factae
1876 2136 1969 2174 s3-

384 2221 539 2271 num,
586 2202 1030 2278 quandoquidem
1070 2210 1359 2283 oportebat
1406 2225 1434 2263 a
1480 2209 1720 2266 dictione
1763 2213 1792 2267 ὁ
1821 2209 1966 2275 νοῦς,

383 2298 478 2353 τοῦ
500 2298 591 2353 νοῦ
625 2301 833 2370 plurale
862 2302 910 2355 οἱ
941 2304 1024 2356 νοῖ
1049 2317 1198 2369 esse;
1233 2301 1328 2358 sed
1359 2309 1585 2373 propter
1613 2303 1967 2373 euphoniam,

384 2404 454 2442 ex
498 2390 606 2443 ario
650 2398 802 2446 recto
850 2391 1137 2462 singulari,
1185 2390 1391 2447 factum
1422 2400 1508 2449 est
1554 2394 1604 2446 οἱ
1650 2394 1789 2457 νόες.
1845 2392 1972 2448 llaec

277 2498 281 2508 ι
384 2480 529 2534 etaim
578 2482 916 2538 consuetudo
958 2483 1158 2539 Atticis
1201 2484 1298 2555 qui
1343 2484 1535 2539 dicunt
1589 2484 1971 2556 Ἀριστοφάναι

384 2581 440 2625 et
482 2572 771 2645 Σωκράται
818 2589 918 2644 pro
981 2577 1029 2629 οί
1095 2575 1504 2647 Ἀριστοφάνεις
1547 2583 1602 2631 et
1649 2578 1697 2629 οἱ
1745 2575 1971 2648 Σωκρά-

384 2680 519 2727 τεις.
558 2662 698 2718 Sunt
719 2680 851 2720 vero
877 2666 1042 2720 etiam
1070 2665 1166 2736 qui
1208 2666 1396 2721 dicant
1426 2669 1474 2720 οἱ
1506 2666 1615 2721 νόοι
1650 2674 1909 2737 tanquam
1941 2682 1993 2721 ιλ

386 2756 524 2821 νόος,
559 2757 654 2810 τοῦ
690 2759 845 2824 νόου;
880 2766 1037 2814 vocat
1080 2766 1262 2815 autem
1292 2760 1457 2815 etiam
1494 2758 1782 2830 Scriptura
1824 2761 1972 2831 ipsas

387 2847 493 2903 hoc
533 2849 774 2915 nomine,
819 2851 965 2907 sicut
1007 2853 1064 2905 in
1104 2851 1266 2920 Isaia,
1312 2869 1458 2909 mens
1502 2870 1697 2926 magna
1733 2855 1972 2927 princeps

387 2938 698 3012 Babylonis,
732 2942 837 2997 hoc
863 2950 949 2998 est
985 2941 1259 3000 diabolus.
1308 2942 1624 3001 Secundum
1665 2946 1823 3002 Iones
1866 2947 1970 3018 igi-

388 3039 508 3096 tur,
543 3031 688 3098 νοῦς,
721 3033 858 3098 νοὸς,
889 3034 1030 3099 νόες,
1067 3035 1211 3090 sicut
1256 3034 1445 3109 χροῦς,
1476 3038 1657 3115 χροὸς,
1704 3041 1752 3092 οἱ
1779 3038 1966 3113 χρόες⁹

388 3122 572 3181 Ionica
600 3127 747 3181 enim
776 3127 1093 3183 declinatio.

460 3230 1142 3309 Superprineipialem,‘Gr.
1200 3243 1554 3315 ὑπεράρχιον.
1612 3245 1975 3319 Ὑπεράρχιος

391 3327 538 3386 Deus
560 3337 646 3386 est
683 3332 849 3387 veluti
898 3348 1067 3404 supra
1099 3348 1264 3389 omne
1306 3336 1663 3408 principium,
1694 3344 1748 3392 et
1790 3337 1973 3392 lumen

391 3421 540 3493 quod
567 3438 598 3477 a
624 3422 735 3480 Deo
760 3426 1093 3497 principium
1123 3427 1318 3496 habet;
1349 3436 1613 3500 tanquam
1642 3430 1974 3502 principium

392 3530 583 3570 eorum
635 3519 729 3587 qui
784 3518 1046 3574 dicuntur
1090 3519 1187 3588 dii,
1236 3522 1579 3592 angelorum,
1614 3520 1878 3591 inquam,
1922 3530 1976 3577 et

388 3607 667 3680 iustorum
695 3611 998 3667 hominum.

469 3698 787 3769 Intimitate,
823 3702 918 3759 Gr.
952 3703 1251 3777 ὲνδότητος.
1297 3705 1584 3778 Ἐνδότητα
1616 3706 1749 3761 dicit
1787 3707 1976 3761 occul-

392 3792 695 3862 tationem;
741 3796 966 3867 ignotus
995 3796 1144 3852 enim
1173 3805 1258 3853 est
1285 3799 1546 3855 omnibus
1576 3798 1664 3864 iis,
1695 3798 1790 3869 qui
1823 3806 1980 3854 extra

393 3882 576 3953 ipsum
606 3894 755 3945 sunt.

463 3975 1027 4049 Contemperationem.
1087 3980 1226 4035 Nota
1282 3982 1814 4051 contemperationem
1843 4024 1858 4050 ,
1926 3993 1981 4039 et

394 4068 878 4139 quare-divinitas,
907 4088 1033 4128 cum
1059 4090 1167 4128 una
1195 4075 1287 4140 sit,
1315 4075 1729 4145 multiplicetur.

465 4161 519 4232 3
552 4161 1029 4231 Operimentorum,
1071 4164 1167 4222 Gr.
1211 4166 1750 4238 παραπετασμάτων.
1796 4167 1982 4238 Παρα-

398 4252 728 4323 πετάσματα
771 4270 869 4311 seu
899 4257 1021 4311 vela
1058 4256 1192 4311 dicit
1240 4274 1303 4313 ea
1341 4273 1464 4328 quae
1510 4259 1676 4313 modo
1713 4272 1982 4328 corporeo

398 4343 660 4400 dicuntur
692 4346 761 4401 de
795 4346 904 4402 Deo
945 4348 1002 4400 in
1036 4344 1360 4418 Scripturis,
1393 4349 1561 4405 veluti
1609 4348 1981 4405 membrorum

401 4437 789 4505 humanorum,
837 4448 892 4496 et
922 4441 1187 4497 virtutum
1221 4444 1530 4513 aliquarum
1563 4441 1979 4513 appellationes.

397 4528 537 4586 Nota
577 4540 780 4599 autem,
813 4535 962 4606 quod
991 4536 1112 4592 sine
1141 4536 1331 4607 ﬁguris
1357 4537 1684 4610 [aliquibus]
1723 4545 1779 4593 et
1808 4538 1984 4609 signis

400 4625 519 4679 tieri
569 4633 805 4695 nequeat
848 4642 951 4682 nos
994 4627 1050 4683 in
1100 4645 1267 4684 carne
1284 4633 1616 4688 exsistentes
1647 4629 1850 4684 intueri
1892 4645 1982 4684 res

2068 2048 2157 2085 νον
2186 2030 2326 2101 ἔχει·
2375 2025 2496 2092 νεὲς
2544 2025 2830 2081 καλοῦνται
2860 2024 2996 2096 πρὸς
3039 2020 3102 2076 τὸ
3141 2018 3513 2091 εὐφωνότερον
3556 2017 3657 2087 τῆς

2068 2121 2297 2185 κλίσεως
2324 2119 2657 2191 γενομένης·
2703 2116 2889 2188 ἐπειδὴ
2925 2114 3091 2187 ἐχρῆν
3124 2112 3232 2166 ἀπὸ
3270 2109 3366 2165 τοῦ
3415 2113 3448 2164 ό
3490 2109 3653 2172 νοῦς,

2067 2213 2175 2268 τοῦ
2212 2213 2344 2277 νοῦ,
2380 2213 2442 2266 τὸ
2472 2210 2831 2283 πληθυντικὸν
2858 2211 2911 2262 οἱ
2940 2206 3034 2263 νοῖ
3059 2201 3199 2262 εἶναι
3217 2221 3231 2236 ·
3262 2202 3398 2263 ἀλλὰ
3423 2201 3514 2256 διὰ
3556 2200 3656 2273 τὴν

2069 2307 2340 2377 εὐφωνίαν
2368 2305 2428 2371 ἐξ
2454 2304 2619 2376 ἄλλης
2647 2302 2860 2366 εὐθείας
2901 2298 3086 2370 ἐνικῆς
3113 2298 3336 2367 γέγονεν
3379 2297 3434 2349 οὶ
3474 2294 3612 2361 νόος
3634 2310 3650 2324 ο

2069 2398 2191 2463 ἔθος
2223 2398 2334 2471 γὰρ
2371 2396 2531 2451 τοῦτο
2570 2396 2856 2458 Ἀττικοῖς,
2899 2392 2954 2446 οῖ
2999 2407 3183 2462 φασιν,
3224 2386 3653 2457 Ἀριστοφάναι

2070 2492 2166 2545 καὶ
2210 2489 2534 2560 Σωκράται,
2581 2488 2702 2542 ἀντὶ
2728 2486 2823 2541 τοῦ
2856 2488 2910 2540 οι
2966 2481 3412 2553 Ἀριστοςράνεις
3464 2479 3560 2534 καί
3599 2481 3657 2532 οἱ

2072 2582 2421 2652 Σωκράτεις.
2465 2581 2588 2635 Εἰσὶ
2613 2579 2670 2634 δὲ
2708 2579 2802 2633 καὶ
2834 2577 3085 2647 λέγοντες
3129 2578 3185 2629 οἱ
3226 2574 3377 2636 νόοι,
3424 2571 3502 2635 ὡς
3546 2570 3656 2624 ἀπὸ

2070 2674 2165 2731 τοῦ
2218 2677 2252 2729 ὁ
2293 2674 2466 2740 νόος,
2520 2671 2628 2726 τοῦ
2677 2671 2855 2725 νόον
2905 2667 3061 2723 καλεῖ
3105 2665 3163 2720 δὲ
3197 2666 3426 2729 ,αὐτοὺς
3486 2662 3581 2717 καὶ
3616 2663 3653 2730 ἡ

2073 2765 2264 2839 Γραφὴ
2292 2764 2371 2837 τῷ
2397 2763 2622 2835 ὀνόματι
2638 2761 2833 2834 τούτῳ,
2854 2761 2931 2825 ὡς
2959 2760 3018 2814 ὲν
3047 2751 3265 2827 Ἠσαϊᾳο
3289 2755 3451 2829 Νοῦς
3466 2754 3658 2825 μένεις

2073 2863 2106 2913 ό
2129 2859 2330 2929 ἅρχων
2357 2854 2737 2921 Βαϐυλῶνος,
2779 2851 2922 2907 τοῦτ’
2957 2851 3104 2906 ἔστιν
3133 2852 3162 2904 ὁ
3188 2848 3465 2912 διάϐολος⁸
3515 2844 3658 2900 κατὰ

2077 2953 2270 3015 Ἴωνας
2295 2950 2474 3005 τοίνυν
2503 2947 2675 3014 νοῦς,
2704 2946 2864 3013 νοὸς,
2892 2944 3051 3012 νόος,
3081 2944 3156 3008 ὡς
3180 2941 3366 3015 χροῦς,
3397 2939 3579 3013 χροὸς,
3605 2936 3657 2990 of.

2073 3047 2261 3118 χρόες·
2308 3040 2522 3114 Ἰωνικὴ
2549 3039 2659 3112 γὰρ
2691 3041 2725 3111 ἠ
2755 3038 2951 3102 κλίσις.

2162 3266 2572 3335 Ὑπεράρχιον.
2607 3261 3011 3334 Ὑπεράρχιοςό
3035 3259 3186 3323 Θεὸς,
3209 3258 3285 3321 ὡς
3314 3255 3453 3326 ὑπὲρ
3480 3255 3658 3307 πᾶσαν

2075 3358 2249 3431 ἀρχὴν
2278 3360 2374 3413 καὶ
2402 3354 2690 3429 θεαρχικδν
2737 3354 2873 3425 φῶς,
2918 3353 2995 3416 ὡς
3021 3350 3165 3424 ἀρχὴ
3200 3350 3307 3403 τῶν
3353 3346 3659 3418 λεγομένων

2081 3452 2239 3517 θεῶν,
2274 3450 2521 3521 ἀγγέλων
2551 3449 2693 3521 φημὶ
2719 3448 2814 3502 καὶ
2838 3443 3143 3517 ἀνθρώπων
3169 3440 3414 3498 δικαίων.

2150 3713 2270 3787 [βπ]
2304 3713 2667 3781 Ἐνδότητος.
2697 3708 2982 3781 Ἐνδότητά
3002 3724 3136 3780 φησι
3162 3705 3261 3780 τὴν
3291 3706 3656 3791 κρυφιότηταο

2080 3809 2213 3879 πᾶσι
2239 3806 2349 3879 γὰρ
2376 3808 2489 3870 τοῖς
2516 3803 2622 3871 ἔξω
2649 3804 2819 3875 αὐτῆς
2857 3800 3133 3872 ἄγνωστός
3171 3801 3306 3853 ἐστι.

2151 3985 2271 4059 [γ¹.]
2300 3986 2660 4054 Σύγκρασιν.
2691 3980 3003 4052 Σημείωσαι
3029 3977 3146 4047 τὴν
3170 3977 3538 4047 σύγκρασιν
3571 3973 3663 4031 καὶ

2077 4080 2167 4135 διὰ
2196 4080 2249 4133 τί
2276 4079 2336 4131 τὸ
2364 4078 2518 4130 Θεῖον
2548 4074 2607 4128 ἓν
2634 4073 2694 4127 ὃν
2725 4070 3074 4142 πληθύνεται.

2149 4165 2730 4240 Παραπετασμάτων.
2770 4159 3256 4236 Παραπετάσματά
3286 4176 3419 4231 φησι
3448 4158 3518 4212 τὰ
3561 4175 3662 4211 σω-

2085 4264 2329 4337 ματικῶς
2357 4262 2484 4333 περὶ
2528 4258 2662 4313 Θεοῦ
2699 4257 2965 4329 λεγόμενα
2993 4257 3052 4309 ἐν
3091 4258 3213 4318 ταῖς
3232 4255 3501 4326 Γραφαῖς,
3546 4247 3661 4305 οἷον

2086 4357 2260 4430 μελῶν
2302 4353 2678 4426 ἀνθρωπίνων,
2723 4349 2757 4421 ἢ
2806 4345 3087 4418 δυνάμεών
3129 4363 3290 4399 τινων
3344 4344 3659 4431 ὀνομασίας.

2082 4448 2392 4520 Σημείωσαι
2431 4445 2507 4509 δὲ,
2547 4444 2628 4496 ὅτι
2656 4443 2778 4513 δίχα
2805 4440 2989 4493 τύπων
3019 4438 3226 4511 [τινῶν]
3259 4438 3354 4491 καὶ
3384 4436 3664 4508 συμϐόλων

2082 4543 2143 4594 οὐ
2191 4538 2414 4593 δυνατὸν
2441 4537 2591 4608 ἡμᾶς
2638 4535 2695 4588 ὲν
2760 4533 2925 4605 σαρκὶ
2973 4530 3133 4595 ὄντας
3185 4530 3556 4584 κατοπτεῦσαι
3597 4526 3664 4580 τὰ

2083 4633 2220 4687 άῦλα
2248 4632 2341 4685 καὶ
2374 4628 2640 4700 ἀσώματα
2663 4644 2676 4657 ·
2722 4627 2815 4680 καὶ
2858 4625 3017 4678 τοῦτο
3060 4623 3259 4695 μᾶλλον
3287 4621 3475 4693 ἐδήλου
3513 4620 3582 4677 τὰ
3608 4621 3665 4672 ὲν

401 4716 646 4770 materia:
673 4726 728 4772 et
767 4721 1015 4790 corporis
1048 4730 1320 4792 expertes.
1362 4725 1541 4793 Atque
1570 4724 1675 4778 hoc
1706 4723 1879 4794 magis
1909 4728 1972 4777 si-

2092 4727 2154 4796 τῇ
2186 4725 2355 4795 σκηνῇ
2387 4720 2890 4795 παραπετάσματα,
2921 4717 2998 4780 ὼς
3027 4715 3260 4771 ἐνταῦθα
3288 4714 3602 4769 αἰνίττεται.

401 4805 731 4878 gniﬁcabant
761 4811 880 4865 vela
911 4828 1033 4882 qua:
1059 4822 1217 4869 erant
1246 4816 1302 4871 in
1328 4815 1703 4880 tabernaculo,
1727 4814 1872 4871 sicut
1893 4814 1982 4869 hic

402 4896 672 4957 insinuat.
1710 4893 1719 4903 ’

472 4988 927 5061 Connaturaliter,
957 4992 1053 5052 Gr.
1088 4995 1352 5066 πμφυῶς
1384 5012 1486 5068 pro
1511 4998 1785 5069 όμοφυῶς.
1820 4997 1983 5069 Ejus-

403 5082 529 5141 dem
550 5094 783 5161 natura,
814 5087 974 5144 modo
1004 5090 1163 5145 nobis
1189 5088 1356 5155 amni,
1385 5105 1450 5146 ac
1470 5099 1622 5145 noto.

480 5177 509 5250 ς
534 5176 619 5235 lll.
644 5176 861 5233 Rituum
883 5196 1098 5250 praeses.
1122 5183 1322 5256 Τελετή
1348 5199 1444 5239 seu
1468 5185 1796 5255 mysterium,
1821 5184 1980 5250 ritus,

403 5270 607 5328 dicitur
649 5272 954 5330 secundum
987 5274 1218 5346 gentiles
1249 5277 1625 5349 philosophos,
1668 5278 1979 5334 communi-

405 5365 553 5418 catio
582 5367 972 5439 mysteriorum
995 5375 1256 5440 tanquam
1281 5371 1571 5440 perﬁciens
1598 5386 1723 5427 eum
1750 5371 1844 5439 qui
1876 5369 1982 5423 ini-

407 5457 600 5523 tiatur,
645 5466 702 5514 et
738 5459 1328 5531 perlectivaexsistens
1370 5477 1561 5518 eorum
1604 5462 1702 5532 qui
1736 5460 1804 5515 ad
1850 5460 1983 5514 talia

408 5550 700 5607 accedunt.
728 5552 871 5626 Ergo
917 5556 1123 5611 rituum
1164 5571 1368 5626 praeses
1399 5570 1684 5614 sacrorum
1715 5554 1985 5609 constitu-

411 5644 510 5708 tio,
536 5650 623 5699 est
652 5643 838 5702 divina
867 5664 1153 5706 sacrorum
1183 5649 1574 5723 mysteriorum
1605 5645 1984 5717 dispositionis

2161 5004 2474 5075 Συμφυῶς.
2511 5001 2654 5055 Ἀντὶ
2680 4998 2775 5053 τοῦ
2803 4997 3078 5070 ὀμοφυῶς,
3121 4996 3417 5066 συγγενῶς.

2164 5188 2192 5259 ς
2222 5188 2314 5241 ιιι.
2365 5187 2436 5240 Ἠ
2469 5181 2835 5250 τελετάρχις.
2871 5175 3086 5245 Telam
3115 5175 3335 5246 λέγεται
3365 5174 3508 5228 κατὰ
3545 5176 3664 5239 τοὺς

2081 5280 2189 5334 τῶν
2243 5277 2508 5349 Ἑλλήνων
2553 5272 2936 5343 φιλοσόφουςή
2993 5268 3276 5341 μετάδοσις
3320 5267 3431 5323 τῶν
3467 5284 3667 5339 μυστη-

2088 5371 2238 5444 ρίων,
2272 5369 2370 5423 άτε
2412 5364 2695 5421 τελειοῦσα
2726 5363 2817 5417 τὸν
2866 5362 3189 5434 μυούμενον,
3223 5361 3318 5415 καὶ
3357 5357 3668 5431 τελειωτικὴ

2083 5461 2430 5533 τυγχάνουσα
2477 5457 2587 5511 τῶν
2638 5454 2971 5528 προσιόντων
3001 5455 3115 5517 τοῖς
3158 5451 3438 5516 τοιούτοις.
3477 5451 3670 5504 Τελετο

2088 5554 2247 5627 άρχις
2282 5548 2377 5607 οὖν
2421 5548 2693 5623 ἱεροθεσία
2722 5549 2757 5619 ἡ
2808 5546 2928 5600 θεία
2957 5545 3059 5617 τῆς
3101 5544 3209 5598 τῶν
3255 5543 3416 5616 ἱερῶν
3466 5559 3670 5614 μυστη-

2091 5642 2223 5715 ρίων
2250 5641 2408 5713 ἡμῶν
2434 5636 2846 5708 διακοσμήσεως
2873 5634 3021 5701 θέσις
3050 5634 3145 5690 καὶ
3176 5633 3497 5706 παράθεσις,
3530 5630 3670 5706 ἀρχὴ

1378 5767 1614 5849 vitam:
1650 5786 2035 5846 LEC'I‘lONES
2065 5784 2155 5842 ET
2191 5775 2742 5841 CORRECTIONES.

539 5927 582 5962 “
613 5924 779 5999 λέγει.
