3860 6560
152 408 192 461 53
802 397 855 451 S.
895 394 1139 451 MAXIM!
1175 390 1469 450 SCHOLIA
1505 388 1572 445 EN
1605 389 1734 446 LIB.
1778 386 1864 442 DE
1899 384 2226 456 COELESTI
2263 382 2706 443 HIERARCHIA.
3314 387 3382 445 SI

149 518 334 593 γενομένη
377 517 450 569 ὲκ
485 514 646 568 Θεοῦ
684 515 775 568 διὰ
814 513 919 567 τῶν
950 511 1262 566 ἀποστόλων
1289 510 1398 564 τῶν
1426 509 1695 562 τελειωτι-

1816 503 2002 572 ιοείιίο
2048 509 2106 558 et
2150 502 2497 572 compositio,
2541 500 2875 573 principium
2927 509 3114 558 natum
3161 517 3228 560 ex
3272 502 3387 562 Deo

149 617 212 672 κῶν
223 611 400 665 τούτων
417 609 694 678 ἁγαθῶνο
720 607 857 673 τοὺς
885 605 991 677 γὰρ
1013 604 1433 674 μεμυημένους
1460 602 1692 664 τελείους

152 707 238 762 παλεί
258 703 284 754 ὁ
311 701 459 764 θεῖος
485 699 816 762 ’ἀπόστολος
846 696 1058 759 Παῦλος
1103 693 1279 764 λέγων
1301 711 1316 725 ο
1369 694 1541 747 Ὅσοι
1580 693 1694 746 οὖν

151 801 306 862 τέλειοι,
336 794 536 847 τοῦτο
574 790 918 862 φρονῶμεν,

194 969 644 1041 ’Υπερκοσμίου.
671 967 745 1021 Τὸ
766 967 820 1019 δὲ
851 964 1261 1033 ὑπερκοσμίου
1289 961 1390 1014 οὐκ
1420 959 1692 1030 αἰσθητῶς

149 1068 310 1138 νιητὲον,
344 1064 492 1118 ἀλλά
528 1062 751 1132 venui);
782 1061 874 1113 καὶ
907 1059 1046 1128 ὑπὲρ
1091 1056 1182 1108 τὸν
1237 1050 1358 1108 καθ’
1406 1055 1557 1126 ἡμᾶς
1598 1054 1690 1106 κό-

151 1180 239 1233 σμον.
265 1158 600 1229 Σημσίωσαι
633 1154 714 1217 δὲ,
745 1152 864 1206 τίνα
893 1151 1038 1219 λέγει
1070 1148 1137 1202 τά
1174 1149 1426 1220 σχήματα
1471 1146 1577 1199 ml.-
1595 1146 1692 1208 τὰς

150 1250 435 1326 μορφωτικάς
467 1247 787 1309 συνθέσεις,
810 1245 976 1315 ἤγουν
997 1241 1369 1310 είκονίσματα,
1400 1238 1544 1309 άπερ
1565 1235 1692 1308 ἑξῆς

147 1345 462 1418 παρατίθεται.

185 1434 464 1489 Πλὰσεων.
498 1430 852 1501 Σημείωσαι,
886 1427 966 1480 ὅτι
995 1423 1406 1496 πλασματὼὂεις
1429 1421 1563 1492 φησι
1593 1421 1692 1485 τὰς

147 1527 316 1582 ἐνταῦθα
368 1503 656 1596 μυστικάς
696 1519 1044 1592 παραδόσεις,
1084 1517 1152 1581 ἃς
1192 1519 1250 1569 ὲν
1287 1515 1365 1586 τῷ
1406 1513 1546 1582 Περὶ
1582 1512 1692 1581 τῆς

146 1615 608 1687 ἑκκλησιιιστικῆς
645 1617 809 1682 ἱεραρ
819 1614 952 1682 χίας
987 1611 1129 1681 λόγῳ
1157 1608 1510 1662 ἀναπτύσσει·
1533 1605 1693 1658 τοῦτο

145 1709 494 1784 δέθεοπρεπῶς
541 1706 853 1778 ὲκληπτέον
877 1722 889 1735 ·
935 1702 1070 1774 πρὸς
1105 1703 1202 1772 μὲν
1235 1697 1326 1754 οὖν
1367 1699 1428 1752 τὸ
1459 1715 1693 1769 μορφω-

145 1805 272 1872 rixan
294 1805 352 1858 τὸ
379 1802 690 1857 πλάσεων
733 1795 1018 1853 ἀποδοτέον
1035 1814 1049 1830 ο
1089 1795 1225 1868 πρὸς
1251 1795 1306 1848 δὲ
1333 1794 1394 1846 τὸ
1408 1792 1693 1848 συνθέσει

148 1901 170 1930 ιι
190 1902 229 1953 τὸ
253 1895 451 1963 ἁπλᾶς
490 1895 598 1949 καὶ
630 1892 1002 1957 ἀτυπώτους·

193 2079 390 2144 Ἐλαίᾳ.
459 2073 704 2127 Ὑλαίαν
744 2068 1114 2142 χειραγωγίαν
1159 2069 1295 2139 φησι
1339 2067 1402 2120 τὸ
1446 2067 1532 2120 διὰ
1577 2066 1687 2120 τῶν

149 2170 281 2223 bitatth
319 2168 654 2239 λεγομένων
703 2163 842 2236 πρὸς
871 2161 968 2232 τὴν
1009 2159 1217 2214 ἔννοιαν
1257 2158 1552 2228 ἀνάγεσθαι
1581 2159 1689 2213 τῶν

148 2264 232 2333 ὑπὲρ
254 2261 538 2331 αἴσθησιν.

184 2357 517 2424 Φαινόμενιι.
561 2350 873 2422 Φαινόμενα
904 2349 960 2402 δὲ
1005 2346 1177 2417 κάλλη
1220 2344 1320 2408 τὰς
1370 2343 1480 2397 τῶν
1530 2343 1690 2415 ἱερῶν

146 2450 251 2502 οἴκων
296 2431 706 2517 διακοσμήσεις
756 2443 902 2511 λέγει
924 2458 936 2471 ·
985 2441 1080 2494 καὶ
1127 2438 1462 2503 διεξοδικὰς
1503 2440 1692 2506 μαθη-

147 2540 254 2604 τείας
269 2538 362 2601 τὰς
381 2537 496 2590 τῶν
522 2535 701 2603 ἁγίων
722 2533 954 2605 Γραφῶν
975 2529 1308 2599 ἀναγνώσεις
1327 2546 1339 2558 ·
1368 2527 1693 2596 διακοσμή-

145 2647 256 2683 σεων
280 2631 331 2684 δὲ
356 2630 570 2695 τάξεις
602 2627 778 2699 [τοὺς]
810 2626 916 2679 τῶν
949 2625 1136 2696 ίερέων
1167 2621 1426 2695 βαθμούς.
1446 2621 1693 2691 Σημείω-

147 2722 281 2780 ratos,
295 2724 372 2774 ὅτι
387 2721 459 2774 τὰ
478 2719 742 2801 ὁρώμενα
763 2717 932 2786 κάλλη
955 2715 1158 2778 εἰκόνες
1174 2714 1280 2768 εἰσὶ
1310 2713 1416 2765 τῶν
1446 2711 1692 2783 ἀοράτων

144 2811 421 2885 ὃιακόσμων,
474 2813 557 2876 ὡς
591 2810 743 2882 δηλοῖ
773 2809 868 2864 καὶ
895 2810 923 2860 ό
965 2805 1284 2869 Ἀπόστολος
1325 2806 1384 2860 ἐν
1433 2807 1498 2875 τῇ
1557 2801 1694 2874 πρὸς

151 2903 410 2974 Ἑϐραίους,
432 2903 504 2958 τὰ
533 2903 668 2974 περὶ
693 2903 795 2972 τῆς
824 2901 1028 2971 σκηνῆς
1057 2897 1278 2970 θεωρῶν
1301 2915 1314 2928 ο
1341 2897 1435 2950 καὶ
1455 2895 1695 2964 Μωῦσῆς

144 2997 337 3051 bonicur
389 2993 651 3069 [Πάντα]
683 2993 833 3048 κατὰ
869 2991 976 3047 τὸν
1002 2991 1192 3045 τύπον
1229 2989 1336 3043 τὸν
1375 2986 1697 3057 δειχθέντα

145 3105 212 3143 σοι
238 3091 301 3144 ἐν
331 3089 411 3156 τῷ
447 3090 578 3158 ὄρει
607 3087 891 3156 ποίησον.

196 3271 292 3336 Τὰς
319 3268 686 3335 διεξοδικὰς.
726 3266 1024 3334 Διεξοδικαί
1057 3268 1161 3320 εἰσι
1201 3264 1487 3336 μαθητεῖαι
1519 3264 1577 3316 αἱ
1608 3263 1695 3316 διὰ
1721 3222 1764 3280 C

145 3361 224 3416 τῶν
249 3365 534 3434 ὁρωμένων
567 3363 663 3414 καὶ
691 3359 778 3414 διὰ
806 3359 1147 3430 πραγμάτων
1193 3357 1524 3429 πλατύτεραι
1557 3359 1694 3412 ἀπο-

144 3451 297 3519 δείξεις
320 3454 424 3506 τῶν
452 3451 666 3523 νοητῶν
697 3453 891 3514 ὲναίως
923 3450 965 3481 ¹³
997 3451 1091 3503 καὶ
1119 3448 1330 3520 ἀθρόως
1357 3453 1476 3512 ταῖς
1506 3451 1600 3520 νοή
1611 3466 1697 3502 σε-

147 3563 209 3600 σιν
233 3545 645 3600 ἐπιϐαλλόντων.

200 3644 420 3709 Ἕξεως.
480 3642 635 3694 Ἐκεῖ
669 3639 811 3704 ἕξεις
852 3639 960 3692 εἰσὶ
1001 3637 1069 3690 τά
1117 3636 1236 3690 θεῖα
1281 3635 1691 3689 διατάττουσαι·

145 3731 232 3796 ἒξις
255 3733 304 3789 δέ
330 3735 444 3786 ἐστι
465 3730 694 3801 ποιότης
723 3728 976 3800 ἕμμονος.
1016 3725 1280 3779 Ἐνταῦθα
1302 3726 1356 3779 δὲ
1385 3726 1477 3780 καὶ
1499 3726 1697 3795 ἐκκλη-

146 3824 383 3876 σιαστικαὶ
425 3821 613 3885 τάξεις
667 3819 766 3882 τὰς
823 3819 938 3872 ἐκεῖ
1004 3813 1142 3882 ἕξεις
1197 3816 1291 3870 ἅτε
1351 3816 1694 3886 ἀσωμάτους,

147 3911 556 3977 ἐξεικονίζουσιν·
603 3911 661 3965 αἱ
705 3909 814 3981 γὰρ
863 3909 1026 3973 ἕξεις,
1078 3907 1383 3977 ἀσωμάτων
1422 3909 1546 3960 εἰσί.
1593 3909 1698 3978 Ση-

151 4003 370 4068 μειωτέον
403 4002 468 4066 ’⁸,
504 4002 590 4054 ὅτι
617 4002 651 4071 ἡ
695 3999 825 4070 παρ’
864 4001 995 4070 ἡμῖν
1025 4001 1137 4061 τοῖς
1169 3996 1476 4069 ἀνθρώποις
1511 3998 1697 4050 τελου-

151 4092 256 4164 μένη
283 4093 525 4164 ἱερατικὴ
551 4091 908 4164 μυσταγωγία
931 4091 1160 4162 μίμησίς
1188 4091 1304 4143 ἐστι
1323 4089 1420 4161 τῆς
1448 4091 1696 4160 οὐρανίου

152 4186 409 4258 ἱεραρχίας.
1311 4218 1316 4223 ·

212 4434 662 4505 Ὑπερκοσμίως.
716 4435 788 4488 Τὸ
815 4436 1229 4505 ὑπερκοσμίως
1278 4435 1378 4488 οὐκ
1428 4433 1700 4506 αἰσθητῶς

1793 609 1891 662 per
1914 591 2194 663 apostolos
2224 592 2494 646 bonorum
2526 591 2720 646 horum
2768 591 3105 662 perfectores
3139 613 3153 650 :
3195 596 3386 651 initia-

1792 691 1882 739 tos
1905 685 2074 748 enim,
2114 682 2390 754 perfectos
2420 691 2580 737 vocat
2610 682 2832 739 divinus
2862 687 3147 756 apostolus
3175 687 3379 744 Paulus

1792 776 1988 829 dicens
2023 793 2036 829 :
2081 774 2390 844 Quicunque
2431 790 2554 845 ergo
2585 775 2801 844 perfecti
2833 793 3041 843 sumus,
3067 769 3166 829 hoc
3182 780 3355 833 rentia

1791 883 1908 920 mus
1937 865 1987 920 ἀ.

1862 956 2325 1027 Supermundana.
2357 957 2475 1014 Vox
2516 959 2632 1014 haec
2675 961 3102 1029 supermundana
3144 978 3254 1018 non
3295 973 3382 1020 est

1791 1050 1954 1105 modo
1985 1050 2234 1105 sensibili
2262 1051 2635 1122 intelligenda,
2669 1053 2765 1107 sed
2797 1053 2960 1108 modo
2997 1055 3377 1122 intellectuali,

1791 1146 1844 1193 et
1875 1155 2040 1209 super
2070 1145 2323 1194 nostrum
2370 1141 2658 1196 mundum.
2700 1140 2857 1196 Nota.
2886 1159 3018 1199 vero
3047 1161 3186 1214 quas
3227 1147 3381 1201 dicat

1795 1230 2002 1299 ﬁguras
2032 1237 2088 1285 et
2128 1229 2448 1287 formativas
2477 1233 2931 1303 compositiones,
2977 1250 3074 1291 seu
3111 1235 3380 1308 imagines

1792 1335 1932 1390 quas
1961 1321 2224 1392 deinceps
2257 1323 2529 1392 proponit.
2933 1373 2941 1382 .

1863 1412 2219 1469 Fictionibus.
2277 1412 2416 1469 Nota
2466 1416 2615 1485 quod
2651 1416 2873 1473 ﬁctitias
2923 1417 3071 1473 dicat
3120 1420 3382 1491 mysticae

1792 1521 1912 1576 qua:
1951 1505 2040 1559 hic
2085 1513 2234 1570 sunt,
2273 1507 2620 1573 traditiones,
2663 1524 2801 1578 quas
2831 1509 2887 1563 in
2921 1509 3064 1565 libro
3108 1509 3186 1563 De
3215 1512 3382 1566 eccle-

1793 1595 2015 1649 siastica
2046 1595 2349 1650 hierarchia
2389 1599 2645 1668 erplicat.
2692 1599 2808 1654 Hoc
2837 1608 3020 1655 autem
3062 1602 3226 1657 modo
3271 1602 3381 1660 Deo

1794 1687 2144 1743 convenienti
2194 1689 2579 1760 accipiendum
2619 1700 2738 1759 est;
2789 1709 2923 1764 ergo
2969 1694 3036 1748 ad
3081 1693 3380 1751 dictionem

1799 1784 2172 1852 μορφωτικαίς
2233 1782 2402 1839 dictio
2453 1784 2707 1839 πλάσεων
2766 1786 3054 1842 relereuda
3124 1796 3249 1853 est;
3309 1790 3380 1844 ad

1727 1880 1771 1935 Β
1799 1869 2094 1926 dictionem
2135 1879 2318 1927 autem
2367 1874 2611 1928 συνθέσει
2643 1876 2813 1932 dictio
2854 1877 3032 1942 ἁπλᾶς
3062 1885 3118 1933 et
3158 1879 3379 1932 ἀτυπώ-

1791 1979 1937 2026 τους.

1865 2053 2165 2112 Μαιενίαιὶ.
2209 2055 2546 2114 Materialem
2589 2061 3072 2119 manuductionem
3116 2065 3250 2121 dicit
3281 2081 3382 2137 per

1791 2159 1857 2201 ea
1906 2162 2030 2217 quae
2065 2148 2372 2203 materialia
2413 2149 2716 2217 dicuntur,
2760 2154 2830 2208 ad
2879 2156 3381 2214 considerationent

1753 2274 1758 2278 -
1792 2253 1982 2293 eorum
2015 2256 2138 2310 quae
2165 2257 2333 2312 supra
2365 2259 2590 2301 sensum
2620 2254 2750 2300 sunt
2779 2247 3008 2306 elevari.

1863 2331 2213 2400 Apparentes.
2238 2335 2580 2405 Apparentes
2612 2346 2796 2391 autem
2823 2339 3263 2409 pulchritudines
3289 2357 3380 2398 sa-

1794 2438 2015 2479 crarum
2038 2426 2240 2482 aedium
2274 2427 2703 2498 descriptionem
2731 2431 2864 2488 dicit
2891 2445 2908 2483 :
2929 2441 2984 2492 et
3005 2433 3112 2489 late
3134 2443 3382 2506 patentes

1794 2517 2138 2589 disciplinas,
2170 2534 2451 2586 sacrarum
2487 2521 2896 2593 Scripturarum
2944 2525 3248 2593 lectiones;
3282 2526 3380 2582 de-

1796 2612 2160 2683 scriptionum
2211 2623 2393 2670 autem
2439 2615 2685 2680 ordines,
2741 2617 3090 2672 sacerdotum
3156 2618 3382 2690 gradus.

1795 2702 1933 2759 Nota
1963 2721 2096 2760 vero
2144 2707 2604 2777 pulchritudines,
2646 2724 2768 2779 quae
2809 2709 3086 2776 videntur,
3116 2711 3385 2782 imagines
3483 2697 3489 2712 ’

1797 2810 1920 2851 esse
1979 2797 2338 2852 invisibilium
2389 2800 2862 2869 descriptionum,
2922 2801 3384 2871 quemadmodum

1797 2887 2042 2942 declarat
2083 2888 2382 2958 Apostolus
2429 2891 2485 2944 in
2521 2890 2765 2960 Epistula
2816 2893 2883 2946 ad
2930 2892 3187 2948 Hebraeos
3237 2905 3282 2957 °,
3319 2909 3385 2947 ea

1796 2995 1920 3049 qua:
1957 2990 2086 3035 sunt
2115 2982 2179 3036 de
2212 2981 2574 3036 tabernaculo
2619 2983 3027 3050 considerans;
3073 2992 3128 3040 et
3167 2985 3387 3056 Moyses

1798 3071 2283 3129 audiens:0mnia
2332 3075 2418 3140 [ac
2463 3074 2748 3128 secundum
2793 3077 3063 3146 exemplar
3103 3077 3242 3148 quod
3291 3077 3387 3130 tibi

1799 3162 1854 3216 in
1879 3173 2055 3219 monte
2076 3175 2433 3220 monstratum
2469 3176 2548 3220 est
2580 3167 2624 3223 ί.

1868 3253 2132 3324 Diffusus.
2181 3255 2423 3321 Dil‘fusaa,
2467 3274 2564 3313 seu
2614 3260 2852 3329 copiosae
2895 3261 3202 3331 disciplina!
3255 3270 3386 3317 sunt

1797 3348 2074 3419 planiores
2104 3364 2201 3418 per
2229 3364 2315 3412 ea,
2343 3367 2464 3420 qum
2489 3352 2748 3408 videntur
2789 3361 2841 3410 et
2883 3370 2980 3424 per
3011 3354 3257 3410 actiones
3290 3355 3388 3410 de-

1758 3469 1762 3472 -
1795 3439 2228 3494 monstrationes
2267 3440 2694 3511 intelligibilium
2738 3460 2860 3514 qua;
2899 3445 3052 3499 unite
3083 3451 3136 3500 et
3168 3445 3388 3500 confer-

1761 3584 1768 3590 ,
1796 3527 1892 3582 tim
1924 3528 2354 3598 cogitationibus
2390 3532 2739 3587 incumbunt.

1865 3619 1921 3691 4
1957 3620 2288 3689 A/fectionis.
2323 3621 2438 3676 Hoc
2467 3623 2588 3678 loco
2620 3624 2939 3681 aﬂectiones
2971 3632 3101 3681 sunt
3133 3626 3386 3697 quadam

1796 3711 1994 3766 divinae
2026 3712 2449 3783 dispositiones;
2489 3716 2712 3772 habitus
2741 3717 2887 3773 enim
2917 3727 3002 3774 est
3031 3719 3270 3788 qualitas
3300 3719 3387 3774 in-

1798 3802 2030 3858 haerens.
2058 3803 2172 3858 Hoc
2197 3813 2378 3860 autem
2405 3808 2526 3861 loco
2549 3808 2715 3862 etiam
2746 3811 3109 3864 ecclesiastici
3139 3811 3383 3877 ordines,

1797 3893 2021 3950 habitus
2051 3895 2145 3966 qui
2199 3896 2311 3950 illic
2367 3905 2496 3952 sunt
2543 3905 2804 3968 tanquam
2837 3901 3088 3970 corporis
3129 3908 3386 3970 expertes

1796 4001 1865 4041 ex
1916 3987 2216 4055 exemplari
2265 3987 2545 4058 ellingunt.
2606 3988 2840 4045 Habitus
2883 3992 3027 4044 enim
3079 3991 3386 4059 expertium

1799 4076 2048 4146 corporis
2082 4084 2231 4131 sunt.
2253 4075 2563 4132 Notandum
2586 4087 2788 4142 autem,
2813 4094 2931 4133 eam
2963 4095 3084 4150 quae
3114 4080 3256 4149 apud
3283 4097 3386 4135 nos

1799 4166 2053 4235 homines
2085 4168 2366 4238 perﬁcitur
2413 4170 2771 4225 sacerdotalis
2803 4172 3162 4242 mystagogia,
3196 4187 3290 4227 seu
3329 4173 3387 4226 in

1773 4260 1977 4322 sacris
2022 4260 2283 4327 initiatio,
2326 4279 2451 4318 esse
2493 4264 2854 4320 imitationem
2895 4266 3136 4322 ccclestis
3177 4266 3388 4321 hierar-

1800 4352 1958 4407 cuiae.

1875 4442 2410 4511 Supermundiah‘ter.
2447 4446 2984 4518 Supermundialiter
3013 4465 3122 4503 non
3149 4457 3234 4505 est
3260 4465 3387 4506 sen-

151 4527 332 4595 wqtéov
354 4570 368 4594 ,
423 4529 562 4583 άλλά
616 4528 823 4600 νοητῶς
879 4529 973 4582 καὶ
1031 4529 1172 4598 ὑπὲρ
1219 4528 1310 4581 τὸν
1367 4527 1489 4582 καθ’
1548 4529 1695 4600 ἡμᾶς

1816 4535 2036 4591 sibiliter
2079 4537 2243 4591 modo
2279 4538 2729 4610 intelligendum;
2770 4541 2867 4597 sed
2915 4541 3382 4605 intellectualiter,

152 4612 342 4672 κόσμον.

215 4633 229 4666 τ
273 4635 342 4672 δν.

215 4633 678 4789 ’ἵρογῃαςρικαῖᾳ
710 4709 998 4764 Τουτέστιν
1026 4711 1084 4762 ὲν
1111 4712 1225 4772 τοῖς
1259 4709 1416 4781 ἱερῶς
1449 4711 1575 4781 περὶ
1602 4711 1699 4764 αὺ-

151 4793 239 4846 τῶν
269 4801 562 4854 συντεθεῖσι
593 4799 770 4869 λόγοις
805 4803 862 4855 ὲν
894 4804 1013 4864 ταῖς
1044 4803 1288 4873 Γραφαίς
1323 4804 1386 4856 ¹⁸.

219 4977 388 5048 Ἠμᾶς
412 4967 644 5052 ἀγάγοι.
691 4983 1050 5055 Σημειωτέον,
1099 4986 1216 5050 πῶς
1261 4987 1572 5060 ἀναγόμεθα
1619 4993 1698 5055 εἰς

156 5064 421 5140 θεολογίας,
453 5078 549 5129 καὶ
579 5077 662 5129 ὅτι
694 5079 723 5129 ό
753 5079 984 5148 Χριστὸς
1014 5080 1160 5150 ἡμᾶς
1189 5079 1402 5148 ἀνάγει.

220 5162 579 5235 Ἀκρότητας.
629 5169 790 5224 Οὐδὲν
835 5170 911 5236 ὡς
955 5171 1140 5242 ἔτυχεν
1186 5171 1499 5244 ὠνόμασται
1547 5177 1699 5248 παρά

203 5370 224 5409 ἀ
253 5371 482 5447 Philipp.
545 5391 636 5442 nt,
672 5376 755 5432 l5.
858 5387 881 5415 ο
911 5373 1080 5433 Hebr.
1111 5392 1207 5430 vm
1231 5417 1246 5442 ,
1281 5379 1333 5433 5.

1801 4638 1857 4684 et
1884 4643 2050 4698 supra
2080 4637 2332 4685 nostrum
2366 4631 2652 4688 mundum.

1879 4724 2480 4794 Sacroscripturisticis,
2521 4727 2617 4782 Gr.
2671 4729 3102 4800 ἱερογραφικαῖς.
3146 4727 3262 4783 Hoc
3301 4735 3386 4783 est

1806 4815 1862 4869 in
1903 4817 2250 4872 sermonibus
2297 4833 2454 4874 sacre
2495 4817 2562 4874 de
2606 4817 2741 4889 ipsis
2771 4821 3095 4890 compositis
3137 4820 3190 4873 in
3236 4818 3387 4874 Scri-

1779 4908 2005 4976 .pturis.

1882 4998 1996 5053 Nos
2047 5001 2350 5058 adduceret.
2434 5001 2745 5057 Notandum
2794 5003 3070 5072 quomodo
3109 5003 3387 5057 elevemur

1809 5090 1875 5144 ad
1907 5091 2262 5163 theologiam,
2293 5099 2347 5148 et
2375 5090 2658 5149 Christum
2689 5110 2790 5150 nos
2819 5095 3054 5150 elevare.
3287 5096 3290 5099 ’

1879 5180 2091 5252 Apices.
2150 5183 2296 5238 Nihil
2352 5182 2577 5239 fortuito
2629 5187 2956 5256 appellatum
3017 5195 3102 5240 est
3159 5185 3227 5239 ab
3278 5185 3386 5241 hoc

1438 5379 1456 5417 τ
1496 5379 1666 5434 Exod.
1706 5397 1834 5446 xxv,
1869 5383 1960 5438 40.

1106 5576 1344 5632 ἾΛΒΙΔΕ
1374 5577 1754 5633 LECTIONES
1786 5580 1874 5634 ET
1907 5581 2456 5640 CORRECTIONES.

222 5728 259 5758 "
293 5733 585 5788 συνθέσεσι.

685 5735 731 5810 ¹ξ
763 5735 996 5810 ἑνιαίως.
1095 5738 1246 5810 ⁸⁸ᾉΣη

1255 5740 1504 5816 μείωσαι.
1577 5740 1619 5816 'f
1666 5733 2101 5816 Ἰεροῃοαφίκὰς
2143 5744 2211 5797 δὲ
2258 5746 2374 5800 τῶν
2417 5743 2588 5801 θείων
2631 5748 2839 5816 ηογίων
2871 5755 3192 5812 συνθεσεις
3224 5747 3380 5815 φησὶ

165 5797 284 5888 ἶ.τῖῨῖ
315 5805 471 5871 ίερῶς
502 5807 634 5888 cepi
665 5805 863 5887 φωτῶν
910 5797 1307 5888 σὺντξθέντὲὶς
1337 5811 1658 5888 λόῖἳυςέέν
1689 5831 1695 5860 -.

2183 5817 2589 5888 Ἱερογραφικάς
2644 5797 2762 5888 δείλη
2794 5797 3380 5873 Sacroscriutui'igtt'cas

175 5865 463 5927 divinorum
504 5865 828 5946 adquierunt
873 5865 2106 5950 compositiones'appéllat'Sermoncsisccife'dc
2137 5865 2264 5954 ipsis
2296 5865 2610 5954 cb‘mﬁosués
2642 5887 2692 5940 in
2737 5887 3051 5956 Scripzuris.
3105 5899 3107 5901 ‘
