3860 6542
515 370 587 432 35
1264 364 1616 422 APPENDIX
1648 362 1742 420 AD
1776 363 2006 420 OPERA
2043 361 2101 420 ς.
2143 361 2435 419 DlONYSlI
2471 361 2965 421 AREOPAGITIE.
2995 352 2997 354 ’
3707 361 3779 417 36

512 493 709 552 beato;
739 488 834 545 sed
865 487 1074 543 erudite
1096 491 1150 540 et
1173 484 1389 554 proprie
1420 499 1546 538 cum
1578 483 1818 554 pietate;
1848 480 2084 553 quando-

2194 479 2290 535 τοῦ
2325 481 2594 552 μακαρίου
2634 481 2859 551 τούτου,
2890 477 3029 550 ἀλλά
3058 476 3385 549 mimos;
3425 478 3522 530 καὶ
3564 477 3782 549 κυρίως

515 583 734 653 quidem
774 583 939 651 igitur
971 578 1189 640 dixerit,
1236 584 1482 631 nostram
1529 591 1745 629 sacram
1775 574 2093 644 dispositio-

516 691 662 737 nem,
695 691 791 745 per
821 669 1317 743 signamaterialia
1344 679 1399 724 et
1439 669 1683 738 copiosa,
1735 668 2094 737 ﬁctionesque

514 781 616 836 pro
645 774 834 821 nostro
881 770 1043 831 captu
1083 760 1295 832 perﬁci,
1342 763 1696 815 cumtamen
1739 761 1810 814 sit
1843 767 2004 830 typus
2039 765 2094 813 et

517 858 746 914 imitatio
770 871 940 910 sacrae
963 855 1284 925 angelorum
1307 853 1726 923 descriptionis;
1752 854 1944 908 merito
1972 868 2094 922 qua:

515 953 573 1004 in
602 948 711 1003 illis
737 954 821 1002 est
851 945 1114 1001 antistitis
1143 960 1428 1000 sacrorum
1459 944 1696 1014 dignitas
1729 943 1959 1012 apicem,
1995 957 2091 996 seu

513 1038 880 1092 summitatem
923 1037 1252 1108 appellavit;
1294 1035 1664 1091 summitatem
1717 1035 1863 1090 enim
1905 1034 2094 1104 appel-

509 1134 622 1187 lare
650 1139 988 1186 consuerunt
1019 1133 1113 1201 qui
1143 1131 1289 1185 circa
1329 1131 1445 1184 haec
1476 1137 1694 1194 vacant,
1734 1127 2093 1197 uniuscujus-

506 1240 612 1294 que
651 1225 907 1279 essentiae
949 1224 1305 1293 purissimum
1349 1230 1404 1278 et
1449 1238 1516 1278 ex
1545 1237 1656 1292 quo
1690 1221 1892 1292 pendet
1923 1237 2092 1291 προσ-

507 1317 646 1384 εχῶς
691 1313 818 1385 (hoc
857 1323 942 1370 est
985 1315 1269 1384 continuo)
1309 1315 1572 1377 essentia,
1603 1321 1662 1368 ut
1709 1313 1859 1369 verbi
1892 1314 2088 1383 gratia,

506 1407 794 1462 summitas
826 1407 1040 1468 animae.
1071 1423 1226 1461 mens
1252 1408 1424 1477 ipsius
1446 1407 1779 1478 purissima;
1803 1413 1857 1459 et
1885 1406 2090 1458 amoris

507 1497 817 1560 summitas,
850 1511 1040 1552 eorum
1071 1497 1162 1568 qui
1197 1498 1658 1554 transcenderunt
1686 1507 1739 1551 et
1761 1496 2090 1551 divinissinii

507 1599 658 1648 sunt,
687 1589 894 1658 ignitus
924 1604 1115 1657 amor;
1149 1597 1352 1645 nostra:
1380 1591 1548 1661 igitur
1573 1589 1735 1642 etiam
1766 1586 2090 1643 hierarchize

507 1685 562 1732 et
593 1693 808 1734 arcanae
835 1679 1221 1751 descriptionis
1257 1682 1570 1744 summitas,
1619 1679 1974 1750 purissimum
2009 1679 2092 1748 ip-

508 1771 646 1836 sius,
695 1787 761 1828 ex
805 1788 916 1842 quo
963 1781 1186 1844 accepta
1215 1782 1320 1840 est,
1371 1781 1424 1828 et
1454 1772 1602 1843 quod
1635 1786 1804 1843 prope
1849 1771 2090 1826 materiae

505 1862 865 1932 privationem
905 1865 1222 1931 contendit;
1256 1862 1614 1934 pdrissimum
1647 1877 1776 1932 ergo
1824 1860 1878 1914 in
1927 1859 2088 1916 nobis

505 1955 722 2026 signum
752 1964 835 2012 est
870 1958 1158 2012 summitas
1182 1957 1568 2028 mysteriorum
1593 1970 1703 2009 non
1733 1953 2087 2024 ﬁguratorum

503 2057 555 2103 et
581 2049 908 2119 simplicium
937 2057 991 2105 et
1022 2049 1493 2119 incorporeorum,
1513 2044 1932 2102 cuihierarcbia
1955 2059 2088 2098 con-

501 2141 695 2211 juncta
727 2141 933 2198 insistit
965 2152 1221 2212 tanquam
1249 2142 1358 2197 illis
1385 2157 1504 2211 quae
1549 2141 1692 2194 inter
1724 2138 1976 2194 homines
2004 2145 2091 2193 est

503 2233 769 2286 antistitis
821 2247 1108 2290 sacrorum
1139 2233 1402 2302 dignitas,
1435 2239 1489 2286 et
1527 2246 1622 2301 per
1653 2229 1949 2284 simulacra
1977 2229 2090 2285 ele-

504 2332 592 2376 vat
625 2339 794 2394 puras
830 2326 1072 2380 visiones
1094 2323 1482 2378 intellectualis
1508 2323 1670 2383 ritus,
1695 2319 1790 2390 qui
1829 2320 2090 2390 probabi-

501 2415 626 2470 liter
643 2417 936 2470 summitas
979 2416 1289 2486 appellatur
1325 2431 1517 2472 eorum
1548 2414 1644 2484 qui
1680 2413 1770 2469 hic
1803 2422 1933 2469 sunt
1963 2428 2091 2467 cor-

501 2521 792 2573 parcorum
822 2516 877 2560 et
909 2507 1302 2561 materialinm.

1102 2595 1168 2648 IN
1207 2596 1359 2651 CAP.
1404 2595 1469 2650 ll.

571 2687 602 2760 ς
641 2687 681 2743 l.
725 2685 1201 2758 Explanatioiiem,’
1235 2688 1332 2743 Gr.
1363 2689 1748 2760 ὲκφαντορίαν.
1795 2687 2090 2757 Ἔκφαντο-

501 2779 620 2852 ρίαν
649 2780 781 2835 dicit
809 2781 1264 2836 enuntiationem.
1310 2780 1659 2836 Manifestum
1701 2788 1908 2847 autem,
1941 2795 2084 2844 eam,

497 2885 619 2940 quae
647 2885 744 2940 per
769 2869 819 2940 5
837 2871 990 2941 signa
1011 2879 1064 2924 et
1085 2870 1288 2940 ﬁguras
1319 2886 1440 2941 qua:
1469 2871 1629 2924 etiam
1656 2870 1904 2925 ﬁctiones
1927 2883 2091 2924 voca-

495 2963 595 3026 vit,
630 2964 942 3032 perﬁcitur;
973 2963 1372 3032 simplicitatem
1400 2977 1554 3026 vero,
1581 2963 1942 3031 priva-tionem
1971 2976 2090 3016 man

503 3054 656 3108 terim
697 3055 752 3108 in
777 3065 1017 3122 natura;
1067 3056 1278 3110 sciebat
1319 3056 1464 3110 enim
1495 3055 1641 3124 quod
1674 3055 1963 3110 celebrans
1993 3067 2086 3107 sa-

494 3162 620 3201 cras
662 3147 716 3199 in
763 3148 918 3202 caslis
970 3157 1179 3200 mentes
1233 3146 1375 3201 sicut
1431 3146 1549 3216 ipse
1595 3145 1731 3200 dicit
1775 3144 2080 3199 secundum

498 3237 862 3308 Scripturam,
895 3253 1121 3293 necesse
1157 3237 1412 3292 habuerit
1441 3239 1622 3292 dicere
1645 3238 1718 3292 de
1750 3236 2082 3291 animalibus

496 3329 703 3386 formas
732 3329 972 3385 ferarum
1018 3329 1372 3394 habentibus,
1403 3337 1457 3384 et
1486 3331 1688 3400 aquilis
1722 3341 1778 3384 et
1809 3330 1934 3386 aliis
1961 3331 2087 3400 qui-

494 3419 598 3476 bus
628 3421 826 3478 divinae
868 3422 1166 3492 Scriptum
1196 3423 1509 3478 assimilant
1537 3425 1949 3494 archangelicas
1975 3424 2087 3478 vir-

495 3523 640 3572 tutes
667 3534 682 3584 ;
712 3518 845 3572 dicit
877 3517 1024 3571 enim
1053 3537 1066 3572 :
1098 3517 1163 3572 Ut
1195 3535 1299 3572 non
1337 3519 1498 3572 etiam
1535 3535 1650 3584 nos,
1694 3521 1833 3574 sicut
1875 3522 2081 3592 vulgus,

492 3609 714 3677 profane
757 3608 1097 3673 arbitremur,
1128 3609 1354 3664 minime
1407 3610 1606 3666 habere
1635 3611 2058 3682 explicationem

491 3702 718 3758 ordines
745 3717 937 3758 eorum
967 3703 1062 3774 qui
1092 3704 1297 3758 multas
1347 3703 1514 3758 facies
1544 3704 1748 3759 habent
1784 3712 1839 3760 et
1879 3707 2083 3764 multos

492 3795 662 3865 pedes
693 3795 748 3850 in
789 3796 948 3852 cmlis
988 3811 1003 3847 :
1043 3796 1143 3852 bos
1173 3797 1340 3867 igitur
1369 3797 1662 3866 explanare
1701 3798 1860 3867 juxta
1891 3814 2081 3854 sacro-

491 3900 616 3940 rum
647 3887 999 3942 oraculorum
1029 3887 1452 3958 explicationem
1482 3887 1781 3958 praeelegit.

563 3978 782 4041 Palam.
815 3978 910 4035 Gr.
938 3981 1200 4052 ἀτεχνῶς.
1225 3979 1611 4047 Vehementer,
1659 3989 1756 4035 aut
1804 3981 2080 4038 omnimo-

493 4068 583 4135 do,
619 4079 713 4126 aut
752 4089 898 4134 vere.
933 4082 1027 4128 aut
1056 4073 1399 4143 simpliciter.

570 4158 819 4218 Poeticis.
872 4165 1215 4234 Scripturam
1266 4180 1486 4234 quoque
1529 4166 1761 4235 poeticis
1809 4182 1969 4222 usam
2017 4167 2081 4222 ﬁ-

496 4254 798 4318 ctionibus,
832 4255 900 4309 ad
949 4257 1437 4310 manuductionem
1486 4258 1796 4312 intellectus
1829 4258 2076 4328 humani,

494 4363 603 4402 non
633 4348 866 4403 valentis
908 4363 1092 4400 rerum
1135 4349 1405 4416 majorum
1437 4349 1747 4403 doctrinam
1782 4353 2072 4421 accipere;

494 4440 699 4495 similia
725 4439 871 4493 enim
909 4448 1036 4494 sunt
1085 4439 1330 4494 cmlestia
1375 4441 1530 4510 signa
1576 4441 1645 4497 iis
1679 4459 1802 4514 quae
1839 4459 1870 4497 a
1899 4444 2076 4514 poetis

2199 573 2335 644 μετά
2361 573 2461 643 τῆς
2489 573 2767 635 εὐσεϐείας
2789 590 2803 604 ·
2836 571 3022 642 ἐπειδὴ
3046 566 3136 638 οὖν
3168 570 3266 642 τὴν
3295 570 3426 641 παρ’
3454 571 3585 640 ἡμῖν
3619 569 3778 640 ἱερὰν

2193 663 2429 730 διάταξιν
2456 665 2542 718 διά
2591 665 2888 735 συμϐόλων
2921 664 3120 717 ύλαίων
3152 664 3248 716 καὶ
3287 663 3542 728 ὲξοδικών
3592 664 3635 694 ⁸³
3683 665 3779 715 καί

2194 757 2440 811 πλάσεων
2473 753 2592 809 εἷπε
2618 756 2887 809 τελεῖσθαι
2919 756 3055 828 πρὸς
3086 740 3168 809 τδ⁷
3191 757 3318 826 ἡμῖν
3348 753 3568 824 ἐφικτὸν
3599 754 3795 816 τύπον,

2192 844 2357 902 οὖσαν
2375 848 2468 902 καὶ
2493 848 2714 919 μίμημα
2733 848 2832 920 τῆς
2859 848 2988 918 παρ’
3010 845 3264 914 ἀγγέλοις
3291 847 3440 917 ἱερᾶς
3468 845 3778 914 διακοσμήο

2195 957 2351 1004 σεως,
2383 939 2605 1002 εἰκότως
2648 937 2745 1009 τὴν
2789 937 2920 1008 παρ’
2954 936 3185 1000 ἐκείνοις
3233 935 3579 1006 ἱεροφαντίαν
3606 933 3769 1005 ἀκρό-

2190 1049 2329 1103 τητα
2377 1031 2678 1102 κέκληκεν·
2726 1030 3006 1101 ἀκρότητα
3055 1029 3165 1100 γὰρ
3217 1027 3440 1082 εἰώθασι
3485 1026 3671 1080 καλεῖν
3726 1027 3775 1078 οἰ

2166 1126 2319 1196 ,περὶ
2347 1124 2520 1177 ταῦτα
2554 1123 2911 1194 σχολάσαντες
2951 1121 3191 1192 ἑκάστης
3209 1120 3403 1183 ὀὐσίας
3430 1118 3491 1171 τὸ
3519 1117 3779 1190 καθαρώ-

2189 1233 2372 1279 τατον,
2404 1217 2498 1271 καὶ
2529 1216 2588 1280 ἐξ
2618 1207 2678 1268 οὗ
2721 1217 2950 1287 ἤρτηται
2980 1212 3314 1282 προσεχῶς,
3347 1211 3623 1265 τουτέστιν
3653 1212 3776 1282 έχο-

2195 1302 2388 1381 μένως,
2424 1311 2674 1381 ἡούσία·
2719 1309 2792 1372 ὼς
2823 1308 2949 1378 φέρε
2995 1309 3188 1369 εἰπεῖν,
3233 1306 3412 1376 ψυχῆς
3459 1305 3702 1376 ἀκρότης
3748 1304 3777 1356 6

2190 1402 2316 1466 νοῦς
2345 1403 2515 1472 αὐτῆς
2551 1404 2579 1454 6
2627 1400 3041 1473 καθαρώτατος·
3083 1389 3177 1452 καῖ
3221 1399 3422 1470 ἔρωτος
3466 1397 3707 1468 ἀκρότης
3750 1398 3778 1449 ό

2190 1496 2298 1549 τῶν
2328 1495 2742 1567 ἀναϐεϐηκότων
2772 1493 2866 1546 καὶ
2901 1491 3190 1546 θειοτάτων
3230 1490 3492 1562 διάπυρος
3523 1490 3663 1560 ἔρως
3695 1489 3740 1519 ¹⁷
3759 1505 3772 1518 ·

2192 1588 2287 1641 καὶ
2325 1588 2427 1656 τῆς
2455 1586 2559 1640 καθ
2578 1588 2590 1604 ⁹
2622 1587 2768 1657 ἡμᾶς
2796 1580 2890 1638 οὖν
2931 1574 3214 1656 ἰεραρχίάς
3243 1584 3338 1636 καὶ
3369 1580 3777 1653 μυστηριώδους

2190 1673 2603 1751 διακοσμήσεως
2634 1678 2875 1751 ἀκρότης
2900 1675 2960 1730 τὸ
2988 1673 3371 1746 καθαρώτατον
3399 1672 3591 1742 αὐτῆς,
3621 1670 3684 1734 ἐξ
3713 1669 3776 1722 οὗ

2193 1774 2451 1844 ἀνῆπται,
2500 1774 2594 1827 καὶ
2651 1773 2713 1825 τὸ
2768 1772 2935 1840 ἔγγὺς
2984 1770 3254 1822 συντεῖνον
3308 1766 3522 1830 ἀῦλίας·
3573 1764 3633 1817 τὸ
3681 1760 3777 1818 οὖν

2191 1865 2656 1938 ἀκραιφνέστατον
2698 1865 2754 1917 ἐν
2797 1867 2927 1934 ἡμῖν
2977 1859 3267 1932 σύμϐολον,
3314 1859 3348 1930 ἡ
3395 1857 3632 1929 ἀκρότης
3664 1856 3777 1908 τῶν

2189 1957 2488 2012 ἀτυπὼτων
2517 1958 2609 2011 καὶ
2631 1956 2816 2010 ἁπλῶν
2850 1956 2944 2008 καὶ
2963 1952 3270 2023 ἀσωμάτων
3305 1950 3639 2022 μυστηρίων,
3741 1952 3772 2019 ἡ

2193 2050 2444 2123 ίεραρχία
2491 2049 2870 2121 συναπτομένη
2917 2044 3249 2107 ὲπιϐατεύει,
3297 2036 3460 2096 οἰονεί
3505 2043 3570 2112 τῇ
3621 2038 3776 2110 παρὰ

2188 2142 2497 2214 ἀνθρώποις
2533 2141 2880 2214 ἱεροφαντίᾳ·
2930 2139 3024 2193 καὶ
3066 2137 3153 2191 διὰ
3181 2135 3289 2189 τῶν
3327 2131 3550 2188 εἰκόνων
3581 2132 3777 2200 ἀνάγει

2189 2235 2283 2288 ὲπί
2313 2235 2382 2288 τὰ
2411 2234 2626 2306 καθαρά
2658 2233 2905 2304 θεάματα
2933 2232 3034 2302 τῆς
3059 2230 3257 2301 νοητῆς
3287 2228 3511 2298 τελετῆς
3540 2226 3778 2298 ἀκρότη·

2187 2345 2280 2391 τος
2307 2328 2607 2398 λεγομένης
2636 2325 2860 2400 εἰκότως
2886 2323 2996 2378 τῶν
3023 2322 3214 2376 ἐνθάδε
3235 2320 3561 2394 σωματικῶν
3589 2337 3648 2374 τε
3679 2324 3775 2374 καὶ

2191 2415 2460 2471 ὑλοειδῶν.

2650 2613 2758 2666 ΕΙΣ
2797 2613 2884 2665 ΤΟ
2921 2611 3172 2664 ΚΕΦΑΛ.
3216 2610 3292 2662 B'.

2257 2707 2286 2778 ᾗ
2321 2708 2360 2761 l.
2393 2704 2513 2778 [α’ί]
2548 2705 2996 2774 Ἐκφαντορίαν.
3042 2699 3472 2783 Ἐκεραντορίαν
3504 2697 3646 2767 λέγει
3676 2697 3773 2770 τὴν

2189 2798 2507 2868 ὲξάγγελσιν
2526 2815 2538 2827 ·
2575 2796 2839 2870 πρόδηλον
2868 2797 2946 2859 δὲ,
2981 2795 3064 2848 ὅτι
3103 2793 3202 2864 τὴν
3234 2790 3321 2844 διὰ
3369 2789 3648 2862 συμϐόλων
3679 2791 3775 2843 καὶ

2189 2892 2398 2955 τύπων,
2456 2893 2613 2946 ἅτινα
2661 2889 2755 2943 καὶ
2797 2888 3092 2959 πλάσματα
3125 2881 3316 2962 εἶπεν·
3358 2883 3667 2950 ἁπλότητα
3713 2882 3772 2934 δὲ

2188 2987 2250 3041 τὸ
2279 2987 2378 3058 τῆς
2405 2984 2622 3055 φύσεως
2647 2983 2843 3039 ἄῦλον·
2879 2981 3000 3054 [β’.]
3034 2980 3304 3051 ἠπίστατο
3336 2979 3472 3050 γὰρ,
3516 2978 3598 3031 ὅτι
3670 2977 3768 3030 ἀν-

2193 3078 2378 3147 υμνῶν
2393 3076 2524 3141 τοὺς
2543 3076 2601 3127 ἐν
2630 3077 2743 3136 τοῖς
2788 3072 3038 3142 οὐρανοῖς
3082 3072 3260 3141 ἱεροὺς
3300 3069 3449 3132 νόας,
3487 3067 3573 3130 ’ὡς
3612 3066 3778 3130 αὑτός

2107 3176 2151 3234 C.
2185 3185 2317 3239 φησι
2361 3165 2504 3220 κατὰ
2529 3166 2628 3238 τὴν
2660 3164 2901 3237 Γραφὴν,
2960 3163 3204 3232 ἀνάγκην
3247 3157 3397 3231 εἶχεν
3433 3161 3604 3212 εἰπεῖν
3645 3159 3777 3230 περὶ

2189 3260 2341 3327 ζώων
2382 3259 2786 3332 θηριομόρφων,
2832 3258 2926 3311 καὶ
2966 3255 3159 3318 ἀετῶν,
3203 3255 3298 3308 καὶ
3329 3253 3437 3307 τῶν
3485 3253 3657 3307 ἄλλων
3695 3247 3777 3310 οἷς

2191 3350 2581 3415 ἀπεικάζουσιν
2610 3351 2668 3402 αἰ
2695 3348 2839 3402 θεῖαι
2881 3347 3096 3419 Γραφαὶ
3121 3345 3221 3408 τάς
3247 3341 3655 3416 ἀρχαγγελικάς
3685 3341 3777 3394 δυ-

2183 3444 2406 3514 νάμεις·
2438 3442 2585 3512 λέγει
2613 3441 2723 3511 γάρ
2743 3459 2757 3472 ·
2793 3443 2927 3495 Ἵνα
2949 3439 3036 3509 μὴ
3068 3438 3168 3492 καί
3209 3437 3402 3506 ἡμεῖς,
3433 3436 3514 3502 ὡς
3537 3436 3591 3488 οἱ
3620 3436 3774 3486 πολ-

2183 3535 2302 3600 λοὶ,
2339 3533 2662 3604 νομίζωμεν
2689 3532 2938 3602 ἀνιέρως
2971 3531 3044 3602 μὴ
3075 3531 3219 3602 ἔχειν
3250 3529 3510 3600 ἐξήγησιν
3537 3525 3635 3589 τὰς
3662 3525 3776 3578 τῶν

2184 3625 2632 3700 πολυπροσώπων
2678 3626 2774 3678 καὶ
2818 3622 3132 3678 πολυπόδων
3175 3620 3357 3688 τάξεις
3397 3621 3454 3673 ὲν
3483 3619 3734 3690 οὐρανοῖς
3752 3631 3770 3649 θ

2183 3719 2386 3781 ταύτας
2429 3715 2522 3772 οὖν
2569 3717 2903 3788 διασαφῆσαι
2959 3717 3270 3788 προῄρηται
3323 3712 3468 3769 κατά
3518 3713 3618 3785 τὴν
3661 3712 3772 3765 τῶν

2185 3813 2229 3864 ίε
2237 3811 2344 3884 ρῶν
2372 3811 2567 3880 λογίων
2605 3809 2988 3882 ὲκφαντορίαν.

2269 3993 2576 4062 Ἀτεχνῶς.
2625 3990 2923 4059 Μεγάλως,
2965 3989 3000 4061 ἢ
3029 3987 3330 4054 παντοίως,
3373 3985 3407 4058 ἢ
3453 3984 3766 4058 ἀληθῶς,ἢ

2191 4087 2400 4151 ἁπλῶς.

2263 4180 2333 4253 [γ’
2413 4178 2772 4246 Ποιητικαῖς.
2806 4177 2928 4229 Ὀτι
2959 4175 3052 4228 καὶ
3091 4175 3401 4246 ποιητικαῖς
3439 4171 3594 4245 [τισι]
3631 4169 3775 4224 πλάο

2183 4290 2329 4328 σεσιν
2359 4274 2628 4344 ἐχρήσατο
2654 4270 2688 4340 ή
2717 4269 2908 4341 Γραφὴ
2940 4266 3075 4337 πρὸς
3117 4265 3486 4338 χειραγωγίαν
3527 4264 3630 4333 τῆς
3672 4264 3772 4316 ἁν-

2182 4365 2462 4437 θρωπίνης
2503 4362 2761 4424 διανοίας,
2809 4360 2923 4414 ἀλλ’
2957 4359 3032 4422 ὼς
3061 4359 3121 4412 ού
3167 4357 3472 4427 δυναμένης
3516 4354 3615 4426 τὴν
3657 4355 3768 4407 τῶν

2141 4461 2147 4467 “
2186 4453 2446 4524 μειζόνων
2484 4451 2820 4524 παραλαϐεῖν
2853 4449 3232 4503 διδασκαλίαν·
3279 4447 3513 4501 ἐοικέναι
3549 4445 3660 4517 γὰρ
3699 4445 3768 4498 τά

495 4539 676 4585 mente
727 4531 1029 4600 ﬁnguntur,
1085 4535 1228 4588 sicut
1261 4547 1418 4587 sacer
1461 4534 1551 4588 hic
1583 4535 1668 4589 vir
1698 4536 1833 4590 dicit
1863 4537 2074 4607 (poetas

2192 4544 2406 4616 >ύράνια
2442 4543 2504 4596 σύ
2514 4542 2692 4614 μϐολα-
2718 4545 2831 4605 τοῖς
2861 4539 3013 4612 παρὰ
3039 4543 3290 4610 ποιηταῖς
3318 4539 3765 4608 φανταζομένοις,

495 4629 680 4676 autem
707 4622 948 4694 intellige
985 4631 1078 4676 aut
1109 4624 1230 4680 illos
1263 4623 1357 4693 qui
1389 4626 1532 4695 apud
1555 4628 1787 4697 gentiles
1817 4629 1873 4683 in
1895 4629 2072 4684 admi-

493 4713 708 4768 ratione
740 4712 984 4778 l‘uerunt,
1030 4715 1172 4771 sicut
1202 4715 1521 4782 Homerum,
1574 4717 1875 4775 Hesiodum
1897 4729 1952 4776 et
1987 4736 2075 4776 re-

493 4801 696 4874 liquos)
718 4842 732 4866 ,
758 4811 853 4856 aut
873 4805 1102 4874 poeticis
1123 4807 1283 4875 quasi
1318 4805 1524 4864 ﬁctitiis
1567 4808 2072 4880 informationibus,

495 4909 593 4950 seu
622 4894 1104 4952 delineationibus.
1131 4899 1168 4952 (‘
1176 4915 1266 4951 um
1311 4899 1457 4952 enim
1487 4907 1676 4954 nosset
1726 4900 1946 4970 sapiens
1978 4901 2075 4959 Dei

493 4985 892 5043 condescensio
939 4996 1184 5044 nostram
1215 4999 1454 5046 mentem
1482 4992 1778 5058 inﬁrmam,
1805 5002 1860 5049 et
1885 4995 1949 5050 ad
1980 5011 2076 5051 su-

493 5080 802 5135 blimiorem
863 5085 1380 5154 contemplationem
1439 5087 1720 5158 ineptam,
1770 5090 2074 5147 elevatione

495 5175 597 5245 ipsi
627 5175 974 5229 connaturali
1005 5176 1204 5241 euicta,
1239 5179 1318 5232 sic
1348 5180 1760 5249 archangelicas
1792 5183 1847 5236 in
1875 5199 2073 5254 propa-

495 5266 608 5320 tulo
635 5264 767 5340 fecit
803 5264 1225 5336 descriptiones,
1259 5284 1365 5323 non
1400 5271 1675 5340 quomodo
1701 5288 1891 5327 revera
1921 5281 2072 5339 sunt,

495 5354 590 5409 sed
613 5363 776 5427 prout
805 5372 908 5413 nos
945 5358 1410 5428 comprehendere
1439 5361 1700 5431 quimus;
1730 5364 1871 5420 nihil
1907 5366 2076 5437 igitur

496 5447 812 5506 caalestibus
839 5450 1201 5522 improprium
1234 5451 1556 5525 imaginare.

2178 4634 2253 4696 ὡς
2285 4634 2313 4685 ὁ
2352 4632 2496 4704 ἱερὸς
2543 4632 2683 4703 ἀνὴρ
2727 4625 2880 4693 οὗτός
2925 4645 3077 4700 φησι,
3127 4624 3380 4697 (ποιητὰς
3425 4625 3479 4678 δὲ
3506 4623 3700 4692 νόησον
3729 4623 3763 4692 ἦ

2178 4728 2305 4789 τοὺς
2351 4727 2481 4797 παρ’
2532 4724 2758 4795 Ἕλλησι
2822 4721 3284 4794 θαυμαζομένους,
3333 4713 3443 4772 οἷον
3493 4718 3762 4788 Ὅμηρον,

2191 4817 2452 4882 Ἡσίοδον,
2482 4819 2577 4870 καὶ
2605 4817 2732 4880 τοὺς
2767 4815 2946 4886 ὲξῆς,)
2982 4814 3015 4885 ἢ
3049 4815 3354 4883 ποιητικαῖς
3397 4810 3594 4864 ὡσανεί
3625 4809 3761 4861 πλα-

2183 4912 2394 4972 στικαῖς
2437 4907 2866 4962 ὑποτυπώσεσιν.
2899 4906 3080 4959 Εἰδυῖα
3110 4903 3218 4975 γὰρ
3254 4905 3287 4974 ἠ
3331 4902 3424 4955 τοῦ
3453 4900 3583 4955 Θεοῦ
3621 4900 3758 4971 σοφὴ

2184 4998 2586 5066 συγκατάϐασις
2612 4998 2703 5050 τὸν
2747 4990 3010 5068 ἡμέτερον
3060 4993 3183 5046 νοῦν
3241 4991 3437 5062 ἀσθενῆ
3482 4992 3575 5045 καὶ
3621 4991 3760 5061 πρὸς

2182 5091 2519 5162 ὑψηλοτέραν
2549 5089 2780 5162 θεωρίαν
2809 5086 3194 5158 ἀνεπιτηδείως
3226 5086 3436 5156 ἔχοντα,
3467 5084 3759 5152 ἀναγωγὴν

2171 5182 2321 5253 αὐτῷ
2351 5181 2569 5252 συμφυῆ
2589 5180 2930 5250 πλασαμένη,
2961 5177 3101 5230 οὕτω
3129 5176 3227 5240 τὰς
3257 5174 3658 5246 ἀρχαγγελικάς
3679 5177 3760 5236 εἰς

2174 5274 2404 5346 φανερὸν
2449 5273 2622 5344 ῆγαγε
2667 5272 3082 5343 διακοσμήσεις,
3139 5270 3238 5339 οὐχ
3275 5269 3422 5330 ὅπως
3470 5265 3648 5336 ἔχουσι
3688 5266 3758 5336 τῇ

2174 5367 2402 5438 ἀληθεία
2443 5366 2846 5437 διασαφήσασα,
2917 5361 3032 5416 ἀλλ’
3077 5361 3225 5424 ὅπως
3265 5362 3425 5431 ἡμεῖς
3479 5355 3757 5426 δυνάμεθα

2174 5457 2530 5513 καταλαϐεῖν·
2569 5455 2734 5528 μηδὲν
2762 5451 2856 5509 οὖν
2907 5454 3174 5508 ἀνοίκειον
3217 5451 3489 5524 φαντάζου
3518 5448 3626 5503 τῶν
3659 5449 3758 5502 οὐ-

2180 5566 2281 5621 ραν
2289 5549 2402 5605 ίων.

1469 5703 1703 5763 vanu:
1743 5707 2130 5768 LECTIONES
2159 5711 2248 5768 ET
2279 5669 2830 5767 connscrtonss.

571 5837 615 5870 “
647 5838 971 5904 διιξοδικῶν.
1053 5842 1093 5872 ¹⁷
1130 5841 1318 5906 πόθος.
