3860 6560
215 347 268 399 ιτ
856 353 910 409 s.
933 351 1190 414 mxnu
1224 317 1514 418 scnoua
1550 361 1618 420 IN
1650 363 1705 419 ιι

1824 365 1902 423 οε
1935 369 2258 429 C(ELESTI
2292 373 2737 438 RIEBARCHIA.
3341 395 3417 454 58

259 458 372 532 gn.
401 461 758 532 -Xw0éo'e¢c.
822 469 1096 545 Συνθέσεις
1139 475 1274 546 φησὶ
1314 477 1414 542 τὰς
1451 481 1705 553 εἰρημένα

1920 484 1947 556 ς
1984 485 2049 542 ll.
2091 487 2522 557 Compositiones.
2573 493 3012 566 Compositiones
3059 502 3196 560 dicit
3234 505 3413 566 dictas
3461 558 3482 576 κ

205 551 394 614 πλάσεις
420 555 509 606 καὶ
539 572 642 627 σχη
653 561 996 626 ματοποιίας.

266 641 373 712 Ἐφ’
398 645 643 701 ἑαυτῶν.
695 649 814 720 Ἐφ’
859 652 1084 718 ἑαυτῶν,
1130 657 1406 715 τουτέστιν
1451 663 1525 728 ὡς
1555 665 1739 736 ἔχουσι

203 734 394 802 φύσεως,
424 737 692 804 ἄγνωστοι
727 743 877 813 ἡμῖν,
909 747 1063 816 φησι,
1097 750 1192 802 καὶ
1236 751 1535 826 ἀθεώρητοι
1563 734 1737 830 ὗπάρ-

196 841 367 895 [suam

260 919 585 988 'Azdroyor.
638 924 939 997 Ἀπότομον
956 924 1110 1000 οἶμαι
1141 933 1322 1002 λέγειν
1345 937 1506 991 αὐτὸν
1533 939 1630 1012 τὴν
1654 939 1737 1006 ξέ-

191 1028 285 1081 νην,
313 1013 400 1064 καὶ
428 1009 539 1066 οἷον
568 1017 683 1070 τῶν
735 1023 974 1093 συνήθων
1017 1009 1612 1102 ἀποτετμημένηννὸδὸν
1643 1034 1734 1091 καὶ

189 1105 377 1158 πλάσιν*
407 1106 486 1161 διὸ
517 1109 616 1162 καὶ
670 1114 876 1186 σκηνὴν
917 1117 1085 1191 αὐτὴν
1117 1121 1388 1192 ὀνομάζει,
1427 1128 1738 1199 σαφηνίζων

185 1196 264 1249 οὐκ
288 1197 494 1268 ἀληθεῖς
549 1197 698 1255 εἶναι
753 1205 850 1270 τὰς
902 1209 1391 1283 ἀναγεγραμμένας
1421 1218 1528 1270 τῶν
1559 1196 1735 1288 ⁷ἁγίων

183 1290 392 1359 ἀγγέλων
421 1296 646 1364 μορφάς
668 1314 684 1327 ·
709 1295 829 1352 οὔτε
849 1302 956 1374 γὰρ
983 1307 1047 1374 τῇ
1078 1306 1300 1379 ἀληθείᾳ
1319 1312 1544 1365 τοιοῦτοί
1574 1317 1734 1382 εἰσιν,

181 1382 297 1444 olea;
335 1384 530 1450 αὐτοὺς
588 1389 623 1460 ἡ
690 1389 812 1463 ἱερὰ
862 1397 1188 1467 παραδίδωσι
1239 1401 1453 1475 Γραφη·
1486 1405 1600 1460 ἀλλ’
1646 1409 1731 1462 ἵνα

179 1473 353 1546 [ﬁget]
380 1477 718 1552 ὲερικώμεθα
735 1486 834 1556 τῆς
865 1490 1274 1564 μεγαλειότητος
1318 1473 1513 1551 αὐτῶν.
1559 1500 1730 1566 Αὐτὸς

177 1566 218 1616 δὲ
239 1568 263 1618 ὁ
286 1565 466 1642 [θεῖος]
501 1572 790 1639 Διονύσιος
820 1581 1073 1651 πειρᾶται
1121 1585 1449 1655 συμϐάλλειν
1480 1589 1547 1642 τὰ
1577 1593 1730 1663 εἰρη-

178 1656 286 1725 μένα
314 1662 431 1732 περὶ
455 1664 666 1728 αὐτῶν,
702 1671 796 1724 καὶ
831 1671 1108 1741 δεικνύειν,
1135 1677 1217 1730 ὅτι
1248 1678 1471 1736 δυνατὸν
1503 1684 1569 1738 δι’
1591 1688 1728 1740 ’ἀνα-

175 1749 381 1816 πτύξεως
406 1755 552 1810 οὕτω
593 1763 744 1814 νοεῖν
771 1763 868 1828 τὰς
905 1767 1197 1836 ἀγγελικὰς
1224 1771 1628 1847 διακοσμήσεις,
1651 1777 1726 1844 ὡς
1755 1824 1799 1880 Β

175 1841 347 1880 rimen-

170 1857 368 1912 ειρηται.

234 1936 443 1992 Ἀῢλων
485 1945 730 2013 ποσῶς.
773 1950 979 2017 Ποσῶς
1013 1954 1234 2020 ἀῢλων,
1268 1960 1509 2014 τουτέστι
1564 1979 1720 2036 μερι-

169 2027 277 2091 tt'uq'
304 2031 359 2084 οὐ
391 2033 503 2106 γὰρ
540 2037 732 2111 πάντη
766 2041 968 2097 ἀΰλων·
1015 2046 1418 2122 ὑπερκειμένας
1447 2055 1502 2108 δὲ
1533 2027 1721 2122 obuia:

167 2121 356 2191 οὐρανὸν
376 2128 470 2179 καὶ
496 2127 571 2181 τὰ
610 2134 740 2184 κατ’
771 2135 992 2207 οὐρανὸν
1013 2138 1179 2208 λέγει,
1217 2121 1327 2196 οἷον
1355 2145 1589 2218 ἀστέρας
1609 2165 1622 2179 ·
1659 2121 1720 2202 το

166 2212 250 2283 γὰρ
285 2213 799 2292 λεπτομερέστατον
845 2228 1022 2284 αὐτῶν
1063 2233 1156 2286 καὶ
1215 2212 1524 2305 μονοούσιον
1551 2237 1718 2310 ἐγγύς

165 2304 256 2358 tati
281 2326 390 2374 πως
415 2313 648 2379 ἁῦλίας.

217 2549 556 2612 Θεοειδέσιν.
606 2560 874 2628 Θεοειδεῖς
897 2566 1200 2641 ἀπλότητάς
1228 2589 1359 2644 φησι
1390 2575 1488 2639 τὰς
1517 2580 1712 2651 νοητὰς

162 2637 338 2706 οὐσίας·
380 2649 542 2704 ᾶῦλοι
577 2652 696 2724 γὰρ
737 2655 913 2711 οὐσίαι
947 2662 1040 2714 καὶ
1071 2637 1350 2720 ἀσύνθετοι
1391 2637 1608 2735 πάντως
1637 2637 1719 2734 εἰὲ

164 2732 242 2796 civ,
266 2736 531 2794 οὐκοῦσαι
568 2747 767 2816 κρᾶμα
810 2750 902 2802 καὶ
937 2751 1212 2826 σύγκριμα
1253 2758 1361 2812 τῶν
1402 2765 1708 2834 στοιχείων·

161 2823 211 2875 τὰ
227 2827 330 2899 γὰρ
360 2831 603 2904 σώματα
634 2837 703 2890 ἐκ
744 2839 965 2904 τούτων,
985 2823 1179 2900 ἐκείνοι
1216 2850 1258 2881 ¹⁸
1284 2850 1340 2903 δὲ
1372 2823 1670 2924 ἀσώματοι.

220 3006 524 3071 Ἔνιζάνον.
590 3017 940 3088 Ἐγκαθίζον,
979 3027 1072 3080 καὶ
1117 3029 1465 3104 ἐναπομένειν
1500 3037 1703 3093 ποιοῦν.

211 3195 536 3253 Δεοντείων.
567 3193 744 3256 Δῦται
767 3204 820 3256 αἱ
854 3211 1055 3278 μορφαὶ
1084 3210 1193 3265 τῶν
1224 3211 1381 3268 θείων
1413 3218 1507 3271 καὶ
1534 3221 1704 3288 ἁγίων

158 3288 376 3362 χεραυσιμ
429 3296 532 3347 καὶ
587 3294 746 3367 παρὰ
783 3297 862 3368 τῷ
905 3298 1078 3374 [θείῳ]
1134 3303 1389 3380 Ἰεζεκιὴλ
1430 3311 1523 3363 καὶ
1552 3314 1704 3384 παρὰ

156 3376 214 3445 τῷ
235 3379 489 3458 θεσπεσίῳ
552 3388 781 3463 Ἰωάννῃ
823 3392 880 3444 ὲν
926 3395 990 3464 τῇ
1055 3376 1416 3471 Ἀποκαλύῷει
1470 3376 1702 3481 ἀνεγρά-

356 3571 454 3626 ir.
537 3574 768 3643 Ἔσμός
825 3578 940 3630 ἐστι
1011 3580 1072 3634 τὸ
1157 3589 1698 3664 συμπεπληρωμένον

206 3750 297 3803 Καὶ
321 3754 383 3808 τὸ
416 3755 747 3823 ὀρνιθείας.
782 3754 905 3814 Οἷον
958 3762 1314 3835 ὀρνιθοειδοῦς
1361 3776 1572 3846 μορφῆς
1602 3779 1696 3832 καὶ

152 3835 196 3902 ἐξ
209 3841 434 3911 ὀρνίθων.

199 3934 366 3992 Ζώων.
401 3941 537 3995 Ζῶα
552 3942 692 3996 ἄλλα
713 3944 1022 4015 φησὶν,οἴον
1054 3951 1270 4017 ἵππους,
1291 3955 1566 4026 ἡμιόνους,
1601 3964 1696 4016 καὶ

149 4022 428 4085 τὰτοιαῦτα
458 4035 535 4066 ι’·
572 4034 709 4099 ὕλας
746 4036 802 4090 δὲ
845 4039 1188 4114 ἀτιμοτέρας,
1231 4022 1344 4099 οἷον
1371 4022 1590 4118 θρόνους
1617 4052 1693 4117 ὡς

147 4118 194 4168 ix
220 4119 393 4190 ξᾶλων,
439 4127 539 4181 καὶ
573 4130 824 4198 τροχοὺς,
883 4133 975 4185 καὶ
1020 4136 1292 4206 ῥομφαίας
1326 4139 1391 4191 ὲκ
1450 4141 1688 4214 σιδήρου,

146 4206 200 4271 ὼς
220 4213 305 4285 τὴν
335 4219 617 4290 ῥομφαίαν
647 4221 744 4292 τὴν
774 4223 1183 4298 ὲξεσπασμένην
1199 4229 1290 4282 ἐπὶ
1316 4229 1407 4283 τὸν
1438 4206 1687 4306 Βαλαάμλ

144 4303 212 4353 καὶ
232 4305 288 4375 ἢν
315 4305 454 4363 εἶδεν
480 4314 510 4365 ὁ
536 4313 724 4378 Δαυὶδ,
764 4315 838 4379 ὡς
869 4317 926 4370 ὲν
967 4321 1084 4383 ταῖς
1127 4321 1431 4388 Βασιλείαις
1475 4303 1689 4397 εἴρηται

143 4385 292 4467 βιϐλίῳ
323 4397 394 4468 β’·
429 4401 527 4454 καὶ
559 4402 784 4474 ἅρματα
812 4405 888 4470 ὡς
917 4406 1117 4472 ξύλινα.

1841 571 2090 630 ﬁctiones
2113 584 2166 631 et
2198 577 2489 648 figurarum
2512 581 2830 642 edictiones.

1914 666 1980 720 In
2003 669 2207 737 seipsis.
2240 669 2298 725 In
2330 673 2544 742 seipsis,
2569 676 2673 731 hoc
2702 686 2808 741 est,
2829 680 2995 736 sicut
3045 692 3240 742 natura
3266 691 3416 746 εἰεί-ε

1839 767 1989 814 alunt
2015 777 2032 828 ;
2063 759 2230 831 ignoti
2261 763 2441 828 nobis,
2467 765 2665 837 inquit,
2696 778 2749 824 et
2781 771 3085 831 invisibiles
3115 788 3268 836 sunt.

1907 933 2126 1002 Rudem,
2162 937 2259 994 Gr.
2285 941 2576 1014 ἀπότομον.
2638 945 2929 1020 Ἀπότομον
2960 954 3199 1010 arbitror
3225 957 3406 1028 ipsum

1836 1023 2018 1082 dicere
2047 1030 2388 1100 peregrinam
2423 1040 2478 1088 et
2509 1036 2675 1090 veluti
2700 1052 2730 1091 a
2751 1045 3146 1101 consuetudine
3191 1051 3408 1108 abscis-

1834 1134 1950 1174 sam
1975 1121 2117 1176 viam
2145 1133 2198 1178 et
2224 1125 2520 1190 ﬁctionem,
2544 1129 2773 1201 ideoque
2789 1134 3205 1194 tabernaculum
3229 1142 3406 1212 ipsam

1833 1211 2105 1280 appellat:
2139 1214 2426 1272 declarans
2461 1219 2683 1276 minime
2729 1239 2886 1280 veras
2933 1241 3056 1283 esse
3100 1211 3406 1304 descriptas

1833 1303 2146 1372 angelorum
2197 1304 2403 1364 formas
2434 1328 2453 1377 ;
2483 1326 2594 1365 non
2641 1314 2784 1368 enim
2837 1333 3025 1373 revera
3075 1323 3208 1379 tales
3251 1303 3401 1392 sunt,

1832 1395 2020 1464 quales
2053 1395 2202 1467 ipsos
2249 1414 2406 1453 sacra
2443 1402 2606 1454 tradit
2639 1401 2956 1474 Scriptura:
2988 1411 3084 1465 sed
3118 1421 3178 1466 ut
3209 1429 3403 1484 perve-

1830 1486 2046 1542 niamus
2074 1487 2138 1541 ad
2162 1492 2589 1562 magnitudinem
2623 1496 2887 1564 ipsorum.
2924 1499 3042 1571 Ipse
3068 1511 3246 1559 autem
3285 1506 3406 1564 Dio-

1829 1579 2021 1649 nysius
2039 1589 2271 1637 conatur
2295 1587 2637 1644 committere
2665 1590 2812 1643 dicta
2845 1590 2911 1646 de
2933 1592 3090 1662 ipsis,
3125 1604 3178 1650 et
3216 1608 3402 1654 osten-

1829 1667 1957 1724 dere
2001 1669 2120 1726 ﬁeri
2167 1689 2353 1742 posse,
2404 1685 2465 1730 ut
2496 1694 2592 1748 per
2621 1681 3048 1750 explicationem
3099 1687 3172 1740 ita
3202 1688 3402 1746 intelli-

1828 1771 2025 1834 gantur
2053 1765 2311 1836 angelicae
2340 1767 2757 1840 descriptiones,
2791 1774 2938 1830 sicut
2967 1777 3172 1834 dictum
3196 1791 3300 1838 cst.

1894 1939 1980 1996 E3
2009 1953 2160 2012 parte
2197 1946 2659 2017 immaterialium,
2694 1951 2788 2010 Gr.
2827 1954 3004 2010 ἀΰλων
3045 1959 3245 2025 ποσῶς.
3290 1958 3370 2018 Ilo

1824 2033 1933 2098 σῶς
1975 2035 2173 2102 iam,
2218 2037 2322 2094 hoc
2355 2048 2439 2096 est
2490 2045 2708 2113 partim,
2759 2062 2937 2118 neque
2972 2051 3118 2107 enim
3170 2057 3395 2114 omnino

1820 2127 2262 2196 lmmaterialium
2287 2151 2302 2200 ;
2332 2135 2388 2206 6
2417 2139 2793 2208 superpositas
2842 2149 3022 2199 autem
3056 2147 3396 2207 substantias

1818 2220 2016 2274 coelum
2070 2229 2125 2276 et
2188 2239 2308 2293 qua:
2365 2227 2507 2282 intra
2564 2230 2762 2286 cmlum
2817 2242 2946 2302 sunt
3003 2235 3175 2303 dicit,
3225 2241 3391 2296 veluti

1818 2319 1999 2366 astra:
2029 2311 2145 2382 ipsa
2179 2317 2325 2369 enim
2373 2319 2710 2376 tenuissimis
2754 2333 3009 2381 constare
3037 2329 3308 2396 partibus,
3339 2341 3392 2387 et

1817 2405 1931 2458 sola
1956 2405 2265 2462 substantia
2329 2425 2496 2481 prope
2534 2411 2721 2482 aliquo
2757 2416 2918 2470 modo
2947 2419 3158 2474 accedit
3181 2421 3249 2484 ad
3279 2421 3378 2476 im-

1816 2496 2276 2556 materialitatem.
2721 2493 2739 2508 ’

1885 2585 2266 2656 Deiformibus.
2315 2589 2616 2653 Deiformes
2651 2598 3031 2669 simplicitates
3071 2602 3204 2658 dicit
3230 2605 3385 2661 intel-

1813 2678 2079 2738 lectuales
2109 2683 2486 2754 substantias;
2521 2689 2907 2748 immateriales
2954 2696 3098 2748 enim
3132 2697 3390 2752 substan-

1815 2770 1903 2825 tiae
1931 2781 1984 2826 et
2025 2773 2405 2846 incompositae
2438 2781 2663 2838 omni-no
2719 2796 2869 2848 sunt,
2923 2802 3034 2840 non
3059 2789 3386 2852 exsistentes

1811 2864 2126 2938 commistio
2155 2878 2208 2922 et
2238 2876 2727 2941 temperamentum
2787 2877 3208 2944 elementorum;
3262 2893 3391 2938 cor-

1811 2934 1942 3020 pora
1981 2954 2125 3009 enim
2155 2972 2220 3010 ex
2251 2958 2358 3022 his,
2393 2960 2498 3016 illa:
2527 2975 2710 3018 autem
2735 2963 3091 3034 incorporea.

1884 3047 2175 3117 Inhwrens,
2208 3052 2304 3108 Gr.
2336 3054 2593 3119 ὲνιζάνον.
2621 3055 2869 3115 insidens
2896 3068 2949 3116 et
2972 3060 3272 3120 immanere
3301 3064 3384 3120 ia-

1733 3154 1774 3210 C
1809 3140 1982 3197 ciens.

1882 3233 2150 3290 Leoninis.
2201 3234 2296 3291 Hie
2351 3237 2538 3294 formae
2599 3241 2909 3298 divinorum
2963 3251 3017 3300 et
3059 3253 3382 3316 sanctorum“

1804 3324 2111 3390 cherubim,
2142 3337 2198 3382 et
2223 3329 2292 3382 ab
2319 3327 2605 3387 Ezechiele
2635 3340 2689 3386 et
2717 3334 3059 3406 diviniloquo
3079 3334 3290 3400 Joanne.
3322 3340 3382 3394 in

1801 3410 2131 3485 Apocalypsi
2161 3417 2448 3489 descriptae
2477 3429 2625 3477 sunt.

1873 3590 2243 3660 Examinibus,
2269 3593 2365 3654 Gr.
2389 3597 2594 3666 ἐσμῶν.
2630 3598 2829 3671 Ἐσμός
2846 3607 2930 3658 est
2956 3603 3226 3676 completa
3243 3605 3383 3659 mnia

1798 3681 1978 3736 thudo

1869 3773 1935 3826 Et
1962 3774 2247 3846 ὁρνιθείας,
2293 3776 2460 3832 veluti
2491 3777 2701 3834 volucri
2746 3781 2943 3837 similis
2996 3782 3184 3860 formae
3213 3793 3267 3842 et
3295 3803 3363 3843 ex-

1797 3865 2012 3921 avibus.

1865 3957 2217 4015 Animalium.
2251 3961 2520 4016 Animalia
2553 3963 2658 4017 alia
2689 3964 2842 4029 dicit,
2883 3973 2944 4019 ut
2967 3982 3159 4037 equos,
3193 3971 3375 4026 mulos

1792 4056 1847 4103 et
1876 4037 2077 4104 similia
2102 4067 2116 4116 ;
2143 4051 2403 4107 materias
2448 4063 2628 4107 autem
2676 4053 2921 4119 viliores,
2961 4065 3020 4110 ut
3060 4059 3218 4114 sedes
3245 4069 3370 4116 tan-

1791 4156 1954 4209 quam
1985 4157 2048 4197 ex
2076 4142 2258 4213 lignis,
2294 4150 2348 4198 et
2379 4155 2525 4200 rotas
2551 4153 2605 4201 et
2638 4148 2944 4218 romp‘hazas
2974 4165 3041 4206 ex
3075 4150 3221 4207 ferro
3253 4171 3268 4222 ;
3305 4163 3363 4210 ut

1791 4233 2121 4303 romphaeam
2152 4241 2454 4289 extractam
2488 4237 2542 4289 in
2568 4235 2786 4292 Balaam
2815 4246 2870 4294 et
2898 4255 3061 4310 quam
3088 4240 3256 4299 David
3287 4243 3369 4299 vi-

1789 4323 1898 4378 dit:
1932 4324 2072 4379 sicut
2105 4323 2314 4379 dictum
2346 4334 2429 4380 est
2457 4324 2510 4379 in
2555 4325 2696 4381 libro
2739 4328 2982 4384 secundo
3033 4329 3284 4404 Regum;
3309 4342 3365 4390 et

1789 4430 1986 4470 currus
2016 4416 2182 4471 veluti
2208 4416 2440 4487 ligneos.

201 4484 497 4558 Ἐμπαθές.
553 4493 833 4564 Ἐμπαθὲς
853 4497 1018 4567 λέγει,
1061 4501 1247 4573 ἐπειδὴ
1273 4504 1334 4557 τὸ
1360 4504 1680 4582 λεοντόμορ-

1860 4484 2274 4561 Ραδεὶοηαιιιπιί
2321 4505 2620 4563 Atl‘ectibus
2670 4508 2965 4564 obnoxium
3010 4504 3174 4579 dicit,
3224 4530 3374 4586 qui»

137 4591 209 4641 90V
229 4581 451 4654 Θυμικόν
479 4604 535 4639 τι
571 4589 860 4658 σημαίνειο
891 4593 986 4646 καὶ
1014 4595 1074 4647 τὸ
1104 4595 1355 4667 μόσχειον
1388 4595 1525 4663 εἶδος
1557 4581 1681 4655 ἐπι-

137 4664 426 4744 σημητικόν·
477 4677 642 4732 ἅτινα
696 4679 844 4752 πάθη
891 4684 983 4736 καὶ
1317 4690 1674 4762 ὑπάρχουσιν.

143 4756 481 4833 Ὀμοιότηττις
511 4768 570 4822 δέ
596 4786 728 4840 φησι
755 4772 853 4835 τὰς
881 4774 1207 4844 ὁμοιωτικὰς
1249 4756 1502 4846 ὑπονοίας
1521 4800 1534 4812 °
1567 4801 1676 4837 τοι-

131 4850 304 4923 γαροῦν
327 4857 473 4927 λέγει
504 4860 533 4911 ὁ
559 4862 608 4892 ³ο
654 4861 930 4938 Ίεξεκιὴλ,
962 4865 1037 4930 ὡς
1083 4868 1337 4940 ὁμοίωμα
1366 4873 1669 4944 ἑωρακέναι

125 5125 178 5180 Θα
203 5131 426 5203 εἴρηται·
465 5135 764 5208 Ἀνόμοιοι
817 5142 1180 5210 ὁμοιότητες
1221 5144 1283 5198 οὐ
1325 5145 1436 5218 γὰρ
1465 5147 1672 5213 πάντας

122 5221 307 5290 ὁμοίους
332 5230 432 5300 ὁρᾷ
459 5230 490 5282 ὁ
513 5231 822 5302 προφήτης,
844 5232 976 5288 ἀλλὰ
1003 5238 1130 5300 τοὺς
1160 5237 1257 5309 μὲν
1286 5239 1525 5306 τοιώσδε,
1540 5245 1668 5307 τοὺς

121 5309 165 5363 δὲ
186 5315 417 5372 τοιώσδεο
441 5321 582 5374 ἀλλὰ
623 5323 719 5376 καὶ
751 5323 991 5394 ἀνόμοιοι
1009 5329 1113 5381 εἰσι
1143 5330 1437 5395 παντελῶς,
1463 5327 1543 5397 οἷς
1577 5333 1665 5388 δο-

121 5399 275 5457 κοῦσιν
303 5403 436 5461 εἶναι
467 5411 684 5481 ὅμοιοι·
718 5412 868 5466 οὐδὲν
913 5415 1020 5488 γὰρ
1049 5417 1278 5485 λέοντος,
1308 5419 1342 5492 ἢ
1375 5423 1596 5494 μόσχου,
1630 5424 1664 5496 ἢ

1789 4597 1938 4650 niam
1991 4597 2167 4651 forma
2207 4598 2426 4653 leonina
2474 4600 2683 4671 aliquid
2724 4601 3001 4661 irascibile
3048 4605 3375 4673 indicat,.ev

1786 4691 1999 4758 species
2038 4689 2268 4744 vitulina
2313 4693 2764 4762 concupiscibile,
2797 4709 2919 4765 qua
2953 4697 3268 4772 passiones,
3306 4708 3362 4754 et

1782 4778 2003 4849 quidem
2065 4795 2295 4851 magnae,
2346 4791 2497 4839 sunt.
2549 4781 2948 4840 Similitudines
2980 4799 3159 4841 autem
3201 4788 3354 4852 dicit,

1782 4885 1981 4927 sensus
2010 4873 2328 4929 reconditos
2354 4875 2462 4930 vim
2495 4877 2842 4931 assimilandi
2882 4877 3149 4935 habentes
3178 4899 3190 4934 :
3223 4879 3358 4934 dicit

1783 4962 1950 5033 igitur
1988 4962 2259 5029 Ezechiel,
2312 4973 2572 5036 tanquam
2622 4968 3033 5024 similitudinem
3060 4971 3242 5025 throni
3272 4971 3359 5024 vi-

1724 5113 1732 5123 ,
1779 5053 1951 5120 disse,
1986 5063 2041 5110 et
2070 5055 2486 5113 similitudinem
2520 5060 2731 5125 leonis;
2761 5061 2906 5131 quod
2939 5061 3182 5116 declarat
3209 5061 3351 5115 [icti-

1777 5147 1910 5202 tiam
1958 5149 2302 5220 opinantium
2350 5150 2835 5221 imaginationem:
2876 5153 2998 5208 ideo
3025 5151 3114 5207 hic
3139 5151 3360 5207 dictum

1775 5247 1882 5304 est,
1915 5237 2202 5294 dissimiles
2236 5239 2650 5297 similitudines:
2681 5258 2860 5314 neque
2889 5244 3032 5299 enim
3062 5257 3252 5298 omnes
3271 5241 3350 5298 si-

1772 5329 1930 5386 miles
1950 5331 2218 5401 propheta
2247 5331 2397 5386 videt
2425 5351 2440 5400 ;
2475 5332 2571 5389 sed
2600 5333 2701 5390 hos
2727 5335 2948 5408 quidem
2976 5335 3076 5399 sic,
3102 5334 3226 5390 illos
3240 5351 3354 5393 .m-

1772 5430 1882 5477 tem
1905 5423 2022 5478 sic:
2054 5438 2244 5479 verum
2274 5424 2576 5482 dissimiles
2603 5427 2829 5483 omnino
2873 5435 3000 5482 sunt
3022 5426 3110 5492 iis,
3141 5425 3344 5499 quibus

1052 5659 1288 5718 WARLE
1321 5663 1703 5722 LECTIONES
1739 5668 1828 5723 ΕΤ
1859 5668 2410 5727 CORRECTIONES'.

175 5809 210 5840 "
236 5812 708 5878 iaﬁvmret’ertur
733 5812 878 5868 enim
911 5815 978 5871 ad
1008 5819 1203 5873 οὐσίαι.
1237 5809 1255 5818 ”

1322 5821 1365 5854 ’⁸
1398 5822 1597 5889 ἵππων,
1633 5826 1871 5896 ἡμιόνων
1905 5828 1996 5880 καὶ⁴
2027 5826 2134 5881 τῶν
2166 5827 2437 5883 τοιούτων.

2539 5828 2584 5859 ’⁸
2617 5827 2762 5895 λέγει
2805 5844 2915 5902 γαρ
2947 5832 2995 5885 ὁ.
