3860 6548
444 387 547 451 ιδῃ
1252 374 1597 435 APPENDIX
1631 373 1725 430 AD
1756 371 1981 430 OPERA
2031 370 2089 427 S.
2130 366 2425 426 DlONYSll
2463 363 2949 424 AREOPAGITE.
3663 354 3740 412 40

448 505 736 563 -νίὰειιῑιιι-
775 516 900 560 esse
946 497 1153 557 similes
1181 516 1195 552 :
1221 496 1364 552 nihil
1391 494 1542 552 enim
1570 492 1750 549 leonis
1770 497 1865 546 aut
1892 489 2054 544 vituli

2190 486 2263 540 ῶν
2295 486 2422 559 ἑξῆς
2449 483 2665 557 ἀληθῶς
2694 483 2908 555 ἔχουσι·
2932 480 2985 534 τι
3012 477 3068 532 δὲ
3086 477 3237 550 δηλοῖ
3259 472 3321 531 τὸ
3359 474 3633 547 ἀνόμοιον.
3678 474 3744 529 ὲν

478 609 574 655 aut
619 599 956 668 reliquorum
995 606 1125 648 vere
1151 591 1388 657 habent;
1420 587 1554 663 quid
1584 601 1751 659 porro
1788 584 2057 658 signiﬁcet

2190 581 2267 644 οῖς
2296 578 2424 648 ἑξῆς
2453 576 2727 648 εὑρήσεις.

477 691 749 762 ἀνόμοιον,
774 690 832 745 in
862 683 1221 758 sequentibus
1248 682 1523 739 invenies.

559 782 948 844 Verumtamen,
995 775 1093 834 Gr.
1122 775 1237 830 ἀλλ’
1275 772 1333 847 ἡ.
1395 773 1501 830 Per
1544 771 1770 829 modum
1826 785 2057 842 respon-

477 872 676 928 sionis.

553 963 621 1018 Ut
641 977 799 1033 neque
828 959 1041 1015 divinar.
1089 955 1389 1013 Pollicetur
1437 968 1535 1027 per
1573 954 1852 1028 propriam
1888 954 2060 1011 inter-

477 1055 837 1128 pretationem
866 1061 1164 1122 utrumque
1191 1048 1481 1106 ostendere
1507 1066 1523 1117 ;
1554 1057 1615 1102 ut
1638 1063 1819 1119 neque
1843 1046 2060 1103 videan-

473 1157 567 1203 tur
595 1148 843 1204 caelestia
887 1141 1093 1216 injuria
1116 1143 1289 1214 allici,
1317 1158 1495 1214 neque
1521 1157 1624 1199 nos
1665 1142 1721 1196 in
1758 1140 2057 1212 humipetis

475 1241 778 1296 vilitatibus
808 1238 962 1294 inﬁxi
1003 1253 1149 1301 esse,
1194 1237 1325 1292 dum
1368 1237 1517 1291 circa
1552 1235 1811 1290 animalia
1838 1250 1960 1307 qua:
1987 1235 2056 1293 de

476 1334 686 1405 angelis
716 1333 1002 1397 dicuntur,
1031 1340 1344 1387 versamur.

548 1424 743 1480 Merito
765 1423 1014 1479 obducta.
1047 1423 1160 1478 Cur
1205 1423 1363 1493 signa
1399 1437 1588 1477 eorum
1615 1430 1736 1492 qua:
1765 1420 1936 1492 ﬁgura
1965 1435 2061 1475 ex-

474 1516 639 1589 primi
667 1524 969 1588 nequeunt,
1010 1516 1122 1571 sint
1153 1515 1360 1586 ﬁgurae,
1391 1521 1446 1570 et
1475 1528 1666 1569 eorum
1709 1528 1831 1585 quae
1884 1511 2060 1566 forma

477 1617 693 1675 carent,
724 1610 934 1675 formw,
955 1609 1061 1664 hoc
1085 1610 1208 1665 loco
1227 1607 1384 1664 dicit.

549 1704 599 1773 7
638 1702 977 1775 Inﬁguratis,
1009 1700 1105 1757 Gr.
1137 1699 1577 1773 ἀσχηματίστων.
1611 1698 1717 1755 Pro
1748 1698 1935 1771 forma:
1965 1716 2057 1755 ex-

475 1797 723 1865 partium.

2241 760 2403 817 Ἀλλ’
2431 761 2491 829 ἠ.
2534 752 2989 830 Ἀπολογητικῶς.

2229 953 2349 1027 [α’.]
2400 953 2497 1019 Ὠς
2517 953 2668 1022 μήτε
2695 952 2781 1016 εἰς
2806 949 2912 1014 τὰς
2956 944 3135 1011 θείας.
3184 940 3611 1013 Ἐπαγγέλλεται
3649 942 3745 1005 διὰ

2155 1044 2258 1119 τῆς
2307 1046 2441 1111 ἰδίας
2499 1037 2794 1118 ἑρμηνείας
2846 1040 3108 1095 δεικνύειν
3160 1037 3439 1108 ἑκάτερον,
3493 1036 3571 1102 ὡς
3602 1034 3745 1109 μήτε

2157 1136 2305 1205 δόξαι
2334 1135 2653 1210 ὑϐρίζεσθαι
2696 1133 2767 1188 τὰ
2796 1126 3043 1204 οὐράνια,
3079 1130 3211 1201 μήτε
3247 1127 3395 1199 ἡμᾶς
3428 1128 3509 1190 εις
3536 1142 3747 1197 χαμαι-

2160 1233 2357 1305 ζήλους
2407 1227 2795 1298 ταπεινότητας
2842 1214 3155 1296 ἐμπαγῆναι
3204 1219 3470 1292 περὶτῶν
3497 1219 3556 1273 ὲν
3576 1216 3748 1282 ἀγγέ-

2158 1325 2271 1389 λοις
2310 1318 2618 1393 λεγομένων
2644 1316 2817 1385 ζώων.

2234 1417 2324 1490 [β’.
2356 1396 2638 1488 Εἰκότως
2672 1408 3120 1481 προϐέϐληνται.
3154 1404 3253 1460 Διὰ
3278 1404 3331 1458 τι
3358 1403 3605 1477 σύμϐολα
3630 1393 3747 1455 τῶν

2160 1505 2463 1562 ἀτυπώτων
2499 1505 2549 1556 οἱ
2576 1503 2737 1555 τύποι
2765 1500 2859 1555 καὶ
2894 1496 3001 1552 τῶν
3030 1493 3394 1567 ἁμορφώτων
3422 1495 3481 1548 αἱ
3513 1491 3744 1564 μορφαὶ,

2162 1596 2400 1653 ἐνταῦθα
2427 1611 2611 1667 φησιν.
2708 1624 2711 1631 ι

2245 1688 2757 1760 Ἀσχηματίστων.
2796 1684 2946 1739 Ἀντὶ
2967 1682 3060 1736 τοῦ
3081 1680 3468 1752 ἀμορφώτων.

550 1889 889 1945 Immediate.
923 1888 1039 1944 lloc
1069 1899 1153 1945 est
1190 1903 1302 1944 non
1331 1886 1666 1959 perimedias
1698 1885 1923 1957 ﬁguras,
1964 1885 2060 1940 sed

2233 1880 2353 1954 [γ’.]
2401 1878 2682 1950 ’Ᾱμέσωςκ
2729 1874 2987 1929 Τουτέστι
3039 1873 3112 1945 μὴ
3164 1871 3253 1959 διὰ
3303 1868 3483 1942 μέσων
3509 1858 3619 1921 τῶν
3643 1865 3747 1921 τύ·-

476 1982 771 2039 coni'estim
807 1988 865 2038 et
907 1981 1086 2052 primo
1116 1981 1285 2049 nisu;
1319 1980 1451 2035 illud
1496 1986 1679 2035 autem
1729 1972 2063 2050 praetendunt

479 2074 622 2132 idem
655 2084 742 2131 est
763 2086 888 2130 cum
916 2082 1228 2145 prwpontmt
1254 2076 1309 2130 et
1326 2073 1686 2143 prastituunt.

551 2232 948 2289 Formationes.
998 2231 1135 2288 Nola
1165 2230 1310 2302 quod
1342 2229 1654 2301 incorporei
1696 2236 1751 2285 et
1802 2227 2065 2285 informes

480 2326 625 2382 sint:
656 2325 880 2397 quando
922 2324 1090 2396 igitur
1121 2323 1365 2379 audieris
1405 2322 1475 2378 de
1518 2321 2062 2393 supersubstantiali,

479 2418 575 2489 qui
603 2433 723 2471 cum
746 2418 800 2472 in
833 2417 1010 2487 forma
1049 2416 1143 2470 Dei
1165 2425 1301 2471 esset
1326 2418 1372 2482 ε,
1404 2414 1905 2470 immutabilitatem
1935 2428 2067 2484 erga

478 2509 698 2565 Patrem
747 2508 1028 2581 intellige;
1059 2508 1164 2564 hoc
1196 2508 1344 2564 enim
1375 2508 1618 2564 declarat
1663 2515 1718 2562 et
1756 2508 1933 2578 imago
1970 2505 2069 2561 Dei

479 2600 759 2658 invisibilis
810 2602 864 2667 ιι,
888 2609 943 2657 et
967 2602 1131 2656 illud:
1158 2601 1268 2669 Qut'
1297 2600 1427 2656 vidit
1448 2599 1681 2666 me,vidit
1701 2609 1752 2655 et
1781 2598 1999 2655 Patrem
2019 2600 2063 2655 ί.

487 2690 580 2750 Sic
607 2697 775 2751 etiam
807 2703 1034 2751 sanctus
1064 2696 1299 2762 Basilius
1343 2695 1734 2766 interpretatur
1766 2692 1821 2748 in
1858 2708 2069 2750 sermo-

481 2805 552 2845 ne
577 2788 648 2843 ad
677 2790 960 2861 proprium
1012 2788 1240 2845 fratrem
1270 2786 1338 2843 de
1382 2786 1695 2843 diﬁerentia
1746 2785 2070 2843 substantiae

480 2888 536 2937 et
563 2881 963 2939 subsistentia.

552 2972 582 3047 ᾗ
622 2973 711 3031 Ill.
752 2974 1024 3045 Duplicem
1051 2988 1165 3030 esse
1198 2988 1388 3029 sacrm.
1445 2971 1799 3028 Divinitate‘m
1854 2971 2069 3029 duobus

478 3067 660 3124 modis
692 3068 908 3123 laudari
938 3087 951 3123 :
999 3076 1094 3123 aut
1124 3067 1361 3124 similem
1386 3065 1664 3131 omnibus,
1702 3065 1887 3119 omnia
1921 3065 2069 3120 enim

2164 1953 2301 2037 πων,
2346 1972 2461 2026 ἀλλ’
2506 1962 2717 2041 ἀθρόως
2761 1966 2855 2021 καὶ
2902 1964 3042 2019 κατὰ
3086 1953 3307 2035 πρώτην
3354 1958 3641 2032 ἐπιϐολήνο
3682 1957 3750 2013 τδ

2162 2065 2219 2119 δὲ
2252 2063 2634 2132 προτείνουσι
2661 2050 2854 2113 ταύτόν
2877 2058 2991 2110 ἐστι
3020 2055 3097 2125 τῷ
3119 2050 3482 2122 προτιθέασι,
3504 2051 3600 2106 καὶ
3613 2057 3748 2119 προ-

2164 2154 2506 2210 ϐάλλονται.

2238 2247 2353 2321 [δ’.]
2403 2244 2775 2315 Μορφώσεις.
2825 2238 3173 2313 Σημείωσαι,
3215 2238 3299 2291 ὅτι
3351 2235 3421 2290 τὰ
3477 2235 3751 2321 ἀσώματα

2165 2319 2468 2413 ἁμόρφωτά
2498 2337 2664 2389 εἰσιν
2696 2334 2822 2387 ὅταν
2845 2328 2939 2386 οὖν
2969 2328 3208 2401 ἀκούσῃς
3229 2328 3359 2400 περὶ
3388 2326 3484 2381 τοῦ
3516 2319 3754 2397 ὑπερου-

2170 2432 2306 2496 σίου,
2327 2432 2387 2495 ὃς
2418 2429 2488 2484 ἐν
2499 2426 2705 2499 μορφῇ
2735 2425 2883 2480 Θεοῦ
2909 2424 3216 2494 ὑπάρχων,
3236 2420 3297 2475 τὸ
3324 2420 3754 2494 ἀπαράλλακτον

2168 2524 2306 2597 πρὸς
2336 2523 2426 2576 τὸν
2460 2520 2653 2576 ἑαυτοῦ
2681 2519 2902 2591 Πατέρα
2925 2517 3116 2588 νόησον
3133 2532 3147 2546 ·
3164 2514 3322 2568 τοῦτο
3345 2513 3454 2585 γὰρ
3483 2512 3635 2585 δηλοῖ
3652 2512 3754 2566 καὶ

2168 2617 2208 2684 ἡ
2236 2614 2413 2669 εἰκὼν
2441 2612 2547 2666 τοῦ
2578 2610 2725 2664 Θεοῦ
2753 2608 2859 2663 τοῦ
2902 2602 3183 2675 ἀοράτου,
3215 2604 3307 2659 καὶ
3339 2604 3432 2658 τό*
3476 2604 3539 2656 '0
3566 2603 3753 2671 ἑωρα-

2124 2708 2139 2724 ⁶
2168 2703 2288 2769 κὼς
2340 2699 2465 2772 ἐμὲ,
2509 2698 2728 2768 ἑώρακε
2786 2689 2894 2751 τόν
2938 2686 3187 2764 Πατέρα.
3237 2692 3393 2747 Οὕτω
3425 2693 3525 2747 καὶ
3546 2694 3575 2746 6
3597 2691 3756 2760 ἅγιος

2168 2794 2449 2858 Βασίλειος
2480 2784 2773 2865 ἑρμηνεὺει
2796 2790 2852 2842 ὲν
2883 2780 2964 2859 τῷ
2999 2787 3136 2860 πρὸς
3163 2787 3253 2840 τὸν
3282 2780 3480 2840 οἰκεῖον
3525 2775 3756 2854 ἀδελφὺν

2168 2885 2330 2957 λόγῳ,
2350 2882 2430 2955 τῷ
2460 2882 2586 2955 περὶ
2617 2880 2878 2952 διαφορᾶς
2910 2873 3097 2942 οὗσίας
3124 2878 3216 2931 καὶ.
3237 2876 3610 2940 ὑποστάσεως.

2241 2978 2269 3051 §
2304 2978 2400 3032 lli.
2448 2976 2544 3041 Ὠς
2575 2972 2771 3039 διττός
2799 2970 2934 3024 ἐστι
2961 2968 3071 3036 τῆς
3100 2966 3280 3036 ἱερᾶς.
3327 2968 3452 3051 Ὅτι
3493 2965 3633 3020 κατὰ
3659 2965 3758 3021 δύο

2169 3049 2405 3144 τρόπους
2429 3060 2677 3137 ὑμνεῖται
2693 3061 2755 3116 τὸ
2777 3061 2929 3115 Θεῖον
2953 3077 2966 3090 ·
3004 3059 3038 3131 ἢ
3061 3053 3137 3123 ὡς
3166 3060 3350 3130 ὅμοιον
3375 3049 3542 3112 πᾶσι·
3575 3058 3759 3112 πάντα

482 3159 540 3214 in
572 3161 690 3230 ipsa
707 3161 1056 3228 consistunt;
1083 3169 1176 3216 aut
1205 3160 1353 3217 sicut
1372 3158 1697 3215 dissimilem
1718 3199 1736 3225 ,
1768 3156 1904 3212 nihil
1920 3158 2067 3213 enim

2190 3162 2280 3234 γὰρ
2309 3161 2366 3215 ὲν
2393 3157 2540 3228 αὑτῷ
2580 3156 2893 3210 συνίσταται
2913 3170 2927 3184 ο
2965 3152 3101 3224 ἢὼς
3132 3151 3413 3223 ἀνόμοιον·
3449 3150 3603 3205 οὐδὲν
3644 3152 3758 3223 γάρ

480 3258 567 3308 est
595 3253 1000 3310 universorum.

555 3344 662 3399 Per
683 3342 994 3401 dissimilia.
1029 3343 1189 3412 Quod
1233 3343 1423 3416 ﬁgura:
1457 3355 1556 3416 per
1583 3343 1790 3401 similia
1820 3350 1875 3399 et
1904 3341 2074 3399 dissi-

484 3436 639 3492 rnilia
694 3437 993 3509 ﬁngantur,
1027 3445 1082 3494 et
1131 3437 1409 3510 quomodo
1450 3438 1754 3510 ﬁngantur,
1807 3436 1912 3492 hoc
1948 3437 2071 3492 loco

483 3533 710 3584 tractat.

557 3620 862 3692 Aliquando
890 3622 1104 3694 quidem
1137 3629 1196 3676 ut
1224 3621 1460 3678 verbum.
1497 3619 1812 3678 Secundum
1834 3621 1969 3693 quid
1989 3621 2073 3677 di-

485 3715 633 3769 citur
679 3716 908 3770 verbum
956 3724 1011 3772 et
1040 3732 1219 3780 mens,
1254 3715 1432 3772 Deus:
1463 3716 1520 3770 in
1543 3731 1645 3771 eo:
1671 3715 1804 3783 Quis
1834 3715 2073 3786 cognovit

487 3820 698 3861 sensum
751 3804 965 3861 homini
991 3808 1057 3862 k?
1083 3815 1139 3865 et
1168 3807 1224 3862 in
1251 3823 1317 3864 eo
1346 3828 1359 3863 :
1395 3805 1466 3861 Et
1510 3807 1713 3877 factum
1742 3818 1819 3862 est
1863 3806 2075 3862 verbum

489 3897 704 3953 Domini
747 3899 818 3953 ad
869 3916 948 3955 me
974 3899 1154 3954 dicens
1183 3899 1228 3965 1,
1261 3909 1317 3956 et
1353 3914 1477 3971 quae
1506 3899 1802 3972 deinceps:
1830 3898 2077 3955 rationa-

486 3989 755 4047 bilitatem
789 3995 973 4047 autem
1013 3993 1152 4048 dicit
1178 3993 1236 4048 in
1265 3992 1399 4060 Deo,
1429 4008 1539 4049 non
1564 3993 1711 4064 quod
1742 3992 1872 4048 velit
1899 3991 2079 4048 decla-

487 4097 613 4138 rare
647 4083 831 4139 ‘Deum
855 4099 978 4141 esse
1010 4086 1356 4152 rationalem,
1396 4094 1657 4157 tanquam
1687 4084 1919 4142 rationis
1948 4099 2076 4156 par-

425 4245 428 4248 .
497 4173 757 4245 ticipem;
790 4176 900 4230 hoc
942 4177 1090 4230 enim
1135 4177 1485 4233 manifestum
1525 4184 1634 4241 est;
1666 4177 1762 4232 sed
1796 4175 1942 4247 quod
2006 4176 2079 4232 sit

491 4267 725 4336 ipsamet
744 4268 1171 4333 rationabilitas,
1208 4285 1333 4324 cum
1367 4277 1516 4326 totus
1532 4264 1765 4326 exsistat
1784 4271 1958 4337 ratio;
1987 4286 2079 4326 es-

493 4358 727 4412 sentiam
755 4367 939 4415 autem
988 4360 1181 4415 dicunt
1213 4361 1270 4415 in
1292 4360 1425 4427 Deo,
1450 4377 1577 4416 cum
1620 4361 1918 4417 dixerunt:
1968 4359 2077 4433 Ego

495 4465 613 4503 sum
635 4450 726 4521 qui
748 4467 886 4517 sum,
906 4459 985 4518 et,
1011 4452 1117 4520 Qui
1146 4463 1246 4517 est,
1268 4454 1413 4507 misit
1426 4469 1505 4508 me
1523 4462 1598 4518 1⁵¹¹;
1625 4452 1706 4508 Tu
1731 4461 1910 4507 autem
1934 4452 2072 4507 idem

2176 3254 2292 3311 ἐστι
2318 3254 2425 3307 τῶν
2448 3246 2602 3306 ὅλων.

2245 3346 2350 3402 Διὰ
2378 3344 2496 3400 τῶν
2521 3338 2839 3414 ἀνομοίων.
2878 3341 3002 3393 ’Ότι
3023 3332 3091 3394 δι’
3129 3338 3329 3410 ὁμοίων
3359 3330 3455 3391 καὶ
3485 3335 3760 3407 ἀνομοίων

2177 3432 2500 3495 πλάττονται
2548 3431 2598 3488 οἱ
2657 3432 2856 3486 τύποι·
2913 3429 3009 3485 καὶ
3056 3428 3174 3493 πῶς
3229 3427 3589 3491 πλάττονται,
3646 3418 3757 3481 ὧδέ

2177 3548 2524 3690 “grsner
2551 3615 2632 3684 ὡς
2678 3617 2883 3686 λόγον.
2942 3610 3102 3667 Κατά
3128 3630 3181 3665 τι
3226 3611 3444 3680 λέγεται
3476 3610 3635 3680 λόγος
3663 3610 3763 3664 καὶ

2176 3710 2301 3775 νοῦς
2329 3712 2358 3764 6
2385 3707 2517 3771 Θεός
2534 3724 2548 3738 ο
2581 3707 2638 3759 ὲν
2659 3703 2739 3776 τῷ
2761 3721 2773 3735 ·
2810 3702 2905 3769 Τίς
2936 3703 3088 3771 ἔγνω
3112 3699 3264 3754 νοῦν
3290 3697 3550 3766 Κυρίου;
3580 3696 3675 3750 καὶ
3703 3696 3763 3748 ἐν

2175 3802 2256 3873 τῷ
2284 3817 2299 3832 ’
2337 3799 2448 3854 Καὶ
2495 3794 2733 3868 ἐγένετο
2774 3793 2958 3862 ,λόγος
2998 3788 3223 3857 Κυρίου
3262 3786 3411 3855 πρὸς
3433 3783 3514 3854 μὲ
3542 3782 3761 3853 λέγων,

2176 3897 2272 3951 καὶ
2303 3893 2371 3948 τὰ
2396 3894 2539 3965 ἑξῆς.
2575 3888 2875 3960 Λογιότητα
2902 3884 2959 3940 δέ.
2985 3901 3145 3956 φησιν
3190 3881 3283 3934 ἐπὶ
3331 3878 3425 3934 τοῦ
3473 3877 3632 3944 Θεοῦ,
3664 3876 3765 3947 οὐχ

2177 3990 2260 4045 ὃτι
2286 3985 2505 4056 λογικὸν
2552 3980 2695 4038 ϐέλει
2737 3980 2977 4053 δηλῶσαι
3026 3974 3116 4031 τὸν
3159 3975 3311 4040 Θεὸν,
3359 3974 3435 4037 ὡς
3467 3971 3766 4044 μετέχοντα

2176 4081 2366 4150 λόγουο
2397 4076 2556 4131 τοῦτο
2600 4073 2709 4146 γὰρ
2763 4071 3051 4144 ἐμφαίνειί
3092 4067 3204 4122 ἀλλ’
3255 4067 3337 4120 ὅτι
3378 4062 3766 4134 αὑτολογιότης

2178 4171 2348 4235 ἐστὶν,
2383 4168 2502 4230 ὅλος
2530 4160 2687 4233 λόγος
2716 4162 2789 4215 ὢν
2808 4180 2821 4194 ο
2854 4157 3041 4215 οὐσίαν
3083 4158 3140 4212 δὲ
3183 4157 3431 4227 λέγουσιν
3464 4154 3556 4208 ἐπὶ
3604 4152 3763 4215 Θεοῦ,

2178 4266 2304 4319 ὅταν
2329 4261 2582 4315 εἴπωσιν
2632 4254 2780 4326 Ἐγώ
2806 4257 2922 4325 ειμι
2952 4256 2984 4307 ὁ
3012 4250 3117 4315 ὢν,
3156 4251 3248 4305 καὶ
3283 4253 3315 4304 ό
3341 4249 3427 4302 ὢν
3460 4247 3769 4303 ἀπέσταλ-
3836 4280 3837 4283 η

2180 4359 2252 4412 κέ
2271 4372 2382 4427 με’
2412 4354 2494 4410 σὺ
2524 4352 2591 4408 δὲ
2624 4356 2656 4407 ό
2688 4350 2871 4416 αὐτὸς
2935 4349 3018 4401 εἷ’
3061 4339 3169 4400 ἀπὸ
3215 4343 3324 4417 γὰρ
3354 4342 3448 4397 τοῦ
3479 4343 3632 4397 εἶναι
3673 4342 3769 4394 καὶ

2179 4451 2274 4505 τοῦ
2327 4450 2502 4514 ὄντος
2556 4448 2590 4518 ἡ
2633 4444 2808 4508 οὖσα,
2858 4442 2953 4496 καὶ
3000 4439 3063 4493 τὸ
3121 4436 3451 4508 παράγωγον
3503 4434 3685 4488 οὐσία
3732 4435 3767 4503 ἡ

493 4540 605 4609 ipse
635 4559 689 4596 es
718 4552 767 4598 ιι.
793 4542 928 4599 Nam
962 4546 1032 4601 ab
1058 4540 1197 4599 εἶναι
1229 4553 1283 4601 et
1312 4545 1465 4610 ὄντος
1497 4545 1557 4600 ﬁt
1583 4539 1721 4600 οὖσα
1749 4553 1803 4602 et
1834 4545 1962 4602 inde
1991 4546 2071 4602 de

2191 4542 2446 4616 ὖπαρξις.

495 4631 718 4688 ducitur
748 4632 1267 4699 obaiu,substantia.

567 4722 637 4777 Et
661 4726 846 4782 vitam.
879 4726 1043 4794 Quod
1072 4724 1217 4785 Deus
1252 4744 1432 4802 neque
1475 4730 1608 4795 vita,
1653 4744 1832 4801 neque
1874 4729 2083 4795 lumen,

2254 4615 2365 4688 Καὶ
2414 4626 2585 4698 ζωήν.
2642 4627 2765 4681 Ὀτι
2797 4624 2919 4679 οὗτε
2959 4622 3094 4694 ζωὴ,
3134 4619 3256 4674 οὕτε
3286 4618 3421 4689 φῶς,
3464 4615 3586 4671 οὔτε
3617 4615 3765 4678 νοῦς,

2182 4722 2307 4781 οὔτε
2345 4719 2504 4778 οὐσία
2543 4717 2748 4793 κυρίως
2784 4718 3003 4787 λέγεται
3029 4719 3058 4769 6
3086 4713 3217 4776 Θεός
3240 4730 3253 4742 ·
3304 4711 3417 4765 ἀλλ’
3470 4707 3767 4775 αἰτιολογι-

496 4832 676 4888 neque
721 4821 966 4877 essentia
1017 4821 1241 4894 proprie
1298 4822 1556 4889 dicatur;
1590 4798 1833 4902 sedper
1860 4820 2071 4877 modum

2190 4821 2326 4884 κῶς·
2363 4815 2608 4887 ἔστιγὰρ
2627 4814 2721 4867 καὶ
2752 4805 2893 4883 ὑπὲρ
2920 4807 3113 4871 ταῦτα,
3148 4806 3242 4859 καὶ
3260 4804 3358 4874 οὑχ
3383 4798 3470 4856 οἷα
3501 4800 3693 4855 ταῦτα.

497 4925 710 4966 causae:
748 4920 834 4968 est
861 4914 1008 4970 enim
1041 4931 1208 4986 supra
1244 4916 1383 4981 haec,
1409 4931 1588 4986 neque
1617 4915 1762 4971 sicut
1788 4914 1925 4968 haec.

2266 4905 2544 4978 Ἀόρατον
2570 4902 2781 4970 αὐτὴν.
2806 4898 2927 4955 Ὅτι
2954 4898 3024 4952 τὰ
3041 4896 3180 4952 κατὰ
3205 4895 3475 4964 ἀπόφασιν
3501 4889 3770 4963 λεγόμενα

573 4983 1294 5076 Ιηυὶδίὺὶιεηιὲρδοιηίριιοά
1328 5024 1424 5078 per
1466 4983 1815 5080 negationem
1847 5004 1994 5060 dicta
2015 5003 2071 5058 de

2190 5006 2281 5059 ἐπὶ
2326 4999 2483 5065 Θεοῦ,
2514 4994 2625 5052 οἷον
2657 4988 2929 5064 ἀόρατος,
2966 4991 3241 5059 ἄπειρος,
3285 4988 3379 5042 καὶ
3412 4985 3483 5039 τὰ
3518 4983 3767 5048 τοιαῦτα,

498 5095 632 5162 Deo,
678 5098 825 5153 sicut
870 5074 1173 5166 inuisibilis,
1203 5074 1467 5172 ξηιιηῖιιιε,
1508 5074 1566 5155 εἰ
1592 5100 1746 5167 talia,
1794 5094 2071 5155 dissimili:

2191 5088 2420 5167 ἀνόμοιά
2474 5092 2606 5144 εἰσι’
2661 5083 2880 5157 δηλοῦσι
2940 5081 3048 5155 γὰρ
3101 5080 3161 5134 οὐ
3216 5078 3270 5132 τί
3320 5081 3490 5143 ἔστιν,
3537 5074 3674 5129 ἀλλὰ
3715 5074 3770 5127 τι

500 5196 680 5257 sunt;
736 5191 1022 5247 declarant
1066 5168 1400 5260 enim,’non
1456 5195 1603 5266 quod
1656 5203 1761 5259 est,
1815 5192 1911 5249 sed
1956 5191 2071 5246 illut

2191 5188 2291 5242 οὐκ
2331 5185 2477 5267 ἐστιν
2495 5185 2523 5236 6
2556 5175 2713 5243 Θεός·
2743 5174 2885 5230 οὕτω
2913 5174 3008 5228 καὶ
3040 5173 3069 5225 6
3098 5168 3344 5239 θεολόγος
3375 5168 3691 5241 Γρηγὸριος.

500 5277 645 5346 quod
679 5278 820 5336 Deus
850 5298 962 5337 non
984 5293 1105 5350 est;
1128 5281 1204 5336 ita
1238 5283 1402 5338 etiam
1426 5282 1722 5355 Gregorius
1748 5280 2085 5351 Theologus.

574 5367 1057 5446 Inintelligibilem,
1091 5373 1185 5433 Gr.
1225 5375 1472 5446 ἀνόητον.
1507 5376 1731 5431 Minime
1772 5371 2094 5444 intelligibi-
2149 5430 2159 5443 ο

2278 5362 2579 5428 Ἀνόητον.
2626 5352 2875 5425 Ἀνόητόν
2909 5364 3071 5421 φησιν
3102 5346 3163 5400 οὑ
3204 5345 3264 5399 τὸ
3288 5343 3512 5416 ἠλίθιον,
3553 5338 3691 5394 ἀλλὰ
3711 5341 3773 5392 τὸ

649 5526 942 5657 :ngiligg.
980 5547 1040 5597 ιι,
1071 5530 1126 5588 6.
1192 5530 1222 5571 ιι
1247 5530 1637 5596 Coloss.t,15.
1743 5530 1759 5568 ί
1798 5527 1958 5584 Joan.
1995 5542 2071 5581 xu

2190 5566 2199 5578 .
2295 5519 2321 5559 ιι
2353 5518 2375 5573 l
2407 5517 2536 5574 Cor.
2563 5528 2625 5580 ιι,
2654 5511 2740 5566 i6.
2845 5506 2865 5547 ι
2889 5505 3001 5563 Jer.
3042 5522 3083 5572 ι,
3113 5504 3171 5560 4.
3269 5512 3306 5535 ·
3342 5500 3510 5557 Exod.
3548 5514 3641 5567 ill,
3679 5496 3770 5552 M.

506 5604 536 5633 ιι
559 5593 706 5654 Psal.
735 5614 813 5665 Cl,
846 5593 881 5655 ’Ξ

1492 5727 1726 5786 VARUE
1761 5723 2143 5784 LECTIONES
2176 5722 2264 5780 ET
2303 5712 2859 5781 CORRECTIONES.

614 5866 658 5899 “
692 5865 859 5935 λέγει.
