3860 6548
103 422 143 475 il
771 424 834 481 S.
878 423 1121 484 MAXIM]
1157 421 1454 480 SCHOLIA
1490 406 1558 478 ῙΝ
1592 421 1721 477 LIB.
1759 419 1846 474 DE
1877 418 2204 477 C(ELES’I'I
2239 419 2680 477 HIERARCHIA.
3287 423 3359 480 ἐξ

99 535 153 606 μὴ
168 530 427 604 νοούμενον
446 533 574 590 ὑπό
620 555 821 602 τινοςο
858 539 1104 612 ἀόριστος
1133 539 1257 600 δὲρ
1287 539 1440 604 Θεὸς,
1469 538 1544 602 ὡς
1569 538 1671 610 ὅρῳ

1785 534 1890 595 lem
1920 533 2076 600 dicit,
2107 535 2486 602 nonstultum,
2508 535 2605 592 sed
2624 549 2657 590 a
2683 533 2836 590 nullo
2867 533 3240 591 intellectum:
3273 536 3360 592 in-

101 626 244 696 μηδενὶ
273 625 644 692 ὑποπίπτων,
689 631 818 684 ἀλλ’
862 631 1020 695 αὐτὸς
1072 630 1288 686 πάντων
1319 633 1444 703 ὅρος
1477 631 1552 684 ῶν
1582 631 1671 684 καὶ

1779 625 2034 682 deﬁnitus
2064 627 2209 682 enim
2235 633 2323 683 est
2347 625 2491 683 Deus
2513 637 2773 698 tanquam
2799 625 2937 682 nulli
2966 627 3204 684 termino
3227 629 3360 683 sub—

97 717 148 771 τὰ
168 715 320 770 πάντα
346 718 403 771 ὲν
433 719 646 792 ἑαυτῷ
685 722 915 793 ὁρίζων,
943 723 1055 794 ὅρῳ
1097 722 1156 776 δι
1203 722 1302 792 οὐχ
1340 722 1637 776 ὑποπίπτει
1657 738 1671 753 ο

98 810 196 862 διότι
241 811 286 862 οἱ
319 810 415 881 μὲν
437 812 574 884 ὅροι
609 813 686 866 ὲκ
711 814 828 868 τῶν
855 813 1212 884 καταφάσεων
1242 814 1555 884 σύγκεινται
1574 830 1588 844 ·
1619 816 1674 868 αἰ

95 901 135 956 δὲ
167 903 488 973 καταφάσεις
557 903 672 958 ἐπὶ
725 905 873 960 ’Θεοῦ
924 905 1275 978 ἀνάρμοστοι,
1301 906 1378 972 ὡς
1407 905 1674 977 ψευδόμε-

94 1013 181 1049 ναιυ
229 996 359 1068 ὑπὲρ
409 995 537 1069 γὰρ
589 997 816 1064 ταύτας
854 1001 884 1054 6
923 999 1077 1064 Θεὸς,
1123 1000 1200 1063 ὡς
1242 999 1343 1054 οὐκ
1391 998 1468 1053 ὢν
1494 998 1674 1065 οὐσία,

94 1087 182 1141 ἀλλ’
202 1086 330 1160 ὑπὲρ
353 1087 590 1143 οὐσίαν.

144 1271 201 1324 Αἰ
223 1267 596 1339 ἀποφάσεις.
631 1271 717 1325 Οὐ
746 1269 908 1342 μόνον
947 1270 1041 1324 ἐπὶ
1088 1271 1244 1337 Θεοῦ,
1277 1271 1416 1326 ἀλλά
1454 1273 1548 1326 καὶ
1578 1273 1674 1326 ἐπὶ

95 1359 176 1412 τῶν
205 1360 355 1412 θείων
404 1360 722 1424 ἁπάντων,
775 1361 1054 1416 τουτέστιν
1088 1362 1182 1415 ἐπὶ
1227 1363 1335 1416 τῶν
1375 1364 1514 1434 μετά
1539 1364 1672 1418 Θεὸν

95 1452 258 1522 νοητῶν
309 1453 570 1517 πάντων,
626 1451 733 1506 καὶ
772 1454 880 1520 τὰς
905 1453 1241 1525 ἀποφάσεις
1268 1454 1512 1523 ἀληθεῖς
1532 1449 1672 1509 εἶναί

94 1565 212 1618 φησι,
239 1549 326 1602 καὶ
357 1549 473 1615 τὰς
518 1545 915 1616 καταφάσεις
959 1547 1375 1616 ἀναρμοδίους.
1414 1549 1674 1619 Ἀναρμό-

94 1641 173 1692 διοι
200 1641 287 1710 μὲν
306 1635 401 1694 οὖν
426 1640 586 1694 εἰσιν
625 1640 689 1692 αἰ
723 1637 1082 1707 καταφάσεις,
1105 1641 1232 1692 ὅταν
1258 1638 1552 1712 εῐπωμενῆ
1580 1641 1672 1693 τὸν

91 1733 260 1804 Θεὸν,ἢ
286 1732 387 1796 τὰς
410 1732 627 1804 νοερᾶς
651 1733 940 1804 δυνάμεις,
983 1733 1127 1803 ζωὴν
1165 1731 1198 1802 ἢ
1232 1732 1377 1800 φῶς·
1407 1730 1530 1786 οὔτε
1563 1733 1672 1805 γὰρ

93 1824 422 1896 ζωὴ.τοιαύτη
464 1825 562 1888 τίς
617 1825 798 1889 ἐστιν,
849 1825 926 1889 ὼς
974 1824 1064 1879 διὰ
1106 1825 1384 1888 εἰσπνοίας
1428 1826 1523 1879 καὶ
1575 1827 1671 1878 ὲκ-

92 1916 244 1980 πνοίας
275 1914 405 1987 ζῇνο
435 1913 577 1968 οὔτε
602 1913 728 1985 φῶς
753 1915 816 1969 τὸ
845 1914 1164 1986 φαινόμενον
1192 1915 1286 1968 καὶ
1317 1914 1506 1969 ποιοῦν
1533 1917 1668 1987 όρᾶ-
1699 1903 1742 1957 Β

94 2007 186 2059 σθαι
211 2006 273 2060 τὰ
301 2009 673 2080 προκείμενα
689 2025 705 2039 ’
740 2007 879 2061 ἀλλά
899 2007 1168 2080 ἀνώτερόν
1198 2026 1252 2061 τι
1277 2007 1500 2062 τούτων.
1526 2008 1590 2061 Δί
1613 2008 1670 2062 δὲ

92 2101 360 2168 ἀποφάσεις
387 2102 447 2154 αἱ
478 2100 581 2154 διὰ
609 2101 903 2171 ἀρνήσεων
966 2098 1149 2164 ποσῶς
1189 2100 1281 2153 sui.
1313 2099 1423 2153 τῶν
1463 2099 1670 2172 νοητῶν

92 2193 413 2264 οἰκειότεραιο
453 2193 713 2263 λέγομεν
749 2192 879 2264 γὰρ,
910 2193 992 2247 ὅτι
1037 2192 1278 2264 ἀόρατοι,
1323 2193 1417 2248 καὶ
1451 2194 1534 2248 ὅτι
1571 2193 1669 2263 οὐχ

89 2283 428 2338 ὑποπίπτουσι
471 2283 606 2356 Θὲᾳ,
639 2283 903 2355 νοοῦμενο
935 2283 987 2338 τί
1012 2285 1071 2339 δέ
1113 2287 1260 2339 ἐστιν
1299 2284 1542 2340 αὐτότὸ
1580 2284 1667 2355 μὴ

93 2377 446 2444 φαινόμενον,
489 2374 627 2429 οὔτε
677 2375 1174 2448 πολυπραγμονεῖν,
1221 2376 1344 2430 οὔτε
1397 2379 1670 2448 παριστᾷν

92 2466 208 2520 δοκεῖ
228 2470 257 2521 ό
295 2468 501 2537 λόγος’
545 2468 761 2526 ,καίτοι
818 2467 880 2521 τὸ
935 2467 1046 2540 ζωὴ
1103 2469 1198 2523 καὶ
1229 2469 1345 2539 φῶς
1393 2469 1540 2522 δοκεῖ
1568 2486 1668 2540 ση-

96 2560 270 2628 μαίνειν
302 2559 362 2614 τί
393 2562 547 2624 ἐστι,
586 2561 688 2614 καὶ
725 2557 900 2613 ταῦτα
942 2559 1186 2632 μηδόλως
1215 2560 1408 2633 δηλοῦν
1450 2561 1505 2615 τί
1550 2560 1667 2614 ἐστι

92 2648 214 2714 Θεός.

153 2830 353 2900 τιμῶσι
391 2831 750 2902 τοιγαροῦν.
779 2831 919 2902 Ὅρα
961 2829 1076 2894 πῶς
1107 2829 1288 2893 καλῶς
1326 2828 1668 2900 ἀπελογήσα-

92 2937 156 2980 το,
183 2921 264 2976 διά
290 2923 351 2977 τί
383 2923 552 2989 ζώων
587 2923 815 2994 μνήμην
845 2921 958 2993 ἔχει
1001 2921 1069 2976 τά
1109 2921 1356 2993 οὐράνια,
1388 2922 1506 2993 ἦτοι
1527 2922 1670 2976 εἰκό-

96 3027 195 3073 νις·
219 3011 414 3086 ὥσπερ
441 3013 563 3085 γὰρ
592 3015 622 3066 6
651 3013 746 3065 ἐπὶ
776 3012 992 3066 πάντων
1022 3010 1154 3075 Θεὸς
1175 3011 1328 3066 οὐδὲν
1353 3012 1411 3062 ὲν
1443 3013 1554 3073 τοῖς
1575 3011 1672 3063 πᾶ-

97 3118 161 3155 σιν
185 3103 291 3174 ἔχει
327 3105 630 3177 ὁμογενὲς,
679 3104 778 3156 καὶ
823 3103 913 3157 διὰ
937 3101 1096 3156 τοῦτο
1129 3103 1355 3166 εἰκότως
1378 3101 1528 3155 οὐδὲν
1561 3100 1670 3154 τῶν

97 3195 283 3250 πάντων
316 3194 492 3250 αὑτοῦ
519 3198 640 3250 ἐστι
669 3195 966 3267 δηλωτικόν
985 3212 998 3226 °
1043 3194 1177 3249 ἀλλά
1207 3194 1390 3248 λοιπὸν
1417 3192 1552 3268 ἄλλῃ
1575 3209 1671 3253 με·

97 3286 206 3359 οάιῳ
241 3288 642 3362 θεολογοῦμεν,
677 3289 952 3358 λέγοντες,
983 3289 1037 3343 τί
1064 3289 1165 3342 οὑκ
1199 3287 1316 3342 ἐστι
1359 3287 1510 3354 Θεὸς,
1531 3287 1671 3355 ὅπερ

97 3381 227 3434 κο.λεί
248 3383 348 3437 διὰ
373 3382 503 3437 τῶν
531 3383 864 3451 ἀνομοίων·
913 3381 1057 3436 οὕτω
1099 3383 1195 3436 καὶ
1233 3381 1327 3435 ἐπὶ
1368 3381 1476 3436 τῶν
1506 3382 1672 3454 οὐρα-

94 3471 202 3525 νίων
235 3469 553 3546 δυνάμεων,
584 3475 643 3528 αἳ
677 3472 817 3546 μετά
853 3475 985 3528 Θεόν
1023 3476 1152 3538 εἰσι,
1183 3475 1450 3546 τεχνικῶς
1480 3476 1670 3545 ἐποίη-

96 3578 178 3615 σιν
206 3567 253 3618 οἰ
274 3567 557 3636 θεολόγοι,
617 3566 808 3638 μηδενὶ
856 3566 966 3619 τῶν
1015 3565 1220 3638 νοητῶν
1273 3565 1444 3630 αὐτὰς
1469 3565 1672 3637 ὁμοιὼ-

97 3667 299 3719 σσντεςο
335 3657 453 3711 ἀλλ’
490 3658 563 3710 ὲκ
594 3655 706 3711 τῶν
752 3655 1044 3728 αἰσθητῶν,
1099 3657 1242 3728 ἀπερ
1287 3655 1444 3710 καλεῖ
1469 3654 1668 3725 ἄτιμα,

95 3743 178 3813 τὴν
217 3747 422 3802 τούτων
472 3747 739 3812 λαϐόντες
785 3748 1102 3819 ἐμφέρειαν,
1133 3747 1291 3801 τοῦτο
1323 3747 1462 3819 πρὸς
1504 3746 1673 3817 τιμὴν

96 3836 256 3892 αὑτῶν
291 3840 685 3912 πεποιηκότες,
721 3839 812 3894 ἵνα
842 3839 1262 3912 πλασματώδης,
1295 3839 1512 3894 καὶούκ
1541 3838 1672 3909 ἀλη-

97 3925 180 3999 θὴς
204 3931 427 4002 γένηται
471 3930 688 3985 τούτων
719 3933 756 4002 ἡ
797 3930 1054 4004 μίμησις·
1082 3931 1130 3985 εἰ
1154 3930 1264 4003 γὰρ
1297 3933 1327 3985 6
1351 3929 1671 4001 λεοντόμορ-

97 4036 181 4087 eo;
206 4021 518 4096 λεγόμενος,
554 4023 654 4077 καὶ
703 4022 1002 4088 πολύπους,
1043 4023 1137 4076 καὶ
1183 4021 1523 4094 πολύπτερός
1555 4023 1670 4075 ὲστι

97 4115 178 4166 καὶ
206 4114 458 4186 λογικὸς,
507 4116 610 4171 καὶ
653 4114 848 4180 ἀῢλος,
907 4115 1024 4179 πῶς
1063 4115 1124 4169 οὐ
1155 4115 1333 4188 δῆλον,
1373 4116 1457 4170 ὅτι
1503 4115 1672 4185 ὑπερ-

99 4207 322 4277 κοσμίως
350 4207 710 4281 ὑπερϐέϐηκε
745 4207 814 4262 τὰ
849 4205 1030 4272 ὑλικὰ,
1064 4208 1158 4261 καὶ
1192 4209 1322 4279 παρ’
1358 4208 1491 4279 ἡμῖν
1521 4205 1672 4259 νοού-

100 4314 258 4366 μεπῖ

158 4513 254 4578 Εἰς
271 4515 389 4583 μὲν
415 4512 532 4583 γὰρ
561 4513 672 4577 τὰς
700 4509 1054 4581 τιμιωτέρας.
1091 4509 1222 4563 Ἰδοὺ
1251 4507 1345 4561 καὶ
1373 4507 1560 4578 ἕτερος
1579 4505 1669 4558 λο-

1772 718 1976 790 jectus,
2029 717 2125 774 sed
2171 721 2290 789 ipse
2342 719 2610 776 terminus
2659 719 2904 774 omnium
2946 719 3244 782 exsistens.
3301 729 3358 777 et

1775 815 1976 864 cuncta
2021 809 2079 864 in
2120 809 2305 880 seipse
2359 809 2696 874 terminans;
2725 809 2960 865 termino
3013 818 3196 867 autem
3244 828 3358 868 non

1778 902 2092 972 subjicitur,
2122 903 2250 973 quia
2281 902 2498 958 termini
2535 918 2602 958 ex
2640 900 3089 959 allirmationihus
3133 919 3358 975 compo-

1776 1001 2019 1059 nuntur;
2048 993 2438 1050 allirmationes
2490 1001 2673 1051 autem
2725 995 2782 1050 in
2841 992 2951 1050 Deo
2989 996 3218 1054 minime
3259 1013 3358 1054 co-

1773 1087 1952 1156 aptari
2006 1094 2257 1157 possunt,
2280 1095 2540 1157 tanquam
2591 1085 2780 1152 falsae;
2815 1103 2937 1142 nam
2982 1088 3080 1146 has
3130 1097 3356 1160 superat

1773 1175 1939 1242 Deus,
1973 1187 2031 1232 ut
2049 1179 2144 1249 qui
2183 1194 2294 1234 non
2317 1179 2390 1234 sit
2415 1179 2676 1246 essentia,
2697 1177 2794 1235 sed
2819 1194 2987 1250 supra
3025 1183 3348 1238 essentiam.

1843 1270 1902 1340 8
1941 1269 2266 1341 Negationes
2305 1269 2536 1341 quidem.
2588 1268 2710 1326 Non
2763 1277 2976 1326 tantum
3006 1270 3062 1326 in
3094 1271 3222 1333 Deo.
3255 1273 3352 1328 sed

1773 1361 1935 1416 etiam
1966 1361 2022 1416 in
2053 1361 2258 1417 divinis
2287 1362 2568 1427 omnibus,
2598 1362 2707 1417 hoc
2737 1369 2823 1418 est
2852 1362 2909 1416 in
2939 1362 3196 1419 omnibus
3227 1374 3354 1434 post

1778 1453 1949 1511 Deum
2003 1454 2462 1526 intelligihilibus,
2493 1463 2547 1509 et
2584 1455 2884 1526 negationes
2921 1471 3072 1510 ueras
3108 1471 3233 1511 esse
3267 1457 3354 1510 in-

1772 1547 1911 1618 quit,
1941 1555 1988 1601 et
2020 1549 2392 1618 aljirmationes
2443 1547 2658 1602 minime
2710 1557 2884 1614 aptas.
2933 1546 3132 1618 Inepta
3183 1549 3351 1620 igitur

1771 1636 1990 1706 quidem
2037 1646 2167 1693 sunt
2215 1637 2630 1704 allirmationes,
2677 1640 2897 1708 quando
2927 1639 3229 1696 dixerimus
3256 1653 3354 1698 aut

1773 1731 1966 1798 Deum,
2026 1740 2120 1785 aut
2167 1731 2566 1786 intellectuales
2619 1731 2870 1798 virtutes,
2903 1733 3070 1788 vitam
3117 1742 3212 1788 aut
3266 1736 3351 1790 lu-

1773 1838 1922 1887 men;
1953 1835 2131 1891 neque
2156 1822 2304 1876 enim
2334 1821 2444 1877 vita
2485 1823 2613 1877 talis
2654 1823 2901 1893 quaedam
2925 1831 3030 1888 est,
3055 1832 3114 1878 ut
3141 1841 3236 1895 per
3265 1826 3352 1880 iu-

1771 1914 2130 1986 spirationem
2186 1923 2243 1970 et
2271 1915 2698 1985 exspirationem
2744 1916 2925 1982 vivat;
2955 1933 3133 1988 neque
3163 1919 3348 1975 lumen

1771 2005 1918 2077 quod
1948 2013 2192 2076 apparet,
2216 2013 2272 2062 et
2291 2005 2440 2076 quod
2474 2004 2606 2060 facit
2635 2006 2850 2076 objecta
2872 2007 3044 2063 videri
3069 2026 3084 2074 ;
3115 2009 3212 2065 sed
3241 2010 3348 2064 ali-

1770 2095 1903 2166 quid
1939 2095 2026 2151 bis
2053 2096 2327 2165 superius.
2361 2094 2691 2166 Negationes
2738 2105 2943 2164 autem,
2971 2115 3095 2170 qua:
3132 2115 3229 2170 per
3259 2101 3348 2155 in-

1771 2188 2076 2244 ﬁciationes
2105 2187 2262 2253 ﬁunt,
2296 2195 2564 2259 quantum
2599 2188 2655 2244 in
2707 2189 3146 2262 intelligihilibus
3175 2194 3348 2262 magis

1771 2280 2005 2351 propriae
2038 2289 2197 2345 sunt;
2229 2280 2466 2335 dicimus
2493 2280 2660 2344 enim,
2697 2280 3024 2340 invisibiles.
3054 2299 3233 2354 neque
3255 2300 3349 2340 ca-

1768 2373 1900 2428 dere
1945 2373 2050 2427 sub
2101 2379 2384 2442 aspectum
2433 2374 2826 2445 intelligimus;
2861 2375 2997 2445 quid
3045 2390 3214 2445 porro
3269 2377 3345 2431 sit

1770 2464 1942 2533 ipsum
1963 2481 2070 2518 non
2100 2480 2382 2533 apparens,
2413 2481 2592 2537 neque
2619 2467 2836 2522 curiose
2868 2483 3132 2537 quaerere,
3167 2484 3346 2539 neque

1769 2555 2030 2612 exhibere
2061 2548 2307 2621 videtur;
2339 2558 2594 2627 quamvis
2624 2559 2754 2621 vita,
2796 2566 2850 2612 et
2881 2559 3084 2622 lumen,
3127 2559 3346 2616 videtur

1768 2646 2103 2719 signiﬁcare,
2135 2648 2268 2718 quid
2303 2649 2397 2714 sit,
2441 2657 2496 2705 et
2552 2650 2668 2705 haec
2707 2649 2844 2706 nihil
2900 2651 3124 2717 omnino
3160 2650 3346 2706 decla-

1800 2753 1915 2803 are,
1940 2739 2073 2810 quid
2103 2739 2179 2795 sit
2210 2738 2378 2795 Deus.

1840 2828 2204 2884 Caudecorant
2236 2831 2416 2901 igitur.
2457 2830 2594 2886 Vide
2615 2832 2892 2902 quomodo
2918 2832 3146 2902 pulchre
3173 2834 3346 2889 rario-

1769 2935 1892 2974 nem
1922 2919 2121 2983 dixerit
2166 2928 2388 2991 propter
2434 2923 2565 2992 quid
2608 2923 2853 2978 coelestia
2901 2926 3221 2980 memoriam
3246 2926 3345 2982 ha-

1770 3013 1932 3066 beant
1976 3013 2316 3078 animalium,
2385 3029 2482 3069 seu
2545 3014 2847 3084 imagines;
2877 3016 3340 3085 quemadmodum

1771 3105 1936 3170 enim,
1969 3105 2114 3162 Deus
2152 3107 2426 3162 exsisteus
2456 3108 2512 3161 in
2541 3106 2816 3172 omnibus,
2842 3107 2980 3162 nihil
3011 3107 3066 3162 in
3087 3111 3347 3165 omnibus

1773 3197 1936 3253 habet
1957 3196 2204 3268 ejusdem
2239 3211 2424 3252 secum
2448 3195 2703 3268 generis;
2727 3195 2958 3267 ideoque
2979 3197 3176 3251 merito
3207 3198 3346 3252 nihil

1772 3308 1952 3352 rerum
1984 3292 2252 3355 omnium,
2301 3299 2388 3347 est
2442 3290 2616 3361 ipsius
2657 3288 3067 3352 declarativum;
3083 3291 3180 3348 sed
3199 3298 3347 3362 post-

1781 3398 1848 3440 ea
1893 3383 2000 3438 alia
2052 3381 2308 3438 methodo
2345 3381 2413 3437 de
2445 3380 2556 3439 Deo
2586 3381 2884 3452 loquimur,
2915 3381 3185 3446 dicentes,
3213 3381 3348 3450 quid

1770 3490 1881 3530 non
1917 3475 1989 3530 sit
2018 3474 2195 3538 Deus;
2224 3475 2372 3544 quod
2421 3473 2678 3544 appellat,
2725 3488 2816 3541 per
2855 3471 3180 3536 dissimilia;
3225 3486 3349 3543 qua:

1772 3574 1896 3636 post
1943 3565 2110 3620 Deum
2161 3572 2312 3627 sunt,
2362 3563 2577 3618 erudite
2626 3561 2877 3619 fecerunt
2908 3562 3170 3634 theologi,
3218 3577 3347 3618 cum

1771 3657 1905 3712 nulli
1937 3655 2358 3727 intelligibilium
2383 3655 2532 3725 ipsas
2561 3654 2940 3710 assimilarunt
2960 3671 2976 3722 ;
3000 3655 3096 3710 sed
3123 3669 3191 3710 ex
3221 3669 3348 3710 ser.-

1771 3748 2045 3811 sibilibus,
2071 3761 2194 3814 qua:
2221 3753 2379 3801 rorat
2403 3745 2551 3811 vilia,
2581 3745 2780 3800 harum
2821 3753 3104 3802 sumentes
3151 3745 3349 3802 simili-

1772 3839 2036 3904 tudinem,
2062 3837 2166 3893 hoc
2189 3837 2256 3892 ad
2280 3838 2497 3892 illarum
2529 3836 2790 3892 honorem
2815 3835 3085 3903 fecerunt,
3119 3846 3179 3891 ut
3203 3835 3347 3892 ﬁcti~

1770 3932 1868 3998 tia,
1899 3938 1953 3986 et
1978 3945 2088 3984 non
2119 3943 2248 3985 vera
2273 3937 2421 3984 esset
2450 3929 2645 3983 horum
2694 3927 2958 3994 imitatio;
2989 3928 3038 3984 si
3068 3929 3214 3984 enim
3251 3929 3347 3999 qui

1772 4022 1946 4079 leonis
1972 4022 2201 4077 formam
2245 4020 2452 4077 referre
2496 4019 2701 4074 dicitur
2728 4026 2782 4075 et
2809 4019 3087 4091 multipes,
3119 4030 3175 4076 et
3201 4022 3348 4075 mul-

1773 4121 1857 4169 tas
1889 4127 2084 4184 gerens
2115 4112 2256 4174 alas,
2307 4119 2394 4166 est
2443 4112 2610 4168 etiam
2658 4110 2945 4165 rationalis
2981 4118 3036 4166 et
3094 4110 3347 4168 immate-

1771 4207 1955 4272 rialis;
1982 4204 2258 4276 quomodo
2310 4219 2423 4259 non
2457 4211 2544 4260 est
2575 4201 2952 4267 manifestum,
2983 4217 3110 4259 eum
3157 4202 3345 4270 modo,

1770 4300 1864 4372 qui
1887 4298 2092 4355 mundo
2120 4297 2242 4369 capi
2275 4305 2530 4368 nequeat,
2581 4293 2976 4352 transcendere
3012 4295 3342 4360 materialia,

1771 4400 1826 4448 et
1844 4407 1908 4449 ea
1935 4406 2058 4462 quae
2085 4405 2116 4444 a
2147 4389 2309 4445 nobis
2338 4389 2756 4458 intelliguntur?

1844 4481 1911 4537 In
1935 4480 2282 4537 nobilioribus
2303 4481 2466 4534 enim.
2508 4478 2648 4535 Ecce
2679 4479 2840 4533 aliam
2883 4493 3101 4550 quoque
3130 4477 3348 4534 ratioci-

96 4569 294 4671 71396;:
311 4603 380 4658 δι’
401 4569 465 4657 έν
486 4569 781 4666 ἶιτοιαιῖίταις
799 4569 1109 4672 όμοιῆσιν
1139 4600 1174 4671 ἡ
1195 4598 1386 4671 Γραφὴ
1415 4569 1668 4669 περὶτῶν

1779 4573 2072 4638 nationem,
2093 4579 2311 4643 propter
2342 4585 2505 4641 quam
2547 4569 2832 4640 Scriptura
2855 4571 3056 4627 talibus
3088 4570 3348 4626 similitu-

95 4690 343 4761 οὐρανίων
389 4693 702 4766 ἐχρήσατο·
751 4693 801 4744 εἰ
847 4689 957 4762 γὰρ
1005 4688 1350 4761 τιμιωτέροις
1400 4687 1672 4758 ἐχρήσατο

98 4779 414 4854 πλάσμασιν,
464 4780 582 4837 οἷον
605 4782 960 4855 χρυσωιδεῖς,
994 4779 1028 4852 ἢ
1061 4779 1532 4852 ὲξαστράπτοντας
1581 4775 1669 4830 λέ-

97 4888 250 4938 γουσα
279 4871 423 4931 εἶναι
453 4875 562 4940 τὰς
595 4874 749 4938 Θείας
778 4873 1056 4945 δυνάμεις,
1086 4873 1304 4936 πάντως
1331 4870 1397 4925 ἂν
1429 4869 1672 4940 ἐπείσθη-

98 4979 182 5018 σαν
197 4970 245 5022 οἱ
271 4968 575 5030 ἀκούοντες
590 4966 658 5019 ὲκ
674 4965 782 5019 τῶν
808 4963 960 5038 παρά
985 4962 1293 5035 ἀνθρώποις
1333 4960 1672 5033 τιμιωτέρων

95 5055 145 5108 τὸ
167 5060 355 5115 πιστὸν
379 5058 788 5131 λαμϐάνοντες·
820 5057 915 5111 νῦν
947 5056 1005 5110 δὲ
1039 5055 1109 5110 τὰ
1135 5053 1548 5126 ἀπεμφαωοντα
1579 5053 1674 5106 καὶ

97 5151 313 5225 αἰσχρὰς
345 5153 568 5216 εἰκόνας
599 5149 985 5222 παρενέλαὸεν,
1019 5149 1127 5214 ἵνα,
1175 5146 1418 5220 ἀκριϐῶς
1451 5143 1670 5207 εἰδότες,

95 5241 159 5295 ὅτι
175 5246 280 5299 οὐκ
306 5246 415 5300 εἰσὶ
430 5245 506 5300 τὰ
533 5242 784 5307 τοιαῦτα,
809 5241 1129 5314 ζητήσωμεν
1152 5239 1256 5311 τὴν
1285 5237 1545 5310 ἀλήθειαν
1565 5234 1672 5288 τῶν

94 5330 264 5392 ὗπων.

166 5515 486 5584 Ἀὄλασῶςκ
525 5519 593 5571 Αἱ
622 5515 732 5587 γὰρ
765 5515 1053 5587 λεγόμεναι
1090 5516 1258 5588 πυρὸς
1309 5511 1505 5583 φλόγες
1533 5510 1671 5564 θεῖαι

93 5603 263 5661 οὐσίαι
295 5609 359 5662 οὐ
397 5608 720 5671 καυστικαὶ,
744 5607 878 5661 ἀλλὰ
902 5606 1124 5672 ζωτικαί
1155 5607 1311 5662 εἰσιν.

161 5787 449 5856 Αἰσχράς.
486 5786 618 5848 Πῶς
652 5785 760 5854 γὰρ
788 5787 886 5838 οὐκ
914 5785 1140 5857 αἰσχρὸν
1180 5784 1242 5838 τὸ
1271 5783 1328 5849 ἐξ
1360 5781 1559 5837 ὑλικῶν
1591 5776 1672 5834 εἷ-

99 5889 179 5924 ναι
206 5877 275 5930 τὰ
308 5876 552 5949 σύμϐολα
581 5873 716 5946 [τῶν
753 5873 1010 5946 νοητῶν1ἱ

417 5970 697 6030 Ρηιιοι..
737 5967 853 6028 Gn.
903 5967 1010 6029 ιν.

1773 4665 1995 4722 dinihus
2047 4663 2106 4719 in
2146 4663 2465 4720 cmlestihus
2495 4678 2595 4719 usa
2631 4663 2828 4729 fuerit;
2871 4664 2918 4717 si
2941 4663 3145 4720 etenim
3189 4664 3349 4720 nobi-

1773 4758 2005 4814 lioribus
2036 4772 2134 4812 usa
2170 4755 2367 4812 fuisset
2399 4754 2736 4822 ﬁctionibus,
2769 4755 2934 4820 sicut,
2964 4753 3088 4809 auri
3107 4755 3348 4824 speciem

1771 4849 2095 4916 referentes,
2154 4858 2249 4904 aut
2291 4848 2613 4921 ellulgentes
2652 4846 2906 4902 homines
2935 4847 3236 4904 asserendo
3265 4847 3350 4903 di-

1771 4945 1930 5000 vinas
1965 4941 2577 5009 virtutes;audicntes,
2631 4954 2862 5011 prorsus
2913 4939 3166 5010 persuasi
3211 4938 3352 4996 fuis-

1773 5045 1916 5096 sent.
1947 5035 2326 5092 credulitatem
2356 5049 2422 5090 ex
2454 5033 2524 5090 iis
2553 5047 2676 5103 qua
2701 5032 2847 5088 inter
2870 5030 3126 5087 homines
3173 5031 3358 5084 mari-

1772 5127 1848 5182 mi
1881 5134 2011 5183 sunt
2053 5126 2240 5196 pretii,
2293 5124 2672 5195 accipientes;
2705 5138 2855 5178 nunc
2906 5130 3112 5186 autem,
3137 5134 3202 5176 ea
3227 5132 3351 5188 qua:

1773 5219 1999 5275 minime
2030 5222 2449 5289 repraesentant,
2478 5223 2534 5273 et
2580 5222 2771 5286 turpes
2816 5214 3084 5288 imagines
3127 5209 3348 5279 adjecit,

1773 5317 1834 5365 ut
1862 5313 2101 5381 perfecte
2117 5309 2377 5376 scientes,
2405 5307 2554 5380 quod
2596 5321 2711 5363 non
2737 5305 2850 5362 sint
2873 5306 3027 5369 talia,
3051 5315 3236 5358 rerum
3266 5315 3380 5383 ver,

1773 5403 1990 5459 ritatem
2018 5402 2358 5474 indagemus.
3221 5449 3224 5452 .

1845 5495 2088 5552 Innoxie.
2130 5494 2263 5562 Quae
2309 5493 2458 5550 enim
2507 5491 2766 5549 dicuntur
2795 5488 2936 5562 ignis
2971 5486 3226 5552 ﬂammae,
3265 5484 3351 5541 di-

1774 5590 1914 5645 vinas
1959 5589 2300 5655 substantiae,
2357 5601 2470 5643 non
2517 5584 2922 5648 combustivaa,
2974 5581 3074 5638 sed
3119 5579 3386 5637 viviﬁcre.

1774 5687 1922 5737 sunt.
2357 5677 2362 5681 “

1843 5773 1899 5844 9
1929 5772 2216 5828 Indecoris.
2247 5771 2532 5840 Quomodo
2566 5768 2712 5826 enim
2753 5780 2861 5820 non
2901 5775 3082 5837 turpe,
3123 5779 3189 5819 ex
3229 5778 3350 5816 ma-

1776 5865 2056 5923 terialibus
2085 5874 2338 5924 constare
2371 5866 2526 5932 signa
2557 5860 2766 5927 {rerum
2798 5854 3258 5916 intelleciiliuml?

3030 5950 3070 5990 εὶ

3035 5986 3072 6008 ά

3183 6022 3228 6039 νο
