3860 6544
519 407 590 462 45
1301 403 1645 460 APPENDIX
1678 406 1768 461 AD
1801 406 2029 463 OPERA
2063 407 2120 466 S.
2156 406 2449 464 DIONYSII
2481 409 2964 470 AREOPAGITE.
3714 415 3791 470 ιι

593 517 929 588 Spectacula,
961 515 1060 573 Gr.
1094 515 1358 586 θεάματα.
1393 517 1654 588 Θεάματα
1683 519 1944 574 dicuntur
1981 537 2078 591 qua

2275 522 2563 594 Θεάματα.
2608 526 2868 598 Θεάματα
2911 527 3156 596 λέγονται
3195 525 3264 579 τά
3310 524 3448 596 μετά
3505 525 3790 599 Θαύματος

519 625 646 664 cum
676 609 1041 664 admiratione
1064 608 1339 664 videntur.

589 701 618 774 §
656 701 748 758 IV.
789 699 1058 772 Siquidem
1100 700 1320 769 affectus
1367 700 1484 757 irw.
1530 701 1686 768 Quod
1730 717 1842 758 non
1887 703 2098 775 simpli-

518 793 659 850 citer
693 791 1138 848 rationabilitatis
1177 792 1372 863 plenus
1419 793 1494 849 sit
1548 795 1843 851 irascibilis
1887 805 2094 864 motus,

518 886 613 943 sed
629 887 684 940 in
697 885 1062 940 irrationabili
1088 894 1316 952 natura;
1345 886 1629 957 legendum
1649 901 1734 945 est
1759 895 2095 958 postremum

515 979 680 1050 hujus
712 979 836 1034 libri
867 985 1054 1048 caput,
1087 978 1180 1033 ubi
1206 985 1410 1034 tractat
1441 978 1510 1034 de
1537 980 1750 1034 visione
1775 987 2094 1035 sanctorum

514 1069 830 1138 cherubim;
873 1069 986 1124 illic
1015 1070 1164 1126 enim
1195 1070 1359 1126 etiam
1389 1069 1505 1125 haec
1534 1071 1720 1126 omnia
1757 1070 1878 1126 fuse
1913 1072 2096 1142 expla-

513 1171 642 1220 nata
679 1170 828 1219 sunt.

585 1255 742 1310 Nihil
769 1271 973 1320 eorum,
1002 1271 1120 1326 qua:
1148 1256 1430 1312 exsistunt.
1456 1255 1616 1322 Nota,
1647 1256 1858 1311 nullum
1886 1255 2092 1311 entium

511 1349 786 1418 privatum
806 1363 932 1404 esse
960 1347 1381 1419 participatione
1407 1348 1570 1414 boni;
1596 1347 1897 1403 notandum
1927 1347 2096 1417 igitur

511 1447 597 1496 est
625 1438 757 1511 quid
783 1439 1118 1510 intelligatur
1138 1439 1218 1494 ira
1261 1439 1316 1494 in
1346 1439 1838 1504 irrationabilibus,
1874 1446 1930 1494 et
1961 1439 2092 1510 quid

511 1531 569 1586 in
635 1529 1084 1598 rationabilibus;
1131 1539 1187 1586 et
1231 1529 1365 1601 quid
1413 1537 1772 1602 utrorumque
1829 1533 2092 1603 concupi-

513 1624 742 1700 scentia.

583 1714 882 1772 Rationem.
928 1714 1240 1771 Notandum
1271 1716 1418 1786 quod
1449 1714 1614 1770 etiam
1658 1713 1714 1768 in
1745 1714 1954 1786 angelis
2001 1730 2095 1770 ra-

512 1809 714 1865 tionem
745 1809 918 1876 dicat;
944 1809 1045 1865 sed
1081 1826 1199 1881 quae
1239 1809 1524 1864 demulceri
1560 1817 1800 1879 nequeat,
1831 1823 1930 1864 seu
1973 1824 2095 1880 quae

512 1917 692 1973 neque
722 1901 901 1967 cedat,
933 1917 1110 1972 neque
1139 1907 1437 1972 torpescat.

585 1993 1095 2064 Concupiseentiam.
1110 1993 1620 2063 Concupiscentiam
1644 1989 2086 2062 intelligibilium,

510 2099 635 2141 esse
657 2099 898 2140 amorem
928 2086 984 2140 in
1010 2084 1179 2140 Deum
1213 2084 1482 2140 contineri
1516 2083 1786 2148 nescium,
1813 2083 1961 2154 quod
1993 2098 2091 2154 ap-

512 2178 677 2248 pellat
704 2176 945 2232 materia:
971 2178 1343 2244 privationem.

581 2269 806 2339 Propter
835 2271 1236 2337 intpermt'stum.
1270 2268 1673 2340 lmpermistum
1694 2269 1828 2325 dicit
1861 2285 2084 2340 purum,

505 2371 564 2418 et
606 2363 662 2417 in
699 2362 850 2417 nullo
877 2362 988 2417 alio
1013 2370 1320 2418 vacantem.
1365 2361 1470 2428 Qui
1505 2363 1652 2418 enim
1688 2362 1874 2418 divino
1900 2377 2087 2420 amore

506 2457 841 2514 constrictus
874 2462 982 2520 est,
1018 2463 1169 2510 totus
1195 2463 1281 2508 est
1319 2454 1516 2524 ipsius,
1549 2461 1603 2508 et
1636 2454 1693 2508 in
1729 2453 1907 2508 solum
1937 2453 2086 2510 desi-

507 2551 752 2606 derabile
789 2548 1044 2613 intendit,
1083 2563 1113 2602 a
1148 2547 1300 2602 nullo
1339 2537 1636 2618 impeditus
1667 2546 1963 2602 transitivo
2028 2554 2085 2602 et

504 2655 771 2713 corporeo
819 2655 1102 2708 sermone;
1152 2639 1282 2694 dum
1335 2647 1514 2693 autem
1547 2637 1808 2700 dicimus.
1856 2652 1981 2694 esse
2025 2638 2080 2692 in

504 2732 846 2804 incorporeis
891 2731 1215 2788 substantiis
1263 2731 1495 2786 rationis
1542 2731 1927 2802 privationem,
1973 2749 2081 2787 non

502 2822 899 2896 exprobramus
932 2823 1016 2878 vel
1059 2821 1366 2893 aﬁingimus
1394 2822 1533 2892 ipsis
1564 2837 1691 2877 cum
1739 2823 1960 2893 injuria,
1996 2827 2082 2880 in-

504 2916 755 2972 tellectus
787 2914 1186 2985 privationem;
1233 2913 1492 2978 dicendo,
1537 2928 1636 2984 per
1685 2914 1932 2970 leoninas
1969 2915 2082 2971 for-

500 3024 643 3074 mas,
661 3017 717 3064 et
735 3007 1018 3073 vitulinas,
1039 3013 1094 3061 et
1125 3005 1326 3068 avium,
1360 3004 1503 3060 sicut
1542 3005 1594 3058 in
1625 3005 1829 3074 aquila,
1861 3007 2082 3060 irratio-

501 3100 765 3156 nabilium
795 3099 997 3168 ﬁguras
1025 3104 1080 3152 et
1111 3096 1289 3166 signa,
1317 3097 1635 3152 caelestibus
1666 3098 1964 3154 convenire
1995 3115 2081 3153 or-

501 3193 754 3257 dinibus;
811 3189 907 3245 sed
953 3187 1187 3260 mystice
1233 3185 1609 3258 signiﬁcamus
1665 3187 2077 3258 diversitatem,

499 3299 623 3356 quae
652 3289 738 3339 est
766 3284 910 3338 inter
939 3281 1158 3335 illorum
1187 3285 1242 3334 et
1273 3285 1518 3333 nostram
1560 3279 2079 3352 rationabilitatem;

497 3393 602 3434 nos
632 3376 778 3432 enim
820 3373 1304 3429 rationabilitatem
1340 3382 1792 3441 reprznsentamus
1834 3389 1932 3444 per
1970 3375 2080 3429 vim

496 3466 762 3540 operandi
791 3467 1007 3538 linguze,
1040 3473 1094 3520 et
1124 3463 1328 3535 ﬁguras
1357 3463 1510 3518 vocis
1547 3462 1846 3526 eﬁ'ectivas,
1879 3481 2081 3536 percu-

495 3561 696 3617 tientes
749 3573 930 3613 aerem
985 3556 1445 3619 sermocinamur,
1495 3561 1552 3609 et
1599 3569 1852 3610 sermone
1897 3563 2082 3612 trans-

495 3660 663 3710 eunte
701 3667 734 3706 a
780 3651 941 3706 nobis
991 3649 1060 3704 ad
1105 3647 1442 3702 audientium
1493 3660 1684 3712 aures,
1734 3662 1802 3702 ex
1847 3661 2080 3718 corpore

496 3747 555 3802 in
607 3759 848 3815 corpus;
899 3742 1042 3798 sicut
1099 3740 1234 3795 dicit
1282 3737 1503 3794 divinus
1551 3737 1789 3795 Basilius
1837 3739 1893 3793 in
1960 3755 2080 3796 ser.

495 3853 681 3902 mone,
731 3833 958 3890 Attende
1002 3831 1098 3886 tibi
1139 3831 1275 3902 ipsi,
1319 3829 1434 3886 illic
1462 3836 1644 3885 autem
1691 3845 1800 3885 non
1839 3831 1945 3898 ita;
1979 3831 2076 3888 sed

493 3943 724 4000 corpore
767 3923 1048 3988 destituti,
1088 3930 1144 3979 et
1173 3923 1241 3977 ad
1285 3937 1347 3979 se
1375 3921 1613 3978 invicem
1652 3922 1979 3980 accedentes
2023 3935 2078 3982 et

433 4081 439 4099 ο
492 4021 810 4078 recedentes
860 4018 1068 4074 clarius
1121 4016 1271 4073 omni
1339 4031 1593 4072 sermone
1649 4023 1870 4073 mutuas
1924 4018 2077 4088 cogi-

430 4155 438 4192 ;
496 4114 734 4168 tationes
809 4113 1088 4167 intuentes
1145 4109 1294 4165 velut
1347 4109 1492 4164 inter
1543 4123 1603 4164 se
1661 4109 2071 4179 colloquuntur,

490 4220 589 4276 per
629 4203 905 4259 silentium
983 4216 1290 4258 sermonem
1333 4201 1440 4256 sibi
1485 4200 1718 4254 invicem
1766 4201 2074 4256 communi-

489 4303 703 4353 cantes.

561 4389 1010 4460 Propensionem,
1043 4387 1140 4443 Gr.
1171 4386 1478 4441 ἀπόκλισιν.
1521 4383 1630 4439 Pro
1658 4384 2070 4440 inclinationem

489 4497 585 4538 seu
619 4483 1063 4552 prepensionem.

2201 619 2451 690 ὁρώμενα
2465 657 2478 669 .

2270 711 2297 783 §
2331 710 2419 766 IV.
2452 710 2563 764 Καὶ
2599 709 2710 780 γὰρ
2737 713 2772 764 ὀ
2806 711 3011 780 θυμός.
3047 711 3166 764 Ὅτι
3212 711 3309 783 οὐχ
3340 710 3524 775 ἁπλῶς
3554 711 3788 780 ἀλογίας

2199 802 2449 875 ἔμπλεως
2480 806 2513 874 ἡ
2558 801 2848 874 θυμοειδὴς
2880 803 3113 874 κίνησις,
3155 801 3269 856 ἀλλ’
3300 803 3392 856 ἐπὶ
3434 803 3537 874 τῆς
3581 803 3787 871 ἀλόγου

2199 895 2432 964 φύσεως.
2474 895 2870 963 Ἀναγνωστέον
2907 895 2998 948 τὸν
3026 894 3329 948 τελευταῖον
3371 894 3526 964 λόγον
3555 893 3651 948 τοῦ
3693 893 3783 965 βι-

2199 988 2370 1052 ϐλίου,
2401 988 2460 1043 δν
2489 983 2640 1043 εἶπεν
2679 991 2760 1052 είς
2789 989 2888 1060 τὴν
2915 987 3179 1040 ὀπτασίαν
3219 987 3326 1040 τῶν
3367 989 3539 1056 ἁγίων
3577 1003 3780 1058 χερου-

2197 1081 2324 1152 σίμ·
2357 1081 2476 1134 ἐκεῖ
2519 1079 2628 1152 γὰρ
2659 1078 2960 1133 καὶταῦτα
3001 1081 3181 1136 πάντα
3225 1079 3470 1146 πλατέως
3514 1079 3780 1149 διαγεγύ-

2199 1189 2450 1244 μνασται.

2271 1270 2340 1322 Τὸ
2379 1267 2536 1338 μηδὲ
2577 1268 2646 1322 ἐν
2690 1267 2810 1322 τῶν
2847 1268 3056 1324 ὄντων.
3099 1270 3442 1340 Σημείωσαι.
3485 1272 3569 1326 ὄτι
3618 1272 3778 1326 οὐδὲν

2193 1359 2301 1413 τῶν
2329 1359 2499 1413 ὄντων
2536 1359 2823 1431 ἐπέρηται
2851 1360 2954 1431 τῆς
2981 1359 3076 1414 τοῦ
3114 1361 3280 1416 καλοῦ
3320 1363 3641 1434 μετουσίας·
3675 1383 3779 1437 ση-

2197 1447 2454 1520 μειωτέον
2489 1443 2582 1504 οῦν
2637 1448 2690 1501 τί
2733 1453 2932 1506 νοεῖται
2973 1450 3004 1502 ὁ
3047 1450 3215 1521 θυμὸς
3257 1453 3349 1504 ἐπὶ
3393 1452 3499 1506 τῶν
3535 1453 3776 1523 ἀλόγων,

2194 1543 2290 1596 καὶ
2331 1541 2386 1595 τί
2443 1542 2538 1596 ἐπὶ
2587 1541 2696 1596 τῶν
2750 1541 3010 1614 λογικῶνο
3066 1543 3162 1598 καὶ
3214 1544 3267 1597 τί
3320 1544 3584 1616 ἐπιθυμία
3636 1548 3774 1600 ἑκα-

2192 1633 2385 1706 τέρων.

2263 1727 2608 1796 Λοτιότητα.
2640 1727 3000 1799 Σημειωτέον,
3029 1727 3110 1782 ὅτι
3147 1726 3241 1781 καὶ
3267 1727 3360 1781 ἐπὶ
3400 1728 3648 1798 ἀγγέλων
3677 1728 3772 1782 λοο-

2193 1815 2417 1886 γιότητα
2464 1815 2637 1885 λέγει·
2681 1817 3027 1887 ἀμείλικτον
3062 1815 3140 1883 δὲ,
3169 1818 3288 1888 ἢτοι
3327 1817 3631 1884 ἀνένδοτον,
3671 1837 3771 1874 και

2121 1892 2166 1947 Β
2191 1905 2522 1976 ἀχαύνωτον.

2271 1999 2637 2069 Ἑπιθυμίαν.
2673 2000 2793 2054 Ὅτι
2831 2001 2866 2071 ή
2914 1998 3177 2069 ἐπιθυμία
3203 1997 3328 2068 ,τῶν
3374 2001 3582 2072 νοητῶν
3627 2001 3770 2074 ἔρως

2187 2089 2412 2161 ἀσχετός
2433 2091 2549 2146 ἐστι
2578 2091 2706 2165 περὶ
2730 2092 2822 2147 τδν
2852 2091 3006 2157 Θεὸν,
3035 2092 3172 2162 ὅπερ
3202 2092 3355 2147 καλεῖ
3379 2093 3622 2149 dcitur.

2256 2271 2358 2324 Διά
2387 2271 2491 2324 τὸν
2515 2268 2716 2340 ἀμιγῆ.
2763 2269 2960 2342 Ἀμιγῆ
2993 2287 3124 2342 φησι
3160 2271 3252 2325 τὸν
3285 2271 3525 2344 καθαρὸν
3558 2275 3652 2328 καὶ
3681 2274 3767 2339 είς

2184 2363 2335 2415 οὐδὲν
2362 2362 2546 2432 ἓτερον
2591 2361 2923 2432 ὲσχολακότα
2944 2378 2960 2394 ο
2995 2365 3024 2417 ὁ
3053 2362 3161 2436 γὰρ
3190 2362 3319 2434 Θείῳ
3353 2363 3516 2435 ἔρωτι
3545 2368 3768 2438 περιδε-

2183 2455 2488 2527 δραγμένος
2506 2455 2625 2519 ὅλος
2656 2456 2804 2510 ἐστὶν
2835 2455 3024 2520 αὐτοῦ,
3054 2457 3149 2510 καὶ
3173 2459 3253 2521 είς
3285 2458 3345 2510 τὸ
3378 2458 3568 2528 ἐφετὸν
3603 2461 3768 2532 μόνον

2182 2547 2538 2611 ἀνατείνεται,
2579 2547 2732 2619 παρά
2775 2547 2998 2618 μηδενὸς
3027 2547 3363 2619 κωλυόμενος
3399 2548 3764 2619 μεταὸατικοῦ

2182 2637 2278 2692 καὶ
2323 2635 2634 2708 σωματικοῦ
2670 2637 2849 2705 λόγου.
2897 2636 3143 2706 Ἀλογίαν
3188 2637 3244 2690 δὲ
3286 2636 3590 2705 φάσκοντες
3623 2631 3765 2690 εἶναι

2182 2732 2239 2783 ὲν
2294 2732 2415 2794 ταῖς
2467 2729 2778 2800 ἀσωμάτοις
2823 2729 3052 2794 οὐσίαις,
3103 2730 3204 2782 ούκ
3259 2729 3517 2800 ἀνοησίαν
3570 2730 3765 2793 αὐταῖς

2181 2821 2535 2894 ὲνυὸρίζομεν
2569 2823 2629 2875 ὲν
2663 2820 2752 2892 .τῷ
2789 2821 2875 2875 διὰ
2911 2820 3018 2875 τῶν
3061 2820 3342 2875 λεοντείων
3386 2821 3631 2893 μορφῶν,
3665 2821 3763 2874 καὶ⁸

2178 2913 2287 2968 τῶν
2318 2913 2582 2985 μοσχείων
2615 2913 2710 2967 καὶ
2740 2913 2849 2967 τῶν
2878 2912 3181 2986 ὀρνιθείων,
3214 2913 3290 2976 ὡς
3323 2913 3416 2966 ἐπὶ
3441 2912 3538 2966 τοῦ
3575 2912 3760 2977 ἀετοῦ,

2179 3005 2388 3075 ἀλόγων
2430 3005 2635 3069 τύπους
2688 3005 2784 3059 καὶ¹
2825 3005 3068 3076 σύμδολα
3108 3005 3309 3074 λέγειν,
3362 3005 3596 3077 πρέπειν
3646 3009 3762 3070 τοῖς

2178 3097 2448 3171 οὐρανίοις
2480 3097 2781 3170 τάγμασιν,
2823 3097 2961 3151 ἀλλά
3011 3097 3287 3168 μυστικῶς
3321 3098 3382 3150 τὸ
3419 3097 3758 3170 ἐξηλλαγμέ-

2175 3208 2268 3244 νον
2308 3188 2403 3244 τοῦ
2449 3193 2568 3244 κατ’
2609 3191 2870 3254 ὲκείνους-
2894 3189 3118 3260 λογικοῦ
3176 3190 3314 3262 πρὸς
3349 3190 3410 3244 τὸ
3458 3191 3580 3244 καθ’
3610 3191 3759 3262 ἡμᾶς

2105 3244 2148 3304 c
2181 3283 2514 3354 σημαίνομεν
2541 3298 2552 3310 ·
2611 3284 2772 3354 ἡμεῖς
2829 3244 3061 3354 γάριτὺ
3129 3244 3344 3351 λογικδν
3398 3244 3759 3355 παριστίῦμεν

2178 3375 2266 3430 διὰ
2294 3376 2388 3429 τοῦ
2417 3376 2518 3446 τῆς
2546 3374 2790 3446 γλώττης
2818 3375 3129 3448 ὀργανικοῦ,
3166 3375 3260 3428 καὶ
3290 3375 3400 3429 τῶν
3434 3377 3758 3448 φωνητικῶν

2177 3465 2384 3532 τύπων,
2421 3467 2712 3531 τύπτοντες
2740 3468 2829 3521 τὸν
2862 3467 3000 3540 ἀέρα
3031 3466 3109 3538 τῷ
3140 3466 3485 3539 διαλεκτικῷ,
3526 3469 3619 3521 καὶ
3659 3466 3755 3522 τοῦ

2177 3558 2334 3628 λόγου
2363 3559 2772 3630 μεταϐαίνοντος
2817 3559 2876 3626 ἐξ
2907 3559 3066 3631 ἡμῶν
3096 3560 3176 3622 είς
3202 3558 3301 3622 τὰς
3331 3559 3440 3612 τῶν
3471 3559 3756 3630 ἀκροωμέ-

2177 3669 2283 3705 νων
2319 3651 2488 3716 ἀκοὰς
2526 3649 2592 3705 ἒκ
2633 3650 2892 3722 σώματος
2944 3653 3024 3716 εἰς
3069 3650 3248 3723 σῶμα,
3283 3650 3428 3704 καθά
3475 3667 3608 3721 φησι
3659 3651 3752 3704 καὶ

2176 3747 2205 3798 ὁ
2233 3743 2374 3808 Θεῖος
2404 3743 2678 3808 Βασίλειος
2703 3746 2761 3797 ὲν
2783 3743 2862 3814 τῷ
2889 3743 3019 3814 περὶ
3055 3743 3171 3806 τοῦ,
3200 3744 3468 3811 Πρόσεχε
3495 3741 3749 3807 σεαυτῷ,

2175 3835 2348 3907 λόγῳ,
2381 3836 2496 3888 ἐκεῖ
2521 3833 2582 3888 δὲ
2606 3834 2704 3905 οὐχ
2734 3833 2934 3898 οὕτως,
2977 3831 3091 3886 ἀλλ’
3131 3834 3188 3886 έν
3218 3832 3506 3903 ἀσωματίᾳ
3544 3830 3750 3901 τυγχά-

2175 3942 2374 3990 νοντες,
2407 3925 2502 3978 καὶ
2528 3927 2608 3988 είς
2641 3923 2902 3996 ἀλλήλους
2933 3921 3240 3994 χωροῦντες
3271 3920 3366 3974 καὶ
3403 3918 3751 3991 ἀποχωροῦν.

2173 4035 2292 4081 τες,
2324 4016 2523 4079 παντὸς
2555 4015 2711 4084 λόγου
2753 4019 3076 4089 τρανότερον
3115 4013 3215 4077 τὰς
3249 4011 3492 4084 ἀλλήλων
3538 4012 3748 4083 νοήσεις

2173 4105 2616 4173 κατοπτεύοντες,
2632 4104 2879 4177 ἀλλήλοις
2893 4103 3082 4175 ὥσπερ
3101 4102 3456 4172 διαλέγονται,
3476 4101 3564 4155 διά
3590 4098 3748 4172 σιγῇς

2171 4197 2266 4253 τοῦ
2293 4197 2451 4268 λόγου
2479 4197 2844 4269 μεταδιδόντες
2871 4195 3150 4267 ἀλλήλοις.

2254 4376 2622 4430 Ἀπόκλισιν.
2662 4375 2804 4429 Ἀντὶ
2830 4372 2925 4428 τοῦ
2953 4372 3257 4430 ἀπόνενσιν.

562 4573 902 4628 Transitorii.
932 4572 1314 4627 Transitorius
1339 4578 1424 4624 est
1455 4576 1643 4625 noster
1672 4581 1855 4624 sermo
1883 4568 2066 4637 prola-

2240 4554 2337 4628 [α’]
2367 4553 2785 4609 Μεταϐατικοῦ.
2821 4551 3200 4614 Μεταϐατικὸς
3233 4551 3262 4603 ὁ
3290 4550 3554 4622 ἡμέτερος
3587 4548 3741 4618 λόγος

487 4663 655 4725 tivus,
685 4671 943 4733 tanquam
974 4678 1004 4716 a
1029 4662 1244 4717 dicente
1294 4659 1576 4716 transiens
1599 4659 1673 4712 ad
1705 4657 2017 4713 audientem
2045 4676 2061 4724 ;

487 4755 739 4825 corporei
785 4765 963 4810 autem
998 4754 1066 4808 ad
1099 4752 1464 4809 diﬁ'erentiam
1516 4750 1784 4806 reconditi
1837 4749 1940 4818 lo
1980 4751 2066 4821 (in

487 4846 714 4917 tuente);
749 4846 838 4902 hic
885 4845 1032 4902 enim
1061 4860 1238 4916 neque
1275 4857 1603 4914 corporeus,
1647 4856 1825 4913 neque
1867 4841 2068 4898 transi-

489 4938 658 4994 tivus.
681 4961 684 4964 ’

559 5025 825 5083 Hdteriw.
875 5026 1209 5084 Vilissimam
1277 5027 1565 5082 materiam
1613 5025 1786 5090 dicit,
1847 5041 2062 5081 omnem

485 5117 740 5177 naturam
775 5123 993 5192 corpori
1023 5121 1259 5176 similem
1305 5120 1363 5174 in
1407 5121 1577 5176 variis
1621 5119 1911 5191 speciebus
1945 5120 2064 5174 ani-

483 5214 648 5269 matis
681 5222 736 5268 et
780 5212 1058 5275 inanimis,
1101 5217 1157 5267 et
1183 5210 1445 5280 reliquis,
1475 5225 1510 5265 a
1546 5211 1658 5268 Deo
1686 5211 2058 5282 descriptam;

483 5305 865 5376 intelligibilem
896 5316 1077 5358 autem
1114 5302 1350 5357 decorem
1386 5319 1510 5373 quae
1540 5303 1608 5358 de
1637 5301 1750 5357 Deo
1775 5303 2058 5365 dicuntur,

483 5415 718 5468 quorum
756 5397 1059 5454 mediocres
1092 5403 1147 5450 et
1193 5395 1458 5451 obscuras
1498 5395 1765 5465 imagines
1795 5393 1851 5448 in
1896 5394 2061 5450 rebus

483 5491 814 5556 invenimus,
861 5475 1004 5545 sicut
1036 5487 1360 5559 simpliciter
1407 5485 1550 5548 esse,
1581 5489 1791 5550 vivere,
1829 5486 2056 5549 sentire,

482 5590 536 5636 et
565 5582 784 5638 similia.
813 5580 971 5648 Quod
1004 5586 1186 5634 autem
1218 5579 1449 5634 materia
1473 5579 1653 5634 omnis
1691 5595 1758 5635 ex
1789 5572 1897 5631 Deo
1910 5577 2060 5632 exsi-

482 5673 740 5726 stentiam
770 5673 982 5738 habeat,
1015 5671 1199 5728 nullus
1229 5670 1446 5740 sapiens
1477 5686 1659 5725 sermo
1687 5667 2053 5730 contradicet;

483 5764 620 5832 gerit
667 5771 845 5816 autem
885 5771 940 5818 et
989 5763 1106 5833 ipsa
1147 5764 1198 5817 in
1235 5763 1414 5833 seipsa
1449 5769 1790 5832 argumenta,
1833 5757 1976 5826 quod
2023 5771 2054 5810 a

483 5853 593 5909 Deo
628 5854 696 5913 sit
728 5854 987 5927 producta
1019 5864 1068 5910 et
1101 5861 1398 5919 exornata;
1430 5852 1609 5908 omnis
1643 5850 1810 5920 igitur
1839 5863 1902 5902 ex
1937 5861 2049 5900 ma-

2168 4653 2197 4704 ὁ
2229 4648 2578 4720 προφορικὸς,
2610 4647 2685 4709 ὡς
2716 4646 2824 4699 ἀπὸ
2864 4643 2959 4697 τοῦ
2992 4643 3240 4712 λέγοντος
3275 4643 3561 4696 διαϐαίνων
3605 4643 3740 4714 πρὸς

2168 4745 2258 4799 τὸν
2287 4741 2580 4798 ἀκούονταο
2618 4736 2929 4810 σωματικοῦ
2960 4737 3017 4790 δὲ
3047 4736 3184 4808 πρὸς
3215 4735 3612 4806 ἀντιδιαστολὴν
3646 4735 3737 4787 τοῦ

2167 4834 2496 4892 ἐνδιαθέτου·
2532 4825 2684 4894 οὗτος
2719 4830 2826 4902 γὰρ
2869 4827 2991 4882 οὔτε
3037 4826 3365 4899 σωματικὸς,
3404 4826 3527 4881 οὔτε
3575 4844 3738 4898 μετα-

2166 4927 2408 4990 ϐατικός.

2237 5017 2332 5091 [β’]
2371 5019 2581 5084 Ὕλης.
2629 5013 2986 5085 Ἀτιμοτάτην
3043 5013 3174 5084 ὓλην
3215 5014 3348 5084 φησὶ
3395 5012 3495 5084 τὴν
3548 5029 3732 5082 σωμα-

2164 5111 2342 5181 τοειδῆ
2381 5109 2599 5163 ἃπασαν
2639 5107 2818 5177 φύσιν,
2859 5107 2994 5178 πρὸς
3025 5106 3241 5159 ποικίλα
3272 5105 3386 5174 εἴδη
3435 5104 3650 5176 ἔμψυχά
3678 5119 3733 5155 τε

2164 5205 2256 5256 καὶ
2306 5201 2516 5271 ἀψυχα,
2569 5200 2662 5253 καὶ
2706 5198 2869 5251 λοιπά
2911 5198 3015 5251 ὑπὸ
3059 5196 3194 5250 Θεοῦ
3241 5196 3730 5267 διακοσμηθείσανο

2162 5294 2376 5362 γοερὰν
2407 5292 2463 5345 δὲ
2489 5291 2848 5360 εὐπρέπειαν
2885 5289 2955 5342 τά
2982 5289 3110 5361 περὶ
3151 5287 3285 5340 Θεοῦ
3325 5287 3610 5358 λεγόμενα,
3660 5279 3733 5338 ὧν

2165 5386 2390 5457 μετρίας
2420 5384 2513 5437 καὶ
2540 5382 2786 5454 ἀμυδρὰς
2815 5383 3025 5444 εἰκόνας
3055 5383 3111 5432 ὲν
3137 5383 3248 5443 τοῖς
3295 5376 3446 5434 οῦσιν
3489 5379 3734 5448 εὑρίσκορ

2165 5495 2283 5549 μεν,
2319 5471 2429 5530 οἷον
2462 5475 2522 5528 τὸ
2563 5474 2750 5538 ἁπλῶς
2794 5471 2960 5538 εἶναι,
3000 5473 3062 5525 τὸ
3094 5472 3212 5544 ζῇν,
3247 5474 3308 5524 τὸ
3350 5467 3728 5532 αἰσθάνεσθαι,

2160 5569 2253 5622 καὶ
2279 5566 2346 5620 τὰ
2384 5567 2563 5637 ὅμοια.
2597 5564 2694 5637 [γ’]
2727 5567 2848 5618 Ὅτι
2890 5565 2988 5635 μὲν
3002 5566 3085 5617 ’ὲκ
3109 5564 3242 5617 Θεοῦ
3268 5565 3360 5618 καὶ
3389 5566 3422 5634 ἡ
3458 5562 3554 5631 ὕλη
3585 5561 3730 5612 πᾶσα

2156 5661 2256 5732 τὴν
2312 5659 2542 5730 ὓπαρξιν
2595 5659 2780 5730 ἔσχεν,
2831 5658 3003 5721 οὐδεὶς
3059 5657 3220 5726 σοφὸς
3274 5658 3489 5720 ἀντερεῖ
3543 5653 3729 5720 λόγος’

2158 5754 2310 5824 φέρει
2355 5753 2411 5806 δὲ
2450 5752 2544 5806 καὶ
2575 5752 2712 5821 αὑτὴ
2749 5753 2805 5803 ἐν
2837 5751 3001 5822 ἑαυτῇ
3035 5749 3335 5814 ἀποδείξεις
3365 5750 3460 5802 τοῦ
3493 5749 3554 5799 ὲκ
3590 5741 3727 5808 Θεοῦ

2158 5848 2250 5901 καὶ
2302 5842 2573 5914 παρῆχθαι
2620 5843 2714 5899 καὶ
2755 5839 3250 5911 διακεκοσμῆσθαι·
3303 5841 3448 5893 πᾶσα
3493 5834 3620 5905 γοῦν
3672 5829 3727 5892 ἐξ
3781 5851 3783 5855 ί
