3860 6552
166 432 222 488 15
833 432 889 490 S.
929 432 1174 488 MAXIM!
1208 432 1501 489 SCHOLIA
1534 431 1601 488 IN
1641 431 1690 486 Li

1866 429 1904 487 E
1935 429 2262 486 εοειεδτι
2300 429 2746 490 ΗιΕΒΑῐὶϐΗιΑ.
3320 436 3390 490 ιο

166 550 273 619 ὕλης
304 544 671 616 δωκόσμησις
720 546 939 618 ἀμυδρά
973 564 1094 600 τινα
1132 548 1226 600 καὶ
1270 545 1470 618 σκιώδη
1509 546 1690 616 eam

1866 541 1962 598 aria
1989 543 2281 614 descriptio
2310 544 2575 599 obscuras
2596 544 2870 616 quasdam
2904 553 2959 600 et
2989 544 3274 602 umbrosas
3307 547 3390 601 in-

170 657 285 712 ματα
317 638 418 690 τῶν
462 638 686 709 νοερῶν
738 638 878 709 ἔχει·
927 637 1111 709 ὥσπερ
1164 638 1273 711 γὰρ
1319 640 1597 710 ἐπιτήδεια
1651 656 1694 691 τι

1868 634 2245 705 :lligentiarum
2298 635 2461 690 habet
2511 646 2698 703 notas;
2735 636 3197 706 quemadmodum
3246 639 3392 694 enim

170 732 295 805 νοερὰ
322 733 397 795 είς
434 731 749 802 ὑποδοχὴν,
783 730 858 793 ὡς
897 730 1131 801 ἐφικτὸν,
1158 731 1267 783 τῶν
1309 732 1375 784 ὲκ
1419 729 1553 783 Θεοῦ
1588 747 1694 801 προ

1869 740 1890 779 ι
1924 741 2046 796 quae
2092 726 2404 797 intelligunt
2447 735 2571 798 apta
2617 735 2773 793 sunt,
2821 736 3086 799 quantum
3130 729 3286 796 licet,
3325 730 3393 786 ad

169 824 386 895 νοητιχῶν
407 823 689 895 προόδων,
720 824 817 876 καὶ
844 822 952 894 ζωὴ
983 821 1129 887 ὄντα,
1159 820 1419 886 ζωοῦνται
1448 821 1601 891 παρὰ
1626 839 1693 875 τοε

1868 817 2226 889 :isceptionem
2274 818 2625 888 providarum
2663 835 2730 874 ex
2776 818 2889 874 Deo
2941 822 3392 890 processionum,

170 916 282 986 ὑπὲρ
314 916 486 969 πᾶσαν
520 914 685 986 ζωὴν
720 914 917 988 [ὄντος]
959 913 1094 967 Θεοῦ
1115 930 1129 944 ·
1167 914 1262 967 κα)⁸
1286 913 1543 984 δυνάμεις
1578 912 1694 983 ἔχου

1868 918 1987 980 Lque
2012 926 2138 964 cum
2168 910 2280 965 sint
2312 911 2445 975 vita,
2474 911 2819 967 viviﬁcantur
2846 927 2876 966 a
2915 912 3024 968 Deo
3052 914 3145 983 qui
3174 930 3392 971 omnem

170 1027 232 1062 σιν
266 1010 334 1071 εἰς
383 1008 725 1079 εὐεργεσίαν
778 1006 1151 1078 ὲνεργητικὰς,
1198 1008 1292 1060 καὶ
1342 1006 1554 1078 κίνησίν
1600 1024 1694 1059 τινι

1868 1002 1990 1055 itam
2019 1010 2260 1071 superat,
2286 1010 2342 1057 et
2373 1002 2575 1058 habent
2605 1004 2835 1059 virtutes
2856 1004 2923 1057 ad
2956 1004 3093 1061 bene
3122 1006 3392 1076 agendum

169 1100 526 1172 ὑπερχύσμιονο
564 1099 721 1153 οὕτω
753 1099 847 1152 καὶ
876 1098 944 1152 τὰ
976 1099 1132 1152 ὑλαία
1169 1099 1343 1152 πάντα
1368 1098 1504 1169 ὁμοῦ
1535 1116 1596 1152 τε
1628 1117 1693 1152 κα

1871 1094 2160 1161 perativas,
2202 1103 2255 1149 et
2301 1104 2508 1149 motum
2555 1094 2846 1164 quemdam
2897 1098 3160 1153 terminos
3203 1100 3395 1155 mundi

168 1192 279 1246 κατὰ
309 1192 485 1263 μέρος,
515 1192 627 1263 τήν
656 1208 723 1244 τε
766 1191 1018 1263 πρόνοιαν
1049 1189 1142 1244 τοῦ
1173 1190 1308 1244 Θεοῦ
1347 1192 1562 1256 οἰκείως
1598 1194 1692 1246 ὲαυ

1870 1185 2104 1241 nferioris
2132 1185 2635 1253 excedentem;'ita
2673 1187 2839 1242 etiam
2875 1191 3177 1245 materialia
3209 1192 3394 1247 omnia

168 1289 253 1349 τοῖς
273 1284 537 1356 δέχεσθαι,
564 1282 894 1355 ἐπιτηδείως
921 1282 1154 1354 ἔχουσιν,
1186 1284 1279 1336 καὶ
1311 1282 1598 1347 ζωοῦσθαι,
1631 1302 1692 1338 κα

1869 1278 2029 1331 ariter
2059 1286 2114 1333 et
2152 1278 2370 1333 divisim
2411 1277 2506 1334 Dei
2537 1280 2937 1350 providentiam
2967 1298 3067 1352 pro
3100 1294 3260 1354 captu
3293 1302 3393 1340 suo

170 1376 257 1448 ζωὴ
284 1376 522 1444 γίνεσθαι
574 1366 871 1437 δύνανται,
905 1374 980 1437 ὡς
1018 1372 1109 1426 τό·
1154 1373 1517 1444 Ἐξαγαγέτω
1561 1376 1600 1442 ἡ
1643 1379 1694 1443 τι

1868 1366 2093 1437 ccipere,
2117 1374 2245 1437 apta
2275 1376 2423 1432 sunt,
2451 1368 2735 1433 viviﬁcari,
2766 1378 2821 1424 et
2850 1372 2958 1426 vita
2987 1388 3109 1428 esse
3140 1383 3392 1443 possunt,

169 1467 341 1536 ⁴Ψυχὴν
371 1466 606 1527 ζ’ὧσανο
651 1467 749 1521 καὶ
795 1463 949 1530 αὖθις
972 1484 985 1498 ⁸
1022 1465 1387 1535 Ἐξαγαγέτω
1426 1466 1500 1520 τὰ
1534 1466 1693 1519 ὕδατι

1873 1460 1903 1513 Li
1952 1459 2087 1514 illud
2129 1480 2143 1515 :
2191 1460 2467 1517 Productu
2511 1471 2652 1531 terra
2697 1465 2931 1519 animum
2980 1466 3307 1533 viventem0;
3342 1474 3397 1522 et

170 1556 346 1622 ἑρπετὰ
378 1554 607 1625 ψυχῶν
634 1555 868 1617 ζωσῶν·
903 1555 1038 1609 ἀλλὰ
1077 1556 1172 1609 καὶ
1211 1554 1468 1626 δυνάμεις
1505 1556 1694 1627 εὐεργε

1871 1566 2045 1606 irsum
2076 1571 2089 1606 :
2127 1551 2433 1607 Producant
2464 1571 2615 1623 aqua:
2643 1556 2826 1624 reptile
2865 1558 3058 1612 anima:
3099 1559 3313 1613 viventis
3338 1569 3395 1625 νς

171 1646 295 1710 md;
315 1652 422 1711 τοῖς
454 1649 573 1701 ἀπὸ
600 1648 714 1719 γῆς
744 1648 1014 1713 πνέουσιν,
1044 1648 1119 1711 ὡς
1148 1647 1398 1718 δηλοῦσιν
1432 1648 1493 1701 αἴ
1535 1665 1596 1700 τε
1636 1648 1695 1701 δυ

1871 1659 1935 1698 no
1980 1645 2144 1699 etiam
2197 1646 2429 1701 virtutes
2487 1647 2759 1703 beneficas
2819 1650 3052 1705 terrenis
3103 1651 3395 1729 exhalant,

171 1739 365 1807 βοτανῶν
407 1742 514 1794 καὶ
536 1740 653 1793 τῶν
686 1739 1021 1811 μεταλλικῶν
1045 1739 1306 1809 ὠφέλειαι
1325 1756 1339 1771 ο
1387 1739 1482 1793 καὶ
1509 1740 1695 1810 κίνησι

1875 1745 1966 1790 cut
1991 1736 2275 1791 declarant
2316 1738 2598 1793 commoda
2629 1754 2752 1809 qua:
2785 1741 2853 1795 ab
2884 1741 3068 1798 herbis
3119 1752 3176 1798 et
3208 1743 3399 1797 metal-

167 1834 211 1885 δὲ
235 1835 558 1906 κατάλληλον
594 1834 669 1888 τὰ
695 1834 855 1888 ὑλαία
883 1832 998 1904 ἔχει
1024 1833 1124 1904 τὴν
1148 1833 1228 1896 είς
1258 1830 1471 1901 γένεσιν
1502 1830 1691 1904 προῖοῦ

1876 1829 1946 1884 cis
1983 1829 2297 1900 capiuntur.
2326 1829 2540 1886 Habent
2569 1847 2731 1901 porro
2762 1832 2925 1887 etiam
2956 1834 3258 1889 materialia
3284 1851 3400 1889 mu-

169 1944 243 1980 σαν
273 1929 357 1981 καὶ
390 1897 641 1999 φΘοράνο
695 1927 793 1980 καὶ
838 1897 990 1992 τάξιν
1026 1897 1250 2001 δέχεται
1271 1897 1391 1994 ντὴν
1436 1897 1588 1995 παρά
1625 1925 1693 1976 τοέ

1874 1937 1979 1976 sum
2002 1922 2069 1977 ad
2096 1923 2499 1994 generationem
2524 1932 2578 1979 et
2603 1926 3007 1996 corruptionem
3038 1926 3398 1995 prodeuntem

170 2019 276 2075 Θεοῦ
333 2020 685 2075 ἐπιτεθείσάν
749 2036 810 2072 τε
866 2019 961 2071 καὶ
1024 2016 1507 2091 ὲπιτεθησομένην.
1564 2014 1694 2068 Ἀλλ‹

1879 2022 2060 2081 otum,
2093 2023 2148 2071 et
2184 2016 2443 2077 ordinem,
2467 2017 2807 2088 accipiunta
2851 2017 2962 2073 Deo
3000 2019 3316 2090 impositum
3344 2030 3398 2076 et

170 2113 241 2167 ul
266 2112 595 2183 φωτίζεσθαι
630 2111 845 2180 πέφυκε
878 2110 1149 2182 παρουσίᾳ
1177 2108 1378 2181 νοεριῖΝ
1407 2108 1687 2180 δυνάμεων

1877 2106 2234 2176 ψοηειιὰυηι,
2265 2107 2360 2162 sed
2393 2116 2448 2163 et
2478 2109 2774 2165 illuminari
2804 2124 2835 2164 a
2864 2113 3154 2182 praesentia
3198 2114 3401 2170 intelli-

166 2204 224 2267 ὡς
253 2206 331 2258 ἐπὶ
372 2205 474 2259 τοῦ
508 2203 659 2259 κατὰ
702 2203 802 2274 τὴν
832 2202 1123 2256 ἀνάστασιν
1151 2200 1246 2255 τοῦ
1278 2201 1483 2273 Κυρίου
1521 2200 1690 2274 ἀστρά

1876 2197 2061 2252 :ntium
2093 2199 2355 2255 virtutum
2389 2207 2516 2255 nata
2546 2209 2697 2267 sunt,
2729 2205 3185 2273 quemadmodum
3212 2222 3400 2263 resur-

167 2312 350 2358 πτοντος
372 2293 646 2363 ἀγγέλου,
677 2293 773 2346 καὶ
815 2292 1134 2361 φωτίζοντος
1164 2291 1224 2345 τὸ
1254 2292 1525 2363 περιέχον.
1568 2293 1691 2363 Ἔχε

1873 2289 2063 2345 actione
2097 2290 2315 2347 Domini
2360 2302 2688 2350 coruscante
2735 2296 2929 2366 angelo
2956 2305 3011 2352 et
3040 2298 3397 2356 circumcirca

166 2384 208 2436 δὲ
243 2386 404 2440 ταῦτα
456 2388 491 2457 ἡ
546 2385 651 2456 ὕλη
704 2385 1017 2455 πάσχουσα,
1051 2384 1111 2437 οὐ
1163 2383 1271 2456 μὴν
1320 2384 1395 2448 ὡς
1433 2382 1501 2437 τὰ
1558 2401 1690 2455 νοερ

1874 2381 2185 2439 luminante.
2214 2382 2341 2438 Haec
2366 2392 2546 2440 autem
2574 2385 2737 2441 habet
2766 2388 2995 2443 materia
3026 2390 3261 2460 patiens,
3287 2407 3398 2446 non

164 2466 489 2547 ἐνεργοῦντα·
555 2477 640 2531 διὸ
702 2479 822 2530 κατ’
876 2476 1100 2547 ἔσχατον
1162 2475 1436 2547 ἁπήχημα
1506 2474 1688 2545 λέγετο

1876 2468 1950 2527 ero
2012 2473 2158 2528 sicut
2213 2475 2582 2546 intelligentia
2639 2479 2960 2548 operativaz,
3014 2480 3245 2551 ideoque
3311 2498 3400 2538 se-

166 2568 301 2621 ταῦτα
332 2570 478 2639 ἔχειν
498 2587 513 2600 ο
544 2570 601 2623 τί
634 2569 694 2622 δέ
725 2570 872 2624 ἐστιν
903 2568 1191 2638 ἀπήχημα
1231 2569 1515 2639 ἔσχατον,
1547 2568 1604 2620 ὲν
1641 2568 1690 2620 τὲ

1875 2565 2057 2619 Indum
2107 2573 2406 2622 extremam
2458 2570 2830 2625 resonantiam
2882 2587 2981 2627 seu
3046 2581 3232 2628 notam
3284 2574 3399 2630 11ωο

167 2658 277 2727 Περὶ
320 2662 501 2716 θείων
561 2660 878 2731 ὀνομάτων
925 2660 1068 2733 λόγῳ
1117 2660 1396 2733 σαφηνίσω
1427 2661 1472 2691 ⁸⁸
1520 2660 1579 2713 ὲν
1624 2676 1686 2714 κε

1875 2656 2021 2714 lbere
2056 2658 2261 2714 dicitur
2297 2679 2311 2716 :
2344 2660 2477 2732 quid
2518 2676 2684 2731 porro
2716 2664 2787 2719 sit
2829 2668 3135 2721 resonantia
3162 2676 3399 2723 extrema

164 2748 351 2810 φίλε,
1819 2749 2104 2818 explicabo
2143 2751 2199 2805 in
2242 2753 2423 2822 capite
2465 2761 2664 2823 quarto
2711 2755 2834 2811 libri
2874 2757 2952 2811 De
2984 2757 3175 2814 divinis
3222 2762 3398 2815 nomi-

554 2890 557 2893 _
1818 2838 1994 2894 nibus.

217 2933 310 2987 Kal
346 2934 464 2987 τῶν
494 2932 724 2989 αὐτῶν.
753 2932 1085 3002 Σημείωσαι,
1118 2931 1195 2995 ὡς
1226 2932 1404 2985 πᾶσαν
1440 2930 1540 3002 τὴν
1587 2929 1717 3002 ὓλην

1892 2928 1962 2982 Et
1987 2930 2218 2986 easdem.
2240 2931 2403 3001 Nota,
2429 2933 2575 2990 haud
2604 2950 2850 2993 asserere
2869 2940 3152 2994 materiam
3179 2956 3394 2997 omnem

166 3027 215 3079 οὺ
243 3026 364 3097 φησὶ
412 3025 632 3097 νοεράν·
684 3023 877 3079 οὐκοῦν
912 3025 1005 3078 καὶ
1034 3026 1085 3077 οἱ
1128 3024 1355 3095 ἀστέρες
1395 3022 1622 3093 ἄψυχον
1654 3039 1690 3074 οη

1874 3036 1942 3076 ιεο
1981 3021 2319 3093 intelligendi
2363 3039 2645 3095 capacem,
2689 3026 2935 3097 adeoque
2978 3037 3033 3084 et
3079 3036 3229 3086 astra
3277 3031 3398 3087 ina-

164 3116 251 3188 γὰρ
288 3118 465 3189 ἔχουσι
510 3116 665 3171 νοῦν.
711 3118 774 3170 El
805 3117 899 3171 καὶ
944 3115 1014 3169 τὰ
1053 3116 1193 3170 αὐτὰ
1239 3117 1480 3188 ὀνόματά
1531 3132 1688 3186 φησιν

1872 3126 2001 3178 una;
2049 3127 2229 3184 neque
2268 3114 2418 3170 enim
2467 3124 2705 3173 mentem
2746 3118 2990 3175 habent:
3023 3121 3129 3176 etsi
3173 3122 3396 3177 nomina

298 3212 390 3282 οὐχ
447 3210 661 3281 ὁμοίως
710 3208 1108 3279 λαμϐάνονται·
1153 3209 1290 3281 πρὸς
1338 3208 1436 3280 τὴν
1482 3208 1692 3279 φυσικὴ

1874 3205 2005 3260 idem
2048 3205 2217 3273 dicat,
2257 3207 2353 3265 sed
2382 3223 2492 3264 non
2523 3209 2776 3266 similiter
2807 3211 3182 3282 accipiuntur;
3215 3222 3272 3268 at
3298 3230 3398 3285 pro

165 3300 457 3372 δὲ.ἰδιότητα
492 3299 594 3355 τοῦ
638 3300 1003 3372 ὑποκειμένου
1041 3300 1139 3355 καὶ
1182 3300 1449 3372 ὁρίζονται
1494 3300 1586 3354 καὶ
1626 3316 1689 3354 νο

1874 3298 2055 3353 Iturali
2080 3299 2413 3371 proprietate
2443 3302 2678 3373 subjecti
2711 3310 2763 3359 et
2792 3303 3129 3361 deﬁniuntur
3152 3312 3206 3362 et
3236 3306 3398 3363 intel-

167 3388 336 3445 οῦν-ται.

1818 3390 2078 3447 linuntur.

222 3408 336 3445 νται.

222 3482 325 3553 εν.
357 3482 735 3554 Θεαρχικαῖς.
766 3483 812 3516 ⁸³
840 3482 1095 3537 Τουτέστι
1132 3486 1244 3549 τοῖς
1286 3484 1412 3555 περὶ
1449 3484 1585 3539 Θεοῦ
1629 3502 1717 3538 νο-

1894 3407 2079 3447 untur.

1875 3407 1914 3555 ξς
1945 3481 2010 3539 V.
2041 3483 2139 3538 Dei
2180 3486 2583 3557 principalibus.
2613 3488 2961 3563 Θεαρχικαῖς,
2992 3492 3097 3548 hoc
3124 3500 3210 3549 est
3248 3493 3399 3564 cogi-

168 3572 331 3641 ήμασι.

1816 3575 2118 3633 tationibus
2143 3578 2213 3633 de
2242 3577 2370 3636 Deo.

228 3667 335 3720 Τῶν
382 3668 766 3738 φαινομένων
818 3667 1041 3737 τιμίων.
1099 3662 1410 3738 Σημεῖωααι
1450 3670 1572 3725 τίνα
1611 3688 1716 3725 κα-

1889 3667 2022 3735 Qua:
2049 3680 2304 3739 apparent
2331 3673 2584 3741 pretiosa.
2629 3673 2769 3730 Nota
2799 3691 3049 3747 quaenam
3080 3684 3238 3734 vocet
3266 3693 3395 3748 pre-

165 3755 234 3808 λεῖ
274 3758 445 3829 τίμια,
494 3758 577 3822 ὡς
619 3757 772 3830 ἥλιον
814 3759 910 3811 καὶ
961 3759 1089 3822 τοὺς
1133 3758 1402 3831 ἀστέρας·
1458 3760 1554 3813 καὶ
1597 3760 1689 3814 τίνι

1870 3774 1981 3825 osa,
2018 3762 2192 3817 veluti
2241 3762 2410 3820 solem
2449 3773 2505 3821 et
2541 3774 2723 3834 astra;
2773 3777 2830 3824 et
2886 3784 3137 3840 quaenam
3194 3771 3394 3835 media,

169 3848 305 3917 μέσα,
348 3851 457 3924 πῦρ
495 3852 593 3905 καὶ
624 3850 798 3922 ὕδωρο
844 3851 938 3904 καὶ
984 3851 1105 3903 τίνα
1144 3851 1368 3921 ἔσχατα,
1399 3851 1474 3915 ὼς
1508 3851 1678 3925 μύρον

1875 3858 1963 3906 cut
1990 3851 2170 3923 ignem
2202 3862 2257 3909 et
2285 3870 2513 3925 aquam;
2549 3864 2603 3913 et
2634 3873 2882 3928 quaenam
2912 3868 3179 3923 extrema,
3212 3871 3271 3916 ut
3303 3878 3399 3915 un-

166 3942 246 3995 καὶ
274 3944 384 3999 τίνα
429 3946 638 4015 ἄτιμα,
674 3943 752 4007 ὡς
798 3941 962 4014 θηρία
994 3943 1089 3996 καὶ
1140 3941 1459 4013 σκώληκαςο
1497 3944 1590 3997 καὶ
1634 3945 1690 3997 ὅτ

1871 3952 2112 4012 rentum;
2140 3951 2195 3999 et
2234 3960 2486 4015 quaenam
2517 3947 2670 4012 vilia,
2698 3949 2844 4005 sicut
2880 3951 2980 4020 ιι
3017 3951 3162 4007 feras
3191 3959 3245 4006 et
3273 3967 3395 4006 ver-

164 4035 246 4088 ὲπὶ
277 4036 399 4090 Θεοῦ
445 4037 544 4091 καὶ
574 4036 647 4090 τὰ
678 4034 913 4107 Θηριὼδη
948 4034 1187 4105 σύμϐολα
1228 4034 1469 4105 εἴρηται.
1518 4035 1612 4089 καὶ
1644 4053 1688 4088 τι

1873 4052 1955 4099 es,
1985 4047 2039 4091 et
2079 4037 2228 4106 quod
2259 4039 2327 4093 de
2370 4037 2482 4094 Deo
2520 4038 2767 4109 quaedam
2812 4041 2969 4110 signa
2999 4040 3238 4096 ferarum
3270 4058 3395 4111 spe-

167 4126 217 4190 ὲξ
257 4127 397 4200 ὖληςο
451 4129 548 4183 καὶ
599 4126 671 4182 τὰ
718 4126 874 4198 τίμια
903 4127 981 4191 δὲ,
1024 4126 1118 4180 καὶ
1159 4125 1230 4179 τὰ
1281 4126 1452 4197 μέσα,
1502 4127 1597 4181 καὶ
1648 4130 1691 4180 τέ

1871 4140 1955 4181 em
1986 4124 2277 4185 referentia
2300 4128 2446 4183 dicta
2477 4136 2628 4194 sunt,
2661 4135 2715 4185 et
2746 4130 3047 4186 materialia
3071 4139 3126 4188 et
3152 4136 3393 4204 pretiosa

166 4217 327 4289 ἄτιμα.

1815 4218 2000 4281 etiam,
2032 4230 2199 4290 atque
2225 4219 2405 4275 media
2433 4227 2487 4276 et
2515 4221 2663 4277 vilia.

228 4313 433 4370 Ἥλιον,
469 4315 689 4370 Ἥλιον
718 4312 1105 4378 δικαιοσύνης
1134 4309 1419 4382 Μαλαχίας
1445 4312 1473 4365 ὁ
1505 4311 1716 4383 προφή-

1888 4305 2089 4366 Solem.
2114 4294 2293 4366 Solem
2323 4310 2556 4380 justitia:
2587 4310 2882 4370 Malachias
2916 4314 3181 4385 propheta
3211 4317 3394 4387 appel-

164 4418 247 4472 της
269 4406 535 4478 ὀνομάζει.
581 4405 716 4460 Ὀδὲ
744 4404 885 4467 θεῖος
915 4403 1120 4475 Πέτρος
1149 4405 1208 4458 ὲν
1227 4406 1293 4475 τῇ
1327 4401 1585 4474 καθολικῇ
1619 4404 1687 4458 αὺ

1870 4401 1945 4456 vit
1968 4411 2018 4457 (ι.
2047 4401 2277 4459 Divinus
2311 4410 2491 4459 autem
2526 4402 2723 4460 Petrus
2753 4405 2809 4459 in
2843 4406 3110 4461 catholica
3139 4422 3239 4463 sua
3266 4407 3394 4478 Epi-

163 4495 243 4547 τοῦ
284 4499 534 4569 ἐπιστολῇ
554 4515 569 4529 ν
616 4499 770 4563 ’Ἕως
814 4496 892 4557 οὗ
943 4497 1257 4565 φωσφόρος
1304 4497 1590 4567 ἀνατείλῃ
1645 4498 1687 4551 ἐι

1870 4494 1958 4549 ola
1985 4512 1998 4548 :
2040 4494 2215 4550 Donec
2243 4496 2431 4564 lucifer
2458 4498 2666 4551 oriatur
2691 4499 2746 4552 in
2777 4498 3023 4554 cordibus
3054 4499 3240 4555 vestris
3270 4509 3313 4566 ',
3339 4512 3393 4557 et

166 4587 271 4653 ταῖς
298 4591 565 4658 καρδίαις
591 4589 779 4658 ὑμῶν,
810 4588 905 4642 καὶ
934 4587 1005 4641 τὰ
1042 4589 1203 4659 ἑξῆς·
1230 4584 1384 4653 οὗτος
1425 4591 1535 4661 γάρ
1566 4591 1690 4644 ὲστιπ

1864 4601 1939 4641 ua:
1971 4595 2301 4657 sequuntur.
2357 4588 2457 4645 Hic
2505 4590 2653 4645 enim
2704 4598 2789 4647 est
2837 4590 3006 4646 Stella
3055 4594 3320 4648 matutina
3344 4602 3388 4648 ³.

166 4680 195 4729 ό
218 4679 342 4747 ἑῷος
368 4682 589 4750 ἀστήρ.
640 4682 697 4734 '0
728 4680 785 4734 δὲ
815 4680 1072 4752 Μωῦσῆς·
1123 4682 1224 4733 Ἐν
1266 4679 1344 4749 τῇ
1373 4680 1537 4745 βάτῳ
1568 4682 1689 4751 πῦρ

1866 4678 2034 4749 onses
2065 4688 2252 4737 autem
2289 4701 2302 4736 :
2332 4680 2483 4752 Ignis
2511 4683 2566 4736 in
2595 4682 2726 4737 rubo
2760 4684 2973 4738 minime
3005 4684 3390 4749 comburens‘,

166 4771 321 4839 φησιν,
346 4774 417 4827 οὐ
450 4772 797 4835 κατακαῖον,
825 4773 854 4825 ὅ
892 4774 1039 4825 ὲστιν
1073 4770 1324 4834 ἀϐλαϐῶς
1356 4758 1605 4842 φωτίζον.
1656 4775 1690 4828 '(

1868 4771 1961 4827 md
1985 4778 2093 4835 cst,
2132 4773 2252 4831 sine
2278 4773 2481 4829 damno
2518 4774 2855 4831 illuminans.
2900 4773 3169 4832 Jeremias
3211 4785 3392 4833 autem

163 4860 211 4913 δὲ
241 4865 500 4936 Ἱερεμίας
533 4864 681 4936 ὕδωρ
710 4864 882 4934 λέγει’
924 4863 1062 4935 Ἐμὲ
1090 4864 1483 4934 ἐγκατέλιπον
1512 4867 1687 4936 amrin

1866 4878 2015 4934 luam
2045 4863 2221 4920 dicit:
2254 4863 2341 4920 Me
2370 4865 2759 4937 dereliquerunt
2787 4866 2983 4936 fontem
3012 4884 3164 4937 aquae
3192 4868 3319 4923 vim
3342 4879 3390 4932 υ,

168 4951 351 5021 ὕδατος
380 4956 628 5023 ζῶντος·
664 4956 760 5010 καὶ
791 4955 942 5010 ἄλλοι
972 4957 1031 5009 δὲ
1061 4956 1197 5011 ἄλλα
1216 4973 1231 4987 °
1279 4957 1374 5011 καὶ
1412 4958 1442 5011 ὁ
1476 4957 1680 5030 Κύριος

1868 4996 1870 5004 ι
1904 4957 1994 5011 alii
2044 4957 2184 5022 alia,
2224 4964 2280 5014 et
2314 4957 2578 5012 Dominus
2612 4977 2625 5012 :
2658 4956 2913 5012 Flumina
2954 4957 3018 5013 de
3059 4969 3233 5013 ventre
3278 4958 3392 5027 ejus

167 5047 389 5118 Ποταμοὶ
417 5050 488 5103 ἐκ
515 5049 630 5117 τῆς
655 5048 887 5114 κοιλίας
911 5048 1099 5103 αὐτοῦ
1123 5048 1459 5116 ῥεύσουσιν
1494 5047 1691 5116 ὓδατος

1870 5055 1979 5102 ient
2011 5064 2167 5119 aqua:
2200 5049 2326 5103 vim
2345 5057 2391 5104 ν.
2426 5046 2683 5103 Salomon
2715 5058 2896 5104 autem
2929 5049 2983 5103 in
3009 5048 3239 5104 Cantico
3262 5064 3394 5103 can-

167 5134 374 5207 ςῗυντος·
404 5143 433 5195 ὁ
457 5142 518 5195 δὲ
550 5140 803 5211 Σολομῶν
836 5141 894 5192 ὲν
925 5139 1005 5210 τῷ
1038 5138 1278 5211 ’ᾼσματι
1309 5139 1418 5193 τῶν
1448 5139 1691 5211 ᾀσμάτωπ

1867 5153 2091 5200 corum,
2140 5146 2477 5210 unguentum
2527 5138 2662 5193 dicit
2704 5160 2719 5195 :
2774 5137 3109 5209 Unguentum
3162 5138 3391 5207 effusum

168 5228 311 5299 μύρον
349 5232 513 5303 φησί’
545 5233 753 5299 Μύρον
781 5231 1110 5285 examen
1140 5231 1327 5300 ὄνομά
1366 5248 1502 5288 σου.
1540 5233 1627 5286 Ἐν
1651 5233 1692 5286 δί

1869 5247 2001 5285 »ηιεη
2032 5242 2184 5284 tuum
2208 5239 2257 5286 ι.
2296 5229 2356 5285 1η
2386 5230 2674 5286 duodecim
2715 5231 3013 5302 prophetis,
3045 5229 3183 5285 Osee
3209 5236 3264 5283 et
3300 5228 3393 5283 Ilii-

164 5323 252 5383 τὼ
288 5322 492 5378 δώδεκα
522 5324 830 5395 προφήταις
873 5323 1033 5394 Ὠσηὲ
1062 5323 1156 5377 καὶ⁵
1188 5323 1426 5394 Μιχαίας
1461 5323 1530 5377 τά
1562 5326 1688 5395 εἰρηη

1868 5336 1993 5380 uaeas
2026 5322 2206 5380 dictas
2252 5323 2359 5378 hoc
2397 5322 2521 5379 loco
2551 5321 2697 5380 feras
2737 5331 3023 5380 recensent
3062 5324 3119 5377 in
3162 5322 3233 5378 iis
3269 5338 3392 5394 qua:

249 5480 430 5535 °Gen.
468 5498 509 5537 1.
544 5481 637 5537 24.
690 5481 939 5552 _plbid.
1002 5483 1095 5539 eo.
1196 5468 1482 5552 (ιδεμιν.
1545 5480 1687 5536 v.2.

1858 5482 1884 5535 ξι
1944 5482 2088 5536 Pctr.
2123 5500 2172 5544 ι,
2210 5483 2298 5538 19.
2406 5494 2427 5521 ³
2452 5481 2623 5552 Apoc.
2662 5497 2797 5549 χχιι,
2829 5480 2917 5536 16.
2994 5476 3382 5545 ‘Exod.m,2.

160 5546 301 5606 'Jer.
340 5568 400 5614 ιι,
442 5554 528 5607 15.
627 5562 655 5591 ν
682 5550 842 5608 Joan.
872 5568 971 5620 vn,
1004 5554 1092 5608 58.
1163 5567 1190 5594 ι
1228 5546 1389 5608 Cant.
1427 5569 1469 5620 ι,
1498 5552 1556 5608 2.

1115 5712 1348 5769 VARUE
1383 5712 1761 5769 LECTIONES
1796 5713 1883 5768 ET
1919 5712 2472 5770 CORBECTIONES.

195 5821 251 5901 ’ξ
282 5824 706 5901 ἐσαφᾼηνίμσαμεν,
734 5827 1103 5901 explicuimus.
1171 5828 1216 5859 ’³
1249 5827 1563 5901 οεαρχικαῖς
1596 5830 1998 5901 ὲ-κφαντορίαις,
2032 5831 2101 5883 τὰ
2138 5830 2263 5899 περὶ
2288 5826 2424 5882 Θεοῦ
2457 5826 2702 5895 νοήματά
2726 5842 2904 5898 φησιν.
2932 5825 3261 5898 Θεαρχικάς,
3288 5839 3386 5880 seu

161 5886 995 5967 Dsiprincipales'cluCidationcs
1027 5904 1184 5952 vocat
1220 5886 1477 5954 notiones
1511 5886 1576 5954 de
1612 5886 1741 5954 Deo.
