3860 6542
170 441 225 497 69
847 433 904 491 S.
941 433 1189 492 MAXIM!
1233 433 1526 492 SCHOLIA
1558 435 1644 491 ΙΝ
1663 435 1792 491 LIB.
1828 432 1920 488 DE
1950 429 2275 488 C(ELESTI
2318 429 2740 488 HIERAFCIIIA
3337 419 3404 480 εἷο

171 552 331 629 βιϐλίῳ
354 547 565 622 πρώτῳ
591 549 716 603 τῶν
745 547 1050 618 Κυριακῶν
1074 549 1442 620 ἐξηγήσεων,
1471 551 1566 606 καὶ
1594 551 1695 604 Κλί

1872 545 2139 602 ecundum
2170 545 2336 624 Deum
2363 557 2468 609 est,
2494 551 2776 609 exercent,
2803 555 3005 614 pueros
3033 541 3396 612 appellabant,

177 662 260 720 μης
277 645 304 696 6
331 639 737 712 Ἀλεξανδρεὺς
759 640 823 696 ιν
840 638 919 711 τῷ
935 639 1312 712 Παιδατωτῷ.

1877 641 1977 693 icut
2008 644 2064 693 et
2103 635 2300 706 Papias
2338 636 2578 690 declarat
2607 635 2750 690 libro
2797 635 2973 704 primo
3005 633 3401 690 Dominicarum

437 742 440 744 ‘
645 745 648 748 '
699 749 701 751 ί
1832 727 2217 798 expositionum
2240 765 2256 791 ,
2301 733 2355 781 et
2407 724 2658 780 Clemens
2713 725 3116 781 Alexandrinus
3174 726 3230 780 in
3275 725 3402 781 Pa:—

1830 818 2054 890 dagogo.

227 914 508 981 mnduoc.
533 909 694 987 Πρὸς
709 912 774 967 τὺ
801 914 1070 982 πληθύος
1098 913 1160 969 τὸ
1190 910 1422 985 ἐκοειδῆ
1450 915 1693 988 ἐπήγαγε
1711 932 1726 947 ο

1902 908 2264 964 Multitudine.
2313 907 2404 978 Τῷ
2436 906 2774 962 multitudine
2800 906 2860 960 τὸ
2892 905 3186 975 uniformia
3231 921 3401 977 oppo-

169 1007 224 1062 τά
254 1007 340 1077 μὲν
383 1006 500 1080 γὰρ
553 1007 696 1076 ᾰγια
740 1005 1007 1060 homni-
1057 1006 1126 1062 τὰ
1155 1007 1213 1061 δὲ
1244 1007 1447 1079 βέᾶηλα
1489 1008 1583 1062 καὶ
1632 1006 1693 1078 τῆ

1877 1003 1976 1070 lit;
2022 1008 2211 1056 sancta
2254 1000 2399 1055 enim
2475 1014 2645 1053 unum
2707 997 2950 1065 faciunt;
2992 997 3223 1068 profana
3268 1012 3401 1052 vero

171 1096 408 1169 ἁμαρτίας
451 1095 595 1150 ὄντα
635 1099 721 1162 είς
763 1097 934 1152 πολλά
975 1084 1063 1152 διά
1102 1099 1198 1170 τῆς
1243 1097 1558 1169 διαιρέσεως
1590 1097 1695 1168 πλη

1876 1109 2026 1165 quae
2064 1093 2275 1163 peccati
2307 1100 2455 1157 sunt,
2484 1092 2542 1147 in
2577 1091 2746 1146 multa
2777 1106 2875 1160 per
2904 1090 3225 1145 divisionem
3258 1091 3400 1144 mul-

170 1189 306 1244 θύνει.
335 1187 510 1243 Τοῦτο
555 1187 698 1258 γοῦν
729 1189 827 1244 νῦν
865 1190 1021 1244 καλεῖ
1066 1189 1319 1259 πλῆθος,
1348 1189 1409 1243 τὸ
1441 1191 1604 1244 οἱονεὶ
1637 1191 1694 1262 pe

1875 1186 2164 1256 plicantur.
2191 1182 2306 1238 Hoc
2335 1184 2495 1253 igitur
2522 1198 2668 1236 nunc
2701 1182 2936 1252 appellat
2970 1181 3395 1247 multitudinem,

170 1278 316 1351 δηλον-
811 1351 818 1356 .

1829 1277 1975 1350 quod
2004 1276 2217 1333 scilicet
2243 1273 2554 1346 profanum.

618 1367 732 1422 ΕΙΣ
770 1365 860 1421 ΤΟ
898 1365 1144 1423 ΚΕΦᾹΛ.
1179 1368 1252 1423 Γ’.

2424 1365 2490 1420 IN
2530 1365 2682 1422 CAP.
2714 1363 2799 1420 Ill.

224 1460 380 1514 Ἔστι
404 1458 526 1529 μὲν·
560 1459 860 1528 ἱεραρχια.
886 1459 1048 1532 Ὅρος
1078 1459 1375 1532 ίεραρχίας.

1897 1461 1996 1517 Est
2019 1460 2224 1533 quidem
2256 1459 2574 1515 hierarchia.
2607 1458 2855 1514 Definitio
2885 1455 3222 1512 hierarchire.

229 1551 315 1617 Ὧς
340 1550 618 1621 ἐφικτόν.
669 1551 761 1615 Ὠς
789 1550 1035 1604 δυνατόν.

1899 1554 2168 1623 Quantum
2212 1553 2298 1624 {as
2347 1562 2458 1620 est,
2501 1551 2596 1608 Gr.
2633 1552 2709 1616 ὡς
2757 1550 3000 1627 ἐφικτόν,
3039 1551 3181 1605 sicut
3223 1549 3399 1620 possi-

223 1730 667 1801 Τελεταρχικόν.
705 1730 918 1800 Ἥγουν
945 1730 1275 1788 τελειποιοῦν
1299 1734 1368 1787 ³⁸.

1887 1659 1900 1700 t
1938 1686 1955 1702 .

1899 1663 2062 1809 ἑτερο
2107 1737 2458 1808 perfectionis,
2500 1733 2599 1790 ’Gr.
2642 1733 3047 1806 τελεταρχικόν.
3082 1748 3180 1790 seu
3223 1731 3403 1800 perfe-

1827 1836 1977 1885 ctum
2005 1828 2237 1884 faciens.

227 1911 441 1982 ’Δμιτές
461 1911 610 1968 ἐστι
640 1913 928 1968 καθόλου.
963 1912 1266 1987 ’ομοιότης,
1291 1918 1384 1973 καὶ
1405 1919 1606 1990 ἰσότης,
1633 1923 1727 1976 καὶ

1899 1920 2238 1989 Impermista
2279 1928 2357 1973 est
2387 1919 2624 1973 omnino.
2664 1916 3000 1982 Similitudo,
3038 1924 3093 1972 et
3118 1917 3400 1987 inqualitas

165 2005 386 2074 ταυτότης
415 2004 482 2058 τὸ
517 2004 582 2059 ἓν
621 2004 721 2058 καὶ
750 2004 1011 2070 ἑνοποιὸν,
1045 2007 1140 2060 ἆτε
1172 2007 1377 2064 ἁπλοῦν
1408 2012 1504 2064 καὶ
1529 2013 1689 2083 ἁμιγὲ

1875 2053 1881 2066 ,
1909 2011 2164 2067 identitas
2186 2026 2352 2064 unum
2379 2018 2434 2066 et
2456 2025 2622 2064 unum
2647 2009 2873 2072 faciens,
2898 2018 3154 2078 tanquam
3173 2010 3399 2078 simplex

165 2095 238 2147 καὶ
276 2095 566 2149 ἀσύνθετον
612 2095 898 2150 καλεῖται’
951 2096 1199 2168 ἀνόμοιον
1244 2099 1330 2164 δὲ,
1375 2103 1470 2156 καὶ
1520 2102 1689 2157 ἄνισοι

1877 2142 1879 2154 ,
1910 2118 2046 2173 pura
2079 2109 2134 2158 et
2175 2103 2396 2157 minime
2427 2099 2730 2170 composita
2770 2101 3092 2169 appellatur.
3128 2099 3401 2155 Dissimile

164 2187 238 2239 καὶ
258 2188 572 2258 ἑτερότητα,
599 2189 698 2243 καὶ
737 2187 952 2258 μικτὸν,
976 2190 1072 2242 καὶ
1094 2190 1152 2243 ὲν
1169 2190 1438 2264 μεταϐολῇ
1467 2193 1528 2248 τὸ
1556 2195 1688 2266 πρόσ

1877 2209 1975 2259 :ro,
2015 2202 2072 2250 et
2101 2193 2391 2264 inaequale,
2433 2201 2484 2248 et
2533 2193 2836 2255 diversum,
2879 2202 2936 2246 et
2965 2192 3213 2254 mistum,
3261 2198 3316 2246 et
3345 2194 3401 2244 in

164 2276 260 2330 υλόν
280 2294 430 2347 φασι.
464 2277 542 2332 Τὸ
571 2273 670 2332 οὖν
691 2277 751 2332 ἓν
771 2279 800 2331 6
818 2276 950 2343 Θεὸς
976 2279 1133 2333 νοοῖτ’
1158 2280 1246 2337 ἀν.

1874 2286 2126 2342 ιιιειίοιιθ
2179 2285 2462 2340 materiale
2514 2283 2727 2339 dicunt.
2780 2282 2960 2338 Unum
3018 2283 3206 2354 igitur,
3255 2281 3398 2337 Deus

1821 2376 2176 2448 intelligatur.

218 2454 528 2521 Θιασώτας.
556 2455 782 2523 Θωσος
805 2455 905 2526 μὲν
925 2457 1127 2528 κυρίως
1148 2461 1176 2514 6
1211 2461 1367 2532 χορός
1387 2479 1400 2492 ο
1431 2463 1724 2533 θιασώτας

1890 2467 2107 2524 Divinos
2141 2468 2228 2523 sui
2275 2475 2564 2530 consortes,
2594 2465 2691 2523 Gr.
2716 2464 3014 2528 θιασώτας.
3047 2463 3246 2527 Θίασος
3275 2477 3401 2532 pro-

162 2542 205 2595 δὲ
229 2545 454 2600 ἐνταῦθα
482 2548 618 2610 τοὺς
649 2541 780 2618 περὶ
805 2546 874 2602 τά
901 2548 1022 2603 Θεία
1043 2550 1544 2624 ἀναστρεφομένους
1565 2562 1686 2628 φησι

1873 2560 1937 2616 rie
1970 2559 2191 2629 quidem
2213 2558 2451 2624 chorus;
2483 2555 2752 2621 θιασώτας
2785 2563 2988 2622 autem,
3019 2556 3124 2612 hoc
3164 2557 3219 2610 in
3255 2557 3397 2616 loco,

161 2635 510 2692 Διειδέστατα
556 2638 657 2710 μὲν
703 2638 966 2710 λαμπρὰ,
1024 2641 1216 2713 διαυγῆ
1242 2661 1256 2673 ·
1307 2644 1615 2716 ἀκηλίδωτα
1662 2650 1685 2702 δ

1877 2669 1912 2709 με
1950 2654 2044 2723 qui
2083 2653 2233 2708 circa
2279 2651 2463 2706 divina
2511 2658 2800 2705 versantur
2846 2646 2999 2702 dicit.
3055 2647 3401 2700 Διειόέστατα

161 2727 431 2799 ἀρρύπωτα
453 2730 524 2785 ³⁸.
759 2746 762 2748 ⁷

1876 2744 2033 2800 tidem
2080 2741 2386 2814 splendida,
2428 2739 2722 2813 pellucida,
2771 2738 3081 2811 ἀκηλίδωτα
3111 2753 3262 2802 vero,
3289 2754 3400 2792 nou

225 2910 593 2981 Ἐνεργῆσαι.
631 2911 818 2968 Ταῦτα
868 2916 1071 2986 νομίζω
1119 2916 1330 2990 δηλοῦν,
1367 2920 1449 2974 δτι
1499 2922 1560 2974 οὐ
1609 2924 1714 2995 χρή

1881 2833 2130 2996 Eme.
2154 2924 2280 2980 Haec
2300 2924 2538 2979 arbitror
2557 2923 2858 2988 declarare,
2881 2921 3030 2992 quod
3053 2935 3162 2975 non
3185 2926 3400 2988 oportet

160 3018 258 3056 τινα
281 3003 386 3057 τῶν
419 3007 478 3058 ὲν
518 3005 784 3077 ἱερατικῷ
817 3005 1012 3078 βαθμῷ
1041 3009 1492 3082 καταλεγομένων
1534 3015 1682 3084 μείςό

1869 3017 2049 3088 iquem
2101 3016 2160 3072 in
2210 3029 2370 3071 sacro
2414 3013 2588 3084 gradu
2647 3012 3130 3067 adnumeratorum
3189 3005 3393 3076 aliquid

162 3110 200 3146 τι
230 3095 321 3166 τῆς
352 3095 562 3161 οἰκείας
599 3096 811 3162 τάξεως
835 3099 1008 3152 ποιεῖν
1030 3115 1044 3129 ’
1072 3099 1208 3153 ἀλλά
1241 3101 1303 3154 τὸ
1339 3103 1624 3158 ἐπιϐάλλον
1646 3111 1686 3158 r7

1875 3121 1979 3178 ιρι-α
2009 3105 2292 3176 proprium
2321 3103 2569 3159 ordinem
2597 3100 2810 3169 facere;
2845 3101 2940 3156 sed
2992 3107 3207 3154 tantum
3254 3097 3399 3167 quod

160 3186 308 3256 οἰκείᾳ
353 3186 478 3260 ἀξίᾳ⁵
531 3188 694 3260 μόνον
744 3189 987 3261 ἐνεργεῖν
1036 3190 1130 3244 καὶ
1173 3193 1525 3265 παραδιδόναι
1570 3195 1684 3252 διδά

1876 3199 2048 3272 ὀιιτίαι
2074 3197 2343 3253 incumbit
2361 3194 2613 3266 dignitati
2640 3193 2874 3261 edicere,
2893 3201 2948 3248 et
2976 3191 3263 3246 docentem
3289 3200 3400 3242 tra-

162 3291 366 3342 σκοντα,
402 3280 476 3351 μὴ
524 3280 634 3352 μὴν
683 3281 982 3352 ἐπιχειρεῖν
1011 3284 1091 3347 είς
1125 3283 1194 3337 τὰ
1221 3285 1360 3357 ὑπὲρ
1399 3287 1499 3360 τὴν
1526 3289 1679 3355 ἀξίαν

1876 3307 1972 3359 :re;
1993 3306 2104 3346 non
2125 3304 2256 3345 vero
2286 3302 2506 3342 manum
2537 3284 2828 3340 admovere
2856 3284 2926 3339 iis
2959 3283 3059 3354 13
3088 3296 3209 3352 quae
3231 3279 3400 3350 digni-

161 3362 273 3431 οἷον,
313 3371 436 3434 τοὺς
486 3371 898 3444 πρεσϐυτέρους
943 3373 1235 3442 διδάσκειν,
1287 3378 1382 3430 καὶ
1426 3379 1487 3432 τὸ
1543 3379 1684 3452 δῶρο

1876 3390 1983 3438 tem
2009 3388 2271 3451 superant
2303 3378 2464 3434 sicuti
2499 3376 2845 3448 presbyteros
2876 3374 3095 3438 docere,
3121 3381 3176 3428 et
3197 3371 3400 3425 donum

163 3461 544 3534 προσκομίζειν,
574 3465 638 3517 οὐ
679 3464 789 3536 μὴν
828 3467 922 3520 καὶ
952 3472 1302 3538 χειροτονεῖνο
1336 3470 1616 3536 διακόνους
1643 3472 1687 3526 δι

1876 3473 2032 3538 ferre,
2073 3487 2184 3528 non
2219 3479 2401 3525 autem
2433 3469 2713 3524 ordinare.
2742 3465 3012 3521 Diaconos
3047 3465 3262 3524 docere,
3291 3477 3400 3514 non

162 3549 372 3620 δάσκειν,
422 3556 483 3608 οὐ
540 3555 649 3628 μὴν
695 3558 791 3610 καὶ
847 3557 1160 3629 βαπτίζειν*
1223 3562 1285 3615 οὐ
1334 3563 1442 3634 γάρ
1485 3563 1686 3618 δὼσουσ

1873 3572 1998 3620 Item
2024 3564 2186 3620 etiam
2227 3561 2528 3632 baptizare.
2561 3557 2682 3613 Non
2713 3557 2860 3613 enim
2892 3555 3098 3610 dabunt
3135 3552 3397 3624 Spiritum

163 3641 359 3714 Πνεῦμα
387 3646 565 3716 ἆγιον,
600 3647 679 3712 ὠς
712 3648 832 3702 οὐδὲ
853 3650 882 3703 6
926 3649 1190 3716 Φίλιππος
1232 3654 1291 3706 ὲν
1327 3657 1449 3718 ταῖς
1477 3654 1687 3727 Πράξεο

1877 3666 2091 3724 notum,
2129 3657 2272 3712 sicut
2309 3669 2490 3725 neque
2526 3651 2808 3722 Philippus
2853 3650 3140 3711 diaconus,
3167 3647 3222 3700 in
3253 3642 3401 3697 Actis

163 3731 254 3784 τῶν
279 3730 438 3803 ἀγίὼν
467 3739 810 3806 ἀποστόλων,
841 3743 869 3795 6
895 3741 1141 3806 διάκονος
1160 3759 1173 3773 '
1215 3743 1356 3798 ἀλλά
1381 3747 1516 3817 μήτε
1547 3765 1687 3819 προσ

1873 3759 2132 3804 motorum
2178 3745 2554 3816 apostolorum
2601 3761 2614 3796 :
2661 3729 2758 3796 sed
2814 3753 2928 3793 non
2966 3737 3135 3792 etiam
3180 3731 3397 3794 oﬂerre,

163 3824 350 3895 φέρειν·
397 3832 491 3885 καὶ
539 3831 718 3896 οὕτως
765 3831 987 3904 ὲφεξῆςν
1048 3833 1184 3888 άλλά
1228 3838 1323 3891 καὶ
1371 3839 1497 3903 τοὺς
1527 3839 1682 3894 τελου

1904 3837 1980 3892 ita
2029 3837 2318 3905 deinceps,
2362 3833 2460 3889 sed
2496 3839 2550 3887 et
2595 3829 2866 3901 perfectos
2894 3833 3035 3896 'quae
3075 3825 3235 3881 ollicii
3279 3831 3399 3877 tan-

168 3919 332 3987 μένους
369 3922 437 3977 τά
487 3924 807 3996 καθήκοντα
852 3925 1011 4005 μόνον
1060 3927 1344 3996 πράσσειν,
1386 3929 1474 3984 ἴνα
1517 3931 1692 3999 φυλάτ·

1875 3944 1933 3982 ω
1969 3934 2098 3984 sunt
2139 3925 2353 3989 facere,
2397 3930 2455 3978 ut
2488 3921 2833 3978 custodiatur
2867 3919 3008 3974 bene
3043 3916 3178 3970 illud
3222 3913 3399 3970 sancti

164 4027 282 4066 τοιτο
307 4015 484 4080 καλῶς
511 4015 575 4069 τὸ
617 4016 769 4088 παρὰ
797 4017 876 4088 τῷ
903 4017 1030 4089 θείῳ
1059 4018 1279 4091 Παύλῳο
1316 4022 1614 4090 Ἕκαστος
1649 4025 1688 4078 ἐ]

1877 4019 1972 4074 Iuli
2003 4037 2019 4074 :
2054 4017 2420 4089 Unusquisque
2465 4014 2520 4067 in
2567 4028 2668 4082 quo
2700 4018 2913 4064 vocatus
2954 4016 3034 4063 est
3075 4005 3244 4078 gradu
3283 4021 3401 4057 ma-

166 4100 204 4164 ᾦ
223 4104 430 4177 ἐκλήθη
463 4108 664 4179 βαθμῷ
691 4107 938 4176 μενέτω.
1818 4119 1940 4166 neat
1963 4123 2014 4166 ει.

223 4199 622 4269 Ίὶιεταρχίας.
650 4201 909 4254 Τουτέστι
938 4199 1291 4267 τελειώσεως.

1891 4198 2257 4257 Ordinationis
2294 4196 2572 4266 principii,
2603 4192 2699 4249 Gr.
2733 4191 3113 4264 τελεταρχίας,
3161 4189 3266 4244 hoc
3317 4195 3401 4244 est

1822 4291 2198 4364 perfectionis.

225 4378 439 4443 Τάξεσι.
477 4378 640 4433 Κατά
669 4379 730 4432 τὸ
759 4380 1012 4452 διάφορον
1043 4381 1154 4452 γὰρ
1184 4383 1279 4436 καὶ
1312 4382 1720 4456 ὑπεραναϐεὸη-

1895 4384 2203 4442 Ordinibus.
2239 4381 2552 4437 Secundum
2583 4376 2944 4434 differentiam
2975 4373 3145 4436 enim,
3182 4381 3237 4428 et
3265 4371 3402 4425 emi—

170 4466 243 4531 κδς
265 4471 364 4525 τῶν
388 4471 626 4536 τάξεων,
659 4472 752 4525 καὶ
781 4472 842 4525 τὸ
870 4472 1291 4544 ἐπιστημονικὸν
1321 4469 1460 4528 εἶναι
1487 4474 1586 4529 δεῖ.

1879 4477 2062 4532 :ntiam
2109 4474 2362 4530 ordinum
2402 4472 2566 4528 etiam
2611 4469 2820 4526 sciendi
2869 4466 3179 4520 facultatem
3221 4463 3403 4517 inesse

221 4651 694 4721 Κεκληροψένων
733 4654 773 4721 ἡ
820 4653 1147 4720 τελείωσις.
1197 4655 1514 4726 Σημείωσαι
1559 4655 1642 4718 τίς
1683 4659 1717 4727 ἡ

1879 4577 2060 4625 )ortct.

1893 4659 2227 4730 Eorum,qui
2270 4657 2505 4712 ordinem
2536 4651 2712 4707 sortiti
2758 4657 2901 4714 sunt,
2950 4645 3221 4717 perfectio.
3264 4642 3403 4696 Nota

168 4737 252 4791 τῶν
285 4742 551 4812 ἱεραρχῶν
582 4741 875 4805 τελείωσις,
909 4743 1002 4796 καὶ
1033 4743 1149 4806 πῶς
1177 4743 1310 4797 Θεοῦ
1333 4747 1438 4798 etot
1475 4761 1692 4816 συνεργι

1884 4769 1947 4808 Ia:
1981 4753 2052 4809 sit
2099 4752 2484 4822 episcoporum
2529 4742 2830 4815 perfectio,
2882 4747 2937 4794 et
2987 4736 3263 4808 quomodo
3309 4733 3402 4788 Dei

167 4829 282 4882 κατά
307 4832 394 4885 τὸν
425 4832 572 4886 Θεῖον
596 4833 939 4887 Ἀπόστολον.

1825 4845 1937 4898 sint.
1963 4851 2350 4911 cooperatores
2383 4835 2683 4892 secundum
2710 4831 2954 4884 divinum
2993 4827 3241 4880 Paulum.

225 4923 331 4989 Τὴν
357 4925 525 4978 θείαν
561 4924 880 4994 ἐνέργειαν.
911 4924 1168 4976 Τουτέστι
1196 4925 1266 4978 τὰ
1299 4926 1392 4979 τοῦ
1421 4926 1555 4979 Θεοῦ
1590 4927 1726 4999 ἔργα

1898 4933 2145 4987 Dirinam
2169 4931 2546 5000 operationem.
2585 4925 2700 4979 Hoc
2729 4931 2812 4978 est
2841 4921 3020 4990 ipsum
3065 4931 3281 4988 quoque
3308 4912 3401 4967 Dei

166 5013 241 5065 καὶ
269 5015 423 5069 αὐτὸν
454 5015 853 5088 ἐργαζόμενον,
887 5017 1192 5085 σοφίζοντα,
1238 5019 1546 5072 τελειοῦντα
1565 5059 1580 5082 ,
1635 5037 1690 5072 κο

1878 5040 1992 5093 pera
2024 5032 2359 5094 operantem,
2392 5021 2699 5084 docentem,
2730 5011 3120 5084 perficientem,
3152 5016 3205 5064 et
3249 5004 3402 5070 simi-

166 5104 224 5157 τά
248 5106 419 5177 ὅμοια,
447 5111 530 5172 εἰς
561 5109 686 5172 τοὺς
735 5107 1278 5179 παιδαγωγουμένους
1331 5111 1472 5165 κατά
1497 5111 1690 5182 δύναμι

1683 5128 1725 5165 ιν
1822 5115 1898 5170 lia
1927 5116 1984 5169 in
2021 5115 2090 5171 iis
2112 5113 2206 5184 qui
2235 5113 2501 5166 docentur
2531 5123 2630 5178 pro
2658 5104 2867 5161 viribus
2899 5100 3207 5155 facientem.

166 5195 528 5270 ἐργαζόμενον.

224 5290 452 5360 Ἐπειδὴ
492 5291 683 5356 τάξις.
722 5291 1034 5363 Σημείωσαι
1079 5293 1180 5364 τὴν
1212 5293 1366 5359 τάξιν
1397 5295 1488 5347 καὶ
1527 5294 1588 5348 τὸ
1627 5295 1726 5366 τῆς

1899 5295 2032 5349 Cum
2061 5291 2212 5347 ordo.
2241 5290 2383 5345 Nota
2409 5289 2656 5359 ordinem
2687 5293 2743 5342 et
2767 5283 3090 5340 hierarchiaa
3114 5275 3400 5348 perfectio-

167 5378 425 5452 ἱεραρχίας
470 5383 838 5453 ἀποτέλεσμα,
868 5384 962 5436 καὶ
1002 5383 1084 5436 ὃτι
1127 5385 1253 5448 τοὺς
1295 5386 1617 5456 προσιόντας
1647 5387 1691 5440 δε

1875 5403 1986 5451 em,
2043 5394 2098 5442 et
2144 5384 2290 5456 quod
2339 5382 2661 5438 accedentes
2707 5385 2921 5449 oportet
2963 5376 3137 5446 primo
3181 5372 3399 5443 purgari

169 5471 362 5542 πρῶτον
393 5472 753 5544 καθαίρεσθαι
793 5476 860 5544 τῇ
891 5474 1205 5548 διδασκαλίᾳ
1245 5476 1354 5530 τῶν
1387 5477 1693 5549 διαιρετικῶ

1888 5480 2082 5535 ictrina
2135 5492 2326 5535 earum
2389 5489 2512 5546 qua:
2575 5471 2878 5530 dissolvere
2923 5473 3130 5538 queant
3189 5464 3412 5537 peccati

225 5622 248 5650 ι
271 5609 288 5663 1
313 5611 439 5668 Cor.
469 5626 574 5676 vn,
596 5610 690 5668 Ἡ.

1129 5743 1363 5802 VARUE
1392 5741 1776 5800 LECTIONES
1813 5744 1901 5801 ET
1937 5742 2486 5802 CORRECTIONES.
2795 5787 2819 5819 ρ

262 5883 305 5916 ⁸³
333 5881 717 5940 τελειοποιοῦν.
810 5885 856 5918 ³⁸
888 5883 1127 5958 appono.
