3860 6544
380 403 442 457 5i
1223 401 1570 460 APPENDIX
1605 403 1698 458 AI)
1727 403 1955 461 OPERA
1990 407 2048 462 S.
2083 402 2384 461 DIONYSII
2414 397 2901 457 AREOPAGITE.
3183 391 3188 396 ’
3571 393 3648 451 52

379 519 821 587 eomntistioncs';
849 520 1048 578 deinde
1092 521 1358 578 illustrari
1396 538 1493 594 per
1519 522 1888 594 cognitionem
1930 537 1961 576 a

2108 523 2166 594 ἧς
2195 519 2467 594 ἁμαρτίας
2496 517 2886 591 συμφύρσεωνσ
2913 509 3034 568 εἶτα
3063 506 3393 583 φωτίζεσθαι
3413 507 3482 578 τῇ
3510 503 3651 574 γνὼ-

381 610 494 667 Deo
523 612 914 683 inspiratarum
944 611 1353 683 Scripturarum
1398 615 1454 669 in
1482 613 1718 670 decretis
1763 613 1830 670 de
1868 613 1962 672 Dei

2108 632 2150 668 ει
2181 613 2290 668 τῶν
2337 610 2715 666 θεοπνεύστων
2759 605 2990 681 Γραφῶν
3026 602 3096 658 τά
3156 601 3288 674 περὶ
3323 597 3652 670 θεογνωσίας

380 705 722 776 cognitione.
746 715 802 760 et
829 715 941 760 tum
962 705 1157 776 perﬁci
1185 706 1620 763 resenerationis
1649 706 1889 762 lavacro.

2065 707 2329 777 δόγματα,
2361 703 2457 757 κα)⁸
2476 702 2597 756 τότε
2629 698 2966 754 τελειοῦσθαι
2997 697 3076 769 τῷ
3103 695 3202 767 τῆς
3233 689 3654 763 παλιγγενεσίας

1988 818 1990 820 '
2066 797 2293 869 λουτρῷ.

482 881 598 938 Hos
645 880 856 954 quidem
906 883 1195 940 illustrari.
1258 883 1401 940 Nota
1461 882 1608 956 quod
1669 882 1966 939 illustratio

381 974 657 1048 pmedat
682 975 1036 1046 baptismum.

938 1091 1133 1148 Diuina
1161 1091 1387 1148 beatitas

2106 912 2113 918 ·
2142 889 2291 956 Τοὺς
2324 887 2442 958 μὲν
2473 884 2837 958 φωτίζεσθαι.
2887 880 3225 954 Σημείωσαι,
3259 875 3348 933 δτι
3385 875 3451 931 τὸ
3481 873 3654 948 φώτι-

2069 1000 2184 1054 σμα
2217 981 2331 1054 πρὸ
2357 979 2451 1036 τοῦ
2487 974 2859 1051 βαπτίσματός
2889 975 3060 1028 ἐστιν.

2551 1093 2613 1150 Ἡ
2640 1090 2773 1148 θεία·
2789 1088 3157 1160 μακαριότης

499 1217 693 1281 purgat
716 1250 734 1276 ,
951 1246 967 1262 .
1061 1208 1324 1276 illustrat,
1595 1208 1824 1278 perﬁcit,

2108 1212 2381 1280 καθαίρει,
2709 1201 2967 1275 φωτίζει,
3354 1198 3569 1254 τελειοῖ
3582 1240 3600 1268 ,

382 1301 592 1358 docens
633 1309 892 1376 mentem,
952 1316 1174 1357 sursum
1202 1301 1444 1367 ducens,
1510 1295 1681 1356 Deum
1707 1299 1968 1356 elliciens.

2108 1303 2400 1358 ιδάσκουσα
2687 1295 2889 1366 ἀνάγου
2897 1311 2990 1361 σα,
3311 1289 3659 1346 θεοποιοῦσα.

953 1415 1148 1469 Divina
1187 1413 1418 1469 beatitas
1775 1447 1778 1450 ~

2551 1409 2624 1467 Ἡ
2648 1409 2778 1464 θεία
2797 1408 3164 1480 μακαριότης

504 1509 777 1580 purgatio,
1013 1506 1332 1570 illustratio,
1590 1502 1865 1574 perfectio.

2195 1506 2503 1576 κάθαρσις,
2697 1501 3024 1573 φωτισμὸς,
3211 1499 3544 1564 τελείωσις.

899 1599 1108 1654 Divina:
1147 1597 1415 1653 beatitatis

2465 1595 2582 1667 Τῆς
2609 1595 2772 1662 θείας
2812 1595 3248 1664 μακαριότητος

385 1711 674 1837 Ιιὲεναᾶείιιε
695 1715 806 1784 qui-
1014 1712 1300 1768 hierarcltis
1329 1719 1506 1767 autem
1533 1710 1752 1781 subjecti

563 1800 676 1837 em.

2109 1714 2130 1768 ί
2149 1710 2268 1782 μὲν
2293 1709 2482 1780 ιεράρ-
2763 1711 2818 1764 ot
2847 1708 2917 1764 δὲ
2953 1708 3418 1779 ιεραρχούμενοι,

2215 1799 2334 1837 και.

563 1800 676 1850 em,
1353 1847 1373 1868 .

2211 1799 2334 1851 και.

383 1891 398 1899 ’
440 1907 701 1972 purgant,
856 1899 912 1954 bi
938 1899 1159 1970 quidem
1269 1897 1361 1954 isti
1389 1898 1608 1954 veroil-
1684 1897 1760 1952 illi
1786 1903 1965 1951 autem

2137 1897 2488 1972 καθαίρουσι,
2575 1896 2626 1952 oi
2658 1894 2758 1968 μὲν
2781 1912 2880 1950 κα-
2949 1895 3000 1948 οί
3035 1893 3093 1948 δὲ
3123 1891 3283 1965 φωτί-
3349 1891 3401 1946 οί
3459 1889 3521 1945 δὲ
3577 1891 3670 1944 τε-

447 1993 726 2048 illustrant
749 2032 766 2058 ,

445 2083 733 2155 perﬁciunt
766 2102 780 2139 :
1694 2092 1805 2140 tur.

459 2176 635 2242 Νοός.
686 2175 868 2230 Ionica
922 2191 1059 2230 usus
1090 2183 1176 2232 est
1215 2174 1454 2232 dialecto
1480 2177 1510 2230 ὁ
1536 2175 1680 2239 νοῦς,
1720 2173 1814 2227 τοῦ
1841 2172 1982 2237 νοὺς,

390 2267 442 2320 oi
469 2267 606 2330 νόες.
649 2265 845 2322 Dicunt
877 2267 1031 2322 enim
1055 2268 1244 2334 Attici,
1283 2270 1312 2322 ό
1339 2266 1484 2333 νοῦς,
1512 2267 1610 2320 τοῦ
1632 2265 1745 2332 νοῦ,
1777 2271 1832 2321 et
1859 2265 1984 2335 plu-

398 2357 592 2414 raliter
617 2360 668 2412 οί
696 2361 797 2422 νοῖ,
827 2359 936 2413 τῶν
965 2359 1093 2424 νῶν,
1127 2368 1182 2416 et
1216 2361 1373 2414 νοισί.

858 2000 1191 2064 purgantur;
1279 1991 1617 2059 lustrantur;
1690 1989 1984 2062 perﬁciun-

465 2449 608 2520 §Ill.
640 2449 746 2523 14
765 2449 1107 2522 Ετρὶαιονοε.
1138 2451 1250 2507 Hoc
1278 2453 1402 2507 loco
1430 2453 1504 2508 de
1531 2451 1673 2522 ipsis
1701 2449 1980 2522 episcopis

393 2544 540 2614 agit;
572 2545 627 2597 in
659 2543 1097 2614 pmcedeutibus
1124 2543 1194 2601 de
1232 2544 1303 2600 iis
1332 2545 1426 2615 qui
1461 2545 1734 2614 episcopis
1778 2543 1984 2598 subditi

394 2642 526 2690 sunt
556 2634 810 2704 locutus;
865 2635 1156 2692 declarans
1201 2641 1257 2688 et
1307 2635 1550 2699 ordines,
1593 2644 1649 2689 et
1714 2627 1990 2700 quomodo

393 2728 692 2795 expiatores
724 2727 946 2797 quidem
977 2726 1266 2783 inferiores
1297 2725 1430 2789 sint,
1463 2726 1607 2782 sicut
1651 2724 1694 2778 ii.
1734 2723 1830 2795 qui
1865 2723 1983 2778 dia-

395 2816 555 2872 bolos
615 2815 1061 2887 adjurationibus
1107 2815 1368 2888 ejiciunt};
1414 2814 1757 2870 illuminativt
1801 2819 1982 2868 autem

397 2908 714 2978 superiores
736 2907 986 2964 doctrina
1009 2909 1142 2974 sint,
1167 2908 1312 2964 sicut
1333 2904 1641 2979 presbyteri
1657 2913 1712 2961 et
1734 2903 1998 2960 diaconi;

396 3001 670 3072 perfectivi
707 3007 890 3056 autem
923 3001 1035 3058 sint
1051 2987 1105 3055 ‘ii
1134 3001 1226 3072 qui
1267 3016 1364 3072 per
1391 2999 1725 3078 baptismum
1757 2997 1985 3066 implent

400 3093 611 3164 Spiritu
644 3103 859 3158 saneto,
891 3093 1354 3164 quemadmodum
1385 3091 1654 3168 episcopi.
1699 3089 1843 3144 Dicit
1885 3104 1986 3144 au-

402 3196 512 3242 lem
540 3187 734 3242 eadem
764 3186 905 3242 infra
932 3187 1075 3242 libro
1102 3186 1183 3240 De
1209 3185 1507 3240 hierarchia
1530 3184 1912 3239 ecclesiastica.

481 3276 822 3334 Naturaliter
847 3289 898 3334 at
926 3279 1403 3348 supernaturaliter
1439 3279 1642 3332 insunt.
1687 3275 1844 3342 Quod
1889 3288 1991 3328 na-

403 3371 658 3426 turaliter
687 3379 742 3426 et
770 3372 1267 3442 supernaturaliter
1295 3371 1468 3426 insint
1494 3385 1616 3440 qua:
1659 3368 1727 3422 ad
1757 3368 1990 3423 salutem

404 3447 684 3520 illustrare
731 3464 965 3534 possint.
1025 3463 1261 3518 Pulchre
1309 3471 1491 3517 autem
1529 3460 1778 3515 ordinem
1822 3473 1995 3514 sacra:

407 3557 750 3625 operationis
778 3556 1169 3612 ecclesiasticae
1214 3555 1546 3627 explanavit,
1594 3561 1654 3608 ut
1694 3553 1874 3624 primo
1899 3552 1994 3622 qui

408 3646 478 3701 ad
509 3645 754 3700 divinum
797 3647 1070 3718 baptisma
1113 3648 1384 3703 accedunt
1427 3646 1642 3717 purgati
1686 3645 1997 3701 valedicant

407 3738 652 3807 mundo;
685 3751 876 3810 postea
913 3741 1165 3796 doctrina
1204 3741 1572 3804 illustrentur,
1615 3738 1998 3794 sacerdotibus

409 3831 479 3886 ad
511 3832 616 3888 hoc
644 3833 948 3902 institutis;
978 3834 1118 3889 tales
1165 3843 1347 3889 autem
1402 3831 1742 3904 purgativos,
1801 3831 1998 3902 dignos

409 3941 534 3981 esse
562 3927 655 3997 qui
699 3927 823 3982 aliis
861 3927 1204 3982 sanctitatem
1249 3928 1677 3988 communicent,
1721 3932 1884 3996 atque
1925 3925 1998 3978 ita

411 4019 601 4086 postea
659 4018 951 4090 episcopos
1006 4019 1318 4089 baptizare;
1367 4019 1516 4089 ipsos
1565 4019 1712 4074 enim
1762 4016 2002 4087 appellat

411 4110 744 4178 perfectivos.
799 4109 958 4165 Hunc
1012 4122 1194 4166 autem
1243 4111 1492 4166 ordinem
1559 4109 1840 4166 custodire
1905 4122 2001 4162 ne-

412 4215 570 4255 cesse
598 4209 702 4256 est.

1017 4293 1083 4348 IN
1123 4293 1278 4351 CAP.
1308 4292 1374 4348 IV

491 4385 520 4458 §
558 4385 601 4443 I.
641 4385 726 4440 Ad
767 4389 1204 4444 caminunionem.
1273 4387 1408 4443 Nota
1460 4385 1728 4441 rationem
1783 4391 2006 4455 prapter

417 4495 584 4549 quam
615 4479 759 4535 Deus
789 4485 972 4536 omnia
1006 4481 1286 4552 produxit,
1317 4490 1376 4535 ut
1398 4479 1700 4551 unicuique
1723 4493 1849 4532 cum
1877 4492 2006 4547 pro-

2155 1991 2470 2062 φωτίζουσι,
2587 1988 2886 2061 θαίρθνται,
2961 1985 3165 2054 ζονται,
3348 1982 3642 2038 λειοῦνται.

2151 2083 2439 2139 τελειοῦσιο

2152 2179 2326 2246 Νοός.
2353 2175 2610 2242 Ἰωνικῶς
2638 2177 2908 2250 ἐχρήσατο
2924 2177 2953 2230 ό
2977 2173 3123 2239 νοῦς,
3150 2173 3244 2228 τοῦ
3271 2172 3410 2237 νοὸς,
3433 2171 3485 2225 oi
3512 2168 3632 2233 νόες
3651 2183 3672 2201 ·

2083 2267 2218 2338 φασὶ
2250 2267 2360 2340 γὰρ
2384 2268 2434 2320 οἱ
2511 2267 2778 2333 Ἀττικοὶ,
2815 2269 2845 2321 ό
2877 2267 3020 2333 νοῦς,
3054 2264 3149 2320 τοῦ
3179 2263 3283 2335 νοῦο
3308 2262 3404 2317 καὶ
3435 2259 3677 2333 πληθυν-

2082 2361 2251 2425 τικῶς
2271 2363 2319 2415 oi
2351 2363 2452 2425 νοῖ,
2481 2361 2591 2414 τῶν
2623 2361 2729 2416 νῶν
2747 2401 2762 2425 ,
2796 2362 2890 2416 καὶ
2917 2359 3080 2417 νοισί.

2155 2452 2183 2525 §
2221 2454 2314 2508 III.
2354 2455 2776 2522 Καθαρτικούς.
2812 2451 3077 2506 Ἐνταῦθα
3109 2451 3237 2522 περὶ
3267 2449 3376 2503 τῶν
3401 2446 3676 2520 ίεραρχῶν

2084 2545 2264 2600 αὐτῶν
2293 2564 2448 2617 φησι,
2480 2545 2552 2599 τὰ
2582 2545 2688 2617 πρὸ
2736 2545 2941 2598 τούτων
2985 2543 3112 2615 περὶ
3156 2541 3265 2596 τῶν
3311 2536 3675 2612 ίεραρχουμέ-

2085 2655 2190 2693 νων
2218 2637 2408 2702 είπὼν,
2444 2636 2769 2710 παραδηλῶν
2797 2637 2893 2690 καὶ
2923 2635 3024 2700 τὰς
3068 2633 3251 2700 τάξεις
3275 2650 3288 2665 ·
3321 2633 3416 2686 καὶ
3449 2632 3601 2694 ὅπως
3621 2631 3678 2683 οι

2089 2731 2186 2802 μὲν
2231 2730 2574 2799 καθαρτικοὶ
2623 2728 3059 2801 ὑποϐεϐήκασιν,
3105 2727 3182 2790 ὡς
3235 2727 3284 2780 οί
3351 2721 3678 2795 ὲπορκισταὶ

2083 2823 2237 2887 ὄντες
2257 2841 2270 2854 ο
2306 2827 2362 2877 ot
2382 2823 2440 2876 δὲ
2468 2821 2811 2893 spreturum!
2846 2821 3287 2893 ὲπαναϐεϐήκασι
3320 2821 3386 2890 τῇ
3419 2817 3678 2871 διδασκα-

2085 2915 2198 2989 λίᾳ,
2233 2912 2344 2970 οἷον
2372 2917 2422 2970 oi
2454 2914 2816 2988 πρεσϐύτεροι
2842 2914 2938 2968 καὶ
2969 2916 3017 2968 οἱ
3039 2913 3276 2966 διάκονοι
3298 2926 3312 2941 ο
3348 2913 3402 2964 ot
3429 2910 3488 2964 δὲ
3511 2911 3680 2962 τελε-

2085 3009 2376 3078 σιουργοὶ,
2409 3009 2459 3062 οἱ
2487 3007 2565 3080 τῷ
2597 3007 2932 3079 βαπτίσματι
2973 3006 3292 3077 ΙΙνεύματος
3343 2999 3682 3073 πληροῦντες

2087 3099 2265 3168 ἁγίου,
2301 3101 2378 3163 ὼς
2403 3103 2452 3154 oi
2485 3101 2792 3154 ἐπίσκοποι.
2829 3099 2993 3168 Λέγει
3023 3099 3081 3152 δὲ
3105 3097 3276 3151 ταῦτα
3307 3095 3402 3149 καὶ
3434 3093 3588 3147 κάτω
3621 3093 3681 3144 ἐν

2090 3192 2170 3264 τῷ
2199 3193 2336 3260 Περὶ
2364 3189 2874 3260 ἐκκλησιαστατῖς
2903 3191 3201 3260 ῑεραρχίας
3231 3187 3396 3258 λόγῳ.

2163 3283 2438 3350 Φυσικῶς
2480 3283 2579 3336 καὶ
2625 3283 2947 3353 ὑπερφυῶς
2995 3283 3228 3336 ἐνόντα.
3282 3282 3404 3335 ⁴Ὀτι
3439 3277 3685 3350 φυσικῶς

2587 1988 2886 2061 θαίρθνται,
2961 1985 3165 2054 ζονται,

2096 3375 2191 3430 καὶ
2223 3375 2516 3446 ὑπερφυῶς
2549 3373 2725 3428 ἔνεστι
2769 3373 2838 3427 τὰ
2885 3373 3025 3445 πρὸς
3048 3369 3324 3443 σωτηρίαν
3353 3367 3679 3439 φωτιστικά.

2094 3467 2294 3530 Καλῶς
2323 3465 2380 3519 δὲ
2406 3466 2505 3538 τὴν
2534 3463 2686 3530 τάξιν
2737 3465 3032 3536 διεσάφησε
3074 3463 3174 3534 τῆς
3220 3459 3686 3532 ὲκκλησιαστικῆς

2096 3559 2428 3632 ἱερουργίας,
2461 3554 2572 3612 οἷον
2605 3559 2692 3611 ῐνα
2733 3557 2948 3629 πρῶτον
2995 3559 3042 3609 οἱ
3082 3554 3398 3627 προσιόντες
3430 3551 3509 3624 τῷ
3553 3550 3686 3623 θείῳ

2099 3651 2434 3723 βαπτίσματι
2485 3649 2894 3704 ἀποτάττωνται
2939 3647 3348 3717 καθαιρόμενον
3373 3640 3492 3698 εἷτα
3520 3642 3688 3714 φωτί-

2097 3746 2294 3812 ζωνται
2315 3747 2382 3818 τῇ
2408 3743 2725 3814 διδασκαλίᾳ
2755 3742 2864 3796 τῶν
2891 3741 3275 3813 πρεσϐυτέρων
3302 3741 3382 3803 είς
3409 3737 3569 3792 τοῦτο
3596 3753 3689 3789 πε-

2098 3838 2440 3909 σιτοιημένων⁹
2479 3837 2751 3900 τοιούτους
2805 3837 2860 3890 δὲ
2903 3831 3040 3888 εἶναι
3077 3835 3205 3898 τοὺς
3252 3823 3619 3904 καθαρτικοὺς
3638 3829 3685 3861 ’⁷

2099 3929 2284 3996 ἀξίους
2315 3929 2409 3982 τοῦ
2446 3929 2764 4001 μεταδοῦναι
2803 3927 3011 3999 ἑτέροις
3057 3925 3376 3996 ἁγιότητος·
3408 3923 3504 3978 καὶ
3544 3920 3689 3975 οῦτω

2100 4020 2284 4075 λοιπὸν
2304 4022 2432 4085 τοὺς
2460 4021 2792 4084 ἐπισκόπους
2821 4018 3097 4091 βαπτίζειν
3116 4035 3129 4048 ο
3165 4019 3364 4081 αὐτοὺς
3395 4015 3508 4086 γὰρ
3537 4014 3692 4068 καλεῖ

2094 4114 2575 4181 τελεσιουργοὺς.
2612 4111 2826 4184 Ταύτην
2856 4111 2937 4166 δεῖ
2965 4104 3064 4177 τὴν
3089 4107 3242 4175 τάξιν
3271 4107 3653 4178 φυλάττεσθαι.

2544 4287 2546 4290 ’
2577 4293 2687 4346 ΕΙΣ
2725 4293 2813 4346 ΤΟ
2850 4291 3099 4346 ΚΕΦΑΔ.
3151 4287 3221 4342 A'.

2177 4387 2264 4459 §I.
2289 4385 2358 4440 Τό
2380 4384 2529 4452 πρὸς
2553 4385 2887 4438 κοινωνίαν.
2911 4384 2983 4454 Ση
2993 4382 3222 4454 μείωσαι
3241 4379 3604 4452 τδνλογισμδν
3622 4379 3692 4432 δι’

2106 4479 2164 4532 ὃν
2197 4478 2267 4531 τὰ
2297 4477 2471 4531 πάντα
2491 4477 2814 4547 παρήγαγεν
2838 4476 2866 4528 ὁ
2895 4474 3046 4537 Θεὸς,
3079 4473 3167 4526 ἴνα
3199 4473 3572 4544 κοινωνήσωσι
3592 4470 3693 4540 τῆς

419 4572 673 4642 portione
709 4572 779 4629 de
807 4587 908 4627 sua
955 4574 1208 4628 bonitate
1227 4573 1695 4636 communicaret;
1727 4571 1834 4624 hoc
1856 4568 1989 4623 enin

2111 4569 2273 4624 αὐτοῦ
2308 4568 2639 4639 ἀγαθότητος
2673 4567 2948 4636 ἀναλόγως
2972 4567 3233 4619 ἕκαστον⁹
3269 4563 3428 4618 τοῦτο
3455 4563 3565 4634 γὰρ
3601 4561 3694 4633 δη-

422 4664 718 4731 signiﬁcat,
759 4663 1064 4719 Mansiones
1095 4664 1275 4718 multa:
1325 4663 1465 4732 apud
1497 4662 1716 4716 Patrem
1746 4663 1797 4715 ι).
1828 4657 2013 4714 Unus.

423 4756 660 4826 quisque
691 4758 839 4812 enim
883 4758 1185 4813 secundum
1216 4773 1357 4828 opus
1393 4755 1675 4827 proprium
1705 4753 2009 4824 participa.

422 4845 503 4901 bit
529 4848 596 4901 de
624 4848 798 4918 ipsius
825 4850 1068 4905 bonitate
1096 4869 1110 4905 :
1139 4851 1215 4904 ita
1239 4849 1402 4904 etiam
1429 4847 1587 4908 Titus
1608 4846 1744 4902 dicit
1769 4846 1824 4900 in
1854 4845 2008 4901 libris

427 4937 630 4994 Contra
661 4939 1006 4997 Manichazos.

502 5032 712 5088 Rerum.
751 5031 946 5086 Omnia
981 5033 1084 5088 boc
1113 5034 1234 5088 loco
1263 5039 1446 5088 creata
1475 5031 1744 5088 collectim
1774 5045 1870 5102 per
1902 5047 2008 5087 uo-

426 5139 552 5178 men
581 5125 751 5178 ὄντων
777 5123 1050 5196 signiﬁcat
1079 5134 1134 5181 et
1164 5125 1526 5196 intelligibilia
1553 5133 1608 5180 et
1632 5124 1867 5180 visibilia
1890 5139 2012 5178 om-

426 5218 556 5284 nia;
587 5224 788 5272 cuucta
839 5217 986 5272 enim
1033 5216 1178 5274 Deus
1216 5234 1283 5274 ex
1329 5218 1498 5274 nihilo
1543 5217 1692 5283 fecit,
1732 5225 1794 5272 ut
1837 5218 2010 5288 ipsius

427 5305 674 5366 bonitate
709 5312 1059 5379 fruerentur;
1090 5311 1351 5367 fruuntur
1379 5320 1560 5367 autem
1589 5326 1687 5382 per
1717 5310 2013 5383 providen-

505 5490 534 5530 ιι
563 5489 725 5546 Joan.
759 5507 874 5561 11v,
906 5491 963 5548 2.

2111 4663 2199 4716 λοῖ
2217 4662 2298 4727 τὸ,
2331 4661 2522 4716 Mor-ai
2554 4658 2777 4714 πολλαὶ
2797 4658 2957 4727 παρὰ
2981 4657 3064 4723 τῷ
3090 4658 3274 4724 Harp!
3291 4673 3303 4686 ·
3332 4657 3564 4718 ἕκαστος
3584 4654 3695 4726 γὰρ

2112 4754 2253 4810 κατὰ
2273 4754 2333 4806 τὸ
2362 4753 2491 4806 (διον
2516 4752 2674 4824 ἔργον
2697 4752 3013 4822 κοινωνήσει
3035 4750 3136 4820 τῆς
3155 4747 3320 4801 αὑτοῦ
3341 4747 3688 4818 ἀγαθότητοςο

2109 4847 2253 4902 οὕτω
2285 4847 2379 4900 καὶ
2409 4846 2568 4908 Τίτος
2602 4844 2766 4916 φησιν
2798 4843 2858 4896 ὲν
2887 4844 3001 4904 τοῖς
3031 4840 3194 4896 Κατὰ
3232 4840 3580 4908 Μανικαίων
3607 4838 3696 4891 λό-

2108 4957 2244 5010 γοις.

2183 5033 2432 5084 Ὄντων.
2465 5027 2729 5083 Ἐνταῦθα
2751 5026 2926 5080 πάντα
2957 5024 3252 5096 συλλήϐδην
3269 5024 3338 5080 τὰ
3361 5024 3418 5076 ὲν
3437 5022 3698 5095 δημιουρ-

2110 5123 2205 5193 γίᾳ
2240 5121 2391 5192 δηλοῖ
2421 5120 2511 5174 διὰ
2528 5118 2622 5172 τοῦ
2644 5117 2906 5188 ὀνόματος
2934 5115 3044 5168 τῶν
3059 5109 3250 5178 ὅντων,
3285 5113 3381 5166 καὶ
3406 5113 3574 5184 νοητά
3601 5112 3697 5164 καὶ

2110 5213 2282 5286 ὁρατὰ
2329 5215 2537 5268 πάνταο
2583 5211 2800 5266 ἅπαντα
2859 5209 2969 5280 γὰρ
3015 5209 3045 5260 ό
3093 5206 3226 5270 Θεὸς
3272 5207 3337 5260 ἐκ
3405 5206 3479 5277 μὴ
3529 5205 3696 5258 ὄντων

2113 5307 2370 5378 ἐποίησεν
2403 5305 2512 5377 [διὰ
2543 5304 2702 5359 τοῦτο
2734 5304 2827 5357 καὶ
2861 5299 3046 5374 μόνον]
3070 5341 3086 5367 ,
3114 5302 3210 5358 ἵνα
3234 5298 3334 5369 τῆς
3367 5298 3531 5352 αὑτοῦ
3561 5297 3696 5365 ἀγα-

1408 5627 1643 5683 ΫΑΒΙᾹΞ
1685 5624 2070 5682 LECTIONES
2102 5623 2191 5677 ET
2225 5618 2775 5676 CORBECTIONES.

500 5748 542 5777 ³⁷
580 5745 1162 5816 ἵσως,φωτιστικούς,
1199 5747 1322 5816 quia
1368 5763 1469 5802 non
1521 5756 1599 5802 est
1633 5745 1981 5816 καθαρτικῶν

2108 5740 2134 5796 ιι
2158 5739 2500 5796 φωτιστικῶν
2545 5735 2906 5800 docerc,sicut
2938 5733 3098 5788 etiam
3127 5733 3209 5786 hic
3232 5731 3518 5796 iudicatur,
3546 5739 3706 5798 atque

440 5817 506 5871 ab
564 5818 643 5871 his
693 5815 761 5869 ad
816 5818 1085 5879 episcopos
1121 5818 1251 5874 itur.
