3860 6556
429 393 500 450 55
1257 393 1602 453 APPENDIX
1633 396 1726 453 AD
1755 397 1983 456 OPERA
2019 397 2077 456 S.
2117 399 2414 458 DIONYSII
2469 399 2957 459 AREOPAGI’I‘E.

429 503 610 580 dicat,
638 510 863 584 insuper
890 520 1072 568 autem
1117 516 1176 568 et
1217 514 1494 584 quomodo
1526 531 1625 586 per
1654 518 1878 589 angelos
1909 518 2015 573 ini-

2143 537 2257 592 χειν
2278 537 2292 549 ο
2326 519 2406 572 ἔτι
2447 520 2506 574 δὲ
2537 519 2632 576 καὶ
2660 521 2811 586 ὅπως
2845 521 2916 576 δι’
2956 517 3207 590 ἀγγέλων
3259 517 3584 590 nocenter
3609 519 3718 574 καὶ

428 607 652 670 tiemur,
685 617 740 662 et
775 604 1049 676 quomodo
1071 620 1168 677 per
1196 604 1349 678 ipsos
1389 610 1516 663 data
1543 610 1615 666 sit
1642 611 1750 676 lex,
1780 620 1836 667 et
1864 612 2010 683 quod

426 697 668 767 majores
697 707 919 752 nostros
963 707 1017 752 et
1043 699 1139 754 ens
1169 699 1266 770 qui
1306 700 1477 772 legem
1510 712 1930 772 praecesserunt,
1958 713 2014 759 et

425 805 522 844 eos
546 789 639 860 qui
659 804 777 843 eam
794 789 1075 844 subsecuti
1093 798 1244 855 sunt,
1275 791 1340 845 ad
1356 792 1695 850 divinitatem
1712 795 2009 854 deducunt.

494 880 758 946 Celebres,
789 880 883 936 Gr.
916 881 1180 949 κλεινούς.
1209 884 1516 943 Gloriosos.
1562 886 1701 942 Illud
1730 902 1894 958 porro
1925 888 2014 958 fa-

426 975 696 1037 ciendum,
731 975 875 1030 sicut
911 976 969 1031 in
1017 975 1187 1034 Josne
1229 978 1342 1034 lilio
1385 979 1552 1044 Nave,
1588 987 1644 1036 et
1679 979 1931 1036 Gedeone
1957 988 2014 1037 et

426 1067 583 1134 aliis;
619 1067 689 1121 ad
713 1078 914 1122 rectam
941 1079 1117 1125 autem
1139 1072 1304 1126 vitam
1325 1088 1356 1125 α
1387 1073 1495 1126 vita
1524 1072 1753 1142 profana
1782 1073 1925 1126 sicut
1955 1072 2011 1127 in

423 1159 680 1215 Cornelio
727 1163 1083 1230 centurione;
1134 1165 1347 1235 primus
1405 1164 1551 1220 enim
1587 1181 1653 1222 ex
1700 1165 2013 1223 inﬁdelibus

422 1253 678 1325 gentibus
726 1256 1099 1326 trauspositus
1151 1265 1236 1312 est
1273 1277 1286 1310 :
1323 1257 1534 1312 ordines
1581 1265 1764 1314 autem
1805 1276 2010 1324 sacros,

421 1345 566 1401 sicut
589 1345 645 1400 in
676 1345 899 1403 Daniele
931 1358 953 1412 ς
989 1367 1007 1402 :
1046 1348 1230 1403 Decies
1263 1350 1455 1404 millies
1487 1349 1704 1404 centena
1731 1351 1937 1416 millia;
1959 1361 2015 1408 et

422 1437 480 1493 in
501 1437 754 1495 Ezechiel
777 1440 1068 1505 cherubim,
1091 1449 1146 1497 et
1171 1443 1228 1496 in
1255 1441 1418 1507 Isaia,
1447 1442 1713 1512 seraphim
1733 1443 1836 1497 visi
1861 1451 2010 1499 sunt.

423 1529 896 1600 Supermundanas
934 1541 1110 1587 autem
1153 1534 1380 1589 visiones
1426 1534 1574 1591 sicut
1614 1535 1670 1591 in
1716 1535 1889 1592 Paulo
1945 1538 2014 1592 ad

421 1623 648 1679 tertium
686 1625 887 1680 coelum
914 1633 1072 1696 rapto
1099 1625 1150 1691 ἀ,
1178 1626 1237 1682 in
1261 1629 1592 1700 Apocalypsi
1614 1629 1727 1684 divi
1757 1629 2011 1688 Joannis.

495 1715 526 1788 ς
567 1713 655 1772 Ill.
697 1715 1035 1773 Immediate.
1095 1717 1156 1773 Id
1191 1725 1278 1775 est
1320 1719 1445 1777 sine
1488 1722 1812 1793 angelorum
1849 1723 2017 1780 mini-

419 1807 612 1865 sterio.

495 1897 680 1969 Ipsum
709 1899 871 1965 illud,
909 1901 1052 1972 quod
1087 1911 1189 1958 est.
1235 1901 1375 1960 Vide
1439 1906 1719 1978 quomodo
1780 1909 2018 1979 explicet

420 2007 729 2047 sermonem
765 1991 1059 2059 dicentem,
1104 1993 1272 2048 Deum
1313 2013 1467 2051 nemo
1513 1997 1643 2052 vidit
1693 2015 1929 2070 unquam
1967 2011 2013 2064 ε,

419 2085 569 2155 quod
591 2086 946 2142 verissimum
969 2102 1206 2156 censeo;
1233 2096 1289 2145 et
1317 2089 1504 2146 sciens
1531 2106 1658 2148 esse
1681 2093 1847 2147 verba
1872 2092 2018 2149 Scri-

420 2189 596 2250 ptura:
636 2195 760 2250 qua:
804 2179 999 2236 dicunt
1058 2180 1229 2254 Deum
1273 2182 1455 2240 visum
1506 2199 1632 2240 esse
1679 2185 2016 2254 hominibus,

418 2246 568 2328 sicut
595 2246 918 2340 in'Adamo,
944 2246 1174 2331 sicut'in
1198 2277 1455 2346 paradiso
1482 2278 1528 2344 ί,
1551 2288 1607 2333 et
1632 2280 1688 2334 in
1713 2281 2016 2346 Abraham,

418 2369 478 2424 in
506 2385 714 2441 quercu
737 2367 980 2426 Mambre
1003 2381 1061 2440 8;
1089 2379 1144 2427 et
1169 2371 1318 2443 quod
1343 2373 1402 2428 in
1436 2371 1673 2428 Sodoma
1699 2376 2019 2444 proﬁcisce-

420 2463 645 2529 bantur,
673 2471 730 2519 et
771 2462 909 2518 Mosi
944 2463 1000 2517 in
1041 2473 1250 2530 monte,
1300 2467 1405 2522 etsi
1452 2470 1761 2538 posteriora
1803 2467 2020 2521 dicatur

420 2556 628 2613 vidisse
653 2558 683 2598 ιι
713 2576 728 2612 :
758 2565 816 2614 et
843 2557 979 2612 dicit
1007 2559 1181 2627 ipsum
1207 2559 1417 2628 quidem
1463 2559 1564 2614 Dei
1605 2562 1894 2625 occultum,
1927 2576 2020 2612 ue-

419 2665 509 2704 mo
540 2651 700 2716 vidit,
724 2667 888 2721 neque
915 2649 1140 2715 videbit,
1172 2652 1318 2721 quod
1357 2662 1444 2708 est
1466 2652 1588 2722 ejus
1618 2653 1892 2717 essentia;
1924 2659 2018 2706 aut

421 2741 571 2810 quod
598 2741 768 2798 etiam
801 2742 1116 2809 sublimius,
1149 2744 1329 2799 nullus
1358 2746 1590 2816 cogitare
1624 2756 1720 2800 aut
1753 2746 2018 2815 explicare

419 2842 591 2901 potest
620 2833 701 2888 vel
731 2835 922 2902 poterit
960 2835 1090 2906 quid
1130 2836 1198 2889 sit
1230 2836 1373 2891 Deus
1401 2852 1420 2894 :
1452 2839 1502 2893 si
1529 2853 1663 2893 vero
1691 2838 1852 2894 facta
1899 2838 2020 2895 lue-

423 2923 536 2978 rint
566 2925 844 2995 aliquibus
883 2935 1205 2982 sanctorum
1251 2926 1347 2984 Dei
1391 2928 1789 3000 apparitiones,
1837 2931 2018 3001 cogita

423 3017 571 3094 quod
600 3018 984 3088 unusquisque
1024 3037 1125 3092 pro
1166 3023 1365 3077 merito
1403 3022 1639 3092 propriae
1678 3022 1803 3079 ﬁdei
1833 3024 2016 3094 aliqua

424 3109 624 3182 dignus
651 3111 874 3167 habitus
912 3113 986 3167 sit
1021 3113 1236 3168 visione
1277 3114 1383 3184 ipsi
1430 3115 1772 3171 divinitatem
1815 3132 2018 3186 repra.~

2113 613 2230 677 πῶς
2260 613 2329 667 δι’
2364 612 2544 666 αὐτῶν
2583 615 2614 667 ὁ
2637 613 2800 686 νόμος
2829 611 3008 683 ἐδόθη,
3049 613 3146 666 καὶ
3185 612 3270 666 ἆτι
3307 610 3406 666 καὶ
3434 609 3564 674 τοὺς
3599 609 3718 682 πρδ

2112 705 2278 776 νόμου
2308 705 2406 760 κά
2440 705 2579 777 μετὰ
2617 707 2780 778 νόμον
2826 705 3070 778 πατέρας
3117 703 3280 777 ἡμῶν
3308 703 3537 774 ἄγγελοι
3567 701 3714 774 πρὸ..

2113 796 2254 852 Θείον
2282 798 2500 869 ἀνῆγον.

2182 893 2494 958 Κλεινοῦς.
2521 891 2819 958 Ἐνδὸξους.
2853 892 2923 948 Τὸ
2953 893 3011 946 δὲ
3043 892 3361 962 πρακτέον,
3382 892 3461 956 ὡς
3479 889 3577 946 ἰπὶ
3600 890 3717 961 ἰη-

2115 983 2208 1038 σοῦ
2243 985 2340 1038 τοῦ
2385 985 2566 1056 Ναυῆ,
2616 986 2712 1040 καὶ
2754 984 2982 1049 Γεδεὼν,
3026 985 3124 1038 καὶ
3153 983 3368 1040 ἄλλων·
3414 981 3569 1052 πρὸς
3605 981 3716 1036 εὑ-

2113 1077 2278 1131 θεῖαν
2304 1077 2374 1131 δὲ
2400 1077 2544 1133 ὁδὸν
2556 1078 2674 1134 ἀπὸ
2689 1076 2931 1147 ἀνιέρου
2957 1077 3128 1146 Mc,
3143 1078 3222 1142 ὡς
3247 1077 3342 1130 ἐπὶ
3369 1075 3467 1130 τοῦ
3492 1075 3718 1148 Κορνη-

2112 1167 2228 1237 λίου
2248 1168 2342 1222 τοῦ
2360 1169 2776 1242 ἑκατοντάρχου*
2808 1169 3025 1238 πρῶτος
3048 1170 3161 1242 γὰρ
3183 1169 3243 1237 ἐξ
3269 1170 3516 1224 ἀπίστων
3535 1167 3716 1222 ὶθνῶν

2117 1263 2407 1336 μετετέθη’
2443 1264 2643 1331 τάξεις
2671 1264 2729 1318 δὲ
2763 1261 2943 1332 ἱερὰς,
2969 1263 3048 1328 ὡς
3072 1263 3166 1317 ἐπὶ
3190 1262 3287 1317 τοῦ
3310 1257 3542 1326 Δανιήλ·
3574 1264 3712 1316 Ηυ-

2105 1357 2232 1425 ρίαι
2253 1357 2539 1426 μιφιάὸες
2557 1374 2573 1389 °
2604 1359 2700 1412 καὶ
2723 1357 2819 1412 τοῦ
2853 1356 3135 1428 Ἰεζεκιὴλ,
3161 1356 3235 1410 τὰ
3261 1355 3547 1426 χερουόιμ
3567 1370 3583 1386 ·
3612 1354 3716 1408 καὶ

2113 1449 2209 1502 τοῦ
2247 1449 2491 1516 Ἡσαΐου,
2515 1449 2584 1504 τά
2605 1450 2864 1520 σεριιςοὶμ
2885 1449 3165 1520 ὤφθησαν.
3194 1447 3645 1517 ’Υποκοσμιους
3663 1446 3713 1488 ’⁸

2113 1539 2183 1593 δὲ
2198 1540 2458 1609 ὁράσεις,
2473 1541 2550 1605 ὡς
2568 1543 2662 1595 ἐπὶ
2679 1541 2774 1595 τοῦ
2798 1541 3011 1595 Παύλου
3035 1542 3377 1613 άρπαγέντος
3397 1540 3505 1602 ἕως
3520 1537 3716 1610 τρίτου

2115 1634 2363 1706 οὐρανοῦ·
2390 1635 2486 1688 καὶ
2503 1635 2596 1688 ἐπὶ
2606 1633 2707 1704 τῆς
2718 1633 2815 1687 τοῦ
2828 1634 2974 1687 θείου
2985 1633 3234 1687 Ἰωάννου
3267 1628 3716 1699 ’Δποκαλύψεωᾳ

2189 1725 2217 1798 §
2255 1727 2351 1782 III.
2391 1725 2680 1798 ’Λμέσως.
2712 1725 3005 1781 Τουτέστιν
3033 1725 3164 1780 ἄνευ
3187 1725 3288 1796 τῆς
3315 1723 3566 1794 ἀγγέλων
3589 1722 3715 1778 δια·-

2118 1819 2322 1882 κονίας.

2201 1911 2299 1976 Ὠς
2326 1910 2472 1965 αὐτὸ
2501 1910 2537 1966 ὅ
2566 1928 2621 1964 τι
2652 1911 2799 1966 ποτέ
2821 1911 2973 1965 ἐστι.
3008 1912 3152 1982 ὐρα
3179 1911 3300 1976 πῶς
3337 1911 3617 1983 ἐξηγεῖται
3645 1908 3717 1965 τδ

2119 2001 2281 2072 ῥητὸν
2317 2000 2380 2053 τὸ
2409 2000 2586 2068 λέγον,
2615 2000 2767 2055 Θεὸν
2803 2000 3002 2068 οὐδεὶς
3032 2001 3254 2067 ἑώρακε
3280 2001 3542 2066 πώποτε,
3570 2002 3717 2074 ὅπερ

2116 2091 2477 2163 ἀληθέστατον
2531 2090 2811 2163 ἡγοῦμαι,
2851 2094 2947 2146 καὶ
2997 2089 3152 2156 erat»;
3191 2095 3275 2148 ὅτι
3316 2093 3423 2148 είσὶ
3458 2092 3716 2165 γραφικὰ
3773 2138 3776 2140 .

2119 2185 2340 2256 ῥήματα
2384 2182 2631 2251 λέγοντα,
2679 2183 2755 2248 ὡς
2807 2184 2989 2248 ὁΘεὸς
3025 2183 3182 2256 ὤφθη
3213 2188 3328 2248 τοῖς
3374 2184 3714 2257 ἀνθρώποις,

2115 2276 2192 2340 ὼς
2219 2277 2310 2330 ἐπὶ
2345 2277 2440 2330 τοῦ
2484 2277 2692 2348 Ἀδὰμ,
2732 2278 2808 2341 ὡς
2849 2279 2906 2331 ὲν
2947 2277 3025 2349 τῷ
3061 2279 3408 2350 παραδείσῳ⁶
3469 2280 3567 2333 καὶ
3619 2279 3718 2334 ἐπὶ
3805 2310 3820 2355 ,ς

2116 2368 2211 2421 τοῦ
2255 2369 2529 2440 Ἀδραάμ,
2583 2371 2641 2423 ἐν
2689 2373 2755 2441 τῇ
2802 2369 2925 2442 δρυῒ
2963 2373 3028 2440 τῇ
3069 2369 3337 2442 Μαμϐρῇ,
3383 2371 3479 2424 καὶ
3511 2371 3602 2424 ὅτε
3631 2371 3720 2436 εις
3818 2379 3819 2383 ‘

2117 2462 2329 2531 Σόδομα
2358 2461 2683 2532 ἐπορεύοντο
2700 2478 2714 2490 ·
2745 2463 2838 2514 καὶ
2865 2460 2944 2531 τῷ
2969 2463 3158 2514 Μωσεῖ
3182 2463 3262 2525 είς
3281 2461 3343 2514 τὸ
3367 2460 3514 2532 ὅρος,
3544 2463 3594 2514 εί
3616 2461 3718 2516 καὶ

2115 2554 2183 2608 τὰ
2224 2555 2444 2608 ὀπίσθια
2493 2554 2708 2623 λέγεται
2750 2554 3092 2626 ὲωραχέναι’
3127 2555 3223 2608 καὶ
3266 2555 3416 2623 λέγει
3443 2556 3527 2608 ὅτι
3562 2553 3716 2608 αὐτὸ

2111 2646 2230 2716 μὲν
2259 2647 2323 2700 τὸ
2363 2645 2617 2715 κρύφιον
2655 2646 2762 2701 τοῦ
2811 2646 2961 2701 Θεοῦ
2997 2645 3196 2713 οὐδεὶς
3235 2645 3495 2714 eximam
3513 2685 3529 2708 ,
3568 2644 3718 2700 οὐδὲ

2119 2737 2350 2808 ὄψεται,
2385 2739 2524 2811 ὅπερ
2552 2739 2700 2792 ἐστὶν
2735 2739 2894 2794 οὐσία
2917 2739 3084 2794 αὐτοῦ
3105 2756 3120 2770 ·
3156 2739 3190 2810 ἤ
3226 2739 3321 2792 καὶ⁸
3358 2738 3714 2810 ὑψηλότερον,

2117 2837 2208 2890 ὅτι
2235 2834 2436 2901 οὐδεὶς
2466 2835 2838 2904 κατανοῆσαι
2865 2834 2966 2888 καὶ
2993 2834 3218 2902 φράσαι
3263 2832 3514 2886 δύναται
3543 2833 3582 2900 ἣ
3613 2832 3719 2888 δυ-

2116 2927 2392 2994 νήσεται,
2419 2927 2479 2980 τι
2502 2927 2678 2981 ἐστιν
2709 2929 2743 2982 ό
2773 2927 2938 2993 Θεός.
2970 2927 3035 2980 El
3072 2926 3132 2980 δὲ
3174 2925 3270 2978 καὶ
3312 2924 3563 2994 ἐγένοντό
3599 2941 3717 2978 τισι

2118 3019 2429 3090 Θεοφάνειαι
2454 3017 2566 3072 τῶν
2597 3018 2790 3086 ἁγίων,
2815 3018 3007 3088 νόησον
3045 3018 3130 3071 ὅτι
3166 3015 3446 3085 ἀναλόγως
3482 3016 3718 3080 ἕκαστος

2116 3113 2219 3183 τῆς
2249 3111 2385 3174 ἰδίας
2411 3111 2649 3174 πίστεως
2676 3109 2895 3180 ἠξιοῦτο
2937 3125 3085 3171 τινος
3132 3107 3377 3180 ὁράσεως
3416 3103 3718 3178 ἐμφαινού-

425 3210 700 3271 sentante,
747 3220 846 3276 per
885 3221 1050 3276 quam
1118 3206 1541 3262 illustrationem
1593 3206 1903 3263 divinarum
1949 3210 2015 3265 ad

2142 3221 2222 3276 1ης
2251 3201 2399 3274 αὺτῷ
2427 3202 2492 3256 τὸ
2519 3202 2681 3267 Θείον,
2709 3201 2777 3255 δι’
2803 3195 2872 3272 ἦς
2913 3199 3015 3270 τὴν
3059 3199 3327 3271 ἐλλαμψιν
3356 3196 3578 3268 ἐδέχετο
3600 3195 3716 3249 τῶν

427 3297 608 3368 ipsum
638 3298 973 3354 venientium
1006 3299 1381 3369 cognitionum
1411 3298 1768 3368 suscipiebat.

503 3392 782 3463 Tanquam
822 3393 880 3447 in
918 3393 1258 3460 formatione.
1316 3389 1573 3446 Arbitror
1595 3430 1613 3455 ,
1655 3391 2016 3447 transforma-

431 3486 634 3540 tionem
665 3484 871 3552 dicere,
916 3493 1014 3540 aut
1057 3484 1383 3540 miraculum
1430 3484 1486 3539 in
1517 3492 1704 3540 monte
1726 3481 2022 3549 Sinai,sic-

429 3593 490 3636 ut
545 3578 748 3650 ignem.

499 3671 600 3725 Dei
643 3671 1051 3740 apparitionem.
1080 3670 1176 3726 Dei
1204 3671 1605 3742 apparitionem
1631 3687 1778 3736 esse,
1813 3671 2014 3744 inquit,

429 3778 541 3818 non
573 3766 719 3835 quod
768 3765 910 3822 Deus
947 3767 1285 3831 manifestet,
1319 3774 1374 3822 et
1417 3765 1691 3829 ostendat,
1729 3765 1863 3836 quid
1910 3766 2015 3832 sit;

429 3857 535 3912 hoc
554 3860 698 3914 enim
733 3860 848 3915 ﬁeri
877 3862 1098 3932 nequit;
1123 3860 1218 3916 sed
1231 3861 1361 3931 quia
1381 3859 1554 3914 sancti
1570 3859 1754 3913 divina
1773 3859 2017 3913 illustra-

428 3949 578 4006 tione
595 3951 746 4023 digni
761 3954 1033 4008 habentur
1046 3970 1145 4024 per
1164 3953 1380 4024 aliquas
1389 3953 1634 4008 visiones
1657 3965 1842 4008 sacras
1857 3952 2019 4022 ipsis-

429 4059 536 4112 que
559 4044 1170 4116 proportionatas,quas
1182 4045 1501 4114 angelorum
1525 4060 1691 4116 opera
1706 4045 1821 4101 ﬁeri
1858 4046 2014 4103 dicit.

502 4133 933 4204 Legislationem.
974 4135 1114 4192 Nota
1155 4137 1329 4207 legem
1383 4153 1506 4192 esse
1552 4138 1846 4192 obscuram
1885 4139 2008 4194 alte~

433 4226 552 4281 rius
583 4227 783 4281 divina:
811 4228 946 4298 legis
991 4229 1282 4298 positionis
1323 4228 1780 4291 dclincatiouem,
1833 4229 1888 4283 id
1936 4239 2021 4285 cst

433 4317 635 4372 divinae
665 4319 720 4372 in
760 4318 982 4374 Christo
1027 4326 1240 4374 natura”:
1292 4319 1546 4373 humanae
1587 4321 2018 4390 assumptionis;

435 4409 581 4481 quod
615 4419 800 4466 autem
845 4427 942 4481 per
983 4411 1208 4482 angelos
1237 4411 1364 4466 data
1400 4414 1502 4483 17
1534 4413 1605 4468 sit
1637 4413 1814 4484 prima
1859 4413 2022 4483 legis-

435 4505 658 4574 positio,
693 4505 938 4560 declarat
966 4505 1131 4560 etiam
1165 4514 1394 4561 sanctus
1425 4505 1738 4576 Stephanus
1774 4506 1967 4561 dicens
2000 4523 2016 4563 :

2119 3298 2201 3362 είς
2229 3297 2395 3351 αὑτὸν
2423 3295 2736 3369 ἐρχομένων
2765 3294 2928 3348 Θείων
2939 3291 3233 3362 ,γνώσεωψ

2201 3392 2298 3458 Ὠς
2325 3392 2398 3445 ἐν
2436 3388 2761 3460 μορφώσει.
2807 3384 2997 3458 Οἶμαι,
3029 3388 3127 3457 τὴν
3168 3384 3594 3458 μεταμόρφωσιν
3619 3382 3718 3437 λέ-

2115 3501 2225 3553 γει,
2256 3482 2291 3553 ἦ
2323 3481 2384 3534 τὸ
2409 3481 2468 3533 ὲν
2491 3479 2571 3552 τῷ
2602 3479 2800 3550 Σιναίῳ
2821 3479 2940 3550 ὄρει
2965 3477 3150 3547 Θαῦμα
3171 3476 3248 3539 ὡς
3273 3473 3406 3547 πῦρ.

2188 3663 2571 3734 Θεοφάνειαν.
2601 3658 2931 3729 Θεοφάνειαν
2961 3651 3098 3710 εἶναί
3126 3670 3291 3725 φησιν
3310 3652 3371 3706 οὗ
3392 3650 3565 3706 διὰ-τὺ
3595 3649 3720 3720 φαί-

2115 3775 2228 3811 νειν
2258 3757 2350 3810 τὸν
2383 3754 2516 3809 Θεὸν
2557 3752 2653 3807 καὶ
2693 3751 2980 3811 δεικνύειν,
3010 3749 3040 3802 ὃ
3068 3765 3121 3800 τι
3166 3744 3299 3798 ποτέ
3347 3745 3463 3796 ἐστι
3485 3759 3501 3773 ·
3550 3741 3718 3798 τοῦτο

2117 3851 2228 3923 γὰρ
2273 3851 2589 3920 ἀμήχανον·
2638 3846 2750 3900 ἀλλ’
2797 3845 2882 3898 ὅτι
2928 3841 3076 3904 Θείας
3118 3837 3439 3910 ὲλλάμψεως
3471 3837 3521 3889 oi
3564 3835 3718 3905 ἅγιοι

2118 3943 2398 4008 ἀξιοῦνται
2427 3940 2520 3994 διά
2553 3957 2717 3992 τινων
2743 3938 2989 4010 ὁράσεων
3026 3933 3190 4005 ἱερῶν
3219 3932 3315 3986 καὶ
3356 3930 3543 3992 αὐτοῖς
3582 3928 3720 3981 ἀνα-

2119 4036 2314 4105 λόγων,
2336 4035 2404 4097 ἃς
2430 4033 2496 4086 δι’
2529 4031 2775 4100 ἀγγέλων
2798 4027 3042 4098 γίνεσθαι
3073 4026 3239 4094 λέγει.

2195 4124 2625 4196 Θεσμοθεσίαν.
2659 4120 2994 4192 Σημείωσαι,
3022 4119 3110 4172 ὃτι
3139 4116 3234 4172 καὶ
3261 4119 3290 4171 ὁ
3325 4116 3489 4187 νόμος
3519 4113 3719 4186 ἐτέρας

2121 4221 2273 4283 Θείας
2295 4215 2616 4288 νομοθεσίας
2647 4211 2999 4274 ὕποτύπωσίς
3020 4211 3158 4272 ἐστι,
3187 4210 3434 4262 τουτέστι
3464 4209 3565 4278 τῆς
3611 4225 3718 4261 κα-

2121 4312 2189 4365 τά
2216 4310 2450 4382 Χριστὸν
2473 4306 2622 4370 Θείας
2649 4304 3134 4376 ὲνανθρωπήσεως·
3157 4303 3242 4355 ὅτι
3267 4302 3323 4354 δὲ
3369 4301 3436 4354 δι’
3459 4299 3716 4369 ἀγγέλων

2121 4403 2280 4473 ἐδόθη
2313 4403 2346 4472 ἡ
2392 4400 2584 4472 πρώτη
2613 4396 2926 4468 νομοθεσία,
2955 4393 3107 4463 δηλοῖ
3143 4393 3239 4449 καὶ
3270 4395 3299 4447 ὁ
3325 4393 3480 4462 ἅγιος
3504 4391 3717 4460 Στέφα-

2123 4513 2213 4559 νος
2243 4494 2416 4561 λέγων
2438 4509 2452 4522 ·
2491 4491 2719 4555 Οἵτινες
2751 4487 2996 4543 ἐλάϐετε
3035 4485 3143 4540 τὸν
3183 4487 3370 4556 νόμον
3395 4485 3484 4550 εὶς
3511 4483 3715 4538 διατα-

435 4565 543 4662 bui
565 4565 840 4664 accepistis
864 4596 1025 4666 legem
1049 4597 1103 4649 in
1123 4597 1470 4666 dispositione
1491 4565 1824 4670 angelorum,
1842 4610 1891 4653 et
1912 4617 2015 4655 non

2142 4589 2234 4656 πὰς
2258 4585 2548 4656 ἀγγέλων.
2577 4583 2676 4637 καὶ
2704 4583 2817 4637 οὐκ
2843 4579 3205 4651 ἐφυλάξατε.

435 4687 742 4741 custodistis
778 4691 824 4744 ί.

506 4779 665 4835 Eam.
696 4778 1118 4848 Legislationem
1157 4782 1390 4838 scilicet.

506 4873 612 4927 Per
630 4875 828 4938 prima.
868 4873 1008 4930 Nota
1041 4878 1337 4945 quomodo,
1364 4892 1455 4944 per
1479 4877 1654 4944 prima
1689 4877 1795 4932 hoc
1816 4889 1919 4942 est,
1952 4893 2015 4932 ea

435 4983 558 5037 qua:
611 4969 1090 5034 transcenderunt,
1141 4968 1371 5022 secunda
1426 4971 1552 5040 (pro
1602 4971 1885 5040 inferiora)
1946 4973 2014 5026 ad

438 5061 610 5118 Deum
643 5062 932 5132 eriguntur
963 5065 1126 5118 etiam
1151 5079 1250 5133 per
1277 5064 1556 5135 angeliCos
1588 5065 1837 5120 ordines.

508 5216 1053 5288 Supersubstantiali,
1098 5220 1194 5276 Gr.
1248 5222 1590 5293 ὑπερούσιον.
1661 5224 2018 5297 ’Υπεροὺσιον

437 5309 777 5381 ταξιαρχίαν,
813 5313 1142 5383 principium
1175 5321 1228 5370 et
1260 5330 1486 5371 causam
1523 5316 1830 5372 eﬂ‘cctivam
1863 5318 2018 5373 ordi-

437 5403 528 5458 nis
562 5405 805 5473 ipsorum
837 5405 994 5462 dicit.

513 5555 536 5583 ε
561 5542 695 5613 Cap.
723 5559 820 5602 vn.
856 5561 911 5600 v.
939 5547 1026 5602 l0.
1091 5545 1116 5587 ἀ
1150 5547 1191 5601 ll
1222 5547 1349 5604 Cor.
1380 5565 1479 5613 xu,
1514 5548 1571 5605 2.

448 5611 467 5656 ι
505 5613 628 5668 Act.
644 5611 763 5678 'vu,
798 5616 888 5670 55.

1672 5560 1695 5588 ε
1724 5547 1883 5603 Joan.
1913 5564 1956 5613 ι,
1984 5548 2070 5605 l8.
2154 5545 2173 5586 τ
2202 5544 2338 5601 Gen.
2364 5535 2506 5606 111,9.
2528 5539 2555 5579 ε
2579 5535 2716 5592 Gen.
2753 5550 2909 5605 XVIII,
2945 5539 2996 5596 l.

2197 4765 2419 4831 Αὐτὴν.
2457 4764 2570 4835 Τὴν
2598 4762 2957 4834 ΘεσμοΘεσίαν
2987 4758 3247 4830 δηλονότι.

2204 4859 2271 4914 Τὸ
2323 4857 2421 4911 διὰ
2466 4855 2584 4910 τῶν
2631 4854 2897 4923 πρώτων.
2929 4850 3262 4922 Σημείωσαι,
3297 4847 3416 4911 πῶς
3446 4846 3545 4901 διὰ
3584 4844 3717 4900 τῶν

2125 4952 2388 5021 πρώτων,
2430 4948 2676 5002 τουτέστι
2720 4947 2828 5000 τῶν
2872 4943 3307 5015 ἀναϐεϐηκότων,
3350 4941 3422 4994 τὰ
3460 4941 3717 5009 δεύτερα

2127 5045 2274 5115 (ἀντὶ
2309 5042 2405 5096 τοῦ
2447 5041 2520 5096 τὰ
2571 5036 3006 5106 ὑποϐεϐηκότα)
3055 5036 3194 5108 πρὸς
3236 5033 3370 5089 Θεὸν
3411 5033 3712 5103 ἀνάγονται

2124 5138 2219 5193 καὶ
2250 5136 2381 5208 περὶ
2410 5134 2520 5188 τῶν
2550 5129 2856 5201 ἁγγελικῶν
2887 5128 3204 5196 διατάξεων.

2212 5229 2615 5298 Ὺπερούσιον.
2659 5220 3015 5294 Ὑπερούσιον
3058 5217 3379 5290 ταξιαρχίαν
3439 5219 3540 5290 τὴν
3602 5216 3708 5288 τῆς

2118 5325 2324 5391 τάξεως
2355 5319 2535 5377 αὐτῶν
2565 5315 2740 5389 ἀρχὴν
2771 5314 2866 5370 καὶ
2895 5312 3183 5386 ποιητικὴν
3204 5310 3384 5366 αἰτίαν
3415 5312 3521 5382 ἔφη

3101 5535 3129 5576 h
3165 5530 3338 5588 Exod.
3372 5544 3571 5597 sum,
3604 5527 3705 5584 9.15.

1414 5729 1646 5787 \‘ARLE
1688 5729 2068 5820 LEC'lllONES
2100 5727 2188 5784 ET
2221 5717 2778 5784 CORRECTIONES.

542 5842 586 5872 '°
620 5842 1039 5914 ὑπερκοσμίους,
