3860 6536
112 427 168 484 57
791 435 853 492 S.
888 434 1135 492 MAXIM!
1175 435 1469 497 SCHOLIA
1508 439 1577 499 IN
1611 441 1743 504 LIB.
1787 444 1877 500 DE
1913 445 2241 504 C(ELESTI
2273 447 2719 510 HIEMRCHIA.
3302 457 3376 520 58

166 541 192 614 ς
218 539 303 599 Π.
331 545 634 614 Γαϐριήλ.
677 550 1024 623 Σημείωσαι,
1050 552 1133 608 ὅτι
1163 555 1235 610 τὰ
1262 559 1390 632 περί
1420 559 1520 632 τῆς
1551 561 1667 616 ὲναν

1866 562 1894 636 §
1925 561 2016 621 ιν.
2035 561 2267 622 Gabriel.
2293 563 2456 633 Nota,
2487 568 2695 639 primos
2719 567 2943 640 angelos
2971 569 3157 627 doceri
3189 571 3377 629 incar-

114 634 418 710 Θρωπήσεως
449 637 684 712 πρῶτοι
725 644 990 714 μυοῦνται
1033 646 1276 718 ἄγγελοι,
1309 650 1387 716 ὡς
1433 652 1585 725 δηλοῖ
1624 671 1667 708 τι

1795 634 2112 725 nationem,
2161 658 2307 714 sicut
2347 634 2630 716 declarant
2675 634 2848 716 divini
2883 659 3162 721 Gabrielis
3208 673 3372 732 acta,

115 729 229 784 ma
254 729 342 784 τὸν
375 731 680 790 θειότατον
715 737 982 811 Γαϐριὴλ,
1031 740 1272 812 μαθόντα
1307 743 1379 799 τὰ
1425 746 1556 819 περὶ
1596 749 1667 801 τοὶ

1794 749 1888 821 qui
1933 749 2068 807 dicit
2106 766 2172 808 ea
2217 767 2341 824 qua:
2392 759 2642 809 sanctum
2685 752 2952 810 Joannem
2997 729 3372 829 (Baptistam)

113 822 239 892 ἁγίου
291 821 550 908 Ἰωάννου
567 843 585 857 ·
645 829 1152 905 εὐαγγελισάμενον
1193 834 1254 890 δὲ
1292 836 1389 892 καὶ
1435 839 1502 910 τῇ
1553 840 1667 912 Ila;

1793 841 2138 912 spectabant,
2163 821 2518 900 annuntiavit
2553 851 2736 900 autem
2770 846 2936 902 etiam
2966 821 3203 914 Virgini,
3222 821 3373 919 quod

112 913 239 983 θένῳ,
265 905 346 967 δτι
376 913 446 969 ὲκ
479 916 837 991 Πνεῦματος
881 922 1038 992 ἁγίου
1083 924 1412 999 συλλήψεται
1454 905 1667 1002 saginati

1790 905 1861 988 εἰ
1913 905 2134 1006 Spiritu
2166 943 2364 995 sancto
2417 938 2731 1010 conciperet
2790 937 3138 995 incarnatum
3196 905 3372 999 Deum

111 1019 242 1072 μενον
268 1003 359 1058 τὸν
383 1003 530 1060 θεὸν
554 1005 774 1078 Λόγον.

1789 1003 2056 1082 Verbum.

172 1096 492 1167 'Ardptxﬁc.
559 1099 839 1178 ’Δνδρικὴ
881 1104 1138 1180 θεουργία
1175 1107 1210 1182 ἠ
1260 1109 1500 1184 Χριστοῦ
1537 1111 1667 1168 ὲνανι

1863 1115 2151 1178 Humana.
2202 1118 2456 1176 Humana
2491 1120 2679 1178 divina
2730 1122 2981 1195 operatio
3021 1131 3118 1180 aut
3159 1123 3370 1181 Christi

109 1187 376 1261 θρὼπησις,
424 1192 564 1248 καθ’
598 1194 674 1267 ἢν
723 1196 861 1262 Θεὸς
903 1196 980 1254 ὢν
1021 1200 1081 1255 ὲν
1114 1202 1278 1275 σαρκὶ
1307 1205 1376 1259 τὰ
1425 1205 1544 1260 θεῖα
1575 1209 1667 1282 εὕρ

1788 1225 1916 1267 cum
1947 1211 2263 1268 hominibus
2283 1213 2650 1280 conversatio,
2683 1213 2742 1269 in
2769 1229 2878 1287 qua
2905 1212 3051 1272 Deus
3072 1217 3367 1284 exsistens,

107 1282 288 1349 γάζετο.
322 1283 538 1341 Σκόπει
572 1285 662 1354 δὲ,
703 1288 850 1356 πῶς,
883 1291 1053 1346 εἰπὼν
1080 1294 1315 1351 ἐνταῦθα
1344 1295 1438 1352 τὸν
1483 1298 1667 1370 Ἰησοῦε

1783 1301 1974 1359 divina
2008 1301 2064 1358 in
2099 1318 2270 1360 carne
2297 1305 2651 1376 operabatur.
2687 1282 2990 1366 Considera
3023 1316 3204 1364 autem
3231 1282 3370 1380 quo;

106 1373 364 1443 ἀνδρικὴν
397 1379 768 1450 θεουργιαν,
797 1382 893 1437 καὶ
918 1383 1007 1439 διὰ
1038 1385 1140 1458 μὲν
1167 1384 1263 1442 τοῦ
1295 1387 1473 1458 λέγειν
1492 1389 1693 1458 ἀνδρι-

106 1466 216 1534 thr,
233 1465 428 1549 δηλῶν,
463 1469 558 1524 δτι
591 1471 816 1538 τέλειος
843 1473 1130 1548 ἄνθρωπος
1159 1477 1349 1549 γέγονε
1368 1496 1382 1511 ·
1403 1479 1561 1535 διὰδὲ
1590 1480 1688 1536 τοῦ

105 1547 404 1628 Oscum-(ar,
439 1561 533 1615 ὅτι
568 1562 718 1628 Θεὸς
749 1564 850 1620 καὶ
893 1547 1007 1620 ἔστι
1053 1547 1342 1641 ἄνθρωᾶτος
1362 1571 1428 1640 ³¹,
1463 1573 1492 1629 6
1524 1573 1690 1639 αὐτὸς

103 1648 182 1714 τὰς
206 1648 542 1726 θεοσημείας
574 1655 987 1730 ἐργασάμενος,
1024 1661 1162 1733 μετὰ
1196 1662 1368 1736 βραχὺ
1417 1664 1584 1735 λέγει,
1603 1665 1687 1722 ὅτι

103 1741 514 1814 ἁμετάϐλητος·
556 1746 756 1820 ἔμεινε
788 1750 900 1824 γὰρ
929 1752 1024 1807 καὶ
1052 1753 1082 1808 ὃ
1108 1749 1177 1828 ἦν
1207 1756 1317 1813 ἀεί.
1351 1757 1588 1812 Κάκεῖνο
1617 1759 1676 1814 δὲ

1786 1395 1972 1462 modo,
2006 1404 2295 1468 postquam
2333 1395 2532 1453 dixerit
2564 1399 2669 1454 hoc
2692 1399 2816 1455 loco
2845 1398 3058 1466 Iesum,
3080 1400 3371 1458 humanam

1786 1487 1888 1545 Dei
1920 1489 2385 1559 operationem:et
2418 1488 2641 1561 quidem
2673 1489 2911 1548 dicendo
2953 1491 3241 1548 humanam
3274 1494 3372 1552 de-

1786 1579 1960 1634 clarat
1988 1579 2134 1650 quod
2163 1579 2441 1650 perfectus
2471 1581 2636 1638 homo
2662 1581 2861 1653 fuerit;
2895 1599 2996 1656 per
3017 1599 3204 1642 vocem
3238 1600 3371 1642 vero

1786 1669 1884 1726 Dei
1927 1673 2301 1740 operationem,
2347 1672 2495 1744 quod
2543 1674 2619 1730 sit
2668 1673 2839 1742 Deus,
2883 1686 2940 1732 et
2977 1676 3179 1744 homo,
3222 1676 3370 1733 idem

1784 1762 1904 1837 ipse
1953 1763 2175 1820 deitatis
2223 1765 2380 1836 signa
2430 1776 2725 1838 Operatus;
2778 1768 2950 1840 paulo
3005 1777 3136 1841 post
3181 1769 3366 1837 dicat,

103 1830 232 1885 πάλιν
269 1833 392 1907 ὅρα,
427 1837 563 1903 πῶς
617 1856 796 1912 φησιν
841 1842 902 1897 ὲν
943 1845 1010 1916 τῇ
1052 1845 1186 1919 ἁγίᾳ
1216 1846 1461 1920 Θεατόκῳ
1492 1848 1667 1923 Μαρίᾳ

1783 1830 1932 1927 quod
1990 1830 2375 1923 immutabilis;
2431 1830 2638 1916 mansit
2709 1830 2860 1916 enim
2922 1830 3141 1932 semper
3202 1861 3367 1918 etiam

102 1925 312 1992 γενέσθαι
368 1929 480 2000 τῆς
546 1931 807 2006 ἁῤῥήτου
867 1917 1221 2004 θεοπλαστίας
1275 1939 1338 1994 τδ
1397 1917 1667 2015 θεαρχιίιδι

1783 1917 1932 2019 quod
1964 1917 2399 2020 eratzilludque
2449 1965 2647 2007 rursus
2694 1950 2840 2016 vide,
2893 1917 3168 2021 quomodo
3217 1917 3369 2006 dicat

105 2020 384 2093 μυστήριον.
432 2023 840 2081 Θεοπλαστίαν
880 2027 938 2082 δὲ
974 2029 1145 2100 λέγει,
1193 2031 1368 2105 δηλῶν
1419 2034 1500 2088 ὅτι
1549 2033 1684 2101 Θεὸς

103 2109 328 2184 tuideo-t1,
363 2115 497 2169 καθ’
521 2115 555 2170 δ
588 2117 823 2187 γέγονεν
853 2118 1156 2193 ἄνθρωπος,
1179 2123 1256 2187 ὡς
1282 2124 1344 2178 τὺ
1371 2126 1676 2199 εἰρημένον·

111 2199 341 2274 ὉΛότος
361 2206 539 2276 σὰρξ
570 2208 847 2279 ἐγένετο.
870 2211 1167 2285 Θεαρχικὸν
1195 2214 1274 2281 δὲ,
1302 2216 1386 2270 ὅτι
1408 2216 1503 2271 τοῦ
1534 2217 1671 2273 Θεοῦ

101 2293 173 2346 τοῦ
209 2297 373 2352 αἰτίου
424 2301 533 2356 καὶ
585 2301 776 2375 ἀρχῆς
817 2303 970 2370 ὄντος
1014 2307 1122 2360 τῶν
1166 2305 1476 2379 λεγομένων
1517 2309 1675 2379 Θεῶν,

102 2383 306 2455 ἀγγέλων
326 2407 388 2443 τε
423 2393 530 2446 καὶ
561 2392 802 2448 δικαίων
829 2395 1226 2468 ἀνθρώπων,τδ
1251 2400 1546 2471 μυστήριον
1574 2401 1675 2473 τῆς

101 2477 542 2554 ὲνανθρωπήσεως
579 2481 678 2557 ἦν,
713 2485 777 2540 ὃν
818 2486 950 2542 Θεὸν
990 2488 1198 2560 Ἰησοῦν
1227 2492 1584 2564 προωνόμασε
1603 2493 1669 2547 ³¹.

1783 2037 1840 2094 in
1875 2048 2069 2094 sancta
2123 2038 2358 2111 Deipara
2391 2039 2566 2096 Maria
2599 2040 2774 2099 fuisse
2804 2042 3099 2099 ineii‘abilis
3128 2040 3225 2098 Dei
3253 2039 3369 2097 eiii-

1779 2133 1981 2189 ctionis
2021 2141 2452 2202 sacramentum,
2489 2135 2637 2207 quod
2677 2151 2710 2192 a
2757 2135 2868 2193 Deo
2900 2136 3233 2209 principium
3263 2135 3369 2191 du-

1778 2223 1873 2279 cit.
1915 2223 2287 2283 Θεοπλαστίαν
2320 2218 2502 2282 autem
2537 2228 2696 2293 dixit,
2732 2229 3022 2285 declarans
3047 2227 3196 2301 quod
3219 2225 3366 2282 Deus

1777 2315 1988 2371 eliictus
2022 2315 2188 2373 fuerit
2222 2318 2530 2374 secundum
2563 2320 2712 2390 quod
2746 2319 2850 2376 fuit
2888 2320 3078 2386 homo,
3117 2319 3262 2376 sicut
3298 2317 3368 2371 il-

1781 2406 1872 2461 lud
1905 2404 2242 2478 Scriptum:
2279 2407 2504 2462 Verbum
2546 2424 2674 2463 caro
2724 2409 2926 2480 factum
2955 2408 3100 2464 estk.
3133 2408 3366 2478 Θεαρχι-

1779 2496 1877 2550 κόν
1910 2504 2114 2566 autem,
2148 2497 2278 2570 quia
2309 2497 2423 2556 Deo
2456 2514 2624 2557 causa
2666 2508 2721 2556 et
2747 2501 3019 2573 principio
3059 2499 3364 2557 exsistente

101 2568 278 2625 illorum
307 2576 404 2644 qui
449 2576 738 2633 dicuntur
785 2578 883 2645 dii,
932 2582 1250 2653 angelorum
1317 2590 1372 2639 et
1415 2583 1698 2653 justorum
1749 2586 2062 2658 hominum,
2101 2568 2508 2650 sacramentum
2558 2568 2957 2651 incarnationis
3001 2593 3182 2662 ﬁebat,
3215 2591 3364 2663 quod

99 2655 250 2716 Iesum
281 2663 457 2720 Deum
496 2670 958 2738 prmnominavit.

157 2753 258 2823 Πιν
296 2757 365 2811 δὲ
400 2761 686 2834 Μαριάμ.
733 2764 1046 2836 Σημείωσαι
1083 2766 1257 2822 ταῦτα
1303 2769 1446 2824 κατὰ
1474 2771 1667 2824 Νεστο-

1853 2763 2091 2820 Mariam
2124 2774 2322 2824 autem.
2369 2764 2510 2824 Nota
2566 2767 2684 2825 haec
2725 2778 2920 2858 contra
2962 2769 3358 2844 Nestorianos;

99 2847 293 2915 ριανῶν·
343 2850 408 2905 οὗ
453 2853 677 2917 πάντες
707 2853 767 2908 δὲ
810 2855 1030 2926 ἄγγελοι
1070 2858 1450 2934 ὲθαρῤήθησαν
1475 2861 1535 2916 τὸ
1571 2879 1667 2933 μυ-

1779 2871 1890 2912 uon
1923 2871 2117 2915 omnes
2172 2865 2354 2914 autem
2402 2860 2580 2930 angeli
2625 2847 2821 2918 secure
2864 2876 2962 2918 seu
2999 2863 3209 2935 absque
3247 2868 3361 2922 ullo

100 2938 282 3009 στήριον
323 2944 428 3014 τῆς
461 2947 834 3018 οἰκονομίας·
868 2949 1010 3016 ἐπεὶ,
1059 2953 1149 3007 ὅτε
1197 2955 1600 3028 ἀνελαμϐἀνετο
1642 2959 1667 3014 6

1775 2946 1945 3002 dubio
1975 2945 2270 3002 credebant
2306 2949 2629 3019 mysterium
2662 2949 3093 3022 dispensationis
3129 2970 3227 3010 seu
3272 2957 3360 3010 in-

98 3028 264 3100 Κύριος
297 3034 440 3106 μετὰ
471 3037 536 3090 τὸ
570 3037 778 3105 πάθος,
816 3042 959 3106 τινὲς
1001 3038 1138 3115 ἦσαν
1170 3047 1220 3100 οἰ
1258 3047 1528 3117 λέγοντες,
1563 3050 1666 3117 ὅτι,

1772 3039 2151 3107 carnationis;
2195 3039 2668 3112 quandoquidem,
2704 3045 2928 3115 quando
2969 3049 3360 3105 assumcbatur

102 3118 176 3184 77c
211 3122 375 3178 ἐστιν
420 3126 620 3195 οὗτος
671 3130 707 3183 ὁ
751 3131 1053 3200 Βασιλεὺς
1088 3135 1197 3203 τῆς
1241 3137 1464 3208 δόξης;
1496 3143 1529 3213 ἡ
1559 3140 1667 3214 γὰρ

1772 3127 2036 3186 Dominus
2081 3139 2207 3201 post
2238 3134 2553 3201 passionem
2589 3133 2762 3206 aliqui
2809 3136 3048 3194 dixerint
3075 3155 3088 3191 :
3118 3140 3250 3207 Quis
3278 3148 3359 3196 est

96 3211 326 3286 ἐρώτησις
362 3217 608 3288 ἄγνοιαν
641 3221 922 3291 ἐμφαίνει.
956 3225 1267 3297 Σημείωσαι
1307 3231 1449 3286 κατὰ
1478 3211 1667 3288 Νεστο-

1772 3221 1870 3275 iste
1915 3219 2025 3276 Rea:
2066 3221 2717 3296 gloriwl?interrogatio
2766 3229 2913 3284 enim
2954 3229 3356 3302 ignorationem

97 3309 260 3374 ριανῶν
295 3314 394 3370 καὶ
441 3312 796 3384 Ἃκεφάλων,
839 3317 921 3372 ὅτι
960 3319 1052 3373 τὸν
1100 3321 1304 3394 Ἰησοῦν
1347 3325 1669 3398 ὑπερούσιον

95 3397 241 3453 αἰτίαν
285 3404 480 3475 φησιν,
541 3406 648 3461 ἅτε
703 3409 932 3482 ποιητὴν
981 3411 1109 3466 ὄντα
1161 3415 1413 3470 πάντωνσ
1447 3397 1542 3473 Ital
1584 3420 1667 3476 ὅτι

94 3488 412 3560 ἀμεταϐόλως
445 3496 612 3567 λέγει
635 3498 801 3552 αὐτὸν
820 3504 1172 3576 γεγεννῆσθαι
1208 3507 1330 3560 καθ’
1351 3510 1500 3580 ἡμᾶς
1519 3527 1532 3541 ⁸
1568 3512 1668 3584 οὐχ

92 3583 256 3660 ήαῦτὴ
284 3587 340 3642 δὲ
387 3590 497 3645 καὶ
555 3592 665 3662 μία
699 3593 876 3648 ταῦτα
918 3594 1098 3664 φύσις,
1143 3600 1192 3652 εἰ
1235 3600 1331 3653 καὶ
1356 3602 1384 3654 6
1412 3603 1574 3668 αὐτὸς
1597 3583 1668 3660 τά

91 3671 180 3726 δύο·
207 3678 292 3731 καὶ
315 3681 404 3735 ὅτι
434 3680 621 3746 αὐτὸς
650 3683 747 3738 καὶ
776 3687 1073 3762 νομοθέτης
1101 3691 1197 3744 καὶ
1225 3692 1330 3747 ὑπὸ
1361 3696 1545 3768 νόμον,
1567 3700 1665 3753 καὶ

91 3765 150 3820 ἔπι
183 3771 268 3824 καὶ
299 3773 474 3838 αὐτὸς
507 3773 592 3838 ὡς
621 3773 913 3848 ἄνθρωπος
951 3779 1020 3832 δι’
1049 3782 1296 3851 ἀγγέλων
1332 3765 1660 3856 διετάττετο,

88 3858 132 3912 ἐν
156 3879 206 3914 τε
241 3868 306 3937 τῇ
349 3867 443 3931 εἰς
487 3867 776 3938 Αἴγυπτον
821 3871 1182 3946 ἀναχωρήσει,
1222 3876 1316 3930 καί⁹
1363 3878 1421 3931 ὲν
1477 3882 1543 3952 τῇ
1603 3881 1662 3950 ἐξ

85 3953 228 4024 αὐτῆς
260 3959 624 4032 ὑποστροφῇ,
668 3961 764 4016 καὶ
800 3963 881 4017 ὅτι
921 3966 1086 4029 αὑτός
1135 3969 1285 4023 ἐστιν
1329 3971 1363 4025 ό
1399 3971 1498 4025 καί
1543 3971 1664 4027 τῶν

85 4045 320 4118 ἀγγέλων
346 4052 752 4122 δτυιιουργός.
789 4055 948 4110 Ὥστε
994 4052 1076 4122 εἷς
1106 4060 1201 4115 καὶ
1232 4039 1395 4126 αὐτὸς
1426 4064 1660 4136 Χριστὸς

85 4138 130 4193 ὲν
152 4141 233 4196 δύο
263 4145 473 4215 φύσεσι
505 4146 572 4199 τὸ
609 4145 768 4218 μέγοδ
784 4149 883 4219 τῆς
923 4152 1232 4225 οἰκονομίας
1278 4157 1658 4228 κατεπράξατο

1768 3311 1968 3382 arguit.
1999 3310 2137 3366 Nota
2164 3321 2356 3368 contra
2385 3313 2747 3374 Nestorianos
2771 3329 2824 3377 et
2839 3321 3145 3393 Acephalos
3171 3324 3356 3395 :quod

1765 3400 1955 3460 Iesum
2011 3407 2531 3475 superessentialem
2579 3425 2806 3467 causam
2858 3414 3027 3480 dicat,
3089 3424 3354 3487 tanquam

1766 3501 2073 3551 creatorem
2099 3497 2370 3564 omnium,
2402 3500 2551 3569 quod
2584 3503 2752 3557 etiam
2786 3504 2959 3573 dicat,
2992 3522 3118 3562 eum
3152 3507 3356 3562 immu-

1765 3584 2010 3641 tabiliter
2056 3586 2230 3644 fuisse
2285 3589 2450 3645 nobis
2501 3592 2737 3648 similem
2775 3613 2788 3650 :
2823 3611 2936 3652 non
2988 3603 3117 3652 sunt
3168 3606 3351 3653 autem

1765 3674 1882 3733 haec
1909 3695 2020 3734 una
2045 3688 2100 3736 et
2117 3682 2308 3737 eadem
2329 3693 2551 3751 natura,
2578 3687 2682 3742 etsi
2713 3687 2856 3743 idem
2869 3689 2986 3759 ipse
3015 3691 3091 3746 sit
3115 3688 3224 3746 duo
3251 3707 3349 3747 seu

1764 3779 2090 3843 utrumque;
2115 3783 2171 3829 et
2199 3776 2346 3845 quod
2379 3776 2522 3832 idem
2555 3778 2626 3833 sit
2660 3780 2940 3850 legislator
2981 3791 3036 3839 et
3081 3783 3186 3854 legi
3219 3783 3351 3838 sub-

1757 3862 1938 3934 iectus
1957 3873 2040 3933 ;et
2059 3867 2206 3936 quod
2228 3868 2394 3936 idem,
2429 3881 2486 3926 ut
2509 3872 2692 3938 homo,
2711 3890 2807 3943 per
2831 3875 3054 3946 angelos
3077 3875 3350 3946 dirigeba-

1764 3963 1854 4010 tur
1879 3973 2003 4011 cum
2029 3958 2085 4012 in
2110 3973 2332 4014 secessu
2365 3961 2418 4015 in
2452 3961 2768 4034 IEgyptum,
2799 3975 2912 4019 tum
2949 3965 3055 4035 18
3082 3966 3136 4019 in
3166 3965 3347 4021 reditu

1760 4063 1825 4102 ex
1851 4049 2063 4113 eadem,
2094 4059 2148 4105 et
2179 4052 2326 4122 quod
2372 4053 2516 4108 idem
2557 4055 2676 4125 ipse
2710 4055 2783 4110 sit
2818 4060 3128 4126 angelorum
3157 4055 3346 4109 candi-

1762 4147 1877 4204 tor;
1910 4140 1984 4194 ita
2013 4148 2071 4194 ut
2101 4157 2246 4199 unus
2275 4151 2330 4198 et
2361 4143 2505 4199 idem
2555 4145 2814 4204 Christus
2857 4147 2915 4202 in
2956 4149 3172 4203 naturis
3208 4148 3346 4203 dua-

88 4239 352 4310 μυοτήριον
372 4258 387 4271 ·
420 4240 650 4313 εἴρηται
668 4240 778 4313 γάρ
799 4258 814 4272 ·
842 4245 964 4309 Ὃς,
983 4242 1053 4298 ἐν
1071 4246 1278 4316 μορφῇ
1308 4249 1456 4303 Θεοῦ
1470 4250 1657 4319 ὑπάρ-

1772 4232 1889 4298 bus,
1933 4249 2189 4308 magnum
2233 4237 2660 4308 dispensationis
2711 4239 2984 4311 peregerit
3031 4256 3346 4296 sacramen-

84 4341 201 4393 κων,
247 4334 363 4403 οὐχ
405 4330 742 4402 ἁρπαγμὸν
776 4333 1047 4404 ἡγήσατο
1078 4338 1144 4392 τὸ
1173 4340 1325 4398 εἶναι
1361 4341 1468 4395 ἴσα
1503 4341 1625 4409 Θεῷ
1641 4360 1655 4374 ο

84 4417 197 4473 ἀλλ’
243 4423 472 4480 ἑαυτὸν
525 4424 815 4489 ἐκένωσε,
866 4428 1108 4499 μορφὴν
1161 4430 1387 4487 δούλου
1435 4433 1654 4489 λαϐὼν.

93 4509 199 4567 Ἰδοὺ
238 4515 331 4570 δύο
387 4517 638 4590 μορφαί⁸
681 4517 818 4589 ὅπερ
864 4519 972 4592 γάρ
1028 4539 1192 4593 φησιν
1242 4525 1506 4591 ἐνταῦθα,
1556 4528 1658 4583 οὐκ

80 4603 324 4682 ἀποπηδᾷ,
364 4611 537 4665 τοῦτό
581 4612 703 4663 ἐστι
745 4611 824 4676 τὸ,
858 4615 970 4683 οὐχ
1010 4615 1322 4686 ἁρπαγμὸν
1361 4619 1652 4688 ἡγήσατο,

78 4698 327 4752 τουτέστιν
379 4702 486 4755 οὐκ
534 4698 852 4771 ἀπηξίωσεν
895 4703 972 4768 ὼς
1021 4703 1306 4777 ἄνθρωπος
1347 4709 1654 4765 ὑπακοῦσαι

79 4789 155 4841 καὶ
189 4791 466 4860 ἀγγέλοις,
515 4791 794 4857 εὐπειθῶς
827 4794 948 4848 δὲ³⁸
981 4797 1343 4854 ὑποτάττεται
1387 4805 1509 4867 ταῖς
1557 4805 1652 4859 τοῦ

76 4879 190 4936 θεοῦ
218 4889 312 4940 καὶ
328 4886 556 4959 Ila-:96;
588 4885 659 4938 δι’
681 4886 927 4954 ἀγγέλων
959 4888 1392 4947 ὑποτυπώσεσινο
1429 4895 1591 4960 αὐτὸς
1608 4897 1654 4929 ³⁵

75 4973 164 5045 γὰρ
193 4973 347 5044 οὗτος
374 4979 544 5047 ἔταξε
578 4979 647 5032 τὸ
677 4978 1013 5049 ἀνθρώπινον
1042 4981 1199 5052 γένος
1229 4984 1452 5040 διέπειν.

139 5133 558 5206 Ἀμεταϐὀλως.
596 5137 674 5193 Οὐ
707 5139 814 5212 γὰρ
845 5141 1059 5214 ἐτράπη
1085 5141 1182 5215 τὴν
1213 5143 1362 5200 θείαν
1393 5145 1574 5217 φύσιν.

141 5319 257 5374 Οὐκ
289 5319 614 5389 ἀποπηδᾷ.
647 5318 730 5374 Τὰ
772 5322 880 5396 γὰρ
929 5324 1022 5378 ὑπ’
1043 5325 1209 5380 αὐτοῦ
1254 5329 1541 5402 ταχθέντα,
1584 5332 1648 5404 ῆ-

135 5475 161 5517 ι
180 5475 342 5537 Joan.
378 5497 423 5546 ι,
463 5477 562 5534 M.

1769 4333 1919 4394 tum;
1953 4325 2161 4382 dictum
2198 4328 2468 4400 siquidem
2496 4338 2581 4386 est
2608 4351 2620 4386 :
2651 4331 2759 4399 Qui
2800 4349 2920 4385 cum
2958 4333 3013 4386 in
3043 4331 3219 4402 forma
3246 4330 3346 4386 Dei

1763 4425 1920 4480 esset,
1959 4434 2064 4472 non
2114 4421 2355 4488 rapinam
2399 4421 2698 4477 arbitratus
2744 4432 2823 4478 est
2862 4440 2976 4478 esse
3005 4439 3060 4478 se
3089 4422 3344 4493 wqualem

1762 4508 1908 4574 Deo;
1938 4510 2029 4566 sed
2055 4513 2390 4583 semetipsum
2414 4517 2730 4581 exinanivit,
2769 4517 3003 4585 formam
3034 4517 3169 4572 servi
3200 4517 3344 4571 acri-

1759 4602 2139 4671 piens“.Ecce
2167 4605 2306 4662 duas
2337 4608 2543 4664 formas
2563 4626 2578 4676 ;
2597 4608 2744 4680 quod
2774 4598 2919 4664 enim
2951 4609 3040 4664 hic
3053 4607 3205 4673 dicit,
3229 4624 3340 4663 non

1759 4693 1984 4765 refugit,
2013 4696 2066 4751 id
2110 4706 2196 4752 est
2231 4715 2336 4753 non
2374 4701 2616 4769 rapinam
2661 4698 2957 4755 arbitratus
2988 4708 3088 4765 est,
3117 4700 3219 4755 hoc
3250 4709 3335 4755 est

1752 4800 1864 4842 non
1895 4788 2225 4861 dedignatus
2259 4800 2344 4848 est
2373 4800 2432 4847 ut
2463 4793 2650 4861 homo,
2693 4795 2918 4850 obedire
2962 4794 3171 4864 angelis
3197 4809 3210 4844 :
3234 4795 3335 4848 ob-

1753 4878 2013 4948 sequiose
2069 4891 2248 4937 autem
2298 4884 2598 4955 subjicitur
2649 4885 2744 4942 Dei
2791 4893 2845 4942 et
2875 4884 3060 4942 Patris
3115 4901 3212 4954 per
3238 4900 3336 4938 an-

1750 4970 1902 5040 gelos
1937 4971 2462 5044 informationibus;
2498 4977 2588 5033 hic
2634 4977 2782 5033 enim
2821 4977 3098 5032 ordinavit
3137 4986 3195 5030 ut
3231 4975 3332 5046 ipsi

1755 5077 1929 5133 genus
1957 5063 2259 5121 humanum
2289 5067 2760 5128 administrarent.

1827 5152 2264 5214 Immutabiliter.
2296 5159 2485 5230 Neque
2511 5161 2662 5216 enim
2688 5176 2848 5218 versa
2877 5160 2980 5217 fuit
3008 5161 3062 5216 in
3087 5160 3329 5216 divinam

1753 5253 2038 5316 naturam;
2066 5247 2304 5304 humana
2336 5252 2548 5308 scilicet
2578 5263 2799 5310 natura.

1826 5333 1953 5391 Non
1981 5338 2194 5410 refugit.
2235 5339 2374 5397 Nam
2405 5342 2475 5399 ab
2512 5342 2635 5414 ipso
2659 5344 2910 5400 ordinata
2945 5359 3040 5401 scu
3075 5339 3327 5414 praeden-

667 5475 688 5515 ι
714 5475 859 5536 Psal.
885 5480 1195 5551 xxnt,8,10.
1227 5493 1266 5518 ⁸³
1295 5483 1530 5560 Philipp.
1566 5511 1623 5560 η,
1655 5496 1712 5562 6,
1739 5496 1794 5553 7.

1037 5649 1272 5735 VARIE
1302 5651 1691 5711 LECTIONES
1727 5655 1817 5712 ET
1854 5655 2406 5716 CORRECTIONES.

164 5800 207 5833 ³⁸
237 5800 372 5869 Θεὸς
407 5803 510 5859 καὶ
566 5801 866 5876 ἄνθρωπος.
978 5809 1024 5844 ⁸⁸
1059 5813 1467 5888 προσωνόμασε.

1566 5816 1611 5848 az
1644 5816 1770 5891 γάρ¹

1841 5819 1886 5852 ³³
1919 5818 2137 5886 αὐτούς,
2174 5821 2398 5890 respicit
2427 5816 2576 5875 enim
2608 5813 2888 5886 ἀγγέλους·
