3860 6544
502 396 572 451 59
1243 397 1602 454 APPENDIX
1633 397 1726 453 AD
1760 396 1990 454 OPERA
2031 396 2088 456 S.

2210 395 2423 454 )NYSll
2455 393 2916 454 ABEOPAGITE
2928 431 2942 444 .
2974 419 2996 442 ο
3708 392 3779 448 60

504 513 644 580 uita,
662 513 782 584 ipse
811 512 870 570 in
887 512 1150 570 extremis
1173 513 1509 585 assumpsit;
1531 520 1585 569 et
1610 513 1665 568 in
1695 513 1878 584 seipso
1905 521 2091 568 osten-

2210 529 2324 580 (ουν
2363 510 2775 583 προορισθέντα,
2808 509 2971 574 αὐτὸς
3011 506 3098 589 ἐτ’
3130 507 3372 580 ἐσχάτων
3402 506 3654 570 ἀνέλαϐε,
3681 509 3778 562 καὶ

507 604 610 663 dit.

577 697 647 730 ’δ’
674 698 744 752 Et
791 714 885 767 per
936 697 1172 769 angelos.
1217 696 1345 753 Fuit
1393 698 1593 756 etenim
1642 697 1746 754 sub
1797 697 1936 768 lege:
1966 711 2088 769 (lue

505 791 807 846 constituta
837 789 940 845 fuit
968 805 1065 860 per
1097 790 1321 862 angelos
1347 791 1403 845 in
1430 807 1596 848 manu
1630 790 1969 848 mediatoris.

584 882 652 935 Et
679 882 744 935 de
763 882 972 952 angelo.
1013 882 1192 953 Caput
1220 882 1288 938 de
1309 884 1503 955 angelo
1533 882 1878 940 confortante
1903 881 2090 939 Domi-

505 989 664 1038 num,
694 975 842 1044 quod
891 974 949 1028 in
998 974 1148 1029 Luca
1200 974 1453 1040 habetur,
1485 975 1619 1030 citat
1657 975 1822 1031 etiam
1854 988 2088 1045 magnus

507 1062 840 1136 Dionysius;
872 1065 984 1121 imo
1015 1067 1092 1122 ait
1130 1066 1264 1121 illud
1300 1067 1425 1132 sibi,
1454 1073 1617 1138 atque
1663 1050 1856 1122 sancto
1903 1063 2091 1119 Timo—

507 1156 636 1212 theo
656 1157 713 1211 in
737 1158 999 1229 mysterio
1020 1165 1074 1214 et
1101 1159 1315 1214 occulte
1338 1158 1601 1214 traditum
1625 1174 1654 1213 a
1681 1166 1873 1215 sancto
1895 1157 2087 1226 Paulo;

509 1246 686 1318 ipsius
715 1249 862 1303 enim
894 1249 1340 1320 praedicationem
1379 1259 1605 1307 sanctus
1641 1249 1819 1306 Lucas
1849 1250 2092 1306 conscri-

514 1341 644 1410 psit.
679 1340 796 1397 lloc
828 1341 1076 1398 declarat
1122 1357 1274 1408 vero,
1318 1357 1443 1398 eum
1485 1352 1741 1412 tanquam
1789 1341 1844 1396 in
1883 1348 2086 1412 myste-

516 1437 600 1489 rio
632 1435 918 1506 accepisse
944 1435 1073 1507 quia
1107 1435 1281 1491 dicit:
1321 1433 1538 1490 Nostris
1579 1433 1746 1490 sacris
1787 1431 2092 1488 traditioni-

514 1524 610 1578 bus
657 1527 970 1596 explanata.
1012 1526 1150 1584 Vide
1185 1541 1317 1584 vero
1353 1527 1516 1582 etiam
1555 1525 1718 1580 aliam
1763 1525 2091 1594 interpreta-

515 1618 726 1674 tionem
755 1635 877 1690 quae
902 1619 1058 1683 dicit,
1095 1619 1300 1673 dictum
1331 1617 1478 1673 enim
1509 1631 1634 1672 esse
1661 1615 1728 1672 ab
1753 1612 1894 1671 Isaia
1916 1615 2092 1690 magni

447 1693 451 1698 ’
520 1711 734 1764 consilii
758 1710 1002 1781 angelum
1026 1728 1044 1769 :
1068 1709 1343 1767 nominari
1377 1708 1621 1780 genitum
1643 1722 1896 1779 puerum,
1936 1707 2093 1762 carni

519 1802 696 1872 ipsius
730 1804 1024 1859 convenire
1066 1802 1222 1866 dicit,
1267 1809 1322 1858 et
1366 1808 1590 1873 propter
1613 1801 1744 1871 quid
1777 1808 1999 1856 vocatus
2021 1801 2094 1858 sit

2191 605 2270 667 εἰς
2301 602 2493 661 ἑαυτὸν
2523 600 2715 670 ἔδειξε.

2260 870 2371 924 Kal
2401 869 2535 939 περὶ
2564 867 2670 923 τοῦ
2707 867 2986 939 ἀγγέλου.
3025 868 3146 924 Ὀτι
3165 867 3227 923 τὸ
3248 866 3350 923 τοῦ
3387 867 3779 939 ὲνισχύσαντος

2189 961 2420 1031 ἀγγέλου
2463 960 2556 1016 τὸν
2600 959 2805 1033 Κύριον
2853 959 3171 1030 κεφάλαιον,
3215 960 3354 1034 ὅπερ
3399 963 3458 1014 ὲν
3504 960 3585 1032 τῷ
3633 957 3781 1014 κατὰ

2189 1051 2403 1104 Λουκᾶν
2449 1050 2695 1122 φέρεται,
2737 1049 2886 1119 λέγει
2920 1049 3024 1106 καὶ·
3052 1051 3081 1104 6
3129 1049 3302 1122 μέγας
3338 1049 3640 1117 Διονύσιος,
3687 1048 3782 1102 καὶ

2188 1141 2270 1194 ὅτι
2300 1141 2562 1213 ἀγράφως
2595 1141 2793 1215 μᾶλλον
2818 1145 2874 1197 ὲν
2897 1143 3176 1215 μυστηρίῳ
3199 1142 3444 1216 κρυφίως
3467 1142 3601 1202 αύξτὺ
3633 1159 3782 1214 παρ-

2189 1233 2341 1305 εδόθη
2387 1232 2536 1304 αὐτῷ
2576 1235 2671 1287 καὶ
2713 1234 2792 1306 τῷ
2825 1234 2965 1306 ἁγίῳ
3018 1234 3267 1307 Τιμοθέῳ
3337 1233 3443 1289 ὑπὸ
3492 1233 3591 1287 τοῦ
3638 1233 3781 1288 ἀπο-

2192 1325 2378 1379 στόλου
2416 1324 2629 1379 Παύλου
2648 1343 2662 1356 ·
2689 1325 2750 1380 τὸ
2798 1324 2908 1399 γὰρ
2940 1326 3105 1380 αὐτοῦ
3140 1327 3405 1398 κήρυγμα
3438 1317 3783 1397 συνέγραψεν

2189 1421 2218 1472 6
2235 1419 2447 1483 Λουκᾶς
2461 1435 2474 1450 ·
2497 1417 2746 1491 δηλοῦται
2759 1419 2817 1490 δὲ
2834 1418 3012 1484 τοῦτο,
3028 1420 3109 1473 ὅτι
3134 1419 3208 1484 ὡς
3237 1421 3296 1472 ὲν
3329 1418 3619 1492 μυστηρίῳ
3637 1436 3785 1490 παρ-

2190 1510 2383 1566 έλαϐεν
2435 1509 2543 1564 ἀπὸ
2584 1509 2680 1564 τοῦ
2712 1511 2912 1565 εἰπεῖν·
2954 1511 3088 1578 Ταῖς
3113 1509 3432 1580 ίερατικαῖς
3461 1509 3636 1580 ἡμῶν
3668 1526 3786 1564 πα·

2183 1601 2515 1670 ραδόσεσιν
2550 1601 2998 1672 ὲκπεςοασμένα.
3047 1603 3188 1673 Ὅρα
3227 1601 3284 1656 δὲ
3327 1601 3422 1656 καὶ
3465 1600 3566 1673 τὴν
3614 1601 3788 1672 ἄλλην

2191 1691 2506 1765 ἑρμηνείαν,
2542 1693 2664 1763 ἥτις
2709 1692 2862 1763 φησὶ,
2910 1691 2971 1745 τὸ
3005 1689 3115 1764 γὰρ
3162 1689 3479 1763 είρῆσθαι³⁸
3514 1688 3672 1762 παρὰ
3705 1690 3784 1761 τῷ
3815 1771 3823 1778 ρ

2203 1781 2400 1855 Ἡσαΐᾳ
2430 1781 2540 1852 τῆς
2579 1780 2850 1852 μεγάλης
2894 1781 3136 1852 ,ϐουλῆς
3187 1781 3444 1852 ἄγγελον
3459 1797 3476 1812 '
3525 1779 3789 1852 ὀνομάξε’

519 1851 695 1872 -r----
735 1851 1023 1859 ----.-_---
1070 1851 1222 1866 ---_-,
1272 1851 1321 1858 --
1369 1851 1581 1873 ,_-,--_
1618 1851 1744 1871 Ἰ-τῂ
1788 1851 1996 1856 .------
2023 1851 2091 1858 ,η

519 1894 771 1962 angelus,
803 1896 933 1965 quia
970 1892 1152 1950 Patris
1183 1894 1474 1949 consilium
1508 1894 1669 1949 nobis
1696 1892 2041 1948 annuntiavit
2072 1907 2088 1944 :

2210 1875 2326 1929 σθαι
2364 1851 2427 1928 τὸ
2470 1875 2729 1949 γεννηθὲν
2772 1875 2982 1932 παιδίον
3024 1851 3095 1946 τῇ
3129 1875 3293 1947 σαρκὶ
3331 1871 3499 1930 αὑτοῦ
3547 1873 3788 1950 πρέπειν

519 2001 747 2040 servans
773 1987 919 2041 enim
959 2001 1060 2041 nos
1103 2001 1200 2056 per
1239 1985 1516 2057 propriam
1539 1985 1878 2056 passionem,
1908 1993 2095 2040 osten-

519 2074 601 2128 dit
654 2074 870 2132 Patrem
911 2077 1160 2147 ejusdem
1201 2078 1372 2132 etiam
1419 2076 1594 2134 fuisse
1643 2078 1895 2145 consilii;
1923 2093 2101 2150 neque

517 2168 663 2222 enim
693 2176 753 2222 ut
782 2169 1007 2225 inferior
1027 2171 1186 2226 Patre
1210 2177 1436 2227 voeatus
1463 2178 1548 2227 est
1578 2173 1803 2243 angelus
1837 2193 1850 2228 :
1885 2175 1989 2229 hoc
2011 2181 2097 2230 est

519 2267 710 2314 contra
756 2260 1012 2317 Arianos.
1049 2262 1227 2332 Caput
1261 2262 1328 2318 dc
1373 2261 1570 2334 angelo
1605 2263 1964 2320 conﬂrmante
1988 2281 2101 2322 non

519 2353 705 2422 capias
714 2362 910 2423 praeter
925 2361 1130 2410 sanctae
1147 2353 1440 2426 Scripturze
1452 2355 1980 2427 interpretationem,
1995 2357 2102 2414 hoc

519 2445 663 2500 enim
701 2445 929 2516 intelligi
983 2445 1168 2512 debet,
1224 2447 1529 2502 secundum
1575 2461 1839 2514 carnem;
1889 2463 2019 2502 nam
2049 2457 2104 2505 et

521 2536 654 2590 alibi
684 2537 818 2592 dicit
845 2537 1223 2609 Evangelium,
1249 2537 1373 2610 post
1395 2538 1762 2596 tentationes:
1790 2539 2102 2596 Accedentes

524 2628 696 2698 angeli
728 2628 1107 2684 ministrabant
1129 2630 1179 2684 ei
1200 2640 1228 2668 ιι
1252 2647 1266 2686 :
1293 2637 1347 2686 et
1365 2629 1509 2701 quod
1525 2630 1784 2701 fatigatus
1806 2647 1872 2686 ea:
1893 2633 2101 2699 itinere,

522 2719 747 2790 etquod
775 2722 1020 2776 esuriert't
1037 2732 1061 2758 ο
1086 2741 1102 2778 :
1133 2722 1249 2778 haec
1277 2723 1422 2779 enim
1457 2724 1641 2778 omnia
1664 2723 1960 2779 ostendunt
1978 2739 2105 2780 eum

525 2809 832 2880 perfectum
862 2812 1142 2868 hominem
1180 2828 1307 2869 cum
1355 2815 1474 2871 suis
1504 2816 1856 2886 passionibus
1886 2831 2106 2871 assum-

523 2901 724 2971 psisse.
784 2901 988 2958 Verum
1040 2905 1189 2961 dicet
1237 2906 1464 2976 aliquis,
1497 2907 1595 2962 ubi
1652 2908 1956 2964 necessitas
2003 2907 2108 2962 fuit

525 2995 720 3064 angelo
776 2995 980 3051 deitate
1030 2998 1333 3067 praesente?
1388 2997 1638 3054 Dicimus
1710 2999 1877 3071 igitur
1934 2999 2105 3056 Deum

526 3087 763 3156 plurima
794 3103 892 3159 per
929 3090 1155 3160 angelos
1197 3091 1462 3147 miracula
1499 3091 1718 3163 operari
1755 3100 1958 3164 :atque
2002 3093 2108 3148 hoc

528 3177 787 3234 universa
821 3179 954 3236 dicit
988 3179 1293 3253 Scriptura.

2203 1966 2355 2038 φησὶ,
2386 1968 2481 2022 καὶ
2497 1967 2585 2021 διὰ
2616 1967 2668 2020 τί
2692 1967 2894 2040 ἐκλήθη
2914 1966 3164 2038 ἄγγελος,
3190 1968 3272 2021 ὅτι
3311 1967 3410 2041 τὴν
3439 1965 3536 2018 τοῦ
3570 1964 3788 2037 Πατρὸς

2212 2057 2406 2130 βουλὴν
2451 2058 2769 2130 ἀνήγγειλεν
2804 2061 2967 2129 ἡμῖν·
3009 2056 3185 2123 σώσας
3220 2056 3330 2129 γὰρ
3375 2059 3526 2130 ἡμᾶς
3567 2056 3656 2110 διὰ
3690 2057 3786 2110 τοῦ

2200 2149 2400 2204 οἰκείου
2452 2149 2678 2216 πάθους,
2703 2150 2919 2216 ἔδειξεν,
2961 2151 3042 2204 ὅτι
3065 2151 3162 2204 καὶ
3199 2151 3227 2204 6
3249 2149 3438 2224 Πατὴρ
3474 2149 3689 2222 ταύτης
3720 2144 3789 2222 ἦν

2200 2241 2298 2313 τῆς
2331 2241 2552 2313 βουλῆς·
2583 2241 2707 2296 οὕτε
2752 2242 2861 2316 γὰρ
2905 2242 2982 2308 ὡς
3025 2241 3381 2314 ύποϐεϐηκὼς
3422 2229 3526 2299 τοῦ
3569 2241 3790 2314 Πατρδς

2203 2330 2404 2402 ἐκλήθη
2440 2331 2690 2400 ἄγγελος·
2715 2333 2850 2404 πρὸς
2885 2332 3197 2405 Ἀρειανοὺς
3226 2333 3405 2390 τοῦτο.
3439 2333 3515 2387 Τὸ
3546 2332 3644 2387 τοῦ
3700 2334 3792 2386 ὲν-

2196 2421 2747 2495 ισχύσαντοςάγγέλου
2767 2422 3060 2495 κεφάλαιον
3091 2424 3164 2497 μὴ
3193 2424 3344 2498 παρὰ
3365 2425 3466 2499 τὴν
3487 2425 3793 2500 ἑρμηνείαν

2204 2514 2332 2586 δέξῃ
2366 2515 2464 2587 τῆς
2497 2516 2659 2584 ἁγίας
2680 2516 2931 2590 Γραφῖκ·
2969 2516 3106 2587 πρὸς
3145 2515 3256 2588 γὰρ
3297 2516 3399 2588 τὴν
3433 2517 3619 2589 σάρκα
3649 2517 3797 2588 ὀφεί-

2204 2606 2288 2660 λει
2319 2607 2479 2661 τοῦτο
2509 2606 2773 2661 νοεῖσθαιο
2810 2608 2905 2660 καὶ
2935 2607 3169 2679 ἀλλαχοῦ
3201 2609 3310 2680 γάρ
3343 2624 3478 2680 φησι
3515 2608 3579 2662 τὸ
3622 2609 3798 2678 Εὐαγ-

2206 2697 2418 2769 γέλιον,
2477 2697 2614 2770 μετὰ
2645 2697 2774 2762 τοὺς
2820 2699 3179 2771 πειρασμοὺς,
3223 2699 3307 2753 ὅτι
3350 2699 3799 2768 προσελθόντες

2206 2789 2446 2858 ἄγγελοι
2471 2788 2795 2857 διηκόνουν
2814 2787 2973 2855 αὐτῷ
2992 2805 3006 2820 ο
3035 2789 3130 2842 καὶ⁸
3145 2789 3228 2842 ὅτι
3242 2787 3572 2844 ἐκοπίασεν
3597 2789 3667 2843 ὲκ
3687 2789 3800 2858 τῆς

2207 2880 2548 2949 ὁδοιπορίας
2571 2881 2666 2934 καὶ
2694 2881 2776 2936 ὅτι
2805 2881 3112 2950 ἐπείνησεο
3131 2879 3304 2934 ταῦτα
3318 2879 3429 2953 γὰρ
3452 2880 3632 2934 πάντα
3652 2880 3800 2933 δείκ-

2209 2991 2380 3039 νυσιν,
2410 2974 2491 3028 ὅτι
2522 2974 2723 3028 τέλειον
2744 2974 2996 3028 ἀνέλαϐεν
3021 2974 3303 3046 ἄνθρωπον
3329 2975 3467 3046 μετά
3487 2975 3597 3028 τῶν
3630 2973 3798 3029 αὑτοῦ

2210 3067 2571 3138 παθημάτων.
2625 3066 2760 3120 Ἀλλ’
2800 3068 2913 3136 ὲρεί
2957 3083 3063 3132 τις,
3115 3067 3218 3124 ποῦ
3249 3068 3407 3139 χρεία
3453 3062 3524 3139 ἦν
3563 3065 3799 3135 ἀγγέλου

2209 3158 2481 3232 θειότητος
2498 3160 2542 3192 ³⁸
2582 3159 2896 3230 παρούσης;
2933 3159 3180 3230 Δέγομεν
3214 3155 3307 3214 οὖν
3344 3159 3428 3214 ὅτι
3470 3159 3543 3213 τὰ
3572 3159 3746 3212 πλείω
3773 3159 3801 3210 6

2211 3248 2344 3314 Θεὸς
2394 3249 2462 3303 δι’
2517 3249 2764 3319 ἀγγέλων
2827 3249 3259 3321 Θαυματουργεῖ·
3311 3249 3407 3306 καὶ
3449 3247 3613 3302 τοῦτο
3653 3247 3804 3318 λέγει

2215 3343 2365 3396 πᾶσα
2390 3343 2425 3414 ἠ
2455 3341 2576 3396 θεία
2603 3342 2817 3414 Γραφή.

605 3421 713 3493 19
738 3420 1248 3493 Manifestatorium.
1287 3421 1603 3478 Secundum
1635 3422 1767 3478 illud
1790 3422 1858 3479 ab
1881 3423 2004 3495 ipso
2043 3421 2112 3477 ad
2138 3408 2182 3468 ο

530 3511 750 3572 Patrem
789 3515 998 3574 dictum
1031 3533 1045 3573 :
1074 3515 1420 3587 Manifestavi
1460 3533 1648 3571 nomen
1691 3527 1836 3571 tuum
1884 3517 2111 3572 homini-

535 3605 630 3661 bus
649 3617 696 3665 ρ.

2303 3432 2785 3504 Ἐκφαντορικήν.
2836 3431 2996 3486 Κατὰ
3040 3432 3103 3485 τὸ
3143 3432 3280 3505 πρὸς
3319 3431 3413 3486 τὸν
3440 3430 3670 3504 Πατέρα
3709 3431 3802 3484 ὑπ’

2212 3523 2377 3577 αὐτοῦ
2457 3523 2665 3594 λεχθέν·
2724 3521 3098 3592 Ἐφανέρωσὰ
3153 3540 3268 3577 σου
3335 3523 3402 3576 τὸ
3468 3522 3661 3593 ὄνομα
3681 3521 3806 3588 τοῖς

2212 3613 2562 3684 ἀνθρώποις.

1139 3697 1212 3758 IN
1247 3699 1406 3757 CAP.
1445 3697 1514 3756 ν.
2191 3726 2194 3730 -

609 3792 854 3849 Caelestes
904 3794 1182 3851 essentias.
1215 3793 1329 3850 Cur
1380 3806 1568 3865 porro,
1605 3791 1854 3848 Ecclesia
1899 3791 2116 3847 dicente

539 3882 830 3940 universos
894 3892 1119 3942 sanctos
1165 3884 1400 3956 angelos,
1453 3885 1620 3940 unius
1659 3899 1784 3939 esse
1835 3883 2115 3950 essentia},

2687 3705 2797 3764 ΕΙΣ
2833 3706 2920 3759 ΤΟ
2961 3704 3212 3760 ΚΕΦΑΛ.
3256 3705 3339 3758 E'.

2293 3798 2402 3865 Τὰς
2439 3796 2724 3866 οὐρανίας
2778 3797 3012 3863 οὐσίας.
3051 3796 3117 3849 Τί
3162 3796 3390 3867 δήποτε,
3427 3796 3562 3866 μιᾶς
3608 3795 3806 3859 οὐσίας

2190 3887 2358 3946 εἶναι
2408 3889 2616 3953 πάντας
2664 3887 2856 3958 ἁγίους
2901 3888 3030 3952 τοὺς
3081 3887 3347 3957 ἀγγέλους
3393 3885 3664 3958 λεγούσης
3708 3887 3810 3958 τῆς

539 3975 763 4033 divinus
819 3976 1118 4049 Dionysius
1155 3978 1358 4033 multas
1403 3978 1650 4032 nominat
1689 3975 1961 4032 virtutes?
2001 3973 2097 4028 Ma

2233 3980 2638 4053 Ἑκκλησίας³⁷,
2697 3979 2726 4031 6
2787 3978 2929 4042 θεῖος
2984 3977 3258 4043 Διονύσιος
3305 3977 3508 4042 πολλὰς
3553 3977 3809 4049 ὀνομάζει

541 4085 682 4140 gnus
712 4069 1402 4142 Dionysius,Alexandrize
1431 4069 1749 4140 episcopus,
1786 4077 1974 4123 orator
2006 4066 2097 4122 ille

2220 4075 2514 4144 δυνάμεις;
2552 4071 2610 4125 Ὁ
2651 4070 2782 4140 γοῦν
2822 4070 2995 4142 μέγας
3021 4069 3294 4135 Διονύσιος
3330 4071 3358 4124 6
3400 4069 3811 4142 Ἀλεξανδρείας

541 4161 598 4215 in
628 4162 1042 4219 commentariis
1072 4162 1190 4218 suis
1238 4178 1380 4234 quos
1434 4162 1490 4216 in
1533 4161 1757 4216 beatum
1799 4158 2097 4229 Dionysiun

2223 4165 2536 4228 ἐπίσκοπος,
2571 4164 2600 4217 6
2638 4162 2748 4217 ἀπὸ
2787 4162 3051 4236 ρητόρων,
3084 4165 3142 4216 ὲν
3183 4165 3297 4226 τοῖς
3341 4161 3576 4232 σχολίοις
3604 4156 3686 4226 οἷς
3715 4178 3812 4214 πε-

543 4251 651 4307 sibi
703 4253 1110 4324 cognominem,
1166 4251 1319 4317 fecit,
1366 4251 1443 4305 ita
1479 4249 1840 4317 dicitzQucd
1893 4248 2097 4320 profam

2225 4253 2452 4325 ποίηκεν
2481 4254 2561 4318 είς
2589 4253 2682 4308 τὸν
2720 4253 2989 4325 μακάριον
3016 4251 3290 4306 Διονύσιον
3319 4251 3411 4305 τὸν
3449 4251 3617 4306 αὑτοῦ
3684 4263 3812 4302 συν-

545 4345 814 4415 sapientia
849 4360 951 4415 pro
989 4359 1146 4401 more
1181 4343 1381 4398 habeat
1425 4341 1700 4414 appellare
1723 4329 2018 4410 ἀγέννητον
2049 4338 2097 4395 in

2223 4352 2459 4419 ώνυμον,
2471 4339 2616 4396 οὕτω
2627 4340 2794 4414 λέγει.
2812 4345 2894 4399 ὅτι
2919 4344 3213 4414 ἀγέννητον
3234 4343 3394 4397 εἴωθε
3425 4344 3617 4398 καλεῖν
3641 4344 3675 4415 ή
3707 4342 3815 4408 ἔξω

544 4444 808 4502 creatum,
839 4437 1152 4493 universam
1199 4434 1530 4509 invisibilem
1576 4440 1849 4496 naturam,
1875 4430 2097 4488 similite

2231 4435 2394 4506 σοφία
2429 4437 2610 4490 πᾶσαν
2649 4435 2878 4509 ἀόρατον
2911 4435 3091 4506 φύσιν,
3117 4434 3320 4507 ὁμοίως
3356 4437 3453 4490 καὶ
3495 4436 3686 4500 οὐσίας
3712 4433 3816 4498 τὰς

547 4536 602 4582 et
631 4529 907 4587 essentias
938 4525 1354 4591 subsistentias,
1379 4508 1544 4594 atque
1590 4539 1658 4579 ex
1697 4523 1804 4578 hoc
1835 4521 1990 4580 dicit.
2028 4520 2096 4574 ba

2231 4527 2586 4591 ὑποστάσειςθ
2626 4508 2734 4581 κάκ
2768 4526 2958 4580 τούτου
3000 4528 3185 4598 φησὶν,
3228 4528 3310 4580 ὅτι
3353 4527 3497 4580 κατὰ
3533 4529 3662 4591 τοὺς
3707 4525 3816 4591 ἔξω

549 4633 716 4673 voces
763 4635 833 4674 ex
887 4633 1042 4674 more
1095 4615 1460 4689 profanorum
1505 4614 1844 4686 scriptorum
1876 4627 1908 4668 a
1937 4618 2097 4668 sanet

2233 4617 2478 4688 εἴρηνται
2505 4614 2584 4686 τῷ
2615 4614 2755 4687 ἁγίῳ
2794 4617 3054 4685 Διονυσίῳ
3086 4616 3142 4669 αἱ
3183 4615 3432 4669 τοιαῦται
3487 4616 3666 4686 φωναὶ
3710 4631 3816 4667 κα-

549 4706 812 4779 Dionysio
835 4708 1062 4764 abusive
1085 4707 1262 4765 dictas
1297 4721 1441 4763 esse.

2235 4706 2635 4780 ταχρηστικῶς.

620 4797 1133 4870 Manifestationem,
1167 4800 1262 4856 Gr.
1310 4798 1724 4872 Ἑκφαντορίαν,
1768 4797 1823 4856 id
1853 4805 1938 4854 est
1961 4796 2097 4853 eluci

2325 4801 2768 4871 'E'xssartoplar.
2805 4799 3064 4854 Τουτέστι
3105 4799 3204 4870 τὴν
3240 4799 3528 4868 ἔκφανσιν,
3561 4799 3680 4869 ἦτοι
3708 4798 3820 4850 δια-

551 4889 833 4946 dationem
868 4909 966 4948 seu
1002 4891 1455 4948 declarationem.

2241 4895 2492 4966 σάφησιν.

623 4982 929 5052 Appellant.
984 4982 1332 5039 Postremum
1391 4981 1642 5036 ordinem
1699 4979 2097 5051 intelligibiliur

2322 4981 2713 5054 Ὀνομάζουσι.
2753 4981 2865 5052 Τὴν
2893 4982 3128 5053 ἐσχάτην
3152 4982 3263 5036 τῶν
3295 4981 3507 5053 νοητῶν
3529 4981 3686 5046 τάξιν
3712 4995 3819 5031 κυ-

551 5073 710 5141 dicit,
760 5075 1034 5131 nominari
1081 5075 1300 5147 proprie
1351 5075 1586 5147 angelos,
1638 5073 1952 5146 superiores
2003 5088 2097 5128 ver

2245 5078 2376 5151 ρίως
2395 5075 2690 5146 ἀγγέλους
2719 5075 2850 5145 φησὶ
2879 5074 3378 5146 προσαγορεύεσθαι
3399 5092 3412 5105 ·
3445 5073 3548 5139 τὰς
3575 5074 3632 5128 δὲ
3654 5073 3819 5143 ὑπερ-

556 5166 759 5234 aliter;
782 5181 1017 5238 quorum
1045 5167 1260 5237 aliquos
1295 5166 1458 5223 etiam
1490 5167 1768 5236 nominat;
1797 5166 1852 5221 in
1885 5178 2097 5237 sequem

2243 5168 2538 5241 ϐεϐηκυίας
2585 5166 2806 5238 ἑτέρως,
2850 5159 2926 5219 ὧν
2963 5165 3110 5229 ἐνίας
3147 5165 3242 5220 καὶ
3275 5165 3559 5238 ὀνομάζει·
3587 5168 3646 5220 ὲν
3666 5165 3719 5218 δὲ
3741 5163 3823 5234 τῷ

555 5272 722 5326 porro
769 5259 968 5328 capite,
1025 5258 1279 5314 ordinum
1341 5274 1536 5315 novem
1587 5261 1816 5332 mystice
1865 5258 2097 5313 meminit

2241 5259 2369 5330 ἑξῆς
2397 5257 2675 5329 κεφαλαίῳ
2707 5257 2811 5310 τῶν
2840 5257 2996 5311 ἐννέα
3027 5257 3322 5328 ταγμάτων
3368 5258 3649 5330 μυστικῶς
3687 5257 3826 5310 ἀπο-

560 5363 710 5404 nunc
739 5358 921 5405 autem
950 5349 1190 5421 perfecte
1206 5350 1362 5415 dicit,
1405 5352 1717 5422 superiores
1739 5349 1964 5407 ordines
1995 5349 2097 5404 scir

2247 5347 2570 5420 μνημονεύει
2589 5363 2602 5376 ·
2628 5346 2722 5400 νῦν
2747 5347 2803 5400 δὲ
2817 5346 3012 5411 τελέως
3040 5346 3206 5416 λέγει,
3236 5347 3318 5400 ὅτι
3349 5348 3403 5400 αί
3434 5345 3703 5419 ἀνώτεραι
3731 5344 3828 5397 τάν

561 5440 747 5494 οιυιιὶιι
785 5458 908 5512 qua:
962 5443 1250 5501 inferiores
1297 5444 1664 5500 illustratione
1712 5445 2010 5508 docentur;
2043 5455 2097 5496 cc

2244 5439 2356 5507 ξεις
2384 5439 2701 5495 ἐπίστανται
2737 5439 2834 5510 μὲν
2862 5439 2963 5494 ὅσα
2998 5439 3055 5492 αἱ
3092 5437 3492 5512 ὑποΰεσηκυῖαι
3527 5439 3595 5496 δι’
3619 5436 3824 5507 έλλάμο

647 5587 671 5614 υ
722 5577 912 5636 Matth.
942 5598 1018 5650 ιν,
1055 5581 1142 5638 ll.
1208 5589 1234 5618 °
1255 5579 1414 5640 Joan.
1451 5597 1526 5648 iv,
1552 5580 1622 5642 6;
1653 5575 1840 5633 Matth.
1874 5588 1950 5640 Iv,
1977 5571 2032 5627 2.
2057 5582 2086 5623 P
2121 5572 2283 5629 Joan.
2304 5593 2440 5644 xvn,
2465 5575 2524 5636 6..

1544 5714 1782 5777 VARUS
1820 5709 2201 5768 LECTIONES
2237 5711 2326 5767 ET
2356 5707 2897 5767 CORRECTIONES.

682 5833 747 5868 ³⁴⁶
770 5834 893 5893 llaec
927 5837 1125 5896 desunt
1151 5837 1209 5895 in
1231 5837 1441 5894 Graeco.
1556 5833 1602 5867 ³⁸
1624 5826 1936 5903 εἰρημένονο
2034 5825 2080 5857 ⁸⁸

2210 5824 2358 5891 γέλων
2393 5821 2660 5894 θεότητος.
2744 5822 2786 5855 ⁸⁷
2820 5818 3062 5891 Γμφῆς,
3096 5817 3401 5889 Scriptum.
