3860 6536
36 437 83 494 Gl
716 431 779 488 S.
816 432 1065 490 MAXIMI
1104 431 1400 489 SCHOLIA
1435 431 1503 487 IN
1542 428 1620 487 LI]

1728 429 1795 485 )E
1834 429 2161 487 εοειεετι
2201 430 2641 489 ΙΠΕΒΑΠΕΙΠΑ.
3071 485 3092 494 _
3244 432 3316 489 62

3062 485 3095 515 ,δ

40 558 154 623 ςεως
183 547 529 622 μμῦηπαιο
572 548 928 618 γινώσκουσι
960 548 1015 603 δὲ
1047 549 1142 603 καὶ
1162 549 1329 621 ἕτερα
1352 553 1474 615 ταῖς
1502 550 1620 603 ὑπο-

1734 564 2000 619 gnoscere
2016 564 2147 604 vero
2175 549 2337 613 etiam
2370 548 2475 603 alia
2506 550 2769 620 subjectis
2798 549 3313 623 incognita;quatn-

42 644 286 715 κειμέναις
329 641 651 710 ἄγνωστα·
697 642 753 694 εἰ
804 640 862 695 δὲ
915 642 1010 695 καὶ
1045 640 1220 704 οὕτως
1277 641 1449 706 ἐστὶν,
1484 642 1633 712 ὅμως

43 734 206 806 γενικῷ
229 734 463 805 ὀνόματι
498 734 610 787 καὶ
636 733 874 803 ἄγγελοι
901 733 1010 787 ἔσθ’
1030 734 1120 786 ὅτε
1148 732 1441 788 καλοῦνται
1455 732 1633 788 πάντα

45 828 96 882 τὰ
114 825 259 899 νοητὰ
278 825 580 895 τάγματα.
618 826 771 896 Φησὶ
805 825 863 878 δὲ
892 825 984 879 καὶ
1002 824 1091 879 διὰ
1117 825 1192 891 τί,
1216 825 1291 889 ὡς
1311 828 1369 881 ὲν
1386 827 1465 898 τῷ
1499 828 1633 881 ἑκα-

47 920 181 990 τοστῷ
198 919 441 990 δευτέρῳ
472 916 701 989 ψαλμῷ
723 916 1070 987 δΕὺλοτεῖτε
1096 917 1204 970 τὸν
1225 918 1463 986 Κύριον,
1482 917 1634 972 πάν-

47 1032 122 1081 τες
142 1016 189 1067 οὶ
221 1006 483 1081 ἄγγελοι
501 1010 744 1065 αὐτοῦ’
782 1010 880 1063 καὶ
921 1012 978 1064 ὲν
1009 1009 1087 1081 τῷ
1118 1010 1396 1083 ἑκατοστῷ
1423 1012 1592 1085 τρίτῳ
1611 1028 1628 1045 ·

57 1106 97 1156 Ὁ
120 1102 288 1156 ,τοιῶν-
313 1101 469 1169 τοὺς
500 1100 829 1172 ἀγγέλους
866 1098 1052 1157 αὐτοῦ
1076 1103 1402 1173 πνεύματα,
1436 1105 1531 1158 καὶ
1559 1105 1631 1160 τὰ

52 1196 159 1268 ἑξῆς.
184 1197 291 1249 υῦκ
327 1195 709 1267 ἀντιστρέφει
753 1194 816 1248 δὲ
856 1197 887 1250 ὁ
915 1194 1100 1265 λόγος’
1124 1195 1193 1249 τὰ
1221 1195 1331 1267 γὰρ
1364 1196 1632 1270 ὑποϐεϐη-

52 1288 151 1340 ιιὸια
182 1289 273 1341 οὐκ
319 1285 676 1357 ὀνομάζεται
711 1285 796 1357 τῷ
813 1285 927 1339 τῶν
951 1285 1241 1357 ἀνωτέρων
1258 1288 1625 1359 γνωρίσματιο

53 1380 121 1432 καὶ
148 1380 218 1432 ὅτι
246 1378 335 1432 διὰ
368 1378 486 1433 τῶν
541 1376 1023 1451 ὑπερὸεὸηκυιῶν
1057 1378 1341 1449 δυνάμεων
1393 1380 1449 1433 at
1498 1380 1630 1434 ὑπο-

50 1471 287 1541 εεῦηκυῖαι
326 1487 399 1542 μυ
406 1470 870 1539 σταγωγοῦνται.

109 1561 650 1629 Ἀποπεραε-οὗσαν.
706 1560 975 1615 Τουτέστι
1021 1560 1124 1634 τὴν
1182 1558 1421 1635 ἐσχάτην
1472 1556 1628 1630 τάξιν

52 1652 129 1704 τῶν
157 1651 455 1721 ἁγγελικῶν
478 1652 828 1720 διατάξεων.

100 1743 269 1811 Φαμὲν
298 1743 388 1797 δέ.
448 1744 845 1817 Ἐρωτήσειεν
873 1744 938 1800 άν
968 1762 1082 1811 τιςο
1112 1739 1282 1801 Abeat
1314 1749 1369 1801 αί
1395 1746 1504 1802 τῶν
1529 1747 1625 1802 οὒ-

56 1834 206 1905 ρινξων
234 1834 440 1899 τάξεις,
476 1836 543 1889 αι
596 1835 1123 1909 ὐπερϐεὸηκυῖαι³⁸,
1154 1839 1251 1893 καὶ
1294 1830 1622 1908 κατώτεραι,

54 1924 121 1975 καὶ
164 1924 233 1977 ἔτι
280 1926 594 1996 ὑφειμέναι
640 1925 828 1991 οὕτως
871 1926 1120 1995 ἐγένοντο
1144 1966 1159 1992 ,
1193 1926 1336 1982 ὥστε
1382 1926 1481 2001 τὴν
1528 1928 1627 2001 μὲν

52 2016 277 2089 ὰνωτὲραν
320 2014 471 2071 εἶναι
490 2058 507 2082 ,
543 2018 656 2091 τὴν
704 2018 767 2072 δὲ
809 2018 1159 2091 κατιιγιέρανς
1210 2020 1322 2076 Καὶ
1373 2019 1624 2092 λέγομεν,

53 2108 203 2161 ὅτικαὶ
227 2110 292 2162 τὰ
320 2109 497 2182 νοητά
533 2108 733 2163 πάντα
776 2108 1098 2177 αὐτεξούσια
1131 2106 1627 2183 ἐδημιούργησενὸ

54 2198 176 2263 Θεος·
217 2202 262 2253 εί
300 2200 417 2272 γὰρ
450 2204 483 2255 ὁ
530 2200 841 2273 ἄνθρωπος
876 2201 1227 2268 αὐτεξούσιος
1274 2202 1513 2272 ἐγένετο,
1560 2206 1627 2259 ὲκ

54 2291 190 2359 picto?)
217 2294 555 2364 φυράματος
589 2293 689 2346 καὶ
712 2292 897 2363 ψυχῆς
930 2292 1213 2365 ὑπάρχων,
1248 2294 1401 2365 πόσῳ
1426 2294 1626 2366 μᾶλλον

52 2385 92 2435 αἱ
115 2385 273 2454 νοηταὶ
300 2385 605 2459 δυνάμεις,
626 2376 685 2439 αἱ
710 2385 878 2458 μηδὲν
908 2385 1127 2457 ἔχουσαι
1153 2386 1358 2456 γεῶδες
1401 2388 1435 2459 ἢ
1457 2384 1620 2459 βαρὺ,

53 2476 332 2541 αὐτεξούσιοι
373 2478 690 2548 ὲγένοντος
727 2477 901 2531 Τοῦτο
932 2477 1042 2550 γὰρ
1088 2479 1183 2533 καὶ
1227 2480 1261 2551 ἠ
1305 2478 1425 2533 Θεία
1476 2503 1619 2558 παρ-

58 2563 192 2639 ίστησι
210 2570 422 2641 Γραφὴ,
471 2570 746 2639 λέγουσα,
780 2570 874 2623 τὸν
916 2570 1160 2625 διάσολον
1211 2570 1272 2637 ἐξ
1321 2571 1622 2644 ἀγγελικῆς

50 2658 259 2724 ἑκουσίας
288 2664 571 2715 ἐκπεσεῖν
592 2661 809 2726 τάξεως
828 2678 841 2692 ·
869 2664 964 2715 καὶ
990 2655 1145 2727 οὗτος
1171 2662 1230 2717 δὲ
1250 2664 1279 2715 ὸ
1308 2663 1451 2727 θεῖος
1480 2664 1621 2736 ἀνὴρ

50 2750 128 2819 πρὸ
152 2751 290 2805 δύο³⁹
338 2754 581 2823 φύλλων
641 2754 780 2825 περὶ
824 2754 1132 2825 ἀγγελικῶν
1171 2754 1487 2826 δυνάμεωνο
1535 2756 1620 2809 ὅτι

48 2844 227 2910 γεητώς
260 2846 369 2915 γὰρ
393 2848 509 2900 ἐπὶ
545 2848 614 2899 τὸ
641 2846 1000 2915 θεομίμητον
1027 2847 1246 2913 ἑαυτὰς
1272 2847 1617 2901 ἀποτυποῦ-

50 2950 144 2999 σαι,
184 2941 271 2992 καὶ
317 2940 488 3009 πρὸς
538 2938 660 3008 τὴν
702 2939 1030 3009 θεαρχικὴν
1077 2940 1396 3009 ἐμφέρειαν
1436 2942 1618 3009 ὑπερ-

48 3031 259 3097 κρσμιως
274 3031 517 3101 ὁρῶσαι
551 3031 654 3086 καὶ
678 3031 957 3100 μορφοῦν
984 3030 1286 3100 ἐφιέμεναι
1318 3031 1384 3085 τὸ
1406 3032 1620 3100 νοερὸν

46 3119 202 3172 αὐτῶν
240 3123 405 3190 εἶδος
428 3141 445 3156 ’
487 3123 553 3189 ἐξ
613 3116 694 3177 ὧν
749 3121 966 3176 πάντων
1006 3122 1303 3188 δείκνυται,
1362 3121 1439 3187 ὼς
1466 3123 1619 3176 αὑτο-

1733 643 1817 697 vis
1840 649 2021 697 autem
2056 657 2145 696 res
2178 642 2251 694 ita
2286 656 2345 695 se
2373 642 2592 706 habeat,
2626 651 2863 698 attamen
2898 644 3195 713 aliquando
3219 660 3313 715 ge-

1733 732 1905 787 nerali
1936 733 2178 799 nomine,
2202 732 2578 802 intelligibiles
2614 733 2838 790 ordines
2866 736 3108 791 universi
3144 737 3309 791 etiam

1733 823 1911 894 angeli
1954 823 2317 892 appellantur.
2370 822 2514 877 Dicit
2563 831 2743 879 autem
2784 833 2839 881 et
2886 842 3132 891 causam,
3168 828 3311 883 utin

1732 914 1946 985 psalmo
1973 914 2275 969 centesimo
2296 913 2562 981 secundo,
2584 916 2639 985 Ῡ.
2664 915 2769 972 20:
2798 916 3095 972 Benedicite
3122 918 3311 973 Demi-

1731 1023 1880 1071 num,
1911 1023 2087 1060 omnes
2112 1007 2287 1077 angeli
2307 1008 2443 1078 ejus,
2471 1015 2523 1063 et
2540 1008 2594 1061 in
2624 1009 2921 1065 centesimo
2942 1010 3125 1076 tertio,
3152 1013 3205 1082 ᾗ.
3230 1011 3265 1066 4
3290 1028 3304 1064 :

1732 1096 1959 1153 Faciens
1997 1098 2208 1169 angelos
2256 1116 2382 1154 suos
2430 1100 2672 1169 spiritus,
2704 1110 2759 1156 et
2808 1117 2928 1172 quae
2980 1110 3304 1174 sequuntur.

1730 1188 1850 1249 Non
1874 1189 2246 1259 reciprocatur
2275 1198 2455 1245 autem
2483 1207 2667 1247 sermo
2693 1211 2707 1247 :
2734 1192 2998 1248 inferiora
3020 1196 3164 1250 enim
3195 1211 3307 1251 non

1733 1282 2083 1353 appellantur
2116 1282 2344 1338 nomine
2384 1284 2737 1354 superiorum
2762 1299 2779 1337 :
2801 1293 2855 1341 et
2898 1285 3188 1345 inferiores
3221 1287 3307 1344 in-

1730 1377 2037 1431 stituuntur
2058 1389 2088 1428 a
2113 1375 2496 1446 superioribus
2528 1376 2847 1433 virtutibus.

1801 1555 2213 1612 Terminantem.
2243 1554 2361 1614 Hoc
2388 1563 2474 1612 est
2500 1563 2808 1611 extremum
2855 1555 3103 1612 ordinem
3141 1571 3308 1629 ange-

1728 1647 1959 1702 licarum
1985 1648 2433 1719 dispositionum.

1798 1739 2100 1794 Asserimus
2147 1752 2342 1795 autem.
2398 1739 2759 1813 Interrogarit
2808 1740 3046 1812 aliquis,
3095 1758 3224 1795 num
3259 1742 3308 1797 si

1728 1830 2035 1885 cmlestium
2068 1832 2293 1888 ordines
2316 1834 2630 1904 superiores
2646 1845 2701 1889 et
2722 1832 3017 1889 inferiores
3045 1842 3099 1889 et
3128 1834 3309 1890 adhuc

1729 1922 1993 1979 submissi
2023 1923 2097 1977 ita
2123 1924 2417 1993 exsistant,
2451 1932 2511 1980 ut
2560 1926 2649 1981 hic
2684 1925 2906 1996 quidem
2938 1927 3191 1996 superior
3211 1928 3305 1993 sit,

1729 2014 1821 2088 ille
1851 2022 2035 2070 autem
2069 2015 2337 2071 inferior?
2362 2016 2428 2071 Et
2454 2016 2712 2081 dicimus,
2745 2016 2915 2073 Deum
2942 2018 3307 2088 intelligibilia

1727 2107 1910 2163 omnia
1940 2107 2258 2164 condidisse
2284 2109 2499 2177 libera;
2538 2110 2585 2165 si
2617 2110 2764 2165 enim
2799 2109 2963 2164 homo
3012 2109 3152 2165 liber
3179 2109 3305 2175 fuit,

1726 2214 1793 2255 ex
1832 2200 2091 2270 pulverea
2132 2215 2318 2257 massa
2377 2209 2431 2258 et
2484 2203 2666 2256 anima
2700 2202 3041 2267 consistens,
3099 2209 3309 2274 quanto

1724 2292 1902 2361 magis
1933 2290 2308 2363 intelligibiles
2340 2294 2593 2359 virtutes,
2625 2293 2760 2348 nihil
2784 2302 3051 2349 terrestre
3095 2294 3306 2349 haben-

1725 2390 1807 2437 tes
1836 2388 1931 2436 aut
1967 2398 2152 2453 grave,
2199 2382 2386 2439 liberae
2428 2384 2691 2441 fuerunt?
2734 2384 2849 2439 Hoc
2882 2386 3084 2442 etenim
3120 2385 3306 2441 divina

1722 2481 2081 2544 repraesentat
2112 2474 2402 2546 Scriptura
2443 2477 2655 2543 dicens,
2694 2476 2973 2533 diabolum
2996 2478 3307 2535 voluntarie

1721 2582 1789 2622 ex
1818 2568 2071 2638 angelico
2102 2568 2389 2640 delapsum
2434 2570 2649 2627 ordine.
2697 2569 2800 2625 Hic
2832 2586 3054 2642 quoque
3078 2571 3306 2629 divinus

1720 2660 1807 2714 vir
1841 2670 1971 2716 ante
2013 2660 2123 2715 duo
2156 2661 2314 2728 folia,
2348 2662 2417 2718 de
2466 2664 2731 2735 angelicis
2762 2664 3061 2721 virtutibus
3082 2663 3304 2735 (dicit):

1720 2751 1830 2820 20
1859 2749 2279 2823 Intelligibiliter
2317 2756 2457 2809 enim
2491 2756 2692 2823 seipsas
2735 2754 2803 2808 ad
2830 2756 2927 2810 Dei
2958 2757 3305 2810 imitationem

1717 2841 2080 2911 eﬁormantes,
2112 2854 2162 2897 et
2188 2846 2244 2899 in
2269 2844 2505 2900 divinam
2544 2846 2951 2901 similitudinem
2992 2863 3305 2917 supermun-

1717 2931 1855 2987 dane
1884 2934 2219 3003 aspicientes,
2249 2945 2404 3008 atque
2438 2938 2676 3007 formare
2703 2939 2968 3007 cupientes
2997 2938 3305 3009 intelligibi-

1720 3024 1821 3079 lem
1864 3042 2017 3080 suam
2054 3028 2273 3096 speciem
2297 3045 2316 3093 ;
2339 3045 2403 3086 ex
2430 3030 2634 3100 quibus
2664 3030 2922 3086 omnibus
2964 3030 3299 3095 ostenditur,

1718 3121 1997 3191 quomodo
2015 3122 2241 3191 pr0prio
2258 3122 2490 3177 arbitrio
2517 3128 2571 3177 et
2589 3122 2812 3192 propria
2840 3122 3095 3178 libertate
3113 3122 3304 3177 fruan-

46 3212 310 3284 προαίρετοι
333 3216 443 3269 καὶ
479 3213 835 3279 αὐτεξούσιοί
857 3216 994 3268 εἰσιν
1031 3215 1087 3267 αἱ
1120 3215 1309 3285 νοηταὶ
1338 3213 1613 3285 δυνάμεις.

1728 3217 1813 3265 tur
1840 3210 2213 3282 intelligibiles
2236 3212 2505 3268 virtutes:
2540 3212 2900 3283 probabiliter
2934 3213 3103 3285 igitur
3140 3213 3300 3279 dicit,

48 3303 239 3370 Εἰκότως
269 3304 364 3362 οὖν
412 3324 613 3378 φησιν,
648 3308 734 3361 ὅτι
767 3308 970 3379 ἑκάστη
1004 3307 1141 3379 πρὸς
1172 3306 1273 3378 τὴν
1321 3306 1615 3375 ἀναλογίαν

44 3394 121 3464 τῆς
150 3396 269 3463 ἰδίας
306 3400 412 3453 τοῦ
461 3399 676 3469 ἀγαθοῦ
730 3398 971 3468 ἐφέσεως
1018 3398 1353 3470 ὲλλάμπεται
1386 3398 1536 3463 θείας
1568 3399 1614 3431 ⁸ο

48 3492 358 3561 κατανοήσεις
378 3507 394 3521 ·
429 3490 524 3543 διὰ
554 3490 716 3543 τοῦτο
747 3490 841 3543 καὶ
870 3489 1055 3557 τάξεις
1074 3488 1384 3554 καλοῦνται,
1406 3488 1617 3562 βαθμη-

47 3578 127 3643 δὸν,
149 3581 325 3657 ὥσπερ
355 3585 470 3655 τῆς
502 3586 565 3636 ὲν
586 3583 783 3646 αὑταῖς
800 3582 1040 3651 ἐφέσεως
1074 3581 1309 3655 [οὓσης]·
1340 3582 1426 3636 διὰ
1458 3582 1616 3635 τοῦτο

48 3673 256 3740 ἐνταῦθα,
281 3677 481 3747 φησὶν,
527 3675 632 3728 οὐκ
664 3674 781 3746 ἔχει
814 3674 991 3743 λόγον,
1026 3674 1126 3746 τὴν
1170 3675 1486 3728 τελευταίαν
1516 3674 1616 3727 τά-

49 3760 108 3821 Ξιν
135 3768 366 3838 σεραφὶμ
399 3767 439 3839 ἢ
476 3766 710 3838 θρόνους
743 3766 1049 3837 ὀνομάζειν.
1078 3768 1393 3838 Σημείωσαι
1434 3767 1491 3820 δὲ
1524 3766 1614 3821 διὰ

43 3854 83 3905 τί
107 3856 378 3913 καλοῦνται
416 3859 601 3913 πάντα
629 3857 703 3912 τὰ
732 3846 989 3929 τάγματα
1020 3858 1260 3929 ἄγγελοι
1279 3876 1292 3890 ·
1319 3860 1403 3912 ὅτι
1430 3862 1480 3913 oi
1514 3878 1615 3913 κυ-

48 3948 150 4017 ρίως
191 3951 412 4020 ἄγγελοι
467 3951 738 4019 ἀνάγουσι
783 3950 910 4014 τοὺς
960 3950 1141 4022 ἱεροὺς
1171 3950 1490 4023 ἀνθρώπους
1522 3952 1615 4004 ἐπὶ

47 4040 124 4104 τὰς
152 4045 502 4115 ὲγνωσμένας
535 4044 729 4106 αὐτοῖς
761 4042 909 4107 θείας
959 4044 1150 4112 αὐγάς.
1592 4102 1612 4105 ν.

112 4135 247 4189 Ἀλλ’
277 4134 492 4204 ὥσπερ
524 4134 709 4202 αὕτη.
757 4133 822 4187 Ἥ
865 4132 978 4188 τῶν
1007 4133 1253 4204 ἀγγέλων
1283 4134 1485 4209 δηλαδὴ
1516 4135 1616 4190 τά-

107 4320 236 4386 Τοὺς
262 4322 394 4376 καθ’
425 4319 612 4391 ἡμᾶς.
646 4318 770 4372 Τῶν
801 4319 1260 4375 ὲποπτικωτάτων
1300 4320 1614 4393 μυστηρίων

1716 3318 2165 3375 unumquemque
2216 3303 2468 3359 ordinem
2521 3320 2623 3375 pro
2669 3306 3025 3376 proportione
3070 3305 3306 3376 propria:

1716 3394 1846 3451 boni
1889 3394 2210 3466 cupiditatis
2252 3396 2523 3451 illustrari
2570 3396 2759 3452 divina
2811 3396 3298 3464 consideratione;

1714 3486 1839 3543 ideo
1869 3494 1925 3543 et
1953 3488 2178 3543 ordines
2210 3498 2517 3557 vocantur;
2557 3489 2825 3559 gradatim
2848 3530 2862 3555 ,
2902 3498 3163 3560 tanquam
3204 3505 3303 3544 cu-

1714 3578 1942 3650 piditate
1980 3580 2036 3633 in
2080 3578 2215 3649 ipsis
2232 3579 2533 3638 exsistente
2565 3598 2579 3633 :
2612 3590 2898 3651 propterea
2937 3581 3036 3635 'bic
3078 3581 3300 3653 (inquit)

1716 3672 1864 3725 nulla
1895 3678 1980 3728 est
2009 3672 2174 3737 ratio,
2202 3680 2543 3743 postremum
2574 3673 2826 3728 ordinem
2866 3674 3180 3728 nominandi
3213 3688 3305 3728 se-

1714 3762 1950 3833 raphim,
1978 3770 2073 3816 aut
2118 3763 2375 3820 thronos.
2414 3764 2554 3819 Nota
2592 3780 2780 3834 porro,
2806 3772 3032 3835 propter
3052 3764 3184 3835 quid
3204 3781 3303 3821 vo-

1715 3864 1911 3912 centur
1937 3872 2129 3911 omnes
2153 3856 2375 3912 ordines
2399 3858 2613 3928 angeli;
2643 3858 2796 3927 quia,
2828 3858 2921 3929 qui
2950 3858 3170 3928 proprie
3197 3872 3301 3911 an-

1716 3950 1843 4020 geli,
1876 3949 2090 4004 elevant
2115 3956 2341 4005 sanctos
2364 3949 2616 4005 homines
2645 3950 2712 4003 ad
2741 3950 2992 4020 cognitos
3022 3949 3127 4005 sibi
3158 3948 3305 4003 divi-

1714 4056 1818 4097 nos
1848 4041 2191 4111 splendores.
2726 4056 2727 4059 ‘

1787 4131 1894 4188 Sed
1924 4132 2061 4186 sicut
2093 4130 2195 4185 hic.
2225 4130 2559 4203 Angelorum
2593 4131 2805 4189 scilicet
2827 4130 2983 4189 ordo.

1788 4312 2042 4380 Nostros,
2075 4312 2172 4369 Gr.
2198 4313 2339 4377 Τοὺς
2377 4313 2499 4368 καθ’
2529 4314 2702 4386 ἡμᾶς.
2728 4312 3011 4386 Mysteriis
3058 4312 3298 4369 maxime

46 4410 216 4464 τούτων
263 4412 609 4484 ἐμφορηθεὶς
657 4412 687 4466 ὁ
733 4410 878 4482 ἱερὸς
920 4410 1213 4477 Διονύσιος,
1282 4411 1613 4465 ὲκκαλύπτει

1728 4404 1785 4461 ad
1814 4414 2044 4478 epoptas
2070 4406 2478 4476 pertinentibus
2508 4405 2886 4477 ingurgitatus
2920 4411 3146 4461 sanctus
3169 4403 3299 4459 Dio-

45 4497 206 4566 λέγων,
255 4502 331 4565 ὡς
369 4504 404 4573 ἡ
472 4503 582 4573 μὲν
642 4500 928 4556 τελευταία
977 4501 1151 4569 τάξις,
1208 4504 1242 4575 ἠ
1303 4504 1608 4576 καλουμένη

1728 4500 1928 4572 aysius,
1983 4499 2189 4571 detegit
2237 4498 2448 4565 dicens,
2486 4499 2633 4569 quod
2676 4508 2991 4570 postremus
3028 4499 3168 4555 ordo
3200 4498 3297 4570 qui

42 4590 268 4658 ἄγγελοι,
300 4567 430 4657 τοὺ-ς
464 4567 527 4646 ἐν
572 4591 885 4664 ἀνθρώποις
941 4567 1200 4665 ἱεράρχας
1221 4567 1332 4647 ’ἑῶν
1376 4567 1608 4667 Ἐκέιληί

1728 4567 1962 4659 vocatur,
2004 4567 2207 4662 angeli,
2268 4607 2365 4647 eos
2403 4567 2692 4663 qui—inter
2712 4592 2965 4649 homines
3011 4567 3299 4663 pontiﬁces

48 4682 148 4732 σιῶν
168 4683 597 4753 παιδαγωγικῶς
620 4682 1055 4753 χειραγωγοῦσιν
1088 4684 1181 4735 ἐπὶ
1201 4684 1301 4755 τὴν
1318 4685 1452 4755 πρὸς
1474 4685 1610 4740 Θεὸν

1728 4685 2084 4740 Ecclesiarum
2136 4692 2287 4750 sunt,
2317 4685 2598 4756 paedagogi
2629 4700 2782 4739 more
2820 4685 3201 4743 manuducunt
3229 4684 3300 4739 ad

44 4772 331 4846 ἀναγωγήνο
350 4774 452 4847 τὴν
486 4774 546 4828 δὲ
578 4773 896 4845 κατωτέραν
927 4774 1079 4841 τάξιν
1112 4776 1303 4848 αὐτὴν,
1336 4776 1435 4848 τὴν
1452 4777 1609 4849 ἡμῶν

1728 4776 1914 4831 nentis
1960 4776 2018 4830 in
2058 4775 2231 4831 Deum
2272 4777 2667 4844 elevationem;
2724 4775 3047 4832 inferiorem
3113 4784 3296 4832 autem

46 4864 377 4934 παιδαγωγὸν,
440 4865 541 4919 καὶ
604 4862 707 4928 τὰς
770 4864 1045 4937 βαθμηδὸν
1090 4868 1501 4939 ὑπερκειμένας
1547 4871 1606 4923 ai

42 4954 279 5028 ὰηκὼτεραι
307 4959 383 5022 ὡς
416 4956 833 5027 ὑποϐεϐηκυίας
863 4958 1302 5028 μυσταγωγοῦσι.

12 5158 31 5173 ν
108 5135 211 5203 Τῆς
245 5136 749 5231 ἀπομψώσης.
793 5136 1052 5191 Τουτέστι
1104 5138 1205 5208 τῆς
1266 5115 1606 5205 τελευταίας,

43 5226 123 5294 τῆς
157 5230 255 5283 τῶν
283 5226 539 5301 ἀγγέλων
576 5228 742 5299 φημί.
791 5229 1105 5301 Σημείωσαι
1146 5230 1223 5296 δὲ,
1266 5232 1349 5284 ὅτι
1396 5230 1610 5295 δοξάζει

44 5319 204 5384 κοινὰς
242 5319 379 5378 εἶναι
426 5322 620 5384 πάσας
662 5319 763 5384 τὰς
806 5321 1099 5393 ὀνομασίας
1139 5322 1249 5375 τῶν
1290 5323 1446 5377 ἐννέα
1479 5340 1613 5392 ταγ-

47 5412 220 5478 μάτων,
265 5418 507 5470 ἑκάστου
555 5413 873 5483 τάγματος,
918 5415 1005 5468 διά
1063 5416 1124 5468 τὸ
1178 5416 1375 5479 κοινῶς
1420 5415 1615 5487 ὲλλάμ-
1653 5466 1664 5476 ,

43 5504 206 5560 πεσθαι
238 5513 301 5563 ὲκ
328 5510 429 5563 τοῦ
465 5507 745 5569 θεοειδοῦς
775 5510 853 5571 εἰς
872 5507 968 5579 τὴν
990 5510 1054 5561 ἐκ
1085 5508 1219 5561 Θεοῦ
1254 5510 1605 5579 φωτοδοσίαν,

42 5593 83 5641 εἰ
113 5598 189 5649 καὶ
217 5599 290 5671 μὴ
326 5600 564 5671 ὁμοίως.
591 5598 939 5668 Ἐστι,φησὶ,
975 5598 1168 5662 κοινῶς
1201 5598 1463 5669 ὀνομάσαι
1500 5599 1606 5652 πά-

1714 4868 1895 4938 ipsum
1924 4868 2199 4933 ordinem,
2230 4867 2584 4939 paedagogum
2629 4876 2908 4933 nostrum,
2944 4877 3007 4925 οι,
3026 4866 3296 4937 gradatim

1715 4976 1882 5031 supra
1937 4962 2238 5017 collocatos
2308 4961 2625 5031 superiores
2671 4970 2931 5031 tanquam
2982 4961 3294 5028 inferiores,

1712 5052 1990 5124 mysteriis
2022 5052 2299 5109 i'mbuunt.

1780 5142 2068 5214 Adimplet,
2096 5143 2194 5199 Gr.
2226 5145 2328 5215 τῆς
2347 5143 2781 5216 άποκληροὺσης.
2810 5143 2866 5199 Id
2897 5151 2983 5200 est
3011 5144 3292 5216 postremi,

1711 5234 2030 5306 angelorum
2075 5235 2320 5305 inquam.
2382 5235 2522 5290 Nota
2565 5242 2750 5290 autem
2799 5237 2945 5306 quod
2994 5236 3295 5289 arbitratur

1711 5342 2037 5382 communes
2097 5341 2222 5382 esse
2286 5328 2685 5397 appellationes
2747 5339 2946 5383 novem
3013 5325 3291 5390 ordinum,

1714 5419 2155 5489 uniuscujusque
2192 5419 2428 5486 ordinis,
2459 5420 2591 5492 quia
2613 5420 2981 5474 communiter
3005 5418 3293 5471 illustran-

1716 5514 1805 5562 tur
1831 5524 1898 5563 ex
1927 5507 2024 5563 Dei
2054 5508 2417 5564 similitudine
2454 5509 2509 5563 in
2538 5508 2764 5562 luminis
2793 5524 2862 5563 ex
2903 5506 3013 5561 Deo
3045 5505 3294 5576 largitio-

1714 5614 1863 5665 nem,
1891 5600 1995 5655 etsi
2031 5616 2142 5656 non
2174 5601 2450 5658 similiter.
2484 5598 2657 5666 Licet,
2692 5599 2890 5671 inquit,
2925 5598 3292 5654 communiter

956 5732 1183 5788 VARUE
1223 5734 1613 5792 LECTIONES
1641 5736 1731 5794 ΕΤ
1764 5736 2315 5797 CORRECTIONES.

104 5884 135 5915 ⁸⁸
164 5889 589 5960 ὑποϐεϐηκυῖαι.
687 5889 732 5923 ³⁸
766 5892 870 5962 πρό
900 5911 1062 5960 τινος.
1142 5897 1189 5930 ⁸ο
1221 5896 1319 5962 τὰς
1352 5896 1520 5963 θείας.
