3860 6550
535 442 609 502 63
1341 422 1690 488 APPENDIX
1720 423 1813 482 AD
1843 420 2075 483 OPERA
2104 419 2164 479 S.
2199 415 2494 476 DlONYSlI
2536 404 3018 472 AREOPAGITE.
3727 397 3802 457 οι

530 554 819 632 appellare
843 568 1037 614 omnes
1076 550 1451 625 intelligibiles
1482 554 1538 606 et
1566 548 1921 618 lncorporeos
1957 543 2103 600 ordi-

2238 553 2303 600 ας
2332 532 2435 598 τάς
2465 535 2662 605 vespa;
2698 531 2793 586 καὶ
2825 516 3149 600 ἀσωμάτους
3174 521 3364 632 διάξεις⁴
3388 515 3639 632 καὶυκαθ⁹
3667 513 3801 632 ξτες

537 668 665 721 nes,
694 659 750 709 et
791 646 1092 707 secundum
1134 643 1303 701 alium
1347 641 1594 707 modum,
1625 639 1731 721 hoc
1757 645 1842 695 est
1882 637 2021 693 κατά
2051 638 2115 693 sb

537 719 771 805 θεοειδές
803 736 949 809 quod
979 742 1065 792 est
1089 734 1392 793 secundum
1428 732 1540 789 Deo
1566 719 1928 788 assiinilatum
1956 743 2111 797 esse;

537 835 597 889 in
624 839 892 905 quantum
936 828 1161 898 assequi
1201 827 1506 897 unicuique
1532 825 1782 895 ipsorum
1812 822 1977 890 licet;
2010 821 2116 876 ita-

539 940 648 997 que
693 936 885 978 omnes
932 920 1153 992 quidem
1206 915 1685 991 supermundanos
1728 913 1972 978 ordines,
2018 911 2115 968 Dei

538 1016 747 1073 similes
774 1014 990 1080 vocari,
1022 1020 1079 1069 et
1108 1012 1271 1067 aliam
1300 1025 1468 1082 porro
1508 1010 1659 1082 ipsos
1695 1020 1888 1064 omnes
1912 1005 2117 1062 habere

538 1106 897 1164 lucidissima:
926 1105 1339 1170 illustrationis,
1358 1104 1621 1159 nimirum
1648 1117 1716 1158 ex
1752 1099 1867 1156 Deo
1888 1112 2112 1165 munus,

537 1199 790 1271 quamvis
827 1213 929 1270 pro
964 1197 1235 1269 cujusque
1276 1204 1462 1267 captu,
1501 1201 1597 1249 aut
1634 1194 1840 1257 minus,
1869 1199 1963 1247 aut
1994 1205 2115 1246 am-

537 1291 685 1361 plius
734 1290 1033 1348 illustratio
1060 1289 1317 1345 donetur.
1358 1288 1420 1343 ln
1451 1287 1593 1342 libro
1616 1292 1799 1341 autem
1826 1283 1904 1340 De
1923 1283 2116 1339 divinis

540 1383 844 1438 nominibus
870 1383 1026 1451 dicit,
1057 1381 1276 1439 divinos
1300 1380 1451 1437 solos
1489 1379 1599 1434 dici
1628 1376 1842 1434 ordinis
1873 1377 2116 1434 universi

542 1474 851 1546 praefectos.

497 1596 504 1603 η
614 1566 999 1637 Proprietates.
1047 1566 1188 1623 Nota
1234 1562 1513 1638 quomodo
1566 1559 1931 1635 proprietates
1971 1559 2121 1617 dicat

540 1659 981 1731 uniuscujusque
1007 1658 1219 1715 ordinis
1247 1656 1653 1729 proportiones.

1085 1750 1189 1821 ει
1222 1748 1290 1804 IN
1318 1748 1473 1806 cae.
1502 1747 1595 1805 γι.

521 1867 524 1869 λ
614 1844 643 1916 §
674 1844 715 1900 ι.
741 1842 924 1899 Solam
953 1851 1153 1898 exacte.
1186 1841 1343 1911 Quod
1391 1842 1543 1899 solus
1575 1839 1724 1897 Deus
1752 1839 1844 1912 qui
1875 1845 1931 1895 et
1963 1837 2116 1910 ipsos

540 1935 702 1993 ellicit
731 1936 884 2002 deos,
924 1937 1074 1990 novit
1114 1944 1368 1991 accurate
1397 1942 1452 1993 et
1480 1934 1632 2006 ipsos
1658 1942 1712 1990 et
1740 1934 1983 2004 ipsorum
2013 1930 2117 1983 mi-

540 2027 791 2092 nisteria,
822 2034 986 2097 atque
1009 2025 1114 2097 ipsi
1141 2033 1479 2097 cognoscunt
1500 2040 1581 2092 se,
1610 2031 1667 2080 et
1696 2021 1948 2079 sua.Nos
1970 2022 2117 2078 enin.

539 2114 677 2169 nihil
716 2115 958 2187 perfecte
1002 2130 1191 2172 eorum
1232 2133 1354 2188 qua:
1393 2117 1544 2188 ipsos
1587 2122 1837 2187 spectant
1885 2114 2115 2180 scimus,

541 2208 650 2266 nisi
673 2226 738 2267 ea
766 2224 891 2283 quae
924 2225 957 2265 a
990 2210 1172 2266 divina
1201 2209 1382 2267 edocti
1413 2224 1606 2266 sumus
1631 2207 1939 2278 Scriptura.

610 2391 834 2451 Novem.
863 2394 1024 2464 Nota,
1056 2412 1256 2454 novem
1280 2411 1405 2455 esse
1437 2392 1663 2450 ordines
1692 2391 1912 2447 divinos
1960 2388 2120 2447 intel-

538 2486 849 2558 ligibilium.

614 2576 644 2647 ᾗ
686 2576 753 2632 ll.
798 2577 1087 2633 Sacrorum
1124 2577 1397 2645 initiator,
1436 2575 1533 2632 Gr.
1566 2574 1956 2645 ῐεροτελεστής.
1987 2570 2123 2626 Pro-

539 2669 721 2752 prium
745 2669 965 2740 quidem
991 2686 1212 2726 sacrum
1243 2671 1448 2725 rituum
1486 2668 1859 2724 institutorem
1886 2679 2123 2721 consue-

538 2759 622 2817 vit
659 2775 859 2819 vocare
903 2769 998 2816 aut
1027 2761 1430 2818 divinlssimum
1446 2759 1698 2827 Paulum,
1744 2765 1839 2813 aut
1867 2765 2121 2813 sanctum

539 2850 937 2922 Hierotheum;
987 2853 1136 2909 sicut
1174 2854 1232 2908 in
1277 2852 1419 2907 libro
1468 2851 1547 2907 De
1587 2851 1779 2906 divinis
1824 2849 2121 2905 nominibus

539 2940 748 2997 dictum
784 2949 909 3012 est;
959 2957 1109 2998 nunc
1153 2950 1336 2998 autem
1386 2941 1625 2997 arbitror
1674 2940 1856 3012 ipsum
1910 2940 2121 2995 nullum

539 3032 710 3089 alium
738 3034 941 3099 dicere,
973 3048 1139 3105 quam
1167 3039 1418 3088 sanctum
1442 3030 1672 3085 Paulum
1696 3049 1711 3098 ;
1740 3030 1947 3086 nullius
1976 3028 2122 3085 enim

541 3120 685 3175 alius
716 3129 835 3176 erat
863 3137 1032 3192 quam
1064 3122 1261 3192 ipsius,
1291 3122 1387 3193 qui
1416 3136 1593 3193 usque
1627 3122 1695 3175 ad
1739 3121 1966 3176 tertium
2008 3134 2126 3174 coe-

541 3208 657 3264 lum
704 3213 945 3285 pertigit,
988 3219 1040 3268 et
1087 3227 1152 3269 ea
1176 3226 1299 3284 qua:
1326 3212 1394 3269 de
1416 3212 1505 3269 his
1542 3217 1955 3284 cognoscuntur
1992 3211 2121 3267 edo«

542 3311 669 3361 ctus
699 3312 807 3360 est.

982 3394 1202 3452 Primus
1226 3396 1497 3453 ternarius
1527 3395 1683 3452 ordo.

714 3486 917 3543 Τιτινοηὶ
933 3526 950 3555 ,
1123 3488 1393 3543 cherubim
1407 3527 1423 3554 ,
1593 3486 1880 3556 seraphim.

615 3576 866 3633 Assidue.
886 3576 964 3634 De
990 3579 1172 3650 primo
1194 3590 1479 3645 sacrorum
1507 3578 1763 3634 ordinum
1790 3574 1901 3630 Deo
1926 3590 2124 3646 appro-

542 3667 864 3738 pinquante.

616 3757 1019 3818 Sanctissimos.
1050 3759 1299 3818 Primum
1329 3759 1635 3816 ternarium
1657 3759 1807 3813 hunc
1834 3764 1890 3814 et
1918 3754 2017 3812 Dei
2047 3754 2125 3811 si-

544 3852 730 3908 milem
753 3854 964 3910 ordinis
984 3854 1353 3926 principatum
1385 3852 1513 3906 licet
1534 3850 1581 3906 ei
1612 3850 1708 3921 qui
1736 3856 1944 3904 attenta
1966 3863 2125 3904 men-

546 3954 600 3999 te
620 3953 674 3999 et
702 3947 865 4018 digne
896 3946 1009 4003 Deo
1034 3947 1299 4009 intuetur,
1328 3942 1809 4013 comprehendere,
1840 3947 1895 3997 et
1917 3954 1983 3997 ex
2004 3940 2125 4010 ipso

547 4033 850 4103 Ezechiele,
886 4036 982 4108 qui
1007 4036 1160 4102 dicit,
1186 4036 1447 4090 thronum
1477 4034 1711 4105 primum
1742 4032 1801 4086 in
1839 4046 1949 4103 quo
1970 4030 2125 4087 visus

547 4136 635 4183 cst
656 4126 838 4195 Deus;
871 4133 1060 4197 postea
1089 4126 1277 4182 statim
1306 4126 1633 4183 assistentes
1680 4123 1899 4179 divinos
1932 4122 2126 4178 cheru-

545 4220 661 4275 bim
693 4236 706 4272 :
741 4219 885 4289 apud
924 4218 1122 4275 Isaiam
1172 4226 1355 4273 autem
1398 4218 1783 4273 sanctissimos
1849 4215 2126 4287 seraphim

548 4311 697 4366 circa
725 4310 893 4366 Deum
924 4317 1136 4366 stantes
1169 4309 1593 4379 contemplatur.
1628 4306 1754 4362 Haec
1784 4321 1917 4362 vero
1940 4304 2125 4361 decla-

548 4411 674 4458 rant
701 4416 1015 4474 supremam
1045 4402 1293 4473 ipsorum
1337 4415 1504 4472 supra
1535 4413 1730 4456 omnes
1772 4399 1918 4471 apud
1954 4398 2125 4454 Deum

547 4504 774 4554 sortem.
801 4496 1179 4567 Explanantur
1204 4504 1385 4551 autem
1407 4494 1524 4550 haec
1552 4492 1666 4548 fere
1696 4492 1946 4549 similiter
1962 4491 2125 4547 etiam

548 4589 606 4644 in
628 4564 955 4662 Apocalypsi
982 4587 1162 4647 sancti
1189 4585 1418 4643 Joannis
1447 4583 2050 4656 apostoli,evangelist:e
2073 4591 2129 4638 et
2158 4590 2203 4646 ι)
2230 4564 2324 4662 τοῖξ
2365 4565 2536 4662 ’ἀγ-ίῳ

548 4681 807 4754 theologi.

620 4772 956 4839 Immediate,
979 4770 1076 4828 Gr.
1104 4770 1344 4843 ἀμέσως.
1381 4767 1514 4823 Sine
1556 4766 1739 4821 medio
1768 4766 1972 4821 dictum
2002 4774 2125 4834 est;

547 4864 993 4937 quandoquidem
1020 4877 1133 4918 non
1160 4868 1244 4918 est
1272 4860 1414 4915 alius
1437 4857 1573 4913 ordo
1599 4867 1724 4911 ante
1755 4856 1953 4928 ipsum.
1986 4855 2127 4911 Nota

547 4970 701 5019 vero,
740 4971 866 5011 eum
896 4956 1128 5009 thronos
1157 4969 1255 5010 seu
1297 4948 1681 5006 multi-oculos
1709 4957 1764 5003 et
1800 4949 2125 5018 multi-pen-

548 5063 650 5103 nes
691 5046 976 5101 cherubim
1020 5053 1074 5102 et
1124 5045 1400 5116 seraphim
1441 5045 1625 5101 dicere
1666 5038 1976 5111 superiores
2004 5056 2127 5097 esse

548 5137 806 5195 omnibus
831 5138 1085 5201 virtutes,
1119 5149 1173 5193 et
1198 5137 1362 5194 unius
1387 5138 1545 5191 trina:
1574 5135 1912 5191 hierarchiae.

516 5227 521 5233 ”
619 5230 883 5301 Inclytus.
917 5229 1179 5285 Sanctum
1199 5229 1430 5284 Paulum
1459 5229 1721 5284 insinuat.

621 5323 971 5379 Potestatem.
997 5321 1145 5376 Duos
1179 5326 1473 5390 sequentes
1504 5319 1786 5374 terniones
1812 5315 2129 5387 intelligihi-

551 5415 685 5470 lium
720 5422 941 5471 sanctos
971 5411 1228 5467 ordinum
1260 5411 1601 5481 principatus
1631 5410 1700 5464 ah
1726 5408 1915 5464 inﬁmo
1945 5408 2013 5463 ad
2036 5424 2131 5463 su-

553 5522 802 5577 premum
828 5512 1098 5561 recenset.
1128 5501 1327 5558 Primae
1354 5502 1499 5558 enim
1528 5509 1658 5557 sunt
1686 5501 2125 5564 dominationes;

553 5607 742 5669 postea
771 5606 1077 5670 sequuntur
1105 5598 1371 5664 virtutes;
1404 5596 1636 5666 denique
1664 5601 1981 5664 potestates.
2006 5589 2128 5661 Ipse

556 5700 738 5745 autem
766 5696 1064 5761 potestates
1105 5690 1313 5760 primas
1352 5688 1654 5749 collocans,
1686 5682 1894 5738 medias
1916 5679 2129 5750 accepit

557 5783 987 5852 dominationes;
1019 5790 1073 5839 et
1094 5782 1243 5838 tertii
1274 5780 1515 5853 liturgici
1549 5776 1656 5848 22
1685 5772 1976 5839 ternionis,
2009 5771 2126 5843 pri-

559 5874 633 5927 mi
663 5874 1023 5946 principatus,
1061 5873 1255 5931 deinde
1277 5869 1611 5941 archangeli,
1630 5876 1697 5925 .ct
1719 5873 1997 5936 postremo
2032 5877 2129 5917 an-

2150 3251 2200 3315 C

2214 645 2306 702 ρον
2344 625 2565 699 τρόπον,
2619 622 2863 676 τουτέστι
2905 616 3048 674 κατά
3089 614 3152 669 τὸ
3196 612 3444 678 θεοειδὲς,
3489 611 3629 682 ὅπερ
3672 607 3801 702 εστὶ

2210 701 2354 777 κατά
2383 718 2445 774 τὸ
2468 716 2547 790 τῷ
2572 714 2692 788 Θεῷ
2723 713 2956 769 ἑοικέναι
2972 728 2988 745 ”
3022 708 3144 766 καθ’
3162 709 3288 763 ὅσον
3318 704 3539 776 ἐφικτὸν
3582 701 3799 774 ἑκάστῃ

2211 814 2421 872 αὐτῶνο
2473 811 2615 866 ὥστε
2658 808 2839 872 πάσας
2914 804 3012 878 μὲν
3069 800 3171 868 τὰς
3227 797 3630 872 ὑπερκοσμίους
3692 795 3800 851 τά-

2211 900 2323 966 ξεις
2362 897 2617 961 θεοειδεῖς
2656 892 2981 959 καλεῖσθαι,
3027 890 3124 947 καὶ⁸
3170 888 3369 962 ἑτέραν
3406 887 3464 941 δὲ
3504 884 3802 941 κοινωνίαν

2213 990 2357 1063 ἔχειν
2384 988 2565 1053 πάσας
2596 985 2768 1051 αὺτάς
2797 984 2897 1058 τὴν
2926 983 3026 1056 τῆς
3040 980 3439 1053 φαηεινοτάτης
3470 976 3802 1049 ἐλλάμψεως

2213 1085 2279 1141 ἐκ
2309 1082 2446 1139 Θεοῦ
2474 1079 2709 1156 δωρεὰν,
2741 1078 2846 1135 κᾶν
2876 1075 3015 1150 πρὸς
3044 1076 3106 1131 τὸ
3136 1075 3347 1149 ἑκάστῃ
3375 1071 3617 1143 ἐφικτὸν,
3650 1069 3691 1142 ἢ
3709 1071 3801 1123 ἐπ’

2214 1175 2455 1242 ἔλαττον,
2501 1173 2537 1247 ἢ
2569 1173 2664 1230 ἐπὶ
2708 1171 2896 1225 πλεῖον
2936 1171 2971 1242 ἡ
3019 1167 3285 1240 suam;
3328 1165 3569 1220 διδῶται.
3618 1162 3715 1217 Ἐν
3747 1161 3803 1216 δὲ

2212 1271 2292 1343 τῷ
2329 1270 2470 1339 Περι
2522 1268 2698 1324 θείων
2738 1262 3049 1335 ὀνομάτων
3090 1260 3236 1332 λόγῳ
3266 1258 3453 1329 φησιν,
3493 1256 3579 1310 ὅτι
3610 1252 3802 1327 [θεῖοι]

2219 1364 2369 1436 μόνοι
2390 1360 2638 1431 λέγονται
2667 1358 2719 1412 οί
2750 1356 2951 1421 παντὸς
2980 1353 3263 1425 τάγματος
3293 1348 3600 1421 ταξίαρχοι.

2299 1534 2638 1605 Ἰδιότητας.
2691 1530 3007 1606 Σημείωσαι
3046 1526 3166 1591 πῶς
3214 1525 3483 1597 ίδιότητας
3526 1523 3678 1594 λέγει
3704 1520 3805 1585 τὰς

2218 1627 2456 1699 ἑκάστης
2479 1626 2685 1692 τάξεως
2715 1622 3027 1692 ἀναλογίας.

2670 1714 2805 1787 ,ΕΙΣ
2835 1714 2923 1768 το
2954 1710 3204 1766 nam.
3241 1711 3332 1778 εῖν.

2295 1808 2325 1884 ς
2362 1809 2406 1867 Ι.
2438 1810 2650 1878 Μόνην
2686 1804 2958 1876 ἀκριϐῶς.
2996 1804 3121 1859 Ὅτι
3166 1801 3327 1874 μόνας
3372 1801 3403 1855 ό
3449 1798 3584 1865 Θεὸς
3629 1799 3661 1854 ὁ
3711 1799 3811 1855 καὶ

2145 1907 2189 1965 Β
2216 1901 2479 1957 θεοποιῶν
2508 1900 2706 1965 αὐτοὺς
2727 1936 2745 1965 ,
2778 1892 2920 1953 οἶδεν
2965 1893 3212 1969 ἀκριϐῶς
3241 1890 3439 1956 αὐτούς
3465 1906 3529 1945 τε
3559 1890 3654 1945 καὶ
3705 1889 3807 1954 τὰς

2215 1992 2395 2052 αὐτῶν
2425 1989 2767 2065 λειτουργίας
2789 2006 2805 2020 ·
2855 1988 2952 2043 καὶ
2998 1986 3151 2041 αὐτοὶ⁵
3180 1985 3238 2038 δὲ
3270 1984 3448 2038 ῐσασιν
3478 1982 3679 2047 αὐτοὺς
3712 1983 3810 2036 καὶ

2215 2085 2285 2140 τά
2335 2083 2567 2140 ἑαυτῶν.
2630 2082 2823 2154 Ἡμεῖς
2864 2080 2975 2151 γὰρ
3018 2077 3172 2133 οὐδὲν
3233 2075 3477 2149 ἀκριϐῶς
3524 2074 3635 2130 τῶν
3683 2072 3805 2129 κατ’

2217 2175 2415 2240 αὐτοὺς
2461 2171 2836 2245 ἐπιστάμεθα,
2870 2171 2919 2223 εί
2954 2167 3030 2241 μὴ
3061 2168 3163 2222 ὅσα
3194 2168 3258 2220 ὲκ
3287 2165 3385 2238 τῆς
3429 2164 3583 2230 θείας
3625 2161 3807 2219 ἐδιδά-

2219 2270 2427 2342 χθημεν
2453 2267 2694 2339 Γραφῆς·

2301 2360 2533 2418 Ἐννέα.
2559 2358 2870 2431 Σημείωσαι
2888 2396 2903 2422 ,
2937 2356 3022 2409 ὅτι
3052 2352 3212 2408 ἐννέα
3260 2351 3369 2405 είσὶ
3395 2349 3654 2423 τάγματα
3686 2348 3810 2405 θεία

2217 2453 2327 2508 τῶν
2358 2452 2584 2522 νοητῶν.
3276 2452 3281 2459 ’

2294 2541 2425 2615 §ll.
2484 2539 2946 2612 Ἰεροτελεστής.
2992 2535 3388 2608 Ἰεροτελεστὴν
3450 2534 3551 2609 μὲν
3605 2536 3813 2590 οἰκεῖον

2222 2635 2379 2691 εἴωθε
2410 2634 2596 2689 καλεῖν
2618 2672 2634 2699 ,
2666 2632 2701 2703 ἢ
2734 2632 2824 2687 τὸν
2856 2630 3128 2687 θειότατον
3159 2627 3456 2684 ἀπόστολον
3503 2628 3740 2694 Παῦλον,
3774 2628 3808 2699 ἢ

2220 2730 2311 2784 τὸν
2343 2728 2498 2798 ἀγιον
2523 2726 2802 2799 Ἰερόθεον,
2833 2724 2909 2790 ὼς
2942 2726 3003 2779 ὲν
3031 2721 3112 2795 τῷ
3140 2721 3281 2792 Περὶ
3306 2721 3480 2777 θείων
3501 2719 3809 2790 ὀνομάτων

2222 2821 2416 2893 ἐλέχθη
2447 2820 2591 2891 λόγῳ
2609 2837 2622 2850 ·
2673 2818 2770 2873 νῦν
2811 2818 2869 2872 δὲ
2899 2816 3089 2872 οὐδένα
3118 2814 3308 2887 ἓτερον
3336 2812 3579 2887 ἡγοῦμαι
3625 2809 3810 2885 λέγειν

2222 2915 2383 2969 αὑτὸν
2414 2914 2447 2985 ἢ
2479 2913 2573 2968 τὸν
2604 2913 2757 2981 ἀγιον
2789 2910 3002 2965 Παῦλον
3020 2927 3037 2941 ο
3088 2908 3302 2972 οὐδενὸς
3333 2906 3444 2980 γὰρ
3472 2902 3543 2978 ἦν
3576 2903 3741 2958 ἄλλου
3773 2902 3806 2972 ἢ

2224 3007 2388 3061 αὑτοῦ
2434 3006 2530 3060 τοῦ
2582 3005 2710 3078 άχρι
2754 3004 2939 3076 τρίτου
2981 2999 3213 3075 οὐρανοῦ
3246 2999 3579 3071 φθάσαντος,
3613 2994 3710 3048 καὶ
3740 2992 3808 3045 τά

2226 3098 2355 3172 περὶ
2385 3096 2591 3152 τούτων
2625 3096 2945 3168 μυηθέντος.

2643 3360 2849 3433 Πρώτη
2884 3362 3154 3433 τριαδικὴ
3178 3361 3365 3429 τάξις.

2393 3458 2622 3526 Θρόνοι,
2836 3458 3139 3527 χερουϐίμ,
3353 3451 3635 3522 σεραξοίμ.

2291 3549 2628 3618 Προσεχῶς.
2664 3550 2802 3623 Περὶ
2831 3551 2924 3604 τοῦ
2956 3548 3075 3620 Θεῷ
3108 3548 3418 3618 ἐγγίζοντος
3450 3543 3667 3615 πρώτου
3701 3543 3814 3596 τῶν

2227 3640 2388 3712 ίερῶν
2417 3642 2733 3712 ταγμάτων.

2308 3732 2714 3805 Ἀγιωτάτους.
2765 3734 2876 3806 Τὴν
2908 3733 3133 3806 πρώτην
3163 3729 3444 3806 τριαδικὴν
3474 3729 3683 3799 ταύτην
3719 3727 3813 3782 καὶ

2226 3823 2429 3897 θεοειδῆ
2492 3824 2813 3898 ταξιαρχίαν
2866 3826 2981 3879 ἔστι
3032 3825 3125 3880 τὸν
3178 3822 3443 3894 νουνεχῶς
3494 3822 3590 3875 καὶ
3643 3819 3813 3885 ἀξίως

2225 3916 2358 3970 Θεοῦ
2379 3917 2778 3972 κατοπτεύοντα
2798 3916 3147 3981 καταλαϐεῖν,
3168 3915 3275 3970 ἀπό
3292 3932 3353 3968 τε
3383 3912 3478 3966 τοῦ
3526 3910 3809 3982 Ἰεζεκιὴλ,

2225 4010 2285 4074 ὃς
2317 4026 2452 4080 φησι
2485 4009 2674 4082 θρόνον
2705 4010 2956 4080 πρῶτον,
2992 4009 3078 4078 ἐφ’
3111 4003 3173 4062 οὗ
3218 4006 3372 4077 ὤφθη
3416 4007 3445 4058 ὁ
3489 4004 3642 4068 Θεός·
3694 3998 3811 4056 εἶτα

2228 4101 2387 4166 εὐθὺς
2415 4100 2648 4173 ἐχόμενα
2664 4100 2733 4155 τὰ
2767 4101 2886 4155 θεῖα
2917 4099 3201 4172 χερουϐίμ·
3238 4096 3387 4169 παρὰ
3418 4096 3475 4150 δὲ
3508 4095 3587 4166 τῷ
3615 4094 3811 4164 Ἡσαΐᾳ

2225 4195 2295 4251 τά
2341 4193 2615 4265 ἁγιώτατα
2668 4195 2911 4265 σεραφὶμ
2958 4191 3145 4262 κύκλῳ
3199 4190 3460 4259 ἱστάμενα
3516 4184 3612 4241 τοῦ
3673 4185 3809 4237 Θεοῦ

2228 4287 2555 4359 θεωροῦντα.
2603 4285 2789 4340 Ταῦτα
2831 4286 2890 4339 δὲ
2937 4284 3089 4354 δηλοῖ
3117 4281 3217 4354 τὴν
3248 4280 3387 4351 ὑπὲρ
3419 4277 3626 4341 πάντας
3672 4276 3812 4329 ἀνω-

2227 4380 2375 4435 τάτω
2420 4378 2571 4452 παρά
2621 4379 2713 4433 τὸν
2758 4378 2892 4431 Θεὸν
2937 4376 3119 4429 αὐτῶν
3146 4372 3316 4445 λῆξιψ
3353 4368 3709 4440 σαφηνίζεται
3757 4368 3813 4421 δὲ

2228 4472 2401 4527 ταῦτα
2434 4472 2622 4543 σχεδὸν
2654 4468 3055 4542 παραπλησίως
3087 4466 3185 4520 καὶ
3229 4467 3287 4518 ὲν
3334 4464 3401 4533 τῇ
3448 4458 3812 4529 Ἀποκαλύψει

2601 4563 2850 4617 Ἰωάννου
2870 4600 2886 4625 ,
2931 4558 3025 4614 τοῦ
3070 4554 3389 4621 ἀποστόλου,
3422 4551 3809 4622 εὐαγγελιστοῦ

2234 4658 2327 4712 καὶ
2359 4658 2628 4727 θεολόγου.

2319 4753 2598 4822 Ἀμέσως.
2647 4749 2890 4821 Ἀμέσως
2922 4744 3158 4817 εἴρηται,
3191 4738 3375 4809 ἐπειδὴ
3406 4737 3508 4809 οῦκ
3539 4735 3687 4789 ἔστιν
3719 4733 3809 4788 άλ-

2232 4845 2291 4898 λο
2326 4844 2514 4915 τάγμα
2560 4840 2668 4913 πρὸ
2728 4839 2916 4908 αὐτῆς.
2951 4834 3260 4906 Σημείωσαι
3290 4830 3347 4882 δὲ
3370 4868 3386 4895 ,
3418 4829 3501 4883 ὅτι
3533 4828 3655 4890 τοῦς
3690 4826 3812 4897 0ρό-

2230 4954 2388 5001 νους,
2439 4936 2558 5008 ἦτοι
2606 4932 2677 4986 τά
2727 4929 3092 4999 πολυόμματα
3137 4924 3233 4979 καὶ
3274 4920 3343 4976 τά
3376 4919 3693 4991 πολύπτερα
3726 4934 3813 4987 χε-

2233 5029 2430 5100 ρουϐὶμ
2477 5026 2571 5079 καὶ
2621 5022 2863 5094 σεραφὶμ
2908 5019 3057 5088 λέγει
3099 5017 3376 5089 ἀνωτέρας
3420 5010 3561 5069 εἶναι
3622 5014 3812 5067 πασῶν

2230 5120 2487 5190 δυνάμεις
2518 5118 2613 5171 καὶ
2641 5116 2742 5185 τῆς
2778 5115 2906 5185 μιᾶς
2936 5111 3219 5185 τριαδικῆς
3252 5108 3552 5181 ἱεραρχίας.

2312 5212 2374 5264 '0
2402 5209 2655 5274 κλεινός.
2689 5206 2794 5260 Τὸν
2826 5204 2978 5274 ἆγιον
3011 5202 3223 5256 Παῦλον
3255 5200 3571 5254 αἰνίττεται.

2314 5299 2659 5365 Έξουσιῶν.
2701 5296 2813 5361 Τὰς
2845 5295 3047 5366 ἐφεξῆς
3078 5293 3169 5347 δύο
3216 5289 3499 5364 τριαδικάς
3541 5290 3650 5343 τῶν
3695 5304 3812 5356 νοη-

2225 5394 2335 5448 τῶν
2366 5394 2528 5462 ἁγίας
2571 5390 2892 5462 ταξιαρχίας
2940 5388 3184 5443 κάτωθεν
3228 5389 3309 5450 είς
3340 5386 3451 5440 ἀνω
3482 5382 3805 5451 καταλέγει-

2232 5486 2444 5559 πρῶται
2475 5485 2583 5555 γάρ
2614 5485 2751 5537 εἰσιν
2781 5484 2836 5534 αἱ
2869 5480 3204 5552 κυριότητες·
3241 5475 3362 5532 εἷτα
3392 5477 3518 5548 ἑξῆς
3549 5478 3603 5529 αἱ
3647 5472 3809 5527 δυνά-

2236 5598 2373 5654 μεις·
2411 5576 2529 5633 εἶτα
2558 5580 2615 5632 αἱ
2648 5574 2907 5641 ἐξουσίαι.
2940 5572 3110 5636 Αὐτὸς
3142 5572 3197 5625 δὲ
3226 5569 3325 5633 τὰς
3375 5566 3620 5633 ἐξουσίας
3653 5563 3809 5636 πρῶ⁴

2229 5693 2327 5739 τας
2375 5672 2581 5739 τάξας,
2631 5668 2801 5740 μέσας
2849 5666 3007 5720 ἔλαϐε
3053 5666 3153 5728 τὰς
3184 5663 3529 5734 κυριότητας·
3564 5659 3659 5712 καὶ
3710 5657 3807 5725 τῆς

2229 5769 2420 5840 τρίτης
2451 5763 2825 5835 λει-τουργικῆς
2854 5760 3068 5832 τριάδος
3118 5756 3332 5830 πρῶται
3363 5757 3419 5808 αἱ
3464 5752 3651 5825 ἀρχαὶ,
3690 5747 3809 5802 εἶτα

2233 5859 2416 5933 λοιπὸν
2459 5860 2509 5913 οί
2558 5852 2914 5929 ἀρχάγγελοιι
2962 5852 3055 5907 καὶ
3098 5850 3165 5905 τὸ
3214 5848 3520 5902 τελευταῖον
3564 5843 3785 5913 ἄγγελοι
