3860 6572
87 415 127 470 65
779 416 843 473 S.
880 415 1125 474 MAXIM!
1160 417 1455 476 SCHOLIA
1489 418 1557 476 ΙΝ
1592 420 1722 476 LIB.
1756 420 1847 478 DE
1876 422 2204 482 C(ELESTI
2234 425 2678 490 HIEMRCHIA.

3281 435 3352 502 6.6

87 529 154 585 Νῦν
173 518 260 580 οὖν
290 523 404 598 οὑχ
437 526 654 594 οὕτως
689 532 884 588 αὐτῶν
915 534 1318 606 ἐμνημόνευσεν
1349 537 1408 591 έν
1437 535 1517 608 τῷ
1546 537 1648 608 ἑξῆι

1773 539 1899 611 geli.
1933 538 2091 596 Nunc
2116 540 2284 612 igitur
2311 557 2422 599 non
2444 544 2522 604 ita
2543 545 2794 603 meminit
2813 546 3058 618 ipsorum
3087 549 3144 606 in
3173 551 3354 622 capite

87 618 328 690 κεφαλαίῳ,
365 620 529 674 ἀλλὰ
569 623 852 678 κάτωθεν
882 628 961 690 εἰς
1003 625 1116 681 ἄνω
1145 625 1326 681 λαϐὼν
1369 628 1673 700 ὠνόμασεν.

94 717 130 769 '0
151 714 224 783 μὲν
269 707 375 766 οὖν
425 713 806 780 ’Δπόστολος
851 717 910 771 ἐν
949 735 1008 771 τε
1051 721 1118 790 τῇ
1169 719 1306 791 πρὸς
1348 721 1672 792 Ῥωμαίους,

89 809 143 861 καὶ
171 807 223 858 ὲν
266 808 342 876 τῇ
396 807 567 877 πρὸς
623 810 921 879 Ἐφεσίους
955 811 1225 882 μέμνηται
1269 812 1427 867 ὲνίων
1457 815 1676 883 ἀγγελι-

91 899 152 950 ubi
171 897 512 967 ταγμάτωνο
571 901 649 952 οὐ
704 901 914 974 ταύτην
957 902 1012 956 δὲ
1043 903 1142 975 τὴν
1171 903 1326 968 τάξιν
1359 905 1668 976 ὑφηγεῖται.

89 989 186 1057 Anio!
211 987 268 1040 δὲ
301 990 334 1041 ὀ
371 989 582 1059 μέγας
623 992 935 1057 Διονύσιος,
968 994 1050 1048 ὅτι
1082 995 1142 1047 ὲν
1191 997 1471 1068 μυστηρίῳ
1499 998 1672 1052 ταῦτα

90 1080 309 1151 παρέδωκε
343 1082 476 1146 τοῖς
514 1083 724 1151 ἁγίοις
757 1086 787 1137 ὀ
820 1085 959 1150 θεῖος
992 1085 1332 1151 Ἀπόστολος.

544 1177 676 1232 ΕΙΣ
711 1179 806 1234 ΤΟ
837 1180 1082 1233 ΚΕΦΛΛ.
1119 1178 1184 1245 ζ’.

129 1265 203 1336 gl.
237 1266 425 1320 Πάλιν
464 1270 506 1339 ἡ
545 1270 858 1342 ἐπιγραφὴ
892 1273 1134 1326 κάτωθεν
1169 1274 1262 1328 ἐπὶ
1291 1273 1360 1328 τὰ
1395 1275 1670 1349 ὑπέρτερα

1775 629 2052 698 Sequenti,
2077 631 2170 686 sed
2198 630 2268 688 ab
2298 631 2487 688 intimo
2525 633 2597 688 ad
2634 649 2954 705 supremum
2983 653 3218 696 exorsus
3254 657 3352 696 no-

1775 720 2024 778 minavit.
2046 719 2345 793 Apostolus
2369 723 2554 794 igitur,
2571 733 2686 781 tum
2711 726 2766 780 in
2786 725 3029 798 Epistola
3053 730 3122 786 ad
3144 731 3350 789 Roma-

1775 827 1900 878 nos,
1932 820 2050 869 tum
2077 815 2146 869 ad
2185 814 2475 886 Ephesios,
2509 816 2760 874 meminit
2787 823 3151 890 quorumdam
3181 841 3350 897 ange-

1775 905 2007 962 licorum
2049 907 2344 976 ordinum;
2389 907 2540 966 hunc
2579 923 2708 968 vero
2751 911 3000 968 ordinem
3024 929 3137 968 non
3163 914 3344 973 docet.

1773 995 2031 1051 Declarat
2073 1006 2255 1054 autem
2313 1012 2546 1069 magnus
2591 999 2885 1072 Dionysius
2921 1003 3164 1060 divinum
3197 1006 3347 1077 Apo-

1773 1088 1975 1144 stolum
1998 1088 2111 1145 haec
2133 1090 2188 1145 in
2219 1091 2480 1162 mysterio
2503 1094 2712 1148 sanctis
2732 1093 3045 1153 tradidisse.

2333 1181 2402 1240 ΙΝ
2460 1182 2614 1240 CAP.
2647 1183 2760 1240 Vll.

1843 1270 1872 1344 ᾗ
1903 1271 1944 1330 1.
1979 1274 2222 1332 Rursum
2264 1274 2554 1346 inscriptio
2579 1278 2649 1335 ab
2691 1278 2881 1334 inﬁmo
2921 1281 2990 1338 ad
3025 1299 3341 1354 supremum

89 1361 218 1412 ἂνεισν
239 1359 311 1413 τὰ
345 1359 476 1432 γὰρ
509 1363 702 1434 τρίτα
739 1365 1001 1436 σεραφίμ·
1035 1366 1103 1420 τά
1135 1367 1192 1420 δὲ
1222 1366 1451 1440 δεύτερα
1483 1387 1648 1442 χερου

1769 1364 2064 1419 ascendit:
2103 1365 2254 1420 tertii
2297 1366 2443 1422 enim
2496 1368 2773 1439 sera-pliim
2798 1409 2816 1436 ,
2873 1373 3101 1428 secundi
3160 1369 3343 1432 autem

89 1453 156 1520 ϐεμο
185 1452 276 1505 καὶ
310 1453 388 1507 τὰ
427 1454 658 1526 πρῶτα
710 1455 915 1528 θρόνοι.
963 1459 1361 1532 Ἀντιστρόφως
1404 1456 1498 1515 οὖν
1563 1462 1648 1515 ἐπ-

1768 1453 2075 1521 cheruhim,
2111 1462 2169 1512 et
2199 1457 2362 1528 primi
2389 1459 2575 1516 throni
2602 1481 2617 1516 :
2649 1463 2930 1520 contrario
2971 1465 3138 1537 igitur
3180 1468 3344 1524 modo

87 1547 277 1616 ἐγρπψεν.

1768 1545 2070 1616 inscripsit.

133 1637 491 1707 Ἐπωνυμία.
532 1641 894 1711 Σημείωσαι,
929 1643 1009 1696 ὅτι
1041 1645 1152 1697 πᾶν
1181 1644 1352 1716 ὄνομα
1380 1646 1490 1701 τῶν
1503 1647 1648 1720 ίερῶι

1836 1635 2153 1704 Appellatio.
2187 1637 2349 1703 Nota,
2381 1655 2544 1697 omne
2579 1643 2778 1700 nomen
2811 1659 3096 1702 sacrorum
3129 1649 3342 1719 signiti-

89 1730 300 1798 σημασίαν
346 1730 638 1804 περιέχει
691 1734 801 1804 τῆς
843 1734 938 1788 τοῦ
983 1736 1261 1808 τάγματος
1296 1738 1470 1809 ίδικῆς
1515 1741 1648 1812 ὲνερ

1766 1721 2039 1778 cationem
2069 1724 2362 1794 complecti
2391 1728 2628 1797 prepriae
2651 1729 2864 1787 ordinis
2893 1734 3168 1804 energies;
3199 1735 3346 1790 sicut

87 1823 198 1888 γξέας,
241 1822 320 1887 ὡς
367 1825 498 1878 τῶν
535 1826 734 1894 ἁγίων
782 1829 1026 1900 σεραφὶμ
1071 1830 1167 1883 καὶ
1215 1832 1482 1903 χερουϐὶμ
1529 1832 1648 1905 [τῶι

1766 1821 2085 1870 sanctorum
2107 1816 2380 1886 seraphim
2409 1826 2466 1874 et
2502 1820 2785 1876 cherubim
2817 1821 3146 1898 [nominum]
3171 1827 3343 1882 inter-

362 1917 426 1969 αἱ
465 1917 790 1990 ἑρμηνεῖαι
835 1919 1084 1991 δηλοῦσιν
1110 1961 1125 1987 ,
1162 1922 1351 1995 ἐπειδὴ
1383 1924 1483 1977 οὑκ
1513 1924 1660 1979 ἐστιν

87 2004 161 2057 ἄλλο
185 2006 373 2078 τάγμα
409 2008 537 2080 πρὸ
574 2009 782 2081 αὐτῆς.

126 2099 503 2166 Θεοφανείας.
560 2100 671 2164 Et;
719 2100 832 2173 γὰρ
861 2102 988 2166 τοὺς
1035 2103 1285 2175 πρώτους
1317 2105 1656 2179 ἐργάζονται,

87 2189 426 2261 ἑνεργούμεναι
465 2192 530 2245 αἱ
572 2191 804 2263 πρῶται
838 2194 1166 2264 θεοφάνειαι.

132 2282 604 2354 Ἐκφαντορικῷ.
640 2285 795 2339 Ἀντὶ
824 2287 918 2340 τοῦ
955 2288 1333 2361 ἑρμηνευτικῷ
1363 2291 1457 2345 καὶ
1488 2310 1659 2366 παρα-

86 2389 280 2445 armum.

126 2466 417 2522 Θεοειδῶν.
455 2467 702 2540 Ἐπειδὴ
738 2469 991 2536 θεοειδεῖς
1023 2471 1165 2538 ἕξεις
1212 2476 1376 2546 φησὶν
1425 2477 1516 2530 ἐπὶ
1545 2479 1655 2532 τῶν

85 2555 192 2609 θείων
221 2559 384 2625 νοῶν,
423 2561 492 2613 οὐ
532 2560 650 2632 χρὴ
688 2561 1094 2634 ὑπολαμϐάνειν
1124 2565 1218 2619 τὸν
1266 2567 1439 2638 μέγαν
1468 2571 1654 2624 Διονύ-

85 2664 154 2700 cm
182 2650 274 2715 τὰς
307 2652 536 2725 ἀρετὰς
569 2653 786 2718 ταύτας
816 2654 916 2719 τὰς
947 2657 1146 2726 νοητὰς
1175 2657 1252 2724 ὡς
1285 2661 1649 2733 συμϐεϐηκὸς,

85 2741 141 2792 ita
185 2746 271 2797 καὶ
317 2747 409 2815 ἐφ’
459 2745 646 2817 ἡμῶν
696 2746 876 2800 αὐτῶν
928 2749 1313 2818 προσγίνεσθαι
1344 2751 1542 2822 λέγειν,
1576 2755 1651 2820 ὡς

82 2833 174 2905 illul
207 2836 244 2868 “
281 2840 341 2891 ὲν
376 2839 538 2909 ἄλλῳ
576 2839 935 2910 ὑποκειμένῳ
956 2881 969 2903 ,
1005 2843 1164 2894 οίονεὶ
1197 2843 1456 2914 ποιότητα
1490 2863 1654 2919 προσ-

82 2929 322 2998 γενομένην
351 2945 368 2961 ο
433 2931 502 2985 τὸ
564 2930 684 3002 γὰρ
753 2931 1095 3003 συμϐεϐηκὸς
1144 2936 1236 2988 καὶ
1294 2936 1650 3009 ὑποκείμενον

82 3019 248 3072 ἐκεῖθεν
277 3022 666 3094 ἀπελήλαται,
702 3022 794 3075 ὅτε
829 3024 921 3075 καὶ
965 3026 1114 3078 πᾶσα
1148 3025 1428 3093 σύνθεσις,
1465 3031 1558 3082 καὶ
1588 3030 1650 3084 τὸ

82 3111 148 3178 τῆς
189 3112 313 3183 ὕλης
359 3113 652 3185 ἄμορφον,
704 3114 916 3167 ἐκεῖθεν
960 3115 1268 3188 ἐξώρισται.
1315 3120 1378 3173 Εἰ
1425 3120 1534 3192 γὰρ
1579 3117 1649 3194 ἦν

1763 1905 2099 1975 pretationes
2128 1907 2410 1964 declarant
2437 1928 2449 1963 :
2493 1911 2940 1983 quandoquidem
2968 1930 3079 1970 non
3101 1917 3176 1972 sit
3195 1918 3340 1976 alius
3366 1908 3370 1911 “

1759 1997 1896 2052 ordo
1916 2005 2041 2054 ante
2066 1999 2265 2068 ipsum.
3365 1983 3371 1989 ’

1830 2088 2339 2160 Dei-apparitiones.
2373 2093 2434 2148 In
2466 2093 2662 2164 primis
2688 2097 2835 2152 enim
2866 2105 3188 2167 operantur,
3222 2114 3336 2168 pri-

1759 2193 1860 2237 ma:
1887 2180 2382 2253 Dei-apparitiones
2408 2186 2677 2246 eﬂicaces.

1830 2273 2296 2343 Explanatariam.
2319 2276 2415 2332 Gr.
2445 2277 2842 2348 ὲκφαντορικῷ.
2871 2278 2978 2335 Pro
3010 2281 3337 2352 interpreta-

1756 2365 1870 2421 tivo
1899 2376 1953 2422 et
1977 2367 2445 2436 repraesentativo.

1828 2461 2203 2531 Deiformium.
2227 2463 2496 2528 Quoniam
2541 2458 2839 2522 deisimiles
2863 2466 3082 2529 habitus
3110 2467 3244 2522 dicit
3271 2470 3326 2526 in

1753 2553 1956 2609 divinis
1987 2555 2284 2618 mentibus,
2315 2570 2423 2610 non
2448 2563 2663 2624 oportet
2691 2558 2905 2626 opinari
2936 2575 3192 2630 magnum
3212 2560 3331 2614 Ilio-

1753 2646 1972 2718 nysium
1987 2647 2221 2702 virtutes
2243 2647 2344 2702 has
2363 2647 2754 2718 intelligibiles,
2769 2656 3026 2722 tanquam
3049 2653 3325 2719 accidens,

1753 2739 1897 2793 sicut
1929 2738 2094 2792 etiam
2141 2739 2196 2793 in
2242 2740 2403 2794 nobis
2448 2740 2607 2809 ipsis,
2641 2741 2842 2806 inesse,
2881 2743 3093 2810 dicere;
3127 2753 3185 2798 ut
3217 2747 3326 2798 alia

1754 2829 1811 2883 in
1856 2829 1964 2882 alio
2019 2829 2298 2896 subjecto,
2355 2836 2613 2899 tanquam
2660 2833 2978 2901 qualitatem
3037 2832 3326 2889 adhaaren-

1753 2929 1859 2977 tcm
1889 2942 1901 2976 :
1936 2923 2191 2978 accidens
2219 2923 2365 2976 enim
2404 2933 2458 2978 et
2496 2923 2801 2994 subjectum
2849 2925 3000 2980 illinc
3035 2928 3324 2994 expulsum

1749 3023 1854 3079 est,
1878 3015 2099 3086 quando
2123 3025 2178 3070 et
2207 3016 2387 3070 omnis
2409 3017 2736 3085 compositio
2753 3055 2767 3080 ,
2795 3026 2849 3074 et
2872 3018 3113 3074 materiae
3143 3018 3327 3087 priva-

1749 3107 1826 3162 tio
1854 3107 2043 3162 forma:
2072 3107 2222 3163 illinc
2279 3110 2642 3167 exterminata
2699 3117 2804 3166 est.
2838 3108 2897 3164 Si
2918 3110 3063 3166 enim
3093 3110 3240 3165 aliud
3266 3110 3325 3165 in

81 3201 174 3255 ἄλλο
203 3206 256 3257 ἐν
285 3205 460 3276 ἄλλῳ,
497 3201 620 3260 οἷον
658 3207 1004 3280 συμϐεϐηκὸς
1036 3211 1094 3262 ὲν
1141 3210 1482 3282 ὑποκειμένῳ
1501 3253 1515 3277 ,
1549 3214 1648 3268 οὐκ

1766 3200 1858 3254 ilio
1900 3209 2046 3268 erat,
2073 3201 2215 3257 sicut
2246 3202 2502 3257 accidens
2531 3203 2585 3257 in
2613 3203 2884 3274 subjecto,
2918 3219 3096 3274 neque
3139 3203 3324 3259 vivere

81 3293 122 3344 ἂν
151 3295 234 3366 ἔζη
266 3297 388 3350 καθ’
426 3297 642 3371 ἑαυτὴν
695 3300 729 3370 ἡ
776 3300 933 3353 οὐσία
978 3301 1182 3372 ἐκείνη,
1235 3303 1354 3356 οὐδὲ
1400 3303 1647 3360 θεοῦσθαι

79 3387 171 3443 καθ’
213 3389 406 3462 ἑαυτὴν
455 3391 536 3455 ὡς
590 3392 822 3461 ἐφικτὸν
855 3392 1101 3462 ἠδύνατο,
1155 3393 1240 3447 διὰ
1277 3395 1445 3468 μόνην
1495 3384 1648 3464 τάξιν

80 3479 150 3548 τὴν
180 3481 248 3544 ὡς
278 3482 408 3536 ἄλλο
457 3487 519 3537 ὲν
568 3483 720 3556 ἄλλῳ
755 3484 1161 3558 φυλαττομένην
1183 3503 1196 3516 ·
1233 3489 1288 3541 αί
1320 3484 1411 3541 οὖν
1443 3491 1502 3542 ὲν
1546 3490 1646 3542 αὑ-

80 3574 164 3634 τοῖς
194 3575 483 3646 εἰρημέναι
518 3575 672 3640 ἕξεις
705 3577 1142 3648 αὑτουσιωμέναι
1177 3579 1220 3611 δ’
1253 3580 1410 3643 εἰσὶν,
1447 3582 1506 3635 οὐ
1539 3581 1644 3652 μὴν

80 3660 133 3725 ὡς
164 3667 506 3737 συμϐεϐηκὸς
541 3669 603 3720 ὲν
639 3668 1018 3739 ὑποκειμένῳ,
1052 3668 1139 3722 διὰ
1171 3670 1232 3722 τὸ
1263 3671 1443 3725 άῦλον.
1483 3672 1645 3728 Ὅθεν

79 3755 96 3804 ὁ
123 3755 277 3824 μέγας
307 3759 596 3823 Διονύσιος
630 3759 878 3813 κάτωθεν
911 3763 967 3814 ὲν
999 3761 1075 3832 τῷ
1107 3763 1246 3830 Περὶ
1284 3762 1392 3832 τῆς
1425 3764 1643 3833 ἐκκλη-

80 3851 365 3920 macta-ﬁ;
420 3852 739 3921 ιεραρχίας
786 3850 927 3922 λόγῳ
972 3851 1251 3924 κεφαλαίῳ
1283 3855 1526 3925 τετάρτῳ
1557 3856 1646 3908 οὑ-

83 3941 259 4006 ςιώδεις
290 3943 457 4014 φησὶν
489 3940 639 3997 εἶναι
676 3942 778 4006 τὰς
811 3942 950 4007 ἕξεις
980 3943 1078 4007 τὰς
1103 3946 1162 3997 ὲν
1195 3945 1394 4009 αὐτοῖς.

134 4033 365 4097 Ἕξεων.
415 4035 764 4108 Σημείωσαι,
813 4035 893 4088 ὅτι
942 4038 998 4088 αἱ
1033 4036 1173 4089 θεῖαι
1217 4036 1474 4108 δυνάμεις
1520 4039 1642 4093 καθ’

79 4123 169 4187 ἕξιν
197 4127 371 4196 ἔχουσι
399 4128 466 4182 τὸ
497 4127 760 4191 θεοειδές.
800 4125 950 4192 Ἕξις
979 4128 1037 4181 δέ
1075 4130 1189 4182 ἐστι
1223 4129 1444 4201 ποιότης
1475 4129 1644 4202 ἔμμο-

79 4231 169 4278 νος.

145 4307 408 4365 Ἐντεῦθεν
439 4306 538 4366 οὖν
571 4308 853 4382 δηλοῦται,
882 4311 964 4364 ὅτι
995 4308 1332 4376 αὑτεξοὺσιοί
1362 4313 1500 4366 εἰσιν
1529 4311 1640 4377 ἕξει

79 4398 159 4462 τὶς
203 4401 396 4473 ἀρετὰς
441 4402 750 4474 κτώμεναι.
803 4401 972 4455 Τοῦτο
1020 4401 1354 4475 πλατύτερον
1401 4405 1641 4476 παριστᾷ

83 4491 284 4562 Ἄμμων
329 4497 358 4548 ὁ
404 4492 922 4569 Ἀδριανουπολίτης
953 4493 1033 4559 ⁸³,
1081 4496 1141 4548 ὲν
1177 4497 1289 4558 τοῖς
1319 4495 1460 4563 Περὶ
1493 4495 1638 4549 ἁνα-

1751 3292 1930 3362 seipsa
1972 3293 2214 3348 essentia
2235 3332 2251 3356 ,
2282 3308 2460 3362 neque
2493 3294 2670 3364 seipsa
2717 3293 2862 3352 Deus
2889 3294 3026 3350 edici
3055 3303 3321 3364 quantum

1748 3382 1877 3436 licet
1921 3382 2122 3452 quiret,
2174 3398 2273 3452 per
2300 3383 2476 3438 solum
2506 3383 2754 3438 ordinem
2803 3391 2866 3437 ut
2915 3383 3060 3437 aliud
3113 3383 3166 3436 in
3214 3383 3324 3438 alio

1749 3482 2134 3530 conservatum
2173 3493 2186 3529 :
2235 3488 2368 3545 ergo
2407 3475 2538 3529 dicti
2591 3476 2646 3530 in
2689 3475 2826 3544 ipsis
2857 3475 3095 3539 habitus,
3131 3489 3227 3544 per
3263 3492 3323 3530 se

1749 3565 2102 3622 substantiati
2133 3573 2292 3632 sunt;
2326 3581 2435 3621 non
2465 3581 2595 3621 vero
2622 3567 2766 3622 sicut
2791 3565 3051 3623 accidens
3089 3566 3145 3620 in
3187 3565 3322 3619 sub-

1741 3660 1920 3730 jecto,
1952 3665 2173 3729 propter
2209 3659 2451 3713 materia:
2481 3658 2863 3728 privationem.
2905 3656 3060 3712 Unde
3089 3671 3322 3728 magnus

1745 3753 2042 3824 Dionysius
2081 3751 2246 3816 infra,
2281 3752 2338 3805 in
2365 3752 2507 3806 libro
2531 3750 2610 3804 De
2632 3751 2990 3805 ecclesiastica
3021 3749 3323 3806 hieran/tia

1745 3846 1922 3916 capite
1943 3851 2141 3915 quarto
2163 3842 2325 3910 dicit,
2359 3840 2752 3898 substantiales
2784 3857 2907 3898 esse
2947 3841 3188 3907 habitus,
3223 3842 3320 3913 qui

1743 3937 1880 4009 ipsis
1910 3937 2118 3992 insunt.
3231 3958 3234 3961 -

1817 4029 2210 4083 Habitudinum
2266 4027 2405 4082 Nota
2447 4025 2663 4080 divinas
2709 4024 2943 4079 virtutes
2978 4023 3182 4078 habere
3219 4039 3318 4094 per

1740 4121 1963 4177 modum
1985 4119 2201 4174 habitus
2231 4115 2791 4174 dei-similitudinem.
2821 4113 3056 4172 Habitus
3082 4129 3212 4172 vero
3228 4121 3316 4177 est

1741 4213 1980 4286 qualitas
2007 4213 2330 4268 immanens.
3012 4208 3015 4211 ’

1811 4304 1951 4360 Hinc
1986 4305 2153 4376 igitur
2180 4305 2518 4368 declaratur,
2549 4301 2694 4374 quod
2740 4299 2900 4356 liberi
2940 4299 3051 4356 sint
3074 4341 3090 4366 ,
3123 4300 3314 4356 habitu

1739 4397 1969 4454 virtutes
2001 4398 2334 4454 obtinentes.
2359 4395 2472 4452 Hoc
2500 4395 2605 4467 23
2631 4393 2807 4450 fusius
2837 4393 3060 4449 exhibet
3079 4394 3312 4448 Ammon

1739 4489 2176 4560 Adrianopolita,
2223 4489 2280 4543 in
2326 4489 2481 4544 libris
2521 4487 2598 4542 De
2624 4485 3025 4550 resurrectione,
3055 4500 3088 4539 ιι
3127 4485 3312 4555 seipse

81 4559 318 4654 στάσεως
363 4559 517 4660 αὑτῷ
568 4586 717 4642 κατὰ
744 4559 1052 4659 Ὧριγένους
1099 4559 1507 4658 γεγραμμένοις
1546 4586 1635 4640 λό-

1766 4591 1935 4640 rontra
1957 4559 2246 4653 Drigenem
2260 4579 2497 4651 scriptis.

138 4711 195 4737 ,ν

143 4769 578 4840 Ἵψηλοτὰτων.
617 4769 716 4824 Διὰ
747 4770 799 4824 τί
827 4769 1073 4841 λέγονται
1106 4768 1304 4842 θρόνοι.

138 4865 482 4932 Περιπεζῗας.
528 4865 679 4918 Ἀντὶ
737 4863 832 4917 τοῦ
854 4903 868 4926 ,
917 4863 1016 4935 τῆς
1063 4862 1198 4934 πρὸς
1239 4861 1301 4914 τὸ
1361 4861 1635 4933 χθαμαλὸν

84 4953 277 5022 βάσεως.
324 4959 647 5030 Σημείωσαι
695 4957 751 5010 δὲ
774 4997 789 5023 ,
820 4959 906 5023 τίς
933 4959 961 5011 ὸ
993 4955 1194 5029 σκοπὸς
1226 4954 1404 5025 πάσης
1450 4956 1634 5026 ἱεραρ-

83 5048 196 5115 χίας.

145 5141 449 5212 Ὑφέσεως.
484 5141 798 5211 Ἀνωτάτην
813 5139 934 5193 τινὰ
965 5139 1137 5210 φύσιν·
1158 5139 1250 5191 καὶ
1284 5136 1420 5209 μετὰ
1441 5137 1486 5169 δι
1504 5135 1634 5190 Θεὸν

83 5231 210 5297 εὐθὺς
240 5236 330 5288 ὑπ’
362 5234 533 5288 αὑτοῦ
564 5231 906 5303 τεταγμένην
935 5231 1081 5301 δηλοῖ
1110 5229 1235 5292 τοὺς
1268 5227 1508 5300 θρόνους,
1541 5225 1632 5280 οὐ·

83 5320 146 5374 δὲν
173 5328 259 5380 ἐπὶ
288 5328 354 5380 τὰ
388 5325 554 5380 ὑλικά
589 5325 978 5398 προσέχοντας,
1012 5323 1089 5386 ὡς
1123 5321 1408 5391 σημαίνειν
1439 5320 1507 5373 τὸ·
1526 5334 1632 5390 μη-

85 5414 150 5470 θὲν
203 5422 396 5485 αὐτοὺς
443 5421 592 5492 ἔχειν
644 5415 968 5491 περιπεζίας
1018 5414 1279 5484 ὑφέσεως,
1323 5414 1440 5485 ἤτοι
1487 5411 1633 5465 ὲνδὸ-

84 5523 214 5576 σεως,
241 5514 344 5568 καῖ
363 5514 463 5585 τῆς
500 5510 643 5584 πρὸς
691 5509 754 5561 τὸ
785 5507 931 5562 κάτω
977 5505 1241 5567 νεύσεως*
1285 5502 1417 5556 ἀλλὰ
1449 5500 1510 5554 τὸ
1541 5501 1633 5554 ἐπὶ

83 5598 189 5655 Θεὸν
226 5604 588 5668 ἀναϐατικὸν,
640 5600 936 5673 ἀνωφερῶς
977 5598 1260 5671 προσέχον.
1323 5595 1520 5659 Καλῶς
1573 5593 1632 5648 δὲ

1811 4762 2346 4818 Sublimissimorum.
2375 4759 2606 4830 Propter
2639 4758 2771 4830 quid
2800 4759 3060 4815 dicuntur
3099 4757 3306 4812 throni.

1810 4854 2151 4917 Humilitate,
2180 4853 2275 4908 Gr.
2315 4854 2640 4926 περιπεζίας
2665 4868 2766 4924 pro
2795 4872 2808 4908 :
2835 4853 2902 4907 ad
2934 4853 3187 4908 incessus
3215 4852 3311 4907 hu-

1737 4947 2044 5002 militatem.
2069 4943 2208 4998 Nota
2234 4959 2382 5009 vero,
2415 4944 2543 5014 quis
2565 4944 2640 4998 sit
2667 4957 2870 5013 seopus
2891 4943 3164 4999 universae
3189 4943 3308 4997 hie-

1739 5038 1988 5094 rarchiaa.

1808 5130 2246 5188 Submissionem.
2301 5127 2624 5198 Supremam
2670 5128 2905 5198 aliquam
2948 5135 3203 5184 naturam
3252 5129 3308 5179 et

1735 5230 1860 5292 post
1913 5219 2082 5274 Deum
2142 5216 2328 5274 statim
2375 5217 2480 5272 sub
2535 5217 2656 5287 ipso
2713 5218 3017 5274 ordinatam
3068 5214 3309 5269 declarat

1736 5313 1965 5367 thronos
1991 5308 2128 5364 nihil
2159 5307 2227 5362 ad
2256 5307 2566 5363 materialia
2606 5307 2990 5373 attendentes;
3031 5313 3094 5359 ut
3129 5303 3306 5374 signi-

1736 5405 1861 5461 ticet
1889 5403 2028 5459 nihil
2059 5402 2207 5473 ipsos
2231 5401 2430 5456 habere
2468 5400 2748 5456 terrestris
2777 5395 3182 5460 submissionis,
3207 5411 3305 5462 seu

1737 5496 2098 5559 remissionis,
2129 5502 2184 5548 et
2213 5491 2596 5562 propensionis
2631 5491 2700 5546 ad
2731 5489 3018 5554 inferiora;
3056 5487 3149 5542 sed
3195 5488 3304 5542 vim

1739 5587 2068 5645 ascendendi
2099 5586 2163 5640 ad
2193 5584 2384 5650 Deum,
2409 5583 2538 5639 dum
2569 5597 2786 5638 sursum
2817 5579 2983 5636 fertur
3019 5575 3307 5634 attondent»

973 5773 1207 5828 VARIAZ
1244 5767 1629 5826 LECTIONES
1661 5766 1747 5822 ET
1783 5763 2328 5824 CORRECTlONES.

130 5896 171 5957 .“
203 5897 336 5950 ἄλλο.
437 5897 480 5928 ⁸⁸
515 5889 986 5961 ἁντιουςιωμέναι.

1064 5887 1106 5919 ⁵³
1154 5881 1454 5956 Ἀνδριανου
1465 5882 1686 5940 πόλεως.

1759 5881 1803 5916 ⁸⁸
1831 5879 1974 5942 περί.
