3860 6556
576 405 646 462 67
1409 396 1753 456 APPENDIX
1784 396 1878 453 AD
1909 395 2141 455 OPERA
2171 395 2232 455 S.
2267 394 2568 454 DIONYSII
2595 395 3081 458 AREOPAGITE.
3755 401 3813 459 68

576 531 714 577 tem.
754 518 925 576 Recte
962 524 1146 573 autem
1199 514 1428 570 adduxit
1469 512 1859 586 ὗπερκοσμίως
1899 528 2000 583 pro
2035 510 2129 568 sint

2256 510 2536 582 ἐπήγαγεν
2580 514 2996 584 ὑπερκοσμίως
3013 553 3030 581 ,
3085 515 3208 569 ἀντὶ
3247 515 3343 570 τοῦ
3390 515 3690 588 ἀσωμάτως
3732 522 3813 575 καὶ

577 628 828 685 corpore,
860 619 914 666 et
941 610 1062 665 sine
1084 607 1333 672 materia,
1364 615 1420 661 et
1450 605 1898 676 iutelligibiliter;
1919 614 1984 660 ut
2005 605 2152 659 enim

576 706 803 760 minime
827 700 1136 766 arbitreris,
1154 698 1215 753 τὸ
1233 699 1459 762 ἄναντες
1490 713 1616 754 esse
1639 697 1783 753 viam
1808 711 2150 768 corpoream,

577 794 846 865 adjunxit,
880 790 1329 845 immateriaiiter.

646 885 936 954 Deiferum.
977 882 1116 939 Nota
1141 921 1158 947 ,
1193 898 1320 936 eum
1359 883 1524 938 etiam
1563 888 1881 936 sanctorum
1926 879 2152 933 throno-

571 993 692 1034 rum
729 976 981 1032 ordinem
1011 974 1285 1044 Deiferum
1312 975 1556 1039 dixisse,
1586 981 1846 1043 tanquam
1881 973 2146 1028 ferentem

569 1067 738 1121 Deum
780 1066 946 1121 modo
1002 1065 1337 1136 intelligibili
1396 1065 1961 1135 superquiescentem.
2013 1063 2149 1120 Vide

567 1158 755 1228 igitur,
787 1157 1231 1228 quandoquidem
1263 1157 1426 1211 etiam
1463 1156 1657 1211 beatus
1687 1155 1923 1210 Basilius
1943 1153 2149 1224 Cappa-

565 1247 694 1314 dox,
724 1246 988 1303 deiferam
1036 1247 1174 1301 dixit
1221 1260 1469 1309 carnem,
1503 1245 1964 1300 considerandum
2009 1259 2147 1314 quo-

555 1341 730 1397 modo
760 1341 966 1396 dictum
1013 1340 1108 1396 sit.
1142 1337 1340 1394 Verum
1387 1353 1519 1394 caro
1561 1337 1784 1409 quidem"
1822 1338 1995 1407 ipsius
2032 1336 2144 1390 Do-

563 1432 700 1487 mini
722 1431 1028 1488 secundum
1059 1430 1429 1486 substantiam
1455 1437 1511 1483 et
1542 1429 1958 1485 subsistentiam
1991 1431 2145 1485 unita

564 1519 666 1577 fuit
694 1522 798 1593 ipsi
823 1520 934 1577 Deo
959 1509 1173 1587 Verbo;
1206 1519 1331 1576 ideo
1363 1520 1530 1575 etiam
1561 1520 1678 1591 ipse
1708 1535 1929 1576 carnem
1955 1531 2142 1592 gesta-

561 1626 622 1666 re
673 1626 705 1666 a
756 1611 1014 1668 Patrilms
1060 1610 1297 1676 dicitur,
1349 1618 1405 1666 et
1437 1625 1658 1666 carnem
1691 1610 1966 1680 induisse;
2011 1613 2143 1684 quid

558 1703 726 1775 igitur
749 1703 1070 1767 absurdum,
1106 1703 1152 1758 si
1185 1703 1351 1758 etiam
1394 1702 1568 1773 ipsius
1603 1718 1734 1758 caro
1761 1701 1969 1759 deifera
1999 1703 2142 1760 dici-

558 1802 668 1860 tur,
705 1803 967 1865 tanquam
999 1793 1180 1851 ferens
1206 1794 1375 1850 Deum
1411 1793 1654 1849 Verbum
1680 1793 1983 1850 secundum
2017 1797 2142 1852 uni-

554 1884 761 1940 tionem
795 1885 1205 1950 indivisibilem,
1242 1884 1418 1956 ipsius
1438 1883 1602 1938 etiam
1636 1898 1787 1949 caro,
1811 1900 1934 1955 quae
1959 1892 2015 1939 et
2048 1885 2137 1939 di-

553 1975 700 2031 citur
727 1985 783 2032 et
802 1977 1024 2034 exsistit
1052 1977 1294 2048 prOprie,
1331 1984 1384 2030 et
1410 1975 1712 2030 secundum
1742 1977 2047 2032 veritatem.
2071 1976 2138 2033 lli

552 2078 733 2122 autem
766 2067 1068 2123 secundum
1099 2067 1332 2139 gratiam
1359 2066 1624 2122 habentes
1658 2067 1714 2121 in
1749 2066 1951 2138 seipsis
1967 2066 2137 2122 Deum

551 2157 812 2214 ineﬂabili
845 2173 1099 2216 sermone
1127 2165 1182 2214 et
1204 2157 1613 2228 inconceptibili
1647 2157 1996 2231 cogitatione,
2020 2158 2138 2214 dei-

550 2247 650 2302 feri
685 2249 852 2304 etiam
898 2249 1010 2320 ipsi
1044 2249 1168 2306 ideo
1207 2248 1489 2316 dicuntur,
1521 2249 1650 2320 quia
1688 2250 1868 2320 primo
1910 2251 2136 2322 partici-

547 2348 681 2411 pant
720 2341 910 2413 prima:
954 2343 1184 2398 virtutes
1226 2341 1295 2397 de
1333 2341 1466 2407 Deo,
1500 2348 1669 2412 atque
1712 2341 1788 2406 ita
1834 2342 2138 2398 communi-

550 2440 682 2487 cant
703 2433 1165 2504 indigentioribus
1199 2432 1398 2487 factam
1426 2433 1482 2487 in
1518 2448 1578 2490 se
1612 2432 2058 2488 illustrationem.

625 2525 654 2596 §
687 2524 750 2582 ll.
786 2526 1004 2583 Primis.
1040 2525 1134 2582 Sic
1161 2525 1466 2581 secundum
1510 2526 2008 2597 transgressionem
2052 2525 2135 2580 in-

547 2617 844 2689 telligenda
890 2628 976 2676 est
1023 2618 1225 2674 lectio:
1265 2617 1459 2689 primis
1498 2618 1822 2675 substantiis
1852 2617 2133 2689 pr0priam

545 2711 850 2782 putandum
901 2727 1023 2768 esse
1072 2711 1441 2767 bierarchiam
1491 2710 1820 2768 uniformem
1867 2712 2003 2783 ipsis
2045 2727 2136 2768 se-

545 2802 787 2858 cundum
813 2804 1030 2871 omnia;
1065 2804 1274 2874 reliqua
1296 2811 1502 2868 autem,
1534 2804 1589 2858 in
1612 2804 1813 2859 medio.

616 2892 967 2950 Invisibilem.
1000 2890 1140 2947 Nota
1167 2891 1313 2964 quod
1347 2891 1498 2947 omni
1541 2891 1804 2948 invisibili
1835 2900 1891 2947 et
1927 2889 2130 2947 visibili

541 2982 748 3040 virtute
768 2982 1009 3055 majores
1039 2982 1152 3040 sint
1183 2991 1295 3039 tres
1323 2981 1380 3037 hi
1413 2981 1576 3052 primi
1606 2982 1852 3038 ordines.

611 3159 887 3222 Gnatam,
919 3157 1015 3213 Gr.
1042 3157 1348 3227 γεγονυίας.
1382 3154 1498 3212 Hoc
1519 3162 1606 3212 est
1633 3155 1933 3211 conditam.

621 3249 770 3305 Visa.
819 3248 979 3316 Quod
1019 3249 1232 3304 nullum
1277 3247 1496 3314 visum,
1540 3263 1639 3303 seu
1678 3246 2127 3317 imaginationem

538 3343 884 3398 materialem
925 3341 1174 3413 recipere
1221 3347 1448 3412 queant,
1481 3346 1535 3394 et
1573 3338 1706 3392 nulli
1743 3337 1997 3394 immistae
2020 3337 2130 3394 sint

539 3433 930 3501 submissioni;
963 3432 1110 3504 quod
1142 3447 1252 3487 non
1283 3438 1496 3486 tantum
1527 3429 1724 3484 divinae
1747 3430 1978 3485 virtutes
1999 3430 2131 3500 ipsa:

540 3542 572 3581 a
593 3525 830 3581 maculis
859 3533 915 3580 et
943 3522 1373 3594 inquinamentis
1400 3521 1643 3577 liberata;
1661 3521 1796 3585 sint,
1839 3520 1935 3575 sed
1963 3522 2130 3575 etiam

540 3619 748 3674 nullam
799 3617 909 3689 24
953 3616 1402 3687 imaginationem
1463 3612 1802 3679 materjalem
1847 3613 2130 3668 admittere

539 3717 764 3782 queant,
805 3725 984 3780 neque
1013 3709 1110 3763 uili
1130 3709 1312 3763 mistae
1338 3705 1727 3770 imminutioni,
1753 3714 1808 3759 et
1833 3706 1984 3759 nullo
2011 3720 2130 3759 mo-

537 3803 610 3858 do
641 3803 1085 3857 extenuationem
1134 3799 1203 3855 ad
1251 3798 1513 3854 inferiora
1557 3803 1977 3868 cognoscentes.
2011 3795 2129 3851 Hoc

541 3908 669 3948 vero
703 3892 968 3964 intellige,
1002 3906 1112 3946 non
1141 3889 1287 3962 quod
1309 3889 1610 3945 secundum
1641 3897 1893 3942 naturam
1933 3887 2130 3942 immu-

535 3985 735 4042 tabiles
771 3984 919 4051 sint;
969 3983 1068 4039 sed
1105 3982 1250 4053 quod
1284 3981 1457 4036 libero
1498 3980 1732 4035 arbitrio
1777 3986 2001 4050 agentes
2029 3995 2128 4050 per

537 4078 764 4133 nimiam
790 4079 846 4132 in
868 4079 1073 4132 bonum
1108 4075 1494 4146 cupiditatem,
1523 4073 1582 4128 in
1625 4073 1964 4128 divinitatem
2003 4089 2127 4144 pro-

539 4185 720 4240 pensae
753 4171 830 4223 ita
858 4169 1241 4239 perstiterunt,
1275 4166 1712 4220 immobilitatem
1748 4174 2009 4235 tanquam
2027 4165 2126 4219 lia-

538 4261 710 4317 bitum
759 4260 1047 4315 habentes.
1094 4258 1266 4313 Solus
1313 4258 1460 4313 enim
1513 4256 1817 4312 secundum
1867 4265 2126 4311 naturam

535 4353 898 4408 immutabilis
932 4353 1096 4408 Deus.
1124 4350 1218 4406 Hae
1245 4357 1425 4405 autem
1461 4349 1510 4405 si
1543 4349 1618 4402 ita
1649 4356 1848 4403 creata:
1871 4347 2121 4413 fuissent,

535 4461 648 4500 non
673 4444 970 4502 excidisset
1001 4443 1279 4500 diabolus.
1311 4441 1515 4497 Verum
1544 4447 1598 4494 et
1618 4439 1702 4493 ha:
1730 4440 1924 4495 omnes
1958 4440 2124 4496 unius

539 4545 591 4593 et
619 4537 847 4608 aequalis
872 4535 1123 4604 ordinis;
1158 4535 1307 4607 quod
1341 4535 1487 4591 enim
1535 4539 1732 4587 natura
1779 4531 1980 4586 bonum
2014 4539 2120 4598 est,
2154 4545 2199 4600 ι)

539 4627 871 4684 descensum
897 4643 1006 4682 non
1032 4628 1213 4683 habet.

608 4718 715 4774 Per
734 4735 789 4774 se
817 4719 1084 4774 mobilem.
1105 4718 1214 4774 Per
1246 4733 1306 4774 se
1340 4716 1596 4772 mobilem
1623 4716 1760 4770 dicit
1791 4714 1876 4768 bic
1898 4723 2123 4771 sanctus

538 4810 782 4881 ipsorum
811 4824 934 4864 esse
961 4811 1294 4864 motionem:
1325 4814 1384 4862 ut
1414 4806 1814 4868 invariabilem,
1844 4815 1898 4860 et
1925 4806 2125 4861 immu-

534 4901 782 4965 tabilem,
813 4901 1006 4956 eodem
1041 4912 1223 4955 autem
1252 4899 1412 4953 modo
1443 4913 1503 4954 se
1519 4898 1830 4953 habentem.
1856 4897 2123 4954 Motiones

538 5009 667 5048 vero
692 4995 749 5048 in
775 4993 913 5063 ipsis
946 5000 1095 5058 sunt,
1129 4991 1505 5046 indesinentes
1533 4989 1681 5044 circa
1723 4989 2122 5044 consideratio-

536 5103 637 5142 nes
675 5085 1026 5157 operationes
1055 5083 1322 5139 eliicaces.
1360 5081 1568 5136 Mentes
1599 5080 1744 5136 enim
1773 5087 1904 5135 sunt
1924 5080 2121 5135 silendi

535 5179 901 5250 impotentes;
928 5185 983 5233 et
1016 5184 1164 5239 nota,
1198 5171 1486 5228 secundum
1531 5174 1776 5241 pietatem
1817 5172 2111 5226 immutabi-

537 5273 760 5327 iitatem.
789 5271 931 5341 Lege
958 5282 1177 5339 quoque
1208 5275 1372 5337 caput
1416 5273 1670 5336 quartum
1717 5263 1844 5318 libri
1876 5265 1954 5317 De
1983 5263 2120 5318 divi-

535 5364 619 5418 nis
646 5363 968 5423 nominibus,
1001 5366 1056 5413 ct
1081 5367 1244 5428 caput
1273 5371 1527 5414 octavum
1557 5355 1845 5428 praesentis
1877 5356 2022 5411 libri.

607 5452 1100 5521 Contemplatrices.
1130 5449 1268 5504 Nota
1301 5448 1574 5520 quomodo
1595 5448 1857 5503 dicuntur
1885 5455 2123 5504 contem-

536 5546 726 5619 plativi
753 5546 810 5600 hi
836 5543 1010 5600 sancti
1043 5542 1290 5607 ordines,
1328 5551 1383 5599 et
1404 5541 1550 5613 quod
1584 5556 1696 5596 non
1722 5556 1820 5611 per
1851 5540 2006 5612 signa
2027 5549 2122 5595 aut

537 5637 1026 5707 contemplationes
1056 5633 1356 5706 Scriptura:
1404 5634 1498 5691 Dei
1529 5633 1898 5705 cognitionem
1937 5633 2123 5703 acqui-

538 5736 687 5795 runt,
723 5729 887 5784 sicuti
920 5743 1045 5784 nos.

528 5887 550 5899 5
610 5819 1004 5877 lnlcllectilium
1049 5821 1405 5891 spectatrices.
1456 5817 1660 5890 Θεωροί
1709 5817 1971 5873 dicuntur
2007 5834 2121 5890 my-

2253 601 2434 666 ἀΰλως
2464 601 2563 657 καὶ
2591 604 2799 676 νοητῶς
2819 642 2838 670 ,
2870 604 2990 676 ἦτοι
3032 605 3264 677 νοερῶς·
3318 605 3404 660 ἴνα
3431 605 3542 678 γὰρ
3571 606 3644 678 μὴ
3673 609 3811 678 νομί-

2253 708 2354 766 σῃς
2390 692 2457 748 τὸ
2493 691 2752 768 ἄναντες
2780 696 2902 752 ὁδὸν
2939 693 3077 752 εἶναι
3121 699 3461 771 σωματικὴν,
3493 697 3732 772 ἐπήγαγε
3761 702 3812 754 τὸ

2249 785 2466 852 ἀῢλως.

2321 879 2640 948 Θεοφόρον.
2676 878 3013 958 Σημείωσαι,
3048 880 3131 934 ὃτι
3155 882 3251 936 καὶ
3280 882 3343 936 τὺ
3371 882 3482 936 τῶν
3515 881 3678 952 ἁγίων
3696 882 3786 955 Θρό

2250 985 2354 1022 νων
2402 970 2590 1042 τάγμα
2625 972 2924 1040 Θεοφόρον
2954 967 3131 1036 εἶπεν,
3163 974 3240 1037 ὡς
3283 958 3448 1046 φέρον
3488 976 3812 1030 ἐπαναπαυό-

2251 1077 2411 1131 μενον
2443 1061 2651 1132 νοητῶς
2689 1063 2781 1116 τὸν
2826 1063 2979 1117 Θεόν.
3005 1065 3146 1136 Ὅρα
3192 1062 3307 1129 οὖν,
3357 1066 3545 1137 ἐπειδὴ
3586 1067 3614 1118 6
3647 1069 3810 1138 μακά-

2250 1167 2364 1220 ριος
2420 1151 2696 1216 Βασίλειος
2745 1153 2774 1206 6
2832 1155 3207 1228 Καππαδόκης
3251 1158 3350 1229 τὴν
3398 1157 3654 1231 Θεοφόρον
3702 1155 3809 1214 εἶπε

2248 1241 2426 1314 σάρκα
2449 1281 2465 1308 ,
2521 1245 2818 1317 σκοπητέον
2877 1247 2995 1312 πῶς
3039 1247 3269 1321 εἴρηται.
3303 1250 3440 1303 Ἀλλ’
3472 1255 3505 1322 ἡ
3561 1252 3654 1322 μὲν
3690 1253 3810 1324 σάρξ

2245 1333 2411 1387 αὐτοῦ
2448 1335 2544 1388 τοῦ
2585 1337 2789 1408 Κυρίου
2837 1340 2958 1392 κατ’
3004 1341 3194 1394 οὐσίαν
3230 1343 3324 1396 καὶ
3366 1335 3488 1395 καθ’
3535 1343 3808 1397 ὑπόστασιν

2251 1424 2453 1494 ἥνωται
2485 1426 2634 1498 αὐτῷ
2662 1426 2740 1498 τῷ
2769 1427 2889 1500 Θεῷ
2911 1430 3088 1502 Λόγῳο
3124 1429 3206 1484 διὸ
3227 1434 3321 1486 καὶ
3344 1437 3700 1505 σαρκοφορεῖν
3725 1437 3810 1488 αὐ-

2243 1514 2335 1579 τὸς
2360 1516 2574 1586 λέγεται
2609 1519 2759 1590 παρὰ
2798 1519 2905 1573 τῶν
2937 1521 3190 1593 πατέρων
3207 1563 3222 1588 ,
3256 1525 3351 1577 καὶ
3390 1525 3570 1596 σάρκα
3609 1525 3810 1578 ἐνδύσα-

2245 1606 2397 1668 σθαιο
2433 1609 2486 1663 τί
2517 1609 2717 1665 άτοπον
2744 1607 2837 1667 οὖν
2870 1616 2917 1668 εἰ
2939 1615 3030 1668 καὶ
3060 1619 3092 1687 ἡ
3128 1615 3262 1688 σάρξ
3292 1617 3456 1672 αὐτοῦ
3474 1617 3681 1687 λέγεται
3700 1619 3809 1672 Oeo-

2244 1699 2428 1772 φόρος,
2449 1701 2527 1766 ὡς
2553 1702 2790 1777 φέρουσα
2823 1705 2920 1759 τὸν
2949 1705 3081 1760 Θεὸν
3103 1707 3275 1776 Λόγον
3307 1707 3428 1763 καθ’
3454 1708 3645 1764 ἕνωσιν
3665 1710 3806 1764 ἀδιά-

2244 1807 2434 1846 στατον
2457 1833 2472 1859 ,
2509 1794 2672 1848 αὐτοῦ
2711 1794 2848 1869 [καὶ]
2885 1798 3022 1870 σὰρξ
3053 1801 3148 1853 καὶ
3179 1800 3449 1872 λεγομένη
3501 1801 3806 1874 ὑπάρχουσα

2242 1883 2446 1956 κυρίως
2494 1885 2590 1939 καὶ
2639 1887 2782 1941 κατὰ
2824 1889 3111 1960 ἀλήθειαν;
3163 1886 3324 1945 Οὗτοι
3373 1892 3430 1946 δὲ
3477 1893 3618 1947 κατὰ
3660 1894 3806 1965 χάριν

2238 1971 2453 2044 ἔχοντες
2497 1978 2555 2029 ὲν
2599 1977 2811 2042 ἑαυτοῖς
2852 1978 2943 2032 τὸν
2993 1981 3126 2035 Θεὸν
3171 1981 3396 2054 ἀρρήτῳ
3445 2000 3507 2036 τε
3553 1983 3689 2054 λόγῳ
3719 1986 3806 2037 καὶ

2237 2066 2539 2159 ἀνεννοήτῳ
2575 2072 2642 2141 τῇ
2685 2070 2892 2142 διανοίᾳ.
2939 2072 3188 2159 Θεοιρόροι
3237 2071 3329 2146 [α’]
3381 2075 3476 2157 καὶ
3532 2076 3680 2129 αὐτοὶ
3727 2076 3805 2130 διὰ

2234 2157 2395 2211 τοῦτο
2425 2159 2693 2229 λέγονται,
2739 2163 2821 2216 ὅτι
2865 2155 3097 2235 πρώτως
3144 2155 3460 2237 μετέχουσιν
3503 2169 3559 2221 ai
3609 2169 3805 2240 πρῶται

2236 2248 2493 2322 δυνάμεις
2525 2253 2620 2307 τοῦ
2655 2254 2813 2320 Θεοῦ,
2851 2257 2944 2310 καὶ
2976 2256 3120 2311 οὕτω
3153 2261 3500 2330 μεταδιδόασι
3528 2264 3648 2326 ταῖς
3680 2263 3804 2316 ὑπο-

2230 2335 2547 2415 δεεστέραις
2578 2345 2678 2417 τὴν
2709 2348 3008 2420 γενομένην
3029 2351 3109 2414 εἰς
3140 2351 3310 2416 αὐτὰς
3337 2351 3621 2424 ἔλλαμψιν.

2311 2519 2338 2589 §
2377 2520 2439 2574 11.
2479 2521 2593 2596 [β’.]
2624 2523 2756 2591 Ταῖς
2778 2526 3054 2596 πρώταις.
3081 2529 3236 2583 Οὕτω
3252 2529 3351 2602 τὴν
3369 2531 3491 2584 καθ’
3521 2531 3807 2603 ὑπέρϐασιν

2233 2612 2541 2683 ἀνάγνωσιν
2583 2617 2834 2689 νοητέον·
2881 2623 3000 2684 ταῖς
3053 2621 3298 2695 πρώταις
3349 2623 3562 2688 οὐσίαις
3611 2626 3805 2679 οἰκείαν

2232 2704 2440 2776 οἰητέον
2491 2701 2630 2761 εἶναι
2690 2710 2973 2782 ἱεραρχίαν
3025 2712 3124 2785 τὴν
3176 2713 3393 2785 ὁμοειδῆ
3446 2715 3637 2782 αὐταῖς
3674 2715 3806 2769 κατὰ

2233 2795 2439 2850 πάντα·
2475 2798 2543 2852 τά
2573 2799 2628 2853 δὲ
2659 2799 2820 2854 λοιπά
2852 2801 2941 2854 διά
2974 2802 3161 2873 μέσου.

2315 2888 2618 2957 Ἀοράτου.
2675 2893 2983 2964 Σημείωσαι
3006 2935 3022 2961 ,
3078 2896 3161 2949 ὄτι
3217 2896 3397 2968 πάσης
3448 2898 3676 2972 ἀοράτου
3721 2900 3807 2952 καὶ

2229 2979 2433 3053 ὁρατῆς
2465 2981 2744 3054 δυνάμεως
2777 2984 3001 3055 μείζους
3031 2988 3171 3042 εἰσὶν
3204 2990 3260 3041 ai
3295 2989 3511 3062 πρῶται
3544 2993 3690 3062 τρεῖς
3719 2988 3807 3046 αὖ-

2229 3086 2321 3123 ται
2351 3070 2554 3136 τάξεις.

2155 3199 2198 3258 C
2304 3157 2432 3232 [Υ
2468 3163 2816 3232 Γεγονυίας.
2855 3166 3116 3222 Τουτέστι
3150 3170 3396 3242 κτιστῆς.

2301 3255 2670 3310 Φαντασιῶν.
2713 3257 2836 3310 Ὅτι
2860 3258 3042 3332 πάσης
3075 3261 3374 3330 φαντασίας
3407 3265 3676 3335 προσύλου
3717 3275 3809 3326 ἀν-

2233 3342 2506 3399 επίδεκτοί
2526 3347 2636 3399 εἰσι
2652 3354 2746 3406 καὶ
2765 3349 2985 3420 ἀμιγεῖς
3020 3351 3203 3424 πάσης
3235 3353 3500 3423 ὑφέσεως,
3535 3356 3617 3410 ὅτι
3643 3357 3704 3410 οὐ
3727 3357 3811 3427 μό-

2230 3451 2320 3489 νον
2349 3438 2404 3490 αί
2441 3436 2581 3491 θεῖαι
2623 3439 2880 3511 δυνάμεις
2911 3442 3072 3497 αὐταὶ
3111 3444 3344 3517 κηλίδων
3388 3447 3484 3500 καὶ
3525 3447 3810 3518 μολυσμῶν

2231 3525 2651 3600 ἠλευθέρωνται,
2687 3530 2822 3585 ἀλλά
2851 3533 2944 3586 καὶ
2982 3534 3164 3606 πάσης
3202 3538 3503 3604 φαντασίας
3544 3538 3807 3610 προσύλου

2229 3617 2569 3672 ἀνεπίδεκτοί
2601 3623 2705 3675 εἰσι
2739 3624 2832 3676 καὶ
2855 3624 3076 3695 ἀμιγεῖς
3109 3627 3291 3698 πάσης
3328 3627 3700 3694 ἐλαττώσεως,
3717 3630 3808 3682 καὶ

2229 3707 2328 3780 τὴν
2360 3709 2452 3762 ἐπὶ
2481 3709 2549 3764 τά
2583 3712 2750 3784 χείρω
2798 3715 3022 3784 μείωσιν
3058 3717 3168 3770 οὐδ’
3203 3717 3340 3782 ὅλως
3377 3719 3594 3772 εἰδυῖαι.
3646 3721 3811 3773 Τοῦτο

2228 3798 2285 3850 δὲ
2317 3799 2528 3870 νόησον,
2561 3803 2660 3874 οὐχ
2689 3804 2770 3856 ὅτι
2817 3805 2958 3858 κατά
2996 3806 3156 3876 φύσιν
3187 3807 3446 3883 άτρεπτοί
3487 3813 3659 3875 εἰσιν,
3699 3811 3808 3865 ἀλλ’

2227 3891 2330 3954 ὅτι,
2363 3892 2809 3967 αὑτοπροαίρετοι
2828 3895 2984 3951 οὖσαι
3015 3898 3102 3952 διὰ
3121 3901 3220 3970 τῆς
3250 3903 3330 3965 είς
3362 3901 3424 3954 τὸ
3452 3903 3657 3971 ἀγαθὸν
3675 3904 3810 3971 ἄγαν

2229 3981 2502 4049 ἐφέσεως,
2537 3986 2630 4039 ἐπὶ
2659 3987 2720 4039 τὸ
2753 3987 2893 4041 θεῖον
2927 3988 3159 4059 ρέψασαι
3205 3990 3426 4062 ἔμειναν
3458 3993 3634 4058 οὕτως
3655 4033 3670 4058 ,
3702 3994 3809 4057 ἕξιν

2227 4072 2417 4146 ὥσπερ
2457 4075 2674 4147 ἔχουσαι
2724 4079 2784 4132 τὸ
2823 4081 3244 4152 ἀμετακίνητον.
3297 4084 3478 4149 Μόνος
3516 4086 3627 4160 γὰρ
3673 4085 3807 4139 κατά

2227 4165 2389 4234 φύσιν
2421 4166 2687 4238 ἄτρεπτος
2717 4171 2745 4223 6
2777 4170 2926 4235 Θεόςο
2955 4167 3113 4227 αὗται
3146 4175 3202 4227 δὲ
3235 4177 3284 4228 εἰ
3317 4176 3494 4240 οὕτως
3525 4178 3808 4248 ὲδημιουρ⁴

2225 4255 2503 4327 γήθησαν,
2545 4259 2646 4313 οὐκ
2688 4260 2754 4315 ἂν
2803 4261 3092 4326 ἐξέπιπτεν
3134 4266 3164 4318 6
3211 4265 3478 4330 διάϐολος.
3528 4268 3687 4321 Ἀλλά
3718 4269 3810 4321 καὶ

2209 4331 2385 4402 ἀὗται
2417 4351 2586 4404 πᾶσαι
2621 4354 2749 4422 μιᾶς
2780 4353 2873 4406 καὶ
2918 4354 3040 4425 ἴσης
3083 4355 3311 4420 τάξεωςο
3346 4357 3408 4411 τὸ
3452 4358 3564 4432 γάρ
3608 4361 3674 4414 ὲκ
3712 4359 3808 4429 φύ-

2227 4457 2364 4506 σεως
2391 4442 2595 4512 ἀγαθὸν
2629 4445 2892 4501 ὑπόϐασιν
2925 4448 3024 4501 οὐκ
3049 4448 3179 4519 ἔχει.

2297 4708 2406 4783 [δ’
2446 4712 2894 4779 Ταυτοκινήτου.
2943 4714 3340 4785 Ταυτοκίνητόν
3390 4733 3557 4787 φησιν
3599 4718 3630 4770 6
3662 4718 3811 4785 ἅγιος

2222 4796 2374 4866 οὗτος
2423 4798 2562 4856 εἶναι
2607 4803 2706 4874 τὴν
2751 4803 2967 4874 κίνησιν
3012 4804 3212 4869 αὐτῶν,
3263 4805 3340 4870 ὡς
3388 4807 3811 4880 ἀπαράλλακτον

2223 4895 2316 4948 καὶ
2347 4895 2712 4966 ἀμετάϐολον,
2762 4896 3024 4961 ὡσαύτως
3069 4897 3126 4950 δὲ
3151 4897 3402 4968 ἔχουσαν.
3451 4902 3714 4973 Κινήσεις
3754 4899 3814 4952 δέ

2222 4987 2359 5038 εἰσιν
2392 4985 2478 5037 ἐπ’
2511 4985 2691 5039 αὐτῶν
2735 4987 2788 5039 αἱ
2823 4986 3092 5040 άπαυστοι
3124 4990 3254 5061 περὶ
3288 4989 3389 5054 τὰς
3416 4993 3634 5063 νοήσεις
3671 4989 3816 5060 ἐνέρ-

2221 5091 2394 5144 γειαι·
2443 5077 2561 5141 νόες
2605 5078 2711 5150 γάρ
2753 5080 2888 5131 εἰσιν
2931 5078 3198 5151 ἀσίγητοι.
3250 5083 3361 5135 Καὶ
3401 5084 3708 5154 σημείωσαι
3750 5079 3815 5134 τὸ

2222 5170 2372 5223 κατὰ
2400 5170 2467 5223 τὸ
2498 5170 2788 5240 φιλοθέως
2829 5170 3140 5239 ἄτρεπτον,
3173 5171 3270 5226 καὶ
3317 5174 3593 5244 ἀνάγνωθι
3637 5175 3698 5227 τὸ
3725 5172 3816 5226 τέ-

2217 5278 2419 5333 ταρτον
2451 5262 2743 5331 κεφάλαιον
2777 5262 2871 5315 τοῦ
2905 5262 3046 5330 Περὶ
3081 5264 3258 5318 θείων
3289 5266 3604 5336 ὀνομάτων
3626 5265 3812 5334 λόγου,

2225 5353 2316 5406 καὶ
2353 5353 2415 5406 τὸ
2445 5353 2630 5422 ὃγδοον
2669 5353 2961 5422 κεφάλαιον
2988 5354 3083 5408 τοῦ
3118 5357 3386 5428 παρόντος
3423 5358 3607 5428 λόγου.

2295 5445 2405 5520 [ε’.]
2443 5446 2826 5514 Θεωρητικάς.
2877 5446 3188 5516 Σημείωσαι
3235 5449 3353 5512 πῶς
3385 5450 3640 5519 λέγονται
3687 5448 3819 5500 Θεω-

2224 5540 2442 5612 ρητικαὶ
2472 5540 2527 5591 αί
2559 5538 2712 5606 άγιαι
2733 5536 2914 5602 τάξεις
2937 5531 3094 5590 αὗται
3118 5555 3131 5568 ·
3162 5541 3258 5592 καὶ
3283 5541 3365 5594 ὅτι
3397 5543 3458 5594 οὐ
3492 5542 3581 5595 διά
3617 5537 3818 5611 συμβό-

2221 5629 2328 5683 λων
2375 5629 2409 5700 ἢ
2462 5627 2838 5699 θεωρημάτων
2898 5627 2997 5698 τῆς
3053 5629 3278 5701 Γραφῆς
3325 5631 3426 5702 τὴν
3480 5630 3816 5701 Θεογνωσίαν

2221 5721 2477 5785 κτῶνται,
2508 5719 2584 5783 ὡς
2614 5722 2795 5790 ἡμεῖς.

2295 5809 2418 5886 [εἲ]
2463 5811 2698 5880 Νοερῶν
2748 5815 3019 5882 θεωρούς.
3079 5807 3287 5886 Θεωροὶ
3331 5817 3579 5888 λέγονται
3622 5819 3669 5870 οἱ
3703 5812 3814 5866 τῶν
