3860 6556
503 386 563 443 7i
1303 379 1647 436 APPENDIX
1678 377 1772 435 AD
1801 375 2029 435 OPERA
2067 377 2127 434 S.
2165 374 2464 435 DIONYSII
2494 375 2983 434 AREOPAGITE.
3677 378 3742 432 72

573 503 756 560 Sacris
785 503 1087 567 initiantur,
1118 499 1212 555 Gr.
1246 498 1686 571 ἱεραρχούμεναι.
1732 497 1790 553 id
1835 505 1916 553 est
1958 511 2082 568 my-
2109 497 2158 556 Δ

501 595 671 654 steria
696 595 1015 652 edocentur.

577 689 691 743 Hoc
720 688 902 759 igitur.
939 683 1447 742 Demonstrationes
1499 684 1774 740 dictorum
1830 697 1899 738 ex
1934 679 2086 736 Scri-

502 790 718 944 “grai.
771 869 1020 934 Edoceri,
1066 867 1164 927 Gr.
1205 869 1637 924 ἐκδιδάσκεσθαι.
1684 867 1822 924 Nota
1852 869 1915 922 τὸ
1943 870 2086 924 ἐκδι-

501 963 814 1028 δάσκεσθαι,
889 960 1132 1026 edoceri:
1179 961 1424 1017 declarat
1465 961 1614 1017 enim
1662 961 1813 1032 ipsas
1858 961 2086 1018 minime

501 1055 638 1110 tales
667 1069 792 1109 esse
825 1052 1129 1110 secundum
1167 1061 1446 1110 naturam.

571 1145 832 1202 Omnibus
855 1158 1031 1200 autem
1061 1145 1417 1202 sublimiores.
1451 1145 1908 1217 Quandoquidem
1936 1146 2085 1203 enim

500 1245 629 1292 sunt
655 1238 912 1294 omnibus
936 1238 1272 1308 superiores,
1296 1246 1352 1294 et
1377 1238 1515 1293 nihil
1541 1239 1780 1294 habeant
1801 1241 2081 1311 superius,

499 1339 768 1402 quantum
798 1331 868 1386 ad
897 1331 1035 1386 alias
1056 1331 1314 1394 virtutes.
1339 1333 1538 1388 merito
1561 1333 1631 1388 ab
1653 1333 1775 1404 ipso
1801 1333 1914 1390 Deo
1941 1334 2082 1400 solo,

500 1424 662 1496 primi
692 1431 956 1496 tanquam
985 1425 1332 1495 superiores,
1366 1424 1554 1480 divina
1597 1425 1966 1481 instituuntur
1989 1441 2085 1481 co-

500 1516 765 1587 gnitione.

574 1605 640 1661 In
669 1607 876 1662 caelum.
909 1607 1047 1663 Nota
1077 1617 1270 1664 contra
1301 1608 1609 1665 Basilianos
1641 1616 1696 1665 et
1727 1608 2103 1678 Nestorianos,

499 1698 686 1757 Iesum
727 1701 1006 1758 Christum
1069 1702 1125 1757 in
1184 1702 1355 1758 caelos
1393 1708 1733 1772 assumptum
1778 1701 2082 1757 secundum

501 1792 648 1863 quod
677 1793 840 1848 homo
867 1803 955 1850 est
999 1808 1122 1851 esse
1160 1792 1452 1848 Dominum
1500 1792 1929 1864 intelligibilium
1963 1808 2083 1849 om-

500 1884 652 1939 nium
681 1924 697 1950 ,
746 1891 800 1940 et
826 1901 1010 1957 regem
1067 1885 1301 1957 gloriae;
1361 1884 1824 1956 quemadmodum
1879 1899 2080 1939 arcana

500 1976 682 2032 edocti
721 1975 945 2033 discunt
970 1993 1001 2031 a
1032 1977 1385 2034 dicentibus:
1419 1977 1613 2032 Tollite
1638 1986 1844 2047 portas,
1879 1978 2082 2046 princi-

500 2083 610 2138 pes,
644 2076 865 2135 vestras,
892 2075 946 2124 et
975 2070 1374 2142 interrogantes
1399 2088 1413 2124 :
1435 2069 1567 2136 Quis
1593 2078 1673 2123 est
1699 2070 1800 2123 iste
1826 2068 1935 2123 Rex
1963 2070 2080 2142 glo-

502 2162 644 2218 riaz?
674 2169 840 2233 atque
867 2177 1064 2219 rursus
1094 2163 1406 2228 audientes,
1447 2162 1706 2217 Dominus
1735 2163 1986 2217 virtutum
2010 2174 2038 2214 ει
2064 2180 2079 2231 ;

501 2261 557 2308 et
586 2269 709 2324 qua:
751 2255 1032 2325 deinceps.
1075 2255 1186 2326 26
1225 2254 1430 2310 Contra
1459 2270 1593 2311 vero
1639 2255 1944 2326 Acephalos
1969 2295 1984 2322 ,
2029 2263 2084 2312 et

500 2344 895 2418 Eutychianos,
926 2349 1073 2420 quod
1102 2348 1356 2419 quamvis
1385 2348 1651 2405 Dominus
1671 2348 1957 2414 virtutum,
1990 2365 2084 2405 ve—

501 2448 813 2496 rumtamen
842 2456 972 2496 caro
1001 2449 1056 2498 et
1083 2439 1412 2496 manifestus
1443 2440 1644 2507 homo;
1674 2439 1748 2497 ita
1777 2448 1836 2494 ut
1865 2448 2085 2511 propter

503 2532 585 2587 rei
650 2532 949 2589 novitatem
1009 2539 1304 2604 sequentes
1357 2533 1702 2604 principatus
1758 2533 2086 2602 obtupesce-

503 2627 647 2681 rent.

573 2715 753 2770 Divini
777 2716 970 2786 operis,
995 2717 1090 2774 Gr.
1120 2717 1426 2790 θεουργίας.
1453 2716 1623 2774 Recte
1650 2716 1866 2774 vocavit
1896 2717 2087 2789 θεουρ-

503 2807 648 2875 γίαν,
669 2805 762 2862 Dei
789 2823 948 2879 Opus,
976 2811 1122 2864 illam
1153 2825 1251 2880 pro
1280 2810 1438 2867 nobis
1461 2809 1962 2881 dispensationem;
1991 2809 2085 2864 Dei

503 2899 650 2954 enim
685 2912 844 2955 erant
874 2916 1001 2957 vere
1026 2916 1192 2972 opera
1223 2903 1410 2958 omnia
1438 2901 1657 2958 Domini
1683 2942 1698 2966 ,
1732 2918 1854 2974 quae
1885 2917 2087 2959 secun-

504 2989 633 3044 dum
659 2989 1151 3062 dispensationem,
1186 3003 1246 3049 ut
1288 3000 1482 3065 partus
1515 3002 1763 3059 sanctus,
1795 3001 1850 3048 et
1877 2995 2086 3049 sanita-

505 3092 606 3150 tes,
638 3083 794 3154 signa
826 3084 881 3139 in
911 3085 1190 3155 passione,
1223 3097 1277 3140 et
1307 3087 1663 3145 resurrectio.

575 3174 688 3245 Ego
722 3175 860 3230 enim
901 3177 1102 3248 inquio.
1155 3176 1252 3231 llla
1303 3186 1520 3232 autem:
1557 3177 1669 3248 Ego
1709 3179 1848 3232 enim
1897 3178 2084 3250 loquor
2109 3173 2153 3233 C

495 3265 768 3335 justitiam
819 3277 869 3321 et
908 3267 1174 3337 judicium
1225 3267 1524 3337 salutaris,
1579 3280 1706 3325 sunt
1742 3269 1928 3338 Isaiae;
1960 3270 2084 3328 vide

503 3358 690 3424 etiam,
722 3359 994 3428 quomodo
1026 3359 1142 3413 lucc
1175 3359 1466 3415 intellexit.

574 3447 747 3504 Miror
794 3459 992 3505 autem.
1032 3449 1262 3506 Locutio
1291 3453 1365 3506 ita
1397 3459 1481 3507 est
1510 3454 1884 3524 componenda
1929 3473 1944 3510 :
1977 3455 2084 3511 mi-

504 3558 598 3598 ror
626 3542 900 3612 quomodo
931 3543 1094 3614 primi
1136 3543 1275 3600 sicut
1309 3543 1477 3599 medii
1509 3543 1724 3602 divinas
1755 3545 2083 3604 illustratio-

503 3650 602 3691 nes
634 3634 823 3691 timide
854 3636 1104 3708 cupiant.

576 3726 644 3782 1η
669 3727 838 3783 medio
869 3729 1126 3784 volantes.
1159 3729 1512 3794 ’Μεσοπετεῖς
1551 3729 1608 3784 in
1643 3730 1812 3784 medio
1851 3730 2085 3786 volantes

503 3820 676 3886 dixit,
713 3828 774 3876 ut
804 3821 1031 3878 minime
1097 3822 1166 3877 ad
1207 3822 1517 3879 altitudinis
1549 3821 1827 3895 fastigium
1860 3840 2083 3881 sursum

419 3959 428 3971 .
502 3914 750 3970 volantes
777 3951 793 3980 ,
845 3912 943 3970 sed
982 3914 1050 3970 ad
1086 3915 1326 3971 medium
1365 3917 1780 3988 pervenientes;
1809 3915 1870 3970 τὸ
1900 3917 1958 3970 δέ
1984 3917 2086 3971 du-

503 4002 694 4070 bitare,
725 4004 1001 4078 signiﬁcat
1029 4005 1164 4061 illud
1192 4006 1410 4063 dicere:
1448 4007 1580 4075 Quis
1603 4006 1685 4062 hic
1712 4007 1992 4064 adveniens
2019 4025 2086 4064 ea:

504 4094 675 4151 Edam
698 4105 719 4129 τ
750 4097 775 4152 ‘l
1949 4162 1964 4182 ο

579 4185 941 4260 Interrogant.
971 4188 1112 4246 Vide
1136 4229 1152 4256 ,
1175 4204 1300 4246 cum
1332 4200 1539 4261 quanto
1567 4200 1715 4248 metu
1745 4200 1801 4250 et
1829 4209 2088 4249 revereno

507 4278 584 4332 tia
617 4281 856 4349 supremi
885 4281 1131 4335 omnium
1175 4281 1399 4337 ordines
1423 4323 1440 4348 ,
1472 4291 1531 4336 ut
1558 4283 1722 4338 medii
1751 4294 1804 4338 et
1832 4300 1942 4339 non
1972 4286 2086 4355 pri-

503 4370 603 4436 mi,
641 4370 979 4442 interrogant
1010 4371 1267 4438 invicem,
1287 4372 1524 4443 primum
1555 4387 1676 4443 quae
1692 4375 1835 4443 apud
1864 4373 2080 4430 lsaiarn.

508 4460 640 4528 Quis
673 4462 754 4518 hic
781 4463 985 4518 veniens
1013 4479 1080 4518 ea:
1105 4463 1318 4520 Edam?
1338 4463 1500 4518 rubor
1518 4466 1944 4520 vestimentorum
1967 4466 2082 4536 ejus

506 4568 572 4608 ea:
604 4553 775 4607 Bosor
793 4566 814 4593 ι
842 4572 858 4621 ;
893 4563 946 4610 et
976 4563 1092 4609 tum
1111 4557 1268 4626 quasi
1295 4570 1428 4610 cura
1454 4556 1556 4612 sibi
1583 4572 1611 4610 a
1636 4556 1744 4612 Deo
1765 4559 2081 4627 commissa,

506 4644 698 4700 dicunt
743 4645 812 4701 ad
864 4647 1082 4716 ipsum:
1139 4647 1317 4715 Quare
1377 4647 1541 4703 rubra
1596 4658 1718 4702 sunt
1776 4652 2082 4706 vestimenta

509 4746 600 4791 tua
623 4739 650 4794 2

582 4828 987 4886 Sanctissimam
1015 4833 1402 4904 purgationem.
1435 4833 1595 4899 Nota,
1628 4835 1905 4907 quomodo
1937 4833 2084 4890 dicat

507 4919 738 4990 expiari,
772 4928 825 4975 et
855 4919 1142 4988 illustrari,
1173 4930 1228 4978 et
1260 4921 1446 4994 perlici
1478 4923 1694 5006 divinos
1726 4921 1970 4978 ordines.

581 5099 940 5171 Expiationis.
973 5099 1135 5168 Nota,
1169 5117 1417 5174 quaenam
1451 5103 1526 5158 sit
1554 5107 1806 5176 purgatio
1839 5107 1894 5159 in
1928 5120 2082 5161 men-

508 5195 680 5260 tibus,
712 5202 765 5250 et
793 5211 912 5266 qua:
945 5196 1235 5266 ignoratio.
2067 5183 2070 5186 ’

478 5352 484 5360 _
583 5285 806 5357 Copioso
849 5287 1045 5342 lumine
1070 5327 1084 5353 ,
1135 5285 1230 5342 Gr.
1284 5288 1518 5344 ἀπλέτου
1543 5301 1547 5306 ‘
1577 5291 1772 5362 φωτός.
1817 5291 2081 5345 Ἀπλετον

513 5378 789 5451 signiﬁcat
816 5394 1076 5452 magnum
1104 5389 1159 5435 et
1185 5380 1445 5437 multum.

616 5545 644 5585 ιι
677 5533 821 5591 Psal.
847 5548 1004 5601 xxnr,
1079 5531 1229 5590 7-10.
1370 5545 1394 5575 τ
1427 5537 1535 5595 lsa.
1573 5555 1730 5607 Lxm,
1768 5541 1819 5595 l.

2264 495 2755 565 Ἰεραρχούμεναι.
2789 493 3048 556 Τουτέστι
3082 491 3619 565 μυπαγωγοῦμεναι.

2261 678 2441 734 Τοῦτο
2490 675 2660 747 γοῦν.
2733 674 3065 744 Ἀποδείξεις
3129 673 3399 747 γραφικαὶ
3447 672 3559 727 τῶν
3606 674 3747 746 εἰρη-

2189 770 2383 843 μένων.

2255 861 2284 934 §
2332 863 2424 915 III.
2487 859 3001 916 Ἐκδιδάσκεσθαι.
3059 857 3370 930 Σημείωσαι
3417 856 3483 910 τὸ
3529 856 3747 913 ἐκδιδά-

2185 957 2457 1010 σκεσθαι·
2488 953 2639 1027 δηλοῖ
2673 953 2782 1024 γὰρ
2813 954 2888 1026 μὴ
2925 951 3066 1008 κατὰ
3098 951 3259 1020 φύσιν
3287 946 3428 1004 εἶναι
3455 950 3621 1015 αὐτὰς
3646 968 3748 1006 τοι-

2199 1065 2394 1112 αυτας.
3233 1089 3242 1100 ,

2261 1140 2372 1206 Τὰς
2398 1138 2468 1194 δὲ
2493 1139 2708 1195 πασῶν
2733 1136 3138 1209 ὑψηλοτέρας.
3182 1136 3402 1208 Ἐπειδὴ
3431 1135 3544 1209 γὰρ
3575 1136 3746 1189 πασῶν

2183 1231 2453 1305 ἀνώτεραί
2481 1234 2588 1287 εισι
2610 1271 2626 1296 ,
2660 1232 2754 1287 καὶ
2778 1231 2932 1286 οὐδὲν
2963 1230 3146 1302 ἔχουσι
3173 1230 3236 1284 τὸ
3265 1230 3564 1302 ὑπέρτερον
3583 1272 3598 1298 ,
3633 1232 3747 1284 ὅσον

2182 1325 2265 1389 είς
2305 1326 2500 1398 ἑτέρας
2540 1325 2797 1397 δυνάμεις
2817 1363 2835 1389 ,
2876 1324 3100 1388 εἰκότως
3142 1323 3233 1378 ὑπ’
3280 1321 3446 1377 αὑτοῦ
3486 1321 3582 1376 τοῦ
3622 1321 3746 1376 Θεοῦ

2186 1417 2350 1489 μόνου
2381 1417 2596 1489 πρῶται
2623 1417 2702 1483 ὡς
2731 1417 2998 1490 ἀνώτεραι
3029 1415 3293 1489 μυοῦνται
3324 1415 3424 1487 τὴν
3451 1415 3598 1469 θείαν
3619 1415 3747 1486 γνῶ-

2186 1527 2290 1565 σιν.
3280 1528 3282 1530 ’

2253 1605 2359 1670 Ek
2382 1605 2696 1672 οὐρανούς.
2732 1603 3044 1675 Σημείωσαι
3075 1604 3218 1658 κατὰ
3248 1601 3612 1658 Βασιλειανῶν
3638 1603 3749 1674 ἢτοι

2183 1694 2586 1767 Νεστοριανῶν,
2615 1696 2699 1750 ὅτι
2725 1695 3100 1769 όάναληφθεὶς
3122 1697 3243 1752 καθ’
3271 1697 3302 1750 ὃ
3327 1697 3615 1769 ἄνθρωπος
3651 1697 3746 1767 Ἰη-

2187 1786 2313 1850 σοῦς
2341 1788 2594 1859 Χριστὸς,
2626 1788 2789 1852 αὐτός
2814 1790 2962 1844 ἐστιν
2986 1792 3016 1844 ὁ
3032 1789 3236 1862 Κύριος
3253 1789 3363 1844 τῶν
3387 1788 3594 1861 νοητῶν
3621 1788 3746 1843 πάν-

2181 1895 2312 1946 των,
2331 1879 2427 1933 καὶ
2447 1879 2699 1951 βασιλεὺς
2712 1881 2811 1953 τῆς
2825 1879 3001 1954 δόξης,
3015 1881 3092 1946 ὡς
3110 1882 3404 1954 μυούμενοι
3427 1881 3746 1954 μανθάνουσι

2183 1971 2337 2044 παρὰ
2373 1972 2482 2027 τῶν
2523 1974 2807 2043 λεγόντων
2848 1977 3062 2044 Ἄρατε
3093 1976 3314 2042 πύλας,
3349 1978 3406 2029 οἱ
3449 1975 3746 2046 ἄρχοντες,

2182 2065 2349 2135 ὑμῶν
2366 2082 2380 2096 ⁸
2416 2067 2511 2122 καὶ
2541 2067 2934 2139 πυνθανόμενοι
2951 2085 2964 2099 ·
3003 2069 3099 2135 Τίς
3123 2069 3294 2123 ἐστιν
3319 2069 3496 2135 οὗτος
3521 2071 3554 2124 ό
3584 2071 3751 2124 Βασι-

2183 2157 2329 2224 λεὺς
2354 2157 2464 2226 τῆς
2491 2158 2678 2226 δόξης
2693 2175 2712 2224 ;
2739 2161 2839 2214 καὶ
2878 2157 3034 2224 αὖθις
3069 2160 3359 2224 ἀκούοντες
3375 2199 3392 2225 ,
3413 2161 3628 2230 Κύριος
3643 2158 3750 2214 τῶν

2183 2248 2512 2320 δυνάμεων·
2535 2252 2630 2306 καὶ
2656 2253 2724 2306 τὰ
2752 2252 2898 2324 ἑξῆς.
2928 2253 3086 2318 Κατὰ
3112 2253 3170 2306 δὲ
3198 2252 3506 2322 Ἀπεφάλων
3533 2252 3626 2306 καὶ
3655 2252 3750 2304 Εὐ-

2183 2343 2542 2414 τυχιανιστῶν
2565 2384 2581 2409 ,
2610 2346 2714 2411 ὅτι,
2764 2345 2868 2400 κᾶν
2901 2345 3106 2416 Κύριος
3148 2344 3454 2416 δυνάμεων,
3506 2343 3619 2397 ἀλλ’
3667 2338 3751 2397 οὖν

2187 2434 2325 2506 σὰρξ
2371 2437 2465 2489 καὶ
2511 2437 2688 2508 σαφὴς
2729 2436 3015 2510 ἄνθρωπος
3042 2475 3058 2500 ,
3108 2437 3184 2500 ὼς
3223 2437 3319 2490 καὶ
3355 2436 3491 2510 πρὸς
3521 2436 3583 2490 τὸ
3609 2435 3750 2504 ξένον

2183 2519 2583 2601 ἐκπλήττεσθαι
2612 2529 2710 2594 τὰς
2741 2530 2866 2602 ἑξῆς
2899 2530 3089 2602 ἀρχάς.

2257 2713 2596 2782 Θεουργιας.
2643 2712 2840 2778 Καλῶς
2887 2712 3178 2785 θεουργίαν
3222 2711 3449 2765 ἐκάλεσε
3487 2710 3587 2782 τὴν
3620 2707 3754 2779 ὑπὲρ

2185 2805 2344 2877 ἡμῶν
2374 2806 2682 2878 οἰκονομίαν
2700 2823 2714 2837 ·
2747 2806 2882 2860 Θεοῦ
2907 2805 3017 2878 γὰρ
3042 2802 3112 2878 ἦν
3129 2805 3206 2868 ὡς
3233 2803 3448 2875 άληθῶς
3471 2803 3607 2876 ἔργα
3627 2801 3753 2856 πάν-

2183 2913 2254 2952 τα
2279 2896 2348 2952 τὰ
2377 2896 2521 2951 κατὰ
2545 2899 2856 2969 οίκονομίαν
2884 2897 2980 2951 τοῦ
3009 2897 3214 2969 Κυρίου
3233 2913 3248 2926 ο
3293 2895 3322 2948 ὁ
3348 2895 3505 2958 τόκος
3529 2896 3557 2948 ό
3584 2895 3750 2962 ᾰγιος,

2187 2991 2282 3044 καὶ
2329 2989 2499 3053 ἰάσεις
2521 3031 2536 3058 ,
2575 2991 2645 3044 τὰ
2676 2991 2768 3044 ἐπὶ
2812 2990 2891 3062 τῷ
2936 2990 3098 3045 πάθει
3145 2990 3382 3061 σημεῖα,
3415 2987 3508 3043 καὶ
3544 2988 3579 3057 ἡ
3625 2986 3752 3041 ἀνά-

2189 3098 2398 3145 στασις.

2271 3171 2418 3243 Ἐγὼ
2445 3172 2557 3244 γάρ
2586 3190 2752 3242 φημι.
2786 3173 2867 3226 Τὰ
2893 3172 2952 3226 δὲ
2968 3173 3047 3240 ιο,
3096 3172 3245 3243 Ἐγὼ
3271 3173 3382 3244 γὰρ
3418 3171 3754 3248 «anesum

2185 3262 2579 3333 δικαιοσύνην
2603 3264 2701 3319 καὶ
2731 3266 2934 3334 κρίσιν
2962 3265 3258 3335 σωτηρίου
3281 3303 3297 3330 ,
3332 3264 3552 3318 ’Μῒου
3571 3264 3753 3317 εἰσίω

2187 3357 2282 3410 καὶ
2313 3343 2414 3428 ὅρα
2443 3357 2560 3420 πῶς
2589 3357 2760 3411 ταῦτα
2792 3357 3065 3429 νενόηκεν.

2261 3451 2513 3519 ’Ᾱιραμαι
2540 3449 2626 3504 δέ.
2653 3451 2726 3503 Τὸ
2748 3450 2909 3524 ῥητὸν
2933 3449 3075 3505 οὕτω
3100 3451 3379 3505 συνθετέον
3397 3451 3443 3484 ⁸ο
3461 3467 3475 3482 ο
3499 3448 3757 3522 θαυμάζω

2186 3543 2303 3606 πῶς
2331 3545 2388 3596 αἱ
2416 3543 2630 3615 πρῶται
2656 3543 2733 3607 ὡς
2764 3543 2926 3614 μέσαι
2953 3543 3060 3598 τῶν
3098 3543 3405 3615 θεαρχικῶν
3442 3542 3756 3614 ὲλλάμψεων

2184 3635 2428 3700 εὐλαϐῶς
2456 3636 2712 3705 ἐφίενται.

2253 3729 2638 3796 Μεσοπετεῑς.
2682 3730 3018 3794 Μεσοπετεῖς
3066 3729 3170 3802 ἔφη
3192 3771 3207 3794 ,
3260 3731 3337 3795 ὡς
3390 3731 3464 3803 μὴ
3513 3730 3654 3801 πρὸς
3700 3727 3758 3781 τὸ

2185 3822 2354 3894 ἄκρον
2385 3821 2479 3875 τοῦ
2513 3821 2680 3892 ὕψους
2708 3823 3083 3895 ἁνιπταμένας
3106 3866 3120 3890 ,
3151 3823 3286 3877 ἀλλὰ
3313 3822 3408 3877 τοῦ
3445 3823 3611 3894 μέσου
3644 3823 3759 3891 ἐφι-

2184 3915 2487 3986 κνουμὲνας
2505 3931 2520 3946 ο
2549 3915 2612 3968 τὸ
2637 3915 2696 3968 δὲ
2726 3916 3032 3986 διαπορεῖν
3060 3917 3317 3988 σημαίνει
3343 3917 3406 3970 τὸ
3423 3916 3599 3984 λέγειν
3617 3931 3632 3945 °
3669 3915 3758 3980 Τίς

2184 4004 2360 4074 οὗτος
2386 4010 2420 4063 ὁ
2452 4011 2933 4080 παραγενόμενος
2960 4009 3032 4074 ἐξ
3072 4009 3301 4080 Ἐ’δώμῖ

2267 4186 2614 4256 Ἐρωτῶσιν.
2671 4190 2813 4263 Ὅρα
2869 4191 3006 4262 μετὰ
3051 4191 3218 4244 πόσου
3260 4191 3425 4262 φόϐου
3471 4192 3564 4244 καὶ
3602 4189 3758 4242 εὐλα-

2184 4284 2333 4349 ϐείας
2359 4286 2417 4338 al.
2444 4284 2634 4339 πασῶν
2661 4284 2932 4340 ἀνώταται
2964 4283 3166 4350 τάξεις,
3197 4285 3274 4349 ὡς
3306 4285 3484 4356 μέσαι,
3515 4283 3611 4337 καὶ
3642 4283 3761 4353 οὐχὶ

2185 4375 2518 4447 πρώτισται,
2563 4379 2837 4451 ἐρωτῶσιν
2869 4378 3133 4450 ἀλλήλας,
3164 4377 3381 4449 πρῶτον
3408 4377 3476 4430 τὰ
3503 4375 3654 4448 παρὰ
3685 4375 3760 4446 τῷ

2197 4467 2394 4538 Ἠσαίᾳ
2412 4484 2427 4499 °
2483 4470 2578 4536 Τίς
2624 4469 2800 4536 οὗτος
2839 4473 2872 4525 ό
2913 4471 3394 4540 παραγενόμενος
3423 4469 3491 4534 ἐξ
3531 4468 3761 4537 Ἐδώμὶ

2183 4559 2446 4630 ἐρύθημα
2476 4563 2718 4631 ἱματίων
2745 4563 2930 4617 αὐτοῦ
2955 4563 3025 4616 ἐκ
3057 4563 3281 4631 Βοσόρ·
3329 4564 3422 4618 καὶ
3460 4562 3576 4615 τότε
3598 4603 3613 4626 ,
3657 4561 3763 4613 ῶσ-

2184 4668 2290 4724 περ
2320 4653 2745 4724 ἐπιτρεπόμεναι
2779 4655 2930 4727 παρὰ
2959 4654 3114 4721 Θεοῦ,
3144 4655 3284 4726 πρὸς
3319 4655 3480 4709 αὑτὸν
3507 4653 3728 4721 λέγουσι
3765 4665 3778 4699 ι

2185 4745 2288 4800 Διὰ
2311 4745 2370 4798 τι
2395 4761 2511 4801 σου
2542 4745 2760 4816 ἐρυθρὰ
2787 4747 2860 4800 τὰ
2888 4746 3120 4816 ἱμάτια;

2252 4837 2716 4907 Παναγεστάτης
2744 4839 3104 4908 καθάρσεως.
3135 4838 3445 4910 Σημείωσαι
3473 4835 3590 4898 πῶς
3627 4851 3763 4904 φησι

2186 4929 2576 5002 καθαίρεσθαι,
2628 4932 2720 4985 καὶ
2769 4930 3228 5002 φωτίζεσθαι,καὶ
3268 4926 3763 5000 τελεσιουργεῖσθαι

2187 5022 2283 5085 τὰς
2310 5021 2460 5085 θείας
2485 5021 2684 5088 τάξεις,

2254 5113 2370 5184 Τῆς
2414 5115 2775 5183 καθάρσεως.
2825 5116 3132 5188 Σημείωσαι
3177 5116 3258 5180 τίς
3289 5117 3323 5187 ἡ
3356 5114 3629 5185 κάθαρσις
3672 5113 3768 5166 ἐπὶ

2177 5205 2285 5259 τῶν
2313 5206 2471 5272 νοῶν,
2501 5209 2595 5261 καὶ
2621 5209 2704 5271 τίς
2730 5209 2764 5280 ή
2793 5209 2999 5278 ἄγνοια.

2263 5299 2551 5355 Ἀπλέτου
2581 5301 2793 5371 φωτός.
2834 5303 3097 5358 Ἀπλετον
3128 5303 3188 5359 τὸ
3221 5303 3362 5376 μέγα
3391 5300 3481 5357 καὶ
3510 5297 3677 5353 πολύ.

1900 5549 1922 5578 ³
1963 5542 2101 5598 Ibid.
2206 5550 2233 5570 ⁸

1445 5693 1678 5751 VARIIE
1713 5693 2096 5753 LECTIONES
2132 5695 2218 5752 ET
2255 5693 2800 5753 CORRECTIONES.

616 5802 660 5838 ⁸⁸
685 5804 745 5859 τὸ
774 5805 849 5863 δέ.
949 5807 991 5839 ⁸⁸
1027 5806 1159 5861 ἐστί.
1246 5807 1290 5839 ⁸⁸
1329 5806 1534 5872 σύνθες.
