3860 6534
208 331 247 384 73
857 328 909 384 s.
954 296 1197 385 utinm
1235 296 1521 387 Seno'm
1561 300 1641 384 11v
1663 302 1708 385 ι’

1846 331 1932 385 ne
1967 307 2306 388 coELEsn'
2328 312 2774 393 multatum.
3347 328 3423 400 π

249 443 770 511 Τελεσιουρτεῗται.
824 446 1130 516 Σημείωσαι
1178 445 1294 529 πῶς
1353 446 1700 519 καθαίρονται

1811 486 1820 507 ,
1919 444 2225 514 Per/icitur:
2257 447 2390 502 Νοιο
2423 451 2693 519 quomde
2723 435 3104 524 purgenmr.et
3132 445 3420 517 illustren-t

201 539 259 593 καὶ
280 533 630 605 φωτίζονται,
663 536 767 590 καὶ
791 537 1289 609 τελεσιουργοῦνται
1313 540 1370 591 αι
1395 537 1535 592 θεῖαι
1562 539 1744 606 τάξεις

202 628 315 688 αὗται.

240 720 339 776 Καθ’
382 714 548 784 ἕξιν.
600 721 758 776 Καθ’
796 721 907 787 ἕξιν
950 705 1224 795 ἐπιστήμη
1268 722 1473 795 ἐστινὴ
1509 723 1741 795 ἔμμονος

199 809 658 884 καὶάναπόόλητος
689 814 794 886 τῆς
831 813 1229 886 ἐλλαμφθείσης
1272 812 1525 883 γνώσεως
1571 817 1737 871 κατά-

196 907 311 978 ληψις·
650 919 652 928 ’

243 997 286 1052 Ἦ
303 996 541 1069 κύκλῳ.
583 993 811 1071 Ἐπειδὴ
839 999 931 1052 καὶ
959 995 1250 1072 ἑστηκυίας
1273 999 1365 1054 καὶ
1390 1000 1573 1074 κύκλῳ
1601 1002 1734 1056 Θεοῦ

193 1083 613 1161 περιχορευούσας
645 1090 870 1162 ἀμέσως
896 1085 996 1154 τὰς
1025 1091 1250 1164 πρώτας
1284 1092 1487 1156 ταύτας
1515 1093 1738 1166 ταξιαρ-

190 1188 267 1256 χίας
283 1183 441 1254 φησὶ,
483 1181 878 1255 σαφηνιστέον,
913 1184 1030 1247 πῶς
1063 1181 1154 1237 καὶ
1181 1183 1365 1238 ἑστᾶσι
1394 1185 1486 1238 καὶ
1521 1184 1732 1239 κινοῦν-

187 1277 548 1350 ται,καθάπερ
579 1269 641 1329 ἐν
669 1271 862 1349 χορείᾳ
894 1271 1077 1350 κύκλῳ
1115 1277 1207 1330 τοῦ
1247 1275 1402 1330 Θεοῦ.
1444 1278 1555 1332 Καὶ
1597 1279 1732 1343 τέως

187 1371 250 1440 μὲν
269 1363 594 1436 ὲξ“Ἡσαῖου
631 1371 734 1441 τὴν
761 1369 1014 1442 ἀφορμὴν
1040 1370 1279 1442 εἴληφεν,
1317 1371 1376 1434 ὃς
1403 1369 1550 1440 λέγει
1574 1385 1587 1401 ⁸
1620 1373 1732 1426 Καὶ

184 1462 393 1530 cetagat
424 1464 704 1529 εἱστήκει
741 1463 944 1526 κύκλῳ
970 1461 1188 1515 αὐτοῦ·
1222 1461 1291 1527 ἐξ
1333 1461 1618 1534 πτέρυγες
1650 1463 1731 1530 τῷ

183 1555 252 1618 ἐνί,
274 1553 367 1606 καὶ
395 1553 467 1606 τὰ
503 1551 674 1623 ἑξῆς·
712 1553 908 1624 ἐπάγει
934 1553 1161 1626 δὲ,-Καὶ
1203 1554 1330 1620 ταῖς
1370 1551 1552 1608 δυσὶν
1591 1555 1728 1624 ἐξιέ-

180 1660 328 1699 ταιτοο
375 1645 498 1708 πῶς
527 1645 644 1717 γὰρ
678 1645 891 1698 ἑστῶτα
927 1643 1315 1717 περιεπέταντο
1353 1644 1570 1716 κύκλῳ;
1616 1646 1727 1700 Kal

179 1725 346 1806 νοητέον
369 1733 549 1800 οὕτως
577 1753 590 1766 ·
625 1739 737 1800 πᾶς
765 1737 889 1800 νοῦς
909 1734 1020 1809 [ὲκ]
1031 1731 1124 1795 τοῦ
1156 1737 1369 1790 πάντων
1400 1733 1568 1790 αἰτίου
1591 1738 1722 1791 θεοῦ

177 1829 434 1900 ἐκλάμψας,
470 1830 668 1900 ἐπειδὴ
698 1827 807 1883 ἀπὸ
833 1827 926 1901 τοῦ
967 1828 1462 1900 δημιουργήσαντος
1496 1827 1722 1901 ἐξέλαμ-

175 1921 230 1988 iis,
250 1921 462 1990 λέγεται
495 1921 633 1993 περὶ
665 1920 829 1974 αὐτὸν
868 1920 944 1985 ὡς
983 1919 1111 1992 περὶ¹
1156 1920 1378 1992 κέντρον
1423 1921 1720 1985 κινεῖσθαι,

174 2015 236 2084 τῆς
271 2015 539 2086 κινήσεως
587 2013 650 2066 οὐ
691 2013 922 2083 τοπικῆς
965 2029 1108 2076 τινος
1137 2011 1332 2083 οὔσης,
1366 2011 1498 2066 ἀλλὰ
1531 2011 1722 2084 νοερᾶς

173 2108 232 2159 καὶ
254 2106 428 2178 ζώσης
453 2123 468 2136 ο
500 2105 703 2160 ἔστιδὲ
735 2095 828 2159 νοῦ
858 2104 1040 2180 κύκλῳ
1071 2104 1282 2181 κίνησις
1319 2093 1541 2178 τοιαύτη
1560 2123 1573 2136 °
1611 2108 1719 2160 πᾶν

171 2199 208 2250 τὸ
227 2197 370 2252 νοοῦν
399 2197 434 2270 ἦ
465 2190 600 2261 νοῦς
641 2196 718 2252 ὢν
750 2199 896 2261 νοεῖ,
924 2192 972 2266 {ﬁ
1005 2197 1079 2259 ὡς
1113 2193 1337 2268 μετέχον
1368 2183 1485 2250 νοῦ.
1527 2197 1584 2252 '0
1620 2197 1718 2270 μὲν

169 2289 256 2353 νοῦς
296 2293 390 2361 ὢν,
453 2289 695 2362 πρώτως
732 2290 871 2343 νοεϊ”
899 2287 958 2342 τὸ
986 2287 1043 2340 δὲ
1076 2288 1297 2359 μετέχον
1330 2288 1422 2342 νοῦ
1451 2289 1719 2361 δευτέρως

168 2381 268 2431 mi’
302 2378 443 2432 κατὰ
473 2378 638 2432 τοῦτο
672 2379 770 2450 μὲν
795 2372 908 2441 οῦν,
941 2377 1061 2430 καθ’
1089 2377 1118 2430 ὃ
1146 2378 1268 2442 νοῦς
1300 2377 1374 2432 ὢν
1403 2382 1531 2442 νοεῖ,
1555 2383 1718 2433 κινεῖ-

169 2471 258 2523 σθαι
297 2470 509 2540 λέγοιτο
557 2470 658 2526 ἄν’
703 2470 934 2542 κυκλικὴ
985 2469 1041 2522 δὲ
1083 2469 1373 2522 ἐπινοεῖται
1422 2471 1454 2541 ἡ
1506 2472 1718 2543 κίνησις

165 2562 266 2634 αὕτη
293 2561 412 2616 καθ’
437 2562 468 2616 δ
505 2561 868 2634 ἀνακάμπτον
909 2561 1001 2614 καὶ
1047 2563 1175 2629 περὶ
1214 2559 1374 2614 αὑτὸν
1410 2562 1710 2634 γινόμενος,

163 2655 300 2718 οὕτως
340 2649 534 2708 ἑαυτὸν
582 2654 766 2726 νοήσει
795 2651 888 2706 καὶ
927 2651 1016 2705 τὸν
1049 2650 1156 2723 πρὸ
1185 2651 1349 2706 αὐτοῦ
1372 2690 1387 2717 ,
1414 2653 1472 2720 ἐξ
1505 2647 1566 2708 οῦ
1624 2649 1717 2715 ἐξ.

164 2749 356 2816 λαμψεν.
412 2742 492 2810 ὡς
538 2743 634 2799 οὖν
680 2745 745 2798 ἐκ
789 2743 924 2798 Θεοῦ
957 2743 1306 2816 βουληθέντος
1347 2743 1708 2816 προϐληθεὶς,

162 2838 257 2909 περὶ
289 2836 450 2891 αὑτὸν
473 2875 490 2902 ,
540 2836 664 2890 ἀντὶ
691 2835 785 2890 τοῦ
834 2836 961 2908 περὶ
1004 2835 1102 2908 τὴν
1142 2835 1337 2890 Θεοῦ⁵¹
1386 2835 1569 2906 ἔφεσιν
1617 2837 1711 2890 καὶ⁵

1845 541 1954 600 tur,
1980 546 2034 591 et
2051 537 2402 607 perﬁciantur
2426 541 2482 595 hi
2508 540 2680 596 divini
2711 543 2955 600 ordines.

1911 714 2207 770 Secundum
2225 717 2630 774 habitum.Ka0’
2659 721 2790 787 ἕξιν,
2810 726 3108 780 secundum
3138 729 3408 798 habitum,

1839 808 2065 862 scientia
2090 815 2174 864 est
2206 810 2496 875 inhaerens,
2531 819 2584 866 et
2613 813 2732 882 q'ute
2763 815 2925 885 abjici
2979 829 3235 889 nequeat,
3287 825 3411 878 illu-

1843 905 2030 952 strataa
2057 900 2402 968 'eo‘gitationis
2431 904 2768 957 consecutio.
2888 920 2893 926 ι
3016 933 3023 936 ‹
3191 917 3195 920 ·
3263 931 3266 934 ~

1908 987 1974 1043 In
2002 991 2247 1056 circuitu,
2297 989 2393 1046 Gr.
2451 993 2485 1064 η
2541 992 2743 1065 κύκλῳ.
2795 995 3060 1062 Quoniam
3097 1008 3150 1056 et
3199 1011 3412 1063 stantes

1834 1087 1888 1135 et
1950 1080 2304 1138 circumcirca
2334 1083 2504 1138 Deum
2546 1085 2796 1142 saltando
2849 1104 2972 1144 cum
3005 1102 3168 1148 cantu
3192 1096 3404 1152 obeun-

1833 1177 1916 1226 tes
1956 1170 2076 1226 sine
2125 1171 2306 1228 medio
2352 1173 2560 1243 primos
2610 1175 2712 1232 hos
2763 1179 3017 1235 ordinum
3064 1183 3407 1256 principatus

1831 1262 1986 1326 dicit,
2018 1263 2398 1334 explicandum
2435 1273 2538 1329 est,
2571 1269 2847 1337 quomodo
2875 1280 2929 1326 et
2957 1279 3140 1340 stent,
3190 1287 3244 1333 et
3287 1295 3406 1333 mo-

1831 1363 2095 1418 veantur,
2143 1355 2603 1425 quemadmodum
2639 1359 2695 1414 in
2725 1361 2970 1431 tripudio
3036 1367 3402 1426 circumcirca

1829 1445 2021 1502 Deum.
2075 1445 2143 1501 Et
2187 1447 2726 1520 hactenus-quidem
2778 1453 3126 1518 occasionem
3161 1475 3228 1513 ex
3263 1462 3401 1518 Isaia

1828 1539 2059 1609 accepit,
2091 1539 2186 1610 qui
2215 1540 2385 1596 dicit:
2419 1538 2489 1594 Et
2517 1545 2780 1614 semp/tim
2802 1546 3020 1602 stabant
3041 1550 3182 1605 circa
3205 1554 3398 1622 ipsum,

1826 1647 1918 1686 sea:
1940 1632 2043 1724 alt:
2056 1632 2169 1697 uni,
2194 1640 2249 1687 et
2279 1633 2597 1704 sequentia;
2623 1637 2776 1692 addit
2802 1655 2966 1696 vero:
2991 1651 3040 1696 et
3063 1642 3267 1699 duabus
3292 1647 3398 1718 27

1825 1724 2076 1779 volabant
2097 1725 2117 1763 ι
2143 1743 2158 1792 ;
2187 1727 2463 1796 quomodo
2487 1728 2633 1786 enim
2660 1737 2870 1788 stantes
2932 1731 3400 1792 circumvolabant

1754 1792 1796 1846 Β
1827 1816 1879 1869 in
1907 1792 2318 1888 orbem?-Atque
2347 1819 2422 1872 ita
2452 1820 2901 1891 intelligendum:
2934 1839 3090 1880 mens
3119 1829 3299 1884 omnis
3331 1846 3399 1885 ex

1824 1905 1934 1961 Deo
1998 1906 2380 1964 universorum
2428 1917 2654 1963 auctore
2697 1910 2923 1966 elucens
2955 1949 2971 1977 ,
3029 1914 3398 1984 quandoqui-

1821 1997 1950 2054 dem
1975 2015 2004 2054 a
2033 1999 2293 2056 Creatore
2321 2001 2556 2056 eluxerit
2579 2043 2592 2069 ,
2626 2002 2830 2057 dicitur
2873 2004 3020 2059 circa
3067 2005 3398 2076 ipsum.,sic-.

1833 2093 1893 2142 ιιι
1951 2091 2105 2147 circa
2134 2101 2385 2147 centrum
2425 2094 2670 2161 moveri;
2703 2095 2946 2151 motione
2974 2095 3197 2152 minime
3233 2098 3396 2156 Iocali

1819 2183 2000 2254 aliqua
2051 2185 2351 2240 exsistente
2375 2225 2390 2250 ,
2417 2187 2511 2242 sed
2567 2187 2896 2258 intelligibili
2925 2197 2979 2244 et
3013 2190 3136 2244 viva
3161 2207 3183 2257 ;
3210 2199 3394 2246 motus

1817 2284 2000 2329 autem
2046 2276 2248 2332 mentis
2291 2277 2618 2343 circularis',
2667 2279 2794 2334 talis
2840 2289 2959 2336 est:
2993 2298 3155 2338 omne
3186 2284 3392 2339 intelli-

1817 2381 1970 2436 gens,
2001 2377 2095 2422 aut
2124 2384 2279 2424 mens
2303 2371 2869 2443 exsistensintelligit;
2905 2375 2990 2430 vel
3022 2383 3081 2428 ut
3109 2380 3388 2447 particeps

1815 2460 2034 2516 mentis.
2089 2458 2241 2517 Mens
2289 2463 2508 2533 quidem
2548 2464 2842 2530 exsistens,
2887 2465 3066 2535 primo
3096 2466 3388 2537 intelligit:

1813 2553 1960 2625 quod
1993 2561 2175 2610 autem
2196 2555 2264 2611 de
2290 2563 2470 2611 mente
2493 2555 2808 2626 participat,
2834 2556 3075 2620 secundo
3096 2556 3386 2630 intelligit;

1813 2646 2115 2702 secundum
2144 2647 2250 2703 hoc
2276 2648 2446 2720 igitur
2469 2688 2485 2714 ,
2521 2649 2823 2704 secundum
2847 2649 2994 2720 quod
3026 2665 3182 2705 mens
3213 2653 3392 2708 exsis-

1815 2747 1935 2792 tens
1960 2734 2222 2811 intelligit,
2269 2739 2475 2796 moveri
2501 2739 2616 2795 dici
2647 2749 2845 2810 queat;
2881 2741 3174 2798 circularis
3202 2749 3389 2798 autem

1811 2827 1900 2882 hic
1927 2836 2108 2885 motus
2137 2831 2501 2902 excogitatur,
2527 2842 2797 2902 quatenus
2820 2834 3128 2900 reﬂectens,
3156 2841 3212 2888 et
3237 2833 3389 2890 circa

160 2930 344 3001 ἀγάπην
368 2968 383 2993 ,
433 2929 513 2992 ὡς
558 2928 688 3001 περὶ
720 2927 941 3001 κέντρον
963 2967 978 2992 ,
1022 2927 1204 2982 ἔσται·
1237 2927 1297 2982 οὐ
1329 2929 1438 3002 γὰρ
1465 2928 1708 2984 ἐνοῦνται

1811 2920 2044 2990 seipsam
2091 2922 2364 2979 exsistens
2417 2923 2491 2978 ita
2544 2925 2785 2994 seipsam
2841 2925 3150 2996 intelliget,
3181 2934 3236 2982 et
3261 2941 3384 2981 eam

159 3021 208 3074 τὰ
229 3021 449 3093 δεύτερα
476 3023 595 3084 τοῖς
631 3019 736 3090 πρὸ
771 3019 983 3083 αὐτῶν,
1014 3018 1149 3073 ἀλλὰ
1180 3019 1368 3093 χορείᾳ
1392 3021 1499 3074 τινὶ
1528 3019 1589 3075 τὸ
1623 3025 1708 3091 γιέ

1811 3021 1930 3083 quae
1955 3013 2127 3085 ipsam
2159 3015 2417 3086 praecedit
2443 3031 2511 3071 ex
2539 3032 2645 3088 qua
2671 3018 2885 3084 illuxit;
2919 3025 3181 3088 tanquam
3217 3018 3384 3088 igitur

157 3115 341 3185 νόμενον
367 3115 513 3169 ἔοικε
533 3132 546 3144 ·
581 3114 650 3166 τὰ
674 3112 783 3185 γὰρ
813 3112 1125 3184 γεννώμενα
1151 3109 1288 3166 εἶναι
1333 3114 1392 3166 ὲν
1417 3113 1495 3185 τῷ
1527 3112 1708 3186 οἰκείῳ

1811 3123 1874 3162 ex
1904 3106 2013 3162 Deo
2039 3108 2262 3165 volente
2287 3108 2570 3180 projeCta,
2618 3109 2768 3165 eirea
2818 3109 3000 3180 ipsum
3023 3148 3040 3174 ,
3097 3123 3198 3180 pro
3231 3109 3384 3166 circa

155 3204 401 3278 ἐφιέμενα,
427 3205 521 3258 τὸν
549 3204 823 3275 γεννῶντα
850 3205 1165 3278 περιαθρεῐ·
1199 3202 1260 3258 τὸ
1297 3199 1389 3260 οὖν
1430 3207 1496 3277 τῇ
1527 3207 1705 3278 νοήσει

1811 3197 1904 3255 Dei
1931 3200 2266 3256 desiderium
2301 3209 2354 3258 et
2383 3217 2624 3258 amorem
2649 3239 2664 3266 ,
2707 3200 2850 3257 sicut
2897 3203 3045 3257 circa
3093 3211 3340 3258 centrum
3361 3243 3378 3268 ,

155 3298 261 3368 πρὸς
286 3297 352 3351 τὰ
377 3296 486 3370 πρὸ
525 3296 690 3351 αὐτοῦ
728 3295 1204 3369 ὲπεστραμμένον,
1240 3297 1506 3368 κυκλικῆς
1549 3300 1704 3370 κινή-

1811 3292 2146 3358 versabitur;
2179 3309 2290 3349 non
2315 3293 2460 3349 enim
2489 3293 2730 3350 secunda
2775 3293 3042 3348 uninntur
3073 3295 3379 3365 precedent.

156 3406 266 3454 σεως
294 3380 520 3444 ἔννοιαν·
539 3389 768 3457 εἰσάγει.
815 3385 1032 3462 Ἐπειδὴ
1063 3385 1155 3444 οὖν
1187 3389 1460 3461 πανταχοῦ
1499 3392 1644 3445 ἐστιν
1673 3391 1706 3444 ὅ

1811 3385 1994 3454 tibus;
2022 3385 2118 3441 sed
2147 3385 2206 3441 id
2247 3385 2396 3457 quod
2444 3386 2502 3442 ιιι
2525 3425 2541 3452 ,
2579 3385 2759 3441 simile
2791 3393 2876 3440 est
2903 3385 3071 3442 alicui
3099 3386 3381 3458 tripudio;

153 3480 257 3545 Θεὸς
275 3523 290 3548 ,
320 3483 375 3536 ai
415 3481 698 3552 πανταχοῦ
728 3479 876 3553 αὐτῷ
905 3480 1391 3536 συνακολουθοῦσαι
1420 3481 1497 3553 τῷ
1529 3481 1701 3536 θέλειν

1811 3494 1924 3550 quae
1945 3479 2091 3535 enim
2115 3489 2445 3551 generantur
2467 3479 2524 3533 in
2554 3478 2778 3550 proprio
2807 3479 2950 3544 loco,
2987 3495 3111 3536 esse
3137 3481 3380 3552 gestien-

152 3573 282 3627 αὑτὸν
301 3578 438 3629 νοεῖν
469 3570 582 3639 ἀεὶ,
621 3573 716 3628 ἐπὶ
745 3570 920 3646 τούτῳ
953 3573 1298 3642 ἀγάλλονται,
1337 3575 1432 3628 καὶ
1479 3591 1701 3648 περιχο-

154 3665 384 3734 ρεύουσιν,
418 3665 612 3739 ὥσπερ
640 3668 706 3738 τῇ
734 3665 1058 3738 εὐφροσύνῃ.
1087 3665 1315 3735 Λέγεται
1358 3661 1452 3721 οῦν
1491 3667 1616 3732 νοῦς
1639 3670 1696 3724 ὲν

149 3754 296 3829 ἑαυτῷ
335 3755 508 3828 εἶναι,
557 3759 652 3812 καὶ
698 3758 835 3830 πρὸς
885 3757 1075 3811 ἑαυτὸν
1126 3757 1406 3813 σπεύδειν·
1441 3760 1469 3812 ὃ
1509 3755 1602 3813 οὖν
1637 3745 1700 3814 ὲν

150 3847 296 3920 ἑαυτῷ
325 3850 461 3917 ἐστι,
499 3851 594 3905 καὶ
619 3850 767 3921 δηλοῖ
794 3849 1112 3915 ἀθανασίαν,
1150 3850 1336 3905 στάσιν
1383 3851 1528 3922 ἔχει’
1554 3853 1693 3908 κατὰ

149 3939 306 4012 γὰρτὸ
335 3938 494 4008 εἶναι,
523 3943 554 3996 ὅ
586 3943 732 3996 ἐστιν
761 3941 1044 4005 ἀθανάτως
1075 3938 1215 3995 εἶναι
1237 3981 1253 4006 ,
1303 3943 1522 3997 ἑστάναι
1554 3948 1692 3998 νοεῖ-

148 4049 244 4085 ται·
273 4034 408 4089 κατὰ
437 4035 496 4089 δὲ
536 4033 598 4087 τὸ
633 4033 766 4105 πρὸς
807 4033 997 4088 ἑαυτὸν
1027 4031 1310 4100 σπεύδειν,
1355 4035 1582 4090 κινεῖται
1616 4035 1691 4109 μὴ

149 4120 432 4194 βουλόμενος
455 4122 759 4195 διαχεῖσθαι
792 4141 908 4188 πως
939 4127 1019 4188 είς
1045 4123 1148 4188 τὰς
1173 4123 1370 4190 ἔξωθεν
1404 4127 1567 4180 αὐτοῦ
1598 4127 1691 4180 καὶ

147 4213 410 4282 προσύλους
458 4216 694 4286 νοήσεις,
750 4213 907 4269 Κατὰ
959 4211 1056 4286 μὲν
1101 4209 1193 4268 οὖν
1220 4214 1281 4268 τὸ
1310 4217 1688 4288 ταυτοκίνητον

145 4303 224 4373 οὐχ
245 4305 462 4378 ἕστηκεν
481 4345 496 4370 ,
531 4305 665 4359 άλλά
699 4309 958 4370 κινεῖται,
1002 4304 1142 4359 κατὰ
1170 4306 1227 4360 δὲ
1256 4307 1355 4379 τὴν
1387 4308 1572 4362 οὐσίαν
1601 4307 1687 4362 ἀεὶ

1802 3573 1878 3626 tia
1901 3611 1916 3638 ,
1951 3577 2300 3644 generantem
2348 3571 2840 3641 circumspiciunt:
2881 3571 3027 3642 quod
3056 3587 3184 3643 ergo
3211 3573 3376 3627 intel-

1800 3663 1993 3720 lective
2023 3664 2089 3720 ad
2120 3678 2185 3720 ea
2207 3677 2328 3735 qua:
2352 3663 2530 3734 ipsum
2556 3663 2888 3720 antecedunt
2916 3677 3241 3720 conversum
3265 3672 3372 3730 est,

1797 3757 2087 3813 circularis
2127 3757 2386 3812 motionis
2424 3757 2811 3828 cogitationem
2840 3756 3069 3812 inducit.
3104 3757 3376 3824 Quoniam

1797 3848 1964 3920 igitur
1989 3848 2133 3905 Deus
2161 3849 2364 3920 ubique
2392 3855 2498 3916 est,
2529 3865 2650 3920 qua:
2695 3850 3028 3920 ubicumque
3068 3850 3246 3920 ipsum
3284 3865 3376 3906 se-

1796 3947 1957 4004 cutae,
1988 3954 2054 3995 eo
2083 3939 2226 4010 quod
2258 3940 2426 3995 velint
2465 3957 2680 4012 semper
2709 3941 2886 4011 ipsum
2918 3943 3226 4014 intelligere
3251 3983 3266 4006 ,
3312 3943 3368 3998 in

1793 4029 1898 4089 hoc
1923 4031 2199 4085 exsultant
2222 4074 2236 4099 ,
2270 4040 2326 4086 et
2353 4033 2559 4086 circum
2590 4032 2894 4101 tripudiant
2921 4033 3065 4087 sicut
3093 4034 3148 4088 in
3174 4036 3370 4090 convi-

1790 4121 1910 4189 vio;
1943 4121 2144 4177 dicitur
2173 4123 2355 4194 itaque
2381 4137 2536 4179 mens
2561 4122 2615 4177 in
2647 4123 2824 4193 seipsa
2859 4137 2982 4180 esse
3009 4164 3024 4190 ,
3067 4134 3123 4180 et
3163 4125 3231 4180 ad
3274 4141 3366 4182 se-

1790 4215 1966 4285 ipsam
1998 4214 2285 4274 festinare;
2317 4215 2465 4288 quod
2495 4215 2660 4287 igitur
2690 4215 2746 4271 in
2780 4216 2960 4287 seipso
2979 4223 3084 4280 est,
3113 4224 3166 4271 et
3197 4218 3368 4286 signi-

1789 4307 1916 4364 ﬁcat
1938 4309 2421 4374 immortalitatem,
2448 4315 2651 4365 statum
2674 4309 2870 4377 habet;
2894 4309 3195 4366 secundum
3217 4311 3363 4366 enim

144 4392 368 4462 ὡσαύτως
395 4397 623 4468 ἔχουσαν
656 4397 862 4461 στάσιν,
895 4397 1008 4452 ἀλλ’
1040 4397 1101 4450 οὐ
1130 4397 1340 4469 κίνησιν
1368 4399 1498 4470 ἔχει.
1526 4401 1684 4454 Ἐστι

1811 4416 1912 4457 :sse
1938 4402 2084 4472 quod
2113 4409 2196 4458 est
2224 4402 2606 4457 immortaliter
2634 4418 2778 4466 esse,
2813 4409 2960 4457 stare
3002 4402 3359 4473 intelligitur;

141 4485 296 4542 τοίνυν
333 4460 613 4543 κατὰ
660 4489 820 4560 φύσιν
865 4490 1078 4560 ἑκάστῳ
1117 4460 1610 4563 τῶν-νοιῖινὸρμὴ,
1648 4495 1682 4565 ἡ

1811 4492 2087 4547 .ecundum
2136 4501 2319 4548 autem
2361 4493 2429 4547 ad
2480 4493 2722 4565 seipsum
2771 4493 3072 4558 festinare,
3113 4502 3362 4549 movetur

143 4577 258 4647 πρὸς
283 4579 408 4633 Θεὸν
438 4580 622 4650 ἔφεσις
653 4581 748 4634 καὶ
779 4583 811 4652 ὴ
839 4581 966 4652 περὶ
993 4581 1176 4645 αὐτὸν,
1198 4579 1273 4646 ὡς
1302 4585 1430 4654 περὶ
1459 4583 1680 4654 κέντρον

142 4669 341 4743 κυκλικὴ
373 4673 556 4744 χορεία
578 4711 592 4736 ,
639 4672 714 4736 ὼς
745 4674 778 4744 ὴ
811 4671 904 4726 τοῦ
937 4672 1137 4726 κύκλου
1170 4673 1297 4745 περὶ
1325 4671 1387 4727 τὸ
1419 4675 1642 4747 σημεῖον
1661 4716 1675 4738 ,

140 4757 238 4826 ἦτοι
265 4761 497 4834 κέντρον,
528 4765 618 4833 ἀφ’
649 4760 710 4819 οὗ
746 4764 1006 4836 συνέστηο
1043 4766 1134 4819 καὶ
1165 4765 1272 4836 γὰρ
1293 4767 1387 4820 καὶ
1415 4765 1556 4820 κατὰ
1579 4785 1678 4836 φυ-

141 4849 272 4921 σικὴν
299 4854 534 4926 ἀνάγκην
564 4855 791 4909 ἕκαστον
821 4856 928 4909 τῶν
959 4855 1127 4910 ὄντων
1157 4857 1255 4929 τὴν
1281 4858 1408 4929 περὶ
1429 4857 1519 4911 τὸν
1541 4853 1674 4911 Θεὸν

137 4942 320 5012 χορεύει
349 4945 582 5018 χορείαν,
613 4946 691 5018 τῷ
721 4943 857 5002 εἶναι
888 4948 1170 5020 ἐφιέμενον
1199 4949 1294 5003 τοῦ
1318 4947 1453 5003 εἶναι
1475 4952 1542 5004 ⁵³.
1567 4949 1674 5003 υῦ-

135 5045 224 5094 τως
250 5029 334 5087 οὖν
366 5036 493 5106 περὶ
521 5036 627 5089 τῶν
659 5037 874 5092 πάντων
907 5038 1131 5109 βασιλέα
1163 5040 1339 5094 πάντα
1379 5041 1496 5094 ἐστὶ
1519 5082 1534 5099 .
1581 5042 1676 5095 καὶ

133 5120 314 5177 ἐκείνου
354 5126 514 5181 ἕνεκα
545 5127 722 5182 πάντα
753 5130 844 5182 καὶ
875 5130 1053 5184 ἐκεῖνο
1082 5131 1337 5186 ἁπάντων
1369 5132 1548 5186 καλῶν
1587 5133 1674 5185 αι’-

131 5228 244 5269 τιον.
282 5219 341 5272 Ὃ
376 5219 432 5272 δὲ
463 5215 614 5274 εἶπεν
645 5220 864 5292 ἀμέσως
904 5222 973 5275 τὰ
1006 5223 1198 5294 πρῶτα
1240 5225 1368 5297 περὶ
1409 5225 1542 5279 Θεὸν
1581 5243 1672 5296 χο-
1737 5289 1740 5292 ,

133 5305 304 5371 ρεύειν,
334 5309 406 5372 ὠς
440 5310 513 5382 μὴ
543 5311 732 5381 ἔχοντά
761 5330 814 5366 τι
845 5313 951 5387 πρὸ
983 5313 1146 5368 αὐτοῦ
1161 5315 1326 5387 δηλοῖ,
1345 5317 1425 5370 ὅτι
1455 5316 1524 5370 τὰ
1554 5317 1673 5370 δεύ-

213 5489 229 5524 ¹
259 5487 354 5544 lsa.
378 5507 453 5546 Vl.
482 5491 517 5543 Ξ

1784 4585 1932 4639 nulla
1960 4585 2172 4639 ratione
2195 4579 2388 4641 volens
2412 4584 2640 4639 ditl‘undi
2667 4587 2722 4639 in
2745 4600 2838 4641 eas
2860 4601 2980 4656 qua:
3001 4593 3154 4641 extra
3179 4586 3358 4655 ipsum

1782 4686 1950 4740 sunt,
1983 4674 2037 4732 ét
2068 4677 2381 4734 materiales
2413 4677 2829 4734 intellectiones.
2866 4678 3146 4745 Quatenus
3190 4681 3358 4751 igitur

1778 4783 1875 4838 per
1903 4785 1962 4825 se
1990 4769 2208 4826 mobilis
2235 4777 2320 4826 est
2346 4811 2361 4836 ,
2393 4785 2505 4826 non
2533 4775 2642 4825 stat
2667 4811 2681 4835 ,
2716 4771 2809 4826 sed
2847 4779 3132 4839 movetur;
3162 4783 3357 4844 quate-

1782 4876 1886 4916 nus
1918 4866 2098 4915 autem
2141 4868 2226 4916 est
2246 4859 2485 4916 essentia
2517 4873 2731 4930 semper
2760 4860 2950 4914 eodem
2977 4860 3139 4916 modo
3167 4849 3226 4916 se
3257 4860 3355 4915 hac

1779 4950 1915 5007 bens
1938 4991 1954 5018 ,
1985 4958 2189 5005 statum
2210 4990 2226 5015 ,
2254 4966 2366 5005 non
2398 4965 2528 5006 vero
2557 4959 2764 5005 motum
2787 4991 2801 5016 ,
2842 4951 3024 5007 habet.
3057 4951 3154 5008 Est
3187 4951 3369 5022 igitur

1778 5049 1833 5097 et
1861 5039 2157 5097 secundum
2188 5049 2440 5095 naturam
2471 5041 2769 5111 unicuique
2797 5042 3062 5096 mentium
3090 5042 3346 5111 impetus,

1777 5132 2051 5202 cupiditas
2100 5147 2231 5202 erga
2283 5131 2454 5186 Deum
2503 5139 2556 5187 et
2608 5146 2737 5201 erga
2773 5133 3008 5202 seipsam
3037 5172 3051 5195 ,
3085 5140 3369 5201 tanquam;

1775 5225 1923 5278 circa
1953 5231 2201 5278 centrum
2247 5223 2517 5278 circulare
2569 5222 2908 5294 tripudium,
2957 5223 3100 5277 sicut
3152 5222 3342 5278 circuli

1777 5317 1923 5371 circa
1975 5324 2235 5385 punctum
2279 5330 2375 5372 seu
2422 5321 2680 5372 ccntrum‘
2701 5331 2767 5371 ex
2799 5329 2908 5386 quo
2937 5315 3181 5370 constitit
3210 5333 3225 5382 ;
3260 5323 3344 5371 et-

1032 5621 1266 5708 iamm
1299 5647 1682 5710 LECTIONES
1707 5648 1796 5707 ET
1829 5648 2381 5738 CORRECTIOliEs.

211 5783 248 5818 ⁸
278 5786 454 5843 αὐτοῦ.
527 5793 572 5825 ⁸¹
606 5791 794 5846 αίτίου.

323 5882 591 5946 ΡΑτιιοι.
624 5883 740 5946 Gtt.
771 5885 884 5950 IV.
