3860 6594
438 306 508 365 78
1161 325 1167 334 ε
1247 301 1589 358 APPENDIX
1624 301 1716 356 AD
1746 301 1973 359 OPERA

2101 296 2398 362 mouvsn
2429 304 2910 365 sacomam.
3636 333 3701 388 -ιδ

433 425 580 479 enim
653 422 820 480 etiam
891 418 1192 476 secundum
1252 419 1563 475 naturalem
1626 422 1985 478 necessitaten

2111 443 2246 497 τερα
2275 425 2367 478 καὶ
2399 425 2466 478 τὰ
2495 425 2674 497 τρίτα,
2707 427 2951 480 τουτέστι
2982 425 3051 480 τὰ
3081 428 3318 501 αἰσθητὰ
3338 474 3354 498 ,
3389 435 3481 492 διᾶ
3517 444 3700 514 μέσων

435 511 877 586 unumquodque'
916 514 1126 569 entiam
1181 512 1526 568 saltationem
1577 529 1698 583 quae
1751 514 1809 568 fit
1860 516 2008 571 circa

435 607 606 664 Deum
638 608 801 664 saltat
828 607 947 675 ipso
975 619 1098 660 esse
1128 604 1357 674 cupiens
1379 621 1535 660 esse:
1564 606 1643 661 sic
1666 607 1831 677 igitur
1858 608 2004 662 circa

2111 518 2220 570 τῶν
2385 516 2562 569 αὐτῶν
2594 518 2722 589 περὶ
2749 518 2840 572 τὸν
2870 517 3022 582 Θεὸν,
3051 519 3126 583 ὡς
3150 519 3393 593 εἴρηται,
3418 530 3701 608 ἀναλόγως

2113 625 2346 678 χορευει.

434 701 888 774 regem'omniutn
922 704 1052 752 sunt
1079 698 1355 761 universa,
1380 706 1434 754 et
1457 699 1798 754 illiuscausa
1823 701 2005 754 omnia
2031 707 2085 754 et
2116 701 2205 754 ille
2231 700 2496 754 bonorum
2527 701 2769 755 omnium
2822 707 3045 756 auctor..
3093 700 3251 768 Quod
3299 716 3488 765 autem
3536 714 3694 784 dixit,

428 793 749 849 humediate
777 797 984 862 primos
1015 790 1165 845 circa
1193 790 1363 845 Deum
1397 791 1718 862 tripudiare,
1775 799 2035 863 tanquam
2071 793 2206 847 nihil
2256 802 2380 848 ante
2431 809 2490 849 se
2549 793 2806 848 habentia
2831 835 2845 858 ,
2879 795 3121 850 declarat
3169 801 3318 867 quod
3351 809 3598 864 secunda
3644 824 3695 869 et

431 885 616 949 tertia,
648 883 750 937 hoc
776 891 859 936 est
886 881 1192 946 sensibilia,
1253 883 1364 953 28
1411 898 1508 953 per
1554 882 1733 938 media
1779 885 2137 954 praecedentia
2193 884 2341 939 circa
2375 883 2564 950 Deum,
2603 884 2747 940 sicut
2785 886 2990 940 dictum
3023 894 3140 953 est,
3185 904 3286 958 pro
3318 901 3487 961 captu
3517 900 3693 970 ιι-ίρυ,

433 976 603 1031 diant.

506 1067 869 1125 Int'ellectilia.
903 1067 1127 1138 Species
1153 1068 1374 1138 quidem
1405 1076 1458 1124 et
1486 1069 1850 1139 preprietates
1879 1077 2006 1124 sunt

431 1161 880 1217 exsistentiarum
926 1160 1308 1216 distinctarum
1353 1181 1365 1216 :
1412 1163 1467 1215 in
1513 1163 1759 1232 corporis
1825 1171 2006 1217 autem

430 1253 757 1325 privatione,
785 1259 840 1307 et
869 1252 1002 1323 quia
1029 1252 1431 1319 immaterialia,
1463 1256 1714 1310 loconon
1740 1255 2004 1326 indigent,

2179 1067 2254 1121 Τὰ
2282 1066 2484 1132 νοητά.
2529 1064 2630 1136 [Τὰ
2665 1059 2860 1139 νοητὰ]
2885 1065 2996 1137 εἴδη
3033 1064 3130 1137 μὲν
3160 1029 3268 1121 eici
3301 1072 3400 1126 καὶ¹
3435 1077 3693 1150 ἰδιότητες

2105 1159 2389 1230 ὑπάρξεων
2433 1158 2860 1229 διακεκριμένων
2882 1175 2895 1188 ·
2943 1159 3001 1210 ἐν
3032 1159 3087 1211 δὲ
3217 1159 3552 1238 ἀσωματῐᾳ,
3600 1178 3691 1230 καὶ

2110 1251 2184 1323 μὴ
2216 1252 2381 1304 τόπου
2415 1250 2620 1304 δεῖσθαι
2653 1249 2722 1302 τὰ
2758 1249 2930 1313 ἄῦλα,
2966 1250 3052 1302 ἵνα
3083 1251 3467 1322 χωρισθῶσιν,
3503 1260 3580 1325 ὡς
3621 1267 3686 1319 τὰ

429 1356 491 1402 ut
519 1353 845 1416 separentur
874 1345 1016 1399 sicut
1048 1359 1280 1415 corpora
1309 1347 1525 1413 omnia;
1557 1347 1650 1402 ubi
1693 1347 1838 1402 enim
1884 1362 1985 1400 eor

2107 1345 2335 1414 σώματα
2367 1344 2544 1398 πάντα
2563 1359 2576 1373 ο
2612 1344 2743 1395 ὅπου
2775 1341 2887 1412 γὰρ
2923 1342 3078 1413 σῶμα
3107 1343 3199 1396 καὶ
3222 1345 3393 1410 τόπος
3418 1349 3447 1400 6
3479 1353 3686 1422 μέλλων

428 1454 533 1509 pus
561 1445 646 1494 est
667 1476 684 1502 ,
732 1437 806 1492 ibi
837 1451 1058 1508 quoque
1104 1437 1259 1492 locus
1288 1445 1393 1503 est,
1430 1439 1528 1508 qui
1559 1440 1679 1494 sine
1704 1439 2006 1493 certamine

429 1536 660 1602 corpora
689 1537 1050 1601 suscepturus
1079 1538 1184 1586 est.

501 1622 673 1689 Quasi
699 1637 817 1676 vox.
859 1620 986 1676 Haec
1013 1629 1140 1676 sunt
1167 1618 1490 1677 Ezechielis.

499 1713 579 1767 De
613 1729 710 1767 suo
747 1712 880 1766 loco.
915 1709 1201 1777 Quomodo
1230 1718 1447 1780 oportet
1478 1710 1781 1782 intelligere
1817 1711 1999 1765 locum

2107 1439 2304 1507 χωρεῖν
2335 1436 2562 1506 ἀμάχως
2591 1435 2660 1488 τὰ
2693 1433 2938 1505 σώματα.

2188 1619 2283 1684 Ὠς
2311 1617 2498 1687 φωνή.
2535 1618 2720 1672 Ταῦτα
2749 1618 2841 1672 τοῦ
2890 1619 3168 1692 Ἰεζεκιήλ.

2186 1710 2287 1764 Ἐκ
2331 1711 2437 1764 τοῦ
2482 1711 2668 1765 τόπου
2711 1711 2918 1766 αὑτοῦ.
2966 1712 3090 1776 Πῶς
3133 1713 3240 1784 χρὴ
3291 1709 3485 1785 νοῆσαι
3524 1717 3680 1771 τόπον

429 1806 486 1861 in
541 1804 686 1870 Deo,
739 1803 1022 1873 Scriptura
1083 1803 1281 1873 ubique
1343 1801 1557 1857 dicente
1600 1803 1978 1857 incircumscri

2108 1802 2200 1854 ἐπὶ
2229 1800 2388 1861 Θεοῦ.
2420 1801 2519 1872 τῆς
2550 1803 2770 1874 Γραφῆς
2799 1804 3109 1875 ἁπανταχοῦ
3143 1804 3434 1876 λεγούσης,
3494 1811 3681 1884 ἁπερι.

426 1908 578 1969 ptam
622 1912 746 1953 esse
784 1895 1156 1960 Divinitatem,
1183 1902 1236 1949 et
1261 1893 1496 1950 :Caelum
1525 1894 1669 1949 sedes
1697 1895 1831 1964 ejus,
1856 1904 1985 1948 terra

2097 1894 2306 1964 όριστον
2325 1886 2539 1946 εἶναιτὸ
2570 1894 2744 1961 Θεῖον,
2779 1897 2873 1949 καὶ
2901 1895 2964 1948 τό
2983 1913 2995 1926 ·
3036 1895 3302 1964 Οὐρανὸς
3333 1898 3545 1966 θρόνος
3574 1905 3675 1956 αὑ-

428 2000 604 2044 autem
653 1989 938 2044 scabellum
991 1987 1180 2058 pedum
1226 1989 1424 2057 ejus“;
1478 1994 1530 2041 et
1586 2002 1828 2042 rursus:
1875 1985 1999 2042 Sta-

429 2086 535 2139 tuit
582 2083 744 2139 ualles
794 2092 1031 2145 statera,
1085 2092 1135 2137 et
1203 2097 1407 2136 onmem
1474 2090 1670 2134 terram
1718 2079 1994 2148 pugillo';

427 2186 590 2248 atque
635 2179 870 2234 iterum:
905 2176 965 2232 Si
1005 2175 1284 2230 ascendere
1326 2175 1384 2228 in
1415 2173 1600 2228 calum
1629 2213 1644 2238 ,
1679 2182 1733 2226 tu
1766 2172 1880 2226 illic
1907 2187 1995 2234 es;

426 2268 476 2321 si
517 2277 693 2322 autem
743 2267 1054 2322 descendere
1103 2267 1157 2320 in
1197 2266 1502 2336 infernum,
1548 2263 1672 2318 ades
1690 2272 1738 2318 κ.
1770 2262 1996 2329 Qualem

424 2360 595 2430 igitur
641 2359 890 2414 Ezechiel
935 2358 1265 2428 excogitavit
1315 2355 1424 2411 Deo
1460 2356 1680 2412 locum?
1715 2354 1992 2418 Dicimus,

426 2451 572 2521 quod
597 2492 612 2517 ,
652 2467 773 2522 quae.
802 2451 1058 2506 videntur
1087 2451 1251 2505 nobis
1280 2449 1518 2504 obscura
1538 2489 1552 2513 ,
1586 2448 1729 2504 Deus
1763 2449 1830 2503 iis
1853 2487 1868 2512 ,
1902 2447 1995 2517 qui

425 2546 607 2614 ipsum
641 2549 757 2597 toto
785 2543 992 2614 impetu
1021 2542 1342 2612 inquirunt,
1383 2541 1653 2607 illustret‘;
1689 2540 1819 2596 dicit
1851 2541 1994 2594 enim

425 2637 610 2692 divina
641 2635 922 2706 Scriptura
941 2632 1028 2689 :Si
1049 2641 1317 2704 praecepta
1341 2648 1458 2688 mea
1481 2631 1756 2688 custodiat
1774 2633 1993 2702 aliquis,

424 2745 528 2800 ego
558 2736 612 2785 et
633 2727 798 2784 Pater
829 2729 1122 2794 veniemus,
1161 2737 1208 2782 et
1239 2729 1562 2783 mansionem
1593 2727 1733 2797 apud
1762 2743 1878 2781 eum
1909 2726 1997 2795 fa-

423 2823 620 2876 ciemus
641 2830 704 2889 7;
734 2822 919 2890 itaque
953 2821 1120 2892 igitur
1147 2829 1202 2877 et
1232 2821 1604 2893 intelligibiles
1643 2817 1872 2874 virtutes
1891 2857 1906 2881 ,
1941 2826 1996 2872 et

424 2922 742 2970 sanctorum
765 2923 926 2982 atque
951 2914 1197 2969 omnium
1219 2925 1488 2984 praecepta
1517 2910 1852 2968 servantium
1875 2911 1994 2966 ani-

423 3022 525 3060 mae
544 3047 560 3072 ,
596 3007 793 3061 merito
819 3007 1003 3060 vocari
1033 3005 1312 3076 potuerint
1344 3004 1436 3060 Dei
1474 3005 1630 3060 locus
1657 3013 1712 3060 et
1738 3003 1988 3074 requies:

419 3098 622 3152 etenim
649 3098 781 3152 alibi
807 3097 942 3152 dicit
975 3113 988 3149 :
1023 3095 1287 3168 Requievit
1333 3095 1564 3166 Spiritus
1592 3113 1736 3150 meus
1764 3097 1815 3149 in
1837 3096 1988 3164 ipsis.

495 3277 561 3332 In
583 3279 652 3334 iis
671 3318 687 3344 ,
716 3295 832 3350 quae
854 3277 919 3334 de
945 3278 1138 3334 divinis
1168 3279 1396 3349 hymnis.
1437 3277 1598 3341 Nota,
1633 3278 1797 3331 alium
1826 3277 1988 3332 etiam

419 3370 618 3425 librum
648 3369 726 3425 De
747 3371 942 3426 divinis
970 3371 1188 3442 hymnis
1207 3370 1275 3425 ab
1306 3370 1428 3440 ipso
1455 3369 1811 3425 elaboratum.

487 3551 681 3605 Divina
712 3552 848 3607 loca.
881 3551 1146 3618 Quisnam
1176 3549 1271 3604 Dei
1300 3549 1478 3602 locus.

484 3641 611 3696 Loci
638 3643 828 3699 divini.
859 3643 1174 3714 Scriptura:
1209 3641 1433 3706 Qualem
1459 3641 1674 3695 domum
1698 3639 1827 3695 mihi
1857 3638 1991 3696 cedi-

415 3737 647 3806 ﬁcabitis
669 3775 684 3798 ,
715 3737 842 3790 dicit
883 3735 1143 3789 Dominus
1162 3774 1177 3798 ,
1209 3743 1300 3786 aut
1327 3735 1444 3803 quis
1477 3733 1620 3788 locus
1653 3734 1989 3805 requietionis

413 3828 874 3890 mew',declarat.
893 3842 1004 3880 non
1032 3825 1140 3880 dici
1167 3825 1236 3880 de
1266 3825 1454 3880 sensili
1483 3826 1684 3895 aliquo,
1707 3841 1895 3881 verum
1921 3827 1990 3882 de

413 3916 620 3970 divinis
654 3915 740 3970 his
773 3915 1087 3981 mentibus;
1133 3922 1229 3967 aut
1259 3914 1424 3969 etiam
1458 3914 1562 3969 hoc
1591 3915 1782 3970 modo:
1816 3914 1988 3971 voluit

413 4004 560 4062 Deus
622 4005 932 4077 signiﬁcare
992 4006 1232 4061 divinam
1293 4014 1544 4060 naturam
1607 4007 1986 4067 circumscribi

411 4113 524 4152 non
575 4113 756 4168 posse.
804 4097 870 4152 Et
911 4099 1099 4153 aliter:
1143 4115 1319 4169 neque
1356 4100 1413 4154 in
1456 4099 1591 4170 ipsis
1637 4099 1987 4158 audientibus

411 4185 524 4241 Deo
546 4188 726 4242 locum
760 4189 1119 4260 requietionis
1149 4189 1320 4247 fuisse
1357 4199 1581 4261 propter
1629 4191 1987 4246 incredulita-

411 4289 521 4336 tem
554 4281 824 4350 ipsorum,
857 4283 1001 4337 sicut
1027 4281 1106 4337 ait
1133 4283 1189 4337 in
1217 4282 1526 4354 Evangeliis
1553 4282 1817 4339 Dominus
1837 4303 1855 4340 :
1884 4284 1984 4339 Fi-

411 4371 515 4426 lius
547 4381 722 4426 autem
751 4372 977 4428 hominis
1010 4391 1113 4428 non
1143 4373 1295 4428 habet
1325 4375 1415 4432 ubi
1439 4383 1596 4444 caput
1625 4377 1839 4432 reclinet
1859 4391 1908 4436 ⁸.

483 4550 672 4606 Unitas
702 4562 801 4608 est.
831 4550 949 4606 Non
972 4561 1208 4618 tantum,
1237 4554 1434 4625 inquit,
1469 4561 1553 4611 ter
1573 4563 1797 4611 sanctus
1827 4556 1982 4627 hym-

408 4657 514 4697 nus
563 4642 850 4708 declarat,
886 4652 1051 4715 atque
1091 4661 1194 4700 vox
1228 4662 1295 4701 ex
1343 4649 1464 4702 loco
1498 4649 1618 4718 ipso
1659 4647 1824 4704 Deum
1856 4667 1978 4705 cum

407 4735 579 4805 gloria
613 4735 940 4806 praedicans,
977 4738 1371 4793 communicari
1401 4740 1564 4794 etiam
1597 4740 1858 4810 subjectis
1892 4759 1980 4799 or-

405 4827 630 4881 dinibus
682 4843 1015 4898 cognoscere
1075 4835 1130 4882 et
1182 4828 1475 4885 decantare
1527 4829 1731 4898 Deum;
1788 4848 1976 4887 verum

404 4919 569 4972 etiam
613 4919 820 4988 aliquid
867 4920 1015 4975 aliud
1050 4929 1244 4988 praeter
1278 4919 1391 4974 ba:c
1422 4922 1712 4990 signiﬁcat.
1739 4922 1853 4978 Hoc
1880 4939 1979 4979 au-

403 5017 510 5066 tem
539 5009 782 5065 declarat
827 5011 1098 5068 sententia
1150 5011 1372 5068 dicens:
1415 5013 1663 5084 equidem
1709 5015 1971 5072 unitatem

400 5111 456 5157 et
501 5103 788 5159 monadem
833 5104 996 5159 trium
1053 5103 1534 5159 subsistentiarum
1586 5105 1697 5177 29
1742 5107 1972 5164 dicimus

399 5212 523 5253 esse
548 5197 738 5265 Deum,
772 5206 826 5253 et
853 5198 1113 5253 omnibus
1142 5197 1425 5267 providere
1449 5239 1465 5263 ,
1498 5214 1528 5253 a
1557 5201 1750 5270 primis
1779 5202 1845 5256 ad
1876 5218 1973 5257 ex-

401 5294 571 5342 trema
602 5298 764 5343 terra:
792 5287 1342 5359 comprehendentcm
1369 5291 1623 5346 universa
1663 5307 1972 5362 Incompre-

397 5378 762 5445 hensibiliter,
788 5381 892 5435 hoc
923 5388 1007 5436 est
1033 5397 1143 5435 non
1174 5397 1452 5451 corporea,
1485 5385 1578 5438 sed
1622 5384 1804 5439 divina
1840 5401 1968 5455 pro-

395 5469 638 5525 videntia
674 5472 1209 5541 superessentialiter
1243 5477 1632 5531 continentem.
1679 5475 1834 5541 Quod
1865 5493 1966 5530 au-

397 5569 506 5616 tem
541 5563 613 5618 sit
642 5563 823 5620 unitas
860 5573 913 5620 et
930 5580 1155 5629 monas,
1187 5565 1350 5620 etiam
1387 5567 1651 5637 Evagrius
1682 5568 1883 5637 impius
1913 5569 1966 5622 in

397 5655 639 5711 secunda
670 5658 915 5712 centuria
959 5658 1139 5728 capite
1185 5661 1345 5714 tertio
1371 5646 1537 5729 ,-~hoc
1583 5655 1807 5714 dicitz‘u
1845 5657 1964 5730 Ipse

465 5798 495 5831 ³
527 5791 628 5848 lsa.
662 5808 808 5875 cavi.
835 5796 885 5850 l.
964 5806 989 5834 ν
1020 5797 1124 5852 lsa.
1160 5813 1246 5864 XL,
1281 5798 1368 5854 12.
1431 5813 1454 5840 ι
1485 5790 1630 5852 Psal.
1655 5794 1982 5864 cxxxvm,8.

2012 4511 2060 4568 D

2099 1986 2237 2050 τοῦ,
2271 1987 2310 2056 ή
2342 1978 2410 2039 δὲ
2439 1985 2516 2057 γῆ
2548 1986 2877 2042 ὑποπόδιον
2920 1988 3038 2042 τῶν
3082 1987 3284 2041 ποδῶν
3333 1990 3521 2046 αὐτοῦ
3544 2010 3556 2022 ⁸
3589 1996 3676 2048 καὶ

2099 2078 2297 2132 πάλιν·
2347 2080 2610 2146 Ἐστηκε
2653 2081 2760 2146 τὰς
2801 2081 2999 2147 νάπας
3044 2079 3228 2150 ζυγῷ,
3277 2083 3375 2135 καὶ
3421 2083 3536 2152 τὴν
3566 2084 3676 2154 γῆν

2097 2170 2269 2238 δρακί
2287 2188 2300 2201 ·
2336 2173 2431 2224 καὶ
2461 2167 2634 2235 αὖθις·
2685 2173 2824 2226 Ἐὰν
2854 2171 3120 2240 πορευθῶ
3151 2176 3240 2239 εἰς
3273 2174 3382 2228 τόν
3405 2177 3675 2244 οὐρανὸν,

2097 2261 2179 2315 σὺ
2209 2262 2336 2316 ἐκεῖ
2376 2279 2389 2292 ·
2452 2263 2560 2316 ἐὰν
2589 2262 2657 2314 δὲ
2687 2262 2918 2316 καταϐῶ
2946 2262 3032 2328 εἰς
3063 2259 3171 2316 τόν
3234 2263 3393 2333 ᾅδην
3411 2306 3426 2330 ,
3491 2267 3672 2334 πάρει.

2097 2355 2254 2407 Ποῖον
2267 2350 2358 2408 οὖν
2383 2356 2411 2408 6
2439 2353 2697 2426 Ἰεσεκιὴλ
2726 2354 2985 2425 ἐπενόησε
3017 2355 3094 2426 τῷ
3127 2356 3250 2427 Θεῷ
3281 2354 3479 2424 τόπον;
3516 2360 3674 2426 Λέγο-

2101 2463 2218 2516 μεν,
2253 2446 2333 2498 ὅτι
2363 2445 2431 2501 τὰ
2463 2445 2722 2500 δοκοῦντα
2753 2449 2882 2518 ἡμῖν
2915 2447 3094 2519 ἄπορα
3126 2450 3154 2501 6
3185 2445 3324 2512 Θεὸς
3347 2452 3459 2512 τοῖς
3481 2450 3537 2514 ἐξ
3555 2449 3674 2521 ὅλης

2097 2537 2258 2589 αὑτὸν
2300 2536 2612 2609 ἐπιζητοῦσι
2660 2539 2926 2610 κινήσεως
2975 2539 3231 2608 φωτίζει·
3286 2540 3437 2610 λέγει
3485 2541 3590 2612 γὰρ
3639 2544 3669 2610 ἡ

2097 2626 2216 2682 θεία
2247 2629 2436 2701 Γραφή
2457 2647 2469 2660 ⁸
2509 2630 2633 2684 Ἐὰν
2658 2629 2757 2695 τὰς
2777 2631 2995 2695 ἐντολάς
3021 2649 3121 2703 μου
3155 2631 3405 2704 φυλάττῃ
3437 2651 3536 2699 τις,
3569 2633 3672 2701 ἐγὼ

2096 2716 2191 2774 καὶ
2220 2721 2248 2772 ὁ
2280 2721 2471 2792 Πατὴρ
2512 2722 2908 2792 ἐλευσόμεθα,
2955 2725 3051 2777 καὶ
3093 2724 3302 2794 μονὴν·
3343 2726 3477 2793 παρ’
3520 2724 3670 2790 αὐτῷ

2094 2813 2480 2881 ποιησόμεθα.
2517 2813 2676 2866 Ὥστε
2707 2809 2799 2868 οὖν
2831 2814 2926 2868 καὶ
2956 2817 3010 2868 αἱ
3042 2817 3234 2887 νοηταὶ
3264 2816 3547 2887 δυνάμεις,
3581 2816 3668 2868 καὶ

2094 2905 2150 2956 ai
2184 2904 2290 2956 τῶν
2323 2906 2490 2974 ἁγίων
2521 2905 2691 2975 ψυχαὶ
2715 2945 2730 2970 ,
2765 2907 2858 2960 καὶ
2891 2908 3106 2961 πάντων
3137 2904 3253 2962 τῶν
3299 2907 3666 2978 φυλασσόντων

2093 2993 2194 3058 τὰς
2237 2994 2474 3058 ἐντολὰς,
2521 2996 2684 3059 τόπος
2727 2995 2974 3068 κληθεῖεν
3020 2997 3086 3050 ἂν
3131 2997 3362 3060 εἰκότως
3404 2995 3496 3049 τοῦ
3539 2994 3666 3047 Θεοῦ

2094 3086 2190 3140 καὶ
2220 3087 2523 3151 ἀνάπαυσις
2563 3109 2574 3122 ’
2609 3089 2702 3142 καὶ
2732 3089 2964 3159 ἀλλαχοῦ
2999 3089 3107 3161 γάρ
3140 3107 3311 3162 φησιν
3351 3107 3363 3118 ·
3421 3090 3661 3142 Ἐπανει-

2017 3167 2058 3228 C
2091 3179 2384 3232 πέπαυται
2415 3179 2480 3233 τὸ
2512 3181 2751 3250 Πνεῦμά
2774 3200 2893 3252 μου
2924 3183 3015 3235 ἐπ’
3048 3185 3293 3248 αὐτούς.

2173 3269 2274 3326 Ἐν
2304 3273 2426 3339 τοῖς
2456 3274 2588 3341 περὶ
2623 3272 2740 3327 τῶν
2771 3275 2944 3328 θείων
2984 3276 3202 3345 ὕμνων.
3246 3275 3553 3348 Σημείωσαι
3582 3272 3658 3324 ὅτι

2091 3364 2186 3416 καὶ
2217 3362 2344 3418 ἄλλο
2377 3365 2661 3437 σύνταγμα
2691 3365 2839 3438 αὐτῷ
2870 3368 3008 3435 Περὶ
3042 3369 3216 3422 θείων
3246 3369 3450 3437 ὕμνων
3493 3363 3654 3418 πεπό-

2090 3472 2269 3527 νηται.

2165 3550 2229 3600 Οἱ
2261 3547 2401 3602 θεῖοι
2434 3549 2619 3602 τόποι.
2654 3551 2750 3615 Τίς
2779 3553 2807 3605 6
2835 3552 2929 3606 τοῦ
2963 3551 3096 3606 Θεοῦ
3127 3554 3311 3618 τόπος.

2166 3637 2336 3693 Τόποι
2382 3639 2492 3708 τῆς
2535 3642 2869 3712 θεαρχικῆς.
2919 3640 2992 3698 Τὸ
3023 3647 3340 3718 εἰρημένον⁹
3375 3641 3550 3698 Ποῖον
3576 3631 3656 3692 οἵ·

2088 3746 2199 3782 κον
2225 3729 2645 3801 οἰκοδομήσετέ
2669 3753 2791 3804 μοι,
2823 3737 2985 3806 λέγει
3014 3739 3250 3805 Κύριος,
3290 3737 3329 3805 ἣ
3349 3734 3452 3801 τίς
3481 3731 3654 3793 τόπος

2087 3820 2198 3890 τῆς
2229 3825 2654 3892 καταπαύσεώς
2676 3845 2816 3896 μου,
2851 3827 3000 3898 δηλοῖ
3033 3828 3106 3901 μὴ
3136 3829 3388 3899 λέγεσθαι
3419 3825 3542 3896 περὶ
3571 3819 3648 3873 αξ-

2090 3910 2285 3981 σθητοῢ
2317 3931 2460 3979 τινος
2481 3956 2497 3980 ,
2531 3917 2667 3970 ἀλλὰ
2698 3919 2824 3990 περὶ
2854 3921 2960 3973 τῶν
3002 3921 3162 3975 θείων
3192 3923 3394 3975 τούτων
3425 3918 3554 3972 νοῶν
3572 3932 3584 3944 '
3617 3914 3646 3983 ἧ

2087 4004 2179 4056 καὶ
2211 4004 2380 4070 οὕτως
2409 4020 2420 4032 ·
2449 4008 2720 4082 ἠϐουλήθη
2767 4013 2795 4065 6
2837 4012 2969 4077 Θεὸς
3013 4017 3292 4086 σημᾶναι,
3336 4014 3417 4066 ὅτι
3465 4005 3648 4077 ἀπερί-

2085 4110 2330 4166 γραπτον
2375 4099 2437 4151 τὸ
2479 4099 2651 4154 Θεῖον.
2700 4103 2810 4156 Καὶ
2852 4103 3056 4169 ἄλλως·
3102 4109 3183 4161 ὃτι
3230 4106 3288 4160 ἐν
3337 4105 3518 4166 αὐτοῖς
3544 4101 3649 4161 τοῖς

2085 4187 2381 4243 ἀκούουσιν·
2411 4191 2511 4246 οὐκ
2554 4189 2622 4264 ἦν
2661 4195 2738 4266 τῷ
2781 4195 2898 4268 Θεῷ
2942 4198 3102 4262 τόπος
3150 4197 3538 4257 καταπαύσεως
3567 4191 3646 4244 διὰ

2082 4279 2180 4350 τὴν
2211 4281 2467 4338 ἀπιστίαν
2498 4285 2696 4349 αὐτῶν,
2731 4280 2807 4350 ὥς
2838 4305 3000 4360 φησιν
3033 4291 3091 4343 ὲν
3122 4287 3472 4360 Εὑαγγελίοις
3501 4287 3527 4338 6
3551 4280 3648 4336 Κύο

2083 4387 2228 4441 ριοςο
2275 4374 2336 4428 '0
2367 4375 2434 4428 δὲ
2463 4379 2595 4444 υίὸς
2625 4381 2728 4434 τοῦ
2759 4382 3072 4450 ἀνθρώπου
3104 4387 3215 4437 οὐκ
3246 4385 3371 4453 ἔχει
3402 4377 3515 4432 ποῦ
3541 4393 3571 4428 τ
3575 4374 3648 4441 ἣν

2085 4466 2358 4536 κεφαλὴν
2379 4471 2591 4524 κλίνει.

2153 4559 2358 4627 Μονάς
2387 4563 2538 4617 ἐστι.
2573 4566 2648 4618 Οὐ
2685 4567 2865 4636 μόνον,
2901 4567 3082 4638 φησιν,
3116 4568 3144 4619 6
3174 4566 3452 4639 τρισάγιος
3490 4559 3646 4630 ὕμνος

2082 4648 2247 4720 δηλοῖ,
2281 4654 2374 4706 καὶ
2405 4657 2437 4726 ἡ
2470 4657 2534 4710 ὲκ
2563 4657 2657 4709 τοῦ
2689 4658 2852 4710 τόπου
2885 4657 3049 4710 αὑτοῦ
3077 4658 3166 4711 τὸν
3197 4659 3328 4710 Θεὸν
3358 4649 3645 4719 δοξολογοῦο

2084 4758 2150 4794 σα
2184 4744 2331 4815 φωνῆ
2353 4787 2366 4810 9
2414 4746 2475 4798 τὸ
2511 4749 2888 4818 μεταδεδόσθαι
2922 4750 3016 4802 καὶ
3045 4752 3164 4813 ταῖς
3196 4747 3512 4819 ὑφειμέναις
3552 4740 3642 4792 τά-

2083 4833 2193 4897 ξεσι
2227 4837 2512 4903 γινώσκειν
2545 4842 2636 4893 καὶ
2669 4843 2857 4912 ὑμνεῖν
2888 4842 2979 4894 τὸν
3011 4843 3143 4895 Θεὸν
3163 4883 3176 4906 ,
3224 4841 3359 4894 ἀλλὰ
3401 4838 3492 4891 καὶ
3531 4834 3642 4886 ἕτε-

2084 4926 2172 4996 ρόν
2202 4944 2254 4980 τι
2288 4931 2537 5000 σημαίνει
2570 4933 2706 5003 πρὸς
2735 4933 2943 4996 τούτοις
2966 4951 2979 4962 ·
3015 4933 3172 4987 τοῦτο
3201 4934 3256 4986 δὲ
3287 4930 3436 5003 δηλοί
3464 4926 3522 4978 τὸ
3553 4927 3642 4996 ρη”

2078 5019 2170 5072 τὸν
2201 5018 2263 5072 τὸ
2293 5021 2446 5089 λέγον
2466 5039 2478 5052 ο
2515 5024 2606 5076 καὶ
2655 5023 2758 5094 μὴν
2811 5026 2903 5078 καὶ
2933 5026 3092 5080 ἐνάδα
3126 5027 3218 5080 καὶ
3267 5021 3466 5096 μονάδα
3495 5031 3638 5088 τρισ-

2081 5111 2382 5164 υπόστατον
2429 5112 2656 5184 λέγομεν
2702 5111 2839 5168 εἶναι
2883 5118 2973 5170 τὸν
3031 5119 3199 5184 Θεὸν,
3247 5117 3340 5170 καὶ
3405 5110 3638 5184 προνοεῖν

2078 5203 2332 5256 ἁπάντων
2362 5244 2376 5267 ,
2413 5205 2518 5258 ἀπὸ
2548 5205 2654 5258 τῶν
2690 5206 2918 5279 πρώτων
2951 5211 3043 5263 καὶ
3077 5211 3236 5281 μέχρι
3269 5209 3375 5261 τῶν
3407 5200 3636 5273 ἐσχάτων

2076 5293 2175 5363 τῆς
2206 5293 2308 5364 γῆς
2341 5296 2831 5369 περιδεδραγμένον
2864 5301 3117 5354 ἁπάντων
3149 5301 3423 5371 ἀσχέτως,
3493 5308 3634 5344 τουτ-

2085 5383 2232 5439 έστιν
2249 5390 2308 5440 οὐ
2342 5395 2620 5462 σωματικῇ
2683 5392 2998 5462 κατέχοντα,
3035 5396 3170 5448 ἀλλὰ
3219 5394 3370 5462 θεῖκῇ
3422 5381 3632 5458 προνοίᾳ

2075 5479 2424 5549 ὑπερουσίως.
2466 5483 2584 5535 Ὅτι
2629 5484 2684 5536 δέ
2718 5485 2864 5536 ἐστιν
2896 5485 3021 5549 eve;
3053 5489 3147 5540 καὶ
3182 5485 3348 5558 μονὰς
3369 5522 3382 5546 ,
3418 5477 3508 5532 καὶ
3538 5472 3632 5525 Εὐ-

2075 5570 2263 5640 άγριος
2293 5573 2320 5622 6
2351 5572 2560 5636 ἀνόσιος
2591 5577 2649 5626 ὲν
2680 5577 2743 5643 τῇ
2776 5575 3002 5648 δευτέρᾳ
3034 5577 3344 5632 ὲκατοντάδι
3371 5564 3631 5640 κεφαλαίῳ

2072 5662 2239 5733 τρίτῳ
2254 5664 2384 5735 φησὶ
2402 5664 2560 5717 τοῦτο
2579 5681 2593 5694 ο
2623 5685 2641 5716 ι
2673 5666 2842 5728 Αὐτός
2856 5669 2971 5720 ἐστι
2998 5671 3184 5738 μονὰς,
3202 5667 3390 5736 ἐπειδὴ
3409 5663 3468 5716 τὸ
3487 5657 3629 5712 Θεῖοθ

2028 5805 2054 5844 γ
2079 5795 2232 5855 Joan.
2253 5815 2337 5856 xlv
2355 5801 2444 5858 2'5.
2485 5813 2504 5840 ι
2530 5802 2628 5858 lsa.
2650 5803 2853 5872 stl,l;
2873 5802 2989 5860 Act.
3014 5821 3109 5874 vn,
3128 5807 3215 5865 47.
3257 5818 3280 5846 8
3305 5805 3433 5860 Luc.
3451 5815 3519 5858 ιι,
3541 5787 3620 5845 ἔνθα
