3860 6560
147 451 192 504 π
807 447 862 507 S.
897 449 1147 506 MAXIMI
1183 447 1477 506 SCIIOLIA
1510 446 1579 502 IN
1612 445 1744 502 LIB.
1775 443 1870 501 DE
1899 439 2225 500 C(ELES'I'I
2257 440 2706 502 IIIERARCIIIA.
3311 446 3388 506 '78

143 557 298 616 ἁπλοῦν
339 560 441 614 καὶ
488 559 818 632 ἀδιαίρετόν
857 563 1003 615 ἐστι’
1048 560 1239 614 τούτου
1286 560 1445 631 χάριν
1492 558 1657 630 μονάς
1681 575 1696 589 ο

1812 564 1887 613 est
1916 571 2148 621 manas,
2198 559 2455 629 quoniam
2483 559 2745 615 divinitas
2771 567 2857 631 est
2891 559 3120 632 simplex
3155 570 3210 618 et
3240 562 3388 620 indl-

143 653 210 706 καὶ
234 651 385 722 μονὰς
416 653 540 723 γὰρ
578 652 962 725 ἀριθμητικῶς
992 654 1168 706 εἰπεῖν
1191 691 1206 716 ,
1240 652 1386 722 ἁπλῆ
1418 653 1511 705 καὶ
1540 649 1703 704 ἀσύν-

144 744 251 807 θετός
276 745 426 797 ἐστιν
447 760 462 773 ·
502 743 649 807 ἐνὰς
681 744 742 798 δὲ
769 743 854 798 διὰ
883 743 1058 809 τοῦτο,
1093 743 1280 816 ἐπειδὴ
1304 745 1396 798 καὶ
1423 744 1557 815 πρὸς
1577 746 1703 798 ἐαυ-

143 835 211 906 τὴν
234 838 428 904 ἥνωται
462 838 501 908 ἡ
541 837 690 906 ἁγία
721 835 884 908 Τριὰς
915 837 1156 906 φυσικῶς
1181 876 1196 902 ,
1228 839 1323 892 καὶ
1354 839 1465 891 ἐνοῖ
1495 838 1702 902 πάντας

141 931 233 992 τοὺς
264 928 399 1000 αὐτῇ
455 927 876 1002 πλησιάζοντας
916 928 1053 982 κατὰ
1097 928 1158 982 τὸ
1201 930 1489 1002 εἰρημένον
1532 929 1702 1000 ἐν.τῷ

144 1021 422 1092 tamen.)
441 1060 462 1084 ,
509 1021 668 1076 -Ἵνα
687 1019 1033 1077 ὦσινηαύτοὶ
1062 1019 1152 1086 ἓν,
1180 1019 1381 1092 ὥσπερ
1403 1021 1502 1077 καὶ
1531 1021 1703 1092 ἡμεῖς

139 1129 393 1182 crearer.
440 1130 465 1164 ι

201 1293 468 1362 Ἀσχέτφ.
504 1293 780 1364 ’Δσχετον
809 1294 1036 1367 συνοχὴν
1063 1295 1212 1365 λέγει
1235 1294 1334 1368 τὴν
1360 1294 1702 1366 ἐξῃρημένην

141 1381 278 1454 πάντη
319 1385 418 1437 καὶ
463 1385 732 1458 ἀσυναφῆ
784 1386 920 1458 πρὸς
957 1387 1024 1441 τὰ
1072 1387 1403 1458 συνεχόμενα
1447 1389 1704 1460 πρόνοιαν

141 1475 210 1528 τοῦ
236 1476 363 1530 Θεοῦ
397 1478 498 1530 καὶ
521 1479 954 1550 περικράτησιν.

604 1680 720 1733 ΕΙΣ
757 1681 856 1734 T0.
875 1679 1122 1736 ΚΕΦΑΛ.
1165 1679 1246 1735 H'.

101 1777 106 1781 ’
189 1773 426 1828 Δυνατὼ
471 1773 865 1846 Ἰσχυρότατα.

198 1864 586 1936 Ἑπωνυμιάς.
628 1866 699 1920 ’Ὀ
718 1868 819 1937 τιή
867 1867 1151 1939 ἐπωνυμία
1191 1867 1371 1922 αὐτῶν
1415 1869 1700 1940 σημαίνει,

139 1958 253 2030 τίςὴ
284 1959 481 2030 ἰδιότης
514 1958 730 2014 αὐτῶν.

578 2051 746 2122 Μέση
782 2052 1035 2124 τριαδικὴ
1070 2052 1244 2120 τάξις,

259 2154 264 2157 ’
331 2143 742 2212 κυριότητες,
780 2142 1092 2215 Δυνάμεις,
1150 2144 1471 2209 Ὲξουσίαι.

201 2231 586 2289 Ἀδούλωτον.
611 2234 739 2288 Ὅτι
762 2235 910 2288 πᾶσα
938 2235 1102 2306 νοητὴ
1129 2235 1356 2308 δύναμις
1375 2237 1703 2309 ἀμειλίκτως

139 2325 248 2396 πρὸς
271 2327 327 2379 τὸ
359 2329 549 2399 χεῖρον
584 2325 726 2397 ἔχει.

194 2416 218 2488 §
242 2415 300 2473 II.
351 2419 450 2484 Ὠς
479 2418 840 2488 ἀμείλικτον
866 2420 1200 2488 κυριότητα.
1237 2419 1503 2476 Ἐνταῦθα
1530 2421 1701 2491 σφάλ-

141 2528 242 2578 ματι
269 2510 373 2564 τῶν
402 2511 718 2583 ἐλληνικῶν
745 2495 1046 2582 φιλοσόφων
1072 2512 1312 2577 εὐσεϐῶς
1342 2513 1694 2568 ἐπισκώπτειο

138 2601 300 2665 οἵτινες
330 2602 504 2667 ίδικὰς
539 2606 696 2674 τρεῖς
715 2602 973 2674 δυνάμεις
994 2603 1145 2668 τινὰς
1165 2605 1512 2676 ἀμειλίκτους
1542 2623 1701 2678 προσ-

138 2695 442 2767 ηγόρευσαν,
481 2696 862 2768 προελθούσας
897 2699 976 2760 είς
1015 2695 1245 2768 ὓπαρξιν
1292 2697 1356 2752 ἐκ
1387 2715 1546 2752 τινων
1594 2699 1700 2770 πρὸ

138 2786 288 2840 αὐτῶν
333 2788 539 2861 ἐτέρων
596 2788 770 2860 τριῶν
814 2788 1124 2860 δυνάμεων
1181 2789 1242 2843 οὐ
1307 2789 1412 2862 μὴν
1455 2791 1519 2843 ἐκ
1563 2789 1696 2844 Θεοῦ

138 2878 267 2945 φῶτα
293 2879 369 2944 ⁵³,
403 2879 915 2951 δημιουργηθείσας
965 2879 1166 2944 ἰδικῶς.
1205 2882 1317 2936 Καὶ
1363 2883 1524 2950 φασὶν
1558 2875 1698 2935 εἶναι

138 2971 241 3034 τοὺς
265 2971 620 3042 ἀμειλίκτους
648 2972 871 3036 τούτους
899 2973 1222 3037 ὑποπεζίους
1255 2970 1364 3025 τῶν
1396 2972 1696 3044 προϐαλλο-

141 3061 288 3129 μένων
321 3062 522 3126 αὐτοὺς
565 3061 776 3134 νοητῶν
806 3062 1086 3134 δυνάμεων
1105 3099 1119 3126 ,
1153 3062 1570 3127 ἀναστέλλοντας
1604 3065 1697 3118 καὶ

139 3151 297 3226 ὦσταρ
321 3154 765 3219 ἀντιϐαίνοντας,
797 3155 891 3208 καὶ
915 3154 1235 3224 ἐφεκτικοὺς
1251 3153 1360 3207 τῶν
1382 3154 1488 3226 πρὸ
1519 3155 1695 3208 αὐτῶν

140 3245 216 3297 καὶ
241 3246 463 3312 ἑαυτῶν,
492 3246 593 3300 τοῦ
622 3247 698 3317 μὴ
732 3248 916 3300 πεσεῖν
947 3247 1028 3310 εἰς
1057 3245 1211 3317 ὓλην,
1257 3248 1352 3300 καὶ
1379 3246 1697 3301 ἀσθενεστέ-

142 3353 244 3406 ρους
267 3339 405 3392 κατὰ
425 3338 593 3392 τοῦτο
623 3337 735 3391 τῶν
771 3336 1222 3410 προϐαλλομένων
1253 3339 1501 3403 ἐαυτοὺς,
1525 3339 1644 3393 καθ’
1673 3339 1702 3393 ὃ

136 3428 318 3483 δέονται
344 3431 439 3485 τοῦ
473 3431 737 3500 κατέχειν
765 3431 846 3493 είς
877 3429 938 3482 τὸ
969 3429 1217 3484 ἄπτωτον
1248 3432 1493 3496 ἑαυτούς.
1517 3432 1703 3487 Ταῦτα

139 3523 220 3590 μὲν
245 3520 334 3579 οῦν
360 3525 438 3589 ὡς
468 3525 530 3578 ἐν
560 3525 800 3595 ἐπιτομῇ
848 3523 917 3576 τὰ
951 3523 1202 3578 ἐκείνων
1233 3527 1262 3579 ὁ
1287 3525 1344 3580 δέ
1381 3527 1553 3597 μέγας
1585 3529 1704 3580 Διο-

135 3617 292 3682 νύσιος
339 3619 524 3689 σοφῶς
560 3616 632 3671 τὰ
684 3616 900 3670 ἐναντία
945 3619 1124 3672 πάντα
1174 3619 1356 3684 αὐτοῖς
1407 3638 1601 3691 φησιν’
1637 3622 1702 3676 ἐκ

133 3709 250 3764 Θεοῦ
278 3712 385 3784 γὰρ
412 3710 592 3774 αὑτὰς
637 3709 1044 3781 δημιουργικῶς
1075 3711 1374 3783 ὑποστῆναί
1409 3731 1603 3786 φησιν·
1637 3707 1699 3768 οὗ

136 3803 214 3855 καὶ
235 3803 326 3874 τὴν
358 3803 662 3875 ἐμφέρειαν
684 3801 897 3872 ἐχουσιν
928 3803 1009 3866 είς
1040 3803 1360 3875 κυριότητα,
1390 3803 1579 3877 ὥσπερ
1606 3805 1700 3859 καὶ

136 3894 273 3962 ἡμεῖς
319 3895 367 3948 οἱ
421 3894 549 3948 καθ’
599 3893 857 3964 ὁμοίωσιν
914 3893 1251 3970 κτισθέντεςο
1287 3895 1484 3959 αὐτοὺς
1536 3895 1593 3950 δὲ
1637 3895 1701 3950 τὸ

135 3984 421 4053 ἀμείλικτον
453 3985 601 4040 κατὰ
632 3985 818 4054 πάσης
844 3983 1088 4054 ὑφέσεως
1111 3985 1188 4057 τῷ
1220 3986 1362 4058 λόγῳ
1391 3987 1489 4058 τῆς
1517 3989 1701 4060 κυριό-

133 4092 275 4146 τητος
305 4079 444 4149 ἔχειν
494 4078 679 4146 λέγει,
709 4077 1010 4142 κόπτοντας
1043 4077 1232 4150 ὥσπερ
1265 4081 1360 4134 καὶ
1390 4080 1700 4152 διατέμνον-

133 4185 237 4233 τας,
261 4172 352 4225 καί
394 4171 498 4225 οὐκ
526 4171 736 4233 ἐῶντες
768 4172 989 4240 κρατεῖν
1029 4169 1128 4242 τὴν
1169 4170 1307 4242 πρὸς
1351 4169 1422 4225 τὰ
1464 4170 1699 4244 αἰσθητὰ

134 4260 405 4333 ἐπιθυμίαν
428 4303 443 4327 ,
478 4263 542 4316 οὐ
576 4261 686 4333 μὴν
713 4263 840 4324 τοὺς
886 4261 994 4332 πρὸ
1024 4261 1201 4316 αὑτῶν
1239 4261 1657 4326 ἀναστέλλοντας
1679 4281 1693 4294 ·

130 4352 190 4403 τὰ
235 4353 291 4407 δὲ
332 4353 564 4426 αἰσθητὰ
615 4353 709 4406 καὶ
759 4352 1043 4424 σωματικὰ
1103 4352 1527 4427 δουλοπρέπειαν
1565 4371 1697 4427 φησι

131 4444 216 4495 καὶ
244 4445 624 4519 ἀνελευθερίαν
666 4447 761 4500 καὶ
795 4446 1008 4500 εἰκαίαν
1042 4446 1220 4512 δόξαν.
1261 4448 1610 4512 Δουλοποιίας
1640 4449 1697 4503 δὲ

131 4538 241 4591 ἀντὶ
283 4541 373 4594 τοῦ
419 4539 888 4612 δουλοπρεπείας,
936 4539 1058 4591 ἐπεὶ
1111 4538 1186 4610 μὴ
1239 4540 1581 4612 συγχωροῦσι
1627 4539 1701 4594 τὰ

1802 651 1944 712 visa,
1976 650 2140 720 hujus
2166 653 2342 723 gratia
2371 667 2598 722 manas;
2623 655 2823 710 etenim
2853 669 3047 711 monas
3079 658 3385 713 secundum

1803 743 2017 798 numeri
2049 744 2315 800 rationem
2349 747 2643 816 loquendo,
2673 747 2904 818 simplex
2932 759 2987 802 et
3018 747 3385 821 incomposita

1802 843 1914 889 est:
1950 834 2135 890 unitas
2166 847 2346 892 autem
2381 837 2526 903 ideo,
2559 839 2820 908 quoniam
2849 847 2904 894 et
2935 839 2994 894 in
3030 857 3089 896 se
3119 845 3390 898 naturalio

1801 931 1888 980 ter
1928 926 2082 980 unita
2124 934 2210 983 est
2263 936 2453 982 sancta
2507 927 2751 984 Trinitas
2776 968 2791 992 ,
2839 937 2895 984 et
2942 931 3062 985 unit
3095 946 3288 988 omnes
3317 931 3388 988 ad

1803 1015 1978 1086 ipsam
2017 1018 2398 1096 accedentes;
2451 1021 2750 1076 secundum
2803 1020 2949 1091 quod
2978 1021 3183 1076 dictum
3213 1033 3299 1082 est
3328 1025 3388 1080 in

1802 1106 2106 1180 Evangelio
2135 1129 2148 1165 :
2175 1110 2242 1164 Ut
2263 1113 2368 1166 sint
2394 1113 2497 1181 ipsi
2518 1107 2842 1178 unum,sicut
2877 1122 2927 1168 et
2951 1131 3045 1169 nos
3079 1131 3244 1169 unum
3293 1133 3390 1171 au.

1805 1217 1920 1254 mus
1943 1203 1993 1256 ιι.
2046 1222 2065 1254 ι

1878 1291 2420 1362 Incomprehemibili.
2470 1294 2560 1352 Gl'.
2593 1296 2827 1368 ἀσχέτῳ.
2873 1299 3131 1370 Ἀσχετον
3175 1301 3390 1356 ἰηοοηι‹

1806 1382 2232 1452 prehensibilem
2283 1399 2603 1457 compagem
2657 1383 2829 1448 dicit,
2864 1386 3123 1440 selectam
3163 1385 3388 1441 omnino

1805 1479 1860 1531 et
1902 1474 2128 1530 minime
2158 1491 2460 1532 connexam
2492 1491 2616 1530 cum
2643 1471 3046 1531 cOhaarentibus
3077 1474 3173 1532 Dei
3204 1477 3390 1547 provi-

1805 1566 2048 1636 dentiam
2072 1575 2126 1623 et
2157 1567 2615 1624 dominationem.

2330 1683 2336 1689 ’
2382 1681 2449 1736 ΙΝ
2489 1681 2643 1738 ΟΑΡσ.
2686 1681 2827 1738 VIII.

1877 1772 2147 1838 Potentia,
2183 1773 2278 1830 Gr.
2309 1774 2528 1829 δυνατά.
2563 1773 2914 1830 Fortissima.

1877 1865 2202 1935 Appellatio.
2261 1866 2401 1934 Quid
2449 1881 2718 1938 agnomen
2778 1866 3023 1936 ipsorum
3083 1863 3391 1934 significet,

1725 1941 1772 2002 Β
1800 1975 2051 2031 quaenam
2079 1960 2152 2016 sit
2181 1960 2425 2030 ipsorum
2460 1959 2790 2030 proprietas.

2292 2051 2504 2106 Medius
2533 2052 2714 2106 trinus
2745 2049 2903 2106 ordo.

2053 2143 2480 2212 Dominationes,
2522 2144 2756 2198 Virtutes
2774 2180 2789 2208 ,
2817 2142 3139 2200 Potestates.

1881 2237 2098 2292 Minime
2127 2237 2488 2309 subjugatam.
2520 2235 2679 2302 Quod
2707 2236 2858 2291 nulla
2893 2237 3256 2308 intelligibilis
3282 2236 3395 2290 vir-

1803 2341 1892 2387 tus
1922 2330 2225 2385 demulceri
2259 2344 2389 2400 erga
2420 2327 2667 2384 deterius
2692 2328 2987 2384 sustineat.

1843 2420 1908 2492 ,ᾗ
1957 2420 2023 2476 II.
2082 2418 2151 2473 Ut
2203 2435 2437 2475 severam
2492 2418 2928 2472 dominationem.
2989 2415 3089 2470 Hic
3146 2431 3394 2471 errorem

1803 2528 2102 2584 graecorum
2137 2512 2588 2583 phil050phorum
2618 2510 2704 2579 pie
2744 2508 3116 2579 reprehendit,
3154 2509 3246 2579 qui
3277 2516 3394 2564 tres

1800 2605 2166 2677 particulares
2203 2604 2471 2675 quasdam
2505 2606 2740 2660 virtutes
2788 2602 3164 2674 implacabiles
3212 2601 3395 2656 nomi—

1799 2702 2023 2760 narunt,
2087 2709 2410 2766 progressas
2447 2694 2502 2749 in
2542 2694 2924 2750 exsistentiam
2963 2709 3025 2750 ex
3063 2693 3392 2764 quibusdam

1799 2787 1978 2842 tribus
2027 2787 2152 2841 aliis
2205 2786 2355 2856 ipsas
2403 2785 2843 2855 praecedentibus
2893 2785 3237 2851 virtutibus;
3279 2797 3392 2838 non

1797 2885 1980 2933 tamen
2017 2892 2046 2930 a
2076 2875 2190 2932 Deo
2219 2877 2628 2946 particulariter
2649 2884 2905 2932 creatas:
2931 2884 2986 2931 et
3029 2877 3222 2930 dicunt
3270 2891 3394 2931 esse

1798 2968 2172 3039 implacabiles
2215 2969 2316 3023 has
2350 2968 2583 3038 pedibus
2629 2967 2791 3037 quasi
2833 2953 3144 3023 substratas
3185 2967 3393 3022 intelli--

1797 3061 2046 3132 gibilium
2079 3061 2378 3123 virtutum,
2410 3075 2532 3129 qua:
2571 3059 2723 3129 ipsas
2772 3057 3133 3122 antecedunt,
3167 3069 3412 3118 contra-.

1798 3153 1994 3209 hentes
2022 3159 2076 3207 et
2105 3151 2266 3222 quasi
2297 3159 2496 3206 contra
2545 3151 2860 3216 tendentes,
2903 3157 3070 3220 atque
3097 3151 3206 3205 vim
3247 3152 3392 3206 inhi-

1801 3245 1966 3300 bendi
1998 3244 2286 3308 habentes,
2317 3260 2388 3300 ne
2414 3244 2549 3314 ipsa:
2577 3251 2633 3298 et
2677 3257 2798 3314 quae
2827 3242 3148 3313 praecedunt
3187 3243 3243 3296 in
3275 3257 3397 3297 ma-

1805 3336 2001 3391 teriam
2035 3334 2398 3404 delabantur;
2443 3344 2607 3405 atque
2652 3334 2955 3391 secundum
2997 3334 3101 3389 hoc
3146 3334 3393 3390 imbecil-

1805 3427 1974 3483 liores
2013 3427 2112 3494 iis,
2151 3443 2272 3497 qua:
2319 3427 2471 3498 ipsas
2502 3424 2856 3496 praecedunt,
2889 3434 3162 3496 quatenus
3193 3425 3394 3480 debent

1804 3533 1865 3573 se
1882 3519 2169 3575 continere
2200 3535 2267 3575 ne
2294 3520 2586 3584 labantur;
2617 3519 2732 3574 haec
2759 3519 2927 3589 igitur
2949 3517 3214 3572 orationis
3239 3532 3393 3572 com-

1803 3607 2004 3676 pendio
2037 3606 2258 3662 illorum
2305 3614 2392 3662 est
2436 3607 2731 3662 sententia.
2781 3607 3008 3677 Magnus
3051 3613 3230 3662 autem
3265 3604 3393 3660 Dio-

1801 3699 1997 3767 nysius
2029 3699 2307 3768 sapienter
2335 3700 2522 3754 omnia
2559 3699 2695 3771 ipsis
2726 3697 3004 3754 contraria
3031 3697 3166 3752 dicit
3196 3716 3210 3753 :
3241 3698 3392 3767 ipsas

1804 3789 1954 3844 enim
1990 3806 2057 3845 ex
2114 3788 2227 3846 Deo
2271 3790 2495 3846 creandi
2559 3789 2819 3847 facultate
2865 3789 3168 3847 subsistere
3218 3789 3391 3857 dicit;

1802 3880 1966 3950 cujus
1997 3881 2167 3936 etiam
2207 3881 2622 3938 similitudinem
2656 3881 2858 3938 habent
2908 3883 2963 3936 in
2998 3881 3388 3945 dominatione,

1802 3973 1948 4030 sicut
1991 3983 2045 4028 et
2097 3989 2200 4030 nos
2247 3976 2341 4044 qui
2403 3975 2702 4030 secundum
2753 3973 3167 4030 similitudinem
3218 3970 3389 4028 creati

1801 4077 2012 4119 sumus.
2028 4061 2181 4133 Ipsas
2197 4079 2325 4118 vero
2348 4064 2847 4132 implacabilitatem
2871 4077 2998 4133 erga
3015 4077 3229 4117 omnem
3257 4061 3392 4117 sub-

1799 4153 2119 4213 missionem
2148 4157 2359 4210 ratione
2405 4153 2796 4209 dominationis
2839 4153 3043 4209 habere
3080 4153 3190 4224 30
3229 4153 3387 4215 dicit,

1800 4248 1961 4320 quasi
1990 4247 2264 4304 exedentes
2292 4253 2346 4301 et
2376 4245 2742 4309 dissecantes.
2779 4259 2959 4316 neque
2989 4245 3232 4301 sitientes
3262 4245 3387 4300 vin-

1800 4356 1926 4396 cere
1951 4338 2312 4409 cupiditatem
2345 4337 2411 4392 ad
2437 4335 2746 4401 scnsibilia,
2780 4351 2891 4390 non
2922 4321 3110 4391 tamen
3137 4351 3231 4392 eas
3266 4352 3390 4409 qua:

1799 4433 2116 4502 pracedunt
2144 4429 2486 4485 cohibentes.
2508 4427 2804 4483 Sensibilia
2837 4434 3019 4483 autem
3045 4434 3099 4482 et
3123 4443 3390 4498 corporea

1799 4523 1934 4580 dicit
1964 4521 2321 4579 servilitatem
2341 4526 2394 4574 et
2416 4519 2686 4574 libertatis
2713 4517 3100 4588 privationem,
3117 4527 3171 4573 et
3193 4533 3391 4574 vanam

127 4628 284 4694 ὅντως
325 4631 458 4686 ὅντα
500 4609 732 4696 ἐννοεῖν,
766 4630 901 4684 ἀλλὰ
946 4609 1276 4700 κατάγουσιν
1404 4609 1505 4704 τῆς
1539 4631 1694 4685 ἀκλι-

1812 4617 2052 4688 gloriam.
2099 4610 2446 4674 Δουλοποιίας
2479 4625 2580 4681 pro
2617 4609 3079 4682 δουλοπρεπείας,
3110 4626 3232 4682 qua:
3275 4625 3393 4667 ser.

128 4719 242 4785 νοῦς
274 4724 616 4797 ἐδραιότητος
666 4723 759 4775 ἐπὶ
793 4723 891 4794 τὴν
922 4722 1030 4775 τῶν
1076 4725 1450 4797 ματαιοτήτων
1490 4723 1698 4778 ὑποκα-

126 4811 379 4870 τάκλισιν.
412 4813 801 4886 Ἀνομοιάτητα
831 4814 888 4868 δὲ
922 4811 1078 4877 αὖθις
1113 4813 1268 4868 καλεῖ
1292 4816 1362 4869 τὰ
1405 4813 1586 4879 sime,
1623 4816 1699 4880 ὡς

131 4904 384 4975 μηδέποτε
427 4907 660 4979 μένοντα
697 4906 795 4960 ἐπὶ
832 4905 1190 4976 ταύτότητος,
1236 4906 1374 4962 ἀλλὰ
1410 4907 1498 4960 ἀεὶ
1531 4922 1698 4972 μετα-

126 4993 394 5053 ϐάλλοντα.

188 5266 562 5334 Κυριαρχίας.
613 5264 952 5338 Κυριαρχίαν
997 5264 1096 5335 τὴν
1147 5263 1378 5337 θεότητα
1433 5263 1567 5334 ἔφη’
1621 5265 1702 5317 ὅτι

126 5355 300 5429 πάσης
328 5356 648 5431 κυριότητος
675 5359 818 5430 ἁρχὴ
851 5357 946 5412 καὶ
977 5358 1123 5411 αἰτία
1162 5357 1520 5428 καθέστηκεν.

199 5541 314 5594 Οὐκ
363 5543 838 5598 ἀπολείπουσαν.
885 5543 1202 5616 Σημείωσαι
1259 5545 1380 5606 πῶς
1426 5541 1703 5611 πανταχοῦ

195 5695 222 5735 δ
245 5697 393 5756 Joan.
424 5719 557 5767 xvii,
595 5702 685 5757 ll.

1805 4709 2037 4763 vitutem
2092 4705 2287 4770 docet,
2331 4704 2591 4773 quoniam
2643 4717 2752 4756 non
2797 4701 3108 4757 concedunt
3153 4717 3216 4757 ea
3269 4717 3416 4774 quin

1808 4817 1950 4858 verae
1973 4799 2244 4858 exsistunt
2282 4796 2544 4868 cOgitare,
2592 4793 2687 4850 sed
2723 4793 3004 4850 deducunt
3057 4810 3123 4850 ex
3167 4794 3391 4850 minime

1809 4895 2112 4950 inclinante
2162 4889 2460 4944 stabilitate
2510 4887 2576 4942 ad
2617 4887 2854 4957 aliquam
2889 4888 3191 4942 vanitatum
3231 4886 3393 4942 recli-

1808 4981 2652 5051 nationem;dissimilitudinem
2681 4994 2813 5036 vero
2851 4979 3050 5034 iterum
3088 4965 3413 5034 materialia‘

1807 5086 1990 5144 vocat,
2025 5085 2087 5131 ut
2117 5090 2238 5146 quae
2260 5087 2538 5144 nunquam
2570 5071 2626 5126 in
2651 5070 2935 5139 identitate
2980 5077 3260 5137 maneant,
3292 5070 3391 5127 sed

1806 5183 2024 5241 semper
2057 5174 2359 5223 mutentur.

1878 5261 2140 5330 Principii
2173 5257 2584 5325 dominationis,
2628 5257 2723 5312 Gr.
2755 5256 3105 5337 κυριαρχίας.
3137 5258 3415 5334 Κυριαρα.

1803 5358 1927 5428 χῐαν
1958 5351 2353 5410 dominationis
2375 5349 2742 5421 principatum
2774 5350 3031 5407 deitatem
3061 5351 3216 5416 dicit,
3260 5353 3390 5422 quia

1804 5448 1988 5503 omnis
2015 5443 2409 5502 dominationis
2439 5444 2768 5515 principium
2795 5451 2850 5499 et
2880 5456 3045 5497 causa
3078 5443 3315 5500 exsistit.

1877 5541 2011 5608 Qua:
2037 5555 2142 5594 non
2157 5537 2332 5610 ῥοθεῖ.
2384 5535 2542 5603 Nota,
2577 5535 2852 5607 quomodo
2878 5535 3079 5604 ubique
3115 5535 3258 5590 dicat
3295 5550 3419 5608 δυο,

1056 5811 1290 5869 νΑιιιΑῑ
1327 5809 1714 5869 LECTIONES
1753 5811 1841 5866 ΕΤ
1873 5809 2320 5870 CORRECTION
2336 5813 2437 5869 ES.

233 5945 275 5980 ³³
301 5953 449 6023 φῶτα
479 5955 731 6010 omissum
757 5965 832 6008 est
866 5971 894 6007 a
925 5953 1204 6023 Pachym.,
1238 5953 1476 6022 adeoque
1510 5950 1636 6006 mihi
1668 5967 1699 6004 υ·

1812 5967 1835 6003 ιι
1867 5949 2247 6021 ἐπιπολάζειν.
