3860 6534
504 395 580 454 85
1264 402 1617 459 ΛΡῬΕΝΒΙΧ
1657 403 1748 458 AD
1778 402 2019 461 OPERA.
2043 403 2102 459 S.
2141 402 2440 461 DlONYSll
2472 405 2952 464 AREOPAGITE.
3003 415 3032 443 ³
3695 409 3773 464 84

509 507 675 565 modo
698 508 904 566 dictum
937 511 1006 566 sit
1034 526 1064 565 a
1093 511 1282 567 divino
1311 513 1592 585 Stephano
1625 535 1639 570 :
1675 515 1782 582 Qui
1812 515 2082 584 accepistis

2223 517 2290 588 ρὴ
2332 520 2495 582 νοεῖν,
2528 519 2646 583 πῶς
2674 519 2886 592 εἴρηται
2931 520 3008 591 τῷ
3049 517 3176 591 θείῳ
3203 519 3487 592 Στεφάνῳ·
3537 521 3772 590 οἵτινες

511 599 675 670 legem
716 601 771 655 in
821 601 1163 670 dispositione
1215 605 1548 675 angelorum,
1609 615 1658 660 et
1707 623 1809 660 non
1850 605 2083 660 custodi-

508 691 611 746 stis
630 691 680 747 ἀ.
776 735 782 740 .

1106 785 1175 842 ΙΝ
1213 788 1367 843 CAP.
1409 788 1502 844 IX.

586 872 614 944 ᾗ
658 873 699 930 l.
742 873 1244 944 Superessentialem
1291 880 1405 949 ejus
1455 879 1658 936 ordinis
1706 881 2082 949 principatum.

507 965 686 1034 Ipsius
706 966 1044 1037 principium
1077 969 1331 1027 facientis
1371 972 1713 1042 principatus
1751 972 2087 1029 demonstrat

509 1061 1028 1127 superessentialem
1064 1062 1278 1120 ordinis
1327 1065 1719 1136 principatum,
1768 1065 1884 1135 ipse
1933 1065 2087 1135 prin-

507 1147 789 1216 cipatuum
822 1151 979 1206 ordo.

581 1236 609 1309 §
647 1239 716 1296 ll.
749 1240 1223 1313 Archangelorum.
1255 1245 1332 1302 De
1363 1246 1744 1317 archangelico
1783 1255 2001 1313 ornatu,
2032 1255 2089 1303 et

507 1334 640 1404 quid
671 1334 960 1406 signiﬁcet.
2083 1331 2085 1334 ﬁ

579 1424 915 1482 Hierarchia.
945 1427 1083 1486 Nota
1105 1431 1569 1489 universalitatem
1596 1453 1608 1488 :
1635 1448 1851 1490 omnem
1877 1435 2086 1490 bierar-

510 1516 689 1570 chiam
737 1517 936 1574 habere
983 1521 1192 1591 primas
1231 1531 1284 1579 et
1323 1524 1533 1579 medias
1582 1533 1746 1595 atque
1778 1533 2085 1595 postremas

507 1608 762 1677 virtutes,
791 1610 1022 1668 hocest
1051 1620 1164 1669 tres
1195 1615 1366 1670 trinos
1396 1616 1642 1674 ordines.

582 1700 982 1769 Sanctissimis,
1023 1703 1118 1761 Gr.
1152 1707 1508 1776 ἁγιωτάταις.
1551 1709 1730 1768 Scrib.
1789 1710 1883 1762 καὶ
1925 1710 2084 1781 ἱερω-

508 1791 726 1864 τάταις,
748 1803 797 1849 et
842 1797 1245 1854 sacratissimis.
1278 1799 1560 1864 Quomodo
1598 1800 1760 1855 etiam
1791 1801 1961 1855 divini
1997 1816 2085 1856 ar-

511 1884 759 1958 changeli
802 1903 926 1943 cum
974 1889 1409 1959 praecedentibus
1439 1901 1493 1946 et
1531 1891 1888 1962 sequentibus
1933 1907 2084 1951 com.-

511 1977 812 2037 municent.

582 2066 880 2127 Secundum
921 2080 1266 2142 postremum.
1309 2070 1466 2142 Quod
1501 2079 1780 2130 extremus
1832 2071 1906 2129 sit
1953 2070 2088 2126 ordo

512 2159 852 2229 angelorum,
879 2170 934 2217 et
966 2164 1227 2218 mundum
1260 2163 1557 2234 attingens.

866 2253 971 2323 33
1012 2254 1329 2311 Postremus
1359 2255 1539 2310 trinus
1568 2254 1725 2310 ordo.

795 2344 1155 2414 Principatus,
1195 2347 1537 2417 Arckangeli,
1579 2348 1785 2418 Angeli.

584 2433 651 2488 Et
675 2437 843 2506 magis
879 2436 980 2493 ad;
1001 2436 1318 2494 Extremum
1349 2439 1600 2495 ordinem
1630 2438 1940 2497 caelestium
1979 2438 2090 2496 vin-

508 2532 688 2583 tutum
719 2529 1022 2599 digniorem
1053 2544 1204 2592 esse,
1228 2530 1598 2602 appellarique
1635 2533 1860 2602 angelos
1881 2572 1897 2597 ,
1934 2540 1993 2586 ut
2023 2532 2092 2589 ad

511 2618 762 2677 homines
814 2622 1166 2679 accedentem
1193 2662 1207 2687 ,
1257 2639 1354 2694 per
1393 2640 1557 2694 quem
1585 2625 1751 2681 etiam
1771 2625 1964 2682 divina
1994 2625 2093 2681 bo-

507 2713 688 2768 mines
713 2712 1035 2772 edocentur.

555 2805 728 2864 ‘Nam
749 2809 959 2879 quidem
1001 2825 1324 2878 supremum.
1377 2808 1624 2866 Primum
1663 2812 1969 2891 ternionem
2002 2829 2093 2870 se-

509 2899 698 2955 cundo
725 2915 883 2956 sacre
904 2916 1142 2972 praeesse
1163 2943 1178 2968 ,
1209 2908 1264 2956 et
1294 2901 1598 2960 secundum
1635 2904 1838 2970 tertio;
1863 2905 2090 2959 tertium

507 2997 693 3045 autem
741 2991 810 3048 iis
838 2993 931 3061 qui
977 2993 1122 3047 inter
1169 2992 1421 3046 homines
1465 2993 1784 3050 sacerdotes
1815 3005 1986 3063 sunt,
2037 3007 2092 3052 et

507 3081 814 3150 inspiciunt
844 3098 910 3138 ea
935 3099 1058 3153 quae
1090 3084 1161 3140 ab
1191 3083 1327 3153 ipsis
1360 3083 1519 3140 ﬁunt.

584 3172 878 3230 Occultius.
929 3174 1219 3242 Quomodo
1275 3176 1358 3232 hac
1415 3177 1634 3247 quidem
1701 3179 2088 3246 obscuriores.

513 3264 621 3319 illae
651 3280 778 3323 vero
807 3267 1113 3336 perspicuae
1151 3269 1324 3338 magis
1352 3272 1464 3326 sint
1495 3271 1838 3326 hierarcbiae.

585 3355 852 3412 Humanis
891 3359 1224 3416 hierarchiis.
1262 3360 1498 3428 Quinam
1549 3362 1708 3419 nobis
1750 3363 2091 3418 hierarcbice

510 3447 758 3517 praesint.
799 3446 940 3503 Nota
983 3449 1509 3508 demonstrationem
1561 3469 1628 3507 ex
1679 3451 1934 3516 Daniele,
1989 3453 2091 3508 hoc

509 3544 598 3592 est
657 3547 962 3596 extremum
1017 3539 1270 3598 ordinem
1324 3544 1652 3601 hierarchia:
1712 3552 1916 3601 nostrae
1987 3545 2091 3599 im-

513 3643 729 3697 pel-are.

586 3720 720 3789 Qua:
740 3725 922 3780 etiam.
959 3725 1430 3796 Subaudiendum,
1462 3739 1519 3783 ut
1561 3731 1630 3784 sit
1671 3730 1956 3786 secundum
2001 3749 2086 3786 oro

511 3809 689 3866 dinem
709 3853 726 3880 ,
756 3813 833 3869 ita
862 3823 922 3870 ut
951 3818 1076 3874 talis
1108 3820 1179 3874 sit
1206 3821 1549 3876 constructio
1581 3837 1594 3872 :
1628 3823 1881 3892 equidem
1919 3831 1977 3878 ut
2002 3839 2091 3880 se-

510 3905 754 3962 cundum
783 3908 1033 3966 ordinem
1063 3910 1156 3976 sit,
1192 3918 1247 3966 et
1275 3913 1369 3983 qui
1398 3927 1429 3966 a
1455 3911 1590 3983 Deo,
1611 3922 1667 3969 et
1695 3922 1910 3970 caetera.

583 3997 740 4064 Quod
773 3998 823 4054 si
848 4011 1054 4070 quwrat
1092 3981 1309 4073 aliquis.
1363 3981 1652 4072 Quomodo
1695 4009 1854 4062 bonis
1883 4009 2089 4079 angelis

510 4090 770 4158 gentibus
817 4093 1123 4163 praefectis,
1171 4097 1324 4152 solus
1366 4095 1536 4153 Israel
1574 4097 1744 4154 Deum
1789 4116 2091 4171 cognosce-

510 4179 636 4237 bat:
660 4197 1002 4256 unaquaeque
1032 4188 1179 4241 enim
1211 4204 1344 4258 gens
1367 4191 1537 4247 habet
1571 4194 1826 4262 angelum
1867 4197 1970 4250 sibi
1999 4213 2087 4252 se-

509 4269 734 4338 lectnm,
769 4273 913 4328 sicut
937 4273 1110 4330 Judaai
1140 4276 1458 4336 Michaelem
1480 4299 1495 4349 ;
1521 4297 1684 4352 quem
1714 4299 1781 4338 ex
1812 4294 2087 4354 postremo

509 4369 828 4419 sanctorum
859 4367 1178 4438 angelorum
1209 4370 1404 4426 ordine
1428 4387 1550 4427 esse
1579 4373 1733 4430 dicit.

583 4452 933 4526 Nequaquam
974 4459 1302 4530 angelorum.
1351 4461 1473 4517 Non
1525 4473 1752 4534 pr0pter
1808 4465 2087 4536 imperam-

2192 608 2433 662 ἐλάϐετε
2461 609 2567 662 τὸν
2591 611 2778 680 νόμον
2804 613 2891 677 εις
2918 610 3198 680 διαταγὰς
3223 611 3513 681 ἀγγέλων,
3535 612 3633 666 καί
3653 615 3770 667 οὐκ

2187 698 2541 768 ἐφυλάξατε.

2662 794 2772 846 ΕΙΣ
2808 795 2901 846 Τυι
2935 795 3183 848 ΚΕΦΑΛ.
3225 795 3302 849 Θθ.

2266 882 2293 954 §
2324 882 2366 940 1.
2411 885 2799 953 ’Υπερούσιον
2829 885 3017 955 αὐτῆς
3046 885 3415 956 ταξιαρχιαν.
3459 885 3640 959 Αὐτῆς
3664 890 3768 960 τῆς

2190 977 2483 1048 άρχοποιοῦ
2529 977 2705 1050 ἀρχῆς
2744 979 3025 1048 ἀναφαίνει
3064 980 3163 1054 τὴν
3195 979 3515 1052 ὑπεροὺσιον
3545 981 3768 1054 ταξιαρ-

2189 1070 2312 1138 χίαν
2344 1071 2478 1141 αὐτὴ
2508 1073 2542 1142 ἡ
2571 1071 2678 1126 τῶν
2705 1072 2888 1143 ἀρχῶν
2915 1072 3085 1138 τάξις.

2263 1246 2290 1318 §
2326 1245 2388 1302 ll.
2433 1247 2860 1317 Ἀρχαγγέλων.
2907 1248 3042 1320 Περὶ
3080 1247 3174 1301 τοῦ
3217 1245 3617 1318 ἀρχαγγελικοῦ
3669 1246 3767 1300 x6-

2192 1354 2350 1407 σμου,
2373 1337 2467 1391 καὶ
2488 1339 2540 1391 τί
2571 1338 2740 1410 δηλοῖ.
3479 1360 3485 1365 ·

2271 1432 2581 1500 Ἰεραρχία.
2637 1430 2947 1502 Σημείωσαι
2991 1431 3052 1486 τὸ
3102 1430 3426 1492 καθολικδν.
3478 1430 3561 1483 ὅτι
3613 1431 3766 1483 πᾶσα

2191 1523 2438 1593 ἱεραρχία
2479 1521 2593 1592 ἔχει
2641 1523 2895 1592 πρώτας,
2939 1523 3032 1575 καὶ
3077 1523 3273 1594 μέσας,
3320 1523 3415 1580 καὶ⁵
3451 1522 3767 1585 τελευταίας

2185 1612 2458 1685 δυνάμεις,
2487 1613 2760 1668 τουτέστιν
2791 1615 2848 1667 αἱ
2877 1615 3026 1684 τρεῖς
3052 1614 3324 1685 τριαδικαὶ
3348 1613 3550 1680 τάξεις.

2270 1705 2660 1774 Ἀτιωτὰταις.
2711 1705 2807 1777 Γρ.
2852 1705 2949 1761 καὶ
2980 1705 3335 1776 ίερωτάταις.
3402 1705 3530 1769 Πῶς
3575 1706 3665 1758 καὶ
3712 1706 3766 1758 oi

2188 1797 2317 1851 Θεῖοι
2363 1797 2692 1868 ἀρχάγγελοι
2735 1801 2857 1862 ταῖς
2901 1798 3008 1871 πρὸ
3047 1798 3226 1860 αὐτῶν
3269 1798 3362 1854 καὶ
3413 1800 3528 1869 μετ’
3568 1798 3766 1861 αὐτοὺς

2190 1891 2528 1945 κοινωνοῦσι.

2262 2073 2427 2128 Κατὰ
2454 2073 2519 2126 τὸ
2545 2070 2908 2127 τελευταῖον.
2945 2073 3064 2125 Ὀτι
3096 2071 3296 2143 ἐσχάτη
3319 2070 3474 2138 τάξις
3499 2070 3771 2140 ἀγγέλων,

2193 2168 2288 2223 καὶ
2319 2167 2692 2237 περικόσμιος.

2552 2257 2617 2309 Ἠ
2643 2256 2935 2310 τελευταία
2961 2255 3212 2328 τριαδικὴ
3238 2254 3411 2321 τάξις.

2310 2349 2501 2418 Ἀρχαὶ
2522 2391 2538 2415 ,
2762 2348 3158 2418 Ἀρχάτ-γελοι,
3375 2347 3658 2416 Ἄγγελοι.

2262 2442 2372 2496 Καὶ
2393 2439 2635 2510 μᾶλλον
2664 2441 2831 2510 πρός.
2850 2442 2969 2494 Ὀτι
2996 2442 3030 2511 ἡ
3058 2437 3341 2492 τελευταία
3371 2437 3526 2504 τάξις
3551 2437 3657 2491 τῶν
3674 2439 3770 2491 οὺ-

2197 2533 2393 2605 ρανίων
2411 2533 2694 2605 δυνάμεων
2723 2533 2920 2604 μᾶλλον
2941 2531 3066 2594 ἀξία
3084 2531 3232 2584 ἐστὶν
3262 2529 3478 2600 ἄγγελοι
3500 2546 3768 2601 προσαγο-

2195 2626 2448 2698 ρεύεσθαι
2467 2668 2482 2693 ,
2513 2625 2590 2690 ὡς
2622 2624 2992 2696 πλησιάζουσα
3022 2621 3362 2693 ἀνθρώποις,
3393 2621 3459 2675 δι’
3491 2616 3560 2685 ἧς
3584 2623 3676 2674 καὶ
3699 2621 3768 2674 τὰ

2192 2719 2311 2772 θεία
2344 2717 2604 2790 μυοῦνται
2628 2716 2922 2788 ἄνθρωποι.

2267 2809 2387 2878 Τὴν
2407 2808 2524 2878 μὲν
2549 2809 2658 2878 γὰρ
2677 2805 3032 2875 ὑπερτάτην.
3055 2806 3177 2859 ὀτι
3203 2807 3244 2876 ἡΔ
3271 2804 3464 2876 πρώτη
3491 2803 3649 2876 τριὰς
3667 2803 3768 2874 τῆς

2191 2902 2449 2972 δευτέρας
2491 2902 2758 2972 ἱεραρχεῖ,
2789 2899 2887 2953 καὶ
2913 2901 2947 2969 ἡ
2980 2899 3207 2969 δευτέρα
3253 2898 3354 2968 τῆς
3383 2899 3574 2969 τρίτης
3591 2913 3610 2935 ο.
3645 2896 3677 2966 ἡ
3707 2896 3767 2949 δέ

2190 2994 2347 3065 τρίτη
2368 2993 2476 3045 τῶν
2505 2994 2562 3045 ἐν
2591 2991 2897 3062 ἀνθρώποις
2919 2991 3130 3062 ἱερέων,
3153 2989 3248 3047 καὶ
3274 2987 3512 3060 ἐφορῶσι
3537 2987 3608 3040 τά
3637 2990 3764 3057 παρτ

2190 3085 2368 3140 αὐτῶν
2396 3085 2712 3155 τελούμενα.

2261 3176 2845 3247 Κρυςριοειόἐστερονη.
2877 3176 3003 3240 Πῶς
3035 3176 3092 3228 αἱ
3135 3174 3234 3246 μὲν
3270 3172 3675 3246 κρυφιώτεραι,
3712 3172 3768 3223 αἱ

2116 3300 2159 3356 C
2191 3270 2247 3323 δὲ
2277 3268 2676 3341 ἐμφανέστεραι
2705 3269 2992 3340 ἱεραρχίαι.

2269 3361 2400 3426 Ταῖς
2429 3361 2820 3429 ἀνθρωπείαις
2847 3359 3186 3428 ἱεραρχίαις.
3215 3358 3372 3422 Τίνες
3400 3357 3557 3429 ἡμῶν
3582 3359 3766 3427 ίεραρ-

2193 3452 2361 3522 χικῶς
2391 3455 2742 3525 ἐφεστήκασι.
2779 3452 3086 3523 Σημείωσαι
3124 3451 3222 3523 τὴν
3261 3447 3538 3513 ἀπόδειξιν
3580 3451 3646 3502 ἐκ
3674 3445 3766 3500 τοῦ

2191 3545 2418 3616 Δανιὴλ,
2467 3545 2742 3598 τουτέστιν
2791 3544 3024 3614 ἐσχάτην
3070 3542 3224 3610 τάξιν
3263 3530 3574 3599 ἐπιστατεῖν
3595 3539 3640 3576 ⁵⁸
3671 3539 3769 3610 τῆς

2192 3638 2312 3695 καθ’
2337 3639 2485 3710 ἡμᾶς
2518 3639 2635 3709 ἱερα
2645 3637 2818 3709 ρχίας.

2259 3731 2370 3783 Καὶ
2393 3729 2521 3799 μὴν
2547 3730 2642 3783 καὶ
2665 3731 2725 3797 ἠ.
2744 3727 2902 3782 Κατὰ
2929 3726 3109 3782 κοινοῦ
3131 3726 3192 3779 τὸ
3218 3723 3374 3793 ἵναῇ
3395 3724 3548 3779 κατὰ
3574 3722 3764 3788 τάξιν.

2190 3823 2266 3885 ὡς
2294 3818 2432 3875 εἶναι
2457 3823 2555 3892 τὴν
2587 3821 2856 3886 σύνταξιν,
2885 3821 2981 3874 καὶ
3015 3820 3121 3892 μὴν
3159 3820 3246 3873 ἵνα
3273 3816 3415 3874 κατὰ
3437 3812 3649 3890 τάξινῇ
3675 3815 3766 3869 καὶ

2191 3915 2224 3984 ἡ
2256 3913 2407 3985 παρὰ
2437 3912 2592 3981 Θεοῦ,
2625 3914 2718 3967 καὶ
2748 3913 2817 3965 τὰ
2846 3911 2990 3983 ἑξῆς.

2256 4007 2325 4059 El
2360 4004 2428 4058 δέ
2455 4022 2545 4072 τις
2565 4006 2731 4075 φαίη.
2763 4003 2888 4067 Πῶς
2919 4002 3165 4072 ἀγγέλων
3196 4001 3414 4070 ἀγαθῶν
3446 3997 3766 4070 ἐφεστώτων

2188 4101 2301 4163 τοῖς
2351 4091 2536 4152 ἔθνεσι
2560 4139 2574 4163 ,
2631 4098 2790 4167 μόνος
2834 4096 2862 4146 ὁ
2911 4093 3126 4165 Ἰσραὴλ
3171 4093 3435 4162 ἐγίνωσκε
3474 4090 3566 4144 τὸν
3601 4089 3761 4144 Θεὸν·

2190 4191 2416 4243 ἕκαστον
2466 4187 2574 4260 γὰρ
2609 4186 2758 4250 ἔθνος
2807 4185 3034 4254 ἄγγελον
3081 4184 3193 4256 ἔχει
3237 4181 3766 4254 ἀποκεκληρωμένον

2191 4282 2367 4353 αὐτῷ,
2399 4281 2474 4344 ὡς
2512 4279 2749 4334 Ἰουδαῖοι
2776 4278 2868 4331 τὸν
2905 4276 3155 4347 Μιχαὴλ,
3186 4275 3246 4330 ὃν
3277 4275 3499 4346 καὶτῆς
3531 4273 3766 4344 ἐσχάτης

2187 4372 2394 4437 τάξεως
2421 4371 2530 4426 τῶν
2567 4371 2736 4439 ἁγίων
2765 4369 3010 4438 ἀγγέλων
3033 4369 3216 4440 φησιν.
3281 4399 3290 4403 -
3347 4395 3354 4402 -

2262 4467 2391 4520 Ὀτι
2423 4464 2510 4533 μὴ
2554 4463 2659 4528 τὰς
2695 4461 2816 4515 τῶν
2855 4460 3145 4531 ἀγγέλων.
3198 4460 3274 4514 οὐ
3317 4457 3474 4530 παρὰ
3516 4458 3618 4528 τὴν
3661 4455 3768 4510 τῶν

508 4543 650 4598 tium
687 4549 1006 4617 angelorum
1049 4551 1266 4620 culpam
1315 4554 1658 4623 talia'dicit;
1713 4557 1810 4613 sed
1866 4570 2086 4631 prapter

2222 4555 2620 4610 πιστατούντων
2647 4553 2896 4622 ἀγγέλων
2921 4554 3098 4608 αίτίαν
3129 4552 3261 4623 φησὶ
3283 4551 3345 4605 τὸ
3371 4548 3602 4614 τοιοῦτο,
3636 4547 3768 4602 ἀλλὰ

510 4637 789 4707 propriam
819 4640 1050 4696 liberam
1082 4641 1150 4698 ad
1175 4657 1242 4698 ea
1269 4659 1391 4715 quae
1433 4646 1660 4703 minime
1705 4648 1824 4705 ﬁeri
1855 4652 2082 4721 debent,

2220 4648 2343 4722 παρὰ
2385 4649 2486 4720 τὴν
2536 4647 2741 4704 οἰκείαν
2785 4646 3126 4712 αὐτεξούσιον
3163 4645 3304 4716 πρὸς
3345 4643 3416 4697 τὰ
3461 4644 3536 4715 μὴ
3583 4643 3765 4696 δέοντα

509 4730 955 4799 propensionem.
1027 4763 1033 4775 ι

580 4818 773 4874 Amore
821 4823 1055 4890 proprio.
1102 4821 1276 4888 Nota,
1319 4825 1467 4894 quod
1523 4827 1759 4898 quisque
1818 4830 1924 4885 sibi
1981 4832 2085 4902 ipsi

508 4924 678 4965 causa
733 4911 864 4968 boni
913 4920 968 4967 et
1034 4915 1164 4969 mali
1211 4916 1478 4985 exsistat;
1539 4935 1693 4975 amor
1742 4928 1924 4976 autem
1963 4939 2086 4992 pro-

508 4999 656 5065 prius
701 5005 757 5053 et
805 5000 1098 5067 pervicacia
1153 5006 1440 5074 aequaliter
1483 5007 1591 5065 sibi
1627 5011 2083 5080 complacentiam

509 5090 843 5158 signiﬁcant.

581 5182 697 5236 Hoc
727 5185 900 5253 ipsum
921 5189 1290 5258 conﬁrmatur.
1309 5189 1430 5246 Non
1463 5193 1610 5260 quod
1646 5193 1794 5251 Deus
1826 5195 2082 5256 lsraelem

509 5275 686 5331 solum
715 5275 962 5346 elegerit,
995 5279 1092 5333 sed
1115 5279 1259 5349 quod
1283 5281 1434 5337 solus
1464 5282 1632 5339 Israel
1656 5287 1888 5342 voluerit
1911 5289 2080 5346 Deum

509 5367 660 5436 sequi
700 5389 713 5426 :
751 5372 827 5428 ita
863 5372 1011 5428 enim
1054 5373 1432 5442 interpretatio
1473 5376 1735 5435 dictionis
1762 5381 2079 5452 signiﬁcat,

509 5473 653 5514 meus
684 5461 850 5516 Deum
881 5462 1099 5518 videns:
1128 5465 1209 5520 sic
1239 5466 1545 5541 intelligere
1568 5469 1854 5540 debemus,
1874 5490 1995 5545 quin
2025 5477 2081 5531 in

615 5597 644 5636 ἀ
682 5597 807 5656 Aet.
842 5618 938 5670 vn,
971 5602 1062 5658 55.

2195 4743 2675 4902 ροῗέἷνὲριλαυτίᾳ.
2702 4866 2708 4872 -
2734 4830 3046 4901 Σημείωσαι
3084 4829 3164 4882 ὅτι
3186 4827 3432 4890 ’ἕκαστος
3477 4827 3653 4898 ἐαυτῷ
3681 4829 3765 4880 ατ-

2190 4943 2303 4989 τιος
2328 4926 2421 4979 καὶ
2445 4923 2540 4978 τοῦ
2579 4921 2784 4993 ἀγαθοῦ
2826 4921 2920 4974 καὶ
2947 4920 3043 4974 τοῦ
3076 4919 3280 4973 κακοῦ·
3308 4919 3370 4972 τὸ
3393 4918 3450 4971 δὲ
3482 4920 3766 4987 φιλαυτία

2197 5021 2288 5074 καὶ
2318 5018 2607 5074 αὐθάδεια
2639 5019 2703 5071 ἐκ
2732 5013 3074 5087 παραλλήλου
3105 5013 3165 5066 τὸ
3191 5011 3530 5083 αὐτὰρεσκον
3565 5011 3728 5083 δηλοῖ.

2269 5197 2449 5252 Τοῦτο
2477 5195 2546 5249 δὲ
2566 5191 2963 5265 μαρτυρεῖται.
2986 5191 3097 5262 Οὐχ
3118 5190 3199 5243 ﬁt
3230 5192 3260 5243 ὁ
3285 5189 3419 5253 Θεὸς
3436 5190 3528 5243 τὸν
3557 5188 3767 5260 Ἰσραὴλ

2195 5290 2354 5361 μόνον
2386 5287 2696 5354 ἐξελέξατο,
2726 5284 2838 5339 ἀλλ’
2875 5286 2958 5338 ὅτι
2995 5285 3025 5337 ὁ
3065 5282 3282 5354 Ἰσραὴλ
3315 5283 3475 5354 μόνος
3507 5279 3764 5350 ἑὸουλήθη

2194 5383 2420 5435 ἔπεσθαι
2447 5381 2566 5452 Θεῷ
2584 5380 2756 5434 ὀὕτω
2780 5376 2891 5449 γὰρ
2921 5376 3040 5448 [καὶ
3068 5375 3126 5446 ἡ]
3158 5374 3427 5445 ἑρμηνεία
3453 5373 3554 5444 τῆς
3573 5371 3769 5438 λέξεως

2195 5474 2449 5544 σημαίνει
2469 5512 2484 5536 ,
2514 5471 2661 5537 νοῦς
2690 5467 2844 5538 ὀρῶν
2872 5466 3010 5540 [τὸν]
3059 5467 3236 5520 Θεόν·
3271 5465 3416 5521 οὕτω
3443 5467 3585 5522 νοεῖν
3617 5461 3766 5534 ὀφεί-

1451 5721 1688 5778 VARUE
1724 5717 2115 5780 LECTIONES
2147 5720 2238 5780 ET
2272 5715 2817 5781 CORRECTIONES.

619 5832 662 5867 '°
693 5833 775 5892 ὅτι
804 5833 898 5894 καὶ
925 5838 959 5910 η
992 5838 1196 5911 ἐσχάτη
1222 5838 1376 5906 τάξις
1405 5839 1703 5896 ἐπιστατεῖ.
