3860 6554
85 511 140 569 88
752 513 810 572 S.
846 514 1094 572 MAXIM!
1131 513 1427 576 SCHULIA
1459 518 1526 574 IN
1565 507 1820 572 LIB.'DE
1851 515 2179 572 C(ELESTI
2212 515 2655 572 HIER‘ARCHIA.
3262 519 3332 576 86

85 623 218 693 λομεν
249 622 312 675 τὰ
356 623 414 675 ὲν
444 627 517 696 τῇ
557 625 680 698 ᾠδῇ
713 630 991 693 Μωῦσέως
1025 633 1319 704 εἰρημένα,
1363 633 1647 702 Ἐγενήθη

1760 632 1974 687 cantico
2005 629 2210 701 Moysis
2236 629 2385 690 dicta
2411 638 2560 696 sunt,
2588 629 2789 686 Factus
2811 640 2888 685 est
2919 632 3093 699 portio
3117 632 3332 687 Domini

85 716 218 786 μερὶς
250 717 470 784 Κυρίου
520 721 870 792 σχοίνισμα
914 726 1140 792 Ἰακὼϐ,
1181 729 1319 797 ὅπερ
1363 725 1511 797 δηλοῖ
1558 725 1650 778 τὸν

99 807 303 878 Ἰσραήλ⁸
336 807 435 877 οὐχ
463 812 494 863 6
525 809 674 874 Θεὸς
705 814 816 884 γὰρ
845 817 934 869 τὸν
973 817 1188 889 Ἰσραὴλ
1233 817 1390 887 μόνον
1435 818 1645 887 ἀγαπᾷ,

91 900 147 962 ὡς
175 903 257 954 καὶ
279 903 304 954 ὁ
341 901 684 968 Ἀπόστολος
722 907 988 979 πολλαχοῦ
1019 908 1284 978 ἐδήλωσεν
1315 910 1482 963 εἰπών
1502 927 1515 940 ·
1550 909 1654 978 Μὴ

90 994 174 1044 οὐκ
204 992 364 1045 ἔστιν
395 996 429 1047 ὁ
463 995 620 1061 Θεὸς
660 998 763 1050 καὶ
797 999 1023 1064 sum»;
1062 1003 1161 1055 ναῒ
1192 1003 1285 1055 καὶ
1326 1002 1535 1066 ἐθνῶν,
1560 1002 1649 1055 εῖ-

91 1098 172 1150 περ
206 1082 285 1150 εἶξε
323 1087 356 1139 ό
399 1087 594 1155 Θεός·
641 1088 764 1140 ἀλλ’
802 1091 830 1142 6
869 1092 1079 1165 Ἰσραὴλ
1124 1094 1339 1165 πρῶτος
1378 1093 1648 1166 ἐπορεύθη

90 1175 268 1229 ὄπισθεν
294 1176 427 1230 Θεοῦ
452 1217 468 1241 ,
502 1180 638 1233 ἐπεὶ
676 1179 905 1252 ὕστερον
935 1185 1174 1248 ἀποστὰς
1195 1187 1286 1238 καὶ
1318 1185 1482 1248 αὐτὸς
1512 1187 1648 1239 άπε-

301 1269 360 1322 τὺ
390 1269 504 1342 γὰρ
536 1271 901 1337 αὐτεξούσιον
924 1275 1136 1345 ἔχοντες
1163 1279 1212 1330 οἱ
1241 1277 1539 1349 ἄνθρωποι,
1563 1279 1648 1330 ὅτε

91 1356 280 1423 θέλουσι,
313 1361 532 1415 ποιοῦσι
567 1363 669 1416 τὸν
703 1364 838 1418 Θεὸν
869 1366 984 1436 μεθ’
1015 1368 1238 1421 ἑαυτῶν.

142 1453 511 1509 Πεπονθέναι.
553 1455 690 1508 Ὀτι
723 1457 820 1509 καὶ
841 1459 870 1510 6
904 1458 1119 1528 Ἰσραὴλ
1152 1459 1314 1522 αὐτὸς
1345 1459 1579 1532 ἀπέστη.

143 1541 303 1608 Ζωήγ.
340 1544 463 1596 Ὅτι
493 1544 862 1609 αὑτεξούσιος
889 1547 918 1598 6
943 1547 1242 1618 ἄνθρωπος.

145 1636 361 1702 Ὀψεων.
396 1636 586 1707 Ὅπερ
613 1637 861 1691 ἐνταῦθά
891 1656 1052 1709 φησιν
1081 1642 1108 1693 ὁ
1131 1640 1339 1711 Πατὴρ,
1372 1641 1530 1695 τοῦτο
1558 1645 1649 1696 καὶ

92 1725 161 1776 ἐπὶ
176 1724 255 1777 τοῦ
278 1725 507 1796 ἡλιακοῦ
537 1728 733 1796 φωτὸς
761 1729 1040 1800 γινόμενον
1073 1730 1217 1784 ἔστιν
1252 1733 1400 1797 ἰδεῖν,
1432 1733 1522 1786 ἐπὶ
1552 1735 1651 1805 μὲν

92 1815 171 1867 τῶν
198 1816 456 1885 διαφανῶν
507 1819 698 1883 ὑλῶν,
741 1820 843 1891 τὴν
879 1822 1085 1875 οἰκείαν
1117 1823 1350 1877 διάδοσιν
1396 1825 1652 1895 ποιουμέα

93 1924 182 1959 που·
208 1909 289 1961 ἐπὶ
314 1909 369 1962 δὲ
398 1910 516 1962 τῶν
537 1911 878 1982 παχυτέρων
904 1913 1000 1983 οὐχ
1031 1914 1247 1984 ὁμοίως,
1270 1915 1383 1968 ἀλλ’
1411 1916 1444 1985 ἢ
1473 1916 1646 1986 πάντη

1750 723 2018 792 funiculus
2059 721 2227 776 Iacob
2249 733 2298 790 ο,
2341 722 2488 792 quod
2538 722 2814 793 signiﬁcat
2863 721 3164 792 lsraelem;
3219 739 3332 780 non

1748 817 1894 871 enim
1932 815 2079 870 Deus
2109 815 2286 870 solum
2326 814 2580 870 lsraelem
2608 815 2823 885 diligit,
2863 816 3329 886 quemadmodum

1748 909 1912 962 etiam
1944 907 2242 976 Apostolus
2271 921 2414 975 saape
2437 906 2737 960 declaravit
2773 905 2962 961 dicens
2987 925 3002 961 :
3038 905 3230 960 Nonne
3251 916 3330 961 est

1748 999 1889 1052 Deus
1934 1000 2091 1052 etiam
2135 998 2412 1066 gentium?
2452 997 2530 1049 ita
2569 996 2730 1049 etiam
2759 997 3025 1066 gentium,
3069 997 3328 1066 siquidem

1749 1107 1883 1144 unus
1909 1087 2089 1142 Deust
2124 1105 2136 1138 :
2167 1088 2262 1144 sed
2296 1085 2461 1142 Israel
2485 1086 2696 1157 primus
2727 1086 2822 1140 ivit
2845 1095 2967 1156 post
2987 1086 3172 1151 Deum,
3201 1103 3326 1141 cum

1748 1193 1936 1253 postea
1968 1181 2206 1244 defecit,
2254 1181 2371 1250 ipse
2397 1195 2620 1251 quoque
2655 1180 2900 1249 abjectus
2931 1188 3051 1247 est;
3091 1179 3327 1233 liberum

1749 1275 1895 1327 enim
1927 1272 2218 1326 arbitrium
2251 1272 2520 1327 habentes
2546 1271 2819 1336 homines,
2853 1275 3072 1342 quando
3110 1271 3324 1336 volunt,

1750 1364 1919 1419 Deum
1947 1364 2050 1419 sibi
2084 1371 2405 1433 praesentem
2434 1363 2662 1418 faciunt.

1820 1457 1935 1535 34..
1954 1457 2181 1510 Passum
2197 1473 2329 1511 esse.
2355 1456 2511 1528 Quod
2536 1458 2702 1512 etiam
2727 1458 2844 1533 ipse
2857 1457 3026 1513 Israel
3045 1457 3325 1514 defecerit.

1829 1547 2026 1600 Vitam.
2059 1546 2226 1612 Quod
2251 1547 2415 1601 homo
2447 1547 2532 1601 sui
2567 1546 2640 1601 sit
2665 1547 2829 1617 juris.

1827 1637 2134 1693 Oculorum.
2173 1636 2346 1703 Quod
2377 1637 2466 1691 hic
2508 1636 2672 1692 Pater
2716 1639 2834 1693 ait:
2873 1638 2980 1693 hoc
3010 1654 3230 1708 quoque
3275 1638 3331 1693 in

1753 1729 1920 1782 solari
1967 1727 2175 1783 lumine
2222 1727 2338 1782 ﬂeri
2366 1727 2553 1783 videre
2581 1729 2730 1793 licet,
2759 1729 2815 1782 in
2851 1729 3331 1799 transparentibus

1751 1820 1970 1890 quidem
2005 1819 2333 1890 corporibus
2365 1820 2639 1890 pr0priam
2691 1820 2926 1876 faciente
2955 1821 3334 1874 communica-
3363 1885 3370 1893 O

1751 1914 1991 1977 tionem;
2051 1912 2106 1965 in
2150 1911 2522 1970 crassioribus
2565 1919 2748 1966 autem
2779 1927 2888 1966 non
2919 1911 3194 1974 similiter,
3234 1909 3331 1965 sed

91 1997 331 2062 ἀὸιαδότως
377 1999 412 2071 ἢ
461 2000 766 2072 ἀμυδρῶς.
801 2003 975 2075 Ὅπερ
1021 2001 1113 2057 οὖν
1163 2005 1395 2059 ἐνταῦθα
1441 2007 1502 2058 τὸ
1550 2007 1647 2077 τῆς

1760 2015 1847 2058 aut
1872 2003 2097 2058 omnino
2121 2003 2734 2067 incommunicabilitcr,
2761 2012 2856 2058 aut
2881 2003 3116 2058 obscure
3139 2021 3154 2070 ;
3186 2003 3334 2073 quod

95 2089 193 2158 ὕλης
211 2089 456 2162 διάφορον
488 2096 678 2158 ποιεῖ,
703 2093 866 2148 τοῦτο
903 2095 996 2148 ἐπὶ
1023 2096 1119 2168 τῆς
1147 2097 1297 2161 θείας
1324 2097 1640 2170 ὲλλάμψεως

92 2180 356 2253 ήάνισότης
383 2183 494 2253 τῆς
525 2184 882 2249 αὑτεξουσίου
911 2186 1198 2257 ἐργάζεται
1233 2188 1428 2259 ῥοπῆς.

152 2359 528 2431 Ἀνομοιότης.
571 2363 860 2431 Τουτέστι,
899 2364 1006 2419 τῶν
1034 2365 1256 2423 τοῦνοῦ,
1285 2367 1577 2439 ὀφθαλμῶν
1606 2370 1641 2440 ἠ

90 2455 385 2525 παρατροπή.

148 2545 200 2596 Ἠ
230 2546 552 2613 παντελῶς
582 2547 915 2617 ἀμέθεκτον
943 2550 1114 2605 ποιεῖ.
1151 2551 1291 2623 Ὅρα
1321 2551 1438 2616 πῶς
1477 2569 1640 2622 φησιν

89 2634 202 2703 ἡμᾶς
217 2635 404 2701 αὐτοὺς
436 2638 663 2702 αἰτίους
691 2635 831 2702 εἶναι
856 2641 950 2693 τοῦ
978 2641 1230 2706 δέξασθαι
1260 2642 1360 2713 τὴν
1379 2641 1641 2712 ἐλλαμψιν

87 2724 161 2793 τὴν
181 2725 341 2792 θείαν,
375 2729 416 2800 ἢ
459 2729 674 2799 ὀλίγον,
709 2729 742 2802 ἢ
776 2731 911 2784 πολὺ
939 2734 1106 2805 αὐτῆς
1129 2734 1408 2804 δέχεσθαι,
1440 2735 1474 2805 ἢ
1506 2752 1643 2789 παν·

86 2815 216 2880 “Et;
262 2820 439 2892 μηδὲν
486 2821 668 2892 αὐτῆς
713 2823 1086 2890 εἰσδέξασθαι,
1128 2827 1258 2881 ὅταν
1289 2827 1428 2898 πρὸς
1473 2827 1643 2900 αὐτὴν

87 2905 318 2964 irritum:
346 2912 682 2985 γενώμεθα,
713 2915 876 2978 οἷονεὶ
903 2915 1268 2988 σκληροὶῆτοι
1292 2916 1512 2970 λίθινον
1540 2934 1645 2988 φη·

94 2999 152 3051 ειν
183 2997 266 3056 οὖν
290 3005 348 3058 ὲν
391 3005 762 3075 Εὑαγγελίοις
805 3007 967 3070 αὐτὸς
995 3008 1290 3080 ὁΚύριοςο
1319 3010 1572 3064 Aurata;
1610 3011 1644 3064 ό

87 3092 198 3158 θεὸς
248 3096 315 3150 ἐκ
366 3095 502 3150 τῶν
546 3097 742 3152 λίθων
790 3099 1016 3152 τούτων
1062 3099 1278 3170 ἐγεῖραι
1320 3099 1501 3154 τέκνα
1563 3099 1645 3166 τῷ

98 3180 298 3255 Ἀϐραάμ
315 3203 330 3217 ο
382 3188 532 3258 ὅπερ
578 3187 695 3259 γὰρ
737 3190 870 3259 ἡμῖν
919 3189 1150 3262 σκληρὸν
1211 3191 1306 3245 καὶ
1349 3191 1607 3246 ἀδύνατον
1625 3229 1642 3258 ,

86 3272 207 3328 τοῦτο
226 3277 299 3348 τῷ
328 3277 458 3350 Θεῷ
489 3279 742 3333 δυνατόν.

148 3365 312 3436 Ἡμεῖς
333 3366 794 3440 ἀνενεύσαμεν.
834 3373 1169 3445 Σημείωσαι,
1202 3376 1438 3448 μάλιστα
1467 3373 1650 3430 ὲντεῦ-

86 3453 154 3507 θεν
177 3459 643 3532 ὲπιστομίζεταισθ
675 3462 777 3534 τὴν
822 3462 1052 3536 ἄκαιρόν
1086 3484 1250 3521 τινων
1282 3469 1377 3523 καὶ
1402 3468 1651 3540 ἀδιάκρι-

87 3562 154 3600 τον
177 3550 551 3620 ἀπαιδευσίαν,
585 3555 639 3609 οἳ
673 3555 916 3626 τολμῶσι
946 3558 1198 3626 φάσκειν,
1228 3559 1297 3613 τὰ
1330 3560 1449 3614 θεῖα
1475 3559 1648 3614 ταῦτα

84 3644 457 3716 συγγράμματα
473 3645 889 3718 Ἀπολλιναρίου
913 3646 1071 3716 εἰναι,
1098 3651 1230 3722 μὴθι
1253 3653 1317 3706 ὲκ
1340 3652 1448 3706 τῶν
1478 3670 1651 3725 προστ-

85 3729 217 3785 ὡπων
241 3729 324 3789 ὧν·
345 3737 693 3809 μνημονεύει
748 3741 1276 3812 καταποχαζόμενοι
1300 3743 1399 3812 τῆς
1425 3742 1650 3814 ἀρχαιό-

84 3839 217 3893 τητος
241 3827 334 3880 τοῦ
363 3830 564 3902 ἀνδρὸς
583 3868 599 3892 ,
629 3828 772 3884 ἀλλὰ
804 3829 1252 3905 ψευδεπίγραφον,
1270 3833 1519 3904 λέγοντες
1550 3834 1649 3904 τὴν

86 3917 321 3973 Διονυσίου
342 3921 732 3994 προσηγορίαν
752 3938 766 3950 ·
791 3922 928 3993 μηδὲ
942 3923 1023 3976 ὅτι
1041 3925 1138 3984 νῦν
1165 3922 1230 3990 ἐξ
1248 3925 1648 3997 εἰδωλολατρῶν

81 4001 209 4062 εἶπεν
236 4013 396 4067 αὑτὸν
410 4014 456 4046 ⁶²
488 4012 822 4085 ἐπιστρέψαι
844 4051 860 4078 ,
893 4014 1070 4070 καίτοι
1111 4016 1516 4088 ’Δπολλινάριος
1546 4017 1646 4072 οὐκ

81 4098 133 4149 ἐκ
156 4103 398 4159 τοιούτων
431 4101 524 4178 ἦν.

150 4191 261 4247 Ἐπὶ
304 4195 368 4250 τὸ
402 4195 602 4252 πᾶσιν
640 4196 906 4266 ἑτοίμως.
943 4199 1063 4254 ’Ότι
1107 4201 1139 4253 6
1188 4199 1320 4264 Θεὸς
1364 4200 1523 4271 φύσει
1572 4200 1649 4254 ῶν

80 4281 277 4348 ἀγαθὸς,
301 4285 523 4358 ἕτοιμον
554 4288 755 4341 ἑαυτὸν
780 4293 894 4353 τοῖς
922 4293 1055 4346 πᾶσι
1086 4293 1317 4365 παρέχει
1347 4295 1428 4358 εἰς
1453 4295 1515 4347 τὸ
1548 4312 1648 4366 με-

81 4373 417 4445 τὼμὸάνειν
467 4379 574 4449 τῆς
623 4378 914 4450 ἁγιότητος
951 4383 1116 4444 αὐτοῦ
1171 4384 1266 4437 καὶ
1315 4383 1649 4456 φωτισθῆναι

81 4463 164 4534 τὴν
187 4465 375 4540 ψυχὴν,
402 4469 597 4536 λοιπὸν
626 4470 690 4523 τὸ
713 4472 797 4539 ἐφ’
826 4474 958 4542 ἡμῖν
979 4474 1244 4545 ζητεῖται,
1263 4475 1344 4540 τὸ,
1373 4475 1490 4538 πῶς
1518 4475 1651 4547 ἐρῶ-

83 4570 165 4620 μεν
195 4565 476 4632 μετασχεῖν
504 4561 610 4632 τῆς
635 4560 893 4630 γνώσεως
922 4565 1109 4630 αὐτοῦ,
1127 4567 1211 4620 ἵνα
1238 4565 1424 4638 δειχθῇ
1443 4566 1504 4620 τὸ
1523 4567 1650 4620 αὑτ-

79 4645 322 4708 εξούσιον·
364 4653 427 4706 οὐ
482 4652 596 4724 γάρ
644 4653 819 4717 αίτιος
858 4655 986 4708 τῶν.
1017 4657 1206 4711 κακῶν
1246 4661 1286 4727 ὁ,
1317 4659 1478 4721 Θεὸς,
1512 4658 1649 4729 ὅπερ

81 4736 210 4791 ἐστὶν
232 4743 259 4794 6
282 4743 339 4810 te
368 4745 536 4798 αὐτοῦ
567 4744 876 4815 χωρισμός·
891 4748 932 4816 ἡ⁴
943 4746 999 4799 δὲ
1024 4749 1279 4814 σύνταξις
1303 4748 1443 4820 αὕτη
1464 4765 1477 4778 ·
1524 4749 1648 4808 ἐπεὶ

79 4827 149 4879 ὃτι
189 4847 250 4898 γε
306 4835 399 4888 καὶ
446 4835 560 4889 τῶν
611 4835 815 4907 ἑτέρων
859 4836 1027 4892 ἐθνῶν
1091 4840 1192 4894 οὐκ
1237 4841 1460 4911 ἐκφυλοί
1507 4859 1649 4906 τινες

82 4919 384 4978 ἐπεστάτουν
415 4925 568 4990 θεοί,
607 4925 708 4997 μία
760 4927 818 4980 δὲ
859 4929 1076 4988 πάντων
1120 4933 1261 5003 ἀρχή
1281 4949 1295 4962 °
1345 4934 1438 4987 καί
1477 4933 1650 4998 οὕτως

79 5012 257 5082 τᾶλλα,
283 5017 372 5071 διὰ
405 5019 608 5090 μέσου·
647 5017 743 5082 καὶ
775 5019 855 5072 ὅτι
884 5022 978 5074 καὶ
1009 5025 1121 5076 τῶν
1152 5023 1324 5078 ἄλλων
1351 5024 1520 5078 ἐθνῶν
1553 5025 1650 5095 μία

83 5103 210 5176 ἀρχὴ
227 5108 312 5161 τοῦ
335 5108 473 5162 Θεοῦ
505 5105 672 5181 ἦρχε,
698 5110 794 5163 καὶ
822 5110 1052 5176 τάτεδιὰ
1084 5115 1210 5180 τῶν,
1229 5115 1373 5180 ἰδίων
1400 5116 1648 5186 ἀγγέλων

87 5193 455 5270 ἰεραρχούντων
468 5201 538 5256 ⁸³.

149 5376 529 5450 Μελχισεδέκ.
565 5383 882 5454 Σημείωσαι
926 5387 994 5441 τά
1022 5390 1152 5460 περὶ
1174 5389 1266 5442 τοῦ
1297 5389 1655 5460 Μελχισεδὲκ,

1743 2093 1910 2164 igitur
1976 2093 2077 2147 bic-
2109 2093 2404 2148 diversitas
2455 2093 2925 2164 corporisrfacit,
2985 2093 3090 2148 hoc
3135 2093 3189 2146 in
3247 2092 3332 2146 di-

1741 2187 1869 2239 vina
1910 2185 2276 2240 illustratione
2322 2185 2664 2256 inaequalitas
2709 2186 2898 2242 libera:
2947 2184 3334 2256 propensionis

1743 2283 2025 2345 operatur.

1815 2365 2232 2423 Dissimilitudo.
2277 2366 2391 2422 Hoc
2429 2375 2514 2424 est
2537 2368 2822 2423 oculorum
2854 2368 3057 2424 mentis
3085 2369 3324 2424 aversio.

1814 2542 1939 2596 Aut
1961 2543 2172 2598 omnino
2204 2561 2414 2600 cassam
2463 2545 2616 2614 facit.
2650 2542 2808 2608 Vide,
2838 2543 3130 2614 quomodo
3144 2543 3292 2598 dicat
3314 2581 3333 2606 ,

1744 2649 1849 2690 nos
1899 2635 2050 2705 ipsos
2093 2650 2470 2694 causasesse
2518 2635 2858 2707 suscipiendi
2898 2634 3328 2690 illustrationem

1744 2725 2017 2792 divinam,
2049 2734 2144 2781 aut
2177 2742 2370 2796 parum
2397 2767 2412 2792 ,
2449 2737 2543 2782 aut
2574 2729 2806 2792 multum
2839 2727 3016 2797 ipsius
3051 2726 3327 2795 accipere,

1747 2826 1841 2871 aut
1881 2817 2036 2871 nihil.
2069 2818 2310 2872 omnino.
2345 2819 2466 2887 ejus
2515 2817 2838 2882 admittere,
2870 2817 3092 2888 quando
3138 2825 3331 2872 contra

1747 2907 1924 2977 ipsam
1973 2906 2295 2964 refcrientes
2341 2907 2608 2962 {uenimus
2667 2919 2926 2977 tauquam
2975 2907 3157 2976 asperi
3227 2921 3329 2961 seu

1746 2998 1972 3069 lapidei.
2027 2997 2119 3052 Ait
2165 2999 2348 3069 igitur.
2381 2998 2444 3052 in
2493 2997 2804 3070 Evangeliis
2854 2999 2972 3068 ipse
3015 2997 3325 3053 Dominus:

1748 3089 1932 3146 Potest
1956 3089 2098 3146 Deus
2115 3107 2180 3146 ex
2205 3091 2466 3160 lapidibus
2496 3091 2578 3150 his
2598 3093 2831 3146 excitare
2850 3091 2992 3160 ﬁlios
3015 3089 3287 3144 Abrahae.
3311 3099 3328 3147 ς

1747 3183 1894 3254 quod
1942 3183 2091 3238 enim
2124 3183 2286 3240 nobis
2331 3182 2529 3238 durum
2574 3192 2630 3240 et
2671 3182 3052 3254 impossibile,
3081 3182 3187 3237 hoc
3216 3180 3329 3239 Deo

1750 3285 1835 3334 est
1860 3277 2139 3349 possibile.

1675 3359 1718 3417 C
1824 3369 1941 3427 Nos
1985 3371 2315 3428 emersimus.
2365 3371 2522 3427 Nota.
2549 3370 2786 3426 maxime
2828 3385 2901 3424 ex
2940 3370 3052 3425 hoc
3090 3370 3210 3424 loco
3241 3384 3330 3424 re-

1753 3464 1914 3534 primi
1950 3464 2320 3535 importunam
2368 3463 2732 3537 quorumdam
2765 3473 2820 3519 et
2861 3464 3211 3526 indiscretam
3243 3462 3331 3516 in-

1753 3552 2011 3619 scitiam,
2039 3555 2138 3623 qui
2167 3554 2375 3610 audent
2402 3555 2606 3620 dicere,
2633 3554 2850 3610 divinos
2877 3555 2982 3612 bos
3008 3555 3180 3609 libros
3208 3567 3332 3610 esse

1750 3643 2096 3712 Apollinarii,
2139 3662 2207 3708 ne
2235 3647 2454 3718 quidem
2482 3663 2563 3703 es.
2591 3646 2844 3718 personis
2871 3662 3104 3718 quarum
3136 3644 3332 3700 memi-

1751 3737 1871 3804 nit,
1907 3738 2290 3808 antiquitatem
2322 3741 2426 3794 viri
2471 3739 2860 3808 conjicientes;
2908 3737 3004 3793 sed
3057 3737 3196 3792 falso
3245 3737 3333 3792 ιιι-ο

1753 3831 2014 3900 scriptam
2039 3829 2282 3902 Dionysii
2301 3830 2739 3902 appellationem,
2757 3829 2969 3892 dicunt,
2988 3843 3162 3898 neque
3183 3825 3334 3897 quod

1751 3937 1898 3977 nunc
1925 3923 2085 3985 dixit,
2105 3938 2164 3977 se
2185 3923 2253 3977 ab
2275 3921 2575 3977 idololatris
2605 3936 2968 3987 conversum;
2992 3919 3144 3989 atqui
3165 3918 3331 3989 Apol-

1753 4014 1984 4070 linarius
2018 4029 2126 4069 non
2151 4022 2268 4069 erat
2299 4028 2365 4068 ex
2396 4013 2618 4068 talibus.

1825 4193 1980 4262 Quod
2000 4193 2052 4247 in
2075 4202 2319 4263 promptu
2348 4189 2610 4248 omnibus.
2647 4187 2804 4256 Quod
2833 4187 2978 4244 Deus
3009 4195 3207 4241 natura
3234 4185 3332 4243 bo-

1753 4289 2163 4344 nusexsistens
2207 4291 2458 4356 paratum
2484 4282 2729 4352 seipsum
2760 4280 3021 4338 omnibus
3041 4278 3330 4350 praebeat,

1753 4377 2166 4447 utparticipent
2194 4376 2262 4432 de
2305 4375 2598 4431 sanctitate
2627 4371 2800 4442 ipsius
2820 4410 2836 4434 .
2868 4379 2924 4426 et
2955 4371 3011 4426 in
3041 4369 3224 4428 anima
3260 4368 3332 4422 il-

1753 4468 2060 4524 lustrentur
2102 4483 2114 4518 :
2156 4467 2428 4537 reliquum
2475 4465 2531 4519 in
2584 4463 2746 4520 nobis
2793 4461 2958 4521 situm
3008 4459 3330 4531 requiritur,

1751 4575 1947 4630 nempe
1979 4556 2255 4630 quomodo
2281 4556 2568 4627 cupimus,
2609 4553 2903 4624 participes
2933 4551 3052 4607 ﬁeri
3082 4550 3334 4625 ejusco-

1752 4652 2042 4722 gnitionis,
2075 4660 2139 4710 ut
2163 4650 2490 4707 ostendatur
2522 4648 2768 4710 liberum,
2792 4644 3083 4706 arbitrium
3108 4659 3124 4696 :
3153 4657 3336 4713 neque

1678 4727 1728 4786 θ
1751 4745 1898 4799 enim
1929 4742 2072 4800 Deus
2102 4755 2185 4798 est
2226 4749 2432 4801 auctor,
2457 4740 2723 4796 malorum
2744 4776 2762 4802 ,
2810 4737 2958 4808 quod
3000 4744 3086 4790 est
3113 4734 3183 4790 ab
3213 4735 3335 4804 ipso

1755 4837 2066 4908 separatio;
2116 4835 2231 4890 hazc
2283 4841 2370 4889 est
2415 4840 2597 4887 autem
2643 4827 2987 4888 constructio
3017 4845 3030 4881 :
3060 4824 3335 4892 Quoniam

1755 4929 1978 4990 caeteris.
2013 4927 2176 4983 etiam
2222 4926 2478 4996 gentibus
2503 4938 2612 4978 non
2641 4920 2814 4982 exteri
2843 4916 3062 4989 quidam
3096 4916 3332 4986 imperas

1757 5021 1891 5075 bant
1910 5019 2006 5079 dii,
2034 5030 2202 5070 unum
2233 5019 2476 5076 veroest
2507 5011 2753 5068 omnium
2781 5007 3137 5079 principium,
3167 5011 3332 5072 atque

1754 5112 1829 5167 ita
1857 5110 2065 5180 reliqua
2098 5106 2440 5172 intermedia.
2475 5104 2542 5162 Et
2571 5102 2717 5174 quod
2750 5101 2875 5159 aliis
2905 5113 3124 5170 quoque
3160 5093 3331 5166 gentis

1757 5203 1860 5257 bus
1889 5215 2057 5254 unum
2091 5198 2186 5254 Dei
2217 5196 2507 5266 imperium
2541 5193 2868 5263 imperabat,
2894 5198 3010 5244 tum
3041 5187 3204 5248 etiam
3233 5197 3330 5254 per

1761 5292 2013 5364 proprios
2037 5290 2258 5361 angelos
2289 5303 2449 5344 sacre
2476 5287 2830 5358 imperantes.

1835 5383 2194 5440 Melchisedec.
2227 5383 2362 5437 Nota
2408 5396 2528 5452 qua:
2569 5381 2636 5438 de
2679 5377 3034 5434 Melchisedec
3067 5381 3329 5442 tanquam

86 5460 154 5528 ὡς
191 5472 439 5547 ἱεράρχου
485 5478 678 5540 ὄντος,
714 5478 806 5530 καὶ
839 5480 906 5550 τῇ
951 5479 1016 5534 δι’
1065 5481 1311 5550 ἀγγέλων
1342 5483 1536 5563 ὀδηγίᾳ.
1567 5481 1647 5534 τοι

1767 5477 2058 5536 hierarclia
2095 5476 2374 5544 dicuntur,
2406 5482 2460 5532 et
2498 5474 2564 5531 de
2596 5489 2660 5530 eo
2687 5475 2779 5544 qui
2803 5467 3132 5527 deductione
3160 5478 3330 5536 ange-

177 5626 367 5687 ‘Deut.
403 5649 585 5701 xxx",
620 5632 674 5686 9.
713 5621 722 5626 ’
789 5631 988 5688 ‘Rom.
1027 5649 1114 5698 HI,
1145 5626 1366 5687 29.50.“!
1403 5632 1539 5688 Luc.
1583 5647 1664 5697 ιιι,
1697 5632 1750 5687 8.
2709 5634 2730 5666 λ

1015 5784 1256 5852 VARI/I3
1296 5784 1689 5843 LECTIONES
1727 5787 1811 5841 ET
1851 5782 2396 5846 CORRECTEONES.

152 5913 194 5945 "
224 5917 691 5992 ἐπιστομίζεσθαι.
763 5922 802 5954 ⁵⁸
842 5925 988 5990 μηδέ,
1061 5925 1107 5959 θ’
1144 5927 1354 5982 ἑαυτόν.
1427 5927 1470 5960 ⁸³
1507 5924 1902 5998 ἱεοαρχοῦντος.
1953 5963 1962 5968 -
