3860 6538
505 474 578 552 s7
1171 538 1181 548 ι
1244 541 1247 543 _
1345 466 1692 545 serenant
1721 467 1811 522 AD
1843 466 2072 544 OPERA

2209 457 2506 540 DIONYSII
2535 413 3045 536 Αιιεοριᾷῳτριι..
3615 518 3617 521 ,
3668 449 3755 510 ss

506 591 692 665 lorum
716 602 903 660 verum
934 583 1152 656 agnovit
1186 603 1198 638 :
1223 593 1496 660 sequentes
1524 591 1706 639 autem
1767 584 1924 656 dixit,
1949 597 2077 654 pro-

2192 579 2348 642 5ντως
2393 575 2523 629 ὄντα
2553 574 2683 628 Θεὸν
2730 574 3132 644 ἐπεγνωκὸτος·
3169 571 3505 642 ἑπομένους
3546 565 3605 620 δὲ
3641 568 3758 626 εἰπε

505 698 626 760 pter
655 687 956 752 libertatein
986 681 1218 753 arbitrii,
1257 689 1312 738 et
1343 696 1454 752 non
1483 680 1845 751 coactionem,

575 776 682 847 35
712 775 740 846 §
768 772 857 828 IV.
888 771 1182 844 Pharaoni.
1215 771 1356 841 Nota
1403 771 1549 842 quod
1577 771 1725 840 dicat
1752 769 1992 825 visiones
2024 767 2081 824 in

505 867 753 938 somniis
777 879 881 938 per
907 863 1160 935 .angelas
1207 862 1384 933 factas
1423 862 1630 930 fuisse,
1677 860 1984 932 Pharaoni,
2027 866 2081 914 et

503 955 1051 1022 Nabuchodonosori,
1086 961 1144 1027 et,
1171 956 1368 1013 homm
1399 953 1758 1027 ἐκφαντορίας
1791 969 1886 1010 seu
1914 954 2081 1009 inter-

502 1049 854 1122 pretationes.
1019 1109 1023 1115 ι
1073 1087 1078 1094 .
2001 1053 2010 1067 ⁸

505 1190 512 1210 ι
573 1139 624 1194 F
628 1140 819 1218 amuli.
849 1127 1052 1211 Ioseph
1084 1141 1303 1212 quidem
1329 1141 1732 1213 Egyptiorum,
1767 1139 1958 1195 Daniel
1983 1155 2082 1192 au-

498 1240 612 1315 tem
633 1234 1071 1307 Babyloniorum
1091 1275 1108 1301 ,
1159 1234 1368 1305 angelis
1399 1233 1797 1304 imperantibus
1827 1232 1914 1287 bis
1942 1247 2078 1302 gen-

501 1328 674 1393 tibus,
707 1327 806 1383 Dei
836 1328 1123 1383 voluntate
1148 1327 1393 1396 visiones
1421 1325 1813 1383 revelaatibus.

503 1484 541 1495 Π
575 1487 747 1574 Quasi
792 1483 1004 1562 sortito.
1044 1504 1185 1560 Nota
1231 1505 1741 1573 interpretationem
1787 1506 2080 1575 verborum

499 1599 700 1673 cantici
724 1598 969 1670 Moysis:
1005 1595 1232 1669 Quando
1256 1593 1520 1668 dividebat
1543 1595 1850 1652 Altissimus
1881 1607 2077 1668 gentes,

499 1677 907 1762 guosldispersit
936 1687 1078 1760 ﬁlias
1103 1685 1272 1762 Adam
1291 1726 1308 1750 ,
1339 1687 1528 1750 statuit
1569 1687 1818 1756 terminos
1848 1688 2080 1760 gentium

499 1773 784 1850 secundum
806 1795 1080 1834 numerum
1107 1776 1411 1849 angelorum
1435 1775 1532 1830 Dei
1549 1786 1629 1839 ;et
1658 1778 1832 1846 factus
1859 1786 1938 1844 est
1955 1794 2081 1847 por-

502 1874 574 1936 tio
605 1871 816 1926 Domini
828 1871 1053 1942 populus
1070 1869 1100 1924 ,Ι
1111 1870 1260 1933 acab,
1279 1871 1549 1941 funiculus
1565 1871 1890 1928 hereditatis
1913 1871 2078 1940 ipsius

503 1962 678 2018 Israel
705 1964 730 2002 δ
765 1978 778 2014 :
811 1977 926 2035 non
955 1963 1101 2018 enim
1131 1971 1374 2035 oportet,
1407 1963 1610 2036 inquit,
1647 1963 1905 2018 arbitrari
1933 1962 2077 2018 divi-

501 2057 644 2115 sisse
674 2072 801 2114 cum
849 2057 973 2116 aliis
1020 2057 1128 2114 diis
1158 2065 1253 2114 aut
1300 2058 1510 2130 angelis
1539 2064 1764 2130 gentes;
1795 2073 1906 2116 non
1933 2057 2081 2118 enim

500 2152 706 2221 sortita,
723 2151 920 2222 obtigit
947 2151 1059 2220 Deo
1090 2153 1316 2224 quidem
1364 2151 1533 2213 Israel
1552 2189 1570 2216 ,
1613 2150 1737 2206 aliis
1766 2159 1947 2206 autem
1977 2165 2082 2208 au-

500 2241 638 2316 gelis
668 2224 944 2312 privatim,
969 2250 1029 2298 ut
1056 2242 1112 2299 in
1140 2244 1296 2298 nullo
1318 2226 1428 2300 alio
1455 2243 1558 2314 ipsi
1591 2241 1704 2297 Deo
1726 2241 2079 2319 ministrent:

499 2333 734 2406 ἐξεμηριὶ
766 2332 966 2405 gratia,
998 2333 1116 2402 haec
1148 2348 1284 2404 gens
1314 2333 1444 2397 huic
1473 2333 1667 2404 angelo
1696 2340 1844 2389 sorte
1865 2332 2078 2403 obtigit,

500 2439 680 2494 neque
709 2424 816 2479 ista
857 2440 991 2496 gens
1030 2433 1118 2482 est
1160 2423 1273 2481 Deo
1297 2441 1475 2491 curae,
1507 2433 1604 2480 aut
1626 2425 1763 2479 nulli
1798 2425 1889 2480 alii
1923 2433 2083 2480 vacat

501 2514 647 2584 apud
695 2514 903 2582 Deum,
957 2516 1194 2594 alicujus
1220 2517 1419 2592 gentis
1463 2518 1691 2588 angelus
1731 2537 1744 2574 :
1789 2533 1923 2575 vero
1969 2531 2080 2571 non

500 2609 698 2677 aequali
725 2609 931 2666 honore
959 2608 1046 2666 vel
1067 2609 1316 2680 apposite
1341 2613 1586 2680 suscepit
1616 2609 1760 2666 Deus
1787 2609 1928 2664 hanc
1950 2624 2084 2680 gen-

501 2709 646 2767 terit;
691 2711 745 2757 et
775 2703 1013 2774 quisque
1041 2705 1363 2777 angelorum
1416 2705 1806 2774 particularem
1839 2711 2078 2776 gentem,

501 2795 648 2850 sicut
679 2796 732 2850 in
767 2796 910 2852 Isaia
937 2797 1146 2852 dictum
1177 2804 1283 2862 est,
1318 2797 1462 2867 quod
1497 2796 1750 2854 diabolus
1772 2805 1987 2855 montes
2013 2796 2083 2853 ad

499 2885 750 2954 boream,
805 2888 911 2942 hoc
943 2895 1029 2944 est
1068 2896 1260 2960 gentes
1291 2888 1432 2944 dixit
1465 2888 1520 2943 in
1551 2890 1734 2960 seipso
1762 2890 1996 2957 habere,
2027 2897 2083 2945 et

500 2979 829 3034 contrariari
863 2978 993 3048 Deo,
1043 2981 1352 3052 similisque
1384 2996 1508 3038 esse
1545 2981 1850 3039 Altissimo.
1885 2980 2083 3038 Omnia

499 3070 648 3126 enim
698 3075 947 3128 serviunt
972 3072 1104 3140 Dea,
1138 3071 1194 3129 et
1238 3075 1356 3145 ipse
1387 3077 1645 3131 omnibus
1675 3077 1905 3148 imperat
1938 3096 1952 3132 :
1989 3078 2084 3134 sed

500 3161 682 3232 ipsum
713 3173 1112 3235 cognoscentes
1141 3167 1318 3236 pluris
1346 3166 1510 3235 facit;
1540 3169 1773 3240 ideoque
1797 3171 1914 3241 ipse
1943 3171 2086 3226 dici-

2173 672 2268 750 §tdt
2290 672 2350 728 τὸ
2381 667 2720 738 αὐθαίρετον,
2754 668 2848 722 καὶ
2876 669 2936 723 οὐ
2967 663 3508 737 κατηναγκασμένον.

2255 763 2281 835 §
2310 761 2398 818 IV.
2430 759 2514 826 Τῷ
2552 759 3127 830 Φαραώὶημείωσαι,
3146 758 3228 833 ὅτι
3251 756 3318 828 διῗ
3351 755 3603 828 ἀγγέλων,
3630 755 3764 824 φησιΔ

2181 857 2279 921 τὰς
2307 855 2428 910 καθ’
2461 854 2660 916 ὖπνους
2689 853 2941 922 γενέσθαι
2966 851 3183 924 ὁράσεις
3208 849 3288 922 τῷ
3309 846 3539 921 Φαραὼ,
3569 847 3660 902 καὶ⁵
3682 848 3765 918 τῷ

2181 945 2672 1018 Ναϐουχοδονόσορ,
2703 945 2798 998 καὶ
2825 943 2924 1008 τὰς
2949 943 3153 998 τούτων
3183 940 3568 1012 ἐκφαντορίας,
3599 940 3761 1010 ἤγουν

2181 1041 2497 1122 ἑρμηνείας.
2679 1088 2687 1092 -
2885 1086 2892 1090 .
2946 1069 2950 1073 ι

2254 1121 2639 1201 Θερὰποντες.
2683 1129 2740 1182 '0
2774 1127 2870 1198 μὲν
2914 1126 3112 1197 Ἰωσὴφ
3138 1124 3247 1179 τῶν
3281 1123 3624 1197 Αἰγυπτίῳνο
3652 1123 3679 1178 ὁ
3703 1121 3767 1176 δὲ

2180 1224 2378 1296 Δανιὴλ
2410 1207 2524 1278 τῶν
2566 1220 2926 1274 Βαϐυλωνίων
2951 1261 2966 1286 ,
2997 1217 3244 1288 ἀγγέλων
3274 1216 3381 1271 τῶν
3414 1213 3766 1290 ἐπιστατούν-

2058 1379 2065 1391 ,
2180 1335 2289 1373 των
2321 1319 2436 1380 τοῖς
2461 1315 2638 1370 ἔθνεσι
2664 1313 2894 1377 τούτοις,
2919 1311 3080 1386 βουλῇ
3110 1309 3246 1364 Θεοῦ
3272 1307 3769 1380 ἀτωκαλυνπτόντων

2180 1411 2254 1487 τὰ,
2274 1409 2529 1483 ὁράματα
2541 1407 2621 1462 ⁸⁸⁵.
2965 1473 2970 1477 ι

2265 1497 2800 1579 Ἆποκληρωτικῶς.
2834 1506 3146 1578 Σημείωσαι
3181 1502 3279 1574 τὴν
3318 1501 3612 1576 ἑρμηνείαν
3659 1501 3772 1556 τῶν

2185 1601 2364 1676 ῥητῶν
2387 1601 2488 1672 τῆς
2511 1599 2754 1666 Μωσέως
2770 1597 2910 1669 ᾠδῆς
2925 1597 3076 1650 ’Ὅτε
3097 1593 3416 1665 διεμέριζεν
3438 1597 3470 1648 ό
3486 1594 3771 1663 Ὗψιστος

2178 1696 2355 1762 ἔθνη,
2391 1693 2495 1760 οὓς
2539 1690 2872 1762 διεμέριοεν
2903 1688 3070 1756 υἱοὺς
3110 1685 3314 1764 Ἀδάμ,
3340 1686 3609 1754 ἔστησεν
3638 1683 3772 1753 ὅρια

2178 1784 2370 1841 ἐθνῶν
2397 1788 2547 1838 κατὰ
2576 1781 2823 1853 ἀριθμὸν
2861 1779 3132 1850 ἀγγέλων
3157 1777 3333 1834 Θεοῦ·
3381 1777 3480 1832 καὶ
3518 1775 3773 1854 ἐγενήθη

2175 1878 2348 1950 μερὶς
2406 1875 2630 1945 Κυρίου
2692 1873 2842 1940 λαός
2906 1870 3092 1929 αὐτοῦ
3153 1869 3382 1937 Ἰακὼϐ,
3442 1867 3774 1936 σχοίνισμα

2182 1968 2584 2038 κληρονομίας
2625 1965 2814 2027 αὐτοῦ
2848 1962 3087 2033 Ἰσραήλ
3110 1979 3124 1993 ο
3165 1962 3228 2016 οὐ
3267 1960 3393 2037 γὰρ,
3423 1961 3535 2027 δεῖ,
3555 1959 3732 2030 ,φησιν
3756 1997 3772 2022 ,

2181 2061 2388 2132 οίεσθαι
2437 2058 2762 2131 μερίσασθαι
2817 2056 2954 2128 πρὸς
2999 2055 3220 2126 ἐτέρους
3254 2053 3411 2118 θεοὺς
3446 2052 3482 2124 ἢ
3510 2050 3775 2124 ἀγγέλους

2180 2153 2249 2208 τὰ
2279 2153 2406 2225 ἔθνη
2427 2170 2440 2186 ο
2467 2151 2530 2210 οὐ
2561 2150 2673 2224 γὰρ
2701 2145 3165 2224 ἀποκληρονιικῶς
3189 2145 3347 2216 ἔλαχε
3366 2143 3492 2218 ,τῷ
3520 2143 3649 2216 Θεῷ.
3675 2143 3774 2215 μὲν

2196 2243 2440 2317 Ἰσραὴλ,
2478 2245 2593 2306 τοῖς
2629 2242 2688 2296 δὲ
2740 2241 2918 2305 ἄλλοις
2950 2237 3202 2309 ἀγγέλοις
3233 2237 3410 2302 ἰδίως,
3444 2237 3522 2300 ὡς
3559 2236 3636 2308 μὴ
3663 2235 3776 2288 δια-

2183 2340 2362 2412 κονεῖν
2391 2337 2590 2400 αὐτοὺς
2616 2333 2858 2399 είςᾶλλο
2891 2350 2946 2388 τι
2973 2332 3052 2405 τῷ
3083 2330 3239 2404 Θεῷἐ
3272 2324 3385 2396 οἷον
3411 2329 3548 2402 φέρε
3577 2329 3773 2393 εἰπεῖν,

2181 2429 2302 2484 τόδε
2344 2427 2406 2482 τὸ
2440 2427 2593 2491 ἔθνος
2621 2426 2759 2499 τῷδε
2789 2425 2870 2497 τῷ
2897 2424 3115 2496 ἀγγέλῳ
3147 2422 3303 2494 ἔλαχε
3324 2461 3339 2485 ,
3371 2420 3467 2476 καὶ
3492 2419 3556 2473 οὐ
3627 2418 3776 2490 μέλει

2182 2520 2261 2593 τῷ
2291 2519 2411 2591 Θεῷ
2441 2519 2535 2574 τοῦ
2563 2519 2746 2593 ἔθνους
2786 2517 2982 2573 αὐτοῦ’
3019 2517 3058 2590 ἢ
3080 2516 3144 2570 οὐ
3177 2514 3425 2586 σίχολάζει
3459 2513 3635 2585 ἑτέρῳ
3666 2529 3775 2566 τινι

2183 2613 2322 2685 πρὸς
2350 2611 2504 2675 Θεὸν,
2525 2613 2554 2667 ὁ
2583 2611 2680 2666 τοῦ
2712 2610 2896 2675 ἔθνους
2925 2609 3188 2680 ἄγγελος,
3210 2607 3325 2665 ἀλλ’
3359 2605 3468 2660 οὐδ’
3498 2603 3776 2676 ὁμοτίμως

2183 2705 2217 2776 ἦ
2248 2703 2544 2776 ἀντιθέτως
2571 2703 2762 2764 ἐλαϐεν
2791 2706 2820 2758 ὁ
2841 2702 2975 2768 Θεὸς
3000 2703 3119 2769 τόδε
3139 2701 3200 2756 τὸ
3228 2701 3404 2766 ἔθνος,
3423 2699 3520 2753 καὶ
3546 2698 3776 2761 ἕκαστος

2183 2797 2290 2854 τῶν
2317 2796 2562 2866 ἀγγέλων
2597 2796 2727 2850 ἴδιον
2760 2794 2941 2859 ἔθνος,
2974 2794 3056 2858 ὡς
3081 2795 3140 2849 ἐν
3166 2792 3245 2865 τῷ
3287 2792 3488 2863 Ἡσαΐᾳ
3534 2788 3773 2862 εἴρηται,

2183 2891 2268 2945 ὅτι
2315 2891 2344 2943 ὁ
2393 2889 2638 2952 διάϐολος
2683 2886 2754 2942 τὰ
2793 2887 2929 2959 πρὸς
2964 2886 3180 2960 ἱβορῤᾶν
3227 2883 3362 2956 ὅρη,
3409 2882 3664 2938 τουτέστι
3708 2879 3776 2933 τὰ

2185 2982 2337 3055 ἔθνη,
2359 2975 2514 3036 εἶπεν
2541 2983 2599 3035 ἐν
2629 2978 2807 3050 ἐαυτῷ
2835 2979 3002 3050 ἔχειν,
3026 2979 3120 3034 καὶ
3142 2973 3516 3032 ἐναντιοῦσθαι
3537 2973 3618 3045 τῷ
3632 2971 3774 3044 Θεῷ,

2184 3077 2280 3131 καὶ
2309 3072 2446 3129 εἶναι
2480 3076 2665 3146 ὅμοιος
2701 3072 2781 3144 τῷ
2824 3071 3066 3142 ’Υψίστῳ
3086 3088 3100 3102 ο
3135 3070 3312 3126 πάντα
3337 3067 3450 3140 γὰρ
3476 3065 3644 3122 δοῦλα
3680 3065 3774 3118 τοῦ

2185 3165 2343 3234 Θεοῦ,
2370 3167 2466 3221 καὶ
2495 3166 2712 3220 πάντων
2745 3164 2907 3231 αὐτὸς
2935 3164 3121 3236 ἄρχει·
3153 3161 3288 3225 ἀλλὰ
3325 3161 3453 3225 τοὺς
3475 3159 3776 3229 γινώσκον-

441 3323 444 3327 _
501 3261 595 3307 tur
640 3255 778 3324 ipsis
825 3256 1132 3326 imperare,
1180 3257 1283 3314 etsi
1341 3257 1578 3313 habeant
1644 3261 1895 3332 angelum
1948 3275 2081 3331 prte-

2192 3275 2283 3322 rac;
2313 3259 2476 3316 αὐτὸν
2505 3259 2774 3330 προτιμᾷ·
2807 3256 2902 3310 καὶ
2931 3255 3020 3314 διὰ
3052 3253 3211 3308 τοῦτο
3238 3253 3334 3306 καὶ
3366 3252 3533 3314 αὐτὸς
3558 3251 3777 3320 λέγεται

502 3345 741 3410 fectum;
761 3347 907 3403 sicut
934 3348 1100 3404 israel
1129 3349 1483 3419 Michaelem;
1513 3358 1566 3407 ct
1596 3353 1871 3422 quomodo
1899 3354 2082 3409 omni-

501 3438 608 3498 bus
650 3437 796 3496 Deus
836 3442 1114 3512 imperans
1137 3482 1152 3508 ,
1187 3458 1283 3512 per
1321 3445 1701 3500 excellentiam
1732 3453 1914 3501 tamen
1944 3445 2083 3500 dici-

504 3538 596 3588 tur
646 3529 790 3588 Deus
821 3530 990 3587 israel
1017 3571 1032 3597 ,
1082 3542 1137 3589 et
1182 3532 1353 3591 Israel
1393 3536 1568 3606 ipsius
1611 3538 1870 3608 populus.
1905 3541 2084 3609 Atque

503 3622 740 3680 dicimus
767 3624 913 3695 quod
943 3624 1086 3682 Deus
1114 3629 1359 3684 omnium
1387 3636 1472 3684 est
1504 3627 1683 3697 Deus;
1706 3630 2083 3685 accedentium

504 3721 687 3770 autem
721 3715 789 3769 ad
814 3716 1014 3786 ipsum,
1049 3718 1338 3790 ipsumque
1366 3720 1541 3774 solum
1567 3719 1912 3775 adorantium
1938 3719 2086 3788 juste

503 3805 651 3862 Deus
681 3807 919 3878 dicitur;
951 3811 1150 3881 reliqui
1175 3826 1307 3867 vero
1330 3811 1478 3867 idola
1507 3812 1780 3877 colentes,
1814 3811 1957 3865 alios
1979 3810 2085 3867 sibi

499 3895 712 3971 faciunt
743 3900 897 3972 deos.

573 3989 778 4047 Factus
825 4003 905 4050 est
945 4012 1070 4065 pars
1115 3995 1352 4052 Domini.
1396 3995 1566 4052 Recte
1598 3998 1991 4068 interpretatur
2021 3997 2088 4052 il-

503 4081 598 4136 lud
624 4100 640 4137 :
674 4080 803 4138 Fuit
835 4101 961 4154 pars
992 4086 1210 4144 Domini
1241 4087 1437 4150 lsrael.
1489 4086 1787 4158 Oportebat
1818 4088 2008 4159 igitur,
2040 4089 2088 4144 si

504 4173 724 4244 quidem
743 4176 910 4232 Israel
929 4180 1082 4235 solus
1098 4181 1470 4250 cagnosccbat
1491 4180 1685 4243 Deum,
1704 4182 1882 4250 ipsum
1906 4182 2083 4236 solum

505 4282 537 4321 a
562 4267 675 4322 Deo
704 4278 759 4324 et
790 4271 998 4342 angelis
1025 4273 1149 4339 ejus
1175 4273 1395 4339 curari;
1427 4289 1618 4328 verum
1649 4274 1704 4330 in
1735 4274 1840 4328 hoc
1871 4289 2089 4344 quoque

505 4358 818 4416 ostenditur
863 4361 1134 4418 immensa
1177 4369 1234 4417 et
1281 4363 1681 4433 investigabilis
1733 4364 1828 4421 Dei
1871 4364 2089 4419 miseri-

505 4449 718 4514 cordia,
749 4453 898 4521 quod
930 4453 999 4509 iis
1027 4455 1191 4509 etiam
1222 4455 1317 4526 qui
1349 4455 1602 4510 videntur
1625 4466 1734 4510 non
1762 4471 1884 4511 csse
1916 4457 2086 4530 partis

505 4541 628 4610 ejus
649 4581 665 4605 ,
694 4546 1084 4615 particularem
1117 4549 1371 4619 angelum
1403 4549 1766 4619 praeposuerit
1792 4550 1940 4620 genti
1984 4565 2086 4604 cu-

2187 3351 2365 3405 αὐτῶν
2395 3352 2612 3424 ἄρχειν,
2633 3350 2738 3404 κᾶν
2771 3349 2945 3420 ἔχοιεν
2959 3349 3003 3380 ⁸⁸
3033 3346 3264 3417 ἄγγελον
3291 3344 3574 3415 ἐφεστῶτα
3593 3385 3608 3411 ,
3645 3343 3723 3406 ὡς
3748 3343 3777 3396 ὁ

2201 3443 2416 3516 Ἰσραὴλ
2441 3443 2533 3496 τὸν
2562 3442 2802 3514 Μιχαήλ.
2834 3442 2948 3504 Καὶ
2971 3440 3089 3504 πῶς
3116 3439 3335 3494 πάντων
3361 3441 3391 3493 ὀ
3420 3437 3558 3501 Θεὸς
3584 3437 3771 3509 ἄρχων

2188 3540 2309 3592 κατ’
2337 3537 2614 3608 ἐξαίρετον
2641 3535 2735 3589 τοῦ
2765 3533 2980 3606 Ἰσραὴλ
2998 3531 3212 3602 λέγεταί
3233 3531 3497 3595 Θεὸς,καὶ
3515 3527 3777 3600 ὁίσραὴλ

2189 3630 2392 3695 aia-:05;
2429 3627 2540 3683 Kal
2571 3629 2803 3699 λέγομεν
2822 3669 2837 3695 ,
2873 3627 2955 3680 ὅτι
2985 3627 3015 3678 ὁ
3043 3625 3175 3688 Θεὸς
3201 3620 3423 3679 πάντων
3460 3623 3580 3678 ἐστὶ
3612 3621 3772 3685 Θεός·

2190 3722 2299 3775 τῶν
2330 3721 2386 3774 δὲ
2419 3719 2825 3792 πλησιαζόντων
2860 3717 3010 3789 αὐτῷ
3035 3757 3049 3781 ,
3085 3718 3179 3771 καλ⁵
3205 3717 3370 3771 αὐτὸν
3419 3716 3579 3788 μόνον
3609 3729 3779 3787 προσέ

2190 3814 2494 3874 κυνούντων
2541 3813 2757 3882 λέγεται
2803 3810 2939 3874 Θεὸς
2985 3809 3237 3872 δικαίως·
3293 3810 3343 3862 οἱ
3387 3808 3445 3861 δέ
3477 3809 3523 3840 ⁵⁸
3569 3806 3775 3874 λοιποὶ,

2189 3907 2382 3961 εἴδωλα
2415 3905 2692 3971 σέϐοντες,
2727 3903 2947 3974 ἐτέρους
2976 3899 3221 3956 ποιοῦσιν
3249 3899 3459 3958 ἐαυτῶν
3493 3898 3666 3962 θεούς.

2196 4041 2199 4043 -
2271 3997 2552 4069 Fremit)”
2594 3994 2772 4067 μερὶς
2826 3995 3068 4062 Κυρίου.
3110 3991 3306 4056 Καλῶς
3349 3991 3643 4064 ὲρμηνεύει
3676 3990 3776 4044 τόδ

2203 4086 2466 4161 Ἐγένετο
2486 4089 2658 4159 μερὶς
2688 4087 2910 4156 Κυρίου
2943 4085 3200 4154 Ἰσραήλ.
3258 4085 3456 4156 Ἐχρῆν
3483 4080 3600 4151 οὖν,
3621 4083 3779 4156 εἴπερ

2189 4186 2218 4238 ὀ
2249 4180 2465 4254 Ἰσραὴλ
2494 4181 2652 4253 μόνος
2687 4178 3024 4248 ἐπεγίνωσκε
3062 4173 3195 4230 Θεὸν
3213 4217 3229 4242 ,
3281 4177 3444 4230 αὑτὸν
3479 4177 3638 4248 μόνον
3672 4175 3779 4236 ὑπὸ

2189 4273 2284 4332 τοῦ
2308 4272 2513 4346 Κυρίου
2543 4269 2992 4337 ἐπισκοπεῖσθαι,
3023 4270 3118 4324 καὶ
3153 4268 3262 4322 τῶν
3290 4268 3543 4337 ἀγγέλων
3575 4266 3776 4323 αὐτοῦδ

2191 4364 2327 4422 ἀλλὰ
2355 4365 2448 4418 καὶ
2476 4365 2532 4416 ἐν
2562 4363 2736 4434 τούτῳ
2762 4361 3036 4417 δείκνυται
3064 4362 3127 4414 τὸ
3149 4361 3459 4433 ἀμέτρητον
3492 4361 3589 4417 καὶ
3612 4359 3782 4426 ἀνεξι-

2191 4457 2441 4527 χνίαστον
2473 4455 2619 4520 ἔλεος
2638 4453 2734 4509 τοῦ
2764 4452 2921 4520 Θεοῦ,
2956 4455 3041 4508 ὅτι
3071 4439 3306 4517 καὶτοῖς
3335 4450 3556 4508 δοκοῦσι
3591 4452 3668 4524 μὴ
3697 4448 3780 4510 εἷ-

2191 4569 2280 4605 ναι
2304 4549 2408 4621 τῆς
2441 4549 2656 4621 μερίδος
2680 4547 2869 4615 αὑτοῦ,
2894 4546 3022 4601 ίδιον
3052 4545 3282 4618 ἄγγελον
3315 4545 3650 4617 προεϐάλετο
3675 4543 3780 4613 φύ-

506 4633 754 4689 stodent:
785 4635 934 4691 Oriri
959 4640 1097 4693 enim
1133 4640 1264 4708 facit
1293 4641 1456 4695 solent
1486 4657 1640 4695 suum
1672 4655 1826 4709 super
1839 4641 2014 4709 justas
2039 4651 2081 4695 et

2192 4646 2336 4700 λακα
2363 4643 2459 4698 τοῦ
2490 4643 2700 4705 ἔθνους·
2747 4640 3078 4696 Ἀνατέλλει
3111 4638 3224 4707 τὰρ
3245 4637 3358 4692 τὸν
3384 4636 3566 4705 ἣλιον
3592 4634 3782 4691 αὐτοῦ

384 4741 388 4746 '
505 4724 734 4793 injustas
761 4729 774 4771 i
798 4745 813 4794 ;
833 4736 888 4782 et
911 4730 1142 4786 iterum:
1172 4731 1296 4786 Non
1325 4734 1501 4788 volens
1524 4744 1742 4788 mortem
1770 4735 2084 4804 peccatoris,

505 4815 596 4870 sed
624 4827 681 4870 ut
713 4829 1050 4876 convertatur
1077 4832 1128 4876 et
1157 4823 1293 4878 vivat
1311 4823 1336 4862 ιι
1359 4842 1374 4892 ;
1400 4840 1590 4879 verum
1614 4824 1788 4891 dices,
1810 4824 2088 4895 quomodo

504 4908 617 4980 36
634 4912 726 4981 qui
759 4913 963 4969 habent
988 4917 1210 4987 angelos
1241 4899 1535 4973 sibia‘Deo
1557 4918 1614 4973 in
1645 4935 1804 4990 reges
1831 4927 1886 4976 et
1915 4920 2086 4976 duces

504 5001 706 5068 datos,
757 5005 1134 5065 discesserunt
1163 5026 1193 5064 a
1229 5011 1340 5068 Deo
1370 5012 1586 5068 vivente
1615 5021 1669 5068 et
1717 5015 2086 5069 adoraVerunt

504 5094 692 5151 idola?
740 5096 984 5156 Dicimus
1040 5117 1258 5158 omnem
1314 5105 1696 5162 necessitatem
1749 5107 1819 5161 ab
1877 5107 1946 5162 iis
1987 5108 2081 5178 qui

505 5185 677 5242 Deum
712 5191 1001 5249 intuentur
1025 5195 1310 5262 abactam;
1341 5209 1530 5252 contra
1562 5215 1693 5254 vero
1721 5199 1956 5254 liberum
1990 5213 2083 5255 ar-

505 5277 730 5334 bitrium
764 5283 1173 5354 introductum;
1207 5289 1253 5344 si
1279 5290 1407 5357 quis
1435 5291 1600 5361 igitur
1631 5291 1796 5361 eligat
1817 5305 1942 5345 cum
1972 5288 2085 5344 Deo

524 5480 529 5485 ’
615 5486 642 5525 ιι
677 5487 839 5547 Deut.
872 5509 1052 5560 xxx",
1086 5495 1141 5562 8,
1172 5499 1225 5552 9.
1310 5501 1325 5539 i
1367 5497 1560 5553 Matth.
1589 5517 1642 5564 γ,
1683 5499 1772 5554 45.

2194 4737 2290 4792 ἐπὶ
2324 4736 2591 4800 δικαίους
2620 4734 2717 4787 καὶ
2750 4732 3017 4796 ἀδίκους.
3047 4731 3156 4784 Καὶ
3185 4729 3375 4789 πάλιν
3398 4729 3453 4782 Ὁ
3476 4728 3564 4799 μὴ
3591 4727 3784 4782 θέλων

2193 4831 2300 4886 τὸν
2327 4829 2584 4885 θάνατον
2619 4826 2726 4880 τοῦ
2754 4822 3104 4896 άμαρτωλοῦ
3121 4862 3136 4888 ,
3182 4822 3264 4888 ὡς
3305 4821 3372 4875 τὸ
3422 4819 3784 4889 ἐπιστρέψαι

2195 4923 2292 4981 καὶ
2344 4920 2452 4990 ζῇν
2477 4919 2686 4974 αὐτόν.
2729 4915 2865 4973 ⁹Α)λ’
2912 4915 3084 4985 ἐρεῖς⁶
3143 4915 3256 4966 Καὶ
3301 4913 3420 4978 πῶς
3471 4916 3520 4970 οἱ
3567 4913 3785 4986 ἔχοντες

2193 5015 2459 5084 ἀγγέλους
2477 5011 2631 5084 παρὰ
2649 5010 2743 5064 τοῦ
2763 5007 2901 5063 Θεοῦ
2927 5007 3250 5082 δεδομένους
3270 5009 3350 5072 είς
3375 5007 3437 5061 τὸ
3469 5008 3786 5061 ἐπιστατεῖν

2193 5108 2290 5161 καὶ
2309 5105 2557 5177 ἡγεῖσθαι
2579 5103 2782 5168 αὐτῶν,
2797 5100 3113 5172 ἀπέστησαν
3135 5099 3248 5156 ἀπὸ
3273 5099 3410 5154 Θεοῦ
3440 5098 3665 5165 ζῶντος,
3685 5097 3787 5149 καὶ

2191 5197 2608 5270 προσεκύνησαν
2642 5193 2910 5258 εἰδώλοις
2942 5192 3186 5262 Δέγομεν
3207 5233 3221 5256 ,
3258 5194 3341 5246 ὃτι
3375 5194 3527 5247 πᾶσα
3565 5189 3786 5259 ἀνάγκη

2196 5293 2261 5346 ἐκ
2290 5290 2396 5344 τῶν
2423 5291 2504 5352 είς
2531 5289 2662 5346 Θεὸν
2691 5285 2940 5359 ὁρώντων
2968 5282 3221 5356 ἐλήλαται
3252 5286 3346 5340 καὶ
3365 5282 3691 5361 ἀντεισήχθη
3723 5281 3788 5342 τὸ

1856 5499 1881 5536 ιε
1915 5497 2113 5552 Ezech.
2144 5509 2343 5561 χχχιιι,
2374 5492 2428 5547 9.

1455 5680 1689 5735 ΥΑΒΙᾹΞ
1731 5676 2124 5735 LECTIONES
2157 5675 2244 5731 ET
2281 5667 2826 5732 CORRECTIONES.

614 5862 660 5943 ξι
688 5866 1068 5943 ἀπεκάλυπτον
1123 5871 1218 5928 καὶ
1275 5867 1421 5941 σαφῆ
1474 5868 1689 5925 ἐποίουν
1741 5867 1808 5923 τὰ
1860 5867 2081 5943 ὁράμ.ἶ

2192 5881 2298 5924 mes
2352 5862 2646 5920 revctaotmt
2706 5873 2766 5911 ac
2818 5854 3249 5924 manitestabant.

521 5933 566 5971 ⁸⁸
595 5936 645 5991 οἱ
699 5936 824 6011 γάρ.

3361 5861 3403 5893 εδ
3441 5861 3601 5935 ἔχωσι
3659 5861 3785 5918 καί.
