3860 6544
481 449 588 508 ιι

1158 484 1163 490 ι
1223 454 1568 515 APPENDIX
1605 459 1698 514 AD
1729 459 1960 518 OPERA
1993 460 2053 519 S.
2085 459 2887 523 DlONYSlIAREOPAGITIE.
3662 471 3735 526 92

476 563 604 620 licet
651 565 811 635 primi
863 567 1189 623 annuntiant
1232 573 1490 631 secundis
1545 575 1728 632 divina
1776 579 2033 649 mysteria

2165 580 2418 652 πρώτους
2465 577 2746 648 ἀγγέλλειν
2786 584 2900 646 τοῖς
2937 581 3205 654 δευτέροις
3246 581 3316 636 τὰ
3361 582 3478 636 θεῖα
3527 585 3734 654 μυστή-

553 738 583 810 §
612 739 701 796 ΙΙΙ.
745 739 868 795 Non
898 742 1181 805 immerito.
1208 746 1286 802 Ex
1309 749 1631 808 rudiorihus-
1653 754 1795 810 enim
1832 755 2052 810 institu-

475 829 719 887 tionibus
750 830 917 902 (quod
957 834 1116 892 lactis
1151 840 1582 909 potionationem
1623 842 1917 914 Apostolus
1951 860 2048 900 vo-

474 921 640 990 cavit)
682 919 750 974 ad
787 923 998 998 media;
1039 934 1094 980 et
1139 928 1208 983 ab
1243 929 1331 987 his
1365 933 1433 988 ad
1477 935 1687 1005 majora
1727 952 1822 990 seu
1872 937 2051 1007 perfe-

471 1019 684 1066 ctorum
715 1011 899 1067 cibum
928 1018 1255 1086 ascendens,
1294 1032 1633 1092 postremum
1675 1030 1916 1084 ostendit
1958 1045 2051 1086 or-

470 1101 652 1157 dinem
673 1111 726 1157 et
747 1104 1025 1164 virtutem.
1050 1108 1200 1166 Licet
1223 1129 1350 1169 vero
1371 1123 1426 1170 et
1455 1117 1564 1172 alio
1587 1119 1748 1174 modo
1785 1121 1899 1175 haec
1929 1137 2050 1192 qua:

469 1193 650 1247 locum
689 1203 922 1268 tangunt
962 1199 1286 1274 intelligere,
1340 1215 1504 1278 atque
1550 1211 1786 1278 primum
1827 1214 2048 1283 quidem

468 1283 654 1341 dicere
715 1288 1073 1348 intentionem
1117 1295 1181 1350 ad
1234 1297 1289 1351 id
1321 1300 1464 1368 quod
1508 1303 1895 1372 supereminet.
1937 1304 2047 1360 Me-

466 1374 620 1432 dium
651 1387 854 1448 autem,
888 1389 1300 1444 conversionem
1325 1398 1379 1446 et
1417 1395 1858 1452 convolutionem
1897 1397 2046 1453 circa

465 1467 678 1539 ipsum;
715 1481 1052 1543 postremum
1087 1496 1236 1547 vero,
1273 1498 1397 1538 eum
1423 1487 1515 1554 qui
1539 1487 1691 1542 illum
1732 1489 1826 1558 qui
1857 1490 2047 1545 subin-

465 1561 740 1631 digentior
777 1575 882 1633 est,
933 1571 1111 1626 elevat
1141 1591 1155 1628 :
1188 1575 1335 1644 quod
1368 1591 1501 1634 sane
1539 1579 1724 1649 potius
1756 1580 1812 1636 in
1839 1583 2047 1653 angelis

465 1652 901 1726 intelligendum.

535 1745 609 1799 Et
627 1749 826 1816 primos
853 1762 904 1806 et
945 1755 1162 1812 modios.
1213 1756 1400 1832 {Nota}
1425 1761 1571 1831 quod
1612 1763 2046 1836 uniuscujusque

2160 688 2375 834 9-2.1".
2408 765 2528 817 Οὐκ
2553 763 2894 830 ἀπεικότως.
2943 766 3038 818 Ἐκ
3069 765 3178 838 γὰρ
3207 765 3316 819 τῶν
3347 765 3732 838 ἁπλουστέρων

2154 856 2425 928 μυήσεων,
2443 857 2578 928 ὅπερ
2593 857 2862 925 γάλακτος
2881 856 3142 928 ποτισμὸν
3161 859 3415 913 ἐκάλεσεν
3432 861 3460 912 6
3475 858 3731 912 ’Δπὸστο-

2149 945 2260 1011 λος,
2295 948 2434 1020 πρὸς
2465 948 2534 1002 τά
2570 948 2730 1021 μέσα,
2762 949 2857 1003 καὶ
2888 950 2953 1002 ὲκ
2982 948 3186 1002 τούτων
3213 951 3348 1023 πρὸς
3373 949 3444 1003 τὰ
3484 950 3726 1022 μείζονα,

2148 1039 2316 1110 ἤγουν
2343 1039 2444 1111 τὴν
2474 1040 2584 1094 τῶν
2616 1039 2833 1094 τελείων
2866 1040 3070 1112 τροφὴν
3095 1039 3278 1106 ἀνιὼν,
3296 1040 3394 1113 τὴν
3411 1041 3728 1096 τελευταίαν

2148 1129 2428 1198 ἀναφαίνει
2464 1130 2617 1198 τάξιν
2650 1133 2742 1184 καὶ
2771 1132 3019 1204 δύναμιν.
3042 1134 3198 1186 Ἐστι
3229 1132 3286 1186 δὲ
3313 1133 3409 1186 καὶ
3435 1134 3641 1207 ἑτέρως
3657 1134 3727 1188 τὰ

2149 1221 2292 1274 κατά
2316 1221 2408 1275 τὸν
2451 1223 2615 1277 τόπον
2647 1223 2858 1294 νοῆσαι·
2893 1225 2985 1276 καὶ
3012 1223 3234 1296 πρώτην
3270 1225 3369 1295 μὲν
3414 1227 3590 1278 εἰπεῖν
3626 1226 3726 1298 τὴν

2147 1309 2286 1382 πρὸς
2309 1312 2370 1364 τὸ
2402 1313 2792 1386 ὑπερκείμενον
2833 1315 3120 1369 ἀνάτασιν·
3155 1315 3325 1388 μέσην
3360 1317 3419 1376 δὲ
3465 1316 3565 1388 τὴν
3597 1319 3727 1390 περὶ

2147 1405 2310 1457 αὑτὸν
2347 1406 2692 1479 ἀναστροφὴν
2739 1407 2834 1461 καὶ
2880 1407 3162 1475 συνέλιξινα
3192 1408 3506 1464 τελευταίαν
3537 1411 3596 1464 δὲ
3624 1411 3728 1482 τὴν

2144 1494 2209 1546 τὸ
2244 1496 2630 1570 ὑποδεέστερον
2659 1498 2984 1570 ἀνάγουσαν,
3020 1500 3048 1554 ὃ
3092 1499 3184 1554 καὶ
3226 1501 3424 1573 μᾶλλον
3477 1503 3572 1556 ἐπὶ
3616 1504 3724 1558 τῶν

2146 1587 2391 1656 ἀγγέλων
2417 1590 2654 1662 νοητέον.

2217 1765 2328 1818 Καὶ
2357 1765 2590 1835 πρώτας
2617 1770 2714 1823 καὶ
2749 1770 2962 1840 μέσας.
2987 1771 3460 1848 [Σημείωσαι]-ὅτι
3488 1776 3730 1831 ἑκάστου

463 1846 717 1895 nostrum
749 1858 904 1900 mens
934 1847 1144 1916 primos
1179 1857 1234 1905 et
1272 1851 1482 1907 medios
1521 1862 1575 1908 et
1602 1863 1912 1925 postremos
1947 1874 2033 1913 or-

2147 1854 2345 1925 ἡμῶνὸ
2371 1858 2495 1922 νοῦς
2515 1863 2735 1930 πρώτας
2763 1864 2857 1916 καὶ
2887 1865 3056 1935 μέσας
3083 1866 3176 1920 καὶ
3201 1846 3513 1931 τελευταίας
3539 1869 3721 1945 τάξεις

461 1928 620 1985 dines
643 1932 860 2000 haheat,
898 1945 956 1990 ut
985 1938 1256 2012 intelligat
1293 1943 1348 1998 in
1377 1942 1486 1999 Deo
1521 1924 1632 2004 tres
1659 1946 1762 2004 hos
1795 1949 2033 2018 ordines,

2144 1924 2257 2018 ἔχει
2278 1949 2360 2012 είς
2387 1950 2450 2004 τὸ
2473 1924 2611 2006 νοείν
2627 1954 2754 2024 περὶ
2779 1924 2925 2007 Θεοῦ⁴
2953 1924 3052 2018 τὰς
3091 1959 3238 2028 τρεῖς
3274 1957 3456 2022 τάξεις
3492 1924 3719 2024 Σιταύτῖιιςἶ
3739 1975 3774 1990 ν

464 2020 546 2074 sic
595 2022 1037 2097 intelligendum‘
1069 2043 1306 2089 mentem
1349 2049 1566 2092 omnem
1617 2038 1820 2096 habere
1849 2057 2040 2097 essen-

461 2113 593 2167 tiam
661 2119 962 2176 secundum
1019 2140 1185 2195 quam
1236 2127 1474 2197 primum
1533 2121 1782 2201 exSistit;
1846 2134 2043 2192 deinde

460 2204 624 2260 etiam
641 2209 920 2278 virtutem,
949 2217 1252 2272 secundum
1275 2235 1440 2292 quam
1461 2224 1742 2294 perdurat,
1763 2234 2042 2296 postremo

460 2306 644 2353 autem
673 2302 1328 2374 ellicaciam,.secundum
1374 2328 1538 2383 quam
1572 2318 1794 2386 propria
1831 2318 2040 2376 faciens

459 2390 549 2458 pie
575 2394 707 2464 agit.
744 2394 869 2452 Haec
895 2399 1062 2454 etiam
1087 2401 1143 2456 in
1177 2404 1358 2474 capite
1387 2409 1640 2477 sequenti
1665 2409 1947 2465 declarata

533 2482 689 2542 Unde
710 2488 839 2545 licet
867 2490 995 2554 hinc
1028 2502 1215 2564 aperte
1237 2505 1292 2552 et
1325 2497 1446 2554 sine
1471 2501 1904 2557 contradictione
1941 2518 2036 2558 ac-

460 2575 664 2645 cipere,
697 2595 798 2635 nos
834 2585 998 2652 paulo
1032 2594 1159 2642 ante
1186 2601 1315 2643 vera
1346 2591 1693 2662 ascripsisse.
1727 2592 1867 2650 Ecce
1890 2595 2037 2649 enim

459 2671 734 2736 quomodo
776 2672 943 2730 dicit:
989 2676 1324 2751 Unaqua’qtte
1365 2682 1585 2739 caelestis
1614 2694 1769 2752 atque
1805 2686 2039 2744 humana

458 2775 626 2826 mens,
659 2765 858 2832 primas
887 2778 938 2821 et
964 2770 1162 2824 medias
1197 2781 1560 2845 extremasque
1591 2775 1745 2831 habet
1786 2779 2037 2834 elevatio-

459 2866 570 2915 nes,
603 2855 889 2910 secundum
921 2875 1054 2929 quas
1085 2876 1410 2935 unaquaque
1436 2867 1498 2933 ﬁt
1528 2870 1795 2939 particeps
1826 2871 2037 2928 divina-

458 2957 576 2997 rum
611 2954 662 3000 et
704 2949 774 3000 ad
828 2948 1133 3007 hierarclt'as
1175 2959 1548 3024 pertinentium
1590 2961 2030 3033 illustrationum.

455 3034 639 3105 Primo
664 3040 906 3109 quidem,
931 3043 1062 3113 quia
1087 3047 1352 3116 aequalem
1375 3048 1512 3103 dixit
1539 3051 1822 3108 hominum
1851 3063 1906 3110 et
1937 3072 2033 3112 su-

455 3130 731 3197 periorum
770 3133 1037 3189 virtutum
1077 3137 1348 3206 ordinem,
1380 3142 1700 3213 nullumque
1747 3145 2031 3204 hominum

2144 2040 2362 2112 νοητέον
2410 2041 2604 2108 οὕτως,
2649 2045 2729 2098 ὅτι
2777 2047 2885 2109 πᾶς
2926 2045 3052 2110 νοῦς
3099 2047 3210 2119 ἔχει
3250 2049 3462 2115 οὐσίαν,
3495 2050 3722 2124 καθ’ίὴν

2143 2140 2358 2223 πρῶτόν
2389 2143 2552 2197 ἐστιν·
2589 2138 2708 2198 εἶτα
2735 2145 2828 2199 καὶ
2847 2145 3094 2218 δύναμιν,
3129 2148 3249 2202 καθ’
3269 2150 3336 2220 ἢν
3363 2151 3593 2223 διαρκεϊο
3627 2169 3718 2204 τε-

2140 2213 2385 2300 λευταῑον
2418 2235 2475 2289 δὲ
2497 2235 2797 2308 ἐνέργειαν,
2821 2238 2940 2292 καθ’
2963 2213 3029 2310 ην
3057 2213 3125 2298 τά
3145 2213 3319 2295 οἰκεῖα
3347 2213 3608 2314 πράττων
3625 2245 3717 2298 εὐ-

2143 2325 2308 2379 σεϐεῖ.
2350 2327 2535 2380 Ταῦτα
2565 2329 2658 2382 καὶ
2686 2330 2743 2383 ὲν
2763 2330 2841 2402 τῷ
2875 2328 3001 2404 ἑξῆς
3027 2333 3307 2405 κεφαλαίῳ
3336 2336 3646 2408 σαφηνίζει.

2212 2503 2374 2556 Ὅθεν
2401 2504 2648 2559 ἐντεῦθεν
2680 2507 2867 2578 σαφῶς
2906 2509 3001 2563 καὶ
3030 2510 3437 2585 ἀναντιρῤήτως
3467 2515 3584 2568 ἔστι
3620 2516 3717 2572 λα-

2138 2593 2272 2660 ϐεῖν,
2303 2595 2384 2648 ὅτι
2410 2595 2581 2668 ἀληθῆ
2607 2598 2711 2670 πρὸ
2743 2600 2938 2673 μικροῦ
2979 2604 3432 2676 παρεγράψαμενο
3469 2607 3582 2662 ίὸοὺ
3608 2607 3728 2682 γὰρ
3805 2663 3810 2668 ,

2139 2685 2257 2750 πῶς
2305 2704 2489 2758 φησιν’
2534 2689 2832 2757 Ἕκαστος
2876 2692 3154 2761 οὐράνιος
3201 2697 3299 2749 καὶ
3342 2699 3719 2769 ἀνθρώπινος

2135 2777 2284 2844 νοῦς
2313 2778 2543 2847 πρώτας
2568 2782 2666 2836 καὶ
2689 2782 2886 2852 μέσας
2913 2785 3010 2840 καὶ
3041 2789 3391 2856 τελευταίας
3418 2793 3547 2862 ἔχει
3575 2795 3720 2848 ἀνα-

2134 2869 2346 2938 Τωγάςν
2375 2874 2502 2926 καθ’
2536 2871 2611 2940 ἃς
2635 2873 2889 2942 ἕκαστος
2918 2875 2995 2930 ἐν
3019 2881 3313 2948 μετουσίᾳ
3339 2884 3568 2952 γίνεται
3600 2886 3732 2940 τῶν.

2134 2961 2308 3016 θείων
2335 2963 2434 3017 καὶ
2456 2966 2802 3037 ίεραρκικῶν⁵
2827 2967 3207 3039 ἐλλάμψεων.
3241 2973 3465 3045 Πρῶτον
3487 2977 3610 3048 μὲν,
3638 2979 3720 3032 ὅτι

2137 3051 2259 3124 ῐσην
2285 3054 2440 3120 τάξιν
2473 3051 2595 3110 εἷπε
2642 3057 2750 3113 τῶν
2788 3059 3092 3132 ἀνθρώπων
3137 3063 3232 3116 κα)⁸
3261 3064 3370 3119 τῶν
3410 3067 3525 3120 ἀνω
3556 3068 3718 3123 δυνά-

2135 3163 2301 3218 μιων,
2331 3149 2424 3203 καὶ
2455 3149 2643 3204 οὐδένα
2659 3151 2768 3206 τῶν
2796 3151 3095 3226 ἀνθρώπων
3138 3157 3316 3227 ῐσμεν,
3345 3159 3470 3213 οὔτε
3504 3171 3719 3234 προφη-

457 3220 664 3276 scimus
696 3239 872 3294 neque
902 3227 1220 3297 prophetam
1241 3271 1257 3297 ,
1305 3247 1482 3301 neque
1507 3235 1738 3304 justum,
1771 3241 1864 3309 qui
1895 3241 2032 3297 nihil

2144 3257 2234 3312 την
2260 3239 2384 3295 οὔτε
2415 3241 2648 3311 δίκαιον,
2683 3245 2848 3315 μηδὲν
2879 3220 3038 3301 θέντα
3066 3249 3166 3320 τῆς
3196 3220 3352 3314 ’ἰδίας
3387 3220 3722 3323 προφάσεως

456 3314 749 3380 peculiaris
775 3332 959 3373 causae
987 3323 1270 3389 posuerit,
1302 3331 1362 3378 ut
1403 3326 1471 3378 ad
1509 3326 1677 3384 Deum
1722 3334 2028 3393 accederet.

460 3403 598 3461 Vide
629 3409 774 3461 enim
811 3410 946 3480 quid
975 3412 1124 3472 dicat
1162 3414 1211 3472 is
1236 3417 1330 3486 qui
1366 3433 1540 3488 usque
1570 3421 1638 3476 ad
1671 3425 1889 3479 tertium
1918 3441 2032 3483 caa-

455 3496 568 3550 lum
597 3503 864 3568 pervenit,
899 3506 1027 3576 quia
1070 3510 1271 3580 castigo
1297 3527 1486 3580 corpus
1530 3531 1698 3569 meum
1721 3526 1771 3571 et
1795 3519 1850 3572 in
1875 3521 2032 3576 servi-

455 3595 619 3642 tutem
647 3589 846 3662 redigo,
871 3611 934 3648 ne
956 3595 1096 3656 forte
1119 3613 1238 3651 cum
1266 3599 1390 3654 aliis
1412 3603 1789 3671 prazdicavero,
1813 3608 1923 3676 ipse
1946 3625 2030 3663 re-

452 3679 648 3748 probus
682 3683 877 3752 e/ﬁciar
893 3693 940 3741 ο.
978 3686 1174 3744 Postea
1209 3691 1500 3749 manifeste
1539 3694 1630 3750 hic
1662 3696 1796 3752 dicit
1820 3708 1872 3752 et
1893 3699 2030 3754 libe-

453 3785 573 3830 rum
597 3777 886 3834 arbitrium
911 3783 1226 3853 angelorum
1247 3796 1301 3840 et
1321 3787 1615 3857 peculiaris
1635 3790 1879 3860 ipsorum
1903 3806 2030 3862 pro-

453 3869 735 3938 pensionis
764 3873 1116 3943 cupiditatem
1136 3915 1151 3940 ,
1181 3885 1239 3931 ut
1271 3885 1456 3932 autem
1485 3879 1670 3936 nullus
1701 3882 1864 3937 nimis
1895 3898 2029 3938 con-

450 3961 812 4019 tentiosorum
844 3965 1074 4031 rixetur,
1097 3975 1359 4040 tanquam
1388 3985 1489 4040 pro
1527 3973 1885 4029 conclusione
1918 3975 2031 4047 38

451 4050 624 4119 dicit,
649 4056 788 4111 nihil
817 4073 940 4114 esse
978 4061 1186 4117 nullius
1231 4063 1312 4118 rei
1344 4061 1592 4134 indigum
1626 4073 1683 4121 et
1717 4067 2023 4136 αὐτοτελές,

451 4144 554 4200 hoc
576 4154 660 4202 est
688 4163 718 4202 a
747 4151 928 4220 seipse
955 4151 1257 4222 perfectum
1278 4193 1293 4218 ,
1322 4154 1430 4210 nisi
1459 4156 1637 4215 solum
1669 4156 1861 4222 Deum,
1891 4159 2047 4215 adeo

451 4243 512 4290 ut
541 4240 718 4310 angeli
768 4249 822 4296 et
868 4243 1119 4299 homines
1157 4245 1408 4314 profectu
1437 4255 1489 4303 et
1519 4248 1856 4318 perfectione
1885 4250 2026 4306 indi-

450 4336 631 4397 geant.

1032 4427 1101 4482 IN
1140 4429 1293 4486 CAP.
1345 4429 1438 4484 XI.

521 4511 704 4584 Neque
723 4517 861 4570 enim
885 4528 942 4571 ut
968 4519 1024 4572 in
1047 4522 1245 4591 angelis
1269 4523 1439 4576 dicere
1456 4537 1757 4590 possumus.
1780 4523 2024 4583 Virtutes

447 4605 596 4659 enim
636 4610 890 4664 secundae
918 4620 1047 4666 sunt
1075 4622 1130 4667 et
1171 4615 1365 4676 mediae
1400 4616 1596 4670 triadis
1627 4624 1748 4686 post
1777 4617 2026 4673 domina-

449 4697 628 4754 tiones
663 4701 966 4770 ordinataz;
1000 4705 1076 4758 ita
1107 4712 1167 4759 ut
1210 4721 1321 4760 non
1363 4707 1490 4777 quia
1532 4717 1830 4778 postrema:
1873 4721 2038 4776 sunt,

447 4806 643 4848 omnes
673 4794 896 4851 ordines
943 4799 1123 4853 vocati
1177 4799 1290 4854 sint
1341 4801 1574 4859 virtutes
1599 4843 1614 4870 ,
1651 4804 1795 4860 sicut
1824 4806 1879 4862 in
1919 4823 2025 4862 an-

448 4886 606 4956 gelis.

520 4977 970 5038 Novissimarum.
1006 4983 1216 5038 Altiora
1246 4984 1451 5042 habere
1474 5001 1596 5056 quae
1623 4988 1904 5056 inferiora,
1939 4991 2023 5045 in-

447 5069 650 5126 feriora
683 5089 815 5128 vero
839 5091 948 5129 non
982 5077 1185 5131 habere
1215 5070 1337 5148 quas
1365 5078 1560 5132 altiora
1593 5098 1607 5134 :
1639 5081 1720 5136 sic
1745 5083 1908 5137 etiam
1931 5099 2024 5139 su-

446 5163 634 5232 perius
658 5164 865 5219 dictum
890 5174 999 5234 est;
1032 5167 1314 5234 nimirum,
1348 5171 1524 5240 prima
1558 5173 1777 5242 quidem
1821 5175 2024 5234 habere

447 5255 674 5311 omnino
701 5256 1146 5323 illustrationem,
1182 5270 1458 5330 postrema
1488 5280 1618 5319 vero
1642 5268 1858 5335 partim,
1880 5270 2025 5327 sicut

447 5355 639 5416 postea
669 5347 806 5402 dicit
836 5363 849 5398 :
886 5349 967 5403 sic
1004 5349 1170 5404 etiam
1210 5352 1268 5408 in
1315 5351 1560 5410 Ecclesia
1609 5359 1849 5428 reperire
1894 5367 2022 5426 est;

449 5437 708 5493 sacerdos
727 5439 873 5493 enim
905 5447 1085 5510 potest
1109 5439 1290 5500 facere
1320 5448 1502 5502 omnia
1535 5449 1878 5515 inferiorum,
1914 5452 2022 5507 sic-

449 5535 511 5582 ut
539 5527 899 5585 diaconorum
936 5539 990 5586 et
1020 5538 1389 5604 sequentium,
1439 5539 1670 5596 diacono
1717 5551 1898 5597 autem
1931 5558 2024 5598 sa-

452 5621 735 5676 cerdotum
782 5637 982 5681 munus
1016 5625 1170 5682 obire
1221 5644 1332 5684 non
1379 5632 1747 5700 permittitur;
1781 5644 2023 5689 nostram

449 5713 598 5771 enim
625 5713 987 5774 hierarcbiam
1022 5719 1220 5780 imitari
1248 5726 1526 5789 cmlcstcm
1560 5726 1827 5794 ordinem,
1863 5742 2028 5798 supra

539 5906 578 5972 ,ο
603 5897 626 5955 ι
650 5899 780 5959 Cor.
810 5919 886 5971 ix,
911 5904 1000 5964 27.

2107 3335 2212 3408 είς
2247 3333 2308 3388 τὺ
2338 3335 2642 3406 πλησιάσαι
2665 3337 2804 3408 Θεῷ.
2831 3339 2969 3411 Ὅρα
2987 3340 3095 3412 γὰρ
3118 3341 3170 3394 τί
3211 3359 3375 3413 φησιν
3404 3345 3434 3397 6
3464 3343 3573 3408 ἕως
3597 3345 3721 3417 τρί-

2129 3443 2223 3480 του
2252 3428 2483 3499 οὐρανοῦ
2527 3429 2757 3499 φθάσας,
2793 3431 2875 3485 ὅτι
2902 3432 3213 3494 ὑπωπιάζω
3248 3452 3369 3504 μου
3406 3435 3476 3490 τὸ
3521 3436 3716 3508 σῶμα,

2107 3521 2228 3580 ,καὶ
2257 3520 2646 3591 δουλαγωγῶ,
2677 3522 2924 3592 μήπως,
2959 3523 3171 3592 ἄλλοις
3206 3527 3506 3596 κηρύξας,
3535 3531 3722 3597 αὐτὸς

2129 3610 2412 3681 ἀδόκιμος
2438 3613 2710 3682 γένωμαι·
2745 3614 2936 3668 ἔπειτα
2983 3617 3168 3686 σαφῶς
3191 3613 3294 3671 ὧδέ
3325 3637 3460 3690 φησι
3487 3620 3554 3674 τὸ
3585 3622 3719 3674 αὑτ-

2129 3700 2369 3766 εξούσιον
2401 3706 2495 3758 καὶ
2537 3705 2647 3759 τῶν
2675 3705 2919 3774 ἀγγέλων
2941 3747 2956 3773 ,
2989 3710 3085 3762 καὶ
3112 3709 3211 3781 τὴν
3243 3711 3343 3782 τῆς
3375 3711 3515 3775 ἰδίας
3537 3713 3719 3766 αὐτῶν

2128 3793 2307 3864 ὁρμῆς
2334 3794 2550 3864 ἔφεσιν-η
2576 3797 2662 3850 ἵνα
2693 3797 2749 3850 δὲ
2792 3798 2980 3869 μηδεὶς
3008 3799 3122 3852 τῶν
3149 3799 3268 3854 λίαν
3300 3803 3594 3872 ἐριστικῶν
3627 3823 3715 3873 φι-

2127 3884 2435 3957 λονεικήσῃ,
2465 3887 2542 3950 ὡς
2567 3889 2625 3942 ὲν
2653 3888 2890 3959 ἐπιλόγῳ
2914 3891 3104 3962 φησὶν,
3134 3892 3215 3945 ὅτι
3245 3892 3396 3946 οὐδὲν
3415 3894 3732 3966 ἀπροσδεὲς⁴

2128 3976 2222 4028 καὶ
2276 3977 2579 4043 αὐτοτελὲς,
2612 3980 2885 4033 τουτέστιν
2916 3981 3006 4050 ἀφ’
3035 3982 3226 4036 ἑαυτοῦ
3271 3983 3502 4051 τέλειον,
3529 3987 3582 4038 εί
3638 3987 3711 4057 μὴ

2132 4067 2291 4138 μόνος
2319 4071 2347 4122 6
2377 4069 2529 4135 Θεός·
2561 4070 2703 4124 ὥστε
2736 4072 2957 4141 ἄγγελοι
2983 4074 3079 4129 καὶ
3111 4074 3391 4148 ἄνθρωποι
3427 4078 3730 4151 προκοπῆς

2129 4159 2225 4212 καὶ
2249 4160 2579 4227 τελειώσεως
2608 4163 2836 4220 δέονται.
3245 4159 3248 4162 ’
3600 4159 3603 4162 ’

2579 4431 2689 4485 ΕΙΣ
2732 4433 2821 4486 ΤΟ
2860 4433 3108 4488 ΚΕΦΑΔ.
3142 4436 3244 4489 IA’.

2204 4522 2298 4574 θύς
2325 4520 2434 4590 γὰρ
2471 4521 2642 4576 ἐστιν
2676 4524 2866 4577 εἰπεῖν
2903 4525 2992 4591 ὡς,
3015 4525 3114 4578 ἐπὶ
3162 4527 3282 4582 τῶν
3319 4529 3616 4599 ἀγγέλων.
3647 4533 3723 4584 Ai-

2058 4592 2102 4647 D
2131 4609 2240 4681 γάρ
2270 4610 2527 4683 δυνάμεις
2569 4614 2670 4685 τῆς
2717 4615 2976 4688 δευτέρας
3019 4616 3126 4669 είσὶ
3153 4619 3248 4671 καὶ
3279 4592 3455 4691 μέσης
3497 4623 3713 4692 τριάδος

2135 4702 2274 4774 μετά
2290 4703 2389 4767 τὰς
2417 4706 2740 4778 κυριότητας
2755 4708 3100 4779 ταττόμεναι·
3133 4709 3277 4762 ὥστε
3304 4712 3404 4782 οὐχ
3427 4713 3506 4776 ὡς
3532 4713 3722 4767 πλευ-ι

2131 4793 2298 4848 ταίων
2331 4797 2511 4851 αὐτῶν
2551 4797 2724 4853 οὐσῶν
2761 4801 2930 4852 πᾶσαι
2963 4800 3020 4852 αἱ
3049 4800 3230 4868 τάξεις
3280 4801 3596 4876 ἐκλήθησαν
3625 4805 3729 4868 δυσ-η

2133 4885 2345 4956 νάμεις,
2380 4889 2456 4953 ὡς
2484 4889 2578 4942 ἐπὶ
2603 4889 2710 4944 τῶν
2732 4890 2998 4960 ἀγγέλων.
3022 4933 3028 4939 .

2204 4977 2327 5033 Τῶν
2361 4980 2654 5050 ἐσχάτων.
2697 4983 2818 5036 Ὅτι
2858 4981 2928 5036 τά
2975 4981 3083 5037 τῶν
3125 4984 3376 5055 ἐσχάτων
3410 4988 3606 5059 ἔχουσι
3645 4989 3722 5042 τὰ.

2129 5073 2522 5146 ὑπερκείμεναο
2555 5075 2709 5129 τὰδὲ
2747 5073 2856 5129 τῶν
2892 5076 3302 5148 ὑπερκειμένων
3343 5079 3446 5134 οὐκ
3493 5081 3611 5152 ἔχει
3645 5083 3713 5134 τὰ

2127 5165 2351 5236 ἔσχατα·
2393 5167 2535 5222 οὓτω
2577 5168 2672 5221 καὶ
2707 5167 2964 5239 ἀνωτέρω
2991 5169 3226 5240 εἴρηται,
3258 5171 3450 5245 ἐπειδὴ
3506 5173 3578 5227 τὰ
3615 5173 3717 5244 μὲν-

2129 5257 2326 5330 πρῶτα
2368 5260 2564 5323 ὑλικῶς
2609 5258 2723 5330 ἔχει
2763 5260 2864 5332 τὴν
2908 5259 3190 5330 ἑλλαμψιν·
3221 5261 3292 5315 τὰ
3332 5262 3393 5316 δὲ
3422 5264 3715 5327 τελευταῖα-

2132 5350 2392 5422 μερικῶς,
2424 5351 2498 5415 ὡς
2529 5351 2730 5421 ἐφεξῆς
2758 5368 2938 5421 φησιν.
2982 5350 3138 5405 Οῦτω
3164 5352 3260 5406 καὶ
3287 5355 3348 5408 ὲν
3371 5357 3440 5427 τῇ
3481 5356 3710 5426 Ἐκκλη-

2132 5443 2223 5515 σίᾳ
2254 5443 2400 5497 ἐστιν
2425 5445 2623 5516 εὑρείνέ
2644 5447 2673 5498 ὁ
2692 5443 2802 5515 γὰρ
2834 5444 3010 5515 ἱερεὺς
3045 5441 3269 5498 δύναται
3311 5452 3491 5503 ποιεῖν
3515 5449 3613 5503 ὅλα
3643 5447 3713 5502 τά

2129 5536 2238 5590 τῶν
2271 5535 2690 5608 ὑποδεεστέρων,
2725 5532 2834 5589 οἷον
2872 5535 3131 5590 διακόνων
3162 5537 3261 5590 καὶ
3288 5539 3399 5604 τῶν
3430 5540 3650 5616 ἐφεξῆς·
3681 5542 3710 5593 6

2129 5630 2188 5684 δὲ
2214 5629 2456 5692 διάκονος
2483 5628 2552 5682 τὰ
2582 5628 2691 5680 τῶν
2728 5627 2914 5699 ίερέων
2939 5628 3039 5682 οὐκ
3067 5628 3466 5702 ἐπιτέτραπται
3517 5636 3705 5688 ποιεῖν’

2134 5724 2214 5776 ὅτι
2241 5719 2347 5793 γὰρ
2377 5723 2410 5792 ὴ
2445 5720 2564 5775 καθ’
2600 5720 2746 5791 ἡμᾶς
2777 5721 3024 5796 ίεραρχία
3047 5725 3296 5794 μιμεῖται
3324 5725 3426 5797 τὴν
3455 5724 3709 5799 οὐρανίαν
