3860 6530
116 409 164 464 35
784 406 843 465 S.
879 407 1122 465 MAXIM!
1155 407 1448 466 SCHOLIA
1480 408 1547 464 IN
1582 407 1711 466 ΗΒ.
1750 403 1840 465 DE
1874 408 2202 466 C(ELESTI
2233 408 2678 468 HI‘E‘RARC'HIA.
3280 406 3352 463 9ι

117 523 249 587 τάξιν,
278 519 510 591 εἴπομεν
536 521 689 577 ἂνω.
715 525 913 589 Καλῶς
935 526 990 579 δὲ
1021 526 1325 598 προσέθηκε
1352 528 1413 581 τὸ
1439 527 1669 594 ὀλικῶς,

1784 504 2036 583 diximus.
2058 527 2231 584 Recte
2248 538 2426 583 autem
2452 528 2705 599 apposuit
2721 525 2956 588 omnino,
2981 523 3180 595 partim
3204 524 3350 578 enim

118 611 311 685 μερικῶς
326 613 439 684 γὰρ
467 614 809 687 μετέχουσιο
841 619 939 690 τὴν
968 618 1217 684 σύνταξιν
1247 619 1302 672 δὲ
1323 620 1430 673 ἀπὸ
1456 619 1572 682 τοῦ,
1607 623 1679 674 οὐ

117 706 198 775 γὰρ
221 705 381 758 ἔστιν
410 705 655 770 εἰπεῖν,
689 708 800 772 ἕως
812 694 918 762 ὦδε
949 710 1029 764 δεῖ
1045 711 1298 782 συνάψαι,
1322 711 1460 786 [καὶ]
1509 713 1679 786 ἀρχὴν

118 797 399 869 ποιήσασθαι
420 798 535 870 τῆς
562 801 836 874 ἀπορίας.

166 888 337 959 Φαμὲν
366 889 462 944 δέ.
505 893 650 957 Πῶς
685 894 890 959 πάντες
921 895 1168 966 λέγονται
1194 897 1481 969 δυνάμεις;
1506 899 1682 952 τελευ-

113 985 208 1035 nia
229 981 326 1054 γὰρ
355 981 531 1047 τάξις
562 987 600 1057 ἡ
633 985 750 1040 τῶν
777 986 959 1059 ἀρχῶν
981 1028 996 1053 ,
1045 989 1138 1042 καὶ
1169 989 1523 1060 ἀρχαγγέλων
1541 1031 1556 1056 ,
1588 992 1681 1044 καὶ

113 1076 312 1144 ἀγγέλων
339 1077 492 1129 ὲστί·
535 1079 641 1131 καὶ
670 1079 825 1150 ὅμως
855 1081 948 1133 κα)⁹
972 1081 1124 1135 αὐτοὶ
1148 1081 1402 1154 δυνάμεις
1423 1082 1569 1138 ἔστιν
1591 1085 1679 1138 ὅτε

113 1170 457 1240 ὀνομάζονται.

163 1268 250 1332 Εἰς
272 1266 510 1322 οὐσίαν
535 1267 647 1322 καὶ
678 1267 957 1340 δύναμιν.
1001 1270 1088 1334 Ὠς
1115 1273 1172 1324 ὲν
1204 1271 1563 1344 ὑποδείγματι
1585 1277 1682 1345 ρη-

112 1357 202 1410 τέον
229 1358 418 1412 οὐσίαν
460 1359 570 1432 μὲν
594 1362 779 1414 εἰπεῖν
805 1361 904 1433 τὴν
935 1363 1106 1434 πυρὸς
1147 1363 1326 1432 φύσινο
1367 1365 1592 1436 δύναμιν
1622 1366 1679 1420 δὲ

111 1451 271 1521 ταύτης
290 1451 357 1504 τὸ
386 1453 763 1522 φωτιστικόν·
794 1455 1068 1526 ἐνέργειαν
1096 1456 1151 1510 δὲ
1174 1457 1228 1510 τὸ
1265 1459 1364 1529 τῆς
1400 1459 1681 1531 δυνάμεως

111 1542 447 1615 ἀποτέλεσμα,
485 1545 668 1616 ἡγουν
689 1546 757 1599 τὸ
788 1547 1040 1616 φωτίζειν
1074 1550 1168 1606 καὶ
1195 1551 1392 1603 καίειν.

159 1726 213 1778 Ἠ
235 1725 538 1793 οὐρανίας
567 1724 868 1795 δυνάμεις
898 1727 1314 1808 ἀποκαμῶμεν.
1359 1730 1678 1802 Ὀμώνυμὼι

109 1818 220 1869 ἐστιν
247 1817 424 1888 ὖνομα
451 1821 518 1872 αἱ
548 1817 868 1888 δυνάμειςδ
901 1819 1118 1888 λέγεται
1147 1822 1257 1893 γὰρ
1301 1822 1444 1875 οὕτω
1475 1824 1568 1876 καὶ
1613 1823 1676 1876 τὸ

111 1909 236 1962 ἰδικὺν
269 1911 495 1982 τάγμα,
527 1913 790 1966 τουτέστι
819 1913 879 1966 τὸ
909 1913 1157 1986 δεύτερον
1186 1915 1285 1985 τῆς
1317 1915 1489 1986 μέσης
1516 1933 1672 1987 τρια-

109 2001 228 2070 εικῆς
251 2001 710 2076 διακοσμήσεως,
749 2004 842 2058 καὶ⁸
872 2005 1064 2069 κοινῶς
1100 2004 1276 2060 πάντα
1298 2005 1365 2058 τὰ
1396 2007 1672 2078 τάγματα,

108 2093 163 2156 ὡς
187 2093 408 2165 δύναμιν
443 2095 654 2165 ἔχοντά
682 2113 828 2150 τινα.

163 2187 274 2252 Ταῖς
311 2188 704 2258 ὑφειμέναις.
744 2188 900 2243 Κατὰ
924 2191 1103 2246 κοινοῦ
1124 2191 1185 2244 τὺ
1228 2190 1385 2261 ἡμᾶς
1418 2191 1668 2260 οἰητέον.

108 2278 407 2349 Σημείωσαι,
427 2281 554 2345 πῶς
573 2282 840 2354 ἀνωτέρω
862 2282 959 2353 μέν
983 2301 1163 2355 φησιν,
1186 2285 1267 2337 ὅτι
1289 2287 1367 2348 εἰς
1395 2285 1521 2357 τρία
1540 2285 1674 2340 διαι-

110 2372 288 2441 ροῦνται
316 2375 377 2428 αῖ
409 2375 721 2443 άγγελικαὶ
750 2373 950 2441 τάξεις,
982 2377 1062 2439 είς
1080 2377 1288 2441 οὐσίαν,
1312 2378 1405 2430 καὶ
1422 2376 1670 2449 δύναμιν,

108 2468 178 2518 καὶ
199 2467 501 2539 ἐνέργειανο
537 2467 783 2522 ἐνταῦθα
810 2469 868 2522 δὲ
900 2469 1046 2538 λέγει
1069 2469 1160 2524 τὸν
1193 2469 1368 2540 λόγον,
1392 2473 1458 2526 δι’
1489 2472 1547 2526 ὃν
1579 2472 1672 2526 δυ-

108 2561 261 2630 νάμεις
290 2564 470 2616 πᾶσαι
499 2561 825 2615 καλοῦνται.

158 2654 456 2722 Περισσῶς
481 2658 709 2724 ἔχουσι
731 2655 829 2708 καὶ
856 2653 980 2721 τάς.
1013 2656 1170 2709 Δοκεῖ
1188 2674 1306 2720 πως
1331 2655 1565 2711 ἐνταῦθα
1585 2655 1673 2711 λέ-

107 2762 215 2812 γειν,
245 2748 323 2802 ὅτι
362 2751 492 2802 κατ’
538 2747 707 2812 ἀξίαν
751 2748 810 2799 αἱ
852 2748 1136 2816 ἀγγελικαὶ
1164 2749 1548 2820 διακοσμήσεις
1573 2749 1682 2820 δη-’

110 2841 414 2912 μιουργικῶς
443 2841 789 2911 ἐτάχθησαν,
821 2841 882 2894 οὐ
909 2841 1092 2909 σαφῶς
1127 2832 1182 2895 δὲ
1213 2841 1373 2895 τοῦτο
1401 2842 1669 2914 παρίστη-

109 2949 190 2983 σιν·
218 2934 323 2988 ἄνω
369 2933 488 3006 γὰρ
537 2934 598 2986 έν
642 2933 726 3004 τῷ
757 2933 863 3004 πρὸ
895 2932 1082 2987 τούτου
1113 2934 1393 3006 κεφαλαίῳ
1421 2934 1672 3006 φανερῶς

108 3024 185 3094 τὴν
212 3025 382 3079 αὐτῶν
411 3025 607 3096 ἔφεσιν
637 3024 737 3078 καὶ
779 3024 961 3095 νόησιν
988 3024 1152 3094 λέγει,
1188 3025 1367 3088 αἰτίας
1395 3026 1565 3090 αὑτὰς
1593 3021 1671 3079 εἷ-

108 3133 177 3167 ναι
199 3117 288 3187 τῆς
323 3117 647 3190 ὑπερτέρας
695 3117 874 3171 αὐτῶν
905 3115 1129 3183 τάξεως,
1163 3118 1354 3188 ἀμέλει
1391 3119 1471 3171 ὅτι
1509 3119 1604 3173 καὶ
1623 3119 1669 3150 ⁸⁸

1780 617 2225 685 communicant;
2258 619 2722 674 constructionem
2745 631 2878 672 vero
2893 617 2963 671 ab
2987 631 3076 680 eo,
3093 631 3198 670 non
3212 616 3352 668 enim

1780 709 1953 766 dicere
1989 726 2271 780 possumus
2291 747 2325 774 ,η
2352 710 2636 779 hucusque
2673 717 2999 764 connectere
3029 713 3267 778 oportet,
3297 714 3353 761 et

1781 801 2112 872 principium
2145 801 2323 858 facere
2350 801 2730 857 dubitationis.

1851 891 2091 948 Dicimus
2133 903 2329 949 autem.
2359 891 2647 958 Quomodo
2676 906 2867 949 omnes
2891 890 3148 945 dicantur
3173 888 3354 942 virtu-

1780 991 1864 1040 tes
1890 1000 1903 1036 :
1933 994 2243 1056 postremus
2272 984 2543 1055 siquidem
2572 983 2708 1038 ordo
2738 982 3160 1052 principatuum,
3185 988 3242 1034 et
3263 995 3354 1034 ar-

1781 1076 2173 1147 changelorum
2221 1086 2275 1132 et
2317 1076 2635 1147 angelorum
2670 1085 2785 1142 est;
2814 1081 3052 1129 attamen
3103 1074 3352 1145 quando-

1781 1182 1897 1238 que.
1916 1167 2021 1238 ipsi
2050 1169 2215 1222 etiam
2244 1167 2478 1223 virtutes
2503 1167 2882 1222 nominantur.

1854 1258 1920 1312 In
1952 1261 2235 1314 essentiam
2263 1268 2315 1314 et
2345 1260 2609 1313 virtutem.
2647 1257 2931 1328 Tanquam
2964 1258 3196 1327 exempli
3224 1256 3354 1330 gra-

1779 1353 1856 1406 tia
1894 1352 2222 1416 dicendum,
2275 1350 2573 1406 essentiam
2616 1349 2836 1420 quidem
2863 1349 3167 1419 appellasse
3212 1350 3352 1421 ignis

1779 1451 2064 1510 naturam;
2095 1443 2354 1497 virtutem
2384 1457 2535 1506 vero,
2559 1441 2670 1496 vim
2699 1441 2820 1510 ejus
2840 1440 2908 1496 ad
2935 1439 3352 1508 illustrandum;

1779 1534 2072 1590 efﬁcaciam
2104 1545 2308 1600 autem,
2343 1533 2570 1589 virtutis
2601 1531 2878 1599 eﬂ‘ectum,
2918 1548 3016 1590 seu
3047 1532 3357 1590 illuminare

1778 1637 1833 1683 et
1858 1629 2202 1684 comburere.

1859 1721 1950 1776 Vel
1982 1722 2210 1776 cwlesles
2248 1721 2468 1776 virtutes
2499 1718 2845 1787 appellamus.
2879 1716 3086 1774 Nomen
3139 1719 3355 1772 virtutes

1777 1821 1860 1870 est
1895 1814 2283 1885 homonymum
2312 1828 2325 1863 :
2369 1812 2444 1866 ita
2491 1813 2636 1867 enim
2672 1811 2977 1881 appellatur
3009 1818 3063 1865 et
3099 1810 3355 1880 preprius

1775 1905 1912 1962 ordo
1936 1944 1952 1969 ,
2004 1904 2062 1962 id
2099 1913 2186 1960 est
2217 1904 2496 1959 secundus
2542 1901 2735 1958 mediae
2775 1903 2934 1958 trime
2977 1903 3354 1973 dispositionis

1775 1996 2097 2056 hierarchiae
2131 2015 2144 2051 :
2179 1995 2652 2066 communiterque
2704 1995 2931 2053 ordines
2975 1995 3258 2060 universi,
3293 2003 3355 2048 ut

1774 2088 1868 2159 qui
1898 2088 2155 2144 virtutem
2186 2088 2428 2158 aliquam
2460 2087 2725 2144 habeant.
3365 2153 3368 2160 ι

1846 2179 2218 2250 Inferioribus.
2253 2177 2705 2236 Subaudiendum
2729 2177 2793 2231 τὸ
2832 2195 2926 2235 nos
2957 2178 3349 2235 arbitrantium.

1772 2271 1934 2338 Nota,
1957 2272 2235 2343 quomodo
2264 2271 2519 2343 superius
2544 2270 2768 2341 quidem
2788 2269 2936 2333 dicat
2965 2270 3244 2340 angelicas
3269 2287 3352 2324 ore

1773 2365 1936 2421 dines
1965 2365 2019 2418 in
2042 2364 2154 2425 tria
2175 2363 2382 2432 dividi,
2430 2362 2488 2418 in
2535 2363 2856 2427 essentiam,
2884 2370 2939 2417 et
2986 2364 3265 2427 virtutem,
3295 2369 3357 2416 et.

1772 2457 2093 2512 efficaciam.
2129 2455 2231 2511 Hic
2257 2463 2439 2511 autem
2478 2455 2613 2510 dicit
2637 2453 2906 2509 rationem
2935 2461 3157 2524 propter
3185 2468 3350 2524 quam

1771 2543 2007 2605 virtutes
2035 2563 2227 2604 omnes
2258 2554 2548 2613 vocentur.

1842 2639 2062 2695 Abunde
2091 2639 2376 2698 continent.
2417 2637 2650 2695 Videtur
2678 2635 3082 2708 quodammodo
3141 2635 3234 2692 hic
3260 2636 3368 2698 di-.

1772 2746 1900 2788 cere
1930 2731 2208 2802 angelicas
2240 2731 2652 2801 descriptiones.
2676 2729 2979 2786 secundum
3011 2731 3368 2788 creationem.

1772 2822 1828 2877 in
1857 2823 1968 2894 39
1993 2823 2240 2891 ordinem
2269 2823 2543 2890 redactas,
2577 2836 2689 2876 non
2718 2831 2901 2877 tamen
2933 2820 3225 2877 manifeste
3247 2822 3347 2878 hoc

1771 2914 2024 2984 exponit;
2059 2927 2225 2983 supra
2269 2912 2417 2968 enim
2451 2913 2508 2968 in
2537 2912 2717 2982 capite
2753 2912 2900 2982 quod
2932 2911 3036 2966 hoc
3067 2912 3352 2981 praecedit,

1772 3013 1958 3076 aperte
1987 3005 2232 3075 ipsorum
2263 3004 2642 3076 cupiditatem,
2675 3011 2731 3060 et
2763 3003 3190 3060 iutellectionem
3213 3005 3354 3060 dicit.

1772 3099 1920 3168 ipsas
1948 3112 2146 3155 causas
2175 3111 2298 3153 esse
2328 3097 2630 3167 superioris
2656 3096 2902 3166 ipsorum
2932 3096 3176 3163 ordinis;
3199 3096 3356 3152 vide-

110 3189 447 3282 καθαίρεσθαι
476 3209 578 3263 καὶ
621 3207 950 3276 φωτίζεσθαι
973 3248 988 3273 ,
1023 3209 1117 3263 καὶ
1156 3209 1490 3264 τελειοῦσθαι
1517 3207 1668 3264 εἷπεν

1784 3191 1899 3244 :icet
1928 3190 2056 3260 quia
2083 3190 2217 3245 dixil
2249 3189 2401 3260 ipsas
2431 3189 2688 3261 purgari,
2737 3189 3007 3245 illustrari
3041 3196 3204 3260 atque
3225 3205 3346 3260 per-

111 3299 264 3362 αὖτάς.
295 3301 495 3354 Ἔστιν
524 3296 622 3353 οὖν
655 3300 1076 3372 ἐπιχειρήσαντα
1103 3303 1275 3355 εἰπεῖν
1306 3301 1563 3367 εὐσεὸῶς,
1586 3303 1668 3356 ὅτι

108 3389 279 3456 ὀθεδς,
329 3391 613 3465 προειδὼς
670 3390 850 3444 αὐτῶν
893 3391 992 3463 τὴν
1022 3393 1120 3463 τῆς
1151 3393 1390 3463 ἐφέσεως
1432 3394 1665 3466 κίνησιν,

110 3483 186 3535 καὶ
209 3484 296 3548 τὰς
327 3484 518 3538 αὐτῶν
539 3482 730 3548 τάξεις
762 3483 918 3549 ἀξίας
936 3483 1113 3540 αὐτῶν
1139 3489 1481 3558 παρήγαγεν,
1512 3488 1572 3553 ἐξ
1591 3482 1667 3541 ὧν

109 3575 190 3626 οὒκ
212 3575 264 3628 ἂν
285 3575 431 3630 εῐποι
466 3592 558 3639 τις
589 3573 764 3636 αὑτὰς
781 3573 1037 3628 δύνασθαι
1065 3576 1336 3642 ἐκπεσεῖν,
1360 3577 1447 3632 διὰ
1465 3577 1527 3630 τὸ
1553 3576 1674 3643 ἕξιν

107 3667 207 3719 τινὰ
243 3667 553 3739 κτήσασθαι
589 3667 731 3739 πρὸς
762 3667 822 3720 τὸ
854 3668 1054 3736 ἀγαθὸν
1080 3669 1167 3723 διὰ
1213 3669 1316 3741 τῆς
1342 3671 1480 3738 ἄγαν
1512 3669 1667 3744 θελή-

110 3773 238 3824 σεωςο
255 3763 380 3825 τοὺς
425 3759 489 3815 δὲ
540 3759 812 3828 ἀγγέλους
834 3800 848 3824 ,
873 3761 1116 3814 τουτέστι
1158 3761 1286 3825 τοὺς
1323 3762 1666 3828 τελευταίους

108 3849 396 3922 διακόσμους
427 3850 752 3922 ἐνδέχεσθαι
777 3851 906 3914 ἴσως
929 3852 1022 3906 καὶ
1049 3853 1143 3906 ἐπὶ
1162 3853 1223 3906 τὸ
1249 3857 1431 3926 χεῖρον
1461 3856 1667 3927 τραπῆ-

109 3958 196 3992 ναι·
221 3939 359 3997 εἶπεν
388 3944 597 4006 αὐτοὺς
615 3943 726 4012 γὰρ
753 3944 1159 4016 περικοσμξους,
1199 3945 1258 4012 ἐξ
1285 3938 1360 4000 ὧν
1386 3942 1537 4018 οἶμαι
1569 3947 1663 4000 καὶ

105 4033 185 4087 τὸν
202 4035 429 4090 διάϐολόν
462 4053 602 4089 ποτε
635 4032 776 4088 εἶναι
804 4035 911 4106 πρὸ
936 4036 1030 4089 τοῦ
1063 4039 1136 4110 μὴ
1167 4040 1442 4092 ὲκτιτεσεῖν⁸
1485 4039 1580 4092 καὶ
1613 4040 1667 4093 ετ

106 4137 178 4185 τις
196 4126 380 4181 τούτων
399 4127 742 4198 τελειότερον
768 4123 925 4191 οἶδεν,
958 4131 1091 4183 αἰτῶ
1117 4130 1326 4201 μαθεῖν.
1351 4131 1660 4202 Σημείωσαι

105 4214 173 4277 δὲ,
199 4217 299 4282 πῶς
335 4219 478 4274 κατὰ
520 4219 682 4284 τάξιν
727 4221 783 4273 αἱ
813 4221 1098 4291 άγγελικαὶ
1127 4223 1515 4294 διακοσμήσεις
1561 4224 1677 4300 δητ’

109 4312 404 4379 μιουργικῶς
434 4310 828 4384 παρήχθησαν.

449 4461 456 4468 ’
523 4485 640 4539 ΕΙΣ
677 4485 766 4538 T0
803 4487 1054 4542 ΚΕΦΑΛ.
1095 4489 1193 4542 in.

163 4571 238 4644 ει.
263 4577 564 4647 Ζητεῖταιρ·
589 4576 720 4641 Πῶς
746 4579 795 4631 οἱ
822 4578 944 4633 καθ’
965 4581 1110 4651 ἡμᾶς
1143 4581 1304 4653 ἱερεῖς
1323 4580 1542 4649 ἄγγελοι
1569 4581 1658 4635 λέ-

102 4679 273 4729 γονται.

161 4756 261 4827 ιιι.
289 4760 385 4834 [α’]
415 4761 630 4832 Φαμὲν
656 4761 767 4832 γὰρ
805 4761 896 4816 ὅτι
925 4764 1519 4836 όλικῆςιΣημείωσαι,
1549 4765 1652 4831 ὅτι,

103 4848 144 4898 εί
161 4852 235 4904 καὶ
258 4854 353 4924 τῆς
377 4853 778 4924 τῶν-ἀνωτέρω
801 4854 1094 4926 δυνάμεων.
1109 4856 1430 4912 ἀποδέουσιν
1466 4857 1660 4929 ὁλότη-’
1724 4907 1726 4909 .

103 4954 176 5004 τος
191 4944 232 4995 οἱ
251 4944 497 5015 ἔσχατοι,
531 4945 652 5000 ἀλλ’
673 4940 768 4999 οὖν
799 4949 1028 5020 μερικῆς
1058 4950 1346 5020 μετέχουσι
1383 4948 1573 5020 σοφίας
1590 4965 1652 5002 τε

103 5033 180 5084 καὶ
203 5037 446 5104 γνώσεως
465 5038 566 5092 καὶ
586 5038 761 5092 αὐτοί.
1357 5052 1360 5056 ’

159 5123 240 5198 [β’]
267 5132 332 5182 Al
358 5128 427 5182 δὲ
453 5129 581 5182 τῶν
609 5131 713 5184 ὑπ’
741 5131 980 5197 αὐτούς.
1014 5133 1163 5207 Τίςή
1188 5133 1344 5206 ὁλικὴ
1375 5135 1538 5204 σοφία
1559 5135 1655 5188 καὶ

108 5214 310 5283 μέθεξις,
338 5222 434 5276 καὶ
469 5221 561 5284 τίς
591 5222 626 5290 ἡ
666 5224 885 5294 μερικήο
919 5223 982 5276 τὸ
1014 5225 1071 5278 δὲ
1100 5225 1250 5279 κατὰ
1279 5227 1539 5296 δύναμιν
1570 5227 1674 5280 οί-,
1726 5273 1728 5276 ,

108 5309 246 5364 κείαν
268 5313 363 5384 τὴν
398 5315 795 5386 προαιρετικὴν
817 5315 1042 5388 δύναμιν
1073 5317 1302 5390 νοητέον⁵
1326 5318 1580 5373 ἐνταῦθα.

156 5480 240 5558 [τ’]
273 5489 560 5556 Ὦρισταί·
613 5491 923 5563 MPF-hocat
944 5532 959 5557 ,
991 5495 1074 5548 ὅτι
1104 5494 1352 5565 ὥρισται
1394 5499 1456 5552 οὐ
1502 5497 1654 5569 δηλοῖ

100 5571 401 5653 εἱμαρμένην
431 5581 559 5639 τινὰ
590 5585 686 5639 καὶ
714 5584 1063 5656 ἀπαράϐατον
1105 5588 1372 5662 ἀνάγκην,
1405 5591 1482 5654 ὼς
1525 5589 1652 5643 εἱώ-

1773 3283 1860 3338 ﬁci
1900 3299 1914 3335 :
1967 3283 2097 3339 licet
2128 3283 2294 3355 igitur
2341 3282 2713 3354 conjecturam
2767 3281 3105 3352 aggredienti
3165 3280 3356 3338 dicere

1769 3390 1896 3431 cum
1925 3376 2147 3442 pietate,
2185 3375 2356 3430 Deum
2390 3375 2710 3446 prmvidisse
2741 3373 3061 3445 cupiditatis
3104 3374 3368 3443 ipsarum,

1769 3469 2088 3534 motionem,
2125 3478 2290 3540 atque
2321 3467 2567 3538 ipsarum
2611 3466 2837 3523 ordines
2875 3465 2958 3521 eis
2997 3466 3194 3536 dignos
3222 3478 3353 3534 pro-

1767 3559 1994 3615 duxisse
2016 3598 2032 3625 ,
2076 3574 2146 3615 ex
2184 3558 2387 3630 quibus
2418 3573 2581 3614 nemo
2625 3559 2826 3615 dixerit
2859 3558 3008 3629 ipsas
3035 3557 3217 3614 delabi
3251 3572 3352 3627 pop

1767 3651 1960 3716 tuisse,
1987 3665 2061 3724 eo
2090 3651 2238 3722 quod
2269 3651 2515 3706 habitum
2547 3651 2782 3722 aliquem
2805 3652 2874 3706 ad
2906 3651 3110 3705 bonum
3143 3649 3360 3705 habue-.

1766 3742 1898 3808 rint,
1924 3751 2149 3814 propter
2177 3743 2404 3798 nimiam
2436 3743 2805 3810 voluntatem;
2835 3741 3056 3813 angelos
3077 3756 3228 3806 vero,
3244 3740 3356 3798 hoc

1765 3841 1848 3888 est
1879 3844 2208 3904 postremos,
2237 3834 2526 3891 admittere
2555 3834 2809 3891 fortassis
2840 3835 3004 3890 etiam
3028 3835 3350 3890 conversio-

1765 3940 1888 3980 nem
1913 3926 1983 3980 ad
2012 3927 2216 3981 malum
2251 3941 2265 3976 :
2302 3926 2443 3981 dixit
2484 3927 2630 3982 enim
2657 3941 2755 3981 eos
2777 3927 2926 3980 circa
2968 3925 3230 3980 mundum
3261 3927 3349 3982 af—

1765 4015 1877 4082 ﬁci,
1905 4033 1971 4073 ex
2005 4017 2207 4089 quibus
2249 4018 2490 4072 arbitror
2519 4017 2797 4072 diabolum
2831 4016 2994 4071 etiam
3036 4017 3210 4072 fuisse
3239 4032 3345 4070 an-

1763 4113 1984 4178 tequam
2041 4108 2364 4163 corruisset.
2417 4105 2478 4164 Si
2522 4107 2742 4178 quidem
2793 4106 2994 4177 aliquis
3041 4105 3343 4176 perfectius

1761 4198 1885 4256 istis
1913 4199 2044 4271 quid
2070 4199 2306 4264 noverit,
2324 4199 2540 4254 discere
2560 4198 2800 4270 postulo.
2828 4196 2966 4252 Nota
2990 4207 3194 4264 autem,
3211 4215 3344 4269 quo«

1759 4291 1924 4347 modo
1955 4291 2215 4362 angelicae
2238 4290 2637 4362 descriptiones
2657 4307 2756 4362 per
2776 4292 3110 4348 creationem
3138 4292 3343 4364 produ-

1759 4390 1860 4438 cla:
1891 4384 2117 4443 fuerint.

1791 4489 1794 4492 '
2344 4475 2411 4530 ΙΝ
2450 4475 2603 4533 CAP.
2641 4474 2759 4533 ΧΠ.

1836 4571 1866 4643 §
1910 4571 1951 4626 l.
1995 4570 2287 4638 Quaeritur.
2331 4568 2582 4642 Quanam
2629 4567 2845 4625 ratione
2891 4568 3206 4637 sacerdotes
3239 4585 3361 4630 no—.

1762 4666 1864 4720 stri
1891 4665 2069 4737 angeli
2095 4663 2370 4718 dicantur.
2651 4645 2656 4656 ’

1833 4757 1956 4830 §ll.
1983 4755 2422 4818 .Dicimusenim
2477 4755 2759 4824 integram.
2805 4751 2949 4808 Nota
2992 4753 3188 4824 quod,
3233 4757 3340 4811 etsi

1758 4849 2026 4920 postremi
2069 4856 2295 4905 careant
2325 4854 2442 4902 tota
2485 4847 2831 4917 superiorum
2860 4847 3127 4915 virtutum
3158 4844 3355 4916 perfer

1757 4943 1975 5008 ctione,
2010 4950 2253 4996 attamen
2303 4939 2453 5010 ipsos
2506 4938 2856 5010 particularis
2885 4945 3002 4993 tum
3055 4938 3358 5010 sapientiai,

1757 5042 1872 5090 tum
1900 5033 2232 5106 cognitionis
2262 5031 2558 5102 participes
2590 5045 2734 5088 esse.

1829 5127 2172 5197 Inferiorum.
2205 5124 2463 5191 Quaenam
2479 5124 2548 5180 sit
2575 5130 2690 5178 tota
2711 5122 2982 5194 sapientia
3001 5132 3165 5194 atque
3183 5135 3336 5185 com-
3387 5115 3415 5130 ‘

1756 5219 2078 5283 municatio,
2103 5225 2156 5272 et
2180 5231 2430 5288 quaenam
2459 5216 2836 5287 particularis;
2869 5215 3003 5271 illud
3035 5222 3216 5270 autem
3247 5228 3352 5282 sco,

1755 5316 1986 5368 cundum
2015 5312 2260 5366 uirtutem
2301 5311 2593 5380 propriam,
2624 5307 3033 5380 intelligendum
3077 5305 3183 5360 hoc
3210 5305 3336 5360 loco

1756 5411 1841 5459 est
1869 5405 1938 5461 de
1967 5403 2225 5458 facultate
2255 5402 2625 5473 praeeligendi.

1830 5494 2210 5560 Distributum,
2248 5510 2340 5548 seu
2369 5492 2666 5563 deﬁnitum.
2703 5491 2840 5546 Nota
2864 5489 3091 5562 ὥρισται
3119 5505 3228 5544 non
3256 5489 3335 5548 εἰ·-

1760 5591 2022 5662 gnificare
2050 5590 2220 5646 fatum
2260 5588 2480 5661 aliquod
2519 5597 2572 5646 et
2620 5587 3000 5644 necessitatem
3043 5583 3333 5644 inevitabi~

1022 5741 1264 5800 VABM‘I
1298 5741 1686 5800 LECTIONES
1720 5741 1810 5798 ET
1849 5740 2391 5803 CORRECTIONES.

155 5857 194 5899 "-
219 5861 334 5923 ἇθεν
365 5866 477 5932 xei,
