3860 6590
515 484 585 544 99
1284 478 1632 536 APPENDIX
1659 480 1751 536 AD
1787 479 2013 538 OPERA
2056 480 2114 537 S.
2142 475 2438 554 DIONYSII
2469 460 2956 534 AREOPAGITE.

3656 477 3755 533 100

515 622 526 630 -
590 592 939 664 Inferiorum.‘
963 591 1038 648 De
1064 591 1327 662 subjectis
1355 594 1658 660 ordinibus,
1690 595 1965 665 quomodo
1993 608 2069 666 pet

2213 633 2215 636 ‹
2271 591 2646 663 ’Υφειμένων.
2699 591 2835 662 Περὶ
2893 589 3000 643 τῶν
3057 587 3468 660 ὑποϐεϐηκυιιῖηρ
3536 589 3758 656 τάξεων,

512 685 720 756 primos
749 683 950 738 divinis
977 682 1407 739 communicent.

579 775 686 847 42
718 775 922 828 Dictas.
955 771 1117 827 Venit
1152 772 1221 827 ad
1242 774 1659 843 explicationem
1692 773 1976 845 propositi.

510 991 518 1000 ..
580 948 608 1020 ς
648 945 737 1001 IV.
777 943 966 1000 Aiebat
1007 946 1205 1016 itaque.
1233 945 1359 1017 Agit
1390 945 1457 1001 de
1487 960 1552 1001 eo
1573 947 1665 1015 qui
1691 944 1925 1008 dixerat,
1957 960 2080 999 eum

506 1055 615 1094 non
662 1038 833 1094 fuisse
875 1037 1172 1109 seraphim,
1205 1054 1366 1108 quem
1397 1025 1569 1093 Isaias
1600 1038 1754 1101 vidit,
1786 1037 1879 1090 sed
1912 1051 2080 1090 unum

503 1146 570 1185 ex
620 1129 976 1185 inferioribus
1023 1129 1348 1198 ordinibus;
1398 1131 1540 1184 hanc
1579 1131 1723 1184 enim
1768 1129 2079 1198 opinionem

503 1227 830 1291 propugnat,
871 1213 1036 1289 quam
1087 1221 1253 1290 paulo
1301 1228 1427 1276 ante
1467 1221 1524 1276 in
1570 1205 1839 1292 principio
1883 1223 2078 1291 capitis

501 1310 773 1374 declarat,
830 1311 920 1366 ubi
975 1311 1157 1366 dicit:
1195 1312 1348 1367 Alius
1399 1323 1572 1367 autem
1634 1330 1736 1368 non
1793 1315 2076 1369 admodum

503 1402 815 1469 absurdam,
841 1411 895 1458 et
924 1419 1044 1474 quae
1072 1413 1398 1474 sequuntur.

574 1497 847 1566 Tanquam
891 1497 943 1548 in
985 1481 1256 1566 symbolis.
1311 1495 1579 1562 Qnoniam
1623 1499 1899 1568 seraphim
1959 1499 2074 1555 alas

501 1604 594 1643 sex
634 1589 898 1643 habentes
927 1589 1090 1644 videt.

573 1679 641 1733 Et
669 1682 810 1734 circa
841 1680 1006 1734 Deum
1037 1680 1345 1736 collocatas.
1379 1680 1550 1738 Habet
1578 1682 1722 1738 enim
1753 1682 2068 1754 Scriptura:

501 1773 730 1828 Stabant
754 1775 807 1828 in
835 1775 1060 1828 circuitu
1089 1774 1202 1843 ejus
1232 1785 1277 1830 τ.

568 1864 765 1918 Didicit
807 1866 1002 1936 itaque.
1069 1864 1218 1933 Vide,
1275 1865 1539 1936 quidnam
1591 1866 1829 1922 disceret
1877 1866 2067 1935 Isaias,

2188 688 2336 749 ὅπως
2367 684 2454 738 διά
2481 683 2588 737 τῶν
2615 681 2846 754 πρώτων
2879 682 3160 753 μετέχουσι
3192 680 3300 734 τῶν
3334 681 3516 736 θείων.

2262 777 2372 843 Τὰς
2401 774 2734 846 είρημένας.
2765 769 2969 828 Ἦλθεν
3009 775 3088 836 είς
3129 771 3391 844 ἐξήγησιν
3416 771 3512 828 τοῦ
3541 782 3759 846 προκει-

2073 891 2076 894 ’
2189 869 2374 940 μένου.
2393 918 2402 924 .

2257 960 2507 1028 Ἔλεγεν
2534 958 2664 1012 οὖν.
2710 957 2845 1028 Περὶ
2879 955 2974 1010 τοῦ
3015 957 3260 1020 εἰπόντος
3309 958 3492 1029 φησὶν,
3550 957 3630 1010 ὅτι
3666 954 3762 1028 ούχ

2180 1051 2209 1104 6
2256 1051 2497 1122 σεραφὶμ
2555 1051 2847 1122 ἐτύγχανεν
2870 1090 2885 1114 ,
2941 1051 2971 1102 6
3022 1049 3210 1119 ὀφθεὶς
3250 1051 3329 1122 τῷ
3374 1051 3594 1122 Ἡσαΐᾳ,
3627 1042 3760 1106 ἀλλά

2178 1162 2262 1209 τις
2305 1145 2413 1199 τῶν
2455 1144 2779 1216 κατωτέρων
2823 1143 3099 1213 ἀγγέλωνο
3151 1142 3325 1214 ταύτῃ
3373 1142 3483 1214 γάρ
3528 1146 3595 1215 τῇ
3640 1143 3762 1214 δόξῃ

2178 1238 2606 1306 ἐπαγωνίζεται·
2665 1238 2732 1309 ἢν
2772 1236 2879 1310 πρὸ
2922 1236 3102 1304 ὀλίγου
3161 1233 3447 1304 ἀναφαίνει
3505 1237 3573 1305 τῇ
3622 1230 3761 1306 ἀρχῇ

2175 1331 2269 1385 τοῦ
2313 1331 2628 1402 κεφαλαίου,
2673 1329 2800 1383 ἔνθα
2831 1328 3250 1400 φησὶν,-ἓτερος
3288 1325 3356 1379 δὲ
3400 1327 3471 1380 οὐ
3514 1325 3749 1394 σφόδρα

2175 1425 2419 1487 ἄτοπον,
2449 1424 2544 1477 καὶ
2569 1421 2637 1476 τά
2665 1421 2811 1492 ἑξῆς.

2258 1515 2353 1580 Ὡς
2393 1515 2464 1568 ἑν
2496 1515 2841 1583 συμϐόλοις.
2897 1511 3113 1584 Ἐπειδὴ
3157 1509 3500 1582 ἐξαπτέρυγα
3547 1510 3647 1581 ὁρᾷ
3692 1508 3762 1561 τά

2176 1605 2438 1675 σεραφίμ.

2245 1695 2358 1748 Kal
2407 1695 2541 1764 περὶ
2586 1694 2732 1750 Θεὸν
2779 1693 3118 1763 ἱδρυμένας.
3156 1686 3308 1764 ’Ἔχει
3341 1690 3452 1762 γὰρ
3488 1687 3552 1743 τὸ
3588 1689 3766 1758 λόγιον

2173 1785 2254 1837 ὅτι
2292 1786 2572 1852 Εἱστήκει
2600 1787 2802 1849 κύκλῳ
2831 1784 3037 1840 αὐτοῦ.

2260 1877 2620 1947 Ἐμάνθανεν
2659 1878 2790 1932 οὖν.
2827 1878 2969 1948 Ὅρα
3014 1876 3067 1930 τί
3116 1872 3415 1946 ἐμάνθανεν
3445 1874 3474 1926 ὁ
3513 1873 3764 1934 Ἡσαΐας,

498 1969 659 2024 quem
698 1967 856 2011 vocat
884 1957 1229 2027 theologum,
1279 1957 1520 2029 ignotam
1564 1973 1688 2014 esse
1725 1959 2068 2016 divinitatem
2102 1967 2144 2021 Β
2173 1971 2230 2026 ὃν
2256 1969 2408 2024 καλεῖ
2455 1969 2723 2038 Θεολόγον,
2775 1969 2856 2022 ὅτι
2903 1967 3180 2036 ἄγνωστον
3231 1965 3292 2019 τὸ
3319 1965 3475 2018 Θεῖον
3504 1964 3600 2017 καὶ
3640 1960 3764 2023 ταῖς

497 2049 660 2102 etiam
705 2049 978 2120 supremis
1010 2050 1330 2116 virtutibus,
1357 2059 1412 2106 et
1453 2052 1590 2106 nihil
1641 2053 1698 2106 in
1746 2054 1912 2109 rebus
1955 2070 2077 2110 esse

497 2139 574 2192 illi
627 2141 824 2196 simile.
882 2141 1052 2196 Porro
1105 2143 1233 2195 ὄντα
1277 2158 1399 2214 qua:
1448 2151 1599 2208 sunt,
1643 2143 1962 2199 dicebamus
2020 2145 2074 2200 in

496 2232 820 2299 praecedenti
845 2233 1005 2298 libro,
1035 2249 1155 2304 qua:
1181 2240 1361 2290 mente
1389 2242 1443 2289 et
1474 2250 1640 2290 sensu
1673 2236 2073 2306 percipiuntur;

496 2321 612 2378 hinc
661 2332 841 2382 autem
879 2325 1179 2382 docebatur
1221 2327 1507 2398 propheta,
1556 2336 1846 2398 postquam
1891 2343 1918 2381 a
1948 2344 2075 2398 pro-

499 2417 632 2486 priis
658 2418 899 2488 peccatis
940 2418 1196 2489 expiatus
1226 2420 1456 2488 fuisset;
1505 2419 1573 2475 de
1594 2436 1706 2491 quo
1736 2421 1898 2490 paulo
1952 2429 2076 2490 post

496 2507 767 2575 dicemus.
1603 2516 1605 2518 ’
2030 2515 2046 2528 ’

504 2641 507 2643 -
567 2597 844 2668 Seraphim
860 2597 1166 2656 docebatur.
1192 2600 1461 2668 Quidnam
1486 2602 1780 2661 doceretur
1803 2619 1899 2674 per
1927 2618 2075 2658 sera-

495 2690 673 2760 phim.
1421 2683 1430 2692 ”

567 2781 794 2839 Nomen.
817 2785 1202 2854 Interpretatio
1238 2787 1476 2843 nominis
1508 2787 1807 2858 seraphim.

563 2875 808 2931 Alarum.
835 2875 978 2942 Quid
1009 2893 1203 2948 penna:
1235 2877 1576 2949 signiﬁcent.

527 2964 632 3020 Δ1η
679 2967 849 3021 Deum
893 2967 948 3021 in
990 2968 1197 3037 primis.
1255 2969 1401 3024 Dixit
1449 2969 1594 3024 enim
1651 2985 1818 3042 supra
1862 2971 1917 3026 in
1967 2970 2073 3026 fine

491 3055 690 3112 decimi
735 3059 956 3130 capitis,
990 3059 1302 3115 universam
1335 3062 1638 3126 coelestem,
1681 3070 1736 3118 et
1776 3063 2072 3117 humanam

492 3157 730 3205 mentem
770 3151 987 3206 habere
1029 3152 1240 3221 primos
1292 3159 1345 3206 et
1402 3153 1613 3208 medios
1661 3162 1715 3209 et
1765 3162 2074 3224 postremos

493 3241 717 3298 ordines
751 3259 764 3293 :
800 3243 998 3298 merito
1043 3245 1208 3314 igitur
1248 3259 1344 3299 sex
1375 3245 1493 3300 alas
1543 3245 1682 3300 dixit
1730 3245 1932 3302 habere
1960 3247 2076 3300 viro

492 3341 658 3397 tutes,
718 3341 778 3388 ut
828 3332 1044 3390 duabus
1093 3333 1264 3389 facies
1316 3342 1584 3405 tegerent,
1639 3337 1836 3391 mediis
1885 3345 2069 3393 autem

491 3423 679 3492 pedes,
706 3425 934 3494 reliquis
958 3440 1083 3480 vero
1115 3427 1263 3479 circa
1288 3424 1458 3480 Deum
1488 3426 1758 3491 volarent,
1783 3429 1927 3497 quod
1955 3430 2070 3498 ipse

490 3517 774 3571 vocaverit
805 3532 1118 3586 supremam
1151 3517 1530 3572 intentionem.
1558 3517 1700 3574 Nota
1729 3534 1878 3584 vero,
1911 3521 2069 3592 quid-

492 3622 619 3660 nam
653 3607 949 3662 multitudo
978 3608 1179 3678 ped-um
1211 3615 1266 3664 et
1304 3607 1568 3664 facierum
1603 3611 1661 3664 in
1687 3611 1984 3682 seraphim,
2014 3620 2068 3668 et

490 3711 593 3752 cur
618 3697 800 3769 aliqua
837 3706 1114 3770 tegantur.

561 3872 841 3930 Senarum.
892 3875 1032 3932 Nota
1090 3875 1368 3948 quomodo
1423 3877 1661 3934 adducat
1718 3895 1812 3937 sex
1858 3897 2066 3950 pennas

490 3976 806 4020 sanctorum
838 3969 1140 4039 seraphim.

571 4057 835 4114 Visorum.
869 4059 928 4115 Id
951 4069 1037 4118 est
1073 4078 1104 4116 a
1131 4063 1399 4134 propheta
1429 4072 1826 4136 spectatorum.

562 4235 962 4293 Sublimiorum.
987 4239 1045 4295 In
1080 4242 1311 4312 tegendo
1344 4242 1531 4307 facies,
1559 4242 1978 4312 profundiorum
2010 4246 2064 4298 in

489 4331 722 4401 tegendo
753 4331 939 4402 pedes,
973 4348 1070 4403 per
1109 4333 1320 4389 medias
1361 4341 1542 4388 autem
1581 4335 1832 4407 (pennas)
1885 4344 2065 4406 aptam

490 4426 781 4478 rationem.

508 4577 514 4581 ,
564 4513 631 4568 Et
683 4517 1012 4572 celerrimum
1069 4515 1248 4572 laudis
1301 4528 1535 4573 cantant.
1574 4518 1709 4575 Illud
1755 4539 1770 4576 :
1814 4520 2061 4591 Sanctus,

2176 2061 2433 2114 ἀνωτάτω
2475 2060 2755 2130 δυνάμεσι,
2788 2059 2882 2112 καὶ
2911 2058 2992 2112 ὅτι
3021 2046 3302 2110 οὐδὲν’τῶν
3326 2054 3497 2108 ὄντων
3518 2053 3762 2123 ἐμφερὲς

2175 2151 2344 2222 αύτῷ.
2382 2151 2547 2204 Ὄντα
2588 2151 2643 2204 δὲ
2669 2150 2893 2222 εἴπομεν
2922 2149 2978 2203 ἐν
3009 2147 3088 2219 τῷ
3114 2146 3219 2218 πρὸ
3248 2144 3436 2199 τούτου
3475 2143 3664 2215 βιϐλίῳ
3696 2142 3766 2194 τὰ

2176 2247 2340 2319 νοητὰ
2377 2247 2473 2302 καὶ
2519 2245 2789 2316 αἰσθητά·
2841 2237 3014 2297 ταῦτα
3057 2239 3114 2294 δὲ
3162 2243 3374 2312 μυεῖται
3417 2239 3446 2290 6
3475 2237 3765 2308 προφήτης

2179 2341 2316 2414 μετά
2330 2341 2390 2394 τὸ
2416 2339 2758 2411 καθαρθῆναι
2789 2336 2896 2390 τῶν
2927 2336 3071 2389 ἰδίων
3113 2331 3418 2406 ἀμαρτιιῖν,
3439 2331 3569 2402 περὶ
3584 2322 3644 2383 οὗ
3675 2345 3763 2399 μι-

2177 2431 2307 2503 κρὸν
2340 2429 2566 2501 ὕστερον
2588 2425 2713 2499 ἐροῦ
2722 2443 2841 2497 μεν.

2244 2605 2508 2678 Σεραφὶμ
2534 2601 2791 2676 ἐμυεῖτο.
2825 2601 2892 2657 Τί
2921 2602 3136 2674 ἐμυεῖτο
3157 2599 3246 2655 διὰ
3267 2599 3334 2653 τὰ
3357 2596 3624 2670 σεραφίμ.

2257 2779 2646 2852 Ἑπωνυμίας.
2683 2776 2978 2851 Ἐρμηνεία
3009 2774 3270 2847 σεραφίμ.

2244 2872 2499 2941 Πτερῶν.
2531 2867 2596 2923 Τί
2625 2869 2774 2940 δηλοῖ
2805 2868 2874 2921 τὰ
2912 2866 3106 2939 πτερά.

2250 2965 2368 3034 Τὴν
2394 2964 2491 3018 ἐπὶ
2521 2963 2589 3016 τὸ
2613 2961 2782 3016 Θεῒον
2811 2961 2880 3014 ὲν
2904 2957 3177 3028 πρώταις.
3209 2949 3376 3010 Εἶπεν
3406 2955 3519 3010 ἄνω
3547 2952 3660 3026 γὰρ
3701 2954 3764 3006 ἐν

2173 3057 2250 3130 τῷ
2267 3056 2408 3111 τέλει
2426 3053 2520 3108 τοῦ
2547 3052 2772 3106 δεκάτου
2787 3049 3102 3119 κεφαλαίου,
3118 3047 3199 3100 ὅτι
3215 3047 3322 3108 πᾶς
3339 3042 3636 3116 [οὐράνιος]
3659 3044 3760 3096 καὶ

2171 3146 2509 3220 ἀνθρώπειος
2541 3143 2667 3207 νοῦς
2695 3143 2788 3196 καὶ
2820 3139 3062 3212 πρώτας,
3096 3139 3189 3190 καὶ
3223 3137 3413 3207 μέσας,
3443 3135 3540 3187 καὶ
3577 3134 3766 3186 τελευ-

2173 3241 2331 3302 ταίας
2357 3235 2681 3310 ἕχειτάξεις.
2696 3233 2934 3295 Εἰκότως
2953 3227 3046 3283 οὖν
3061 3226 3119 3293 ἓξ
3138 3226 3417 3298 πτέρυγας
3433 3220 3586 3277 εἶπεν
3606 3222 3761 3293 ἔχειν

2172 3333 2268 3404 τὴν
2289 3327 2536 3400 δύναμιν,
2565 3328 2654 3381 ἵνα
2675 3328 2795 3388 ταῖς
2821 3323 2929 3396 μὲν
2945 3322 3063 3376 δυσὶ
3091 3319 3337 3387 καλύπτῃ
3360 3315 3430 3368 τὰ
3456 3313 3760 3385 πρόσωπα,

2170 3427 2290 3486 ταῖς
2315 3423 2372 3477 δὲ
2396 3420 2589 3494 μέσαις
2615 3419 2741 3481 τοὺς
2770 3415 2934 3478 πόδας
2953 3431 2966 3444 ·
2997 3415 3115 3476 ταῖς
3141 3411 3197 3464 δὲ
3238 3409 3452 3469 λοιπαῖς
3493 3405 3556 3458 τὸ
3595 3404 3763 3457 Θείον

2171 3514 2556 3588 πριπετῆται,
2597 3512 2734 3581 ὅπερ
2756 3503 2906 3561 εἶπεν
2943 3505 3105 3567 αὐτὸς
3145 3501 3242 3573 τὴν
3273 3499 3586 3571 ὑπερτάτην
3618 3497 3762 3550 ἀνά-

2167 3625 2344 3662 τασιν.
2388 3604 2698 3677 Σημείωσαι
2739 3600 2794 3653 δέ
2833 3599 2885 3652 τί
2928 3597 2990 3650 τὸ
3039 3595 3311 3648 πολύπουν
3353 3589 3447 3644 καὶ
3485 3589 3548 3642 τὸ
3589 3589 3767 3642 mito.

2168 3701 2456 3775 πρόσωπον
2513 3697 2620 3750 τῶν
2688 3692 2956 3766 σεραφὶμ,
3035 3689 3130 3742 καὶ
3187 3685 3274 3740 διὰ
3336 3684 3389 3737 τί
3456 3683 3766 3736 σκέπονται

2168 3796 2306 3850 ἔνια.

2252 3883 2573 3953 Ἐξαπλῆς.
2609 3882 2944 3954 Σημείωσαι,
2974 3877 3091 3940 πῶς
3118 3873 3308 3942 ἀνάγει
3333 3870 3432 3934 τὰς
3461 3869 3521 3934 ἓξ
3549 3869 3767 3940 πτέρυ-

2167 3998 2272 4052 γας
2299 3979 2407 4032 τῶν
2437 3978 2606 4045 ἁγίων
2638 3973 2899 4044 σεραφίμ.

2249 4069 2607 4141 Ὀρωμέγωφκ
2672 4063 2928 4119 Τουτέστι
2985 4061 3091 4116 τῶν
3153 4057 3259 4113 ὑπὸ
3310 4056 3404 4110 τοῦ
3460 4055 3762 4126 προφήτου

2167 4163 2576 4237 θεωρουμένων.

2242 4256 2364 4312 Τῶν
2389 4252 2801 4326 ὑψηλοτέρων.
2851 4248 2949 4302 Διὰ
2993 4244 3087 4300 τοῦ
3129 4242 3422 4299 καλύπτειν
3471 4239 3542 4292 τὰ
3581 4239 3768 4311 πρόσ-

2167 4365 2322 4404 ωπα·
2367 4346 2476 4400 τῶν
2516 4346 2572 4399 δὲ
2609 4342 2936 4414 βαθυτέρων,
2981 4335 3071 4391 διὰ
3115 4334 3208 4388 τοῦ
3257 4331 3559 4386 καλύπτειν
3623 4330 3767 4392 τοὺς

2169 4441 2364 4505 πόδας·
2393 4438 2482 4493 διά
2506 4439 2561 4492 δὲ
2583 4436 2689 4490 τῶν
2723 4434 2901 4507 μέσων
2929 4430 3026 4502 τὴν
3057 4425 3420 4499 συμμετρίαν.

2236 4531 2348 4588 Kal
2389 4528 2797 4598 πολυτίμητον
2820 4521 3132 4593 ὑμνῳδίαν.
3165 4518 3270 4570 Τό⁹
3302 4517 3524 4583 Ἄγιος,
3557 4511 3762 4582 ἅγιος,

491 4617 706 4661 sanctus
729 4647 743 4671 ,
775 4617 988 4663 sanctus
1020 4617 1042 4644 ⁸
1078 4625 1091 4660 :
1127 4609 1398 4680 signiﬁcat
1429 4626 1558 4665 vero
1601 4613 1763 4666 etiam
1809 4618 2059 4686 angelum

2208 4643 2331 4697 γιος
2351 4641 2364 4656 ·
2397 4621 2649 4695 σημαίνει
2678 4619 2734 4671 δέ
2763 4618 2843 4671 ὅτι
2880 4614 2974 4668 καί
3027 4610 3273 4700 ἄγγελος,
3300 4606 3421 4700 κατ’
3451 4605 3768 4700 ἀναλογίαν

495 4698 796 4752 secundum
847 4699 1080 4770 propria:
1111 4701 1332 4755 virtutis
1363 4703 1769 4771 proportionem
1819 4708 2064 4776 accipere

2203 4695 2262 4788 ἧς
2320 4715 2454 4778 ἰδίας
2493 4711 2795 4782 δυνάμεως,
2834 4705 3049 4776 δέχεται
3098 4701 3197 4772 τὴν
3254 4697 3406 4751 θείαν
3450 4695 3760 4788 ἐλλαμψιν,

494 4795 734 4849 divinam
784 4795 1226 4859 illustrationem,
1259 4797 1548 4866 ipsumque
1593 4798 1873 4868 prophetis
1918 4815 2062 4855 com-

401 4889 406 4895 ’
490 4887 772 4941 municare
806 4897 1068 4957 quantum
1101 4887 1348 4958 capiunt,
1378 4903 1490 4942 non
1520 4897 1786 4958 quantum
1829 4889 1946 4960 ipse
1973 4905 2068 4946 co-

490 4978 728 5048 gnoscit.

562 5070 703 5137 Quia
731 5072 962 5141 expiatio
987 5080 1085 5127 est.
1137 5071 1404 5139 Quidnam
1441 5073 1512 5130 sit
1542 5073 1798 5143 expiatio,
1836 5082 1890 5131 et
1925 5090 2064 5146 quo-

488 5164 652 5219 modo
680 5164 774 5218 ﬁat
804 5178 834 5217 a
856 5163 967 5220 Deo
999 5167 1052 5219 in
1085 5163 1538 5236 intelligibilihus.

561 5255 693 5312 Haec
717 5265 912 5310 autem.
939 5255 1160 5312 Scilicet
1189 5257 1442 5328 purgatio
1469 5263 1560 5311 aut
1584 5258 1918 5314 communio.

557 5349 664 5421 43
695 5349 1009 5419 Prwcipuis.
1058 5347 1177 5404 Non
1225 5350 1368 5404 enim
1403 5349 1580 5420 qualis
1609 5357 1693 5406 est
1719 5351 1968 5421 purgatio
1998 5350 2053 5405 in

491 5441 823 5510 hominibus,
861 5444 984 5498 talis
1012 5454 1096 5498 est
1121 5443 1283 5498 etiam
1317 5442 1372 5497 in
1399 5443 1756 5513 ineorporcis.

560 5531 689 5597 Qua:
711 5535 908 5587 circum
940 5551 1075 5589 eam.
1120 5534 1342 5589 Circum
1369 5550 1512 5598 eam,
1539 5534 1874 5588 thearchiam
1905 5533 2056 5590 scili-

489 5631 594 5685 cet,
629 5624 679 5678 id
710 5635 792 5680 est
831 5626 976 5681 circa
1005 5623 1197 5681 Deum.

563 5713 786 5770 Exsistit
811 5717 1110 5786 manifesta.
1151 5716 1408 5788 Purgatio
1437 5715 1707 5771 videlicet.

566 5902 588 5931 ν
621 5894 790 5950 Apoc.
816 5909 910 5957 vn,
953 5893 1036 5954 11.
1119 5905 1139 5934 ι
1177 5894 1278 5952 lsa.
1316 5904 1390 5956 τι,
1425 5887 1489 5957 '5;
1520 5887 1688 5958 Apoc.
1718 5902 1791 5954 iv,
1822 5892 1875 5950 8.

2163 4787 2257 4862 καὶ
2284 4807 2446 4869 αὐτὸς
2477 4802 2796 4876 μεταδίδωσι
2822 4800 2932 4862 τοῖς
2957 4795 3282 4868 προφήταις,
3306 4791 3430 4844 ὅσον
3451 4787 3761 4860 χωροῦσιν,

2165 4895 2263 4969 ούχ
2283 4899 2383 4951 ὅσα
2414 4893 2674 4966 γινώσκει
2709 4889 2888 4952 αὐτός.

2237 5075 2364 5128 Ὅτι
2410 5072 2699 5142 κάθαρσίς
2727 5070 2876 5123 ἐστι.
2921 5067 2986 5120 Τί
3023 5066 3140 5118 ἐστι
3169 5061 3461 5132 κάθαρσις,
3493 5061 3589 5113 καὶ
3633 5061 3768 5125 πῶς

2162 5167 2242 5231 εἰς
2269 5167 2337 5220 τὰ
2363 5165 2530 5237 νοητά
2560 5164 2770 5232 γίνεται
2799 5158 2952 5231 παρά
2975 5155 3066 5211 τοῦ
3091 5154 3246 5208 Θεοῦ.

2234 5257 2398 5325 Αὐτὴ
2431 5256 2516 5310 δέ.
2561 5255 2624 5308 Ἦ
2653 5252 2918 5323 κάθαρσις
2946 5245 3145 5320 δηλαδὴ
3175 5245 3208 5317 ἢ
3239 5247 3271 5316 ἡ
3309 5243 3598 5315 μετουσία.

2244 5344 2686 5416 Ἐξῃρημέναις.
2725 5342 2801 5396 Οὐ
2845 5340 2952 5411 γὰρ
2993 5339 3080 5391 οἵα
3122 5336 3239 5389 ἐστὶ
3285 5335 3392 5388 τῶν
3436 5331 3770 5404 ἀνθρώπων

2160 5441 2191 5510 ή
2225 5439 2510 5509 κάθαρσις,
2539 5434 2760 5504 τοιαύτη
2787 5433 2904 5485 ἐστὶ
2938 5431 3028 5486 καί
3055 5429 3274 5482 ἐπὶτῶν
3297 5425 3635 5497 ἀσωμάτων.

2238 5530 2368 5596 Ταῖς
2400 5529 2534 5597 περὶ
2565 5525 2776 5592 αὐτήν.
2827 5524 2963 5595 Περὶ
3005 5521 3175 5594 αὐτὴν
3218 5521 3315 5592 τὴν
3354 5519 3626 5591 θεαρχίαν
3656 5519 3776 5590 δη-

2159 5623 2352 5683 λονότι,
2378 5621 2624 5674 τουτέστι
2656 5618 2784 5687 περὶ
2811 5615 2901 5670 τὸν
2926 5615 3077 5669 Θεόν.

2246 5715 2564 5784 Ἑκφαίινῖι.
2622 5712 2685 5765 Ἡ
2716 5710 2979 5780 κάθαρσις
3021 5707 3280 5779 δηλονότι.
