3860 6552
58 453 126 511 lOl

115 565 217 620 Ἐπί
249 563 309 617 δὲ
333 561 444 616 τῶν
471 561 795 629 δευτέρων.
847 563 1075 615 Σκοπεῖν
1113 559 1212 624 δεῖ,
1256 560 1338 612 ὅτι
1374 557 1560 626 διανξέ-
1591 563 1638 618 Α

62 676 142 729 ρειν
170 655 307 725 φησιν
335 654 391 705 οὑ
429 653 736 724 μετρίως⁷³
769 653 824 706 ἐν
858 651 934 722 τῷ
960 651 1181 704 θεοειδεῖ
1207 653 1385 705 πᾶσαν
1419 649 1564 702 ἀσώ-

64 767 184 819 ματον
205 747 409 816 δύναμιν
428 762 442 775 ο
466 744 606 798 πολὺ
647 745 753 815 μὲν
792 743 897 816 γὰρ
928 743 1069 814 ἔχειν
1097 743 1158 795 τὸ
1180 742 1410 806 θεοειδὲς
1437 744 1564 806 τοὺς

63 840 255 892 ἀνωτάτω
311 837 451 898 νόας,
497 835 802 906 ὑφειμένον
837 835 892 887 δὲ
934 835 1118 888 λοιπὸν
1138 874 1152 898 ,
1193 835 1421 889 καθόσον
1469 835 1565 888 καὶ

61 933 232 1002 ἡτὰξις
274 929 489 982 ἀπαιτεῖ
544 928 679 990 τοὺς
729 926 947 991 λοιποὺς
1003 928 1166 991 νὸας,
1233 927 1394 998 μέχρι
1453 926 1562 980 τῶν

64 1026 266 1095 ἐσχάτων·
302 1023 454 1075 πλέον
495 1021 553 1073 δὲ
599 1021 700 1074 καὶ
735 1021 842 1074 τῶν
888 1019 1128 1091 ἐσχάτων
1169 1020 1266 1084 τὰς
1292 1019 1566 1092 ἡμετέρας

64 1117 186 1187 ψυχᾶς
204 1116 243 1147 ⁷⁸
261 1131 278 1145 ο
306 1113 422 1167 ἐπεὶ
453 1113 550 1167 καὶ
593 1114 818 1166 πάντων
847 1111 952 1165 τῶν
993 1111 1126 1164 νοῶν
1156 1111 1288 1165 πολὺ
1320 1111 1563 1166 λείπεται

64 1216 187 1286 ﬁat-19‘
213 1217 343 1285 ἡμᾶς
366 1213 532 1284 ψυχή.
563 1213 684 1266 Καὶ
714 1214 748 1282 ἡ
779 1210 895 1264 θεία
935 1210 1110 1264 τοίνυν
1152 1207 1414 1279 ἔλλαμψις
1445 1225 1568 1260 συν-

63 1309 215 1378 ηγμένη
267 1322 373 1368 πως
433 1303 638 1375 μᾶλλον
697 1305 794 1357 καὶ
839 1301 1238 1373 συνεσταλμένη
1281 1299 1566 1372 θεωρεῖται

65 1401 156 1470 πρὸς
195 1398 277 1470 τὴν
321 1393 426 1451 οἷον
479 1400 562 1461 εἰς
620 1399 804 1469 μῆκος
846 1390 1139 1452 ἀπόστασιν
1185 1396 1284 1466 τῆς
1310 1397 1389 1458 είς
1436 1395 1568 1448 Θεὸν

67 1491 347 1557 πλησιάσεως,
377 1489 698 1557 συνάγουσα
725 1491 886 1543 οἱονεὶ
915 1489 1050 1560 αὐτὴ
1079 1491 1111 1560 ἡ
1156 1487 1275 1542 Θεία
1306 1488 1568 1559 ἔλλαμψις

65 1583 129 1650 τὴν
159 1583 329 1634 οἰκείαν
368 1583 686 1652 φανέρωσιν
736 1581 872 1652 πρὸς
920 1581 980 1634 τὸ
1010 1583 1206 1635 ένιαῖον
1235 1583 1328 1634 καὶ
1365 1579 1570 1634 ἁπλοῦν

68 1672 183 1740 αὐτῆς
214 1673 464 1742 ἄγνωστον
483 1691 496 1703 ·
538 1673 831 1742 ἄγνωστος
869 1673 974 1745 γάρ
1003 1675 1148 1727 ἐστιν
1189 1675 1217 1727 6
1243 1674 1372 1737 Θεὸς
1397 1674 1459 1727 οὐ
1483 1672 1572 1725 διά

69 1764 265 1818 ποικιλίαν
289 1765 665 1837 συλλογισμῶν
692 1766 1058 1836 ἀγνοουμένην
1083 1768 1230 1837 ἡμῖν,
1265 1767 1401 1821 ἀλλά
1429 1767 1573 1822 κατά

72 1855 212 1909 ἑνιαίαν
232 1857 337 1910 τινὰ
375 1856 510 1928 πρὸς
548 1857 622 1910 τὰ
661 1857 789 1910 καθ’
817 1859 980 1928 ἡμᾶς,
1022 1857 1142 1912 καθ’
1185 1858 1245 1913 ἓν
1271 1860 1366 1914 καὶ
1397 1860 1571 1936 MM."
1602 1903 1645 1957 Β

72 1947 142 2010 mf,
160 1949 500 2020 ἀκατάληπτον
535 1949 852 2002 ἀθανασίαν
884 1949 950 2004 ⁷⁵.

123 2122 410 2193 Ἔμπυρίως.
476 2123 846 2197 Σημείωσαι,
905 2125 986 2177 ὃτι
1046 2124 1310 2196 ὲμπὺριος
1375 2123 1570 2195 ἰδιότης

73 2214 141 2264 τῶν
169 2217 370 2287 πραφίμ
413 2219 555 2280 ἐστι,
590 2217 698 2269 καὶ
745 2215 882 2280 πῶς,
921 2216 1150 2284 ἀγγέλου
1192 2217 1566 2288 καθαίροντος,

73 2307 115 2357 τὰ
128 2312 311 2380 τεραφὶμ
327 2311 536 2381 εἴρηται
561 2309 880 2380 καθαίρειν,
899 2311 992 2362 καὶ
1017 2309 1122 2380 πρὸ
1144 2308 1348 2362 τούτων
1370 2313 1397 2363 6
1415 2310 1567 2374 Θεός.

121 2399 175 2452 Ἦ
209 2402 398 2468 ἱερέων.
447 2403 780 2474 Σημείωσαι
806 2403 886 2454 ὅτι
917 2404 965 2454 οἱ
1001 2404 1163 2473 ἱερεῖς
1199 2401 1570 2473 ὑποόεὸήκασι

75 2493 390 2568 τὸνὶεράρχηψ
435 2499 530 2550 καὶ
574 2499 664 2550 ὅτι
704 2496 832 2549 ἄλλο
875 2495 1128 2566 φωτίζειν
1164 2497 1257 2549 καὶ
1301 2494 1428 2550 ἄλλο
1473 2514 1572 2550 και

76 2582 240 2654 θαίρειν·
272 2591 354 2642 καὶ
385 2592 463 2643 ὅτι
492 2590 629 2644 ἄλλο
674 2587 1019 2658 λειτουργὸς,
1069 2568 1162 2642 καὶ
1197 2587 1322 2642 ἄλλο
1359 2588 1534 2659 ἱερεύς
1554 2605 1568 2618 °

76 2677 234 2732 καὶτῶν
263 2683 434 2752 ἱερέων
481 2682 906 2752 καθαιρούντων
956 2680 990 2752 ἢ
1029 2679 1390 2750 φωτιζόντων,
1429 2682 1458 2733 6
1493 2682 1571 2732 ἰε-

77 2769 220 2839 ράρχης
249 2772 442 2840 λέγεται
470 2777 654 2828 ποιεῖν
675 2773 765 2826 ⁷⁸⁸.

121 2862 358 2930 Ammodyt-
382 2865 754 2934 ἀτρέπτους.
798 2862 918 2916 Ὀτι
949 2863 978 2916 6
1007 2863 1138 2927 Θεὸς
1170 2864 1198 2916 6
1229 2863 1325 2917 καὶ
1357 2862 1575 2916 πάντων

76 2948 212 3016 ὁμοίως
253 2953 350 3006 τῶν
400 2955 612 3026 νοητῶν
676 2953 1008 3025 δημιουργὸς
1031 2993 1047 3019 ,
1107 2949 1270 3018 αὐτὸς
1333 2955 1427 3008 καὶ
1477 2953 1576 3017 τὰς

78 3043 230 3110 trem;
265 3048 437 3111 οὐσίας
469 3049 696 3120 συνέχει
739 3046 833 3100 καὶ
869 3046 1116 3118 διατηρεῖ
1151 3047 1285 3118 πρὸς
1315 3047 1577 3119 ἀτρεψίαν

79 3135 140 3183 καὶ
167 3135 544 3204 ἁμεταπτωσίαν
566 3157 582 3169 ο
627 3139 942 3209 ἀτρέπτους
985 3137 1040 3190 δὲ
1072 3141 1212 3191 νοεῖν
1255 3139 1333 3192 δεῖ
1361 3138 1576 3211 [αὑτὰς]

80 3228 159 3278 κατ’
181 3231 320 3286 ἐκεῖνο
355 3235 473 3286 καθ’
501 3235 532 3288 ὅ
569 3235 741 3296 εἰσιν,
791 3228 899 3285 οἷον
945 3234 1023 3296 εἰς
1060 3233 1120 3286 τὸ
1163 3233 1460 3298 ἀθάνατον,
1497 3235 1576 3296 είς
1603 3243 1646 3301 C

79 3320 142 3388 τὴν
171 3323 297 3396 ζωὴν,
338 3328 456 3380 καθ’
504 3329 576 3400 ἢν
629 3327 928 3380 οὑσίωνται
963 3329 1042 3392 είς
1074 3328 1136 3382 τὸ
1164 3323 1300 3381 εἶναι
1333 3327 1479 3398 φῶς·
1519 3329 1578 3382 ὲν

81 3414 221 3480 τούτοις
242 3420 332 3492 γὰρ
366 3422 457 3474 καὶ
498 3419 889 3493 ἀμεταϐὁλους
931 3421 1220 3485 οὑσιωδῶς,
1272 3420 1366 3475 καὶ
1403 3422 1484 3485 είς
1519 3421 1580 3474 τὸ

83 3508 130 3575 μὴ
169 3514 418 3581 τρέπεσθαι
475 3517 563 3579 εἰς
625 3513 899 3584 ὲκφύλους
962 3516 1288 3586 ἐπιθυμίας,
1341 3515 1436 3571 ἅτε
1485 3517 1580 3569 καὶ

80 3600 360 3671 αὐτεξουσίως
382 3649 396 3673 ,
440 3610 470 3661 6
498 3607 643 3670 Θεὸς
694 3606 905 3676 συνέχει
948 3607 1146 3670 αὐτοὺς
1177 3607 1270 3660 καὶ
1313 3606 1576 3679 διατηρεῖ.

80 3689 217 3763 Τδμὲν
237 3699 326 3771 γὰρ
368 3702 508 3772 πρὸς
552 3699 728 3753 αὑτὸν
765 3698 811 3729 ⁷⁸
841 3697 1213 3751 ἀνατείνεσθαι
1255 3699 1353 3769 τῆς
1401 3699 1580 3751 αὑτῶν

80 3780 152 3835 ἐπι
184 3793 338 3860 νοερᾶς
379 3791 809 3864 προαιρέσεωςο
848 3789 909 3841 τὸ
948 3789 1004 3842 δὲ
1045 3790 1215 3842 εἰσαεὶ
1256 3790 1383 3861 περὶ
1423 3790 1582 3844 τοῦτο

76 3873 245 3946 διαρκεῖν
267 3883 354 3953 τῆς
385 3880 740 3954 emine-ste;
787 3881 901 3933 ἐστι
928 3881 1020 3934 τοῦ
1049 3881 1183 3935 Θεοῦ
1205 3900 1218 3912 υ
1265 3881 1442 3935 πάντα
1472 3881 1580 3954 γὰρ

77 3963 192 4020 δεῖται
207 3970 324 4044 [τῆς]
339 3974 474 4028 Θεοῦ
514 3971 801 4044 βοηθείας.

127 4059 170 4111 ’0
202 4065 356 4119 ταῦτά
387 4083 468 4136 με
516 4061 852 4118 διδάσκων.
899 4062 1232 4134 Σημείωσαι,
1274 4062 1357 4116 ὅτι
1407 4063 1581 4118 ταῦτα

75 4154 160 4220 παρ’
182 4155 332 4227 ἑτέρου
360 4157 570 4230 ἔμαθεν
600 4159 631 4210 ὁ
664 4157 841 4226 μέγας
869 4155 1156 4218 Διονύσιος.

125 4245 388 4320 Ἰερὰρχης.
438 4251 794 4322 Σημείωσαι,
841 4249 922 4302 ὅτι
973 4249 1112 4320 μετά
1139 4248 1272 4302 Θεὸν
1317 4249 1582 4319 ἡγεμόνες

73 4335 134 4385 καί
152 4340 187 4388 οἱ
211 4341 446 4398 ἀνωτάτω
475 4343 796 4412 διὰκοσμοι.

117 4430 337 4502 Θεοειδῶς
381 4434 686 4506 ἑμυήθην.
755 4433 820 4484 Ἥ
881 4432 973 4485 τοῦ
1021 4433 1249 4501 ἀγγέλου
1303 4432 1578 4502 ὴθοποιία,

72 4516 533 4600 ὼσαπὶὸκαθαῖρων
556 4524 794 4595 ἄγγελος
823 4523 912 4576 τὸν
958 4525 1202 4590 Ἡσαΐαν,
1233 4524 1404 4578 ταῦτα
1432 4523 1580 4594 αὐτῷ

72 4605 168 4679 ελεγι
190 4618 295 4687 περὶ
321 4619 426 4672 τῶν
458 4618 740 4689 σεραφίμ.

119 4706 171 4760 Ἦ
189 4711 302 4776 παρ’
341 4710 587 4765 ἑαυτοῦ.
633 4708 749 4780 Τὴν
791 4707 910 4760 καθ’
962 4707 1259 4780 ὑπέρϐασιν
1289 4708 1382 4762 τοῦ
1413 4707 1578 4779 ῥητοῦ

77 4794 250 4865 ιῦπαξιν
291 4804 430 4875 μετά
474 4804 712 4858 πλεῖστα
757 4799 1146 4872 ἀποδιδομένην
1192 4800 1335 4854 οὕτω
1386 4817 1581 4854 συντα-

79 4890 199 4942 ιτέον·
231 4898 317 4967 τῆς
354 4897 458 4966 σῆς
500 4896 545 4949 δ’
579 4895 646 4949 ἂν
679 4893 766 4964 εἴη
816 4895 1008 4964 νοερᾶς
1043 4894 1369 4964 ἐπιστήμης,
1414 4893 1447 4963 ἢ
1479 4893 1577 4964 τὴν

81 4980 190 5038 ιίτίαν
225 4992 417 5062 ταύτην
458 4987 761 5053 δέξασθαι,
810 4985 843 5056 ἦ
893 4987 1022 5057 παρ’
1072 4986 1263 5040 ἑαυτοῦ
1311 4986 1576 5058 εὑρεῖν,ἢ

83 5079 154 5145 παρ’
176 5080 335 5154 ἐτέρου
373 5085 586 5154 μαθεῖν,
619 5081 717 5135 καὶ
747 5079 1089 5148 ἀνακαλύψαι
1141 5077 1337 5149 μᾶλλον
1367 5078 1573 5148 ὲαυτῷο

86 5161 174 5239 ίτοερ
193 5173 240 5226 δὲ
269 5171 373 5230 οἷόν
410 5193 469 5229 τε
498 5175 598 5229 καὶ
645 5175 772 5244 ἐμοὶ
798 5172 1056 5236 ὡσαύτως
1082 5170 1423 5241 ἀνακαλύψαι
1453 5170 1582 5241 περὶ

87 5262 244 5325 Τίὲλων
287 5267 520 5339 ἐραστὴν
556 5266 813 5338 θεωρίαν.
854 5265 926 5318 Τὸ
954 5265 1198 5336 τιμῆσαι
1227 5265 1284 5318 δὲ
1316 5266 1438 5318 ἀντὶ
1481 5262 1575 5317 τοῦ

89 5357 374 5425 βίτιμῆσαι.
405 5359 771 5432 [Σημείωσαι,
812 5359 892 5410 ὄτι
937 5357 1033 5421 τὰς
1072 5355 1172 5413 τοῦ
1218 5357 1354 5410 Θεοῦ
1404 5357 1580 5420 δόσεις

91 5445 345 5512 βξενοῦσιν
367 5455 499 5524 ἡμῖν
518 5455 568 5506 οξ
592 5449 866 5522 ἀγγελοι.]

1611 4592 1655 4650 D

661 449 723 504 S.
762 445 1007 503 MAXIMI
1041 444 1334 503 SCHOLIA
1366 442 1434 502 IN
1469 443 1597 502 LIB.
1635 442 1724 498 DE
1753 442 2078 501 C(ELESTI
2112 442 2560 503 HIERARCHIA.

3131 446 3237 503 ΙοΞ

1740 557 1807 610 In
1851 557 2093 612 secundis
2139 568 2334 612 autent.
2371 556 2740 614 Considerare
2789 563 3038 628 Oportet,
3093 558 3238 628 quod

1665 650 1815 706 dicat
1852 666 1959 705 non
1992 665 2185 721 parum
2215 651 2530 720 discrepare
2569 650 2626 705 in
2657 650 3107 707 dissimilitudine
3157 644 3240 706 in-

1664 758 1982 812 corpoream
2005 757 2222 798 omnem
2254 742 2543 807 virtutem;
2583 741 2812 796 multum
2843 742 3111 812 siquidem
3146 742 3238 796 Dei

1666 832 2041 889 similitudinis
2072 833 2275 888 habere
2301 847 2586 901 supremas
2625 842 2857 899 mentes,
2888 846 3080 905 parum
3115 851 3240 892 vero

1667 926 1814 981 illius
1860 925 2004 996 quod
2042 925 2351 994 reliquum,
2387 932 2661 994 quatenus
2697 927 2858 980 etiam
2905 929 3040 983 ordo
3077 945 3236 999 expc.

1667 1021 1791 1084 scit,
1814 1027 2038 1073 caeteras
2068 1025 2276 1073 mentes
2301 1033 2477 1088 usque
2504 1017 2570 1072 ad
2597 1023 2869 1074 extremas
2893 1037 2908 1086 ;
2939 1023 3109 1077 multo
3143 1039 3244 1078 au-

1666 1120 1775 1167 tem
1800 1111 1981 1165 minus
2003 1111 2266 1165 extremis
2287 1118 2507 1166 nostras
2537 1112 2700 1166 etiam
2730 1112 2968 1178 animas,
2999 1117 3246 1184 quando-

1668 1204 1885 1274 quidem
1939 1203 2120 1258 anima
2178 1210 2365 1258 nostra
2407 1204 2477 1256 ab
2511 1203 2767 1258 omnibus
2807 1207 3076 1262 mentibus
3107 1210 3248 1262 mul-

1671 1305 1786 1350 tum
1833 1297 2021 1352 distet.
2072 1294 2139 1348 Et
2183 1295 2374 1356 divina
2427 1297 2596 1368 igitur
2643 1299 2938 1354 illustratio
2983 1301 3250 1370 quodam-

1671 1388 1834 1444 modo
1882 1396 2074 1443 coacta
2120 1389 2230 1442 imo
2266 1396 2552 1444 contracta
2601 1394 2963 1464 conspicitur,
2999 1395 3055 1449 in
3088 1395 3249 1466 longa
3295 1377 3304 1391 ’

1671 1485 1819 1538 velut
1857 1482 2120 1538 distantia
2171 1498 2432 1539 accessus
2475 1485 2541 1539 ad
2572 1481 2764 1549 Deum,
2822 1493 3084 1556 tanquam
3138 1488 3255 1543 haec

1671 1575 1853 1630 divina
1897 1576 2190 1630 illustratio
2237 1583 2458 1646 cogeret
2514 1571 2790 1647 propriam
2854 1580 3256 1635 manifestatioo

1672 1681 1798 1722 nem
1841 1668 1897 1721 in
1928 1682 2093 1722 unam
2129 1674 2184 1722 et
2213 1667 2518 1738 simplicem
2551 1670 2637 1724 sui
2664 1669 3067 1740 ignorantiam‘:
3099 1671 3258 1743 igno-

1674 1767 1764 1816 tus
1793 1762 1936 1816 enim
1977 1769 2063 1816 est
2087 1759 2230 1816 Deus
2267 1776 2378 1816 non
2420 1770 2643 1832 propter
2670 1763 2990 1818 varietatem
3032 1766 3257 1820 ratioci-

1676 1855 1959 1909 nationum
2005 1854 2164 1910 nobis
2191 1855 2456 1925 ignotam,
2498 1856 2593 1910 sed
2625 1857 2924 1912 secundum
2957 1873 3122 1912 unam
3153 1859 3254 1913 ali-

1673 1961 1837 2016 quam
1859 1947 1913 2000 in
1937 1946 2096 2002 nobis
2125 1946 2450 2015 simpliciter
2474 1955 2530 2002 et
2559 1947 2814 2004 absolute
2839 1950 3256 2020 incomprehen-

1672 2037 1886 2092 sibilem
1913 2039 2336 2108 ignorationem.

1741 2129 1850 2185 Per
1877 2131 2066 2202 ignem.
2107 2130 2244 2185 Nota
2274 2131 2486 2202 igneam
2519 2132 2906 2202 pr0prietatem
2950 2149 3072 2188 esse
3100 2149 3256 2190 sera-

1671 2221 1966 2292 phinorum
1993 2241 2008 2290 ;
2044 2230 2099 2278 et
2129 2223 2403 2293 quomodo
2433 2225 2626 2294 angelo
2653 2233 2940 2296 purgante,
2972 2227 3252 2296 seraphini

1671 2312 1928 2368 dicantur
1947 2331 2203 2384 purgare,
2234 2323 2288 2370 et
2315 2324 2442 2369 ante
2471 2315 2571 2370 hos
2599 2314 2764 2371 Deus.

1677 2439 1680 2442 η
1743 2409 1847 2462 Aut
1874 2408 2231 2464 sacerdotum.
2282 2409 2419 2464 Nota
2451 2411 2769 2466 sacerdotes
2798 2425 2920 2465 esse
2961 2410 3253 2468 inferiores

1672 2500 2024 2569 praesulibus,
2071 2508 2125 2556 et
2152 2502 2300 2556 aliud
2344 2517 2468 2558 esse
2517 2503 2830 2558 illuminare
2857 2513 2912 2559 et
2941 2505 3086 2559 aliud
3121 2522 3252 2576 pur-

1675 2607 1832 2662 gare;
1892 2600 2055 2662 atque
2086 2593 2232 2647 aliud
2270 2610 2392 2650 esse
2435 2594 2771 2658 ministrum,
2802 2602 2857 2650 et
2885 2596 3033 2650 aliud
3069 2611 3254 2652 sacer-

1674 2681 1889 2750 dotem;
1939 2687 2426 2756 sacerdotibusque
2455 2687 2818 2759 purgantibus
2845 2699 2939 2743 aut
2967 2689 3254 2744 illustran-

1675 2775 1848 2841 tibus,
1877 2777 2074 2847 praesul
2102 2778 2306 2835 dicitur
2337 2780 2538 2835 facere.

1748 2865 2075 2921 Conservam
2133 2867 2509 2922 immutabiles.
2567 2868 2734 2924 Deum
2776 2870 3020 2924 omnium
3051 2872 3258 2940 pariter

1679 2958 2104 3030 intelligibilium
2127 2967 2454 3025 creatorem,
2485 2963 2692 3032 primas
2731 2977 2952 3032 quoque
2982 2965 3256 3019 essentia:

1679 3051 1962 3107 continere
1990 3060 2044 3107 et
2072 3067 2408 3109 conservare
2426 3069 2494 3110 ne
2524 3055 2882 3108 immutentur
2904 3061 2958 3109 et
2979 3053 3254 3120 decidant;

1682 3144 2053 3201 immutabiles
2095 3161 2226 3200 vero
2256 3146 2562 3217 intelligere
2614 3154 2831 3217 oportet
2878 3148 2933 3201 in
2975 3147 3068 3202 illo
3108 3148 3259 3217 quod

1679 3239 2045 3295 substantiam
2072 3241 2263 3310 tangit,
2296 3241 2443 3294 velut
2474 3240 2529 3294 in
2562 3241 2995 3307 immortalitate,
3036 3239 3091 3295 in
3122 3241 3258 3303 vita,

1682 3333 1982 3388 secundum
2032 3348 2197 3402 quam
2248 3333 2544 3387 essentiam
2607 3340 2959 3402 acceperunt,
3015 3332 3071 3386 in
3112 3332 3264 3386 exsi-

1682 3426 1876 3483 stendo
1906 3427 2091 3481 lumen
2121 3443 2134 3477 :
2160 3425 2263 3481 'his
2293 3425 2459 3479 enim
2480 3425 2849 3479 immutabiles
2895 3434 3023 3480 sunt
3072 3439 3264 3480 essen-

1681 3519 1925 3582 tialiter,
1961 3525 2016 3573 et
2056 3533 2125 3571 ne
2171 3524 2450 3572 mutentur
2515 3517 2572 3571 in
2626 3523 2845 3572 exteras
2891 3507 3259 3586 cupiditates,

1682 3618 1740 3664 ut
1786 3625 1906 3680 qua:
1961 3618 2089 3665 sunt
2125 3609 2280 3665 liberi
2321 3608 2565 3674 arbitrii,
2624 3607 2769 3664 Deus
2812 3609 3062 3664 continet
3113 3610 3263 3680 ipsas

1681 3709 1737 3757 et
1763 3711 2071 3756 conservat.
2126 3700 2184 3755 In
2217 3702 2395 3770 ipsum
2425 3701 2570 3754 enim
2603 3698 2821 3771 (Deum)
2875 3701 3156 3756 intendere
3192 3701 3263 3756 ab

1683 3793 2007 3866 intelligenti
2048 3807 2241 3848 eorum
2273 3793 2508 3848 consilio
2563 3792 2784 3862 pendet,
2833 3807 3048 3862 semper
3078 3801 3263 3863 autem

1683 3886 1740 3940 in
1795 3888 2297 3956 istoperseverare
2348 3899 2377 3936 a
2410 3883 2502 3938 Dei
2551 3883 2750 3953 pendet
2788 3884 3024 3948 auxilio,
3076 3885 3260 3939 omnia

1681 3978 1826 4034 enim
1859 3976 1952 4032 Dci
1985 3977 2189 4030 auxilio
2217 3991 2357 4046 opus
2387 3975 2603 4029 habent.

1753 4069 1858 4136 Qui
1902 4067 2011 4121 lucc
2058 4082 2138 4120 me
2180 4064 2420 4120 docebat.
2467 4063 2606 4119 Nota
2653 4079 2908 4135 magnum
2931 4063 3256 4136 Dionysium

1683 4159 1797 4214 haec
1829 4160 1896 4214 ab
1921 4160 2029 4214 alio
2058 4159 2342 4214 didicisse.
2706 4223 2711 4234 λ

1751 4249 1862 4322 44
1901 4250 2222 4308 Ilierarclta.
2265 4249 2404 4305 Nota
2435 4263 2557 4321 post
2586 4248 2777 4316 Deum,
2811 4250 3087 4322 principes
3133 4266 3259 4308 esse

1683 4357 1971 4412 supremos
2000 4326 2244 4398 ordines.

1754 4432 2095 4500 Deiformiter
2140 4433 2354 4488 edoctus
2398 4433 2519 4503 fuit.
2570 4432 2768 4488 Fictio-
2799 4449 3011 4489 morum
3053 4435 3254 4506 angeli,

1681 4529 1943 4592 tanquam
1977 4523 2205 4594 angelus
2231 4520 2428 4578 Isaiam
2453 4537 2790 4594 expurgans,
2817 4524 2931 4578 haec
2962 4523 3038 4578 illi
3069 4524 3137 4580 de
3165 4540 3257 4579 se-

1685 4615 1932 4685 rapltinis
1965 4615 2195 4671 diceret.

1757 4711 1860 4764 Aut
1883 4725 1974 4778 per
1995 4725 2065 4764 se.
2083 4707 2378 4764 Sententiae
2403 4707 2570 4779 hujus
2589 4709 2930 4763 constructio
2955 4708 3258 4765 secundum

1685 4800 2180 4871 transgressionem
2228 4807 2352 4870 post
2398 4799 2632 4869 plurima
2681 4798 2999 4854 redeuntem
3045 4800 3126 4854 sie
3173 4810 3262 4856 est

1684 4891 2055 4948 construenda
2082 4909 2095 4945 :
2151 4900 2255 4944 tuae
2281 4905 2410 4945 vero
2440 4890 2792 4960 intelligentis
2820 4889 3063 4944 scientias
3089 4899 3257 4958 esset,

1685 4998 1780 5042 aut
1821 5000 2043 5041 causam
2090 4985 2231 5038 hanc
2265 4983 2587 5047 admittere,
2629 4989 2722 5036 aut
2757 4996 2854 5051 per
2898 4989 2950 5036 te
2994 4981 3258 5048 invenire,

1689 5087 1783 5132 aut
1821 5076 1890 5130 ab
1929 5075 2037 5128 alio
2083 5073 2318 5135 discere,
2354 5079 2408 5126 et
2450 5071 2634 5140 potius
2677 5069 3094 5126 libi-revelare:
3129 5071 3259 5139 quin

1687 5170 1852 5226 etiam
1895 5166 1940 5222 si
1974 5165 2090 5219 ﬁeri
2120 5163 2294 5234 possit
2333 5162 2466 5216 mihi
2515 5161 2768 5216 similiter
2809 5161 3031 5216 charam
3060 5161 3127 5215 de
3156 5175 3258 5214 an-

1688 5261 1826 5333 gelis
1861 5256 2375 5327 contemplationem
2442 5255 2704 5310 revelare.
2761 5254 3000 5324 Τιμῆσαι
3041 5251 3260 5321 ponitur

1685 5367 1787 5422 pro
1816 5349 2169 5420 προτιμῆσαι,
2197 5344 2475 5417 praeferre.
2489 5373 2494 5381 -
2509 5343 2672 5418 [Nota
2691 5361 2820 5402 vero
2835 5344 3054 5415 angelos
3075 5341 3258 5396 divina

1694 5445 1835 5500 dona
1861 5440 2020 5496 nobis
2049 5435 2500 5508 communicare.]

811 5675 816 5680 .
917 5625 1147 5684 VARLE
1188 5625 1575 5681 LECTIONES
1606 5623 1694 5677 ET
1737 5616 2294 5687 CORRECTIONES.

125 5785 160 5870 ’ἶ
182 5791 244 5862 μὴ
272 5795 516 5870 μετρίωςο

101 5853 441 5936 ωῧεεστέροῦς,
459 5853 555 5919 καὶ
582 5853 962 5936 τῶνίὲσῇξάτων
983 5861 1038 5914 δὲ
1067 5853 1292 5936 ἔλαττον
1321 5862 1426 5936 τᾲςΔ
1452 5853 1724 5936 ὑμετέρας
1753 5853 1948 5936 ψυχέιςλ

611 5792 662 5826 ’δ
694 5791 854 5863 μέχρι
908 5790 1013 5842 τῶν
1067 5790 1340 5860 ἐσχάτων,
1409 5787 1698 5858 ὑφειμένον
1758 5784 1814 5838 δὲ
1868 5785 1996 5848 τοὺς
2056 5782 2177 5881 μετ’
2236 5779 2450 5840 αὑτοὺς.
2511 5774 2604 5828 καὶ
2663 5771 2739 5824 ἔτι
2801 5770 3087 5852 ὑφειμένον
3132 5770 3258 5832 τοὺς

625 5863 691 5881 ~,,
723 5865 736 5881 ι
759 5861 957 5881 ιφ--
988 5861 1032 5881 Μ
1069 5863 1116 5881 σε
1137 5877 1290 5881 μ---..
1324 5862 1419 5881 _)_-
1453 5857 1724 5881 .‹,----ι-..-
1753 5853 1929 5881 .t......'.-
2030 5851 2050 5881 τ
2119 5845 2344 5881 Dan-1......
2401 5843 2686 5881 Lvumnfrm,
2741 5858 2824 5881 nn
2868 5841 3258 5881 nxxpnlunllnnl

2111 5845 2369 5917 Pachym.
2401 5843 2692 5914 ἀγνωσίαν,
2741 5843 2825 5895 cui
2868 5841 3259 5895 assentiendum

101 5937 222 5988 utea.
247 5921 360 6002 quia
387 5921 659 5989 ἀθανασία
689 5921 911 5985 ΙιοεἾοεὶ
939 5932 1292 6004 ἀναρμοστεῖ.
1348 5921 1431 6014 ’τέξ
1464 5921 1779 5996 καθαίρεινζ
1831 5921 1883 5956 ’⁷⁸
1917 5921 2072 5976 Θεόν.
