3860 6596
624 463 731 544 tos"

1307 498 1312 500 '
1426 475 1767 540 APPENDIX
1797 485 1888 540 AD
1921 476 2154 542 OPERA

2286 472 2572 541 monisn
2611 467 3092 542 summatm.
3190 509 3191 512 ~
3698 481 3776 542 tot

691 601 1087 672 Interpretibns.
1120 580 1444 667 Considera,
1477 599 1589 657 Deo
1620 603 1780 659 nobis
1821 602 1874 656 in
1909 601 2176 672 apertioni

2364 599 2836 668 Προξενούντων.
2882 603 3101 666 Σκόπει,
3149 602 3252 666 ὅτι,
3294 600 3426 655 θεοῦ
3465 601 3651 666 διδόντος
3674 605 3776 674 ημῖν

619 695 733 751 oris
763 694 936 748 nostri
981 694 1205 770 verbum
1242 693 1644 764 suppeditante,
1694 696 1916 766 angelos
1945 697 2193 764 pararios

619 799 799 856 agere,
833 794 981 856 patet
1007 801 1102 841 eos
1135 800 1237 856 pro
1273 785 1456 853 nobis,
1496 793 1755 857 tanquam
1784 787 1996 858 legatos
2027 786 2194 842 inter-

616 877 828 934 cedere.

1176 965 1243 1022 ΙΝ
1281 967 1440 1024 CAP.
1484 966 1623 1024 XIV.

682 1057 853 1114 Mille.
885 1057 1012 1115 Hinc
1037 1060 1090 1114 in
1120 1059 1342 1118 Daniele
1365 1061 1533 1116 dicta.

683 1151 969 1221 Inﬁrmum
983 1165 1031 1212 et
1047 1163 1398 1211 contractum.
1416 1157 1693 1214 Inﬁrmum
1719 1157 1936 1216 modum
1953 1151 2188 1216 νοοονῖί.

611 1259 900 1317 numerum
943 1245 1251 1310 hominum,
1283 1252 1536 1316 respectu
1573 1246 1787 1301 numeri
1827 1247 2186 1317 angelortrm:

603 1313 816 1390 (dictum
861 1337 1132 1407 siquidem
1181 1344 1264 1392 est
1306 1351 1336 1390 a
1377 1313 1616 1408 quodam
1665 1337 1806 1404 alio,
1860 1313 2069 1393 scilicet
2096 1337 2192 1391 Di-

608 1425 772 1498 dyino
811 1442 956 1482 caeco
988 1444 1000 1479 :
1029 1428 1336 1500 Nonaginta
1379 1437 1587 1483 novcm'
1625 1443 1756 1483 oves
1785 1443 1908 1484 esse
1935 1419 2185 1500 angelos:

609 1533 776 1574 unam
806 1529 987 1575 autem
1014 1536 1135 1590 qua:
1159 1521 1416 1590 perierat,
1450 1512 1573 1575 esse
1602 1535 1702 1575 nos
1737 1505 2010 1576 homines.

680 1670 934 1756 Scieiiter.
985 1700 1143 1766 Nota,
1176 1717 1300 1756 cum
1328 1701 1512 1757 dicere
1559 1700 1781 1772 angelos
1833 1701 1982 1771 ipsos
2010 1700 2190 1755 scien-

609 1798 733 1859 ter,
807 1810 918 1850 non
970 1794 1228 1864 discipuli
1292 1795 1468 1850 instar
1524 1793 1801 1864 opinando
1854 1807 2187 1863 cognoscere

607 1884 976 1951 deﬁnitiones,
1011 1888 1175 1941 veluti
1203 1893 1442 1957 quantus
1473 1887 1544 1942 sit
1574 1885 1876 1941 cmle‘stium
1912 1886 2186 1939 essemia-

608 1991 729 2031 rum
758 1992 1020 2033 numerus
1047 1993 1077 2032 a
1107 1977 1218 2034 Deo
1247 1980 1412 2034 etiam
1457 1979 1511 2032 in
1536 1978 1642 2032 isto
1678 1977 2004 2032 illustra'tos.

1184 2153 1255 2212 IN
1291 2155 1444 2214 CAP.
1487 2155 1604 2213 XV.

679 2247 761 2319 δι.
783 2246 952 2301 Prout
972 2246 1183 2318 angelos
1207 2250 1368 2304 decet.
1400 2245 1555 2301 Sicut
1571 2247 1820 2311 linteum,
1836 2244 2178 2300 sicutcarbo.

675 2339 872 2396 Sensus
898 2340 1196 2410 anagogici,
1233 2339 1331 2395 Gr.
1371 2338 1790 2410 ἀνακαθάρσεις.
1845 2337 2180 2409 Ἀνακαθάρι

604 2446 717 2496 σεις
757 2440 918 2489 vocat
965 2432 1443 2503 interpretationes
1485 2434 1593 2486 vim
1665 2430 1974 2501 exponendi
2039 2429 2181 2486 ritus

603 2525 886 2590 habentes,
919 2525 1016 2595 per
1053 2538 1191 2594 quas
1222 2524 1377 2594 signa
1413 2537 1534 2593 qua:
1565 2523 1620 2576 in
1648 2523 1715 2578 iis
1739 2535 1869 2593 quin
1897 2521 2177 2588 dicuntur,

603 2619 839 2674 absurda
870 2617 1141 2681 videntur,
1174 2623 1572 2686 expurgantur.

674 2709 819 2763 Nam
850 2709 897 2763 si
926 2709 1159 2780 quidem.
1195 2707 1388 2777 Supra
1413 2706 1560 2760 enim
1589 2705 1823 2770 dixerat,
1867 2705 2178 2775 superiores

599 2803 831 2858 virtutes
858 2816 1017 2856 sacro
1063 2801 1292 2870 imperio
1317 2814 1551 2870 praeesse
1596 2799 1952 2868 sequentibus
1991 2804 2044 2854 et
2072 2814 2179 2854 me-

599 2895 718 2950 dias
746 2891 1161 2964 posterioribus,
1194 2899 1248 2947 et
1284 2906 1474 2946 earum
1506 2891 1840 2961 posteriores
1862 2891 2000 2946 viris
2037 2906 2178 2961 pon-

570 2973 859 3042 'tiilcibus.
893 2985 1011 3043 Non
1064 2985 1212 3040 enim
1253 2983 1412 3048 dixit,
1436 2982 1688 3038 eumdem
1725 2982 1975 3038 ordinem
2005 2982 2177 3052 impe-

597 3096 724 3136 rare
769 3077 1149 3149 sequentibus,
1197 3083 1251 3132 et
1305 3076 1377 3131 ab
1429 3074 1820 3144 iisdem'regi;
1869 3081 2059 3144 verum
2100 3074 2175 3128 ita

598 3171 757 3235 dixit,
789 3172 1025 3242 primum
1050 3169 1298 3225 ordinem
1334 3169 1607 3238 imperare
1635 3167 1857 3237 quidem
1885 3167 2169 3239 sequenti-

2295 691 2449 759 λόγον
2477 693 2535 746 ὲν
2566 693 2764 760 ἀνοίξει
2795 694 2887 747 τοῦ
2919 696 3184 766 στόματος
3212 694 3387 766 ἡμῶν,
3413 693 3595 763 ἄγγελοι
3628 696 3779 766 προξεο

2294 784 2464 851 νοῦσι,
2493 784 2652 856 δῆλον
2679 786 2755 848 ὡς
2787 786 2926 857 ὑπὲρ
2965 785 3114 857 ἡμῶν
3143 784 3528 856 πρεσϐεύοντες.

2402 1035 2408 1043 ἱ
2731 961 2843 1016 E12
2894 963 2982 1017 T0
3031 965 3282 1018 ΚΕΦΑΛ.
3333 967 3430 1018 ιΔο.

2361 1054 2586 1133 Χιλίας.
2618 1053 2805 1109 Ταῦτα
2834 1054 2892 1109 ὲν
2921 1056 2999 1126 τῷ
3026 1057 3222 1129 Δανιὴλ
3249 1057 3474 1130 εἴρηται.

2367 1145 2486 1214 Τὴν
2497 1146 2726 1216 ἀσθενῆ
2764 1147 2864 1201 καὶ
2906 1149 3424 1218 συνεσταλμένην.
3473 1150 3656 1222 Ἀσθενῆ
3683 1169 3787 1224 συμ-

2294 1238 2520 1310 μετρίαν
2556 1239 2780 1293 ὲκάλεσε
2826 1237 2919 1294 τὸν
2965 1241 3074 1295 τῶν
3119 1242 3422 1315 ἀνθρώπων
3451 1244 3650 1317 ,ἀριθμὸν
3683 1247 3788 1318 πρὸς

2289 1320 2384 1380 τὸν
2427 1328 2533 1382 τῶν
2573 1321 2850 1398 ἀγγέλωνο
2905 1331 3118 1404 εἴρηται
3157 1334 3266 1405 γὰρ
3308 1335 3404 1389 καὶ
3427 1335 3570 1407 ἑτέρῳ
3593 1332 3695 1398 τινί,
3722 1340 3789 1390 Δι-

2288 1411 2442 1495 δύμῳ
2470 1417 2706 1496 δηλονότι
2731 1425 2810 1497 τῷ
2837 1426 3020 1497 τυφλῷ
3042 1442 3056 1456 ο
3089 1425 3170 1479 Τὰ
3201 1427 3298 1497 μὲν
3327 1428 3641 1498 ἐννενήκοντα
3669 1429 3791 1481 ἐννέα

2289 1504 2538 1584 πρόϐατα
2574 1510 2714 1569 εἶναι
2750 1510 2876 1579 τοὺς
2906 1516 3168 1585 ἀγγέλους
3191 1532 3204 1547 ο
3234 1516 3296 1570 τὸ
3322 1517 3378 1570 δὲ
3407 1515 3459 1570 ἓν
3490 1513 3542 1570 τὸ
3569 1516 3792 1580 ἀπολωλὸς

2289 1605 2437 1674 ἡμᾶς
2462 1607 2589 1668 τοὺς
2621 1605 2960 1677 ἀνθρώπους.

2355 1690 2751 1762 Τνωστικῶς-ἰ
2801 1699 3268 1770 ηΣημείωσαι,ὃτι
3333 1696 3425 1754 καὶ
3485 1701 3651 1764 αὐτοὺς
3695 1701 3794 1763 τοὺς

2287 1786 2552 1855 ἀγγέλους
2605 1790 2740 1861 φησὶ
2783 1783 3118 1858 γνωστικῶς,
3167 1792 3229 1844 οὐ
3288 1792 3599 1864 μαθητικῶς,
3640 1792 3796 1845 εἰδέναι

2286 1879 2431 1941 τοὺς.
2481 1879 2768 1950 ὁρισμοὺς,
2832 1876 2994 1936 οἱονεὶ
3060 1883 3139 1948 τὺ,
3203 1883 3367 1948 πόσος
3427 1884 3524 1937 τῶν
3578 1881 3797 1954 οὐρανίων

2219 1947 2262 2005 Β
2288 1969 2486 2023 οὐσιῶν
2514 1947 2762 2043 -ύπᾶρχει
2791 1974 2819 2026 ὁ
2847 1973 3099 2044 ἀριθμὸς,
3128 1947 3197 2028 Ex
3226 1974 3360 2028 Θεοῦ
3389 1974 3477 2028 καὶ
3507 1947 3646 2028 τοῦτο
3666 1989 3800 2042 φωτι-

2288 2061 2533 2126 σθέντας.

2646 2201 2651 2207 .
2739 2157 2848 2210 ΕΙΣ
2887 2157 2974 2211 ΤΟ
3012 2159 3260 2212 ΚΕΦΛΛ.
3297 2160 3399 2214 ΙΕ’.

2353 2246 2381 2318 §
2419 2249 2462 2304 ι.
2517 2236 3048 2320 Ἀτγελοτερεποῡς.
3091 2250 3179 2313 Ὠς
3205 2249 3385 2321 ὀθόνη,
3404 2240 3485 2314 ὡς
3511 2249 3710 2322 ἄνθραξ.

2291 2367 2293 2370 ‹
2367 2327 2848 2409 Ἀνακαθάρσεις.
2913 2328 3336 2413 Ἀνακαθάρσεις
3365 2343 3492 2413 φησὶ
3516 2341 3606 2406 τάς
3639 2343 3802 2412 ἐξηγηι

2280 2431 2440 2494 τικὰς
2479 2421 2806 2503 ἑρμηνείας,
2859 2433 2924 2486 δι’
2981 2426 3055 2486 ὧν
3083 2424 3452 2504 καθαίρονται
3494 2426 3591 2487 τῶν
3631 2435 3682 2488 ὲν
3721 2425 3807 2496 τοῖς

2281 2521 2591 2593 λεγομένοις
2634 2522 2934 2597 δοκούντων
2959 2523 3175 2578 ἀτόπων
3210 2523 3277 2578 τὰ
3307 2525 3558 2597 σύμϐολα.

2349 2717 2421 2770 El
2455 2714 2574 2786 μὲν
2619 2715 2750 2786 γάρ.
2802 2719 2949 2772 Ἀνω
2994 2717 3104 2792 γὰρ
3156 2715 3330 2785 εἶπεν,
3377 2720 3458 2774 ὅτι
3498 2719 3549 2774 αί
3589 2718 3813 2790 ἀνώτεροι

2277 2807 2534 2878 δυνάμεις
2569 2810 2880 2881 ίεραρχοῦσι
2925 2811 3026 2875 τὰς
3068 2813 3183 2882 μετ’
3233 2812 3421 2878 αὑτὰς,
3462 2811 3550 2866 καὶ
3589 2812 3638 2864 αί
3682 2811 3814 2880 μέσαι

2276 2899 2376 2964 τὰς
2405 2900 2638 2973 ὑπέρας
2659 2941 2674 2966 ,
2708 2902 2802 2956 καὶ
2847 2903 2902 2957 αἱ
2931 2902 3155 2976 ὕστεραι
3191 2905 3370 2959 αὐτῶν
3400 2906 3522 2968 τοὺς
3563 2904 3615 2956 ἐν
3643 2901 3816 2973 ἀνθρὼ-

2277 3009 2402 3057 ποις
2442 2994 2720 3066 ίεράρχας.
2768 2993 2906 3049 Οὔτε
2949 2996 3060 3070 γὰρ
3103 2993 3279 3062 εἶπεν,
3326 2999 3408 3051 ὅτι
3457 2999 3490 3069 ή
3525 2995 3654 3068 αὑτὴ
3693 2993 3818 3059 τάξις

2275 3086 2372 3140 καὶ
2398 3084 2554 3159 ἄρχει
2581 3086 2658 3159 τῷ
2681 3087 2726 3118 ⁷⁷
2761 3087 2878 3159 μετ’
2907 3089 3096 3160 αὐτὴν,
3138 3089 3232 3142 καὶ
3272 3089 3494 3162 ἄρχεται
3540 3087 3626 3141 ὑπ’
3653 3086 3818 3147 αὐτῶν,

2273 3175 2388 3230 ἀλλ’
2437 3178 2611 3243 οὕτως
2659 3173 2830 3245 εἶπεν,
2887 3180 2969 3234 ὅτι
3023 3181 3056 3251 ἡ
3107 3175 3299 3253 πρώτη
3355 3179 3508 3245 τάξις
3551 3179 3700 3250 ἄρχει
3745 3177 3821 3247 μὲν

599 3262 725 3327 bus,
758 3262 872 3334 regi
901 3277 1032 3318 vero
1059 3277 1090 3316 a
1113 3260 1555 3331 praecedentibus
1583 3273 1597 3311 :
1625 3259 1708 3315 sic
1731 3273 1950 3330 quoque
1977 3259 2033 3314 in
2062 3267 2172 3314 ca-

2286 3267 2534 3342 ῑύτὴνττδ,
2557 3265 2782 3343 ἄρχεται
2807 3271 2864 3325 δὲ
2891 3270 2998 3325 ὑπὸ
3026 3271 3132 3326 τῶν
3159 3273 3264 3344 πρὸ
3290 3273 3482 3343 αὐτῆς·
3500 3273 3636 3326 οὕτω
3660 3270 3746 3325 καὶ
3763 3272 3824 3332 εἰς

596 3355 732 3410 teris
770 3351 1201 3426 intelligendum.

671 3444 816 3500 Nam
846 3448 894 3500 si
925 3447 982 3500 in
1005 3447 1173 3500 sacris
1204 3446 1333 3516 regi.
1379 3443 1494 3502 Hoc
1522 3446 1639 3502 vult
1659 3446 1864 3512 dicere,
1891 3445 1939 3501 si
1973 3443 2177 3500 dixeri-

597 3551 724 3594 mus
756 3538 964 3608 primos
993 3536 1216 3592 ordines
1247 3541 1418 3594 saero':
1438 3536 1671 3608 imperio
1698 3551 1934 3608 praeesse
1963 3543 2178 3608 postre-

598 3629 725 3694 mis,
767 3628 962 3684 deinde
988 3628 1231 3685 vicissim
1264 3621 1578 3700 postremos
1596 3642 1754 3684 sacro
1776 3629 2006 3700 imperio
2035 3643 2176 3700 prie-

596 3736 720 3777 esse
767 3723 959 3793 primis
1007 3723 1315 3789 ordinibus,
1368 3736 1399 3776 a
1435 3721 1635 3792 quibus
1664 3721 1771 3793 55
1800 3722 1968 3778 etiam
2019 3725 2175 3778 sacro

597 3813 828 3884 imperio
853 3821 1138 3886 reguntur,
1170 3813 1411 3870 absurda
1438 3821 1524 3869 est
1553 3813 1852 3870 sententia.

668 3906 832 3962 Haud
860 3909 1157 3979 incongrue.
1181 3905 1299 3962 Non
1339 3905 1638 3963 absurdum
1691 3907 1889 3976 inquit,
1910 3905 2175 3977 imagines

595 4013 716 4068 qua:
739 3998 795 4053 in
824 3998 1026 4054 divinis
1056 3991 1336 4069 responéis
1356 3995 1652 4068 Scriptum
1677 3996 2026 4065 reperiuntur
2051 3996 2175 4050 uni-

591 4091 772 4146 versis
828 4089 1149 4147 caelestibus
1199 4089 1496 4144 virtutibus
1545 4089 1874 4152 attribuere,
1915 4096 2173 4158 tanquam

595 4196 787 4238 omnes
833 4182 964 4247 sint,
999 4189 1060 4236 ut
1087 4181 1161 4235 ita
1186 4181 1389 4247 dicam,
1421 4179 1684 4236 sublimes
1717 4187 1772 4234 et
1813 4179 2084 4234 salutares
2119 4187 2174 4233 et

589 4270 854 4336 scientes,
884 4271 986 4326 etsi
1015 4287 1126 4325 non
1155 4271 1439 4340 arquaiiter
1463 4287 1479 4325 :
1513 4268 1611 4325 sed
1643 4270 1725 4324 hie
1747 4265 1963 4338 quidem
1985 4258 2172 4324 excel-

596 4362 791 4427 lentes,
823 4361 942 4417 istae
966 4377 1096 4417 vero
1128 4362 1395 4416 remissae.
1603 4395 1608 4400 -
2141 4381 2150 4390 .-

665 4451 748 4505 Ad
768 4453 1058 4507 anteriora.
1095 4442 1442 4522 Superiuset
1476 4453 1745 4508 eminens.

2277 3363 2377 3428 τὰς
2405 3361 2533 3436 ἑξῆς
2557 3361 2797 3433 νοητέον.

2347 3455 2419 3508 El
2440 3451 2558 3523 μὲν
2583 3453 2694 3523 γὰρ
2722 3453 3138 3523 Ιεραρχεῗσθαι.
3203 3452 3268 3508 '0
3306 3469 3454 3525 φησι·
3485 3451 3642 3506 τοῦτό
3686 3451 3827 3508 ἐστιν,

2276 3545 2379 3610 ὅτι,
2411 3545 2459 3597 εί
2498 3542 2597 3607 τὰς
2640 3542 2864 3615 πρώτας
2905 3542 3086 3608 τάξεις
3132 3541 3415 3614 ἐλέγομεν
3453 3544 3716 3614 ίεραρχεϊν
3741 3540 3832 3591 τῶν

2273 3634 2620 3700 τελευταίων,
2651 3631 2769 3688 εἶτα
2815 3635 2976 3689 πάλιν
3004 3634 3174 3698 αὐτὰς
3199 3633 3299 3698 τὰς
3329 3628 3646 3697 τελευταίας
3673 3635 3831 3702 ίεραρι

2265 3727 2391 3799 ’χεῐν
2413 3727 2522 3781 τῶν
2566 3727 2801 3799 πρώτων
2838 3727 3065 3792 τάξεων,
3097 3722 3188 3797 ὑφ’
3213 3719 3288 3782 ὧν
3317 3727 3412 3780 καὶ
3461 3723 3835 3797 ίεραρχοῦνται,

2275 3819 2475 3874 ἄτοπον
2506 3819 2738 3890 πρᾶγμα
2765 3814 2856 3890 ἦν,

2359 3909 2479 3962 οὐκ
2516 3909 2859 3974 ἀπεικότως.
2905 3910 3020 3964 Ούκ
3061 3905 3260 3964 ἄτοπόν
3310 3925 3446 3980 φησι
3500 3906 3607 3970 τὰς
3647 3905 3702 3959 ὲν
3745 3903 3836 3964 τοῖς

2280 3997 2482 4066 λογίοις
2518 3998 2615 4068 τῆς
2662 3998 2886 4069 Γραφῆς
2929 3999 3142 4063 εἰκόνας
3184 3999 3388 4062 πάσαις
3438 4001 3567 4061 ταῖς
3629 3997 3834 4064 ἐπουρα-

2274 4090 2417 4154 νίαις
2455 4090 2715 4161 δυνάμεσι
2747 4090 3102 4162 περιτιθέναι,
3134 4091 3210 4155 ὼς
3241 4091 3443 4154 πάσας,
3473 4090 3650 4162 φέρε
3671 4085 3835 4148 εἰπεῖν,

2273 4176 2412 4235 εἶναι
2446 4180 2677 4252 ὑψηλὰς,
2714 4183 2808 4234 καὶ
2846 4183 3164 4253 σωτηρίους,
3194 4177 3286 4236 καὶ
3318 4183 3660 4252 γνωστικὰς,
3695 4182 3738 4232 εί
3767 4176 3836 4230 xc?

2267 4273 2351 4345 pd]
2401 4273 2621 4343 ὁμοίως·
2666 4271 2804 4325 ἀλλὰ
2855 4273 2955 4336 τὰς
3008 4274 3108 4344 μὲν
3174 4274 3630 4345 ὐπερκειμένως,
3664 4271 3755 4333 τὰς
3799 4268 3834 4320 ἅ

2274 4367 2599 4452 ὑφειμένως.

2343 4459 2454 4515 Kal
2484 4459 2550 4514 τὸ
2603 4459 2752 4529 πρὸς
2797 4458 2863 4513 τὸ
2903 4458 3172 4525 ἄναντες.
3224 4460 3529 4531 Ἀνώτερον
3565 4458 3666 4513 καὶ
3707 4455 3834 4521 ὑπερ

2273 4549 2542 4622 κείμενον.

670 4626 784 4698 δἰῐ.
837 4626 1199 4696 Incipiendum
1247 4635 1296 4681 et
1344 4627 1704 4698 quwrcndum‘.
1758 4625 1938 4702 [Nota]
1966 4642 2066 4683 cur
2111 4630 2165 4685 in

2344 4617 2467 4713 ςῙῙ·
2526 4641 2802 4711 Ἀρκτέον
2868 4641 2966 4696 καὶ
3022 4640 3318 4711 ζητητέον.
3377 4643 3735 4716 Σημείωσαι,
3783 4635 3832 4688 διε

596 4718 862 4788 angelicis
891 4717 1078 4788 ﬁguris
1108 4717 1346 4772 maxime
1377 4717 1510 4788 quid
1539 4717 1756 4788 igneum
1788 4717 2070 4786 probetur,
2112 4726 2166 4774 et

2286 4732 2321 4787 τί
2371 4735 2428 4788 ὲν
2468 4737 2580 4799 τοῖς
2611 4733 2920 4804 ἁγγελικοϊς
2950 4734 3144 4798 τύποις
3189 4735 3263 4808 μὴ
3310 4736 3602 4809 ὲμπύριον
3641 4730 3836 4806 uitta?!

590 4822 765 4879 quare
805 4809 1086 4880 Scriptura
1135 4817 1196 4864 ut
1231 4809 1538 4878 aplurimum
1593 4809 1740 4871 dicat
1775 4825 1867 4866 res
1913 4812 2164 4868 caelestes

2286 4824 2755 4896 παραλαμϐάνεται
2783 4867 2798 4891 ,
2846 4825 2941 4878 καὶ
2988 4824 3075 4878 διὰ
3115 4825 3168 4877 τί
3208 4827 3278 4878 τὰ
3325 4827 3460 4898 περὶ
3520 4825 3602 4880 τὰ
3655 4820 3833 4892 οὺράνι

589 4915 718 4958 esse
745 4902 954 4972 igneas,
977 4909 1030 4957 et
1059 4902 1393 4972 seraphinos-
1413 4901 1668 4958 ardentes
1689 4901 1817 4958 dici.

665 5091 995 5153 Incensores.
1029 5097 1412 5174 interpretatio
1449 5096 1687 5153 nominis
1727 5099 2022 5170 serapbim.

663 5191 852 5246 Sancti
893 5190 1052 5244 enim.
1088 5188 1200 5245 Cur
1222 5189 1388 5266 etiam
1422 5189 1567 5246 Deus
1601 5191 1655 5244 in
1686 5189 1809 5262 igne
1835 5199 2164 5260 conspectus

591 5281 684 5338 sit.
1319 5279 1326 5287 '
1357 5293 1359 5296 ‘
1743 5325 1748 5328 .
1857 5283 1860 5286 ’

661 5373 885 5430 Sensilis
933 5374 1075 5429 enim
1115 5373 1270 5444 ignis.
1322 5371 1656 5428 Admiranda
1713 5387 1846 5428 sane
1900 5373 2165 5429 naturalis

589 5466 905 5523 dissertatio
932 5466 999 5522 de
1030 5467 1171 5537 igne.
1191 5467 1373 5537 Ignem
1395 5466 1642 5534 videmus
1674 5466 1822 5518 omni
1854 5464 1931 5520 rei
1963 5480 2160 5520 conse-

589 5556 853 5610 minatum
912 5556 1031 5612 sine
1071 5555 1416 5624 admistione,
1452 5555 1556 5609 lioc
1588 5562 1673 5608 est
1702 5554 1924 5608 minime
1960 5555 2162 5623 permi-

588 5657 731 5701 stum
757 5646 826 5703 iis
857 5649 910 5703 in
935 5649 1137 5720 quibus
1158 5647 1393 5704 exsistit.
1417 5647 1522 5702 Per
1548 5647 1730 5702 omnia
1755 5661 1872 5700 vero
1898 5638 2155 5714 penetrat.

2270 4914 2491 4988 πυρώδη
2523 4916 2600 4980 ὡς
2629 4918 2722 4970 ἐπὶ
2750 4917 2998 4970 πλεῖστόν
3045 4932 3208 4989 φησιν
3240 4917 3273 4989 ἡ
3311 4917 3541 4991 Γραφή.
3575 4918 3695 4972 Καὶ
3725 4914 3834 4966 ὅτιε

2275 5009 2518 5079 σεραφὶμ
2543 5008 2727 5080 ὲμπρη
2736 5008 2856 5061 σταὶ
2889 5007 3158 5076 λέγονται.
3439 5023 3442 5026 ’

2357 5097 2732 5167 Ἐμπρηστὰς
2766 5096 2964 5163 ὄντας.
3011 5095 3306 5169 Ἑρμηνεία
3337 5096 3632 5169 σεραφίμ.

2345 5193 2409 5244 Ol
2446 5191 2558 5260 τὰρ
2599 5188 2764 5257 ἱεροί.
2808 5188 2909 5242 Διὰ
2949 5187 3003 5241 τί
3053 5189 3146 5242 καὶ
3176 5188 3204 5240 ὁ
3241 5187 3374 5251 Θεὸς
3417 5190 3513 5252 είς
3557 5185 3685 5256 πῦρ
3726 5179 3834 5233 ὲθεο

2343 5281 2430 5334 θη.

2343 5283 2371 5333 θ
2416 5318 2430 5334 .

2272 5283 2412 5426 ρήΤὲ
2471 5371 2582 5441 γὰρ
2649 5372 2936 5441 αἰσθητὸν
2995 5372 3135 5440 πῦρ.
3179 5369 3521 5440 Φυσιολογία
3594 5367 3836 5434 Θαυμαετ

2268 5467 2394 5538 περὶ
2439 5463 2629 5536 πυρός.
2673 5466 2747 5518 Τὸ
2778 5465 2890 5538 πῦρ
2912 5465 3129 5538 ὁρῶμεν
3159 5465 3238 5538 τῷ
3270 5467 3440 5519 παντὶ
3475 5469 3833 5525 κατεσπαρμέ

2263 5575 2373 5622 νον,
2409 5556 2625 5627 ἀμιγῶς
2657 5555 2736 5623 δὲ,
2770 5556 3047 5611 τουτέστιν
3079 5558 3181 5612 οὐκ
3212 5557 3659 5629 ἀναφυρόμενον
3695 5549 3806 5604 τοῖς

2260 5643 2343 5712 οἷς
2393 5647 2644 5720 ὑπάρχει.
2681 5649 2784 5703 Διὰ
2832 5651 3071 5706 πάντων
3110 5651 3181 5705 δὲ
3236 5649 3435 5722 φοιτᾷο
3473 5645 3785 5704 τουτέστιν
3829 5654 3834 5678 ν

1495 5801 1730 5857 VARIIE
1764 5797 2148 5858 LECTIONES
2175 5801 2266 5860 ET
2300 5802 2852 5864 CORRECTIONES.

661 5960 705 5994 "
736 5964 856 6028 ταῖς
930 5964 998 6045 τῖ’
1029 5962 1183 6036 ἄρχει
1214 5962 1311 6035 μὲν
1343 5963 1464 6027 ταῖς
1495 5960 1611 6034 μετ’
1640 5960 1830 6032 αὐτὴν.
1880 5971 1902 5976 ”
