3860 6582
104 427 168 482 105
737 419 794 476 S.
831 416 1072 473 MAXIM!
1107 412 1396 471 SCHOLIA
1433 409 1495 465 ΙΝ
1529 409 1658 466 LIB.
1695 409 1784 464 DE
1816 406 2140 464 C(EIESTI
2174 403 2620 462 lllERARCHIA.
3234 403 3338 475 106

103 517 273 584 καθάπερ
318 509 383 565 τδ
415 509 585 583 ὕδωρ
626 512 884 584 προφανῆ
912 511 1012 581 τὴν
1040 509 1178 582 πρὸς
1209 509 1309 580 τὴν
1340 506 1445 577 γῆν
1475 505 1644 558 ποιεῖ-

1785 500 1808 556 1
1842 507 1948 563 est,
1993 515 2100 553 non
2129 500 2272 555 sicut
2302 513 2441 570 aqua
2495 494 2846 560 manifestam
2879 495 3010 550 facit
3037 510 3162 552 cum
3195 506 3343 552 terra

105 629 162 664 ται
184 606 316 678 μίξινσ
350 603 510 657 οὕτω
547 605 664 658 καὶ⁵
700 606 764 658 τὸ
789 605 918 675 πῦρ,
958 600 1294 671 καταφλέγον
1315 599 1376 652 τὸ
1410 598 1518 651 πᾶν
1557 597 1650 650 καὶ

1785 591 2194 652 ommistionem
2223 611 2236 643 :
2266 591 2348 652 sic
2375 590 2540 650 etiam
2569 589 2711 661 ignis
2733 589 3064 652 comburens
3084 589 3342 644 universa

108 703 354 760 ὰνιλίσκοψ
391 699 692 771 ἐξῄρηται
734 700 812 763 δὲ,
849 699 1014 770 ἤγουν
1061 695 1382 768 ὑπέρκειται
1433 691 1649 746 πάντων

1785 692 1808 740 ι
1829 700 2196 750 consumens;
2221 690 2510 754 exemptus
2533 689 2712 744 autem
2741 689 2828 746 est
2851 697 2946 748 seu
2972 682 3342 752 supereminet

102 799 176 852 κατ’
198 794 488 866 ἐξαίρετον,
539 793 845 863 στοιχείων
875 789 1096 862 δηλαδὴ,
1130 787 1272 842 κατὰ
1319 787 1382 840 τὸ
1420 784 1652 856 δραστή-

1785 775 2012 838 »mnibus
2073 790 2170 846 per
2224 773 2630 836 excellentiam,
2678 772 2966 838 elementis
3020 771 3254 844 scilicet,
3285 772 3344 826 in

104 908 186 963 ρων·
201 865 506 958 ἄγνωστον
516 886 597 938 δὲ
621 887 762 939 αὐτὸ
778 884 874 940 καὶ
893 884 1146 952 κρύφιον
1167 880 1342 945 καλεῖ,
1369 878 1444 941 ὼς
1473 877 1651 948 ὑπάρ-

1785 867 2099 934 iﬁcacitate;
2123 869 2364 938 ignotum
2394 876 2570 920 autem
2592 874 2641 920 et
2665 865 2927 920 occultum
2949 865 3342 963 ipsum.vocat,

102 937 158 1054 ἔον
285 982 344 1035 ὲν
379 980 552 1043 ὕλαις
581 981 760 1043 τισὶν,
795 979 858 1032 οὐ
889 937 1210 1047 φῦιινϐμενον
1244 975 1302 1028 δὲ
1328 937 1450 1043 δίχα
1473 937 1651 1046 παρα-

1785 967 1820 1014 ιι
1853 937 2207 1016 essistentem
2246 960 2466 1030 quidem
2501 960 2554 1022 in
2591 958 2834 1022 materiis
2865 937 3345 1028 quibusda'mmon

101 1048 264 1149 τρίψεως
334 1074 370 1146 ἢ
446 1073 592 1128 ἄνευ
678 1072 817 1145 ὕλης
877 1070 1133 1141 δεκτικῆς
1197 1069 1298 1142 τῆς
1371 1066 1652 1139 ἐνεργείας

1787 1058 2104 1121 pparentem
2136 1067 2268 1108 vero
2299 1050 2422 1115 sine
2467 1049 2767 1116 attritione,
2805 1059 2898 1106 aut
2941 1049 3061 1105 sine
3107 1048 3336 1104 materia

102 1170 224 1236 ιῦτοῦ,
266 1166 649 1240 δεικνύμενον
706 1166 809 1220 καὶ
863 1163 1004 1219 κατὰ
1057 1160 1215 1218 τοῦτο
1272 1161 1498 1232 ἄσχετον
1557 1159 1652 1212 καὶ

1787 1143 2098 1210 fﬁcacitatis
2131 1144 2254 1213 ejus
2295 1144 2507 1214 capaci,
2544 1143 2784 1212 dumque
2813 1141 3148 1207 ostenditur,
3173 1140 3344 1195 etiam

102 1230 338 1333 ἀθεώρητον
356 1279 371 1293 ⁵
415 1230 650 1333 ὁμοίως
697 1259 796 1314 καὶ
850 1257 947 1322 τὰς
979 1256 1170 1320 λοιπὰς
1198 1254 1292 1310 τοῦ
1523 1251 1648 1307 ἰδιό-

1785 1251 1869 1290 um
1927 1235 2174 1292 cohiberi
2229 1244 2283 1290 et
2339 1235 2510 1300 videri
2564 1233 2776 1304 nequit.
2817 1231 3100 1302 Similique
3175 1230 3341 1286 modo

101 1374 212 1427 τητας
235 1354 575 1426 θεωρητέον,
616 1353 854 1416 ἅστινας
883 1346 1037 1416 οὗτος
1057 1352 1087 1402 ὁ
1128 1350 1318 1421 Πατὴρ
1350 1349 1471 1402 κατ’
1497 1346 1652 1399 εὐσε-

1785 1328 1993 1398 eliquas
2048 1327 2190 1397 ignis
2255 1328 2620 1398 proprietates
2681 1325 3046 1399 contemplari
3104 1331 3342 1393 oportet,

103 1417 416 1519 ὗῖίιάναγωγήν
438 1465 508 1502 τε
556 1417 668 1501 καὶ
700 1445 907 1500 ἔννοιαν
939 1443 1127 1497 ἐλαϐεν
1159 1443 1252 1495 ἐπὶ
1269 1417 1406 1494 θεοῦ
1447 1457 1505 1492 τε
1557 1439 1653 1491 καὶ

1785 1436 1893 1491 [uas
1926 1420 2016 1474 hic
2047 1419 2210 1483 Pater
2241 1420 2543 1480 secundum
2575 1420 2719 1491 piam
2755 1419 2956 1484 mentis
2982 1417 3348 1480 elevationem

1756 1520 1811 1568 et
1828 1513 2233 1574 meditationem
2256 1513 2559 1582 usurpabat
2577 1520 2693 1566 tum
2713 1513 2771 1566 in
2788 1510 2921 1577 Deo,
2953 1517 3070 1580 tum
3100 1512 3156 1581 in
3189 1524 3353 1582 ange-

1759 1607 1884 1671 licis
1917 1605 2149 1668 naturis.
2182 1604 2323 1662 Nota
2357 1621 2485 1660 vero
2507 1621 2608 1660 cur
2624 1603 2888 1670 Dominus
2911 1601 3056 1672 Deus
3089 1611 3352 1673 tanquam

1766 1698 1913 1769 ignis
1959 1697 2111 1754 visus
2168 1697 2240 1752 sit
2303 1697 2656 1766 frequenter,
2707 1702 2763 1752 et
2817 1696 2874 1750 in
2925 1709 3037 1768 quo
3085 1694 3355 1763 consistat

1756 1790 2056 1850 similitudo
2110 1789 2256 1861 ignis
2303 1805 2427 1856 eum
2465 1788 2595 1844 Deo.

157 1903 518 1971 Ἀκράτητογ,
552 1900 798 1971 ἀμιγὲς,
831 1899 1212 1970 διακριτικόν.
1230 1897 1540 1968 Σημείωσαι
1560 1894 1651 1950 έκ-

1829 1880 2017 1935 Teneri
2044 1880 2355 1950 miscerique
2383 1895 2488 1936 non
2518 1887 2710 1947 potest,
2729 1875 3032 1946 secernendi
3046 1877 3148 1942 vim
3174 1876 3350 1931 habet.

104 1969 244 2068 φρασιν
272 1995 546 2067 αἰσθητοῦ
584 1969 791 2066 πυρὸς,
824 1994 942 2064 ἦτοι
989 1991 1227 2046 ἐπαινονο
1258 1989 1522 2062 διακρίνει
1551 1990 1659 2061 γὰρ

1785 1973 1905 2030 iota
1957 1973 2360 2044 expositionem
2410 1971 2629 2035 sensilis
2660 1969 2804 2040 ignis
2825 1985 2922 2032 seu
2951 1969 3209 2034 laudem:
3239 1969 3357 2023 dis-

199 2089 280 2152 τὰς
326 2060 490 2152 ὔλας,
517 2082 646 2141 οἷον
675 2060 948 2158 ’μόλυϐδον
995 2086 1104 2139 ἀπὸ
1134 2060 1398 2156 ἀργύρου,
1432 2082 1528 2136 καὶ
1563 2060 1661 2144 τὰς

1785 2067 1970 2138 ,ἰοειιίῑ
2031 2065 2179 2122 enim
2228 2065 2394 2159 etiam
2427 2064 2710 2132 materias,
2766 2062 2909 2129 sicut
2950 2061 3237 2132 plumbum
3287 2060 3357 2114 ab

104 2179 322 2251 κολλήσεις
364 2180 617 2234 διαλύειο
671 2177 1034 2232 ἀναλλοίωτον
1065 2177 1144 2241 δὲ,
1177 2177 1312 2231 καθὸ
1341 2176 1563 2232 δυνατὸν
1591 2176 1658 2238 τ’,

1785 2169 2022 2231 ιτεεηιο,
2054 2165 2110 2214 et
2151 2153 2656 2227 con'glutinationes
2688 2153 2944 2212 dissolvit
2977 2173 2990 2210 :
3023 2155 3352 2209 commutari

106 2274 296 2342 μένοντος
327 2274 426 2327 τοῦ
465 2273 872 2343 ὑποκειμένου,
903 2272 1179 2324 τουτέστιν
1219 2271 1388 2342 αὐτῆς
1435 2270 1534 2340 τῆς
1571 2271 1663 2324 οὐ-

1785 2259 1947 2307 ιυιεω
1991 2264 2105 2308 non
2151 2255 2354 2320 potest,
2385 2255 2660 2318 quatenus
2705 2245 3047 2315 impossibile
3084 2251 3193 2309 est,
3238 2260 3358 2298 ma—

105 2366 188 2429 σίσς
211 2366 289 2420 τοῦ
323 2367 532 2438 πυρὸς,
577 2363 943 2438 μεταϐάλλειν
974 2363 1105 2418 αὐτὸ
1151 2365 1209 2416 ὲν
1253 2365 1365 2426 τοῖς
1415 2363 1662 2428 πάθεσιν,

105 2454 181 2510 οἷον
205 2459 451 2527 γενέσθαι
487 2457 636 2512 αὐτὸ
672 2456 1005 2528 στρογγύλον
1035 2456 1068 2528 ἢ
1128 2454 1415 2518 κωνοειδὲς
1437 2455 1504 2520 ⁸ο,
1528 2455 1665 2527 ὅπερ

105 2549 144 2600 ὲν
165 2553 253 2613 τοῖς
279 2552 502 2623 γηῖνοις
539 2550 701 2603 ἐστὶν
735 2549 936 2621 εὑρεῖν,
969 2549 1002 2620 ἢ
1037 2547 1228 2602 παθεῖν
1258 2547 1327 2601 τὰ
1357 2547 1450 2601 τοῦ
1481 2547 1662 2619 ἀέρος,

104 2635 181 2692 οἷον
205 2641 476 2714 φθαρῆναι
510 2641 609 2694 διὰ
640 2641 753 2694 τῶν
785 2638 1270 2711 ἀναθυμιάσεων,ἢ
1304 2638 1639 2710 παχυνθῆναι

105 2731 222 2801 ﬁmi
247 2736 317 2799 ὡς
347 2735 415 2788 τὸ
449 2735 610 2807 ὕδωρ
642 2733 955 2805 μεταϐολὰς
985 2731 1259 2800 δέξασθαι.

104 1540 340 1610 ἀγγελικῶν
367 1541 634 1610 φύσεων.
653 1537 965 1610 Σημείωσαι
990 1537 1046 1591 δὲ
1069 1535 1157 1590 διὰ
1175 1537 1227 1589 τί
1248 1534 1452 1605 Κύριος
1473 1535 1502 1587 ὁ
1523 1531 1654 1594 Θεὸς

103 1630 244 1704 ὦςπῦρ
263 1630 563 1703 ὲθεωρήθη
588 1630 882 1696 πολλάκις,
908 1630 1000 1683 καὶ
1031 1627 1171 1683 κατὰ
1196 1627 1310 1681 τί¹¹⁸
1332 1627 1366 1699 ἡ
1397 1623 1654 1696 ὁμοίωσις

101 1725 162 1778 τοῦ
183 1725 327 1794 πυρὸς
361 1723 515 1795 πρὸς
546 1723 656 1777 τὸν
687 1722 841 1776 Θεόν.

1765 2351 1929 2402 nente
1959 2343 2236 2414 subjecto,
2261 2341 2366 2396 hoc
2395 2347 2481 2396 est
2508 2337 2698 2394 eadem
2732 2329 2875 2408 ignis
2909 2344 3127 2398 natura,
3151 2336 3357 2396 mutari

1762 2435 1942 2506 ipsum
1967 2435 2024 2489 in
2069 2431 2520 2504 proprietatibus,
2556 2431 2703 2485 sicut
2736 2445 2864 2484 eum
2899 2427 3018 2484 ﬁeri
3051 2427 3358 2484 rotundum

1764 2535 1819 2584 et
1849 2526 2243 2590 acuminatum,
2267 2524 2412 2595 quod
2446 2523 2501 2577 in
2533 2520 2892 2578 terrestribus
2923 2518 3172 2574 invenire
3191 2519 3353 2586 licet;

1765 2627 1858 2680 aut
1891 2618 2035 2682 aeris
2060 2616 2424 2689 proprietates
2454 2614 2764 2678 admittere,
2794 2613 2939 2670 sicut
2960 2627 3059 2684 per
3086 2627 3356 2682 evapora-

1765 2712 1942 2768 tiones
1973 2709 2276 2780 corrumpi,
2311 2714 2406 2762 aut
2437 2706 2790 2775 condensari,
2827 2707 2912 2763 vel
2961 2707 3107 2764 sicut
3154 2722 3356 2777 aquam

1767 2804 2104 2860 mutationes
2137 2803 2443 2871 suscipere.
2857 2817 2860 2819 λ

1838 2894 2216 2962 Dejectionem.
2254 2891 2546 2962 Nunquam
2581 2893 2726 2947 enim
2759 2891 3023 2951 inferiora
3056 2893 3211 2961 petit.

1837 2987 1948 3061 56
1975 2985 2042 3048 Se
2072 2986 2188 3055 ipso
2228 2995 2480 3040 movetur.
2511 2983 2667 3050 Quod
2700 2991 2920 3055 semiper
2953 2984 3151 3042 eodem
3193 2984 3360 3042 modo

1772 3086 2042 3136 movetur.

1847 3170 1972 3227 Non
1996 3180 2128 3243 eget.
2163 3171 2347 3241 Ignem
2366 3171 2538 3234 altero
2564 3185 2673 3226 non
2690 3168 2956 3241 indigere,
2973 3169 3080 3226 etsi
3111 3169 3363 3239 subjecto

161 2915 460 2984 'Ygséc'swc.
502 2914 789 2969 Οὐδέποτε
822 2914 930 2985 γὰρ
960 2918 1129 2986 χωρεῖ
1160 2916 1254 2969 ἐπὶ
1285 2915 1353 2970 τὰ
1384 2916 1554 2970 κάτω.

155 3010 601 3077 Ταυτοκίνητον.
651 3005 927 3071 Ὡσαύτως
957 3007 1290 3079 κινούμενον.

166 3163 536 3235 Ἀπροσδεές.
576 3167 705 3219 Ὅτι
737 3165 1032 3235 ἀπροσδεὲς
1063 3166 1250 3238 ἑτέρου
1295 3166 1356 3219 τὸ
1388 3166 1519 3239 πῦρ,
1551 3166 1668 3222 καί-

103 3272 166 3309 τοι
189 3257 349 3312 δέεταί
395 3275 553 3324 τινος
603 3259 969 3330 ὑποκειμένου
1001 3260 1079 3325 είς
1109 3259 1173 3314 τὸ
1202 3259 1516 3332 ὲξαφθῆναι·
1552 3261 1668 3316 ἀλλ’

1785 3265 1959 3337 aliquo
1985 3263 2226 3336 indigeat
2252 3271 2314 3318 ut
2333 3263 2698 3320 accendatur:
2722 3277 2909 3324 verum
2932 3264 3037 3320 hoc
3065 3279 3175 3318 non
3195 3261 3363 3330 dicit;

102 3349 151 3400 οὐ
188 3350 331 3404 τοῦτο
378 3351 572 3420 λέγει,
607 3351 726 3405 ἀλλ’
759 3352 842 3404 ὅτι
872 3351 932 3406 τὸ
965 3351 1077 3425 πῦρ
1106 3353 1168 3407 οὐ
1206 3353 1457 3425 μίγνυται
1498 3356 1670 3428 ἑτέρῳ

1785 3358 1870 3416 sed
1911 3358 2092 3430 ignem
2143 3372 2256 3414 non
2292 3356 2643 3420 commisceri
2672 3355 2832 3410 alteri
2855 3355 3147 3419 elemento,
3182 3370 3365 3424 neque

107 3442 340 3514 στοιχείῳ,
371 3443 503 3497 οὐδὲ
536 3445 820 3515 κιρνᾶται,
851 3444 927 3508 ὡς
969 3444 1031 3498 τὸ
1067 3444 1213 3517 ὕδωρ
1242 3449 1309 3517 τῇ
1339 3451 1429 3518 γῇ·
1464 3447 1544 3503 διὸ
1576 3449 1671 3503 atati.

1785 3450 1919 3506 sicut
1950 3463 2146 3520 aquam
2181 3458 2341 3504 terrae
2378 3448 2732 3520 permisceri;
2763 3445 2973 3513 idcirco
2997 3446 3167 3517 aliqui
3199 3462 3364 3502 voca-

104 3527 149 3578 ἐν
177 3533 450 3603 στοιχείοις
486 3532 809 3605 μονοούσιον
839 3535 970 3588 αὐτὸ
1001 3534 1132 3590 ἔνιοι
1165 3536 1512 3610 κεκλήκασιν.

1785 3551 1906 3606 runt
1936 3542 2118 3612 ipsum
2152 3542 2332 3596 solum
2365 3540 2423 3596 in
2457 3555 2558 3596 suo
2589 3555 2812 3611 genere.

162 3619 186 3693 ς
225 3621 308 3677 Ill.
368 3626 972 3696 Ἀνθρωπομόρφους.
1032 3629 1132 3683 Διά
1176 3630 1229 3682 τί
1261 3631 1355 3684 καὶ
1386 3630 1670 3703 ἅνθρωπό-

1851 3633 1880 3706 §
1928 3633 2018 3690 lll.
2056 3633 2311 3700 Humana
2342 3634 2536 3703 forma.
2569 3633 2682 3690 Cur
2714 3633 2894 3704 angeli
2926 3633 3168 3694 humana
3189 3631 3368 3689 forma

107 3728 276 3784 μορφοι
303 3717 734 3772 διαπλάττονται
767 3717 818 3769 οἱ
848 3717 1088 3788 ἄγγελοι.

1785 3729 2175 3801 perﬁngantur.

161 3806 260 3859 Καὶ
289 3809 351 3861 τὸ
395 3809 528 3862 κατ’
558 3809 874 3879 αἴσθησιν.
908 3812 1222 3883 Σημείωσαι
1267 3814 1368 3886 τὴν
1410 3814 1671 3888 διαφορὰν

1848 3821 1918 3876 Ει
1951 3837 2105 3882 sensu
2145 3819 2379 3892 quidem.
2406 3818 2544 3878 Nota
2583 3817 2948 3881 diﬁ‘erentiam
2977 3818 3202 3880 sensilis
3234 3819 3369 3874 bru-

103 3896 180 3948 τοῦ
213 3899 468 3972 αἰσθητοῦ
515 3901 627 3956 τῶν
673 3900 886 3972 ἀλόγων
919 3902 1072 3969 ζώων
1105 3905 1244 3978 πρὸς
1272 3906 1334 3962 τὸ
1363 3907 1671 3981 αἰσθητικὸν

1785 3922 1959 3971 torum
1991 3914 2384 3981 animantium,
2417 3921 2472 3968 et
2502 3911 2724 3968 sensilis
2757 3912 3111 3974 rationalium
3131 3952 3148 3978 ,
3186 3913 3367 3968 nostri

102 3988 194 4041 τῶν
223 3991 474 4061 λογικῶν,
509 3994 674 4066 ἡμῶν
707 3993 870 4066 λέγω*
903 3997 973 4051 τὰ
1008 3999 1107 4069 μὲν
1140 3998 1251 4071 γὰρ
1282 4000 1450 4070 ἄλογα
1477 4001 1538 4055 τὸ
1568 4002 1671 4056 πᾶν

1785 4008 2000 4078 inquam
2043 4024 2059 4074 ;
2093 4006 2256 4060 bruta
2287 4005 2434 4061 enim
2465 4018 2694 4074 prorsus
2725 4011 2857 4058 sunt
2888 4018 3119 4070 sensus;
3150 4019 3217 4067 ex
3255 4019 3366 4074 quo

102 4079 340 4154 αἴσθησίς
363 4087 496 4154 εἰσι,
526 4086 595 4140 δι’
636 4081 710 4159 ἧς
746 4088 842 4142 καὶ
891 4089 1239 4147 συνίστανται
1278 4092 1480 4165 ἀνόητα
1525 4093 1671 4147 ὅντα·

1785 4099 1942 4162 etiam
1967 4106 2246 4165 constant,
2280 4105 2468 4168 utpote
2499 4097 2778 4152 intellectu
2802 4095 3097 4164 destituta;
3123 4097 3178 4152 in
3199 4097 3364 4154 nobis

102 4172 152 4224 ἒν
180 4175 233 4229 δὲ
267 4179 422 4249 ἡμῖν,
453 4178 632 4252 βραχὺ
673 4181 736 4234 τὸ
783 4181 1114 4254 αἰσθητικόν·
1152 4185 1214 4238 οὐ
1269 4184 1378 4258 γὰρ
1412 4185 1479 4239 δι’
1510 4187 1671 4242 αὐτοῦ

1785 4198 1962 4254 autem
1995 4188 2272 4252 modicum
2300 4197 2387 4246 est
2417 4187 2640 4250 sensile,
2668 4201 2845 4258 neque
2875 4187 3020 4244 enim
3046 4202 3114 4243 ex
3135 4201 3202 4244 eo
3229 4203 3365 4244 con-

102 4270 472 4341 συνιστάμεθα,
503 4271 642 4326 ἀλλὰ
660 4271 752 4327 διὰ
777 4271 871 4327 τοῦ
899 4276 1105 4347 νοεροῦο
1138 4277 1259 4331 ὅθεν
1287 4277 1382 4331 καὶ⁸
1416 4277 1553 4348 μετὰ
1581 4277 1678 4332 Θά-

103 4373 244 4412 νατον
269 4361 348 4414 έτι
386 4365 574 4436 ἐσμὲν,
602 4364 755 4438 ψυχὴ
791 4366 954 4440 νοερὰ
981 4367 1154 4434 ὄντες.
1195 4371 1318 4424 Ἐπὶ
1343 4371 1400 4426 δὲ
1438 4372 1545 4426 τῶν
1576 4374 1671 4443 ἀγ-

1785 4374 2148 4445 persistimus,
2172 4388 2295 4429 cum
2327 4373 2500 4428 simus
2525 4371 2726 4427 animal
2749 4371 3027 4445 intelleetu
3049 4371 3358 4440 praeditum.

102 4451 259 4518 γέλων
289 4456 408 4510 οὐδὲ
439 4457 504 4510 τὸ
537 4457 880 4531 βραχύτατον
911 4460 1026 4514 ἐστι
1052 4462 1163 4516 τῶν
1191 4462 1518 4536 αίσθήσεων,
1543 4463 1671 4518 ἀλλὰ

1785 4467 1842 4522 In
1880 4465 2089 4538 angelis
2117 4475 2299 4522 autem
2331 4480 2510 4535 neque
2539 4464 2828 4520 minimum
2853 4478 3051 4523 sensus
3064 4465 3360 4535 reperitur,

104 4544 259 4642 ῖᾶπος
293 4552 470 4621 παχὺς
489 4551 534 4584 ⁸¹
563 4551 634 4606 τὰ
673 4551 795 4605 καθ’
828 4555 976 4624 ἡμᾶς
1000 4571 1013 4584 ·
1048 4556 1333 4627 ἐλάχιστον
1364 4558 1422 4611 δὲ
1461 4558 1552 4611 τὸν
1585 4559 1671 4613 ἄν·

1785 4573 1970 4614 verum
2002 4567 2191 4614 nostra
2221 4567 2352 4614 sunt
2377 4556 2532 4612 rudis
2560 4557 2780 4612 illorum
2813 4555 2988 4628 ﬁgura
3022 4575 3037 4612 :
3073 4555 3365 4612 minimum

105 4634 310 4708 θρωπον
339 4645 459 4696 κατ’
485 4643 741 4718 αἴσθησίν
770 4662 952 4717 φησιν,
976 4649 1072 4720 οὐχ
1093 4649 1172 4713 ὡς
1189 4649 1298 4702 τῶν
1324 4649 1498 4705 ἄλλων
1527 4649 1671 4715 ζώων

1785 4665 1915 4706 vero
1946 4650 2022 4704 ait
2039 4649 2318 4706 hominem
2351 4649 2653 4708 secundum
2682 4663 2930 4714 sensum.
2954 4662 3067 4709 non
3089 4649 3234 4718 quod
3259 4648 3365 4703 alia

1778 4291 2011 4350 stamus,
2033 4281 2132 4337 sed
2165 4297 2232 4337 ex
2264 4277 2587 4353 intelligibili
2607 4297 2622 4345 ;
2641 4278 2764 4342 ideo
2788 4278 2952 4336 etiam
2976 4285 3101 4348 post
3130 4287 3364 4338 mortem
3463 4271 3466 4274 ’

106 4729 346 4797 πλείονας
382 4736 668 4808 αἰσθήσεις
714 4736 968 4809 ἐχόντων,
1023 4740 1164 4796 ἀλλὰ
1217 4741 1678 4815 δραστικωτέρας,

107 4822 194 4874 καὶ
247 4823 523 4899 ὀξυτέρας.
573 4829 818 4902 Αἴνιγμα
862 4831 919 4886 δὲ
961 4832 1121 4889 τοῦτο
1170 4833 1438 4906 λαμϐάνει
1463 4835 1525 4888 τὸ
1555 4838 1682 4902 τοὺς

104 4912 358 4982 ἀγγέλους
409 4921 483 4993 μὴ
533 4922 840 4994 κεχρῆσθαι
875 4925 974 4996 μὲν
1008 4931 1124 4993 τοῖς
1156 4926 1278 4982 καθ’
1309 4928 1457 5000 ἡμᾶς
1490 4928 1681 5001 αἰσθη-

104 5005 340 5074 τηρίοιςο
385 5011 678 5083 ὑπερέχειν
716 5013 774 5067 δὲ
813 5017 956 5068 κατὰ
1001 5018 1136 5072 πολὺ
1181 5016 1260 5088 τῷ
1311 5018 1553 5090 περιόντι
1582 5020 1683 5090 τῆς

104 5099 288 5167 νοερᾶς
313 5100 593 5175 δυνάμεως
614 5121 627 5135 ·
663 5103 853 5179 ὥσπερ
885 5107 980 5160 καὶ
1011 5110 1298 5182 ἄνθρωπος
1337 5114 1403 5183 τῇ
1451 5110 1546 5165 τοῦ
1589 5111 1682 5167 νοῦ

106 5185 336 5264 ὑπεροχῇ
369 5195 463 5250 καὶ
493 5197 574 5269 τῷ
606 5198 853 5271 λογισμῷ
878 5200 980 5271 τῆς
1006 5203 1203 5274 ἀλόγου
1237 5204 1452 5275 φύσεως
1473 5211 1681 5278 κρατεῖ.

181 5280 284 5347 Τὰς
316 5283 430 5353 μὲν
464 5288 738 5356 ὀπτικάς.
772 5291 837 5344 Τί
893 5293 943 5346 οἱ
997 5292 1269 5366 ὀφθαλμοὶ
1324 5297 1432 5350 τῶν
1480 5283 1685 5368 νοητῶν

103 5365 337 5460 δηλοῦσι,
372 5378 465 5432 καὶ
502 5378 558 5432 τί
599 5379 672 5434 τὰ
703 5380 986 5457 ὀσφραντὰ
999 5387 1064 5455 ³⁸,
1094 5365 1374 5442 τουτέστιν
1416 5389 1473 5441 αἱ
1503 5365 1645 5460 ῥῖνες
1667 5407 1680 5420 ·

103 5459 200 5513 καὶ
237 5465 288 5517 τί
331 5469 402 5523 τὰ
442 5467 585 5534 ὦτα,
622 5473 720 5528 καὶ
763 5476 817 5530 τί
853 5477 886 5550 ἡ
925 5479 1135 5548 γεῦσις,
1172 5483 1267 5535 καὶ
1294 5481 1348 5534 τί
1378 5484 1413 5554 ὴ
1445 5482 1579 5555 ἁφὴ,
1615 5483 1684 5553 ἣν

1786 4742 2045 4798 animalia
2077 4743 2262 4814 plures
2290 4743 2528 4799 habeant
2559 4756 2780 4805 sensus,
2813 4741 2910 4799 sed
2947 4740 3284 4800 .eﬂicaciores
3310 4747 3367 4795 et

1785 4834 2086 4892 acutiores.
2144 4834 2406 4907 Sequitur
2455 4841 2640 4892 autem
2698 4833 2805 4890 hoc
2849 4831 3110 4903 aenigma.
3142 4831 3366 4902 angelos

1787 4943 1899 4984 non
1931 4928 2009 4983 uti
2041 4928 2248 4986 nostris
2303 4941 2569 4985 sensuum
2631 4927 3050 4993 instrumentis;
3105 4938 3366 4996 superare

1789 5029 1968 5093 autem
1983 5021 2276 5090 plurimum
2295 5020 2648 5092 intelligentis
2663 5020 2820 5090 copia
2834 5019 3111 5076 facultatis
3136 5039 3150 5074 :
3179 5031 3366 5088 quem-

1793 5111 2088 5167 admodum
2145 5113 2310 5168 homo
2356 5111 2524 5169 etiam
2575 5111 2774 5168 mentis
2822 5109 3148 5167 excellentia
3194 5117 3248 5165 et
3277 5123 3366 5162 ra-

1791 5205 2144 5261 tiocinatione
2177 5205 2549 5261 irrationalem
2581 5204 2753 5260 vincit
2783 5213 3059 5260 naturam.
3367 5221 3372 5250 ί

1819 5285 1826 5298 ’
1871 5292 2091 5352 Videndi
2111 5297 2415 5368 facultates.
2451 5295 2724 5361 Quidnam
2755 5296 2901 5354 oculi
2941 5292 3364 5364 intelligihilium

1791 5390 2122 5462 signiﬁcent,
2155 5397 2210 5445 et
2240 5389 2374 5461 quid
2411 5388 2673 5445 facultate
2716 5386 2984 5444 odorandi
3024 5383 3274 5455 praedita,
3310 5384 3366 5439 id

1793 5492 1878 5538 est
1924 5499 2110 5550 nares,
2132 5492 2187 5540 et
2231 5482 2364 5554 quid
2410 5497 2594 5550 aures,
2631 5490 2686 5539 et
2717 5480 2848 5553 quid
2893 5486 3106 5558 gustus,
3139 5485 3195 5534 et
3233 5476 3367 5549 quid

1025 5680 1263 5738 VARl/E
1304 5653 1689 5738 LECTlONES
1731 5683 1817 5740 ET
1856 5681 2414 5741 COBRECTIONES.

201 5834 242 5868 ⁷⁸
257 5841 347 5894 διὰ
369 5844 443 5896 τί.

544 5843 594 5914 τ’
624 5843 812 5914 ζει-ἱρο
862 5861 981 5898 cum
1013 5845 1273 5914 Pacligni.
1316 5846 1438 5900 an.’
1468 5847 1498 5900 ὃ
1525 5846 1586 5899 οὐ
1626 5845 1671 5900 δι

1789 5847 1867 5907 όν,
1901 5857 1993 5900 aut
2041 5848 2246 5901 saltcm‘
2271 5847 2409 5902 addo
2453 5849 2537 5910 οὐ,
2582 5850 2718 5901 sicut

2761 5849 2794 5918 ἠ
2846 5846 3147 5918 ἀκολουθίαν
3182 5842 3346 5913 exigit

106 5899 165 5932 ⁸⁸
207 5912 498 5976 γωνοειδές.
551 5913 595 5945 ⁸¹
629 5899 799 5971 Puch.
829 5915 997 5979 τύπος
1027 5899 1236 5990 βραχῖς
1262 5899 1510 5972 ἐκείθωνί·
1543 5916 1671 5988 ρι’ορ

1805 5899 2028 5973 ἐκείνων
2056 5919 2349 5974 necessario
2380 5899 2710 5973 ιάάωὶαιίιξιῖ
2748 5899 2794 5949 ’ἶ
2822 5899 3196 5988 saepsisse;

267 6003 532 6071 Ριτιιοι..
581 6008 700 6071 Gn.
737 6009 834 6073 IV.

3129 6007 3168 6067 It
