3860 6562
485 385 588 443 107

1237 371 1592 433 ἈΡΡΕΝΒΙΧ
1628 374 1722 430 an
1760 372 1990 443 ornus
2030 372 2090 429 s.
2124 369 2422 429 DlONYSll
2459 338 2961 429 AREOPAGITE.’

3648 371 3745 429 “)8

481 511 687 571 tactus,
720 514 883 574 quem
937 496 1248 554 facultatem
1295 493 1552 566 tangendi
1601 500 1762 549 vocat
1797 510 1810 546 :
1845 499 1899 547 et
1928 490 2059 561 quid

2175 490 2398 563 ὶπτικην
2435 505 2568 561 φησι
2592 506 2606 520 ο
2644 490 2739 544 καὶ
2772 490 2826 542 τί
2874 489 2945 542 τὰ
2993 487 3260 560 βλέφαρα,
3295 488 3388 542 καὶ
3424 488 3482 542 αί
3509 488 3747 561 όφρύες·

484 596 778 671 ραιρεὶιιυαι,
814 589 1131 663 supercilia,
1177 595 1232 643 et
1261 585 1396 658 quid
1444 586 1641 657 pubes,
1671 592 1725 641 et
1758 584 1891 655 quid
1932 584 2062 639 den—

483 698 590 756 tes,
621 697 674 745 et
695 686 826 758 quid
855 681 1090 747 humeri,
1109 687 1163 736 et
1178 679 1425 745 brachia,
1458 694 1579 749 qua:
1603 678 1761 734 ulnas
1792 684 1978 733 vocat:
2006 684 2062 732 et

484 782 618 855 quid
678 787 890 853 pectus,
926 785 980 832 et
1024 774 1154 845 quid
1205 773 1530 837 dorsum,et
1570 772 1757 843 pedes,
1785 780 1839 827 et
1869 769 2061 826 levitas

482 887 818 953 pennarum,
849 876 905 926 et
934 883 1057 940 qua:
1084 867 1365 935 deinceps.

555 969 687 1035 Quae
699 963 860 1020 odore
887 962 1267 1033 percipiuntur.
1283 957 1344 1013 ln
1367 958 1454 1014 bis
1467 956 1534 1013 de
1549 964 1745 1012 natura
1760 955 2063 1027 proprieta-

480 1062 554 1117 tis
574 1071 855 1129 corporeae
884 1052 1162 1110 facultatis
1187 1050 1457 1106 odorandi
1486 1048 1730 1113 disserit,
1755 1047 2059 1103 secundum

482 1140 859 1211 sublimiorem
892 1143 1473 1209 rationem'transfert,
1498 1144 1644 1198 sicut
1668 1141 1831 1197 etiam
1850 1139 2062 1210 reliqua

478 1247 721 1302 humana
769 1241 1034 1304 membra,
1071 1239 1140 1294 ad
1184 1237 1701 1307 contemplationem
1728 1231 2060 1288 naturalium

480 1341 536 1395 in
570 1337 782 1410 angelis
814 1334 1161 1390 facultatum.

552 1430 623 1486 Et
655 1429 1006 1486 nutritiorum
1026 1423 1340 1479 rivulorum.
1372 1418 1888 1489 Rivulumin‘tellige
1908 1416 2064 1472 insu-

478 1521 780 1596 perabilem
857 1517 1143 1589 sapientim
1214 1516 1520 1579 fusionem,
1571 1511 1871 1568 secundum
1929 1509 2062 1564 illud

479 1612 787 1683 Scriptura:
813 1607 1137 1679 :Eﬁ‘undam
1172 1606 1237 1660 de
1261 1606 1453 1675 spiritu
1483 1619 1594 1657 meo
1627 1604 1681 1656 in
1710 1616 1914 1655 omnem
1943 1616 2065 1653 car-

478 1722 597 1761 nem
614 1706 663 1769 τ,
692 1711 747 1760 et
771 1716 892 1776 quas
915 1709 1242 1772 sequuntur.
1270 1698 1465 1753 Divina
1494 1696 1645 1752 enim
1677 1693 1919 1765 cognitio
1944 1708 2064 1763 per-

478 1796 681 1852 transit
712 1810 745 1849 a
772 1794 885 1850 Deo
915 1808 1014 1865 per
1069 1790 1442 1863 intelligibiles
1472 1788 1708 1843 virtutes
1748 1785 1817 1841 ad
1844 1784 2063 1841 divinos

480 1887 733 1944 homines
768 1885 945 1959 [juxta
970 1884 1241 1954 cujusque
1270 1876 1733 1952 proportionem].

555 1972 904 2036 Uniformem.
937 1970 1100 2027 Juxta
1132 1969 1520 2027 intellectionis
1558 1966 1987 2038 susceptionem.

557 2063 791 2121 Provida
840 2066 1054 2120 virtute.
1115 2062 1404 2129 Universa,
1454 2061 1656 2133 inquit,
1702 2058 2063 2131 intelligibilis

412 2224 421 2231 ο
478 2161 659 2217 virtus
689 2159 933 2214 divinam
968 2157 1028 2211 in
1059 2172 1119 2213 sc
1166 2155 1368 2210 factam
1399 2153 1769 2226 cognitionem
1801 2151 2064 2222 multipli-

480 2262 592 2317 cat,
618 2253 671 2308 id
698 2260 784 2308 est
820 2249 928 2323 47
963 2247 1299 2311 manifestat,
1330 2254 1390 2301 ut
1429 2261 1461 2300 a
1510 2245 1669 2300 nobis
1704 2244 2059 2315 intelligatur,

479 2345 609 2400 dum
634 2359 698 2399 ea
724 2359 852 2414 quae
870 2350 1162 2414 conspecta
1187 2349 1316 2399 sunt
1339 2341 1603 2412 explicat:
1620 2339 1765 2395 sicut
1791 2340 1935 2412 apud
1965 2339 2064 2394 Da-

479 2437 679 2491 nielem
706 2435 977 2502 invenies,
1000 2449 1125 2490 cum
1140 2435 1381 2506 angelus
1403 2433 1481 2489 illi
1508 2436 1763 2505 exposuit
1787 2433 2060 2490 somnium

479 2523 629 2595 quod
662 2524 894 2581 viderat.

551 2615 658 2671 Cor
680 2623 878 2671 autem.
905 2614 1402 2687 Comprelienditur
1420 2630 1451 2670 a
1471 2616 1634 2672 nobis
1655 2630 1774 2678 cor,
1800 2625 2059 2687 tanquam

393 2777 409 2791 ο
479 2716 734 2766 centrum
783 2708 932 2779 quod
972 2709 1152 2781 primo
1184 2709 1350 2764 vitam
1394 2709 1654 2780 suscipit:
1684 2709 1942 2779 quoniam
1971 2722 2060 2763 se-

481 2800 723 2855 cundum
783 2799 1031 2855 divinum
1087 2798 1349 2855 Basilium
1410 2800 1648 2871 primum
1680 2807 1903 2855 creatur
1926 2814 2058 2866 cor;

481 2894 683 2956 deinde
740 2892 909 2948 veluti
940 2908 1006 2949 ex
1054 2900 1249 2948 centro
1303 2893 1622 2948 universum
1677 2907 1879 2963 corpus
1908 2891 2062 2948 eilin-

480 2986 650 3058 gitur,
685 2986 763 3040 ita
813 2993 872 3040 ut
913 2985 1080 3041 vitam
1111 2984 1255 3039 hanc
1292 2986 1497 3056 quovis
1523 2986 1578 3040 in
1604 2999 1809 3055 corpus
1840 2992 2062 3055 proten-

479 3080 611 3135 dat;
640 3079 757 3134 sive
797 3078 943 3134 enim
984 3079 1313 3149 congenitos
1343 3077 1494 3131 calor
1544 3091 1748 3147 corpus
1790 3074 2056 3140 viviﬁcet,

479 3174 599 3230 sive
640 3171 900 3243 spiritus.
930 3170 1046 3227 sive
1098 3172 1347 3242 sanguis,
1379 3171 1611 3225 istorum
1661 3170 1905 3224 omnium
1935 3168 2060 3224 fons

478 3270 567 3322 est
608 3235 725 3320 cor.
760 3262 999 3334 Ideoque
1024 3235 1323 3319 visum'est
1362 3261 1690 3332 quibusdam
1723 3277 1886 3318 omne
1911 3264 2059 3333 quod
2086 3235 2129 3293 δ

477 3358 652 3414 vitam
682 3355 935 3412 conferre
956 3356 1100 3412 valet
1136 3356 1302 3411 simul
1332 3362 1387 3410 et
1414 3355 1582 3410 veluti
1604 3354 1712 3409 hoc
1737 3354 1858 3409 loco
1882 3355 2060 3426 primo

479 3452 722 3506 maxime
772 3448 1031 3513 stabiliri,
1060 3448 1163 3505 etsi
1194 3448 1251 3503 in
1281 3448 1432 3503 omni
1482 3447 1733 3517 corporis
1762 3448 1887 3503 loco
1914 3450 2063 3505 exsi-

480 3549 613 3607 stat,
632 3557 811 3613 neque
834 3541 958 3597 loco
986 3540 1316 3604 detineatur,
1347 3555 1528 3610 neque
1558 3540 1679 3595 loco
1707 3540 2061 3597 circumscri-

478 3633 667 3697 batur,
700 3648 879 3704 neque
907 3648 940 3687 a
971 3647 1204 3704 corpore
1256 3632 1622 3688 contineatur.
1659 3631 1751 3688 Sic
1790 3633 1957 3704 igitur
2002 3632 2060 3689 in

479 3724 852 3781 invisibilibus
906 3724 1073 3780 etiam
1109 3722 1420 3790 ordinibus,
1469 3724 1584 3780 sive
1623 3723 1683 3779 in
1719 3739 1919 3795 genere
1945 3723 2061 3781 sive

478 3817 539 3873 in
557 3817 741 3888 specie
759 3817 1130 3874 ministrando
1161 3816 1596 3889 providentibus,
1629 3825 1887 3888 tanquam
1911 3817 2059 3873 enim

478 3911 536 3966 in
567 3910 840 3979 medio,et
864 3910 1051 3967 cordis
1080 3910 1222 3987 loco,
1256 3919 1312 3967 et
1340 3911 1506 3967 veluti
1538 3917 1788 3967 centrum
1823 3910 2061 3967 fontana:

477 4002 605 4060 vitae
634 4003 895 4059 collocari
929 4003 1101 4074 ipsas,
1140 4001 1601 4060 considerandum
1629 4012 1747 4070 est;
1773 4003 1876 4059 etsi
1926 4017 2061 4059 con-

436 4125 438 4128 ν
476 4095 645 4152 tineri
674 4102 970 4166 nequeant,
1003 4110 1183 4166 neque
1222 4095 1344 4150 loco
1381 4094 1933 4167 circumscribantur,
1964 4102 2062 4150 aut

477 4187 842 4257 corporaliter
859 4191 1017 4257 parte
1043 4202 1234 4242 eorum
1264 4202 1387 4257 quae
1412 4193 1765 4253 conservant,
1796 4187 2061 4246 divinitus

434 4297 446 4319 ν’
479 4286 707 4350 accepto
740 4276 1118 4350 prospiciendi
1155 4285 1448 4348 praecepto.

555 4370 625 4426 Et
646 4387 765 4443 qua
787 4379 1022 4426 tueatur.
1044 4367 1394 4426 Sententiam
1426 4370 1535 4425 isto
1558 4383 1826 4441 compone
1854 4370 2058 4426 modo:

479 4461 615 4531 Quae
633 4463 855 4520 vitalem
881 4461 1331 4519 distributionem
1357 4469 1601 4528 tueatur;
1642 4460 1873 4517 deinde:
1915 4462 2063 4517 velut

480 4554 541 4608 in
572 4553 822 4625 subjecto
851 4553 1040 4609 corde.

556 4641 786 4712 Propter
800 4644 1117 4716 quodetiam
1135 4655 1409 4715 permotos.
1429 4646 1541 4703 Cur
1559 4645 1724 4716 pedes
1740 4645 2058 4716 angelorum

484 4735 732 4806 pennati,
766 4743 828 4791 ut
854 4736 1114 4807 ostendat
1145 4736 1461 4794 facultatem
1484 4753 1585 4810 per
1614 4752 1674 4794 se
1703 4738 1983 4802 movendi,
2007 4743 2061 4813 et

483 4826 595 4881 vim
607 4824 664 4879 in
676 4824 846 4882 Deum
862 4828 1272 4895 intendendl,et
1287 4829 1492 4884 nullam
1513 4844 1638 4885 cum
1662 4829 1896 4884 terrenis
1919 4842 2065 4883 com-

482 4908 827 4984 munionem,
845 4928 1114 4990 quantum
1149 4920 1206 4975 in
1235 4936 1295 4978 se
1322 4922 1475 4977 nullo
1502 4920 1814 4993 perturbari
1843 4920 2060 4989 affectu,

483 5009 708 5081 quando
750 5012 916 5067 etiam
951 5013 1009 5067 in
1038 5019 1187 5068 terra
1213 5014 1396 5085 angeli
1424 5014 1710 5085 conspecti
1732 5024 1882 5072 sunt.
1998 5066 2001 5070 .

488 5134 491 5135 ν
552 5100 782 5157 Marum
820 5102 1026 5160 leuitas.
1054 5102 1326 5170 Quidnam
1355 5106 1502 5164 leves
1530 5120 1745 5177 pennae.

554 5192 626 5249 Et
659 5209 872 5264 parum.
906 5196 992 5252 Ab
1022 5204 1376 5254 externorum
1403 5200 1733 5271 adiectione,
1764 5197 1930 5253 veluti
1958 5195 2061 5251 ali-

482 5294 816 5352 mentorum,
869 5294 926 5343 et
973 5290 1455 5360 vestimentorum;
1483 5292 1685 5363 quibus
1711 5296 1900 5345 nostra
1923 5303 2061 5344 con-

483 5383 796 5433 servantur.

560 5489 582 5527 ⁸
615 5488 735 5546 Joel
787 5508 850 5560 ιι,
871 5490 963 5550 28.

2163 582 2259 635 καὶ
2301 580 2354 633 τί
2385 579 2513 651 ἤδη,
2544 582 2641 635 καὶ
2673 582 2726 634 τί
2758 583 2808 634 οἱ
2835 581 3067 648 ὀδόντες,
3102 582 3197 635 καὶ
3227 582 3283 634 τί
3311 583 3362 635 οί
3387 577 3553 655 ὦμοι,
3583 585 3673 638 καὶ
3698 586 3748 638 οι

2165 673 2464 745 βραχίονες,
2486 671 2581 736 οὒς
2607 672 2812 737 ὠλένας
2844 673 3006 745 φησί·
3037 673 3134 726 καὶ
3155 673 3208 726 τί
3233 673 3296 727 τὸ
3329 675 3546 746 στῆθοςο
3582 676 3671 730 καὶ
3695 676 3748 730 τί

2161 768 2224 821 τὸ
2252 766 2440 829 νῶι-ον,
2484 767 2578 820 καὶ
2605 767 2655 819 οἱ
2689 767 2866 831 πόδες·
2900 766 2995 821 καὶ
3024 766 3077 819 τί
3106 766 3169 820 τὸ
3227 766 3459 840 ἐλαφρὸν
3491 768 3604 828 τῶν
3631 785 3749 824 πτε-

2166 858 2294 931 ρῶν,
2324 859 2419 913 καὶ
2445 857 2514 912 τά
2545 857 2693 929 ἑξῆς.
2959 904 2965 910 .

2240 951 2350 1017 Τὰς
2385 950 2455 1004 δὲ
2497 950 2616 1004 τῶν
2652 950 3026 1020 ὀσφραντῶν.
3050 952 3139 1006 Ἐν
3167 952 3377 1017 τούτοις
3414 954 3750 1025 φυσιολογεῖ-

2163 1060 2252 1097 ται
2302 1044 2364 1097 τὸ
2424 1043 2617 1116 ίδίωμα
2673 1043 2768 1097 τοῦ
2825 1044 3136 1116 σωματικοῦ
3182 1045 3462 1118 ὀφθαλμοῦ
3485 1048 3571 1079 ⁸³⁸
3611 1048 3750 1102 κατὰ

2163 1136 2454 1209 ἀναγωγὴν
2499 1136 2555 1190 δὲ
2595 1136 2768 1190 ταῦτα
2813 1135 3156 1207 μεταϐάλλει,
3189 1136 3379 1210 ῶσπερ
3411 1140 3508 1192 καὶ
3544 1138 3615 1193 τὰ
3642 1140 3751 1197 τῶν

2164 1229 2365 1284 λοιπῶν
2404 1228 2759 1302 ἀνθρωπίνων
2808 1230 3005 1302 μελῶν,
3040 1233 3121 1294 είς
3152 1229 3386 1303 Θεωρίαν
3412 1232 3524 1285 τῶν
3555 1234 3613 1286 ὲν
3648 1234 3722 1302 άγ

2164 1321 2343 1389 γέλοις
2376 1321 2620 1391 φυσικῶν
2652 1322 2954 1393 δυνάμεων.
3260 1365 3265 1369 .

2233 1412 2346 1466 Καὶ
2382 1415 2680 1483 τροφίμων
2708 1412 2951 1484 ὀχετῶν.
2995 1414 3207 1486 Ὀχετδν
3257 1416 3453 1489 νόησον
3500 1416 3603 1489 τὴν
3644 1417 3752 1489 ’τῆς

2167 1504 2357 1574 σοφίας
2384 1506 2787 1578 ἀνυπέρϐλητον
2817 1506 2992 1578 χύσιν,
3018 1507 3156 1562 κατὰ
3184 1509 3248 1562 τὸ
3277 1509 3571 1582 εἰρημένον
3592 1527 3605 1559 r
3625 1510 3754 1564 Ἐκ-

2165 1595 2282 1666 χεῶ
2303 1596 2420 1651 ἀπὸ
2443 1598 2547 1652 τοῦ
2570 1600 2908 1669 πνεύματός
2924 1616 3044 1669 μου
3070 1599 3169 1653 ἐπὶ
3184 1600 3392 1655 πᾶσαν
3417 1600 3637 1670 σάρκα,
3655 1601 3753 1656 καὶ

2164 1690 2234 1743 τά
2272 1690 2416 1762 ἑξῆς.
2451 1690 2721 1745 Διαϐαίνει
2746 1691 2851 1764 γάρ
2880 1695 2913 1763 ἡ
2951 1692 3069 1746 θεία
3098 1693 3299 1761 γνῶσις
3328 1694 3438 1747 ἀπὸ
3473 1694 3573 1748 τοῦ
3614 1695 3752 1749 Θεοῦ

2164 1783 2253 1836 διὰ
2302 1782 2412 1837 τῶν
2465 1783 2670 1856 νοητῶν
2711 1784 2993 1856 δυνάμεων
3041 1786 3133 1839 ἐπὶ
3161 1786 3291 1851 τοὺς
3334 1785 3513 1852 θείους
3544 1785 3755 1860 ἀνθρώ-

2092 1879 2135 1934 Β
2161 1892 2298 1939 πους
2338 1874 2505 1947 [κατὰ
2536 1876 2633 1948 τὴν
2656 1876 2894 1931 exornati
2922 1877 3259 1951 dvaloyiatv}

2246 1967 2537 2037 Ἐνοειδῆ.
2573 1969 2730 2023 Κατὰ
2761 1969 3073 2043 παράληψιν
3104 1973 3359 2043 νοήσεως.

2233 2059 2609 2130 Προνοητικῇ
2630 2060 2903 2132 δυνάμει.
2938 2064 3114 2128 Πᾶσα,
3144 2064 3297 2134 φησὶ,
3332 2063 3499 2136 νοητὴ
3527 2063 3753 2137 δύναμις

2161 2153 2259 2224 τὴν
2278 2152 2568 2225 γινομένην
2596 2154 2678 2218 είς
2705 2155 2872 2226 αὐτὴν
2907 2155 3057 2209 θείαν
3090 2157 3289 2225 γνῶσιν
3320 2155 3754 2229 πληθύνει,τουτ-

2170 2250 2288 2306 ἐστι
2340 2246 2622 2318 σαφηνίζει
2660 2246 2794 2319 πρὸς
2820 2248 2882 2301 τὸ
2909 2247 3167 2320 νοηθῆναι
3207 2249 3297 2318 ὑφ’
3319 2248 3502 2320 ἡμῶν,
3521 2248 3753 2322 διερμη..

2160 2339 2389 2394 νεύουσα
2428 2339 2497 2392 τά
2534 2337 2819 2411 ὁραθέντα,
2849 2339 2925 2403 ὡς
2956 2338 3108 2411 παρὰ
3132 2339 3210 2412 τῷ
3240 2339 3443 2411 Δανιὴλ
3469 2341 3751 2414 εὑρήσεις,

2160 2432 2249 2485 ὅτε
2273 2431 2668 2503 διηρμήνευσεν
2710 2430 2860 2502 αὺτῷ
2893 2433 2922 2485 ό
2959 2432 3193 2502 ἄγγελος
3226 2432 3287 2486 τὸ
3318 2432 3574 2487 ἐνύπνιον
3613 2433 3754 2506 ὅπερ

2161 2521 2269 2579 εἶδε
2285 2526 2375 2578 ⁸³⁶.

2242 2617 2362 2687 Τὴν
2399 2616 2452 2671 δ’
2482 2616 2560 2672 αὖ
2590 2616 2859 2686 καρδίαν.
2892 2616 3345 2691 Περιείληπται¹⁵
3374 2619 3510 2691 παρ’
3550 2620 3682 2691 ἡμῖν
3716 2619 3752 2690 ἠ

2163 2711 2378 2784 καρδία,
2423 2704 2534 2764 οἷον
2573 2710 2797 2782 κέντρον
2827 2710 3058 2782 πρώτως
3098 2710 3196 2782 τὴν
3229 2711 3374 2783 ζωὴν
3410 2711 3753 2784 δεδεγμένον,

2162 2804 2348 2876 ἐπειδὴ
2405 2803 2547 2857 κατὰ
2586 2804 2676 2857 τὸν
2710 2802 2851 2857 θεῖον
2889 2804 3165 2857 Βασίλειον
3197 2803 3388 2877 πρώτη
3433 2806 3684 2870 κτίζεται
3716 2808 3754 2877 ἡ

2162 2897 2361 2970 καρδία
2383 2913 2398 2928 σ
2433 2891 2550 2950 εἶτα
2571 2896 2647 2960 ὡς
2668 2896 2780 2950 άπὸ
2803 2896 3027 2968 κέντρου
3058 2898 3165 2950 πᾶν
3183 2896 3244 2950 τὸ
3264 2897 3426 2968 σῶμα
3447 2888 3757 2968 πλαστουρ-

2163 2992 2363 3059 γεῖται,
2425 2988 2565 3043 ὥστε
2610 2987 2883 3059 πανταχοῦ
2916 2988 3119 3061 ταύτην
3155 2990 3254 3061 τὴν
3287 2990 3432 3063 ζωὴν
3466 2991 3757 3047 διατείνειν

2163 3083 2242 3145 εἰς
2259 3081 2321 3134 τὸ
2346 3080 2517 3153 σῶμαο
2544 3082 2656 3135 εἴτε
2687 3079 2796 3153 γὰρ
2822 3082 2855 3152 ἡ
2895 3081 3171 3153 σύμφυτος
3200 3083 3472 3157 θερμότης
3501 3086 3758 3151 ζωοποιεῖ

2161 3174 2223 3227 τὸ
2258 3173 2435 3246 σῶμα,
2471 3172 2580 3227 εἴτε
2613 3173 2675 3227 τὺ
2704 3172 2940 3245 πνεῦμα,
2972 3174 3082 3227 εἴτε
3104 3174 3164 3227 τὸ
3197 3169 3356 3247 αἷμα,
3386 3177 3610 3232 πάντων
3629 3179 3758 3233 τού-

2161 3283 2270 3320 των
2324 3266 2476 3338 πηγὴ
2524 3269 2557 3338 ἡ
2602 3266 2817 3338 καρδία.
2851 3266 2941 3319 Διὸ
2991 3267 3084 3321 καί
3142 3284 3285 3322 τισιν
3344 3268 3492 3335 ἔδοξε
3535 3273 3643 3324 πᾶν
3696 3271 3759 3326 τὸ

2161 3356 2386 3423 ζωτικὸν
2431 3358 2625 3430 ἀθρόον
2667 3358 2762 3411 καὶ
2812 3353 2923 3413 οἷον
2967 3359 3202 3413 ἐνταῦθα
3235 3356 3469 3432 πρῶτως
3520 3362 3759 3433 μάλιστα

2164 3449 2431 3522 ίδρῦσθαι,
2492 3450 2669 3504 καίτοι
2729 3451 3002 3523 πανταχοῦ
3041 3450 3135 3505 τοῦ
3170 3450 3422 3524 σώματος
3459 3454 3541 3521 ὃν,
3575 3454 3670 3509 καὶ
3694 3456 3757 3509 οῦ

2160 3546 2520 3625 κατεχόμενον
2559 3546 2740 3617 τόπῳ,
2771 3545 2894 3599 οὔτε
2934 3547 3449 3620 περιγεγραμμένον
3482 3550 3542 3603 ὲν
3569 3549 3756 3620 τόπῳ,

2158 3638 2282 3692 οὔτε
2329 3638 2680 3709 συνεχόμενον
2731 3637 2837 3691 ὑπὸ
2866 3636 2961 3691 τοῦ
3009 3636 3277 3709 σώματος.
3312 3634 3503 3702 Οῦτως
3535 3636 3629 3694 οῦν
3661 3643 3760 3695 καὶ

2160 3732 2254 3785 ἐπὶ
2300 3730 2408 3785 τῶν
2466 3730 2711 3801 ἀοράτων
2749 3728 2978 3797 τάξεων,
3009 3730 3120 3784 εἴτε
3178 3732 3236 3785 ὲν
3282 3731 3361 3803 τῷ
3421 3730 3609 3800 παντὶ,
3644 3736 3760 3788 εἴτε

2162 3824 2280 3879 κατ’
2300 3818 2437 3888 εῐδος
2461 3818 2779 3887 διακονικῶς
2810 3822 3149 3894 προνοουσῶν
3163 3840 3176 3854 ’
3208 3823 3373 3878 οίονεὶ
3390 3824 3462 3894 γά
3468 3842 3502 3897 ρ
3521 3827 3578 3879 ὲν
3602 3826 3760 3898 μέσῳ

2161 3917 2256 3971 καὶ
2297 3915 2525 3988 καρδίας
2571 3914 2721 3986 τόπῳ
2765 3914 2984 3987 νοητέον
3030 3913 3221 3983 αὐτὰς,
3255 3917 3352 3970 καὶ
3403 3916 3482 3982 ῶς
3528 3919 3760 3992 κέντρον

2161 4006 2403 4080 πηγαίας
2442 4004 2587 4078 ζωῆς
2630 4004 2898 4078 ἱδρῦσθαι·
2931 4004 3108 4060 καίτοι
3138 4008 3396 4079 ἀκρατεῖς
3432 4008 3621 4078 οὔσας,
3661 4011 3762 4065 καὶ

2160 4103 2222 4155 οὐ
2272 4099 2794 4173 περιγεγραμμένας
2823 4097 2995 4171 τόπῳ,
3025 4097 3059 4171 ἢ
3091 4098 3246 4171 μέρει
3282 4102 3645 4174 σωματικῶς,
3678 4095 3759 4158 ὧν

2164 4194 2449 4265 συνέχουσι
2484 4194 2732 4266 προνοεῖν
2765 4189 2948 4245 θεόθεν
2978 4192 3280 4262 ταχθεῖσαι.

2233 4368 2346 4424 Καί
2365 4367 2434 4423 τὸ
2464 4364 2878 4437 φρουρητικόν.
2919 4362 2992 4418 Τὸ
3027 4362 3190 4436 ῥητὸν
3216 4364 3394 4432 οὕτως
3424 4369 3646 4434 σύνθες·
3680 4369 3760 4426 Τδ

2164 4460 2528 4534 φρουρητικδν
2560 4459 2662 4530 τῆς
2698 4456 2965 4524 ζωοποιοῦ
2995 4456 3284 4525 διαδόσεως
3307 4475 3322 4491 ο
3355 4455 3496 4515 εἶτα·
3546 4466 3624 4527 ὡς
3661 4464 3764 4518 ἐπὶ

2094 4574 2138 4630 D
2161 4557 2262 4628 τῆς
2289 4552 2654 4624 ὑποκειμένης
2679 4550 2925 4623 καρδίας.

2231 4647 2327 4701 Διὸ
2351 4645 2449 4701 καὶ
2477 4642 2869 4712 ὑποπτέρους.
2907 4640 3010 4696 Διὰ
3032 4643 3085 4696 τί
3116 4642 3495 4717 ἐπτερωμένοι
3512 4648 3563 4701 οί
3593 4648 3764 4713 πόδες

2161 4739 2271 4795 τῶν
2306 4738 2551 4808 ἀγγέλων
2567 4778 2583 4805 ,
2616 4737 2703 4790 ίνα
2731 4734 2882 4810 δείξῃ
2918 4736 2979 4787 τδ
3005 4734 3378 4807 αὐτοκίνητον,
3401 4739 3501 4793 καὶ
3529 4739 3590 4793 rb
3617 4740 3762 4813 πρὸς

2161 4832 2223 4885 τὸ
2253 4832 2408 4889 Θεῖον
2434 4824 2778 4895 άνατατικδν,
2813 4826 2907 4880 καὶ
2937 4824 3076 4897 πρὸς
3110 4825 3183 4880 τά
3214 4827 3436 4898 ἐπίγεια
3456 4831 3766 4903 ἀκοινώνη-

2161 4939 2275 4989 τον,
2304 4922 2428 4976 ὅσον
2458 4921 2535 4993 μὴ
2564 4920 2625 4974 τὺ
2645 4916 2887 4992 ἐμπαθὲς
2912 4917 2971 4970 ὲν
2995 4916 3180 4981 αὐτοῖς
3210 4913 3370 4985 εἶναι,
3404 4921 3530 4976 ἐπεὶ
3570 4920 3765 4995 ὤφθη-

2167 5033 2265 5069 σαν
2296 5014 2391 5069 καὶ
2422 5014 2515 5067 ἐπὶ
2543 5013 2647 5083 γῆς
2677 5009 2920 5080 ἄγγελοι.

2233 5104 2472 5175 Πτερῶν
2499 5104 2774 5173 “asapia.
2808 5100 2874 5154 Τί
2905 5095 3117 5172 ἐλαφρᾶ
3150 5106 3427 5176 πτερωτά.
3460 5152 3474 5173 ,

2231 5199 2344 5253 Καὶ
2382 5197 2730 5267 καθαρεῦον.
2760 5192 2874 5264 Τῆς
2909 5190 3020 5245 τῶν
3056 5193 3214 5259 ὲκτδς
3256 5199 3593 5273 προσθήκης,
3644 5195 3766 5255 οἷον

2159 5292 2373 5366 τροφῶν
2422 5291 2517 5348 καὶ⁵
2546 5280 2883 5360 άμφίων,οἷς
2937 5282 3007 5337 τά
3063 5285 3186 5339 καθ’
3218 5287 3367 5360 ἡμᾶς
3431 5297 3761 5366 συγκρατεῖ.

2157 5405 2268 5441 ται.

1410 5581 1647 5638 VARIE
1682 5581 2071 5641 LECTIONES
2109 5582 2197 5638 ET
2234 5580 2792 5640 CORRECTIONES.

557 5740 604 5822 θ’
631 5742 1011 5822 ῥσφραντικιζῦ,
1042 5743 1173 5822 nihil
1218 5744 1356 5822 enim
1388 5761 1660 5822 commune
1686 5746 1850 5802 oculis
1885 5740 2004 5801 ait}:
2037 5736 2059 5800 ἱ

2175 5736 2313 5801 αιιι.’
2359 5747 2431 5822 “ff
2472 5747 2775 5822 Ἦρμήνευε
2832 5750 2899 5822 ei:
2929 5748 3053 5804 καθ’
3085 5749 3254 5810 ῦπνον
3283 5757 3570 5822 ὁραθέντα,
3608 5758 3764 5815 κατὰ

479 5812 608 5878 τοὺς
639 5812 835 5881 ὕπνους
864 5818 892 5870 ό
939 5814 1183 5887 ἄγγελος.
1231 5815 1692 5888 Interpretabatur
1721 5833 1784 5873 ea
1819 5835 1934 5890 qua:
1955 5833 2047 5883 per

2175 5833 2319 5873 mum
2347 5812 2590 5873 viderat.
2625 5812 2689 5853 7“
2719 5820 3148 5895 προείληπται.»’

522 5960 555 5971 ιιι-
