  <div class='ocr_page' id='page_1' title='image "/cluster/home/n/w/nwhite01/storage/ocr_20150623/4/hvd.32044014713200/062.png"; bbox 0 0 3860 6552; ppageno 0'>
   <div class='ocr_carea' id='block_1_1' title="bbox 121 369 2694 440">
    <p class='ocr_par' dir='ltr' id='par_1_1' title="bbox 121 369 2694 440">
     <span class='ocr_line' id='line_1_1' title="bbox 121 369 2694 440; baseline -0.006 -2"><span class='ocrx_word' id='word_1_1' title='bbox 121 385 204 440; x_wconf 74' lang='grc'><strong>109</strong></span> <span class='ocrx_word' id='word_1_2' title='bbox 816 377 872 434; x_wconf 89' lang='lat' dir='ltr'><strong>S.</strong></span> <span class='ocrx_word' id='word_1_3' title='bbox 907 373 1154 431; x_wconf 78' lang='lat' dir='ltr'><strong>MAXIM]</strong></span> <span class='ocrx_word' id='word_1_4' title='bbox 1188 374 1478 430; x_wconf 80' lang='lat' dir='ltr'><strong>SCHOLIA</strong></span> <span class='ocrx_word' id='word_1_5' title='bbox 1510 374 1575 429; x_wconf 86' lang='lat' dir='ltr'><strong>IN</strong></span> <span class='ocrx_word' id='word_1_6' title='bbox 1612 375 1738 428; x_wconf 81' lang='lat' dir='ltr'><strong>LIB.</strong></span> <span class='ocrx_word' id='word_1_7' title='bbox 1778 373 1863 428; x_wconf 85' lang='lat' dir='ltr'><strong>DE</strong></span> <span class='ocrx_word' id='word_1_8' title='bbox 1896 371 2218 427; x_wconf 74' lang='lat' dir='ltr'><strong>C(ELESTI</strong></span> <span class='ocrx_word' id='word_1_9' title='bbox 2250 369 2694 425; x_wconf 66' lang='lat' dir='ltr'><strong>HIERARCHIA.</strong></span> 
     </span>
    </p>
   </div>
   <div class='ocr_carea' id='block_1_2' title="bbox 3259 366 3364 424">
    <p class='ocr_par' dir='ltr' id='par_1_2' title="bbox 3259 366 3364 424">
     <span class='ocr_line' id='line_1_2' title="bbox 3259 366 3364 424; baseline -0.038 0"><span class='ocrx_word' id='word_1_10' title='bbox 3259 366 3364 424; x_wconf 81' lang='grc' dir='ltr'><strong>ΗΟ</strong></span> 
     </span>
    </p>
   </div>
   <div class='ocr_carea' id='block_1_3' title="bbox 168 480 1686 559">
    <p class='ocr_par' dir='ltr' id='par_1_3' title="bbox 168 484 1686 559">
     <span class='ocr_line' id='line_1_3' title="bbox 168 484 1686 559; baseline -0.009 -10"><span class='ocrx_word' id='word_1_11' title='bbox 168 490 604 557; x_wconf 72' lang='grc' dir='ltr'>Πολυποίκιλος</span> <span class='ocrx_word' id='word_1_12' title='bbox 638 490 854 559; x_wconf 72' lang='grc' dir='ltr'>σοφία.</span> <span class='ocrx_word' id='word_1_13' title='bbox 898 488 962 542; x_wconf 86' lang='grc' dir='ltr'><strong>Ἦ</strong></span> <span class='ocrx_word' id='word_1_14' title='bbox 993 486 1373 550; x_wconf 81' lang='grc' dir='ltr'>πολυποίκιλος</span> <span class='ocrx_word' id='word_1_15' title='bbox 1405 485 1567 555; x_wconf 90' lang='grc' dir='ltr'>σοφία</span> <span class='ocrx_word' id='word_1_16' title='bbox 1593 484 1686 537; x_wconf 90' lang='grc' dir='ltr'><strong>τοῦ</strong></span> 
     </span>
    </p>
   </div>
   <div class='ocr_carea' id='block_1_4' title="bbox 1801 480 3365 559">
    <p class='ocr_par' dir='ltr' id='par_1_4' title="bbox 1862 480 3365 553">
     <span class='ocr_line' id='line_1_4' title="bbox 1862 480 3365 553; baseline 0.001 -16"><span class='ocrx_word' id='word_1_17' title='bbox 1862 483 2211 552; x_wconf 77' lang='lat' dir='ltr'><strong>Multiformis</strong></span> <span class='ocrx_word' id='word_1_18' title='bbox 2241 484 2519 551; x_wconf 75' lang='lat' dir='ltr'><strong>sapientia.</strong></span> <span class='ocrx_word' id='word_1_19' title='bbox 2565 482 2727 537; x_wconf 84' lang='lat' dir='ltr'><strong>Varia</strong></span> <span class='ocrx_word' id='word_1_20' title='bbox 2772 481 3041 553; x_wconf 72' lang='lat' dir='ltr'><strong>sapientia</strong></span> <span class='ocrx_word' id='word_1_21' title='bbox 3084 480 3204 539; x_wconf 85' lang='lat' dir='ltr'><strong>Dei.</strong></span> <span class='ocrx_word' id='word_1_22' title='bbox 3238 481 3365 539; x_wconf 68' lang='lat' dir='ltr'><strong>Haec</strong></span> 
     </span>
    </p>
   </div>
   <div class='ocr_carea' id='block_1_5' title="bbox 114 577 1687 654">
    <p class='ocr_par' dir='ltr' id='par_1_5' title="bbox 114 577 1687 654">
     <span class='ocr_line' id='line_1_5' title="bbox 114 577 1687 654; baseline -0.006 -15"><span class='ocrx_word' id='word_1_23' title='bbox 114 587 240 640; x_wconf 73' lang='grc' dir='ltr'>Θεοῦ.</span> <span class='ocrx_word' id='word_1_24' title='bbox 270 583 433 637; x_wconf 84' lang='grc' dir='ltr'>Τοῦτο</span> <span class='ocrx_word' id='word_1_25' title='bbox 476 583 545 635; x_wconf 87' lang='lat'><strong>:6</strong></span> <span class='ocrx_word' id='word_1_26' title='bbox 608 583 783 654; x_wconf 75' lang='grc' dir='ltr'>ῥητὸν</span> <span class='ocrx_word' id='word_1_27' title='bbox 829 580 1177 635; x_wconf 85' lang='grc' dir='ltr'>ἀποστολικόν</span> <span class='ocrx_word' id='word_1_28' title='bbox 1210 577 1356 632; x_wconf 76' lang='grc' dir='ltr'>ἐστι·</span> <span class='ocrx_word' id='word_1_29' title='bbox 1392 578 1486 632; x_wconf 79' lang='grc' dir='ltr'><strong>καὶ</strong></span> <span class='ocrx_word' id='word_1_30' title='bbox 1516 577 1603 631; x_wconf 84' lang='grc' dir='ltr'>διὰ</span> <span class='ocrx_word' id='word_1_31' title='bbox 1632 578 1687 630; x_wconf 91' lang='grc' dir='ltr'><strong>τί</strong></span> 
     </span>
    </p>
   </div>
   <div class='ocr_carea' id='block_1_6' title="bbox 117 666 1689 741">
    <p class='ocr_par' dir='ltr' id='par_1_6' title="bbox 117 666 1689 741">
     <span class='ocr_line' id='line_1_6' title="bbox 117 666 1689 741; baseline -0.004 -16"><span class='ocrx_word' id='word_1_32' title='bbox 117 670 448 725; x_wconf 76' lang='grc' dir='ltr'><strong>πολυποίκιλον</strong></span> <span class='ocrx_word' id='word_1_33' title='bbox 511 670 705 741; x_wconf 75' lang='grc' dir='ltr'>αὐτὴν</span> <span class='ocrx_word' id='word_1_34' title='bbox 768 666 915 722; x_wconf 75' lang='grc' dir='ltr'>εἶπεν</span> <span class='ocrx_word' id='word_1_35' title='bbox 967 672 994 722; x_wconf 99' lang='lat'><strong>6</strong></span> <span class='ocrx_word' id='word_1_36' title='bbox 1039 668 1182 731; x_wconf 87' lang='grc' dir='ltr'>θεῖος</span> <span class='ocrx_word' id='word_1_37' title='bbox 1229 669 1368 740; x_wconf 82' lang='grc' dir='ltr'>ἀνήρ</span> <span class='ocrx_word' id='word_1_38' title='bbox 1390 686 1404 734; x_wconf 88' lang='grc'><strong>;</strong></span> <span class='ocrx_word' id='word_1_39' title='bbox 1424 666 1598 721; x_wconf 91' lang='grc' dir='ltr'>καίτοι</span> <span class='ocrx_word' id='word_1_40' title='bbox 1627 666 1689 718; x_wconf 86' lang='lat'><strong>:6</strong></span> 
     </span>
    </p>
   </div>
   <div class='ocr_carea' id='block_1_7' title="bbox 117 756 1687 837">
    <p class='ocr_par' dir='ltr' id='par_1_7' title="bbox 117 756 1687 837">
     <span class='ocr_line' id='line_1_7' title="bbox 117 756 1687 837; baseline -0.004 -16"><span class='ocrx_word' id='word_1_41' title='bbox 117 766 315 821; x_wconf 73' lang='grc' dir='ltr'>ποικίλον</span> <span class='ocrx_word' id='word_1_42' title='bbox 374 766 467 817; x_wconf 70' lang='grc' dir='ltr'>ἐπὶ</span> <span class='ocrx_word' id='word_1_43' title='bbox 515 756 848 837; x_wconf 72' lang='grc' dir='ltr'>κακούργου</span> <span class='ocrx_word' id='word_1_44' title='bbox 898 763 1185 834; x_wconf 86' lang='grc' dir='ltr'>δεχόμεθα,</span> <span class='ocrx_word' id='word_1_45' title='bbox 1243 762 1416 825; x_wconf 78' lang='grc' dir='ltr'>ἄλλως</span> <span class='ocrx_word' id='word_1_46' title='bbox 1471 780 1530 814; x_wconf 86' lang='grc' dir='ltr'><strong>τε</strong></span> <span class='ocrx_word' id='word_1_47' title='bbox 1593 762 1687 814; x_wconf 79' lang='grc' dir='ltr'><strong>καὶ</strong></span> 
     </span>
    </p>
   </div>
   <div class='ocr_carea' id='block_1_8' title="bbox 119 852 1683 928">
    <p class='ocr_par' dir='ltr' id='par_1_8' title="bbox 119 852 1683 928">
     <span class='ocr_line' id='line_1_8' title="bbox 119 852 1683 928; baseline -0.004 -17"><span class='ocrx_word' id='word_1_48' title='bbox 119 858 308 913; x_wconf 76' lang='grc' dir='ltr'>ἐνταῦθα</span> <span class='ocrx_word' id='word_1_49' title='bbox 367 860 396 910; x_wconf 89' lang='lat'><strong>6</strong></span> <span class='ocrx_word' id='word_1_50' title='bbox 448 858 646 928; x_wconf 86' lang='grc' dir='ltr'>μέγας</span> <span class='ocrx_word' id='word_1_51' title='bbox 706 856 978 919; x_wconf 76' lang='grc' dir='ltr'>Διονύσιος</span> <span class='ocrx_word' id='word_1_52' title='bbox 1048 855 1224 925; x_wconf 84' lang='grc' dir='ltr'>ἁπλῆν</span> <span class='ocrx_word' id='word_1_53' title='bbox 1288 855 1382 907; x_wconf 63' lang='grc' dir='ltr'><strong>καλ⁵</strong></span> <span class='ocrx_word' id='word_1_54' title='bbox 1432 852 1683 907; x_wconf 87' lang='grc' dir='ltr'>πολυποί-</span> 
     </span>
    </p>
   </div>
   <div class='ocr_carea' id='block_1_9' title="bbox 119 945 1681 1019">
    <p class='ocr_par' dir='ltr' id='par_1_9' title="bbox 119 945 1681 1019">
     <span class='ocr_line' id='line_1_9' title="bbox 119 945 1681 1019; baseline -0.004 -15"><span class='ocrx_word' id='word_1_55' title='bbox 119 952 236 1004; x_wconf 82' lang='grc' dir='ltr'>κιλον</span> <span class='ocrx_word' id='word_1_56' title='bbox 267 949 431 1019; x_wconf 75' lang='grc' dir='ltr'>αὐτὴν</span> <span class='ocrx_word' id='word_1_57' title='bbox 495 946 634 1001; x_wconf 85' lang='grc' dir='ltr'>εἷπε</span> <span class='ocrx_word' id='word_1_58' title='bbox 664 965 680 979; x_wconf 69' lang='grc' dir='ltr'><strong>ο</strong></span> <span class='ocrx_word' id='word_1_59' title='bbox 751 949 893 1001; x_wconf 86' lang='grc' dir='ltr'>δοκεί</span> <span class='ocrx_word' id='word_1_60' title='bbox 950 948 1006 1001; x_wconf 88' lang='grc' dir='ltr'>δὲ</span> <span class='ocrx_word' id='word_1_61' title='bbox 1056 947 1125 999; x_wconf 88' lang='grc' dir='ltr'><strong>τά</strong></span> <span class='ocrx_word' id='word_1_62' title='bbox 1168 947 1213 978; x_wconf 79' lang='grc'>⁸⁸</span> <span class='ocrx_word' id='word_1_63' title='bbox 1279 945 1371 998; x_wconf 81' lang='grc' dir='ltr'>δύο</span> <span class='ocrx_word' id='word_1_64' title='bbox 1431 945 1646 999; x_wconf 78' lang='grc' dir='ltr'>ἐναντία</span> <span class='ocrx_word' id='word_1_65' title='bbox 1668 961 1681 974; x_wconf 85' lang='grc'><strong>·</strong></span> 
     </span>
    </p>
   </div>
   <div class='ocr_carea' id='block_1_10' title="bbox 116 1034 1685 1112">
    <p class='ocr_par' dir='ltr' id='par_1_10' title="bbox 116 1034 1685 1112">
     <span class='ocr_line' id='line_1_10' title="bbox 116 1034 1685 1112; baseline -0.004 -17"><span class='ocrx_word' id='word_1_66' title='bbox 116 1043 303 1112; x_wconf 72' lang='grc' dir='ltr'>λέγομεν</span> <span class='ocrx_word' id='word_1_67' title='bbox 332 1036 447 1104; x_wconf 76' lang='grc' dir='ltr'>οὖν,</span> <span class='ocrx_word' id='word_1_68' title='bbox 482 1040 574 1093; x_wconf 81' lang='grc' dir='ltr'>ὅτι</span> <span class='ocrx_word' id='word_1_69' title='bbox 613 1042 681 1093; x_wconf 86' lang='lat'><strong>:6</strong></span> <span class='ocrx_word' id='word_1_70' title='bbox 714 1040 857 1112; x_wconf 80' lang='grc' dir='ltr'>ἁπλῆ</span> <span class='ocrx_word' id='word_1_71' title='bbox 889 1038 1047 1109; x_wconf 85' lang='grc' dir='ltr'>σοφία</span> <span class='ocrx_word' id='word_1_72' title='bbox 1078 1038 1166 1091; x_wconf 87' lang='grc' dir='ltr'><strong>διά</strong></span> <span class='ocrx_word' id='word_1_73' title='bbox 1204 1037 1361 1090; x_wconf 93' lang='grc' dir='ltr'>τοῦτο</span> <span class='ocrx_word' id='word_1_74' title='bbox 1392 1034 1564 1100; x_wconf 79' lang='grc' dir='ltr'>εἶπεν,</span> <span class='ocrx_word' id='word_1_75' title='bbox 1599 1038 1685 1090; x_wconf 82' lang='grc' dir='ltr'>ἵνα</span> 
     </span>
    </p>
   </div>
   <div class='ocr_carea' id='block_1_11' title="bbox 116 1129 1684 1205">
    <p class='ocr_par' dir='ltr' id='par_1_11' title="bbox 116 1129 1684 1205">
     <span class='ocr_line' id='line_1_11' title="bbox 116 1129 1684 1205; baseline -0.004 -18"><span class='ocrx_word' id='word_1_76' title='bbox 116 1132 293 1205; x_wconf 67' lang='grc' dir='ltr'>δηλώσῃ</span> <span class='ocrx_word' id='word_1_77' title='bbox 320 1134 381 1186; x_wconf 85' lang='grc' dir='ltr'><strong>τὸ</strong></span> <span class='ocrx_word' id='word_1_78' title='bbox 411 1131 729 1186; x_wconf 75' lang='grc' dir='ltr'>ἀσύνθετον</span> <span class='ocrx_word' id='word_1_79' title='bbox 760 1131 853 1184; x_wconf 91' lang='grc' dir='ltr'><strong>τοῦ</strong></span> <span class='ocrx_word' id='word_1_80' title='bbox 884 1130 1040 1198; x_wconf 84' lang='grc' dir='ltr'>Θεοῦ,</span> <span class='ocrx_word' id='word_1_81' title='bbox 1076 1130 1170 1184; x_wconf 76' lang='grc' dir='ltr'><strong>καὶ</strong></span> <span class='ocrx_word' id='word_1_82' title='bbox 1200 1129 1261 1183; x_wconf 87' lang='grc' dir='ltr'><strong>τὸ</strong></span> <span class='ocrx_word' id='word_1_83' title='bbox 1304 1130 1573 1201; x_wconf 81' lang='grc' dir='ltr'><strong>μηδεμιᾶς</strong></span> <span class='ocrx_word' id='word_1_84' title='bbox 1603 1129 1684 1182; x_wconf 89' lang='grc' dir='ltr'>δι-</span> 
     </span>
    </p>
   </div>
   <div class='ocr_carea' id='block_1_12' title="bbox 118 1221 1686 1297">
    <p class='ocr_par' dir='ltr' id='par_1_12' title="bbox 118 1221 1686 1297">
     <span class='ocr_line' id='line_1_12' title="bbox 118 1221 1686 1297; baseline -0.002 -19"><span class='ocrx_word' id='word_1_85' title='bbox 118 1227 252 1297; x_wconf 74' lang='grc' dir='ltr'>πλόης</span> <span class='ocrx_word' id='word_1_86' title='bbox 280 1225 641 1295; x_wconf 82' lang='grc' dir='ltr'>ὲπιδεόμενον</span> <span class='ocrx_word' id='word_1_87' title='bbox 663 1241 676 1253; x_wconf 88' lang='grc'><strong>·</strong></span> <span class='ocrx_word' id='word_1_88' title='bbox 712 1222 838 1277; x_wconf 73' lang='grc' dir='ltr'>οὔτε</span> <span class='ocrx_word' id='word_1_89' title='bbox 879 1222 987 1295; x_wconf 85' lang='grc' dir='ltr'>γὰρ</span> <span class='ocrx_word' id='word_1_90' title='bbox 1029 1225 1093 1275; x_wconf 83' lang='grc' dir='ltr'>ὲκ</span> <span class='ocrx_word' id='word_1_91' title='bbox 1145 1221 1431 1293; x_wconf 73' lang='grc' dir='ltr'>μαθήσεως</span> <span class='ocrx_word' id='word_1_92' title='bbox 1462 1222 1625 1291; x_wconf 84' lang='grc' dir='ltr'>σοφὸς</span> <span class='ocrx_word' id='word_1_93' title='bbox 1658 1224 1686 1275; x_wconf 94' lang='lat'><strong>6</strong></span> 
     </span>
    </p>
   </div>
   <div class='ocr_carea' id='block_1_13' title="bbox 116 1313 1682 1389">
    <p class='ocr_par' dir='ltr' id='par_1_13' title="bbox 116 1313 1682 1389">
     <span class='ocr_line' id='line_1_13' title="bbox 116 1313 1682 1389; baseline -0.002 -19"><span class='ocrx_word' id='word_1_94' title='bbox 116 1318 235 1383; x_wconf 72' lang='grc' dir='ltr'>Θεὸς,</span> <span class='ocrx_word' id='word_1_95' title='bbox 252 1317 357 1369; x_wconf 80' lang='grc' dir='ltr'>ἀλλ’</span> <span class='ocrx_word' id='word_1_96' title='bbox 376 1318 729 1389; x_wconf 74' lang='grc' dir='ltr'><strong>αὐτόχρημα</strong></span> <span class='ocrx_word' id='word_1_97' title='bbox 751 1316 909 1385; x_wconf 80' lang='grc' dir='ltr'>σοφία</span> <span class='ocrx_word' id='word_1_98' title='bbox 940 1315 1075 1368; x_wconf 66' lang='grc' dir='ltr'>ὲοντί.</span> <span class='ocrx_word' id='word_1_99' title='bbox 1093 1315 1164 1367; x_wconf 94' lang='lat' dir='ltr'><em>T6</em></span> <span class='ocrx_word' id='word_1_100' title='bbox 1195 1315 1251 1367; x_wconf 82' lang='grc' dir='ltr'>δὲ</span> <span class='ocrx_word' id='word_1_101' title='bbox 1283 1313 1682 1378; x_wconf 79' lang='grc' dir='ltr'>πολυποίκιλον,</span> 
     </span>
    </p>
   </div>
   <div class='ocr_carea' id='block_1_14' title="bbox 116 1405 1685 1479">
    <p class='ocr_par' dir='ltr' id='par_1_14' title="bbox 116 1405 1685 1479">
     <span class='ocr_line' id='line_1_14' title="bbox 116 1405 1685 1479; baseline -0.001 -17"><span class='ocrx_word' id='word_1_102' title='bbox 116 1411 220 1463; x_wconf 79' lang='grc' dir='ltr'>διότι</span> <span class='ocrx_word' id='word_1_103' title='bbox 242 1412 314 1471; x_wconf 87' lang='grc' dir='ltr'><strong>είς</strong></span> <span class='ocrx_word' id='word_1_104' title='bbox 345 1407 525 1460; x_wconf 85' lang='grc' dir='ltr'>πολλά</span> <span class='ocrx_word' id='word_1_105' title='bbox 558 1407 829 1478; x_wconf 83' lang='grc' dir='ltr'>γνώσεως</span> <span class='ocrx_word' id='word_1_106' title='bbox 867 1407 981 1477; x_wconf 85' lang='grc' dir='ltr'>είδη</span> <span class='ocrx_word' id='word_1_107' title='bbox 1026 1405 1426 1477; x_wconf 85' lang='grc' dir='ltr'>μετατυποῦται</span> <span class='ocrx_word' id='word_1_108' title='bbox 1471 1405 1557 1459; x_wconf 84' lang='grc' dir='ltr'><strong>διά</strong></span> <span class='ocrx_word' id='word_1_109' title='bbox 1587 1407 1685 1479; x_wconf 86' lang='grc' dir='ltr'><strong>τὴν</strong></span> 
     </span>
    </p>
   </div>
   <div class='ocr_carea' id='block_1_15' title="bbox 115 1499 1686 1575">
    <p class='ocr_par' dir='ltr' id='par_1_15' title="bbox 115 1499 1686 1575">
     <span class='ocr_line' id='line_1_15' title="bbox 115 1499 1686 1575; baseline -0.003 -18"><span class='ocrx_word' id='word_1_110' title='bbox 115 1506 199 1557; x_wconf 81' lang='grc' dir='ltr'><strong>τῶν</strong></span> <span class='ocrx_word' id='word_1_111' title='bbox 250 1502 694 1575; x_wconf 83' lang='grc' dir='ltr'>ὲλλαμπομένων</span> <span class='ocrx_word' id='word_1_112' title='bbox 758 1501 1054 1555; x_wconf 88' lang='grc' dir='ltr'>ἀσθένειαν·</span> <span class='ocrx_word' id='word_1_113' title='bbox 1090 1501 1378 1573; x_wconf 84' lang='grc' dir='ltr'>ἀρχιερεὺς</span> <span class='ocrx_word' id='word_1_114' title='bbox 1416 1499 1523 1571; x_wconf 78' lang='grc' dir='ltr'><strong>γάρ</strong></span> <span class='ocrx_word' id='word_1_115' title='bbox 1569 1500 1686 1552; x_wconf 79' lang='grc' dir='ltr'>ἐστι</span> 
     </span>
    </p>
   </div>
   <div class='ocr_carea' id='block_1_16' title="bbox 124 1591 1687 1669">
    <p class='ocr_par' dir='ltr' id='par_1_16' title="bbox 124 1591 1687 1669">
     <span class='ocr_line' id='line_1_16' title="bbox 124 1591 1687 1669; baseline -0.005 -17"><span class='ocrx_word' id='word_1_116' title='bbox 124 1600 263 1669; x_wconf 82' lang='grc' dir='ltr'>μέγας</span> <span class='ocrx_word' id='word_1_117' title='bbox 319 1598 683 1668; x_wconf 80' lang='grc' dir='ltr'>συμπάσχων</span> <span class='ocrx_word' id='word_1_118' title='bbox 747 1598 865 1658; x_wconf 83' lang='grc' dir='ltr'>ταῖς</span> <span class='ocrx_word' id='word_1_119' title='bbox 924 1593 1079 1665; x_wconf 83' lang='grc' dir='ltr'>ἡμῶν</span> <span class='ocrx_word' id='word_1_120' title='bbox 1120 1591 1443 1655; x_wconf 80' lang='grc' dir='ltr'>ἀσθενείαις.</span> <span class='ocrx_word' id='word_1_121' title='bbox 1482 1593 1554 1645; x_wconf 86' lang='grc' dir='ltr'><strong><em>Ἦ</em></strong></span> <span class='ocrx_word' id='word_1_122' title='bbox 1593 1591 1687 1645; x_wconf 80' lang='grc' dir='ltr'>καὶ</span> 
     </span>
    </p>
   </div>
   <div class='ocr_carea' id='block_1_17' title="bbox 115 1684 1688 1762">
    <p class='ocr_par' dir='ltr' id='par_1_17' title="bbox 115 1684 1688 1762">
     <span class='ocr_line' id='line_1_17' title="bbox 115 1684 1688 1762; baseline -0.006 -17"><span class='ocrx_word' id='word_1_123' title='bbox 115 1692 283 1755; x_wconf 75' lang='grc' dir='ltr'>οὓτως·</span> <span class='ocrx_word' id='word_1_124' title='bbox 318 1691 493 1762; x_wconf 70' lang='grc' dir='ltr'><strong>Ἀπλῆ</strong></span> <span class='ocrx_word' id='word_1_125' title='bbox 536 1691 646 1762; x_wconf 80' lang='grc' dir='ltr'><strong>μὲν</strong></span> <span class='ocrx_word' id='word_1_126' title='bbox 679 1689 894 1757; x_wconf 82' lang='grc' dir='ltr'>λέγεται</span> <span class='ocrx_word' id='word_1_127' title='bbox 927 1686 1084 1756; x_wconf 85' lang='grc' dir='ltr'>σοφία</span> <span class='ocrx_word' id='word_1_128' title='bbox 1114 1685 1249 1739; x_wconf 89' lang='grc' dir='ltr'>Θεοῦ</span> <span class='ocrx_word' id='word_1_129' title='bbox 1282 1684 1388 1758; x_wconf 84' lang='grc' dir='ltr'><strong>πρὸ</strong></span> <span class='ocrx_word' id='word_1_130' title='bbox 1416 1684 1517 1754; x_wconf 83' lang='grc' dir='ltr'>τῆς</span> <span class='ocrx_word' id='word_1_131' title='bbox 1544 1685 1688 1737; x_wconf 80' lang='grc' dir='ltr'>οἰκο-</span> 
     </span>
    </p>
   </div>
   <div class='ocr_carea' id='block_1_18' title="bbox 122 1776 1687 1855">
    <p class='ocr_par' dir='ltr' id='par_1_18' title="bbox 122 1776 1687 1855">
     <span class='ocr_line' id='line_1_18' title="bbox 122 1776 1687 1855; baseline -0.004 -19"><span class='ocrx_word' id='word_1_132' title='bbox 122 1786 293 1855; x_wconf 62' lang='grc' dir='ltr'>νομίας,</span> <span class='ocrx_word' id='word_1_133' title='bbox 341 1786 425 1837; x_wconf 80' lang='grc' dir='ltr'>ὅτι</span> <span class='ocrx_word' id='word_1_134' title='bbox 474 1784 675 1837; x_wconf 78' lang='grc' dir='ltr'>πάντα</span> <span class='ocrx_word' id='word_1_135' title='bbox 729 1782 805 1845; x_wconf 84' lang='grc' dir='ltr'>ὡς</span> <span class='ocrx_word' id='word_1_136' title='bbox 862 1779 993 1843; x_wconf 83' lang='grc' dir='ltr'><strong>Θεὸς</strong></span> <span class='ocrx_word' id='word_1_137' title='bbox 1036 1776 1455 1852; x_wconf 79' lang='grc' dir='ltr'><strong>ἐδημιούργησε,</strong></span> <span class='ocrx_word' id='word_1_138' title='bbox 1488 1778 1583 1830; x_wconf 71' lang='grc' dir='ltr'><strong>καὶ</strong></span> <span class='ocrx_word' id='word_1_139' title='bbox 1629 1777 1687 1829; x_wconf 81' lang='grc' dir='ltr'>ὲν</span> 
     </span>
    </p>
   </div>
   <div class='ocr_carea' id='block_1_19' title="bbox 1791 576 3362 645">
    <p class='ocr_par' dir='ltr' id='par_1_19' title="bbox 1791 576 3362 645">
     <span class='ocr_line' id='line_1_19' title="bbox 1791 576 3362 645; baseline -0.003 -13"><span class='ocrx_word' id='word_1_140' title='bbox 1791 576 2062 633; x_wconf 74' lang='lat' dir='ltr'><strong>sententia</strong></span> <span class='ocrx_word' id='word_1_141' title='bbox 2117 585 2201 630; x_wconf 88' lang='lat' dir='ltr'><strong>est</strong></span> <span class='ocrx_word' id='word_1_142' title='bbox 2252 576 2593 644; x_wconf 74' lang='lat' dir='ltr'><strong>Apostoli“;</strong></span> <span class='ocrx_word' id='word_1_143' title='bbox 2632 584 2687 629; x_wconf 92' lang='lat' dir='ltr'><strong>et</strong></span> <span class='ocrx_word' id='word_1_144' title='bbox 2745 590 2916 645; x_wconf 88' lang='lat' dir='ltr'><strong>quare</strong></span> <span class='ocrx_word' id='word_1_145' title='bbox 2957 576 3108 629; x_wconf 87' lang='lat' dir='ltr'><strong>illam</strong></span> <span class='ocrx_word' id='word_1_146' title='bbox 3153 576 3362 629; x_wconf 85' lang='lat' dir='ltr'><strong>variam</strong></span> 
     </span>
    </p>
   </div>
   <div class='ocr_carea' id='block_1_20' title="bbox 1791 668 3367 740">
    <p class='ocr_par' dir='ltr' id='par_1_20' title="bbox 1791 668 3367 740">
     <span class='ocr_line' id='line_1_20' title="bbox 1791 668 3367 740; baseline -0.001 -16"><span class='ocrx_word' id='word_1_147' title='bbox 1791 668 2084 740; x_wconf 89' lang='lat' dir='ltr'><strong>appellavit</strong></span> <span class='ocrx_word' id='word_1_148' title='bbox 2119 670 2203 722; x_wconf 89' lang='lat' dir='ltr'><strong>vir</strong></span> <span class='ocrx_word' id='word_1_149' title='bbox 2250 669 2501 723; x_wconf 86' lang='lat' dir='ltr'><strong>divinus?</strong></span> <span class='ocrx_word' id='word_1_150' title='bbox 2526 668 2631 722; x_wconf 89' lang='lat' dir='ltr'><strong>etsi</strong></span> <span class='ocrx_word' id='word_1_151' title='bbox 2687 668 2896 722; x_wconf 80' lang='lat' dir='ltr'><strong>uarium</strong></span> <span class='ocrx_word' id='word_1_152' title='bbox 2955 684 3057 739; x_wconf 82' lang='lat' dir='ltr'><strong>pro</strong></span> <span class='ocrx_word' id='word_1_153' title='bbox 3117 668 3367 722; x_wconf 82' lang='lat' dir='ltr'><strong>maleﬁco</strong></span> 
     </span>
    </p>
   </div>
   <div class='ocr_carea' id='block_1_21' title="bbox 1790 759 3366 833">
    <p class='ocr_par' dir='ltr' id='par_1_21' title="bbox 1790 759 3366 833">
     <span class='ocr_line' id='line_1_21' title="bbox 1790 759 3366 833; baseline -0.001 -16"><span class='ocrx_word' id='word_1_154' title='bbox 1790 776 2143 831; x_wconf 91' lang='lat' dir='ltr'><strong>usurpemus,</strong></span> <span class='ocrx_word' id='word_1_155' title='bbox 2175 769 2352 814; x_wconf 90' lang='lat' dir='ltr'><strong>tomen</strong></span> <span class='ocrx_word' id='word_1_156' title='bbox 2381 759 2533 816; x_wconf 84' lang='lat' dir='ltr'><strong>aliter</strong></span> <span class='ocrx_word' id='word_1_157' title='bbox 2553 760 2658 814; x_wconf 91' lang='lat' dir='ltr'><strong>hoc</strong></span> <span class='ocrx_word' id='word_1_158' title='bbox 2680 760 2801 815; x_wconf 89' lang='lat' dir='ltr'><strong>loco</strong></span> <span class='ocrx_word' id='word_1_159' title='bbox 2824 759 3366 833; x_wconf 83' lang='lat' dir='ltr'><strong>magnusDionysius</strong></span> 
     </span>
    </p>
   </div>
   <div class='ocr_carea' id='block_1_22' title="bbox 1788 853 3365 924">
    <p class='ocr_par' dir='ltr' id='par_1_22' title="bbox 1788 853 3365 924">
     <span class='ocr_line' id='line_1_22' title="bbox 1788 853 3365 924; baseline -0.001 -13"><span class='ocrx_word' id='word_1_160' title='bbox 1788 855 2036 911; x_wconf 86' lang='lat' dir='ltr'><strong>eamdem</strong></span> <span class='ocrx_word' id='word_1_161' title='bbox 2098 853 2453 924; x_wconf 81' lang='lat' dir='ltr'><strong>sapientiam,</strong></span> <span class='ocrx_word' id='word_1_162' title='bbox 2515 854 2817 923; x_wconf 86' lang='lat' dir='ltr'><strong>simplicem</strong></span> <span class='ocrx_word' id='word_1_163' title='bbox 2875 862 2930 908; x_wconf 88' lang='lat' dir='ltr'><strong>ct</strong></span> <span class='ocrx_word' id='word_1_164' title='bbox 2989 854 3365 909; x_wconf 89' lang='lat' dir='ltr'><strong>multivariam</strong></span> 
     </span>
    </p>
   </div>
   <div class='ocr_carea' id='block_1_23' title="bbox 1790 946 3367 1016">
    <p class='ocr_par' dir='ltr' id='par_1_23' title="bbox 1790 946 3367 1016">
     <span class='ocr_line' id='line_1_23' title="bbox 1790 946 3367 1016; baseline -0.001 -16"><span class='ocrx_word' id='word_1_165' title='bbox 1790 947 1928 1001; x_wconf 80' lang='lat' dir='ltr'><strong>dixit</strong></span> <span class='ocrx_word' id='word_1_166' title='bbox 1964 966 1975 998; x_wconf 90' lang='lat'><strong>:</strong></span> <span class='ocrx_word' id='word_1_167' title='bbox 2008 946 2268 1001; x_wconf 84' lang='lat' dir='ltr'><strong>videntur</strong></span> <span class='ocrx_word' id='word_1_168' title='bbox 2305 962 2469 1016; x_wconf 85' lang='lat' dir='ltr'><strong>porro</strong></span> <span class='ocrx_word' id='word_1_169' title='bbox 2498 947 2608 1001; x_wconf 92' lang='lat' dir='ltr'><strong>duo</strong></span> <span class='ocrx_word' id='word_1_170' title='bbox 2635 950 2942 1012; x_wconf 87' lang='lat' dir='ltr'><strong>contraria;</strong></span> <span class='ocrx_word' id='word_1_171' title='bbox 2974 947 3211 1002; x_wconf 87' lang='lat' dir='ltr'><strong>dicimus</strong></span> <span class='ocrx_word' id='word_1_172' title='bbox 3260 947 3367 1001; x_wconf 85' lang='lat' dir='ltr'><strong>ila-</strong></span> 
     </span>
    </p>
   </div>
   <div class='ocr_carea' id='block_1_24' title="bbox 1788 1039 3367 1110">
    <p class='ocr_par' dir='ltr' id='par_1_24' title="bbox 1788 1039 3367 1110">
     <span class='ocr_line' id='line_1_24' title="bbox 1788 1039 3367 1110; baseline 0 -17"><span class='ocrx_word' id='word_1_173' title='bbox 1788 1055 1914 1110; x_wconf 86' lang='lat' dir='ltr'><strong>que,</strong></span> <span class='ocrx_word' id='word_1_174' title='bbox 1930 1056 2053 1094; x_wconf 91' lang='lat' dir='ltr'><strong>eum</strong></span> <span class='ocrx_word' id='word_1_175' title='bbox 2066 1040 2188 1093; x_wconf 89' lang='lat' dir='ltr'><strong>ideo</strong></span> <span class='ocrx_word' id='word_1_176' title='bbox 2208 1041 2513 1110; x_wconf 87' lang='lat' dir='ltr'><strong>simplicem</strong></span> <span class='ocrx_word' id='word_1_177' title='bbox 2529 1040 2849 1110; x_wconf 83' lang='lat' dir='ltr'><strong>sapientiam</strong></span> <span class='ocrx_word' id='word_1_178' title='bbox 2865 1040 3087 1104; x_wconf 79' lang='lat' dir='ltr'><strong>dixisse,</strong></span> <span class='ocrx_word' id='word_1_179' title='bbox 3102 1048 3162 1093; x_wconf 93' lang='lat' dir='ltr'><strong>ut</strong></span> <span class='ocrx_word' id='word_1_180' title='bbox 3182 1039 3367 1094; x_wconf 87' lang='lat' dir='ltr'><strong>decla-</strong></span> 
     </span>
    </p>
   </div>
   <div class='ocr_carea' id='block_1_25' title="bbox 1788 1129 3367 1201">
    <p class='ocr_par' dir='ltr' id='par_1_25' title="bbox 1788 1129 3367 1201">
     <span class='ocr_line' id='line_1_25' title="bbox 1788 1129 3367 1201; baseline 0.002 -18"><span class='ocrx_word' id='word_1_181' title='bbox 1788 1136 1934 1184; x_wconf 89' lang='lat' dir='ltr'><strong>raret</strong></span> <span class='ocrx_word' id='word_1_182' title='bbox 1952 1129 2047 1184; x_wconf 91' lang='lat' dir='ltr'><strong>Dei</strong></span> <span class='ocrx_word' id='word_1_183' title='bbox 2075 1131 2499 1201; x_wconf 86' lang='lat' dir='ltr'><strong>simplicitatem,</strong></span> <span class='ocrx_word' id='word_1_184' title='bbox 2521 1132 2666 1187; x_wconf 88' lang='lat' dir='ltr'><strong>etab</strong></span> <span class='ocrx_word' id='word_1_185' title='bbox 2685 1131 2829 1184; x_wconf 87' lang='lat' dir='ltr'><strong>omni</strong></span> <span class='ocrx_word' id='word_1_186' title='bbox 2863 1132 3231 1201; x_wconf 89' lang='lat' dir='ltr'><strong>duplicatione</strong></span> <span class='ocrx_word' id='word_1_187' title='bbox 3263 1132 3367 1187; x_wconf 85' lang='lat' dir='ltr'><strong>im-</strong></span> 
     </span>
    </p>
   </div>
   <div class='ocr_carea' id='block_1_26' title="bbox 1788 1222 3362 1294">
    <p class='ocr_par' dir='ltr' id='par_1_26' title="bbox 1788 1222 3362 1294">
     <span class='ocr_line' id='line_1_26' title="bbox 1788 1222 3362 1294; baseline 0.002 -19"><span class='ocrx_word' id='word_1_188' title='bbox 1788 1223 2144 1289; x_wconf 89' lang='lat' dir='ltr'><strong>munitatem;</strong></span> <span class='ocrx_word' id='word_1_189' title='bbox 2197 1240 2374 1293; x_wconf 90' lang='lat' dir='ltr'><strong>neque</strong></span> <span class='ocrx_word' id='word_1_190' title='bbox 2438 1226 2583 1278; x_wconf 87' lang='lat' dir='ltr'><strong>enim</strong></span> <span class='ocrx_word' id='word_1_191' title='bbox 2641 1222 2786 1278; x_wconf 91' lang='lat' dir='ltr'><strong>Deus</strong></span> <span class='ocrx_word' id='word_1_192' title='bbox 2834 1223 3093 1278; x_wconf 88' lang='lat' dir='ltr'><strong>discendo</strong></span> <span class='ocrx_word' id='word_1_193' title='bbox 3121 1224 3362 1294; x_wconf 87' lang='lat' dir='ltr'><strong>sapiens,</strong></span> 
     </span>
    </p>
   </div>
   <div class='ocr_carea' id='block_1_27' title="bbox 1787 1314 3366 1386">
    <p class='ocr_par' dir='ltr' id='par_1_27' title="bbox 1787 1314 3366 1386">
     <span class='ocr_line' id='line_1_27' title="bbox 1787 1314 3366 1386; baseline 0.001 -17"><span class='ocrx_word' id='word_1_194' title='bbox 1787 1314 1995 1379; x_wconf 12' lang='lat' dir='ltr'><strong>sed‘est</strong></span> <span class='ocrx_word' id='word_1_195' title='bbox 2024 1331 2217 1386; x_wconf 83' lang='lat' dir='ltr'><strong>reapse</strong></span> <span class='ocrx_word' id='word_1_196' title='bbox 2260 1317 2564 1386; x_wconf 84' lang='lat' dir='ltr'><strong>Sapientia.</strong></span> <span class='ocrx_word' id='word_1_197' title='bbox 2610 1316 2977 1370; x_wconf 83' lang='lat' dir='ltr'><strong>Multivariam</strong></span> <span class='ocrx_word' id='word_1_198' title='bbox 3007 1327 3208 1379; x_wconf 89' lang='lat' dir='ltr'><strong>autem,</strong></span> <span class='ocrx_word' id='word_1_199' title='bbox 3237 1317 3366 1386; x_wconf 86' lang='lat' dir='ltr'><strong>quia</strong></span> 
     </span>
    </p>
   </div>
   <div class='ocr_carea' id='block_1_28' title="bbox 1787 1404 3367 1481">
    <p class='ocr_par' dir='ltr' id='par_1_28' title="bbox 1787 1404 3367 1481">
     <span class='ocr_line' id='line_1_28' title="bbox 1787 1404 3367 1481; baseline 0.003 -23"><span class='ocrx_word' id='word_1_200' title='bbox 1787 1404 1844 1459; x_wconf 92' lang='lat' dir='ltr'><strong>in</strong></span> <span class='ocrx_word' id='word_1_201' title='bbox 1888 1407 2089 1461; x_wconf 90' lang='lat' dir='ltr'><strong>multas</strong></span> <span class='ocrx_word' id='word_1_202' title='bbox 2138 1409 2470 1478; x_wconf 82' lang='lat' dir='ltr'><strong>cognitionis</strong></span> <span class='ocrx_word' id='word_1_203' title='bbox 2502 1409 2714 1478; x_wconf 89' lang='lat' dir='ltr'><strong>species</strong></span> <span class='ocrx_word' id='word_1_204' title='bbox 2768 1417 2992 1479; x_wconf 86' lang='lat' dir='ltr'><strong>propter</strong></span> <span class='ocrx_word' id='word_1_205' title='bbox 3020 1408 3367 1481; x_wconf 54' lang='lat' dir='ltr'><strong>“eorum,</strong></span> 
     </span>
    </p>
   </div>
   <div class='ocr_carea' id='block_1_29' title="bbox 1787 1498 3373 1570">
    <p class='ocr_par' dir='ltr' id='par_1_29' title="bbox 1787 1498 3373 1570">
     <span class='ocr_line' id='line_1_29' title="bbox 1787 1498 3373 1570; baseline 0.004 -19"><span class='ocrx_word' id='word_1_206' title='bbox 1787 1498 1883 1568; x_wconf 88' lang='lat' dir='ltr'><strong>qui</strong></span> <span class='ocrx_word' id='word_1_207' title='bbox 1931 1499 2277 1555; x_wconf 85' lang='lat' dir='ltr'><strong>illustrantur</strong></span> <span class='ocrx_word' id='word_1_208' title='bbox 2324 1502 2702 1557; x_wconf 82' lang='lat' dir='ltr'><strong>infirmitatem</strong></span> <span class='ocrx_word' id='word_1_209' title='bbox 2752 1502 3215 1570; x_wconf 88' lang='lat' dir='ltr'><strong>transformatur;</strong></span> <span class='ocrx_word' id='word_1_210' title='bbox 3246 1518 3373 1558; x_wconf 88' lang='lat' dir='ltr'><strong>nam</strong></span> 
     </span>
    </p>
   </div>
   <div class='ocr_carea' id='block_1_30' title="bbox 1786 1594 3375 1666">
    <p class='ocr_par' dir='ltr' id='par_1_30' title="bbox 1786 1594 3375 1666">
     <span class='ocr_line' id='line_1_30' title="bbox 1786 1594 3375 1666; baseline 0.001 -19"><span class='ocrx_word' id='word_1_211' title='bbox 1786 1599 1871 1647; x_wconf 87' lang='lat' dir='ltr'><strong>est</strong></span> <span class='ocrx_word' id='word_1_212' title='bbox 1896 1607 2129 1662; x_wconf 87' lang='lat' dir='ltr'><strong>magnus</strong></span> <span class='ocrx_word' id='word_1_213' title='bbox 2174 1594 2413 1664; x_wconf 78' lang='lat' dir='ltr'><strong>pontifex</strong></span> <span class='ocrx_word' id='word_1_214' title='bbox 2466 1597 2673 1649; x_wconf 91' lang='lat' dir='ltr'><strong>nostris</strong></span> <span class='ocrx_word' id='word_1_215' title='bbox 2706 1595 3051 1666; x_wconf 89' lang='lat' dir='ltr'><strong>compatiens</strong></span> <span class='ocrx_word' id='word_1_216' title='bbox 3083 1595 3375 1651; x_wconf 77' lang='lat' dir='ltr'><strong>infirmita-</strong></span> 
     </span>
    </p>
   </div>
   <div class='ocr_carea' id='block_1_31' title="bbox 1786 1681 3375 1759">
    <p class='ocr_par' dir='ltr' id='par_1_31' title="bbox 1786 1681 3375 1759">
     <span class='ocr_line' id='line_1_31' title="bbox 1786 1681 3375 1759; baseline 0.006 -25"><span class='ocrx_word' id='word_1_217' title='bbox 1786 1681 1934 1736; x_wconf 88' lang='lat' dir='ltr'><strong>tibus</strong></span> <span class='ocrx_word' id='word_1_218' title='bbox 1950 1694 1999 1736; x_wconf 81' lang='grc' dir='ltr'><strong>ιι.</strong></span> <span class='ocrx_word' id='word_1_219' title='bbox 2016 1681 2111 1737; x_wconf 85' lang='lat' dir='ltr'><strong>Vel</strong></span> <span class='ocrx_word' id='word_1_220' title='bbox 2125 1685 2287 1737; x_wconf 91' lang='lat' dir='ltr'><strong>etiam</strong></span> <span class='ocrx_word' id='word_1_221' title='bbox 2303 1686 2410 1740; x_wconf 89' lang='lat' dir='ltr'><strong>isto</strong></span> <span class='ocrx_word' id='word_1_222' title='bbox 2425 1686 2586 1741; x_wconf 90' lang='lat' dir='ltr'><strong>modo</strong></span> <span class='ocrx_word' id='word_1_223' title='bbox 2610 1707 2623 1742; x_wconf 83' lang='lat'><strong>:</strong></span> <span class='ocrx_word' id='word_1_224' title='bbox 2660 1689 2901 1759; x_wconf 81' lang='lat' dir='ltr'><strong>Simplex</strong></span> <span class='ocrx_word' id='word_1_225' title='bbox 2916 1689 3137 1759; x_wconf 90' lang='lat' dir='ltr'><strong>quidem</strong></span> <span class='ocrx_word' id='word_1_226' title='bbox 3168 1688 3375 1743; x_wconf 86' lang='lat' dir='ltr'><strong>dicitur</strong></span> 
     </span>
    </p>
   </div>
   <div class='ocr_carea' id='block_1_32' title="bbox 1790 1771 3377 1851">
    <p class='ocr_par' dir='ltr' id='par_1_32' title="bbox 1790 1771 3377 1851">
     <span class='ocr_line' id='line_1_32' title="bbox 1790 1771 3377 1851; baseline 0.006 -27"><span class='ocrx_word' id='word_1_227' title='bbox 1790 1771 1885 1827; x_wconf 90' lang='lat' dir='ltr'><strong>Dei</strong></span> <span class='ocrx_word' id='word_1_228' title='bbox 1919 1775 2185 1845; x_wconf 82' lang='lat' dir='ltr'><strong>sapientia</strong></span> <span class='ocrx_word' id='word_1_229' title='bbox 2218 1784 2345 1832; x_wconf 86' lang='lat' dir='ltr'><strong>ante</strong></span> <span class='ocrx_word' id='word_1_230' title='bbox 2377 1779 2844 1848; x_wconf 84' lang='lat' dir='ltr'><strong>dispensationem</strong></span> <span class='ocrx_word' id='word_1_231' title='bbox 2881 1781 2959 1851; x_wconf 89' lang='lat' dir='ltr'><strong>(id</strong></span> <span class='ocrx_word' id='word_1_232' title='bbox 2992 1791 3077 1835; x_wconf 86' lang='lat' dir='ltr'><strong>est</strong></span> <span class='ocrx_word' id='word_1_233' title='bbox 3121 1781 3377 1835; x_wconf 88' lang='lat' dir='ltr'><strong>incarna-</strong></span> 
     </span>
    </p>
   </div>
   <div class='ocr_carea' id='block_1_33' title="bbox 116 1864 1686 1947">
    <p class='ocr_par' dir='ltr' id='par_1_33' title="bbox 116 1867 1678 1947">
     <span class='ocr_line' id='line_1_33' title="bbox 116 1867 1678 1947; baseline -0.004 -18"><span class='ocrx_word' id='word_1_234' title='bbox 116 1880 201 1941; x_wconf 80' lang='grc' dir='ltr'>τοῖς</span> <span class='ocrx_word' id='word_1_235' title='bbox 241 1878 353 1931; x_wconf 68' lang='grc' dir='ltr'>τότε</span> <span class='ocrx_word' id='word_1_236' title='bbox 398 1878 651 1939; x_wconf 79' lang='grc' dir='ltr'>δικαίοις</span> <span class='ocrx_word' id='word_1_237' title='bbox 680 1875 782 1947; x_wconf 84' lang='grc' dir='ltr'>τὴν</span> <span class='ocrx_word' id='word_1_238' title='bbox 816 1875 947 1929; x_wconf 79' lang='grc' dir='ltr'>ἰδίαν</span> <span class='ocrx_word' id='word_1_239' title='bbox 994 1870 1446 1947; x_wconf 83' lang='grc' dir='ltr'>ἀπερικαλύπτως</span> <span class='ocrx_word' id='word_1_240' title='bbox 1477 1867 1678 1923; x_wconf 77' lang='grc' dir='ltr'>ἐπιδει-</span> 
     </span>
    </p>
   </div>
   <div class='ocr_carea' id='block_1_34' title="bbox 1801 1864 3378 1947">
    <p class='ocr_par' dir='ltr' id='par_1_34' title="bbox 1801 1864 3378 1942">
     <span class='ocr_line' id='line_1_34' title="bbox 1801 1864 3378 1942; baseline 0.006 -24"><span class='ocrx_word' id='word_1_241' title='bbox 1801 1864 2007 1938; x_wconf 88' lang='lat' dir='ltr'><strong>ionem)</strong></span> <span class='ocrx_word' id='word_1_242' title='bbox 2033 1870 2247 1923; x_wconf 89' lang='lat' dir='ltr'><strong>:omnia</strong></span> <span class='ocrx_word' id='word_1_243' title='bbox 2267 1871 2413 1925; x_wconf 91' lang='lat' dir='ltr'><strong>enim</strong></span> <span class='ocrx_word' id='word_1_244' title='bbox 2430 1880 2489 1925; x_wconf 89' lang='lat' dir='ltr'><strong>ut</strong></span> <span class='ocrx_word' id='word_1_245' title='bbox 2518 1871 2661 1927; x_wconf 89' lang='lat' dir='ltr'><strong>Deus</strong></span> <span class='ocrx_word' id='word_1_246' title='bbox 2694 1871 2845 1937; x_wconf 89' lang='lat' dir='ltr'><strong>fecit,</strong></span> <span class='ocrx_word' id='word_1_247' title='bbox 2868 1881 2923 1928; x_wconf 90' lang='lat' dir='ltr'><strong>et</strong></span> <span class='ocrx_word' id='word_1_248' title='bbox 2943 1874 2998 1927; x_wconf 89' lang='lat' dir='ltr'><strong>in</strong></span> <span class='ocrx_word' id='word_1_249' title='bbox 3018 1873 3187 1942; x_wconf 90' lang='lat' dir='ltr'><strong>justis</strong></span> <span class='ocrx_word' id='word_1_250' title='bbox 3218 1872 3378 1927; x_wconf 89' lang='lat' dir='ltr'><strong>istius</strong></span> 
     </span>
    </p>
   </div>
   <div class='ocr_carea' id='block_1_35' title="bbox 116 1962 1687 2039">
    <p class='ocr_par' dir='ltr' id='par_1_35' title="bbox 116 1962 1687 2039">
     <span class='ocr_line' id='line_1_35' title="bbox 116 1962 1687 2039; baseline -0.005 -17"><span class='ocrx_word' id='word_1_251' title='bbox 116 1970 340 2039; x_wconf 79' lang='grc' dir='ltr'>κνύμενος</span> <span class='ocrx_word' id='word_1_252' title='bbox 369 1970 643 2039; x_wconf 82' lang='grc' dir='ltr'>δύναμιν,</span> <span class='ocrx_word' id='word_1_253' title='bbox 666 1969 745 2031; x_wconf 83' lang='grc' dir='ltr'><strong>ὡς</strong></span> <span class='ocrx_word' id='word_1_254' title='bbox 776 1968 867 2020; x_wconf 76' lang='grc' dir='ltr'><strong>ἐπὶ</strong></span> <span class='ocrx_word' id='word_1_255' title='bbox 899 1966 1139 2028; x_wconf 85' lang='grc' dir='ltr'><strong>Μωσέως</strong></span> <span class='ocrx_word' id='word_1_256' title='bbox 1170 1964 1263 2018; x_wconf 78' lang='grc' dir='ltr'><strong>καὶ</strong></span> <span class='ocrx_word' id='word_1_257' title='bbox 1295 1962 1562 2035; x_wconf 78' lang='grc' dir='ltr'>Ἀϐραὰμ,</span> <span class='ocrx_word' id='word_1_258' title='bbox 1593 1963 1687 2016; x_wconf 80' lang='grc' dir='ltr'><strong>καὶ</strong></span> 
     </span>
    </p>
   </div>
   <div class='ocr_carea' id='block_1_36' title="bbox 114 2058 1688 2132">
    <p class='ocr_par' dir='ltr' id='par_1_36' title="bbox 114 2058 1688 2132">
     <span class='ocr_line' id='line_1_36' title="bbox 114 2058 1688 2132; baseline -0.004 -19"><span class='ocrx_word' id='word_1_259' title='bbox 114 2062 198 2115; x_wconf 79' lang='grc' dir='ltr'>τῶν</span> <span class='ocrx_word' id='word_1_260' title='bbox 224 2062 361 2132; x_wconf 63' lang='grc' dir='ltr'><strong>ἑξῆς</strong></span> <span class='ocrx_word' id='word_1_261' title='bbox 397 2063 495 2115; x_wconf 82' lang='grc' dir='ltr'>ὅτε</span> <span class='ocrx_word' id='word_1_262' title='bbox 515 2062 579 2115; x_wconf 78' lang='grc' dir='ltr'><strong>δὲ</strong></span> <span class='ocrx_word' id='word_1_263' title='bbox 612 2061 680 2114; x_wconf 88' lang='lat'><strong>:6</strong></span> <span class='ocrx_word' id='word_1_264' title='bbox 708 2059 812 2131; x_wconf 77' lang='grc' dir='ltr'>τῆς</span> <span class='ocrx_word' id='word_1_265' title='bbox 829 2059 1138 2129; x_wconf 74' lang='grc' dir='ltr'>οἰκονομίας</span> <span class='ocrx_word' id='word_1_266' title='bbox 1162 2058 1457 2132; x_wconf 83' lang='grc' dir='ltr'>μυστήριον</span> <span class='ocrx_word' id='word_1_267' title='bbox 1477 2073 1688 2128; x_wconf 90' lang='grc' dir='ltr'>κατειρ-</span> 
     </span>
    </p>
   </div>
   <div class='ocr_carea' id='block_1_37' title="bbox 117 2151 1683 2226">
    <p class='ocr_par' dir='ltr' id='par_1_37' title="bbox 117 2151 1683 2226">
     <span class='ocr_line' id='line_1_37' title="bbox 117 2151 1683 2226; baseline -0.003 -18"><span class='ocrx_word' id='word_1_268' title='bbox 117 2156 297 2222; x_wconf 69' lang='grc' dir='ltr'>γάζετο,</span> <span class='ocrx_word' id='word_1_269' title='bbox 330 2158 368 2226; x_wconf 79' lang='grc' dir='ltr'><strong><em>ἡ</em></strong></span> <span class='ocrx_word' id='word_1_270' title='bbox 402 2155 867 2219; x_wconf 76' lang='grc' dir='ltr'><strong>πολυποίκιλος</strong></span> <span class='ocrx_word' id='word_1_271' title='bbox 896 2154 1121 2216; x_wconf 77' lang='grc' dir='ltr'>εἰκότως</span> <span class='ocrx_word' id='word_1_272' title='bbox 1152 2151 1400 2224; x_wconf 78' lang='grc' dir='ltr'><strong>κληθείη.</strong></span> <span class='ocrx_word' id='word_1_273' title='bbox 1439 2151 1683 2224; x_wconf 78' lang='grc' dir='ltr'>Ἀνθρω-</span> 
     </span>
    </p>
   </div>
   <div class='ocr_carea' id='block_1_38' title="bbox 117 2243 1686 2322">
    <p class='ocr_par' dir='ltr' id='par_1_38' title="bbox 117 2243 1686 2322">
     <span class='ocr_line' id='line_1_38' title="bbox 117 2243 1686 2322; baseline -0.004 -19"><span class='ocrx_word' id='word_1_274' title='bbox 117 2264 196 2312; x_wconf 76' lang='grc' dir='ltr'><strong>πος</strong></span> <span class='ocrx_word' id='word_1_275' title='bbox 220 2250 320 2322; x_wconf 83' lang='grc' dir='ltr'><strong>γὰρ</strong></span> <span class='ocrx_word' id='word_1_276' title='bbox 348 2250 684 2321; x_wconf 87' lang='grc' dir='ltr'>γενόμενος,</span> <span class='ocrx_word' id='word_1_277' title='bbox 723 2248 817 2301; x_wconf 76' lang='grc' dir='ltr'><strong>καὶ</strong></span> <span class='ocrx_word' id='word_1_278' title='bbox 849 2247 953 2299; x_wconf 76' lang='grc' dir='ltr'>ὑπὸ</span> <span class='ocrx_word' id='word_1_279' title='bbox 982 2247 1144 2317; x_wconf 84' lang='grc' dir='ltr'>νόμον</span> <span class='ocrx_word' id='word_1_280' title='bbox 1178 2245 1545 2319; x_wconf 84' lang='grc' dir='ltr'>χρηματίσας,</span> <span class='ocrx_word' id='word_1_281' title='bbox 1568 2243 1686 2315; x_wconf 76' lang='grc' dir='ltr'>[καὶ</span> 
     </span>
    </p>
   </div>
   <div class='ocr_carea' id='block_1_39' title="bbox 118 2335 1685 2412">
    <p class='ocr_par' dir='ltr' id='par_1_39' title="bbox 118 2335 1685 2412">
     <span class='ocr_line' id='line_1_39' title="bbox 118 2335 1685 2412; baseline -0.002 -21"><span class='ocrx_word' id='word_1_282' title='bbox 118 2341 319 2412; x_wconf 68' lang='grc' dir='ltr'>παθὼνά</span> <span class='ocrx_word' id='word_1_283' title='bbox 352 2343 452 2396; x_wconf 81' lang='grc' dir='ltr'><strong>καὶ</strong></span> <span class='ocrx_word' id='word_1_284' title='bbox 490 2343 555 2393; x_wconf 81' lang='grc' dir='ltr'>ὲν</span> <span class='ocrx_word' id='word_1_285' title='bbox 591 2342 831 2410; x_wconf 41' lang='grc' dir='ltr'>,νεκροῖς</span> <span class='ocrx_word' id='word_1_286' title='bbox 861 2337 1122 2408; x_wconf 77' lang='grc' dir='ltr'>εὑρεθεὶς,</span> <span class='ocrx_word' id='word_1_287' title='bbox 1154 2336 1298 2390; x_wconf 72' lang='grc' dir='ltr'>οὕτω</span> <span class='ocrx_word' id='word_1_288' title='bbox 1333 2337 1423 2389; x_wconf 81' lang='grc' dir='ltr'>διὰ</span> <span class='ocrx_word' id='word_1_289' title='bbox 1465 2335 1685 2409; x_wconf 85' lang='grc' dir='ltr'>σαρκὸς,</span> 
     </span>
    </p>
   </div>
   <div class='ocr_carea' id='block_1_40' title="bbox 118 2428 1689 2505">
    <p class='ocr_par' dir='ltr' id='par_1_40' title="bbox 118 2428 1689 2505">
     <span class='ocr_line' id='line_1_40' title="bbox 118 2428 1689 2505; baseline -0.003 -18"><span class='ocrx_word' id='word_1_290' title='bbox 118 2435 189 2487; x_wconf 71' lang='grc' dir='ltr'>καὶ</span> <span class='ocrx_word' id='word_1_291' title='bbox 226 2435 317 2505; x_wconf 76' lang='grc' dir='ltr'>τῆς</span> <span class='ocrx_word' id='word_1_292' title='bbox 364 2433 611 2504; x_wconf 76' lang='grc' dir='ltr'>ἐνούσης</span> <span class='ocrx_word' id='word_1_293' title='bbox 644 2432 783 2502; x_wconf 80' lang='grc' dir='ltr'>αὐτῇ</span> <span class='ocrx_word' id='word_1_294' title='bbox 816 2430 1117 2496; x_wconf 83' lang='grc' dir='ltr'>ἀσθενείας,</span> <span class='ocrx_word' id='word_1_295' title='bbox 1151 2428 1481 2503; x_wconf 75' lang='grc' dir='ltr'>ἐθριάμϐευε</span> <span class='ocrx_word' id='word_1_296' title='bbox 1514 2430 1689 2483; x_wconf 84' lang='grc' dir='ltr'>πάντα</span> 
     </span>
    </p>
   </div>
   <div class='ocr_carea' id='block_1_41' title="bbox 116 2522 1691 2601">
    <p class='ocr_par' dir='ltr' id='par_1_41' title="bbox 116 2522 1691 2601">
     <span class='ocr_line' id='line_1_41' title="bbox 116 2522 1691 2601; baseline -0.003 -22"><span class='ocrx_word' id='word_1_297' title='bbox 116 2529 296 2601; x_wconf 74' lang='grc' dir='ltr'>ἐχθρὸν,</span> <span class='ocrx_word' id='word_1_298' title='bbox 310 2528 410 2581; x_wconf 77' lang='grc' dir='ltr'>καὶ</span> <span class='ocrx_word' id='word_1_299' title='bbox 442 2528 546 2581; x_wconf 81' lang='grc' dir='ltr'><strong>τὸν</strong></span> <span class='ocrx_word' id='word_1_300' title='bbox 568 2527 712 2598; x_wconf 74' lang='grc' dir='ltr'>ᾅδην</span> <span class='ocrx_word' id='word_1_301' title='bbox 746 2525 984 2596; x_wconf 77' lang='grc' dir='ltr'>ἐνίκησε,</span> <span class='ocrx_word' id='word_1_302' title='bbox 1005 2526 1117 2587; x_wconf 83' lang='grc' dir='ltr'>τοῖς</span> <span class='ocrx_word' id='word_1_303' title='bbox 1135 2524 1249 2575; x_wconf 75' lang='grc' dir='ltr'>ἐκεῖ</span> <span class='ocrx_word' id='word_1_304' title='bbox 1268 2522 1691 2595; x_wconf 84' lang='grc' dir='ltr'>φρουρουμένοις</span> 
     </span>
    </p>
   </div>
   <div class='ocr_carea' id='block_1_42' title="bbox 116 2614 1691 2703">
    <p class='ocr_par' dir='ltr' id='par_1_42' title="bbox 116 2614 1691 2703">
     <span class='ocr_line' id='line_1_42' title="bbox 116 2614 1691 2703; baseline -0.003 -31"><span class='ocrx_word' id='word_1_305' title='bbox 116 2621 375 2674; x_wconf 74' lang='grc' dir='ltr'>ἀνάστασιν</span> <span class='ocrx_word' id='word_1_306' title='bbox 407 2619 816 2692; x_wconf 85' lang='grc' dir='ltr'>δωρησάμενος</span> <span class='ocrx_word' id='word_1_307' title='bbox 834 2634 847 2647; x_wconf 74' lang='grc' dir='ltr'><strong>ο</strong></span> <span class='ocrx_word' id='word_1_308' title='bbox 870 2616 1030 2670; x_wconf 87' lang='grc' dir='ltr'>τοῦτό</span> <span class='ocrx_word' id='word_1_309' title='bbox 1060 2617 1176 2670; x_wconf 77' lang='grc' dir='ltr'>ἐστι</span> <span class='ocrx_word' id='word_1_310' title='bbox 1206 2614 1270 2670; x_wconf 85' lang='grc' dir='ltr'><strong>τὸ</strong></span> <span class='ocrx_word' id='word_1_311' title='bbox 1312 2615 1559 2703; x_wconf 73' lang='grc' dir='ltr'>ποικίλον</span> <span class='ocrx_word' id='word_1_312' title='bbox 1589 2614 1691 2684; x_wconf 78' lang='grc' dir='ltr'>τῆς</span> 
     </span>
    </p>
   </div>
   <div class='ocr_carea' id='block_1_43' title="bbox 115 2704 1692 2782">
    <p class='ocr_par' dir='ltr' id='par_1_43' title="bbox 115 2704 1692 2782">
     <span class='ocr_line' id='line_1_43' title="bbox 115 2704 1692 2782; baseline -0.004 -19"><span class='ocrx_word' id='word_1_313' title='bbox 115 2712 250 2765; x_wconf 70' lang='grc' dir='ltr'>αὑτοῦ</span> <span class='ocrx_word' id='word_1_314' title='bbox 284 2712 510 2782; x_wconf 82' lang='grc' dir='ltr'>σοφίας,</span> <span class='ocrx_word' id='word_1_315' title='bbox 548 2712 635 2764; x_wconf 83' lang='grc' dir='ltr'>ὅτι</span> <span class='ocrx_word' id='word_1_316' title='bbox 675 2710 743 2763; x_wconf 88' lang='grc' dir='ltr'>δι’</span> <span class='ocrx_word' id='word_1_317' title='bbox 784 2708 1064 2772; x_wconf 82' lang='grc' dir='ltr'>ἀσθενείας</span> <span class='ocrx_word' id='word_1_318' title='bbox 1094 2705 1440 2781; x_wconf 78' lang='grc' dir='ltr'>περιεγένετο</span> <span class='ocrx_word' id='word_1_319' title='bbox 1470 2704 1578 2759; x_wconf 84' lang='grc' dir='ltr'>τῶν</span> <span class='ocrx_word' id='word_1_320' title='bbox 1608 2704 1692 2757; x_wconf 89' lang='grc' dir='ltr'>δο-</span> 
     </span>
    </p>
   </div>
   <div class='ocr_carea' id='block_1_44' title="bbox 116 2800 642 2875">
    <p class='ocr_par' dir='ltr' id='par_1_44' title="bbox 116 2800 642 2875">
     <span class='ocr_line' id='line_1_44' title="bbox 116 2800 642 2875; baseline -0.002 -19"><span class='ocrx_word' id='word_1_321' title='bbox 116 2803 322 2857; x_wconf 75' lang='grc' dir='ltr'>κούντων</span> <span class='ocrx_word' id='word_1_322' title='bbox 359 2800 642 2875; x_wconf 86' lang='grc' dir='ltr'>ἰσχυρῶν.</span> 
     </span>
    </p>
   </div>
   <div class='ocr_carea' id='block_1_45' title="bbox 168 2976 1694 3050">
    <p class='ocr_par' dir='ltr' id='par_1_45' title="bbox 168 2976 1694 3050">
     <span class='ocr_line' id='line_1_45' title="bbox 168 2976 1694 3050; baseline -0.002 -16"><span class='ocrx_word' id='word_1_323' title='bbox 168 2982 453 3034; x_wconf 76' lang='grc' dir='ltr'>Καθόλου.</span> <span class='ocrx_word' id='word_1_324' title='bbox 492 2978 614 3034; x_wconf 72' lang='grc' dir='ltr'><strong>Καὶ</strong></span> <span class='ocrx_word' id='word_1_325' title='bbox 646 2979 705 3031; x_wconf 79' lang='grc' dir='ltr'>ὲν</span> <span class='ocrx_word' id='word_1_326' title='bbox 736 2978 814 3049; x_wconf 81' lang='grc' dir='ltr'>τῷ</span> <span class='ocrx_word' id='word_1_327' title='bbox 844 2978 983 3047; x_wconf 78' lang='grc' dir='ltr'>Περὶ</span> <span class='ocrx_word' id='word_1_328' title='bbox 1001 2980 1173 3033; x_wconf 79' lang='grc' dir='ltr'>θείων</span> <span class='ocrx_word' id='word_1_329' title='bbox 1213 2976 1520 3048; x_wconf 75' lang='grc' dir='ltr'>ὀνομάτων</span> <span class='ocrx_word' id='word_1_330' title='bbox 1549 2978 1694 3050; x_wconf 84' lang='grc' dir='ltr'>λόγῳ</span> 
     </span>
    </p>
   </div>
   <div class='ocr_carea' id='block_1_46' title="bbox 113 3069 1694 3143">
    <p class='ocr_par' dir='ltr' id='par_1_46' title="bbox 113 3069 1694 3143">
     <span class='ocr_line' id='line_1_46' title="bbox 113 3069 1694 3143; baseline -0.001 -19"><span class='ocrx_word' id='word_1_331' title='bbox 113 3072 367 3143; x_wconf 76' lang='grc' dir='ltr'>κεφαλαίῳ</span> <span class='ocrx_word' id='word_1_332' title='bbox 394 3072 440 3125; x_wconf 81' lang='grc' dir='ltr'>δ’</span> <span class='ocrx_word' id='word_1_333' title='bbox 478 3070 742 3134; x_wconf 75' lang='grc' dir='ltr'>πλατέως</span> <span class='ocrx_word' id='word_1_334' title='bbox 785 3070 1119 3143; x_wconf 81' lang='grc' dir='ltr'>ὲσαφηνίσθη</span> <span class='ocrx_word' id='word_1_335' title='bbox 1162 3070 1219 3124; x_wconf 87' lang='grc' dir='ltr'><strong>τί</strong></span> <span class='ocrx_word' id='word_1_336' title='bbox 1260 3070 1481 3138; x_wconf 81' lang='grc' dir='ltr'>νοητὸν</span> <span class='ocrx_word' id='word_1_337' title='bbox 1517 3070 1613 3124; x_wconf 72' lang='grc' dir='ltr'><strong>καὶ</strong></span> <span class='ocrx_word' id='word_1_338' title='bbox 1641 3069 1694 3123; x_wconf 92' lang='grc' dir='ltr'><strong>τί</strong></span> 
     </span>
    </p>
   </div>
   <div class='ocr_carea' id='block_1_47' title="bbox 113 3162 1689 3234">
    <p class='ocr_par' dir='ltr' id='par_1_47' title="bbox 113 3162 1689 3234">
     <span class='ocr_line' id='line_1_47' title="bbox 113 3162 1689 3234; baseline -0.002 -16"><span class='ocrx_word' id='word_1_339' title='bbox 113 3168 319 3233; x_wconf 65' lang='grc' dir='ltr'>νοερόν·</span> <span class='ocrx_word' id='word_1_340' title='bbox 354 3164 458 3220; x_wconf 90' lang='grc' dir='ltr'><strong>νῦν</strong></span> <span class='ocrx_word' id='word_1_341' title='bbox 490 3164 555 3217; x_wconf 82' lang='grc' dir='ltr'>δὲ</span> <span class='ocrx_word' id='word_1_342' title='bbox 580 3162 750 3225; x_wconf 77' lang='grc' dir='ltr'>αὐτὸς</span> <span class='ocrx_word' id='word_1_343' title='bbox 778 3164 806 3215; x_wconf 90' lang='lat'><strong>6</strong></span> <span class='ocrx_word' id='word_1_344' title='bbox 829 3163 1000 3234; x_wconf 84' lang='grc' dir='ltr'>μέγας</span> <span class='ocrx_word' id='word_1_345' title='bbox 1040 3163 1316 3226; x_wconf 87' lang='grc' dir='ltr'>Διονύσιος</span> <span class='ocrx_word' id='word_1_346' title='bbox 1363 3162 1651 3233; x_wconf 76' lang='grc' dir='ltr'>σαφηνίζει</span> <span class='ocrx_word' id='word_1_347' title='bbox 1674 3179 1689 3194; x_wconf 80' lang='grc' dir='ltr'><strong><em>ο</em></strong></span> 
     </span>
    </p>
   </div>
   <div class='ocr_carea' id='block_1_48' title="bbox 111 3255 1693 3333">
    <p class='ocr_par' dir='ltr' id='par_1_48' title="bbox 111 3255 1693 3333">
     <span class='ocr_line' id='line_1_48' title="bbox 111 3255 1693 3333; baseline 0.001 -25"><span class='ocrx_word' id='word_1_348' title='bbox 111 3259 300 3325; x_wconf 73' lang='grc' dir='ltr'>νοητὸν</span> <span class='ocrx_word' id='word_1_349' title='bbox 318 3260 421 3330; x_wconf 82' lang='grc' dir='ltr'><strong>μὲν</strong></span> <span class='ocrx_word' id='word_1_350' title='bbox 454 3257 574 3328; x_wconf 78' lang='grc' dir='ltr'>γὰρ</span> <span class='ocrx_word' id='word_1_351' title='bbox 608 3256 789 3309; x_wconf 78' lang='grc' dir='ltr'>ἐκεῖνο</span> <span class='ocrx_word' id='word_1_352' title='bbox 831 3256 1087 3327; x_wconf 80' lang='grc' dir='ltr'>τυγχάνει</span> <span class='ocrx_word' id='word_1_353' title='bbox 1118 3256 1180 3309; x_wconf 92' lang='lat'><strong>:6</strong></span> <span class='ocrx_word' id='word_1_354' title='bbox 1211 3255 1519 3327; x_wconf 88' lang='grc' dir='ltr'>νοούμενον,</span> <span class='ocrx_word' id='word_1_355' title='bbox 1551 3257 1693 3333; x_wconf 81' lang='grc' dir='ltr'>ὅπερ</span> 
     </span>
    </p>
   </div>
   <div class='ocr_carea' id='block_1_49' title="bbox 114 3347 1694 3420">
    <p class='ocr_par' dir='ltr' id='par_1_49' title="bbox 114 3347 1694 3420">
     <span class='ocr_line' id='line_1_49' title="bbox 114 3347 1694 3420; baseline 0.001 -18"><span class='ocrx_word' id='word_1_356' title='bbox 114 3354 310 3417; x_wconf 74' lang='grc' dir='ltr'>εἰκότως</span> <span class='ocrx_word' id='word_1_357' title='bbox 358 3352 461 3406; x_wconf 58' lang='grc' dir='ltr'><strong>καὶ¹</strong></span> <span class='ocrx_word' id='word_1_358' title='bbox 514 3349 822 3420; x_wconf 79' lang='grc' dir='ltr'>ὲλλάμπειν</span> <span class='ocrx_word' id='word_1_359' title='bbox 867 3347 930 3402; x_wconf 88' lang='lat'><strong>:6</strong></span> <span class='ocrx_word' id='word_1_360' title='bbox 962 3347 1078 3418; x_wconf 84' lang='grc' dir='ltr'><strong>φῶς</strong></span> <span class='ocrx_word' id='word_1_361' title='bbox 1106 3348 1325 3418; x_wconf 84' lang='grc' dir='ltr'>λέγεται</span> <span class='ocrx_word' id='word_1_362' title='bbox 1347 3366 1360 3379; x_wconf 89' lang='grc'><strong>·</strong></span> <span class='ocrx_word' id='word_1_363' title='bbox 1395 3348 1608 3417; x_wconf 79' lang='grc' dir='ltr'>νοερὸν</span> <span class='ocrx_word' id='word_1_364' title='bbox 1636 3348 1694 3403; x_wconf 70' lang='grc' dir='ltr'>δὲ</span> 
     </span>
    </p>
   </div>
   <div class='ocr_carea' id='block_1_50' title="bbox 113 3441 1694 3516">
    <p class='ocr_par' dir='ltr' id='par_1_50' title="bbox 113 3441 1694 3516">
     <span class='ocr_line' id='line_1_50' title="bbox 113 3441 1694 3516; baseline -0.002 -20"><span class='ocrx_word' id='word_1_365' title='bbox 113 3445 219 3499; x_wconf 64' lang='grc' dir='ltr'>αὐτὸ</span> <span class='ocrx_word' id='word_1_366' title='bbox 246 3446 305 3499; x_wconf 86' lang='lat'><strong>:6</strong></span> <span class='ocrx_word' id='word_1_367' title='bbox 336 3444 499 3499; x_wconf 89' lang='grc' dir='ltr'>νοοῦν</span> <span class='ocrx_word' id='word_1_368' title='bbox 546 3442 810 3516; x_wconf 80' lang='grc' dir='ltr'>ὑπάρχον.</span> <span class='ocrx_word' id='word_1_369' title='bbox 825 3441 1252 3512; x_wconf 79' lang='grc' dir='ltr'>ὲλλαμπύμενον,</span> <span class='ocrx_word' id='word_1_370' title='bbox 1286 3441 1381 3494; x_wconf 75' lang='grc' dir='ltr'>καὶ</span> <span class='ocrx_word' id='word_1_371' title='bbox 1414 3441 1694 3511; x_wconf 77' lang='grc' dir='ltr'>συντόμως</span> 
     </span>
    </p>
   </div>
   <div class='ocr_carea' id='block_1_51' title="bbox 114 3520 1694 3609">
    <p class='ocr_par' dir='ltr' id='par_1_51' title="bbox 114 3520 1694 3609">
     <span class='ocr_line' id='line_1_51' title="bbox 114 3520 1694 3609; baseline -0.004 -20"><span class='ocrx_word' id='word_1_372' title='bbox 114 3541 281 3603; x_wconf 77' lang='grc' dir='ltr'>εἰπεῖν,</span> <span class='ocrx_word' id='word_1_373' title='bbox 316 3539 373 3591; x_wconf 88' lang='grc' dir='ltr'>αἱ</span> <span class='ocrx_word' id='word_1_374' title='bbox 409 3520 861 3609; x_wconf 76' lang='grc' dir='ltr'>ὑπερϐεϐηκυῖαι</span> <span class='ocrx_word' id='word_1_375' title='bbox 917 3533 1093 3587; x_wconf 76' lang='grc' dir='ltr'>οὐσίαι</span> <span class='ocrx_word' id='word_1_376' title='bbox 1123 3534 1332 3605; x_wconf 76' lang='grc' dir='ltr'>νοηταὶ,</span> <span class='ocrx_word' id='word_1_377' title='bbox 1365 3534 1423 3586; x_wconf 77' lang='grc' dir='ltr'>αἱ</span> <span class='ocrx_word' id='word_1_378' title='bbox 1454 3532 1511 3586; x_wconf 75' lang='grc' dir='ltr'>δὲ</span> <span class='ocrx_word' id='word_1_379' title='bbox 1543 3533 1694 3597; x_wconf 74' lang='grc' dir='ltr'>ὕφει-</span> 
     </span>
    </p>
   </div>
   <div class='ocr_carea' id='block_1_52' title="bbox 117 3627 1691 3704">
    <p class='ocr_par' dir='ltr' id='par_1_52' title="bbox 117 3627 1691 3704">
     <span class='ocr_line' id='line_1_52' title="bbox 117 3627 1691 3704; baseline -0.003 -18"><span class='ocrx_word' id='word_1_380' title='bbox 117 3633 253 3702; x_wconf 83' lang='grc' dir='ltr'>μέναι</span> <span class='ocrx_word' id='word_1_381' title='bbox 282 3632 496 3704; x_wconf 70' lang='grc' dir='ltr'>νοεραὶ,</span> <span class='ocrx_word' id='word_1_382' title='bbox 534 3632 639 3684; x_wconf 76' lang='grc' dir='ltr'>καὶ</span> <span class='ocrx_word' id='word_1_383' title='bbox 672 3628 980 3699; x_wconf 76' lang='grc' dir='ltr'>ὑποϐέϐηκε</span> <span class='ocrx_word' id='word_1_384' title='bbox 1012 3628 1074 3681; x_wconf 85' lang='grc' dir='ltr'>τὸ</span> <span class='ocrx_word' id='word_1_385' title='bbox 1110 3627 1264 3682; x_wconf 85' lang='grc' dir='ltr'>νοοῦν</span> <span class='ocrx_word' id='word_1_386' title='bbox 1294 3628 1355 3682; x_wconf 88' lang='lat'><strong>:6</strong></span> <span class='ocrx_word' id='word_1_387' title='bbox 1384 3627 1691 3700; x_wconf 80' lang='grc' dir='ltr'>νοούμῖνον.</span> 
     </span>
    </p>
   </div>
   <div class='ocr_carea' id='block_1_53' title="bbox 112 3719 1695 3797">
    <p class='ocr_par' dir='ltr' id='par_1_53' title="bbox 112 3719 1695 3797">
     <span class='ocr_line' id='line_1_53' title="bbox 112 3719 1695 3797; baseline -0.002 -21"><span class='ocrx_word' id='word_1_388' title='bbox 112 3726 315 3794; x_wconf 67' lang='grc' dir='ltr'>Νοητῶς</span> <span class='ocrx_word' id='word_1_389' title='bbox 333 3727 435 3797; x_wconf 81' lang='grc' dir='ltr'><strong>μὲν</strong></span> <span class='ocrx_word' id='word_1_390' title='bbox 468 3722 757 3793; x_wconf 85' lang='grc' dir='ltr'>ὲλλάμπον</span> <span class='ocrx_word' id='word_1_391' title='bbox 775 3723 809 3793; x_wconf 77' lang='grc' dir='ltr'>ἡ</span> <span class='ocrx_word' id='word_1_392' title='bbox 844 3720 961 3774; x_wconf 89' lang='grc' dir='ltr'>θεία</span> <span class='ocrx_word' id='word_1_393' title='bbox 993 3720 1185 3790; x_wconf 80' lang='grc' dir='ltr'>φύσις·</span> <span class='ocrx_word' id='word_1_394' title='bbox 1205 3719 1407 3792; x_wconf 44' lang='lat' dir='ltr'><strong>vos!)th</strong></span> <span class='ocrx_word' id='word_1_395' title='bbox 1421 3720 1477 3773; x_wconf 88' lang='grc' dir='ltr'>δὲ</span> <span class='ocrx_word' id='word_1_396' title='bbox 1500 3720 1695 3791; x_wconf 77' lang='grc' dir='ltr'>ἐλλαμ-</span> 
     </span>
    </p>
   </div>
   <div class='ocr_carea' id='block_1_54' title="bbox 114 3814 728 3887">
    <p class='ocr_par' dir='ltr' id='par_1_54' title="bbox 114 3814 728 3887">
     <span class='ocr_line' id='line_1_54' title="bbox 114 3814 728 3887; baseline 0 -21"><span class='ocrx_word' id='word_1_397' title='bbox 114 3816 324 3887; x_wconf 72' lang='grc' dir='ltr'>πόμενον</span> <span class='ocrx_word' id='word_1_398' title='bbox 357 3819 392 3887; x_wconf 85' lang='grc' dir='ltr'><strong>ή</strong></span> <span class='ocrx_word' id='word_1_399' title='bbox 423 3814 728 3885; x_wconf 81' lang='grc' dir='ltr'>ἀγγελική.</span> 
     </span>
    </p>
   </div>
   <div class='ocr_carea' id='block_1_55' title="bbox 173 4102 1692 4179">
    <p class='ocr_par' dir='ltr' id='par_1_55' title="bbox 173 4102 1692 4179">
     <span class='ocr_line' id='line_1_55' title="bbox 173 4102 1692 4179; baseline -0.007 -15"><span class='ocrx_word' id='word_1_400' title='bbox 173 4109 525 4179; x_wconf 73' lang='grc' dir='ltr'>Ἰερατικήν.</span> <span class='ocrx_word' id='word_1_401' title='bbox 573 4106 889 4177; x_wconf 80' lang='grc' dir='ltr'>Σημείωσαι</span> <span class='ocrx_word' id='word_1_402' title='bbox 918 4104 971 4157; x_wconf 92' lang='grc' dir='ltr'><strong>τί</strong></span> <span class='ocrx_word' id='word_1_403' title='bbox 1000 4104 1062 4157; x_wconf 84' lang='lat'><strong>:6</strong></span> <span class='ocrx_word' id='word_1_404' title='bbox 1092 4103 1365 4179; x_wconf 82' lang='grc' dir='ltr'>ἱερατικὸν</span> <span class='ocrx_word' id='word_1_405' title='bbox 1404 4102 1606 4174; x_wconf 72' lang='grc' dir='ltr'>ἔνδυμα</span> <span class='ocrx_word' id='word_1_406' title='bbox 1634 4103 1692 4155; x_wconf 83' lang='grc' dir='ltr'>ὲν</span> 
     </span>
    </p>
   </div>
   <div class='ocr_carea' id='block_1_56' title="bbox 121 4196 759 4272">
    <p class='ocr_par' dir='ltr' id='par_1_56' title="bbox 121 4196 759 4272">
     <span class='ocr_line' id='line_1_56' title="bbox 121 4196 759 4272; baseline -0.006 -19"><span class='ocrx_word' id='word_1_407' title='bbox 121 4200 365 4272; x_wconf 77' lang='grc' dir='ltr'>ἰεζεκιὴλ</span> <span class='ocrx_word' id='word_1_408' title='bbox 392 4202 496 4254; x_wconf 77' lang='grc' dir='ltr'><strong>καὶ</strong></span> <span class='ocrx_word' id='word_1_409' title='bbox 528 4196 759 4267; x_wconf 88' lang='grc' dir='ltr'>Δανιήλ.</span> 
     </span>
    </p>
   </div>
   <div class='ocr_carea' id='block_1_57' title="bbox 166 4286 1691 4364">
    <p class='ocr_par' dir='ltr' id='par_1_57' title="bbox 166 4286 1691 4364">
     <span class='ocr_line' id='line_1_57' title="bbox 166 4286 1691 4364; baseline -0.007 -16"><span class='ocrx_word' id='word_1_410' title='bbox 166 4294 535 4364; x_wconf 73' lang='grc' dir='ltr'>Συνωγωτὸν</span> <span class='ocrx_word' id='word_1_411' title='bbox 576 4289 784 4344; x_wconf 76' lang='grc' dir='ltr'>αὐτῶν</span> <span class='ocrx_word' id='word_1_412' title='bbox 822 4289 973 4355; x_wconf 78' lang='grc' dir='ltr'>ἕξιν.</span> <span class='ocrx_word' id='word_1_413' title='bbox 1007 4289 1249 4361; x_wconf 82' lang='grc' dir='ltr'>Εἴπομεν</span> <span class='ocrx_word' id='word_1_414' title='bbox 1309 4286 1595 4359; x_wconf 81' lang='grc' dir='ltr'>ἀνωτέρω,</span> <span class='ocrx_word' id='word_1_415' title='bbox 1637 4287 1691 4338; x_wconf 90' lang='grc' dir='ltr'><strong>τί</strong></span> 
     </span>
    </p>
   </div>
   <div class='ocr_carea' id='block_1_58' title="bbox 108 4378 1693 4453">
    <p class='ocr_par' dir='ltr' id='par_1_58' title="bbox 108 4378 1693 4453">
     <span class='ocr_line' id='line_1_58' title="bbox 108 4378 1693 4453; baseline -0.004 -16"><span class='ocrx_word' id='word_1_416' title='bbox 108 4386 241 4439; x_wconf 62' lang='grc' dir='ltr'>ἔστιν</span> <span class='ocrx_word' id='word_1_417' title='bbox 300 4385 413 4451; x_wconf 72' lang='grc' dir='ltr'>ἕξις</span> <span class='ocrx_word' id='word_1_418' title='bbox 476 4384 578 4439; x_wconf 74' lang='grc' dir='ltr'>ἐπὶ</span> <span class='ocrx_word' id='word_1_419' title='bbox 640 4382 967 4453; x_wconf 83' lang='grc' dir='ltr'>ἀσωμάτων.</span> <span class='ocrx_word' id='word_1_420' title='bbox 1033 4384 1143 4436; x_wconf 79' lang='grc' dir='ltr'><strong>Καὶ</strong></span> <span class='ocrx_word' id='word_1_421' title='bbox 1193 4378 1464 4448; x_wconf 82' lang='grc' dir='ltr'>ἀνάγνωθι</span> <span class='ocrx_word' id='word_1_422' title='bbox 1514 4381 1570 4431; x_wconf 81' lang='grc' dir='ltr'>ἐν</span> <span class='ocrx_word' id='word_1_423' title='bbox 1613 4378 1693 4449; x_wconf 84' lang='grc' dir='ltr'><strong>τῷ</strong></span> 
     </span>
    </p>
   </div>
   <div class='ocr_carea' id='block_1_59' title="bbox 109 4465 1693 4549">
    <p class='ocr_par' dir='ltr' id='par_1_59' title="bbox 109 4465 1693 4549">
     <span class='ocr_line' id='line_1_59' title="bbox 109 4465 1693 4549; baseline -0.002 -20"><span class='ocrx_word' id='word_1_424' title='bbox 109 4477 309 4549; x_wconf 69' lang='grc' dir='ltr'><strong>ἑϐδόμῳ</strong></span> <span class='ocrx_word' id='word_1_425' title='bbox 342 4476 659 4548; x_wconf 70' lang='grc' dir='ltr'>κεφαλαίῳ*</span> <span class='ocrx_word' id='word_1_426' title='bbox 696 4475 757 4527; x_wconf 88' lang='lat'><strong>:6</strong></span> <span class='ocrx_word' id='word_1_427' title='bbox 790 4476 1125 4546; x_wconf 84' lang='grc' dir='ltr'>συνηγμένον</span> <span class='ocrx_word' id='word_1_428' title='bbox 1156 4474 1212 4527; x_wconf 82' lang='grc' dir='ltr'>δὲ</span> <span class='ocrx_word' id='word_1_429' title='bbox 1241 4473 1335 4527; x_wconf 77' lang='grc' dir='ltr'>καὶ</span> <span class='ocrx_word' id='word_1_430' title='bbox 1365 4465 1693 4526; x_wconf 86' lang='grc' dir='ltr'>ἁσκέδαστον</span> 
     </span>
    </p>
   </div>
   <div class='ocr_carea' id='block_1_60' title="bbox 1790 1960 3378 2032">
    <p class='ocr_par' dir='ltr' id='par_1_60' title="bbox 1790 1960 3378 2032">
     <span class='ocr_line' id='line_1_60' title="bbox 1790 1960 3378 2032; baseline 0.006 -22"><span class='ocrx_word' id='word_1_431' title='bbox 1790 1960 2055 2027; x_wconf 83' lang='lat' dir='ltr'><strong>temporis</strong></span> <span class='ocrx_word' id='word_1_432' title='bbox 2078 1969 2263 2030; x_wconf 89' lang='lat' dir='ltr'><strong>aperte</strong></span> <span class='ocrx_word' id='word_1_433' title='bbox 2289 1965 2568 2032; x_wconf 88' lang='lat' dir='ltr'><strong>propriam</strong></span> <span class='ocrx_word' id='word_1_434' title='bbox 2603 1964 2900 2020; x_wconf 88' lang='lat' dir='ltr'><strong>ostendens</strong></span> <span class='ocrx_word' id='word_1_435' title='bbox 2928 1965 3209 2031; x_wconf 86' lang='lat' dir='ltr'><strong>virtutem,</strong></span> <span class='ocrx_word' id='word_1_436' title='bbox 3230 1966 3378 2020; x_wconf 87' lang='lat' dir='ltr'><strong>velut</strong></span> 
     </span>
    </p>
   </div>
   <div class='ocr_carea' id='block_1_61' title="bbox 1791 2047 3377 2128">
    <p class='ocr_par' dir='ltr' id='par_1_61' title="bbox 1791 2047 3377 2128">
     <span class='ocr_line' id='line_1_61' title="bbox 1791 2047 3377 2128; baseline 0.008 -27"><span class='ocrx_word' id='word_1_437' title='bbox 1791 2047 1848 2102; x_wconf 91' lang='lat' dir='ltr'><strong>in</strong></span> <span class='ocrx_word' id='word_1_438' title='bbox 1906 2049 2053 2106; x_wconf 84' lang='lat' dir='ltr'><strong>Mose</strong></span> <span class='ocrx_word' id='word_1_439' title='bbox 2111 2052 2489 2117; x_wconf 38' lang='lat' dir='ltr'><strong>et.Abraham</strong></span> <span class='ocrx_word' id='word_1_440' title='bbox 2523 2064 2577 2110; x_wconf 88' lang='lat' dir='ltr'><strong>et</strong></span> <span class='ocrx_word' id='word_1_441' title='bbox 2610 2048 2857 2125; x_wconf 73' lang='lat' dir='ltr'><strong>caeteris;</strong></span> <span class='ocrx_word' id='word_1_442' title='bbox 2911 2059 3134 2128; x_wconf 77' lang='lat' dir='ltr'><strong>Quando</strong></span> <span class='ocrx_word' id='word_1_443' title='bbox 3192 2066 3377 2114; x_wconf 90' lang='lat' dir='ltr'><strong>autem</strong></span> 
     </span>
    </p>
   </div>
   <div class='ocr_carea' id='block_1_62' title="bbox 1790 2140 3379 2221">
    <p class='ocr_par' dir='ltr' id='par_1_62' title="bbox 1790 2140 3379 2221">
     <span class='ocr_line' id='line_1_62' title="bbox 1790 2140 3379 2221; baseline 0.007 -27"><span class='ocrx_word' id='word_1_444' title='bbox 1790 2140 2220 2211; x_wconf 88' lang='lat' dir='ltr'><strong>dispensationis</strong></span> <span class='ocrx_word' id='word_1_445' title='bbox 2258 2150 2585 2218; x_wconf 88' lang='lat' dir='ltr'><strong>mysterium</strong></span> <span class='ocrx_word' id='word_1_446' title='bbox 2624 2152 2978 2221; x_wconf 89' lang='lat' dir='ltr'><strong>operabatur,</strong></span> <span class='ocrx_word' id='word_1_447' title='bbox 3014 2153 3209 2208; x_wconf 91' lang='lat' dir='ltr'><strong>merito</strong></span> <span class='ocrx_word' id='word_1_448' title='bbox 3239 2152 3379 2205; x_wconf 81' lang='lat' dir='ltr'><strong>mul-</strong></span> 
     </span>
    </p>
   </div>
   <div class='ocr_carea' id='block_1_63' title="bbox 1793 2237 3374 2307">
    <p class='ocr_par' dir='ltr' id='par_1_63' title="bbox 1793 2237 3374 2307">
     <span class='ocr_line' id='line_1_63' title="bbox 1793 2237 3374 2307; baseline 0.007 -19"><span class='ocrx_word' id='word_1_449' title='bbox 1793 2237 1984 2290; x_wconf 87' lang='lat' dir='ltr'><strong>tivaria</strong></span> <span class='ocrx_word' id='word_1_450' title='bbox 2015 2239 2277 2306; x_wconf 75' lang='lat' dir='ltr'><strong>sapientia</strong></span> <span class='ocrx_word' id='word_1_451' title='bbox 2308 2250 2535 2296; x_wconf 87' lang='lat' dir='ltr'><strong>vocatus</strong></span> <span class='ocrx_word' id='word_1_452' title='bbox 2567 2242 2753 2298; x_wconf 86' lang='lat' dir='ltr'><strong>fuerit.</strong></span> <span class='ocrx_word' id='word_1_453' title='bbox 2806 2241 2941 2297; x_wconf 85' lang='lat' dir='ltr'><strong>Nam</strong></span> <span class='ocrx_word' id='word_1_454' title='bbox 2973 2245 3138 2298; x_wconf 88' lang='lat' dir='ltr'><strong>homo</strong></span> <span class='ocrx_word' id='word_1_455' title='bbox 3172 2243 3374 2307; x_wconf 80' lang='lat' dir='ltr'><strong>factus,</strong></span> 
     </span>
    </p>
   </div>
   <div class='ocr_carea' id='block_1_64' title="bbox 1795 2329 3379 2408">
    <p class='ocr_par' dir='ltr' id='par_1_64' title="bbox 1795 2329 3379 2408">
     <span class='ocr_line' id='line_1_64' title="bbox 1795 2329 3379 2408; baseline 0.008 -25"><span class='ocrx_word' id='word_1_456' title='bbox 1795 2335 1851 2383; x_wconf 88' lang='lat' dir='ltr'><strong>et</strong></span> <span class='ocrx_word' id='word_1_457' title='bbox 1877 2329 1981 2399; x_wconf 88' lang='lat' dir='ltr'><strong>legi</strong></span> <span class='ocrx_word' id='word_1_458' title='bbox 2016 2331 2320 2400; x_wconf 81' lang='lat' dir='ltr'><strong>subjectus,</strong></span> <span class='ocrx_word' id='word_1_459' title='bbox 2356 2333 2432 2405; x_wconf 90' lang='lat' dir='ltr'><strong>[et</strong></span> <span class='ocrx_word' id='word_1_460' title='bbox 2478 2336 2726 2407; x_wconf 82' lang='lat' dir='ltr'><strong>passus,j</strong></span> <span class='ocrx_word' id='word_1_461' title='bbox 2759 2345 2924 2408; x_wconf 89' lang='lat' dir='ltr'><strong>atque</strong></span> <span class='ocrx_word' id='word_1_462' title='bbox 2956 2338 3098 2394; x_wconf 88' lang='lat' dir='ltr'><strong>inter</strong></span> <span class='ocrx_word' id='word_1_463' title='bbox 3128 2348 3379 2396; x_wconf 87' lang='lat' dir='ltr'><strong>mortuos</strong></span> 
     </span>
    </p>
   </div>
   <div class='ocr_carea' id='block_1_65' title="bbox 1792 2422 3377 2495">
    <p class='ocr_par' dir='ltr' id='par_1_65' title="bbox 1792 2422 3377 2495">
     <span class='ocr_line' id='line_1_65' title="bbox 1792 2422 3377 2495; baseline 0.008 -21"><span class='ocrx_word' id='word_1_464' title='bbox 1792 2422 2067 2488; x_wconf 89' lang='lat' dir='ltr'><strong>inventus,</strong></span> <span class='ocrx_word' id='word_1_465' title='bbox 2105 2424 2186 2479; x_wconf 89' lang='lat' dir='ltr'><strong>sic</strong></span> <span class='ocrx_word' id='word_1_466' title='bbox 2219 2441 2316 2495; x_wconf 89' lang='lat' dir='ltr'><strong>per</strong></span> <span class='ocrx_word' id='word_1_467' title='bbox 2341 2441 2562 2482; x_wconf 88' lang='lat' dir='ltr'><strong>carnem</strong></span> <span class='ocrx_word' id='word_1_468' title='bbox 2596 2436 2651 2484; x_wconf 90' lang='lat' dir='ltr'><strong>et</strong></span> <span class='ocrx_word' id='word_1_469' title='bbox 2681 2430 3035 2486; x_wconf 60' lang='lat' dir='ltr'><strong>inhaerentem</strong></span> <span class='ocrx_word' id='word_1_470' title='bbox 3069 2432 3175 2487; x_wconf 90' lang='lat' dir='ltr'><strong>sibi</strong></span> <span class='ocrx_word' id='word_1_471' title='bbox 3218 2432 3377 2487; x_wconf 81' lang='lat' dir='ltr'><strong>infir-</strong></span> 
     </span>
    </p>
   </div>
   <div class='ocr_carea' id='block_1_66' title="bbox 1792 2513 3374 2592">
    <p class='ocr_par' dir='ltr' id='par_1_66' title="bbox 1792 2513 3374 2592">
     <span class='ocr_line' id='line_1_66' title="bbox 1792 2513 3374 2592; baseline 0.008 -26"><span class='ocrx_word' id='word_1_472' title='bbox 1792 2513 2061 2581; x_wconf 89' lang='lat' dir='ltr'><strong>mitatem,</strong></span> <span class='ocrx_word' id='word_1_473' title='bbox 2092 2516 2160 2572; x_wconf 90' lang='lat' dir='ltr'><strong>de</strong></span> <span class='ocrx_word' id='word_1_474' title='bbox 2202 2520 2353 2572; x_wconf 90' lang='lat' dir='ltr'><strong>omni</strong></span> <span class='ocrx_word' id='word_1_475' title='bbox 2400 2520 2558 2576; x_wconf 91' lang='lat' dir='ltr'><strong>hoste</strong></span> <span class='ocrx_word' id='word_1_476' title='bbox 2586 2522 2970 2592; x_wconf 86' lang='lat' dir='ltr'><strong>triumphavit,</strong></span> <span class='ocrx_word' id='word_1_477' title='bbox 3007 2531 3061 2579; x_wconf 91' lang='lat' dir='ltr'><strong>et</strong></span> <span class='ocrx_word' id='word_1_478' title='bbox 3095 2523 3374 2583; x_wconf 86' lang='lat' dir='ltr'><strong>infernum</strong></span> 
     </span>
    </p>
   </div>
   <div class='ocr_carea' id='block_1_67' title="bbox 1792 2608 3379 2679">
    <p class='ocr_par' dir='ltr' id='par_1_67' title="bbox 1792 2608 3379 2679">
     <span class='ocr_line' id='line_1_67' title="bbox 1792 2608 3379 2679; baseline 0.006 -16"><span class='ocrx_word' id='word_1_479' title='bbox 1792 2609 1956 2673; x_wconf 85' lang='lat' dir='ltr'><strong>vicit,</strong></span> <span class='ocrx_word' id='word_1_480' title='bbox 1996 2608 2066 2665; x_wconf 90' lang='lat' dir='ltr'><strong>iis</strong></span> <span class='ocrx_word' id='word_1_481' title='bbox 2117 2609 2213 2679; x_wconf 85' lang='lat' dir='ltr'><strong>qui</strong></span> <span class='ocrx_word' id='word_1_482' title='bbox 2262 2611 2377 2667; x_wconf 90' lang='lat' dir='ltr'><strong>illic</strong></span> <span class='ocrx_word' id='word_1_483' title='bbox 2431 2615 2860 2671; x_wconf 89' lang='lat' dir='ltr'><strong>asservabantur</strong></span> <span class='ocrx_word' id='word_1_484' title='bbox 2916 2619 3379 2674; x_wconf 85' lang='lat' dir='ltr'><strong>resurrectionem</strong></span> 
     </span>
    </p>
   </div>
   <div class='ocr_carea' id='block_1_68' title="bbox 1792 2701 3380 2783">
    <p class='ocr_par' dir='ltr' id='par_1_68' title="bbox 1792 2701 3380 2783">
     <span class='ocr_line' id='line_1_68' title="bbox 1792 2701 3380 2783; baseline 0.009 -28"><span class='ocrx_word' id='word_1_485' title='bbox 1792 2701 2024 2772; x_wconf 87' lang='lat' dir='ltr'><strong>largitus</strong></span> <span class='ocrx_word' id='word_1_486' title='bbox 2058 2720 2071 2757; x_wconf 92' lang='lat'><strong>:</strong></span> <span class='ocrx_word' id='word_1_487' title='bbox 2106 2703 2221 2758; x_wconf 77' lang='lat' dir='ltr'><strong>haec</strong></span> <span class='ocrx_word' id='word_1_488' title='bbox 2251 2714 2335 2760; x_wconf 90' lang='lat' dir='ltr'><strong>est</strong></span> <span class='ocrx_word' id='word_1_489' title='bbox 2365 2705 2485 2775; x_wconf 89' lang='lat' dir='ltr'><strong>ejus</strong></span> <span class='ocrx_word' id='word_1_490' title='bbox 2525 2707 2810 2776; x_wconf 72' lang='lat' dir='ltr'><strong>sapientiae</strong></span> <span class='ocrx_word' id='word_1_491' title='bbox 2839 2710 3099 2776; x_wconf 87' lang='lat' dir='ltr'><strong>varietas,</strong></span> <span class='ocrx_word' id='word_1_492' title='bbox 3132 2727 3200 2768; x_wconf 93' lang='lat' dir='ltr'><strong>eo</strong></span> <span class='ocrx_word' id='word_1_493' title='bbox 3231 2713 3380 2783; x_wconf 87' lang='lat' dir='ltr'><strong>quod</strong></span> 
     </span>
    </p>
   </div>
   <div class='ocr_carea' id='block_1_69' title="bbox 1793 2794 3382 2874">
    <p class='ocr_par' dir='ltr' id='par_1_69' title="bbox 1793 2794 3382 2874">
     <span class='ocr_line' id='line_1_69' title="bbox 1793 2794 3382 2874; baseline 0.008 -27"><span class='ocrx_word' id='word_1_494' title='bbox 1793 2808 1893 2863; x_wconf 88' lang='lat' dir='ltr'><strong>per</strong></span> <span class='ocrx_word' id='word_1_495' title='bbox 1924 2794 2295 2851; x_wconf 77' lang='lat' dir='ltr'><strong>infirmitatem</strong></span> <span class='ocrx_word' id='word_1_496' title='bbox 2338 2812 2453 2861; x_wconf 90' lang='lat' dir='ltr'><strong>eos,</strong></span> <span class='ocrx_word' id='word_1_497' title='bbox 2491 2799 2605 2867; x_wconf 90' lang='lat' dir='ltr'><strong>qui-</strong></span> <span class='ocrx_word' id='word_1_498' title='bbox 2636 2799 2807 2856; x_wconf 83' lang='lat' dir='ltr'><strong>fortes</strong></span> <span class='ocrx_word' id='word_1_499' title='bbox 2841 2801 3170 2857; x_wconf 87' lang='lat' dir='ltr'><strong>videbantur</strong></span> <span class='ocrx_word' id='word_1_500' title='bbox 3221 2820 3382 2874; x_wconf 88' lang='lat' dir='ltr'><strong>supe-</strong></span> 
     </span>
    </p>
   </div>
   <div class='ocr_carea' id='block_1_70' title="bbox 1794 2887 2014 2941">
    <p class='ocr_par' dir='ltr' id='par_1_70' title="bbox 1794 2887 2014 2941">
     <span class='ocr_line' id='line_1_70' title="bbox 1794 2887 2014 2941; baseline 0.014 -3"><span class='ocrx_word' id='word_1_501' title='bbox 1794 2887 2014 2941; x_wconf 84' lang='lat' dir='ltr'><strong>raverit.</strong></span> 
     </span>
    </p>
   </div>
   <div class='ocr_carea' id='block_1_71' title="bbox 1870 2976 3375 3041">
    <p class='ocr_par' dir='ltr' id='par_1_71' title="bbox 1870 2976 3375 3041">
     <span class='ocr_line' id='line_1_71' title="bbox 1870 2976 3375 3041; baseline 0.006 -9"><span class='ocrx_word' id='word_1_502' title='bbox 1870 2976 2120 3034; x_wconf 84' lang='lat' dir='ltr'><strong>Omnino.</strong></span> <span class='ocrx_word' id='word_1_503' title='bbox 2152 2978 2213 3034; x_wconf 83' lang='lat' dir='ltr'><strong>In</strong></span> <span class='ocrx_word' id='word_1_504' title='bbox 2244 2980 2385 3035; x_wconf 91' lang='lat' dir='ltr'><strong>libro</strong></span> <span class='ocrx_word' id='word_1_505' title='bbox 2410 2983 2576 3036; x_wconf 89' lang='lat' dir='ltr'><strong>etiam</strong></span> <span class='ocrx_word' id='word_1_506' title='bbox 2607 2983 2685 3037; x_wconf 88' lang='lat' dir='ltr'><strong>De</strong></span> <span class='ocrx_word' id='word_1_507' title='bbox 2710 2982 2905 3038; x_wconf 78' lang='lat' dir='ltr'><strong>divinis</strong></span> <span class='ocrx_word' id='word_1_508' title='bbox 2937 2985 3237 3040; x_wconf 73' lang='lat' dir='ltr'><strong>nominibus</strong></span> <span class='ocrx_word' id='word_1_509' title='bbox 3278 3001 3375 3041; x_wconf 90' lang='lat' dir='ltr'><strong>ca-</strong></span> 
     </span>
    </p>
   </div>
   <div class='ocr_carea' id='block_1_72' title="bbox 1796 3068 3378 3149">
    <p class='ocr_par' dir='ltr' id='par_1_72' title="bbox 1796 3068 3378 3149">
     <span class='ocr_line' id='line_1_72' title="bbox 1796 3068 3378 3149; baseline 0.007 -27"><span class='ocrx_word' id='word_1_510' title='bbox 1796 3068 1908 3140; x_wconf 91' lang='lat' dir='ltr'><strong>pite</strong></span> <span class='ocrx_word' id='word_1_511' title='bbox 1961 3078 2182 3141; x_wconf 92' lang='lat' dir='ltr'><strong>quarto,</strong></span> <span class='ocrx_word' id='word_1_512' title='bbox 2214 3073 2466 3142; x_wconf 90' lang='lat' dir='ltr'><strong>pluribus</strong></span> <span class='ocrx_word' id='word_1_513' title='bbox 2510 3076 2842 3146; x_wconf 84' lang='lat' dir='ltr'><strong>explicatum</strong></span> <span class='ocrx_word' id='word_1_514' title='bbox 2872 3084 2957 3133; x_wconf 90' lang='lat' dir='ltr'><strong>est</strong></span> <span class='ocrx_word' id='word_1_515' title='bbox 2988 3093 3019 3132; x_wconf 91' lang='lat' dir='ltr'><strong>a</strong></span> <span class='ocrx_word' id='word_1_516' title='bbox 3051 3078 3212 3133; x_wconf 87' lang='lat' dir='ltr'><strong>nobis</strong></span> <span class='ocrx_word' id='word_1_517' title='bbox 3244 3078 3378 3149; x_wconf 78' lang='lat' dir='ltr'><strong>quid</strong></span> 
     </span>
    </p>
   </div>
   <div class='ocr_carea' id='block_1_73' title="bbox 1797 3160 3380 3243">
    <p class='ocr_par' dir='ltr' id='par_1_73' title="bbox 1797 3160 3380 3243">
     <span class='ocr_line' id='line_1_73' title="bbox 1797 3160 3380 3243; baseline 0.009 -28"><span class='ocrx_word' id='word_1_518' title='bbox 1797 3160 1871 3215; x_wconf 86' lang='lat' dir='ltr'><strong>sit</strong></span> <span class='ocrx_word' id='word_1_519' title='bbox 1900 3162 2232 3233; x_wconf 80' lang='lat' dir='ltr'><strong>intelligibile</strong></span> <span class='ocrx_word' id='word_1_520' title='bbox 2261 3175 2314 3221; x_wconf 92' lang='lat' dir='ltr'><strong>et</strong></span> <span class='ocrx_word' id='word_1_521' title='bbox 2338 3167 2469 3237; x_wconf 88' lang='lat' dir='ltr'><strong>quid</strong></span> <span class='ocrx_word' id='word_1_522' title='bbox 2502 3168 2800 3240; x_wconf 74' lang='lat' dir='ltr'><strong>intelligens</strong></span> <span class='ocrx_word' id='word_1_523' title='bbox 2828 3185 2847 3224; x_wconf 92' lang='lat'><strong>:</strong></span> <span class='ocrx_word' id='word_1_524' title='bbox 2875 3187 3023 3227; x_wconf 89' lang='lat' dir='ltr'><strong>nunc</strong></span> <span class='ocrx_word' id='word_1_525' title='bbox 3052 3180 3235 3229; x_wconf 90' lang='lat' dir='ltr'><strong>autem</strong></span> <span class='ocrx_word' id='word_1_526' title='bbox 3260 3173 3380 3243; x_wconf 88' lang='lat' dir='ltr'><strong>ipse</strong></span> 
     </span>
    </p>
   </div>
   <div class='ocr_carea' id='block_1_74' title="bbox 1794 3256 3379 3339">
    <p class='ocr_par' dir='ltr' id='par_1_74' title="bbox 1794 3256 3379 3339">
     <span class='ocr_line' id='line_1_74' title="bbox 1794 3256 3379 3339; baseline 0.007 -28"><span class='ocrx_word' id='word_1_527' title='bbox 1794 3271 2025 3327; x_wconf 88' lang='lat' dir='ltr'><strong>magnus</strong></span> <span class='ocrx_word' id='word_1_528' title='bbox 2084 3256 2379 3329; x_wconf 87' lang='lat' dir='ltr'><strong>Dionysius</strong></span> <span class='ocrx_word' id='word_1_529' title='bbox 2437 3262 2667 3331; x_wconf 76' lang='lat' dir='ltr'><strong>exponit</strong></span> <span class='ocrx_word' id='word_1_530' title='bbox 2700 3280 2715 3319; x_wconf 88' lang='lat'><strong>:</strong></span> <span class='ocrx_word' id='word_1_531' title='bbox 2748 3264 3077 3336; x_wconf 82' lang='lat' dir='ltr'><strong>intelligibile</strong></span> <span class='ocrx_word' id='word_1_532' title='bbox 3106 3268 3379 3339; x_wconf 86' lang='lat' dir='ltr'><strong>siquidem</strong></span> 
     </span>
    </p>
   </div>
   <div class='ocr_carea' id='block_1_75' title="bbox 1794 3345 3380 3427">
    <p class='ocr_par' dir='ltr' id='par_1_75' title="bbox 1794 3345 3380 3427">
     <span class='ocr_line' id='line_1_75' title="bbox 1794 3345 3380 3427; baseline 0.008 -27"><span class='ocrx_word' id='word_1_533' title='bbox 1794 3345 1931 3402; x_wconf 91' lang='lat' dir='ltr'><strong>illud</strong></span> <span class='ocrx_word' id='word_1_534' title='bbox 1962 3356 2047 3405; x_wconf 91' lang='lat' dir='ltr'><strong>est</strong></span> <span class='ocrx_word' id='word_1_535' title='bbox 2077 3350 2223 3420; x_wconf 87' lang='lat' dir='ltr'><strong>quod</strong></span> <span class='ocrx_word' id='word_1_536' title='bbox 2260 3351 2606 3423; x_wconf 83' lang='lat' dir='ltr'><strong>intelligitur,</strong></span> <span class='ocrx_word' id='word_1_537' title='bbox 2635 3354 2785 3425; x_wconf 90' lang='lat' dir='ltr'><strong>quod</strong></span> <span class='ocrx_word' id='word_1_538' title='bbox 2826 3357 3186 3427; x_wconf 89' lang='lat' dir='ltr'><strong>probabiliter</strong></span> <span class='ocrx_word' id='word_1_539' title='bbox 3212 3359 3380 3414; x_wconf 87' lang='lat' dir='ltr'><strong>etiam</strong></span> 
     </span>
    </p>
   </div>
   <div class='ocr_carea' id='block_1_76' title="bbox 1796 3438 3381 3521">
    <p class='ocr_par' dir='ltr' id='par_1_76' title="bbox 1796 3438 3381 3521">
     <span class='ocr_line' id='line_1_76' title="bbox 1796 3438 3381 3521; baseline 0.008 -28"><span class='ocrx_word' id='word_1_540' title='bbox 1796 3438 1980 3495; x_wconf 89' lang='lat' dir='ltr'><strong>lumen</strong></span> <span class='ocrx_word' id='word_1_541' title='bbox 2042 3441 2319 3499; x_wconf 88' lang='lat' dir='ltr'><strong>illustrare</strong></span> <span class='ocrx_word' id='word_1_542' title='bbox 2373 3444 2576 3499; x_wconf 90' lang='lat' dir='ltr'><strong>dicitur</strong></span> <span class='ocrx_word' id='word_1_543' title='bbox 2628 3466 2641 3501; x_wconf 94' lang='lat'><strong>:</strong></span> <span class='ocrx_word' id='word_1_544' title='bbox 2696 3448 2993 3521; x_wconf 82' lang='lat' dir='ltr'><strong>intelligens</strong></span> <span class='ocrx_word' id='word_1_545' title='bbox 3048 3466 3183 3507; x_wconf 88' lang='lat' dir='ltr'><strong>vero</strong></span> <span class='ocrx_word' id='word_1_546' title='bbox 3233 3450 3381 3521; x_wconf 91' lang='lat' dir='ltr'><strong>quod</strong></span> 
     </span>
    </p>
   </div>
   <div class='ocr_carea' id='block_1_77' title="bbox 1795 3536 3381 3616">
    <p class='ocr_par' dir='ltr' id='par_1_77' title="bbox 1795 3536 3381 3616">
     <span class='ocr_line' id='line_1_77' title="bbox 1795 3536 3381 3616; baseline 0.004 -25"><span class='ocrx_word' id='word_1_547' title='bbox 1795 3536 1976 3606; x_wconf 91' lang='lat' dir='ltr'><strong>ipsum</strong></span> <span class='ocrx_word' id='word_1_548' title='bbox 2039 3538 2351 3609; x_wconf 85' lang='lat' dir='ltr'><strong>intelligens</strong></span> <span class='ocrx_word' id='word_1_549' title='bbox 2406 3540 2743 3596; x_wconf 89' lang='lat' dir='ltr'><strong>illustratum</strong></span> <span class='ocrx_word' id='word_1_550' title='bbox 2777 3544 3030 3612; x_wconf 87' lang='lat' dir='ltr'><strong>exsistit;</strong></span> <span class='ocrx_word' id='word_1_551' title='bbox 3098 3552 3265 3616; x_wconf 88' lang='lat' dir='ltr'><strong>atque</strong></span> <span class='ocrx_word' id='word_1_552' title='bbox 3321 3553 3381 3597; x_wconf 91' lang='lat' dir='ltr'><strong>ut</strong></span> 
     </span>
    </p>
   </div>
   <div class='ocr_carea' id='block_1_78' title="bbox 1796 3622 3385 3705">
    <p class='ocr_par' dir='ltr' id='par_1_78' title="bbox 1796 3622 3385 3705">
     <span class='ocr_line' id='line_1_78' title="bbox 1796 3622 3385 3705; baseline 0.006 -22"><span class='ocrx_word' id='word_1_553' title='bbox 1796 3631 2148 3700; x_wconf 88' lang='lat' dir='ltr'><strong>paucioribus</strong></span> <span class='ocrx_word' id='word_1_554' title='bbox 2201 3633 2519 3699; x_wconf 86' lang='lat' dir='ltr'><strong>absolvam,</strong></span> <span class='ocrx_word' id='word_1_555' title='bbox 2579 3622 2893 3705; x_wconf 84' lang='lat' dir='ltr'><strong>superiores</strong></span> <span class='ocrx_word' id='word_1_556' title='bbox 2961 3638 3185 3694; x_wconf 87' lang='lat' dir='ltr'><strong>ordines</strong></span> <span class='ocrx_word' id='word_1_557' title='bbox 3251 3650 3385 3694; x_wconf 88' lang='lat' dir='ltr'><strong>sunt</strong></span> 
     </span>
    </p>
   </div>
   <div class='ocr_carea' id='block_1_79' title="bbox 1796 3725 3383 3804">
    <p class='ocr_par' dir='ltr' id='par_1_79' title="bbox 1796 3725 3383 3804">
     <span class='ocr_line' id='line_1_79' title="bbox 1796 3725 3383 3804; baseline 0.006 -26"><span class='ocrx_word' id='word_1_558' title='bbox 1796 3725 2184 3797; x_wconf 83' lang='lat' dir='ltr'><strong>intelligibiles,</strong></span> <span class='ocrx_word' id='word_1_559' title='bbox 2213 3727 2502 3783; x_wconf 89' lang='lat' dir='ltr'><strong>inferiores</strong></span> <span class='ocrx_word' id='word_1_560' title='bbox 2528 3744 2659 3785; x_wconf 90' lang='lat' dir='ltr'><strong>vero</strong></span> <span class='ocrx_word' id='word_1_561' title='bbox 2690 3729 3082 3803; x_wconf 85' lang='lat' dir='ltr'><strong>intelligentes,</strong></span> <span class='ocrx_word' id='word_1_562' title='bbox 3107 3732 3253 3804; x_wconf 91' lang='lat' dir='ltr'><strong>quod</strong></span> <span class='ocrx_word' id='word_1_563' title='bbox 3296 3733 3383 3786; x_wconf 81' lang='lat' dir='ltr'><strong>in—</strong></span> 
     </span>
    </p>
   </div>
   <div class='ocr_carea' id='block_1_80' title="bbox 1794 3818 3378 3895">
    <p class='ocr_par' dir='ltr' id='par_1_80' title="bbox 1794 3818 3378 3895">
     <span class='ocr_line' id='line_1_80' title="bbox 1794 3818 3378 3895; baseline 0.004 -24"><span class='ocrx_word' id='word_1_564' title='bbox 1794 3818 2079 3890; x_wconf 84' lang='lat' dir='ltr'><strong>telligitur,</strong></span> <span class='ocrx_word' id='word_1_565' title='bbox 2137 3819 2359 3888; x_wconf 85' lang='lat' dir='ltr'><strong>subjicit</strong></span> <span class='ocrx_word' id='word_1_566' title='bbox 2413 3818 2780 3891; x_wconf 21' lang='lat' dir='ltr'><strong>illud,rquod</strong></span> <span class='ocrx_word' id='word_1_567' title='bbox 2844 3823 3126 3895; x_wconf 80' lang='lat' dir='ltr'><strong>intelligit.</strong></span> <span class='ocrx_word' id='word_1_568' title='bbox 3182 3823 3378 3879; x_wconf 81' lang='lat' dir='ltr'><strong>Divina</strong></span> 
     </span>
    </p>
   </div>
   <div class='ocr_carea' id='block_1_81' title="bbox 1794 3910 3378 3983">
    <p class='ocr_par' dir='ltr' id='par_1_81' title="bbox 1794 3910 3378 3983">
     <span class='ocr_line' id='line_1_81' title="bbox 1794 3910 3378 3983; baseline 0.004 -20"><span class='ocrx_word' id='word_1_569' title='bbox 1794 3919 1993 3964; x_wconf 87' lang='lat' dir='ltr'><strong>natura</strong></span> <span class='ocrx_word' id='word_1_570' title='bbox 2026 3911 2303 3965; x_wconf 89' lang='lat' dir='ltr'><strong>intellecta</strong></span> <span class='ocrx_word' id='word_1_571' title='bbox 2350 3910 2627 3979; x_wconf 87' lang='lat' dir='ltr'><strong>illustrat;</strong></span> <span class='ocrx_word' id='word_1_572' title='bbox 2663 3914 2911 3983; x_wconf 85' lang='lat' dir='ltr'><strong>angelica</strong></span> <span class='ocrx_word' id='word_1_573' title='bbox 2963 3923 3147 3971; x_wconf 90' lang='lat' dir='ltr'><strong>autem</strong></span> <span class='ocrx_word' id='word_1_574' title='bbox 3180 3925 3378 3971; x_wconf 88' lang='lat' dir='ltr'><strong>natura</strong></span> 
     </span>
    </p>
   </div>
   <div class='ocr_carea' id='block_1_82' title="bbox 1795 4003 2481 4072">
    <p class='ocr_par' dir='ltr' id='par_1_82' title="bbox 1795 4003 2481 4072">
     <span class='ocr_line' id='line_1_82' title="bbox 1795 4003 2481 4072; baseline 0 -15"><span class='ocrx_word' id='word_1_575' title='bbox 1795 4003 2124 4072; x_wconf 79' lang='lat' dir='ltr'><strong>intelligens,</strong></span> <span class='ocrx_word' id='word_1_576' title='bbox 2150 4004 2481 4059; x_wconf 89' lang='lat' dir='ltr'><strong>illustratur.</strong></span> 
     </span>
    </p>
   </div>
   <div class='ocr_carea' id='block_1_83' title="bbox 1866 4092 3373 4167">
    <p class='ocr_par' dir='ltr' id='par_1_83' title="bbox 1866 4092 3373 4167">
     <span class='ocr_line' id='line_1_83' title="bbox 1866 4092 3373 4167; baseline 0.008 -20"><span class='ocrx_word' id='word_1_577' title='bbox 1866 4092 2281 4150; x_wconf 81' lang='lat' dir='ltr'><strong>Sacerdotalem.</strong></span> <span class='ocrx_word' id='word_1_578' title='bbox 2343 4095 2482 4151; x_wconf 78' lang='lat' dir='ltr'><strong>Nota</strong></span> <span class='ocrx_word' id='word_1_579' title='bbox 2513 4096 2645 4167; x_wconf 90' lang='lat' dir='ltr'><strong>quid</strong></span> <span class='ocrx_word' id='word_1_580' title='bbox 2691 4097 2861 4153; x_wconf 88' lang='lat' dir='ltr'><strong>vestis</strong></span> <span class='ocrx_word' id='word_1_581' title='bbox 2904 4099 3266 4158; x_wconf 89' lang='lat' dir='ltr'><strong>sacerdotalis</strong></span> <span class='ocrx_word' id='word_1_582' title='bbox 3316 4103 3373 4159; x_wconf 92' lang='lat' dir='ltr'><strong>in</strong></span> 
     </span>
    </p>
   </div>
   <div class='ocr_carea' id='block_1_84' title="bbox 1793 4185 2431 4244">
    <p class='ocr_par' dir='ltr' id='par_1_84' title="bbox 1793 4185 2431 4244">
     <span class='ocr_line' id='line_1_84' title="bbox 1793 4185 2431 4244; baseline 0.006 -4"><span class='ocrx_word' id='word_1_583' title='bbox 1793 4185 2075 4243; x_wconf 86' lang='lat' dir='ltr'><strong>Ezechiele</strong></span> <span class='ocrx_word' id='word_1_584' title='bbox 2106 4198 2161 4244; x_wconf 89' lang='lat' dir='ltr'><strong>et</strong></span> <span class='ocrx_word' id='word_1_585' title='bbox 2190 4188 2431 4244; x_wconf 90' lang='lat' dir='ltr'><strong>Daniele.</strong></span> 
     </span>
    </p>
   </div>
   <div class='ocr_carea' id='block_1_85' title="bbox 1860 4281 3372 4361">
    <p class='ocr_par' dir='ltr' id='par_1_85' title="bbox 1860 4281 3372 4361">
     <span class='ocr_line' id='line_1_85' title="bbox 1860 4281 3372 4361; baseline 0.007 -26"><span class='ocrx_word' id='word_1_586' title='bbox 1860 4281 2059 4337; x_wconf 87' lang='lat' dir='ltr'><strong>Eorum</strong></span> <span class='ocrx_word' id='word_1_587' title='bbox 2077 4284 2313 4338; x_wconf 86' lang='lat' dir='ltr'><strong>habitum</strong></span> <span class='ocrx_word' id='word_1_588' title='bbox 2331 4285 2629 4342; x_wconf 83' lang='lat' dir='ltr'><strong>collectum.</strong></span> <span class='ocrx_word' id='word_1_589' title='bbox 2652 4284 2902 4343; x_wconf 80' lang='lat' dir='ltr'><strong>Diximus</strong></span> <span class='ocrx_word' id='word_1_590' title='bbox 2933 4288 3211 4357; x_wconf 89' lang='lat' dir='ltr'><strong>superius,</strong></span> <span class='ocrx_word' id='word_1_591' title='bbox 3241 4292 3372 4361; x_wconf 90' lang='lat' dir='ltr'><strong>quid</strong></span> 
     </span>
    </p>
   </div>
   <div class='ocr_carea' id='block_1_86' title="bbox 1794 4377 3374 4451">
    <p class='ocr_par' dir='ltr' id='par_1_86' title="bbox 1794 4377 3374 4451">
     <span class='ocr_line' id='line_1_86' title="bbox 1794 4377 3374 4451; baseline 0.004 -20"><span class='ocrx_word' id='word_1_592' title='bbox 1794 4378 1866 4431; x_wconf 89' lang='lat' dir='ltr'><strong>sit</strong></span> <span class='ocrx_word' id='word_1_593' title='bbox 1891 4377 2113 4432; x_wconf 84' lang='lat' dir='ltr'><strong>habitus</strong></span> <span class='ocrx_word' id='word_1_594' title='bbox 2146 4378 2200 4431; x_wconf 92' lang='lat' dir='ltr'><strong>in</strong></span> <span class='ocrx_word' id='word_1_595' title='bbox 2224 4379 2583 4449; x_wconf 89' lang='lat' dir='ltr'><strong>incorporeis.</strong></span> <span class='ocrx_word' id='word_1_596' title='bbox 2618 4378 2760 4447; x_wconf 82' lang='lat' dir='ltr'><strong>Lege</strong></span> <span class='ocrx_word' id='word_1_597' title='bbox 2808 4380 2974 4435; x_wconf 86' lang='lat' dir='ltr'><strong>etiam</strong></span> <span class='ocrx_word' id='word_1_598' title='bbox 3005 4389 3172 4450; x_wconf 89' lang='lat' dir='ltr'><strong>caput</strong></span> <span class='ocrx_word' id='word_1_599' title='bbox 3205 4383 3374 4451; x_wconf 83' lang='lat' dir='ltr'><strong>septi-</strong></span> 
     </span>
    </p>
   </div>
   <div class='ocr_carea' id='block_1_87' title="bbox 1794 4472 3375 4535">
    <p class='ocr_par' dir='ltr' id='par_1_87' title="bbox 1794 4472 3375 4535">
     <span class='ocr_line' id='line_1_87' title="bbox 1794 4472 3375 4535; baseline 0.004 -11"><span class='ocrx_word' id='word_1_600' title='bbox 1794 4486 1967 4535; x_wconf 89' lang='lat' dir='ltr'><strong>mum,</strong></span> <span class='ocrx_word' id='word_1_601' title='bbox 1998 4472 2338 4525; x_wconf 88' lang='lat' dir='ltr'><strong>coactionem</strong></span> <span class='ocrx_word' id='word_1_602' title='bbox 2369 4481 2549 4527; x_wconf 90' lang='lat' dir='ltr'><strong>autem</strong></span> <span class='ocrx_word' id='word_1_603' title='bbox 2580 4480 2636 4526; x_wconf 89' lang='lat' dir='ltr'><strong>et</strong></span> <span class='ocrx_word' id='word_1_604' title='bbox 2651 4473 3028 4529; x_wconf 90' lang='lat' dir='ltr'><strong>collectionem</strong></span> <span class='ocrx_word' id='word_1_605' title='bbox 3049 4473 3375 4530; x_wconf 80' lang='lat' dir='ltr'><strong>intellectio—</strong></span> 
     </span>
    </p>
   </div>
   <div class='ocr_carea' id='block_1_88' title="bbox 108 4562 1686 4642">
    <p class='ocr_par' dir='ltr' id='par_1_88' title="bbox 108 4562 1686 4642">
     <span class='ocr_line' id='line_1_88' title="bbox 108 4562 1686 4642; baseline -0.005 -19"><span class='ocrx_word' id='word_1_606' title='bbox 108 4570 203 4623; x_wconf 81' lang='grc' dir='ltr'>τῶν</span> <span class='ocrx_word' id='word_1_607' title='bbox 251 4570 529 4642; x_wconf 76' lang='grc' dir='ltr'>νοήσεων·</span> <span class='ocrx_word' id='word_1_608' title='bbox 575 4566 669 4620; x_wconf 79' lang='grc' dir='ltr'>διὰ</span> <span class='ocrx_word' id='word_1_609' title='bbox 709 4565 913 4621; x_wconf 82' lang='grc' dir='ltr'>τούτων</span> <span class='ocrx_word' id='word_1_610' title='bbox 962 4566 1109 4637; x_wconf 87' lang='grc' dir='ltr'>δηλοῖ</span> <span class='ocrx_word' id='word_1_611' title='bbox 1135 4567 1165 4619; x_wconf 88' lang='lat'><strong>6</strong></span> <span class='ocrx_word' id='word_1_612' title='bbox 1195 4565 1385 4638; x_wconf 83' lang='grc' dir='ltr'>Πατὴρ</span> <span class='ocrx_word' id='word_1_613' title='bbox 1426 4565 1554 4636; x_wconf 80' lang='grc' dir='ltr'>περὶ</span> <span class='ocrx_word' id='word_1_614' title='bbox 1593 4562 1686 4627; x_wconf 89' lang='grc' dir='ltr'><strong>τάς</strong></span> 
     </span>
    </p>
   </div>
   <div class='ocr_carea' id='block_1_89' title="bbox 1801 4562 3376 4642">
    <p class='ocr_par' dir='ltr' id='par_1_89' title="bbox 1801 4563 3376 4635">
     <span class='ocr_line' id='line_1_89' title="bbox 1801 4563 3376 4635; baseline 0.004 -17"><span class='ocrx_word' id='word_1_615' title='bbox 1801 4576 1957 4631; x_wconf 87' lang='lat' dir='ltr'><strong>num;</strong></span> <span class='ocrx_word' id='word_1_616' title='bbox 1989 4580 2085 4635; x_wconf 90' lang='lat' dir='ltr'><strong>per</strong></span> <span class='ocrx_word' id='word_1_617' title='bbox 2114 4564 2227 4619; x_wconf 67' lang='lat' dir='ltr'><strong>haec</strong></span> <span class='ocrx_word' id='word_1_618' title='bbox 2249 4563 2491 4619; x_wconf 87' lang='lat' dir='ltr'><strong>declarat</strong></span> <span class='ocrx_word' id='word_1_619' title='bbox 2516 4563 2680 4619; x_wconf 91' lang='lat' dir='ltr'><strong>Pater</strong></span> <span class='ocrx_word' id='word_1_620' title='bbox 2705 4566 2855 4621; x_wconf 89' lang='lat' dir='ltr'><strong>circa</strong></span> <span class='ocrx_word' id='word_1_621' title='bbox 2883 4566 3100 4624; x_wconf 88' lang='lat' dir='ltr'><strong>divinas</strong></span> <span class='ocrx_word' id='word_1_622' title='bbox 3131 4568 3376 4624; x_wconf 88' lang='lat' dir='ltr'><strong>illustra-</strong></span> 
     </span>
    </p>
   </div>
   <div class='ocr_carea' id='block_1_90' title="bbox 107 4657 1692 4733">
    <p class='ocr_par' dir='ltr' id='par_1_90' title="bbox 107 4657 1692 4733">
     <span class='ocr_line' id='line_1_90' title="bbox 107 4657 1692 4733; baseline -0.001 -20"><span class='ocrx_word' id='word_1_623' title='bbox 107 4662 247 4726; x_wconf 72' lang='grc' dir='ltr'>θείας</span> <span class='ocrx_word' id='word_1_624' title='bbox 293 4662 621 4733; x_wconf 79' lang='grc' dir='ltr'>ὲλλάμψεις,</span> <span class='ocrx_word' id='word_1_625' title='bbox 655 4659 749 4712; x_wconf 73' lang='grc' dir='ltr'>καὶ</span> <span class='ocrx_word' id='word_1_626' title='bbox 786 4659 885 4730; x_wconf 74' lang='grc' dir='ltr'>τὴν</span> <span class='ocrx_word' id='word_1_627' title='bbox 930 4658 1139 4712; x_wconf 76' lang='grc' dir='ltr'>οἰκείαν</span> <span class='ocrx_word' id='word_1_628' title='bbox 1170 4660 1228 4712; x_wconf 81' lang='grc' dir='ltr'>ὲν</span> <span class='ocrx_word' id='word_1_629' title='bbox 1258 4662 1326 4730; x_wconf 77' lang='grc' dir='ltr'>τῇ</span> <span class='ocrx_word' id='word_1_630' title='bbox 1358 4657 1454 4711; x_wconf 89' lang='grc' dir='ltr'><strong>τοῦ</strong></span> <span class='ocrx_word' id='word_1_631' title='bbox 1486 4657 1692 4727; x_wconf 85' lang='grc' dir='ltr'>ἀγαθοῦ</span> 
     </span>
    </p>
   </div>
   <div class='ocr_carea' id='block_1_91' title="bbox 105 4750 1565 4827">
    <p class='ocr_par' dir='ltr' id='par_1_91' title="bbox 105 4750 1565 4827">
     <span class='ocr_line' id='line_1_91' title="bbox 105 4750 1565 4827; baseline -0.003 -19"><span class='ocrx_word' id='word_1_632' title='bbox 105 4754 231 4808; x_wconf 77' lang='grc' dir='ltr'>θεοῦ</span> <span class='ocrx_word' id='word_1_633' title='bbox 265 4758 403 4827; x_wconf 82' lang='grc' dir='ltr'>μονῇ</span> <span class='ocrx_word' id='word_1_634' title='bbox 433 4753 750 4822; x_wconf 83' lang='grc' dir='ltr'>ταύτότητα</span> <span class='ocrx_word' id='word_1_635' title='bbox 783 4751 1196 4824; x_wconf 87' lang='grc' dir='ltr'>συνειλουμένην</span> <span class='ocrx_word' id='word_1_636' title='bbox 1227 4750 1316 4804; x_wconf 84' lang='grc' dir='ltr'>διὰ</span> <span class='ocrx_word' id='word_1_637' title='bbox 1346 4751 1565 4813; x_wconf 85' lang='grc' dir='ltr'>παντός.</span> 
     </span>
    </p>
   </div>
   <div class='ocr_carea' id='block_1_92' title="bbox 176 4844 1092 4918">
    <p class='ocr_par' dir='ltr' id='par_1_92' title="bbox 176 4844 1092 4918">
     <span class='ocr_line' id='line_1_92' title="bbox 176 4844 1092 4918; baseline -0.007 -14"><span class='ocrx_word' id='word_1_638' title='bbox 176 4850 524 4918; x_wconf 76' lang='grc' dir='ltr'>Ἀνομοίων.</span> <span class='ocrx_word' id='word_1_639' title='bbox 574 4844 805 4900; x_wconf 86' lang='grc' dir='ltr'>Ὑλικῶν</span> <span class='ocrx_word' id='word_1_640' title='bbox 834 4844 1092 4917; x_wconf 84' lang='grc' dir='ltr'>δηλονότι.</span> 
     </span>
    </p>
   </div>
   <div class='ocr_carea' id='block_1_93' title="bbox 172 4937 1692 5014">
    <p class='ocr_par' dir='ltr' id='par_1_93' title="bbox 172 4937 1692 5014">
     <span class='ocr_line' id='line_1_93' title="bbox 172 4937 1692 5014; baseline -0.001 -20"><span class='ocrx_word' id='word_1_641' title='bbox 172 4942 200 5014; x_wconf 72' lang='grc' dir='ltr'><strong>ς</strong></span> <span class='ocrx_word' id='word_1_642' title='bbox 222 4940 291 4996; x_wconf 81' lang='lat' dir='ltr'><strong>V.</strong></span> <span class='ocrx_word' id='word_1_643' title='bbox 330 4938 729 5011; x_wconf 83' lang='grc' dir='ltr'>Γεωμετρικά.</span> <span class='ocrx_word' id='word_1_644' title='bbox 764 4938 900 5012; x_wconf 76' lang='grc' dir='ltr'><strong>Περῖ⁵</strong></span> <span class='ocrx_word' id='word_1_645' title='bbox 922 4938 1133 4993; x_wconf 82' lang='grc' dir='ltr'>σκευῶν</span> <span class='ocrx_word' id='word_1_646' title='bbox 1154 4937 1542 5011; x_wconf 81' lang='grc' dir='ltr'>γεωμετρικῶν</span> <span class='ocrx_word' id='word_1_647' title='bbox 1559 4938 1604 4978; x_wconf 55' lang='grc'><strong>⁸⁸</strong></span> <span class='ocrx_word' id='word_1_648' title='bbox 1634 4940 1692 4993; x_wconf 85' lang='grc' dir='ltr'>ὲν</span> 
     </span>
    </p>
   </div>
   <div class='ocr_carea' id='block_1_94' title="bbox 114 5031 805 5105">
    <p class='ocr_par' dir='ltr' id='par_1_94' title="bbox 114 5031 805 5105">
     <span class='ocr_line' id='line_1_94' title="bbox 114 5031 805 5105; baseline -0.004 -18"><span class='ocrx_word' id='word_1_649' title='bbox 114 5034 373 5105; x_wconf 75' lang='grc' dir='ltr'>Ἶεζεκιὴλ</span> <span class='ocrx_word' id='word_1_650' title='bbox 412 5033 509 5087; x_wconf 73' lang='grc' dir='ltr'><strong>καὶ</strong></span> <span class='ocrx_word' id='word_1_651' title='bbox 536 5031 805 5105; x_wconf 77' lang='grc' dir='ltr'>Ζαχαρία.</span> 
     </span>
    </p>
   </div>
   <div class='ocr_carea' id='block_1_95' title="bbox 179 5122 1692 5195">
    <p class='ocr_par' dir='ltr' id='par_1_95' title="bbox 179 5122 1692 5195">
     <span class='ocr_line' id='line_1_95' title="bbox 179 5122 1692 5195; baseline -0.003 -14"><span class='ocrx_word' id='word_1_652' title='bbox 179 5122 727 5195; x_wconf 74' lang='grc' dir='ltr'>Ἐπανορθωτικήν.</span> <span class='ocrx_word' id='word_1_653' title='bbox 760 5124 847 5187; x_wconf 78' lang='grc' dir='ltr'>ἀς</span> <span class='ocrx_word' id='word_1_654' title='bbox 863 5123 925 5176; x_wconf 88' lang='lat'><strong>:6</strong></span> <span class='ocrx_word' id='word_1_655' title='bbox 940 5123 1089 5194; x_wconf 84' lang='grc' dir='ltr'>ξίφος</span> <span class='ocrx_word' id='word_1_656' title='bbox 1135 5126 1193 5179; x_wconf 80' lang='grc' dir='ltr'>ἐν</span> <span class='ocrx_word' id='word_1_657' title='bbox 1220 5122 1527 5189; x_wconf 87' lang='grc' dir='ltr'>Βασιλείαις</span> <span class='ocrx_word' id='word_1_658' title='bbox 1549 5142 1564 5156; x_wconf 86' lang='grc'><strong>·</strong></span> <span class='ocrx_word' id='word_1_659' title='bbox 1598 5126 1692 5179; x_wconf 76' lang='grc' dir='ltr'><strong>καὶ</strong></span> 
     </span>
    </p>
   </div>
   <div class='ocr_carea' id='block_1_96' title="bbox 100 5216 1253 5292">
    <p class='ocr_par' dir='ltr' id='par_1_96' title="bbox 100 5216 1253 5292">
     <span class='ocr_line' id='line_1_96' title="bbox 100 5216 1253 5292; baseline 0 -20"><span class='ocrx_word' id='word_1_660' title='bbox 100 5221 154 5272; x_wconf 65' lang='grc' dir='ltr'><strong>τὶ.</strong></span> <span class='ocrx_word' id='word_1_661' title='bbox 186 5220 459 5292; x_wconf 80' lang='grc' dir='ltr'>δρέπανον</span> <span class='ocrx_word' id='word_1_662' title='bbox 492 5219 553 5271; x_wconf 83' lang='grc' dir='ltr'>ὲν</span> <span class='ocrx_word' id='word_1_663' title='bbox 585 5216 834 5290; x_wconf 66' lang='grc' dir='ltr'>Ζαχαρία</span> <span class='ocrx_word' id='word_1_664' title='bbox 863 5216 943 5287; x_wconf 85' lang='grc' dir='ltr'>τῷ</span> <span class='ocrx_word' id='word_1_665' title='bbox 975 5218 1253 5292; x_wconf 81' lang='grc' dir='ltr'>προφήτῃ.</span> 
     </span>
    </p>
   </div>
   <div class='ocr_carea' id='block_1_97' title="bbox 165 5308 1692 5383">
    <p class='ocr_par' dir='ltr' id='par_1_97' title="bbox 165 5308 1692 5383">
     <span class='ocr_line' id='line_1_97' title="bbox 165 5308 1692 5383; baseline 0 -20"><span class='ocrx_word' id='word_1_666' title='bbox 165 5312 196 5383; x_wconf 77' lang='lat'><strong>§</strong></span> <span class='ocrx_word' id='word_1_667' title='bbox 231 5311 325 5365; x_wconf 83' lang='lat' dir='ltr'><strong>Vl.</strong></span> <span class='ocrx_word' id='word_1_668' title='bbox 372 5310 680 5380; x_wconf 80' lang='grc' dir='ltr'>Ἀνέμους.</span> <span class='ocrx_word' id='word_1_669' title='bbox 731 5309 839 5364; x_wconf 88' lang='grc' dir='ltr'><strong>Τοῦ</strong></span> <span class='ocrx_word' id='word_1_670' title='bbox 890 5312 1147 5381; x_wconf 86' lang='grc' dir='ltr'>κειμένου</span> <span class='ocrx_word' id='word_1_671' title='bbox 1206 5310 1361 5383; x_wconf 83' lang='grc' dir='ltr'>παρὰ</span> <span class='ocrx_word' id='word_1_672' title='bbox 1406 5308 1486 5377; x_wconf 81' lang='grc' dir='ltr'>τῷ</span> <span class='ocrx_word' id='word_1_673' title='bbox 1530 5309 1692 5364; x_wconf 75' lang='grc' dir='ltr'>Δαὸὶδ</span> 
     </span>
    </p>
   </div>
   <div class='ocr_carea' id='block_1_98' title="bbox 97 5401 1692 5476">
    <p class='ocr_par' dir='ltr' id='par_1_98' title="bbox 97 5401 1692 5476">
     <span class='ocr_line' id='line_1_98' title="bbox 97 5401 1692 5476; baseline 0 -19"><span class='ocrx_word' id='word_1_674' title='bbox 97 5402 143 5457; x_wconf 70' lang='grc' dir='ltr'>οἳ</span> <span class='ocrx_word' id='word_1_675' title='bbox 152 5423 251 5476; x_wconf 80' lang='grc' dir='ltr'><strong>μαι</strong></span> <span class='ocrx_word' id='word_1_676' title='bbox 262 5406 426 5458; x_wconf 74' lang='grc' dir='ltr'>αὑτὸν</span> <span class='ocrx_word' id='word_1_677' title='bbox 446 5421 555 5475; x_wconf 87' lang='grc' dir='ltr'><strong>μνη</strong></span> <span class='ocrx_word' id='word_1_678' title='bbox 563 5401 830 5474; x_wconf 80' lang='grc' dir='ltr'>μονεύειν,</span> <span class='ocrx_word' id='word_1_679' title='bbox 847 5404 910 5456; x_wconf 86' lang='lat'><strong>&#39;0</strong></span> <span class='ocrx_word' id='word_1_680' title='bbox 921 5404 1261 5473; x_wconf 78' lang='grc' dir='ltr'>περιπατῶν</span> <span class='ocrx_word' id='word_1_681' title='bbox 1271 5405 1369 5458; x_wconf 81' lang='grc' dir='ltr'><strong>ἐπὶ</strong></span> <span class='ocrx_word' id='word_1_682' title='bbox 1388 5406 1692 5473; x_wconf 66' lang='grc' dir='ltr'>πτερύγων·</span> 
     </span>
    </p>
   </div>
   <div class='ocr_carea' id='block_1_99' title="bbox 100 5494 1690 5571">
    <p class='ocr_par' dir='ltr' id='par_1_99' title="bbox 100 5494 1690 5571">
     <span class='ocr_line' id='line_1_99' title="bbox 100 5494 1690 5571; baseline -0.001 -22"><span class='ocrx_word' id='word_1_683' title='bbox 100 5497 363 5566; x_wconf 77' lang='grc' dir='ltr'>ἀνέμων,</span> <span class='ocrx_word' id='word_1_684' title='bbox 410 5496 543 5559; x_wconf 75' lang='grc' dir='ltr'>ἴσως</span> <span class='ocrx_word' id='word_1_685' title='bbox 573 5495 673 5567; x_wconf 81' lang='grc' dir='ltr'>τὴν</span> <span class='ocrx_word' id='word_1_686' title='bbox 704 5494 967 5567; x_wconf 80' lang='grc' dir='ltr'>ἀνάληψιν</span> <span class='ocrx_word' id='word_1_687' title='bbox 986 5497 1079 5551; x_wconf 88' lang='grc' dir='ltr'><strong>τοῦ</strong></span> <span class='ocrx_word' id='word_1_688' title='bbox 1111 5496 1351 5571; x_wconf 88' lang='grc' dir='ltr'>Χριστοῦ</span> <span class='ocrx_word' id='word_1_689' title='bbox 1374 5496 1690 5568; x_wconf 70' lang='grc' dir='ltr'>δηλοῦντοςο</span> 
     </span>
    </p>
   </div>
   <div class='ocr_carea' id='block_1_100' title="bbox 217 5612 1312 5687">
    <p class='ocr_par' dir='ltr' id='par_1_100' title="bbox 217 5612 1312 5687">
     <span class='ocr_line' id='line_1_100' title="bbox 217 5612 1312 5687; baseline 0.002 -18"><span class='ocrx_word' id='word_1_690' title='bbox 217 5620 263 5652; x_wconf 74' lang='grc' dir='ltr'>ι’</span> <span class='ocrx_word' id='word_1_691' title='bbox 307 5616 498 5687; x_wconf 88' lang='lat' dir='ltr'><strong>Ephes.</strong></span> <span class='ocrx_word' id='word_1_692' title='bbox 534 5632 620 5679; x_wconf 85' lang='lat' dir='ltr'><strong>Ill,</strong></span> <span class='ocrx_word' id='word_1_693' title='bbox 661 5615 747 5670; x_wconf 85' lang='grc' dir='ltr'><strong>ιο.</strong></span> <span class='ocrx_word' id='word_1_694' title='bbox 854 5627 881 5654; x_wconf 82' lang='grc' dir='ltr'><strong>ιι</strong></span> <span class='ocrx_word' id='word_1_695' title='bbox 918 5612 1075 5672; x_wconf 85' lang='lat' dir='ltr'><strong>Hebr.</strong></span> <span class='ocrx_word' id='word_1_696' title='bbox 1112 5630 1187 5681; x_wconf 85' lang='lat' dir='ltr'><strong>tv,</strong></span> <span class='ocrx_word' id='word_1_697' title='bbox 1223 5616 1312 5671; x_wconf 77' lang='grc'><strong>15.</strong></span> 
     </span>
    </p>
   </div>
   <div class='ocr_carea' id='block_1_101' title="bbox 210 5866 931 5938">
    <p class='ocr_par' dir='ltr' id='par_1_101' title="bbox 210 5866 931 5938">
     <span class='ocr_line' id='line_1_101' title="bbox 210 5866 931 5938; baseline 0.011 -19"><span class='ocrx_word' id='word_1_698' title='bbox 210 5866 263 5899; x_wconf 82' lang='grc'><strong>⁸³</strong></span> <span class='ocrx_word' id='word_1_699' title='bbox 296 5868 480 5925; x_wconf 81' lang='grc' dir='ltr'>ταῦτα.</span> <span class='ocrx_word' id='word_1_700' title='bbox 547 5870 595 5903; x_wconf 83' lang='grc'><strong><em>⁸⁸</em></strong></span> <span class='ocrx_word' id='word_1_701' title='bbox 624 5869 931 5938; x_wconf 77' lang='grc' dir='ltr'>ἰερατικῶν.</span> 
     </span>
    </p>
   </div>
   <div class='ocr_carea' id='block_1_102' title="bbox 1793 4655 3370 4727">
    <p class='ocr_par' dir='ltr' id='par_1_102' title="bbox 1793 4655 3370 4727">
     <span class='ocr_line' id='line_1_102' title="bbox 1793 4655 3370 4727; baseline 0.006 -18"><span class='ocrx_word' id='word_1_702' title='bbox 1793 4656 1994 4719; x_wconf 89' lang='lat' dir='ltr'><strong>tiones,</strong></span> <span class='ocrx_word' id='word_1_703' title='bbox 2012 4664 2066 4711; x_wconf 89' lang='lat' dir='ltr'><strong>et</strong></span> <span class='ocrx_word' id='word_1_704' title='bbox 2081 4657 2360 4727; x_wconf 88' lang='lat' dir='ltr'><strong>propriam</strong></span> <span class='ocrx_word' id='word_1_705' title='bbox 2378 4656 2435 4711; x_wconf 92' lang='lat' dir='ltr'><strong>in</strong></span> <span class='ocrx_word' id='word_1_706' title='bbox 2450 4655 2583 4712; x_wconf 89' lang='lat' dir='ltr'><strong>boni</strong></span> <span class='ocrx_word' id='word_1_707' title='bbox 2597 4656 2694 4713; x_wconf 92' lang='lat' dir='ltr'><strong>Dei</strong></span> <span class='ocrx_word' id='word_1_708' title='bbox 2707 4658 2994 4716; x_wconf 88' lang='lat' dir='ltr'><strong>mansione</strong></span> <span class='ocrx_word' id='word_1_709' title='bbox 3007 4660 3370 4727; x_wconf 88' lang='lat' dir='ltr'><strong>identitatem,</strong></span> 
     </span>
    </p>
   </div>
   <div class='ocr_carea' id='block_1_103' title="bbox 1796 4751 2617 4820">
    <p class='ocr_par' dir='ltr' id='par_1_103' title="bbox 1796 4751 2617 4820">
     <span class='ocr_line' id='line_1_103' title="bbox 1796 4751 2617 4820; baseline 0 -15"><span class='ocrx_word' id='word_1_710' title='bbox 1796 4751 2139 4805; x_wconf 81' lang='lat' dir='ltr'><strong>convolutam</strong></span> <span class='ocrx_word' id='word_1_711' title='bbox 2174 4751 2323 4804; x_wconf 90' lang='lat' dir='ltr'><strong>omni</strong></span> <span class='ocrx_word' id='word_1_712' title='bbox 2351 4757 2617 4820; x_wconf 88' lang='lat' dir='ltr'><strong>tempore.</strong></span> 
     </span>
    </p>
   </div>
   <div class='ocr_carea' id='block_1_104' title="bbox 1768 4840 2901 4922">
    <p class='ocr_par' dir='ltr' id='par_1_104' title="bbox 1768 4840 2901 4922">
     <span class='ocr_line' id='line_1_104' title="bbox 1768 4840 2901 4922; baseline 0.003 -25"><span class='ocrx_word' id='word_1_713' title='bbox 1768 4840 1771 4843; x_wconf 65' lang='grc'>’</span> <span class='ocrx_word' id='word_1_714' title='bbox 1866 4843 2243 4899; x_wconf 87' lang='lat' dir='ltr'><strong>Dissimilium.</strong></span> <span class='ocrx_word' id='word_1_715' title='bbox 2275 4842 2637 4922; x_wconf 60' lang='lat' dir='ltr'><strong>Materialium</strong></span> <span class='ocrx_word' id='word_1_716' title='bbox 2668 4842 2901 4900; x_wconf 82' lang='lat' dir='ltr'><strong>scilicet.</strong></span> 
     </span>
    </p>
   </div>
   <div class='ocr_carea' id='block_1_105' title="bbox 1865 4926 3371 5007">
    <p class='ocr_par' dir='ltr' id='par_1_105' title="bbox 1865 4926 3371 5007">
     <span class='ocr_line' id='line_1_105' title="bbox 1865 4926 3371 5007; baseline 0.004 -18"><span class='ocrx_word' id='word_1_717' title='bbox 1865 4934 1893 5005; x_wconf 56' lang='grc' dir='ltr'>ᾗ</span> <span class='ocrx_word' id='word_1_718' title='bbox 1949 4935 2015 4990; x_wconf 74' lang='grc' dir='ltr'><strong>ν.</strong></span> <span class='ocrx_word' id='word_1_719' title='bbox 2052 4926 2398 4991; x_wconf 81' lang='lat' dir='ltr'><strong>Geometrica.</strong></span> <span class='ocrx_word' id='word_1_720' title='bbox 2423 4933 2500 4991; x_wconf 87' lang='lat' dir='ltr'><strong>De</strong></span> <span class='ocrx_word' id='word_1_721' title='bbox 2525 4935 2873 5007; x_wconf 78' lang='lat' dir='ltr'><strong>geometricis</strong></span> <span class='ocrx_word' id='word_1_722' title='bbox 2905 4937 3287 4997; x_wconf 88' lang='lat' dir='ltr'><strong>instrumentis</strong></span> <span class='ocrx_word' id='word_1_723' title='bbox 3315 4940 3371 4995; x_wconf 88' lang='lat' dir='ltr'><strong>in</strong></span> 
     </span>
    </p>
   </div>
   <div class='ocr_carea' id='block_1_106' title="bbox 1795 5025 2471 5084">
    <p class='ocr_par' dir='ltr' id='par_1_106' title="bbox 1795 5025 2471 5084">
     <span class='ocr_line' id='line_1_106' title="bbox 1795 5025 2471 5084; baseline 0 -3"><span class='ocrx_word' id='word_1_724' title='bbox 1795 5025 2080 5083; x_wconf 84' lang='lat' dir='ltr'><strong>Ezechiele</strong></span> <span class='ocrx_word' id='word_1_725' title='bbox 2108 5037 2163 5083; x_wconf 90' lang='lat' dir='ltr'><strong>et</strong></span> <span class='ocrx_word' id='word_1_726' title='bbox 2188 5027 2471 5084; x_wconf 88' lang='lat' dir='ltr'><strong>Zacharia.</strong></span> 
     </span>
    </p>
   </div>
   <div class='ocr_carea' id='block_1_107' title="bbox 1867 5118 3372 5193">
    <p class='ocr_par' dir='ltr' id='par_1_107' title="bbox 1867 5118 3372 5193">
     <span class='ocr_line' id='line_1_107' title="bbox 1867 5118 3372 5193; baseline 0.003 -20"><span class='ocrx_word' id='word_1_727' title='bbox 1867 5118 2264 5176; x_wconf 85' lang='lat' dir='ltr'><strong>Correctricem.</strong></span> <span class='ocrx_word' id='word_1_728' title='bbox 2306 5120 2462 5175; x_wconf 90' lang='lat' dir='ltr'><strong>Sicut</strong></span> <span class='ocrx_word' id='word_1_729' title='bbox 2505 5120 2721 5191; x_wconf 81' lang='lat' dir='ltr'><strong>gladius</strong></span> <span class='ocrx_word' id='word_1_730' title='bbox 2759 5120 2819 5176; x_wconf 90' lang='lat' dir='ltr'><strong>in</strong></span> <span class='ocrx_word' id='word_1_731' title='bbox 2847 5122 3005 5179; x_wconf 87' lang='lat' dir='ltr'><strong>libris</strong></span> <span class='ocrx_word' id='word_1_732' title='bbox 3036 5121 3267 5193; x_wconf 83' lang='lat' dir='ltr'><strong>Regum,</strong></span> <span class='ocrx_word' id='word_1_733' title='bbox 3316 5131 3372 5178; x_wconf 88' lang='lat' dir='ltr'><strong>et</strong></span> 
     </span>
    </p>
   </div>
   <div class='ocr_carea' id='block_1_108' title="bbox 1796 5211 2623 5284">
    <p class='ocr_par' dir='ltr' id='par_1_108' title="bbox 1796 5211 2623 5284">
     <span class='ocr_line' id='line_1_108' title="bbox 1796 5211 2623 5284; baseline 0.001 -18"><span class='ocrx_word' id='word_1_734' title='bbox 1796 5211 1907 5266; x_wconf 80' lang='lat' dir='ltr'><strong>falx</strong></span> <span class='ocrx_word' id='word_1_735' title='bbox 1944 5213 1999 5266; x_wconf 90' lang='lat' dir='ltr'><strong>in</strong></span> <span class='ocrx_word' id='word_1_736' title='bbox 2037 5212 2299 5267; x_wconf 88' lang='lat' dir='ltr'><strong>Zacharia</strong></span> <span class='ocrx_word' id='word_1_737' title='bbox 2335 5213 2623 5284; x_wconf 86' lang='lat' dir='ltr'><strong>propheta.</strong></span> 
     </span>
    </p>
   </div>
   <div class='ocr_carea' id='block_1_109' title="bbox 1859 5302 3374 5377">
    <p class='ocr_par' dir='ltr' id='par_1_109' title="bbox 1859 5302 3374 5377">
     <span class='ocr_line' id='line_1_109' title="bbox 1859 5302 3374 5377; baseline 0.003 -20"><span class='ocrx_word' id='word_1_738' title='bbox 1859 5302 1887 5377; x_wconf 61' lang='grc' dir='ltr'>ᾗ</span> <span class='ocrx_word' id='word_1_739' title='bbox 1948 5303 2033 5362; x_wconf 83' lang='lat' dir='ltr'><strong>Vl.</strong></span> <span class='ocrx_word' id='word_1_740' title='bbox 2076 5305 2283 5360; x_wconf 84' lang='lat' dir='ltr'><strong>Ventos.</strong></span> <span class='ocrx_word' id='word_1_741' title='bbox 2314 5304 2568 5359; x_wconf 86' lang='lat' dir='ltr'><strong>Arbitror</strong></span> <span class='ocrx_word' id='word_1_742' title='bbox 2606 5304 2788 5375; x_wconf 89' lang='lat' dir='ltr'><strong>ipsum</strong></span> <span class='ocrx_word' id='word_1_743' title='bbox 2819 5306 3148 5361; x_wconf 87' lang='lat' dir='ltr'><strong>mentionem</strong></span> <span class='ocrx_word' id='word_1_744' title='bbox 3190 5304 3374 5363; x_wconf 84' lang='lat' dir='ltr'><strong>facere</strong></span> 
     </span>
    </p>
   </div>
   <div class='ocr_carea' id='block_1_110' title="bbox 1797 5397 3371 5469">
    <p class='ocr_par' dir='ltr' id='par_1_110' title="bbox 1797 5397 3371 5469">
     <span class='ocr_line' id='line_1_110' title="bbox 1797 5397 3371 5469; baseline 0.002 -17"><span class='ocrx_word' id='word_1_745' title='bbox 1797 5398 1945 5454; x_wconf 86' lang='lat' dir='ltr'><strong>illius</strong></span> <span class='ocrx_word' id='word_1_746' title='bbox 1994 5399 2139 5469; x_wconf 90' lang='lat' dir='ltr'><strong>quod</strong></span> <span class='ocrx_word' id='word_1_747' title='bbox 2187 5398 2242 5452; x_wconf 91' lang='lat' dir='ltr'><strong>in</strong></span> <span class='ocrx_word' id='word_1_748' title='bbox 2274 5398 2480 5454; x_wconf 89' lang='lat' dir='ltr'><strong>Davide</strong></span> <span class='ocrx_word' id='word_1_749' title='bbox 2510 5397 2764 5463; x_wconf 87' lang='lat' dir='ltr'><strong>habetur,</strong></span> <span class='ocrx_word' id='word_1_750' title='bbox 2805 5397 2914 5465; x_wconf 84' lang='lat' dir='ltr'><strong>Qui</strong></span> <span class='ocrx_word' id='word_1_751' title='bbox 2940 5397 3182 5451; x_wconf 83' lang='lat' dir='ltr'><strong>ambulat</strong></span> <span class='ocrx_word' id='word_1_752' title='bbox 3212 5413 3371 5468; x_wconf 78' lang='lat' dir='ltr'><strong>super</strong></span> 
     </span>
    </p>
   </div>
   <div class='ocr_carea' id='block_1_111' title="bbox 1794 5491 3481 5563">
    <p class='ocr_par' dir='ltr' id='par_1_111' title="bbox 1794 5491 3481 5563">
     <span class='ocr_line' id='line_1_111' title="bbox 1794 5491 3481 5563; baseline 0.001 -14"><span class='ocrx_word' id='word_1_753' title='bbox 1794 5508 1996 5563; x_wconf 84' lang='lat' dir='ltr'><strong>pennas</strong></span> <span class='ocrx_word' id='word_1_754' title='bbox 2024 5503 2291 5549; x_wconf 78' lang='lat' dir='ltr'><strong>ventorum</strong></span> <span class='ocrx_word' id='word_1_755' title='bbox 2310 5498 2397 5562; x_wconf 67' lang='lat'><strong>‘1‘;</strong></span> <span class='ocrx_word' id='word_1_756' title='bbox 2427 5492 2569 5550; x_wconf 89' lang='lat' dir='ltr'><strong>forte</strong></span> <span class='ocrx_word' id='word_1_757' title='bbox 2604 5492 2724 5562; x_wconf 85' lang='lat' dir='ltr'><strong>ejus</strong></span> <span class='ocrx_word' id='word_1_758' title='bbox 2751 5491 2897 5562; x_wconf 89' lang='lat' dir='ltr'><strong>quod</strong></span> <span class='ocrx_word' id='word_1_759' title='bbox 2936 5494 3369 5563; x_wconf 76' lang='lat' dir='ltr'><strong>assumptionem</strong></span> <span class='ocrx_word' id='word_1_760' title='bbox 3472 5546 3481 5560; x_wconf 84' lang='grc'><strong>,</strong></span> 
     </span>
    </p>
   </div>
   <div class='ocr_carea' id='block_1_112' title="bbox 1428 5614 1830 5681">
    <p class='ocr_par' dir='ltr' id='par_1_112' title="bbox 1428 5614 1830 5681">
     <span class='ocr_line' id='line_1_112' title="bbox 1428 5614 1830 5681; baseline 0 -12"><span class='ocrx_word' id='word_1_761' title='bbox 1428 5620 1477 5655; x_wconf 73' lang='grc' dir='ltr'>ιι⁶</span> <span class='ocrx_word' id='word_1_762' title='bbox 1504 5615 1595 5669; x_wconf 87' lang='lat' dir='ltr'><strong>Ps.</strong></span> <span class='ocrx_word' id='word_1_763' title='bbox 1624 5630 1744 5681; x_wconf 88' lang='lat' dir='ltr'><strong>cm,</strong></span> <span class='ocrx_word' id='word_1_764' title='bbox 1778 5614 1830 5669; x_wconf 79' lang='lat'><strong>&#39;5.</strong></span> 
     </span>
    </p>
   </div>
   <div class='ocr_carea' id='block_1_113' title="bbox 1025 5755 2385 5817">
    <p class='ocr_par' dir='ltr' id='par_1_113' title="bbox 1025 5755 2385 5817">
     <span class='ocr_line' id='line_1_113' title="bbox 1025 5755 2385 5817; baseline -0.002 -4"><span class='ocrx_word' id='word_1_765' title='bbox 1025 5756 1260 5817; x_wconf 59' lang='lat' dir='ltr'><strong>VARIIE</strong></span> <span class='ocrx_word' id='word_1_766' title='bbox 1296 5755 1683 5817; x_wconf 80' lang='lat' dir='ltr'><strong>LECTIONES</strong></span> <span class='ocrx_word' id='word_1_767' title='bbox 1713 5756 1802 5813; x_wconf 86' lang='lat' dir='ltr'><strong>ET</strong></span> <span class='ocrx_word' id='word_1_768' title='bbox 1835 5755 2385 5815; x_wconf 80' lang='lat' dir='ltr'><strong>CORBECTIONES.</strong></span> 
     </span>
    </p>
   </div>
  </div>
