3860 6608
481 379 580 436 HI
1307 380 1654 440 APPENDIX
1704 383 1797 449 AD
1847 383 2035 442 OPER

2128 387 2172 445 5.
2207 388 2508 448 DIONYSII
2543 392 3028 456 AREOPAGITA‘I.
3634 413 3726 472 HS

479 492 688 548 Christi
719 493 1020 564 signiﬁcat;
1043 493 1302 564 quoniam
1333 495 1497 551 Pater
1524 497 1579 552 in
1611 502 1971 568 sequentibus
1998 507 2035 558 ai

2128 514 2149 569 ι
2176 507 2298 600 ἐπεὶ
2319 508 2493 600 καὶέν
2524 513 2635 575 τοῖς
2662 511 2791 584 ἑξῆς
2820 515 2848 566 ὁ
2878 514 3087 589 Πατὴρ,
3115 517 3340 591 νεφέλης
3367 521 3563 588 αὐτοὺς
3583 542 3727 600 περι-

479 588 632 659 ipsos
663 588 844 658 specie
873 589 1033 643 nubis
1062 587 1290 651 efﬁctos,
1316 603 1382 644 eo
1415 591 1562 660 quod
1586 591 1794 648 dictum
1822 594 2034 651 sitzNu

2167 597 2494 690 πλόιττεσΘαι
2531 600 2671 656 ἰδέαν
2713 604 2898 675 φησὶν,
2937 587 3045 660 διὰ⁷
3069 607 3132 660 τὸ
3185 587 3470 682 είρῆσΘαιθ
3500 587 3727 690 Neue-.11;

479 678 566 734 bes
596 680 824 750 suscepit
850 695 968 732 eum
1001 679 1065 732 ab
1095 680 1262 734 oculis
1287 683 1520 749 ipsorum
1551 691 1600 736 τ.

2162 689 2467 745 ὑπέλαϐεν
2502 693 2689 748 αὐτὸν
2725 696 2842 751 ἀπὸ
2873 696 2993 751 τῶν
3025 678 3349 770 ὀφθαλμῶν
3377 678 3593 764 αὐτῶν.

443 787 454 844 δ
546 773 588 826 Α
599 774 753 843 bsque
767 788 936 826 mora.
954 772 1098 827 Dixit
1113 774 1306 828 merito
1321 774 1514 845 absque
1526 792 1675 831 mora
1690 796 1708 834 :
1724 794 1850 834 nam
1865 780 1919 835 in
1933 796 2035 837 seni

2202 871 2211 873 ξ
2242 776 2555 873 ’.βχρόνωςκ
2609 780 2904 852 Ἀχρόνως
2943 770 3303 864 είκότωςέφη
3325 809 3338 824 ’
3374 796 3467 850 ἐπὶ
3497 798 3602 873 γὰρ
3625 803 3730 857 τῶν

476 866 671 922 silibus
720 864 938 934 proprie
971 879 1063 920 res
1098 865 1231 918 ﬁunt
1261 866 1495 931 tardius,
1529 876 1584 922 et
1624 869 1678 923 in
1707 877 1970 941 tempore.
1998 871 2035 926 Ιι

2160 870 2433 941 αἰσθητῶν
2473 873 2678 948 κυρίως
2706 877 2766 928 ὲν
2797 877 2974 951 χρόνῳ
3013 881 3106 934 καὶ
3137 881 3442 959 βραδύτερα
3483 864 3728 962 τὰδγινὸ.

475 958 814 1030 incorporeis
830 964 1010 1012 autem
1033 965 1086 1011 et
1101 957 1557 1027 intelligibilibus,
1577 969 1781 1029 puncto
1794 963 2035 1034 tempori:

2161 979 2333 1032 μεναο
2379 965 2472 1057 ἐπὶ
2513 963 2570 1018 δὲ
2618 965 2728 1019 τῶν
2773 968 3080 1041 ἀσωμάτων
3113 975 3209 1029 καὶ
3252 957 3457 1049 νοητῶν
3497 957 3729 1057 ἀχρονως

472 1061 526 1109 et
544 1061 802 1124 perpetuo
823 1059 872 1104 et
901 1051 1019 1105 sine
1042 1050 1515 1122 cunctationem
1531 1052 1918 1123 perﬁciuntur;
1944 1071 2033 1112 non

2159 1055 2248 1107 καὶ
2291 1055 2524 1120 αἰωνίως
2561 1058 2655 1111 καὶ
2685 1058 2917 1131 ἀμελητὶ
2945 1060 3425 1136 τελεσιουργεῖται·
3444 1071 3505 1124 οὐ
3638 1072 3728 1130 οὖν

471 1153 686 1216 Oportet
718 1143 886 1214 igitur
915 1151 1132 1212 tempus
1175 1141 1232 1196 in
1266 1143 1702 1214 intelligibilibus
1745 1147 2030 1204 nominare

2154 1145 2344 1218 χρόνον
2376 1149 2470 1202 ἐπὶ
2496 1149 2606 1204 τῶν
2631 1151 2836 1222 νοητῶν
2867 1154 3172 1225 ὀνομάζειν.

541 1237 911 1308 Eﬁicientiam.
947 1234 1073 1299 Pro,
1108 1235 1463 1313 spirationem
1495 1245 1590 1290 aut
1627 1239 1974 1297 volationem.

2221 1240 2500 1308 Ποίησιν.
2547 1243 2692 1296 Ἀντὶ
2720 1243 2815 1297 τοῦ
2847 1246 3069 1300 πνεῦσιν
3096 1248 3130 1319 ἢ
3163 1251 3377 1322 πτῆσιν”.

539 1331 768 1402 Suoque.
823 1329 901 1384 Ex
933 1330 1057 1384 loco
1087 1345 1347 1400 supremo
1377 1329 1446 1384 ad
1481 1329 1780 1398 infernum,
1815 1334 1958 1388 sicut
1993 1334 2035 1388 ir

2223 1331 2332 1385 Καὶ
2368 1332 2485 1402 τὴν
2514 1335 2762 1389 ἄνωθεν.
2811 1338 2884 1391 Τὸ
2914 1338 2970 1393 δὲ
3000 1341 3205 1396 ἄνωθεν
3230 1345 3324 1398 ἐπὶ
3351 1346 3420 1400 τὰ
3451 1349 3619 1416 κάτω,
3649 1351 3726 1416 ῶς

466 1424 615 1480 scala
643 1422 837 1478 Jacob.

2149 1424 2243 1478 ἐπὶ
2269 1424 2372 1497 τῆς
2411 1427 2606 1481 Ἰακὼό
2645 1429 2933 1501 κλίμακος.

532 1517 707 1573 Aerei.
751 1515 891 1569 Nota
934 1515 1080 1570 enim
1129 1514 1315 1571 dicere
1365 1523 1613 1580 ventum,
1662 1530 1884 1573 aereum
1934 1521 2035 1588 spl-

2234 1518 2484 1587 Ἀερίου.
2515 1521 2860 1593 Σημείωσαι,
2902 1525 2985 1578 ὅτι
3015 1526 3198 1600 ἀέριον
3231 1529 3450 1604 πνεῦμα
3482 1533 3575 1588 τὸν
3599 1534 3723 1592 ἄνε-

461 1607 649 1662 ritum.

2150 1626 2250 1680 μον
2283 1610 2452 1680 λέγει.

541 1698 846 1756 Ventosum.
888 1699 1008 1754 Alia
1053 1700 1444 1770 contemplatio
1491 1700 1873 1772 appellationis
1911 1718 2035 1758 vcn-

2231 1702 2587 1772 ‘Arsptalar.
2631 1706 2826 1778 Ἑτέρα
2864 1708 3066 1782 Θεωρία
3114 1712 3216 1784 τῆς
3257 1713 3477 1786 ἀνέμων
3519 1718 3724 1773 ἐπωνυ-

456 1798 664 1848 torum.

2147 1793 2294 1865 μίας.

529 1882 839 1952 Symbolica
871 1883 1151 1953 theologia.
1195 1881 1336 1936 Nota
1381 1890 1436 1938 et
1465 1883 1631 1939 alium
1674 1885 1794 1964 ejus
1843 1884 2035 1940 librum

2153 1864 2157 1865 ί
2216 1890 2563 1960 Συμϐολικῇ
2605 1894 2897 1965 θεολογιᾳ.
2939 1895 3249 1968 Σημείωσαι
3287 1903 3380 1956 καὶ
3411 1901 3595 1976 ἕτερον
3622 1903 3720 1958 αὑ-

455 1974 747 2031 ineditum.
801 1974 1394 2041 Quadrielementarem
1441 1986 1622 2032 autem
1662 1979 2035 2049 purgationem

2141 1980 2236 2033 τοῦ
2268 1981 2604 2054 σύγγραμμα
2639 1986 2712 2058 μὴ
2742 1987 3041 2059 φερόμενον
3061 2007 3074 2021 ·
3109 1993 3490 2065 τετράστοιχον
3510 1974 3577 2048 ἠδὲ
3601 1997 3725 2051 ἁνα-

455 2067 588 2122 dicit
630 2080 940 2122 sermonem
990 2068 1140 2122 aliud
1184 2068 1368 2124 verbis
1412 2069 1560 2124 aliud
1611 2085 1776 2127 sensu
1807 2069 1875 2125 de
1905 2085 2035 2141 qua-

2142 2073 2408 2146 κάΘαρσιν
2438 2078 2538 2149 τὴν
2573 2078 2681 2131 τῶν
2727 2081 3009 2153 τεσσάρων
3060 2085 3336 2156 στοιχείων
3372 2087 3721 2161 ἀναγωγικὴν

456 2169 584 2215 tuor
628 2160 913 2215 elementis
961 2161 1398 2232 signiﬁcantem,
1451 2170 1691 2218 mentem
1748 2163 1816 2217 ad
1869 2165 2035 2221 subli-

2139 2167 2468 2240 ἀλληγορίαν
2519 2170 2683 2242 φησί·
2717 2171 2785 2226 τὰ
2825 2173 3067 2246 σύμϐολα
3101 2176 3157 2229 δὲ
3181 2217 3196 2241 ,
3228 2178 3304 2242 ὡς
3334 2178 3499 2241 ἔοικε,
3524 2160 3719 2251 μᾶλλον

453 2253 684 2308 miorem
724 2253 1088 2324 cognitionem
1140 2254 1550 2324 perducentem.
1605 2254 1770 2327 Signa
1812 2268 2035 2320 vcro,ut

2136 2259 2245 2313 τῶν
2271 2261 2552 2335 τεσσάρων
2587 2267 2865 2337 στοιχείων
2895 2269 3013 2322 ἐκεῖ
3037 2268 3126 2323 διὰ
3156 2270 3388 2343 Θεωρίας
3429 2273 3715 2339 ἁνέπτυξε.

451 2345 949 2416 videtur,quatuor
994 2347 1389 2402 elementorum
1438 2347 1612 2418 magis
1668 2350 1763 2404 illo
1810 2350 1864 2404 in
1917 2352 2035 2406 loco

2137 2353 2452 2423 Σημείωσαι
2501 2355 2558 2409 δὲ
2584 2397 2598 2420 ,
2660 2357 2780 2422 πῶς
2812 2359 3107 2431 ἑρμηνεύει
3151 2359 3246 2415 τό·
3296 2364 3541 2434 Πνεῦμα
3565 2364 3720 2420 ὅπου

449 2440 734 2510 explicuit.
844 2438 983 2493 Nota
1041 2449 1222 2494 autem
1288 2440 1564 2510 quomodo
1647 2442 2035 2512 interpretetur

2137 2443 2295 2497 θέλει
2324 2447 2479 2514 πνεῖ,
2500 2447 2589 2501 διὰ
2615 2448 2723 2530 τῶν
2757 2451 3167 2524 ἐπιφερομένων
3191 2472 3204 2485 ·
3250 2457 3384 2528 φησὶ
3415 2457 3522 2530 γάρ
3543 2475 3557 2489 ⁶
3594 2462 3718 2515 Οὐκ

450 2529 624 2584 illud:
657 2528 887 2597 Spiritus
918 2532 1008 2584 ubi
1032 2531 1142 2586 vult
1188 2531 1454 2598 spirat",
1504 2546 1601 2601 per
1639 2547 1702 2587 ea
1746 2547 1867 2603 quae
1901 2533 2034 2589 all'e-

2135 2534 2304 2602 οἷδας
2331 2538 2517 2592 πόθεν
2541 2528 2796 2608 sipisim,
2816 2542 2917 2597 καὶ
2947 2544 3064 2598 ποῦ
3093 2545 3325 2617 ὑπάγει.

449 2633 681 2689 runtur;
743 2623 877 2679 dicit
927 2625 1073 2679 enim
1137 2644 1152 2679 :
1201 2623 1387 2679 Nescis
1447 2623 1584 2679 unde
1626 2627 1799 2688 venit,
1847 2637 1898 2680 et
1933 2643 2035 2696 quo

448 2716 594 2770 radit
623 2731 672 2771 κ.

527 2807 1042 2877 Supermundialiter
1105 2810 1350 2878 repletas.
1428 2810 1584 2865 Sicut
1649 2812 1796 2868 enim
1858 2816 2034 2872 nubes

2218 2807 2662 2878 ’Υπερκοσμίως
2691 2809 3320 2884 ἀποπεπληρωμένοις.
3354 2816 3565 2889 ’Ὠσπερ
3602 2818 3718 2890 γὰρ

445 2911 639 2956 evocat
685 2917 881 2972 aquam
914 2903 1103 2966 maris,
1149 2911 1203 2957 et
1241 2903 1472 2958 ell‘uudit
1521 2905 1698 2974 ipsam
1740 2905 1796 2960 in
1831 2905 2029 2963 faciem

2131 2900 2165 2969 ὴ
2205 2899 2402 2970 νεφέλη
2453 2902 2843 2972 προσκαλεῖται
2871 2904 2932 2957 τὸ
2959 2905 3059 2976 τῆς
3105 2905 3381 2978 Θαλάσσης
3419 2907 3584 2981 ὕδωρ,
3615 2911 3716 2963 καὶ

445 3001 627 3058 terrae,
685 2993 986 3050 secundum
1037 2993 1429 3066 Scripturam:
1483 2996 1590 3063 Qui
1631 3007 1782 3052 vocat
1835 3017 2027 3070 aquam

2131 2991 2282 3062 ἐκχεῖ
2316 2991 2446 3045 αὐτὸ
2485 2993 2578 3046 ἐπὶ
2615 2993 2678 3046 τὸ
2715 2994 3005 3066 πρόσωπον
3039 2998 3139 3069 τῆς
3173 2999 3312 3070 γῆς,
3350 2999 3494 3053 κατὰ
3531 3002 3591 3053 τὸ
3632 3002 3714 3054 εί-

442 3088 630 3152 maris,
649 3096 697 3141 et
719 3087 1125 3157 e/funditipsam
1158 3090 1210 3142 in
1232 3090 1532 3144 universam
1556 3090 1744 3159 faciem
1775 3103 1930 3148 terra:
1953 3099 2024 3163 1‘;

2132 3082 2397 3154 ρημένονο
2458 3084 2520 3136 Ὃ
2564 3089 3100 3158 προσκαλούμενος
3144 3089 3208 3144 τὸ
3256 3089 3413 3159 ὕδωρ
3453 3091 3564 3161 τῆς
3606 3095 3713 3145 θα-

445 3179 527 3234 sic
541 3180 704 3234 etiam
732 3188 942 3235 mentes
956 3182 1236 3250 prepriam
1257 3182 1618 3251 suscipientes
1637 3184 2023 3255 cognitionem,

2129 3173 2372 3245 λάσσης
2390 3217 2404 3240 ,
2436 3176 2534 3230 καὶ
2564 3177 2792 3245 ἐκχέων
2823 3179 2968 3233 αὐτὸ
2999 3180 3098 3234 ἐπὶ
3129 3178 3252 3236 πᾶν
3287 3181 3350 3234 τὸ
3381 3183 3712 3250 πρόσωπον

443 3270 619 3325 instar
646 3271 873 3325 nubium
906 3271 963 3324 in
995 3269 1288 3327 inferiores
1317 3273 1613 3342 explicant.

2128 3268 2240 3337 τῆς
2276 3268 2418 3339 τῆς·
2459 3268 2602 3323 οὕτω
2646 3272 2737 3324 καὶ
2777 3273 2829 3325 οἱ
2869 3272 2990 3336 νόες
3034 3272 3309 3346 δεχόμενοι
3358 3275 3459 3346 τὴν
3502 3275 3714 3330 οἰκείαν

2128 3362 2349 3429 γνῶσιν,
2373 3363 2608 3432 νεφελῶν
2635 3361 2792 3435 δίκην
2811 3366 2906 3420 ἐπὶ
2924 3367 3053 3430 τοὺς
3074 3364 3496 3439 ὑποδεεστέρους
3515 3367 3713 3422 ἁπλοῦ-

2129 3469 2231 3511 σιν.

527 3536 652 3592 Sine
693 3538 861 3606 fastu.
923 3536 1103 3601 Dixit,
1155 3538 1268 3592 sine
1314 3537 1498 3607 fastu,
1548 3555 1643 3596 seu
1696 3548 2020 3614 temperate;

2211 3549 2750 3619 Ἀνεκπομπεύτως.
2781 3551 3306 3621 Ἀνεκπομπεύτως
3321 3552 3505 3623 φησιν,
3537 3553 3711 3622 ἤγουν

438 3631 624 3687 lumen
673 3633 820 3689 enim
872 3631 926 3686 in
970 3632 1114 3687 nube
1156 3630 1457 3687 refractum
1487 3647 1552 3688 ac
1582 3636 1873 3692 remissum
1915 3629 2020 3694 est.

2128 3641 2589 3712 συγκεκραμένως
2619 3661 2632 3672 ·
2689 3643 3064 3714 ἀναπόϐλητον
3118 3642 3229 3716 γὰρ
3285 3643 3343 3696 ἐν
3396 3642 3594 3714 νεφέλῃ
3642 3644 3710 3697 τὸ

2213 3749 2258 3795 ς.

511 3830 709 3886 Imbris
775 3831 1186 3901 generationem.
1238 3831 1360 3885 Alia
1406 3830 1623 3887 ratione
1681 3835 2027 3906 contempla!

2128 3749 2641 3894 ερωέίηιόῖροτοκίαν.
2686 3826 2920 3898 Ἑτέρως
2961 3827 3188 3899 Θεωρεῖ,
3234 3827 3290 3881 τί
3339 3827 3558 3898 νεφέλαι
3600 3845 3708 3901 ση-

435 3930 550 3989 tur,
583 3924 715 3994 quid
745 3924 921 3979 nubes
967 3922 1310 3995 signiﬁcent;
1343 3923 1533 3981 ordine
1582 3933 1766 3981 autem
1792 3927 2021 3983 descen-

2128 3916 2404 3988 μαίνουσιο
2438 3917 2795 3990 παρακατιὼν
2825 3919 2914 3987 δὲ,
2957 3919 3011 3972 τί
3062 3938 3194 3992 φησι
3243 3921 3529 3992 σημαίνειν
3571 3920 3706 3992 ἤλε-

437 4017 574 4072 dens
621 4015 775 4080 dicit,
829 4016 1118 4078 electrum,
1155 4031 1232 4071 ass
1278 4023 1334 4075 et
1361 4024 1542 4072 certos
1586 4020 1822 4084 colores,
1855 4028 2020 4091 atque

2128 4027 2317 4082 κτρον,
2361 4010 2457 4064 καὶ
2497 4010 2725 4080 χαλκὸν,
2757 4011 2851 4064 καὶ
2887 4010 2958 4064 τὰ
2987 4010 3117 4064 ποιὰ
3151 4005 3416 4082 χρώματα
3445 4012 3538 4065 καὶ
3571 4029 3709 4083 μορ-

436 4107 644 4163 l‘ormas
674 4106 914 4162 ferarum
943 4107 1152 4177 aliquid
1181 4107 1238 4161 in
1268 4108 1475 4179 angelis
1507 4110 1837 4180 signiﬁcare.

2128 4103 2228 4173 φὰς
2257 4103 2459 4174 Θηρίων
2487 4103 2578 4156 ἐπὶ
2605 4102 2868 4172 ἀγγέλων.
3660 4172 3665 4176 Α

507 4197 932 4268 Receptaculum.
976 4197 1358 4268 Excipientem
1407 4200 1590 4256 sinum
1638 4205 1855 4258 vocavit
1906 4212 2018 4259 ter-

2195 4193 2556 4268 Ἐκδόχειον.
2606 4193 2949 4262 Ἐκδόχειον
2967 4194 3196 4260 κόλπον,
3226 4195 3324 4267 τὴν
3356 4197 3483 4260 τοὺς
3513 4195 3708 4258 ὑετοὺς

432 4305 552 4346 ram
583 4287 797 4361 pluvias
844 4290 1258 4360 suscipientem,
1290 4306 1387 4360 per
1438 4291 1587 4361 ipsas
1635 4295 1885 4364 proprios
1917 4311 2015 4365 pa-

2128 4287 2517 4359 ἷιποδεχομένην
2545 4287 2795 4360 ὠνόμασε
2829 4288 2960 4358 γῆν,
2991 4287 3059 4340 δι’
3084 4285 3263 4341 αὐτῶν
3301 4288 3428 4352 τοὺς
3468 4287 3705 4350 οἰκείους

432 4384 665 4441 rientem
699 4382 936 4440 fructus.

2128 4378 2398 4432 τίκτουσαν
2429 4377 2694 4452 καρπούς.
3267 4393 3273 4400 ·

505 4475 535 4548 ς
581 4474 689 4531 Vll.
729 4475 832 4530 Sed
868 4475 1120 4546 quoniam
1149 4474 1279 4530 hac.
1310 4474 1386 4530 De
1417 4474 1604 4546 ﬁguris
1636 4475 1841 4533 formas
1876 4477 2015 4533 fera-

2189 4469 2216 4541 §
2255 4469 2368 4525 VII.
2424 4471 2585 4526 Ἀλλ’
2610 4469 2820 4539 ἐπειδὴ
2848 4470 3053 4526 ταῦτα.
3102 4471 3238 4542 Περὶ
3276 4471 3384 4526 τῶν
3422 4473 3708 4546 Θηρομόρ-

432 4583 557 4622 rum
588 4565 974 4622 referentibus.
2018 4580 2024 4584 ·

2128 4581 2236 4632 φῶν
2264 4563 2472 4619 τύπων.

455 4699 460 4706 .
507 4659 536 4732 ς
573 4658 709 4716 VIII.
761 4659 1136 4730 Vestigiorum.
1203 4658 1346 4714 Nota
1401 4675 1466 4715 ex
1515 4660 1620 4714 hoc
1670 4661 1790 4716 loco
1837 4663 2013 4721 leonis

2193 4656 2219 4729 δ
2237 4657 2368 4712 VIII.
2389 4657 2614 4727 Ἰχνῶφκ
2630 4659 2704 4729 Ση
2715 4657 2945 4728 μείωσαι
2964 4656 3026 4710 τὸ
3038 4657 3261 4726 φυσικὸν
3277 4657 3371 4710 τοῦ
3383 4657 3592 4722 λέοντος
3604 4660 3703 4713 ἐν·

435 4758 722 4817 naturam;
753 4752 942 4806 dicunt
971 4753 1116 4807 enim
1154 4759 1445 4807 venatores
1476 4752 1645 4807 latere
1685 4754 2014 4824 cupientem,

2128 4749 2335 4803 εεῦΘεν·
2362 4749 2496 4819 φασὶ
2523 4749 2634 4821 γὰρ
2676 4750 2927 4812 ὃτι,τοὺς
2940 4747 3557 4820 Θηρεύονταςλανθάνειν
3571 4750 3705 4820 βου-

433 4845 563 4898 dum
605 4843 826 4909 incedit,
855 4845 1083 4916 vestigia
1130 4859 1252 4908 sua,
1281 4860 1352 4900 ne
1379 4853 1808 4914 cognoscantur,
1840 4848 2014 4902 cauda

2128 4843 2338 4913 Ioue-vo;
2361 4884 2376 4909 ,
2406 4843 2741 4916 περιπατῶν,
2772 4845 2839 4913 τῇ
2882 4842 3018 4914 οὐρᾷ
3061 4841 3372 4912 ἐξαφανίζει
3400 4843 3469 4896 τὰ
3500 4843 3702 4896 ἑαυτοῦ

435 4936 650 5000 delere;
683 4935 827 4990 unde
857 4943 912 4991 et
940 4936 1009 4991 de
1029 4935 1142 4991 Deo
1197 4937 1401 4992 dicitur
1439 4953 1452 4987 ε
1491 4935 1558 4990 In
1595 4938 1735 4990 mari
1775 4939 1859 4992 via
1897 4949 2012 5003 tua,

2128 4936 2261 5008 ἴχνη,
2294 4937 2381 4990 ἵνα
2399 4935 2473 5008 μὴ
2491 4930 2807 5004 γνωσΘίῖωιν
2832 4951 2844 4963 °
2877 4933 2998 4988 ὅθεν
3026 4934 3122 4987 καὶ
3142 4933 3270 5006 περὶ
3289 4934 3426 4987 Θεοῦ
3449 4935 3698 5006 εἴρηται’

431 5037 482 5082 et
526 5027 729 5081 semita:
759 5035 862 5081 tua:
905 5029 963 5080 in
997 5029 1148 5098 aquis
1189 5027 1400 5095 multis,
1436 5037 1487 5083 et
1520 5031 1739 5101 vestigia
1784 5039 1876 5086 tua
1910 5040 2015 5087 non

2128 5028 2230 5081 Ἐν
2259 5027 2335 5096 τῇ
2364 5024 2645 5095 θαλάσσῃ
2676 5027 2714 5094 ἡ
2734 5024 2872 5090 ὁδός
2900 5039 3038 5092 σου,
3057 5025 3155 5079 καὶ
3176 5028 3235 5078 αι
3260 5027 3446 5092 τρίϐοι
3477 5042 3592 5079 σου
3627 5025 3705 5080 ἐν

432 5120 1375 5190 cognouerim”:quemadmodum
1419 5122 1564 5177 enim
1603 5121 1691 5177 via
1739 5139 1848 5179 non
1894 5138 2013 5178 ser-

2128 5119 2293 5174 ϋδασι
2347 5117 2600 5184 πολλοῖς
2624 5155 2640 5182 ,
2685 5117 2782 5169 καὶ
2825 5117 2898 5169 τὰ
2956 5117 3096 5186 ῖχνη
3135 5132 3252 5170 σου
3295 5118 3366 5170 οὐ
3415 5117 3701 5186 γνωσθή-

327 5275 334 5282 ,
432 5221 594 5267 vatur
639 5211 694 5265 in
742 5212 931 5280 aquis,
976 5227 1154 5282 neque
1190 5213 1419 5285 vestigia
1463 5214 1669 5280 leonis,
1722 5215 1796 5270 ita
1831 5230 2008 5286 neque

2128 5228 2322 5265 rom-at
2341 5228 2355 5242 ι
2391 5210 2580 5282 ὥσπερ
2604 5208 2712 5281 γὰρ
2736 5208 2852 5272 ὁδὸς
2879 5210 2935 5262 ὲν
2959 5207 3145 5262 ὕδασιν
3177 5209 3238 5261 οὐ
3271 5206 3538 5274 σώζεται,
3566 5208 3701 5263 οὔτε

433 5319 657 5374 gressus
680 5300 796 5358 Dei.
841 5302 843 5304 ’

2128 5307 2232 5378 δίνη
2267 5305 2510 5369 λέοντος,
2541 5301 2714 5366 οὕτως
2744 5301 2866 5356 οὔτε
2894 5300 3028 5355 Θεοῦ
3065 5304 3299 5373 πορεῖαι.

504 5391 864 5451 Facilitatem.
910 5395 1231 5452 Acutissimi
1285 5398 1554 5469 siquidem
1604 5399 1756 5455 visus
1803 5399 2008 5454 animal

2128 5431 2130 5434 ν
2182 5397 2562 5468 Εὐμήχανον.
2616 5394 3052 5459 Ὀξυωπέστατον
3099 5392 3208 5466 γὰρ
3253 5392 3391 5458 ζῶον
3440 5395 3468 5446 ὁ
3511 5391 3698 5455 ἀετός.

425 5497 518 5540 εει
554 5486 755 5555 aquila.
835 5485 1002 5542 Fama
1031 5497 1138 5556 est
1185 5491 1397 5561 aquilas
1445 5491 1518 5545 ita
1565 5505 1886 5562 germanum
1937 5490 2006 5545 ab

2128 5491 2281 5560 λόγος
2309 5489 2416 5562 γὰρ
2443 5491 2569 5552 τοὺς
2597 5489 2786 5556 ἀετοὺς
2812 5485 2919 5540 τῶν
2942 5485 3274 5557 τικτομένων
3303 5484 3371 5540 τὰ
3399 5487 3598 5558 γνήσια
3631 5485 3707 5538 ἐκ

407 5577 682 5637 adultero
729 5579 919 5634 metum
947 5581 1259 5639 discernere
1310 5604 1321 5638 :
1374 5585 1418 5640 si
1456 5585 1748 5640 intenderit
1795 5582 2002 5652 absque

2128 5583 2218 5635 τῶν
2247 5580 2413 5635 νόΘων
2458 5579 2599 5632 οὕτω
2625 5577 2919 5650 διακρίνειν
2946 5595 2960 5609 ⁸
2999 5577 3092 5632 ἐὰν
3125 5577 3442 5632 ἀτενίσωσιν
3481 5577 3704 5648 ἀσκαρ-

494 5864 521 5896 ν
720 5868 761 5922 ι,
800 5853 852 5910 9.
930 5858 975 5894 τ’
1001 5852 1157 5912 Joan.
1189 5868 1272 5921 ιιι,
1299 5853 1357 5920 8,
1434 5864 1458 5895 ι
1485 5851 1620 5908 Ιιιίςι.
1695 5854 1746 5894 ι’
1774 5850 1960 5917 Amos,
1994 5862 2048 5924 γ,
2077 5851 2128 5908 8.
2213 5860 2235 5881 '
2260 5849 2405 5909 Psal.
2435 5864 2615 5916 tx-xvt,
2649 5848 2737 5905 20.
