3860 6562
128 510 206 566 113

751 503 807 560 S.
845 503 1092 565 MAXIM]
1127 504 1423 563 SCHOLIA
1453 504 1522 561 IN
1552 504 1684 572 LIB.
1721 505 1811 561 DE
1843 504 2171 565 C(ELESTI
2204 507 2647 566 HIERARCHIA.

3251 513 3360 572 114

126 621 312 696 adponi
337 621 469 694 πρὸς
499 621 595 674 τὸν
623 620 806 693 ἥλιον,
839 621 1036 694 γνήσιά
1063 623 1205 677 εἰσιν
1228 640 1242 654 θ
1275 623 1324 676 εί
1356 622 1414 676 δὲ
1449 621 1525 696 μὴ
1545 662 1559 686 ,
1587 622 1664 687 ὡς

1784 623 2064 678 nictatione
2107 624 2163 679 in
2205 625 2412 688 solem,
2448 639 2743 695 germanus
2773 631 2888 691 est;
2926 624 3015 681 sin
3046 641 3200 694 vero,
3227 634 3357 684 tan-

126 719 222 772 νόθα
248 713 634 770 ἀπώάλλονται
654 713 700 746 ⁸⁷
727 713 825 786 τῆς
873 714 1100 777 καλιᾶς·
1152 712 1327 778 οὕτως
1371 709 1466 770 οῦν
1511 713 1608 768 καὶ
1633 715 1662 768 6

131 811 183 881 μὴ
221 807 497 879 δυνάμενος
548 804 812 878 καθαρῶς
853 805 932 877 τῷ
987 805 1125 878 ἡλίῳ
1169 805 1271 878 τῆς
1317 805 1663 878 δικαιοσύνης

127 901 321 957 ἀτενίσαι
345 941 359 966 ,
389 899 542 965 νόθος
570 901 677 972 τῆς
705 899 870 955 αὐτοῦ
898 899 1155 971 γνώσεως
1183 901 1242 953 εὑ
1253 895 1518 973 ρίσκεται.

177 994 266 1048 Καὶ
311 992 546 1048 λευκῶν
797 992 1108 1065 Σημείωσαι
1156 993 1210 1046 τί
1255 992 1413 1047 ἵπποι
1457 992 1660 1058 λευκοὶ,

127 1088 298 1152 rami,
329 1085 580 1160 ἐρυθροὶ,
629 1085 959 1158 σύμμικτοι⁸
1002 1085 1255 1158 ἀνόμοιον
1286 1086 1343 1141 δὲ
1368 1087 1662 1158 ὁμοιότητα

127 1186 209 1237 ἂνω
232 1181 410 1244 τελέως
437 1178 854 1256 ὲσαφηνίσαμεν
880 1181 939 1234 ὲν
968 1178 1203 1252 δευτέρῳ
1231 1179 1512 1252 κεφαλαίῳ
1537 1179 1664 1234 τού·
1689 1236 1695 1242 _

127 1291 193 1327 του
215 1271 294 1326 τοῦ
322 1271 549 1343 βιϐλίου.

179 1367 275 1434 Τὴν
298 1367 418 1420 κατ’
442 1363 791 1422 εὐθεωπδ
817 1363 931 1434 τὴν
959 1365 1097 1437 πρὸς
1128 1364 1189 1420 τὸ
1208 1351 1466 1436 δύναμιν
1493 1367 1664 1438 ἁρμο-

128 1457 244 1513 στέον
264 1475 276 1488 ·
312 1457 374 1511 τά
401 1458 459 1510 δὲ
493 1456 667 1512 λοιπά
693 1457 786 1511 διά
818 1458 1004 1529 μέσου.

175 1553 289 1606 Κατ’
315 1551 534 1619 ἀλλην.
582 1550 789 1624 Ἑτέρα
818 1550 1016 1622 Θεωρία
1043 1553 1122 1615 εἰς
1150 1554 1277 1617 τοὺς
1304 1551 1553 1624 τροχούς.

173 1643 390 1714 Pali-6.1.
438 1644 765 1715 Σημείωσαι
795 1644 848 1697 τί
879 1645 1130 1717 σημαίνει
1168 1643 1230 1697 τὸ
1257 1644 1476 1715 reirei}
1513 1643 1663 1717 παρά

125 1736 181 1807 τῷ
207 1738 440 1810 προφήτῃ
484 1723 780 1810 Ἰεζεκιήλ.

173 1829 358 1898 Χαρᾶς.
408 1829 540 1895 Πῶς
579 1830 839 1901 λέγονται
887 1829 1096 1904 χαίρειν
1145 1830 1214 1884 τά
1261 1829 1518 1902 ούράνια,
1569 1831 1662 1886 καὶ

125 1923 222 1975 αὐτὸ
242 1923 296 1977 τδ
320 1923 492 1980 Θεῖον.

1764 732 1929 789 quam
1976 717 2320 773 adulterinus
2359 716 2614 785 dejicitur
2658 731 2689 772 e
2735 715 2866 771 nido
2911 731 2925 769 :
2973 717 3056 773 sic
3096 734 3229 791 ergo
3259 721 3356 792 qui

1762 810 1957 882 nequit
1982 825 2118 883 pure
2161 811 2217 865 in
2250 811 2423 866 solem
2465 809 2694 882 justitize
2722 808 3030 878 intendam,
3063 811 3280 870 alienus
3324 830 3356 869 a

1764 902 1951 958 divina
1987 904 2300 974 cognitione
2333 903 2624 973 reperitur.

1834 994 1904 1048 Et
1929 996 2174 1050 alborum
2203 995 2434 1067 quidem.
2473 994 2612 1051 Nota
2639 995 2900 1066 quidnam
2931 997 3038 1069 50
3059 999 3184 1070 equi
3219 1001 3352 1070 albi,

1764 1088 2004 1154 caerulei,
2036 1089 2212 1155 rubri,
2242 1089 2395 1144 misti
2423 1089 2629 1145 coloris
2660 1088 2997 1160 signiﬁcent;
3028 1091 3354 1148 dissimilem

1763 1195 1931 1251 porro
1983 1181 2405 1236 similitudinem
2454 1181 2700 1253 perfecte
2745 1195 2910 1252 supra
2946 1180 3006 1238 in
3045 1183 3224 1254 capite
3267 1199 3355 1239 se-

1765 1275 1946 1330 cundo
1977 1275 2143 1344 hujus
2168 1275 2292 1330 libri
2323 1278 2699 1346 exposuimus.

1840 1365 1960 1436 Τὴν
2005 1369 2134 1422 κατ’
2187 1369 2445 1424 εὐθεῖαν.
2506 1371 2620 1442 Τήν
2675 1371 3045 1442 coaptandum
3095 1377 3180 1426 est
3227 1385 3350 1425 cum

1762 1460 1991 1533 δύναμιν
2021 1476 2034 1514 :
2067 1461 2276 1532 reliqua
2305 1478 2435 1518 vero
2469 1471 2599 1519 sunt
2626 1465 2972 1521 intermedia.

1837 1553 2139 1609 Secundum
2172 1555 2361 1611 aliam.
2404 1556 2524 1610 Alia
2560 1558 2951 1628 contemplatio
2991 1557 3047 1612 in
3072 1565 3246 1612 rotas.

1836 1647 2034 1719 Gelgel.
2085 1647 2223 1704 Nota
2280 1649 2414 1720 quid
2461 1649 2733 1722 significet
2792 1650 2980 1722 gelgel,
3029 1649 3183 1727 apud.
3225 1663 3356 1720 pro-

1765 1741 1981 1812 phetam
2013 1741 2376 1798 Ezechielem.

1837 1833 2068 1891 Gaudio.
2125 1833 2413 1902 Quomodo
2477 1835 2726 1907 gaudere
2785 1836 3042 1892 dicantur
3083 1835 3352 1902 coelestia,

1766 1925 1992 1996 ipseque
2018 1925 2184 1984 Deus.

183 2014 473 2084 Ἐμπαθής.
519 2015 800 2087 Ἐμπειθῆ
835 2015 1025 2088 ἡδονὴν
1053 2016 1153 2088 τὴν
1179 2015 1526 2089 ἀνθρωπίνην
1560 2033 1663 2086 φη-

1793 1995 1798 1996 7
1840 1995 2147 2074 Passibilis.
2193 2017 2540 2090 Voluptatem
2590 2019 2886 2074 humanam
2939 2018 3074 2074 dicit
3118 2017 3352 2088 passibi-

124 2107 198 2171 σὶι,
223 2109 287 2172 ὡς
308 2111 370 2181 τῇ
399 2109 544 2182 περὶ
571 2109 636 2162 τὸ
677 2109 838 2180 σῶμα
867 2107 1206 2180 εὐαλλοιώτῳ
1237 2108 1506 2180 ὲμπαθείᾳ
1536 2125 1662 2162 συν-

124 2202 384 2272 ισταμένην.

183 2293 524 2364 Ῥᾳστώνην.
562 2293 640 2348 Τὸ
673 2293 776 2365 τῆς
798 2295 1117 2363 ῥᾳστώνης
1140 2295 1310 2367 ὄνομα
1337 2295 1540 2349 τίθεται
1565 2297 1663 2367 μὲν

122 2384 302 2439 ἐπὶτῶν
331 2390 518 2441 πονεῖν
555 2388 633 2459 μὴ
666 2387 1030 2458 βουλομένων,
1070 2387 1204 2441 ἀλλά
1248 2388 1518 2461 διαφόρως
1552 2387 1651 2460 ζῇν

121 2476 367 2548 ίλομένωνο
401 2479 672 2551 σημαίνει
709 2478 766 2532 δὲ
813 2481 844 2550 ἡ
887 2477 1030 2543 λέξις
1072 2479 1131 2532 τὸ
1173 2479 1392 2551 εὐχερὲς
1433 2481 1528 2534 καὶ
1563 2482 1664 2534 ούκ

121 2572 359 2626 ἐπίπονονο
398 2572 650 2627 ἐνταῦθα
693 2571 873 2643 μέντοι
916 2573 977 2624 τὸ
1015 2572 1280 2643 μακάριον
1320 2571 1413 2624 καὶ
1457 2570 1664 2634 ἀπαθὲς

119 2666 188 2717 καὶ
209 2665 448 2738 ἀόχλητον
483 2663 802 2733 ὑποφαίνει.
839 2663 1047 2727 ’Δλλως
1061 2661 1381 2732 ῥᾳστώνην
1405 2665 1538 2735 φησι
1565 2663 1666 2734 τὴν

119 2757 319 2813 εὐκολίαν
348 2759 442 2812 καὶ
491 2757 803 2830 εὐμάρειαν
835 2755 1070 2828 ψυχικὴν
1102 2759 1158 2810 έν
1187 2755 1488 2810 ἀναπαύσει
1527 2755 1665 2828 μετά

117 2847 334 2916 ἀπαθείας
356 2869 370 2883 ·
401 2833 698 2920 ἀναλόγως
724 2843 817 2903 οῦν
853 2849 950 2902 καὶ
976 2849 1068 2902 ἐπὶ
1096 2849 1340 2919 ἀγγέλων
1362 2849 1597 2920 νοητέον.

168 3029 511 3085 Εὐαάθειαν.
555 3031 906 3086 Εὐπάθειαν
934 3030 1009 3094 ὡς
1023 3031 1088 3084 ἐκ
1113 3030 1223 3084 τῶν
1250 3030 1368 3086 καθ’
1387 3033 1535 3103 ἡμᾶς
1566 3032 1663 3087 λα-

118 3117 200 3174 ϐὼν
226 3121 344 3194 ἔφη·
377 3123 540 3196 δηλοῖ
579 3123 640 3177 δὲ
673 3123 737 3176 τὸ
779 3119 840 3178 εὖ
887 3122 1030 3194 ἔχειν
1058 3123 1144 3178 διὰ
1171 3125 1371 3187 παντὸς
1395 3164 1409 3187 ,
1443 3128 1536 3179 καὶ
1566 3125 1665 3197 τὴν

118 3211 327 3286 μονα
357 3217 726 3272 κατάστασιν.

172 3391 394 3461 Ἄνδρες
439 3394 614 3462 ἱεροί.
651 3393 836 3447 Ταῦτα
875 3395 973 3465 οὐχ
1018 3389 1128 3450 οἶόν
1161 3413 1220 3450 τε
1258 3399 1399 3450 νοεῖν
1430 3396 1507 3460 ὡς
1535 3398 1664 3462 εἰσὶ,
1696 3373 1739 3434 c

115 3479 226 3553 πλὴν
249 3487 292 3538 εί
331 3486 406 3558 μὴ
439 3488 578 3549 τοὺς
622 3485 953 3550 ἀξιωθέντας
989 3488 1244 3560 τοιαύτης
1287 3489 1624 3562 τελειότητος
1646 3533 1662 3556 ,

115 3575 294 3641 ὁποίους
329 3581 441 3651 ἄρα
493 3579 594 3634 καὶ
644 3575 785 3632 εἶναι
827 3581 1094 3652 προσήκει
1145 3581 1368 3654 ἄνδρας,
1413 3583 1667 3654 καθάπερ

114 3668 285 3737 ὀᾶγιος
304 3668 462 3737 οὗτός
499 3689 672 3743 φησιν
698 3673 878 3744 ἱερεὺς
901 3674 966 3740 ⁸⁸,
996 3672 1136 3727 ὥστε
1164 3676 1256 3728 καὶ
1279 3675 1436 3730 θείων
1467 3676 1668 3747 ἐλλάμ-

115 3758 229 3826 ψεων
254 3762 554 3836 ἀξιωθῆναι
586 3765 717 3836 περὶ
736 3764 834 3836 τὴν
863 3765 970 3818 τῶν
992 3766 1157 3820 ὄντων
1183 3767 1401 3836 γνῶσιν,
1428 3770 1669 3840 καὶπερὶ

112 3853 191 3923 τὴν
226 3858 350 3927 πρὸς
381 3859 478 3912 τὸν
523 3857 662 3911 Θεὸν
697 3857 943 3930 καθαρὰν
987 3859 1278 3914 ἀνάτασιν·
1312 3862 1377 3915 ὲκ
1406 3861 1515 3934 γὰρ
1558 3863 1668 3917 τῶν

111 3948 328 4003 τοιούτων
355 3951 690 4022 ὲλλάμψεων
724 3950 1010 4022 θεούμενος
1029 3995 1044 4020 ,
1074 3953 1258 4007 λοιπὸν
1280 3957 1308 4008 6
1335 3955 1458 4019 νοῦς
1493 3955 1589 4028 [ὼς
1610 3957 1668 4009 ὲν

113 4039 235 4108 ῥᾴονι
259 4041 404 4113 λήξει
435 4041 760 4114 γενόμενος]
793 4046 851 4096 ὲν
879 4044 990 4110 ἔξει
1019 4046 1224 4114 γίνεται
1253 4047 1355 4117 τῆς
1375 4047 1669 4118 ἀγγελικῆς

112 4131 303 4203 ἡδονῆς,
331 4137 424 4189 καὶ
456 4136 564 4207 τῆς
600 4137 663 4188 ὲν
705 4134 932 4200 ἐκείνοις
967 4137 1285 4208 ἀοχλησίας,
1319 4138 1441 4193 καθ’
1471 4140 1536 4212 ἣν
1573 4142 1672 4211 ῥᾳ-

109 4228 480 4300 στωνευόμενος
507 4229 700 4282 λοιπὸν
725 4230 756 4282 6
784 4227 908 4293 νοῦς
926 4268 942 4292 ,
969 4230 1048 4294 ὠς
1075 4233 1134 4284 ὲν
1167 4233 1316 4303 ῥᾴονι
1348 4230 1500 4302 λήξει
1527 4231 1674 4300 γενό-

113 4333 246 4385 μενος
268 4361 282 4385 ,
317 4323 408 4376 ἐπὶ
430 4324 502 4393 τῇ
556 4321 810 4392 σωτηρίᾳ
849 4320 959 4375 τῶν
1011 4323 1330 4394 σωζομένων
1353 4363 1369 4388 ,
1418 4322 1668 4390 ἀπαθῶν,

108 4409 209 4463 καθ’
234 4412 353 4466 ὅσον
375 4413 632 4476 δυνατὸν,
658 4411 792 4465 Θεὸν
825 4414 1198 4483 μιμεῖται,τὸν
1221 4414 1441 4468 θέλοντα
1461 4416 1671 4480 πάντας

109 4500 396 4575 ἀνθρώπους
415 4505 694 4574 σωθῆναι,
715 4503 1026 4568 ἀπολαύσας
1050 4505 1160 4558 τῶν
1192 4506 1289 4560 τοῦ
1317 4507 1453 4559 Θεοῦ
1484 4508 1672 4580 θεουρ-

109 4592 204 4660 γῶν
229 4597 652 4669 ὲπιφοιτήσεων,
686 4595 932 4649 τουτέστι
959 4596 1069 4652 τῶν
1095 4597 1251 4663 θεοὺς
1289 4600 1670 4674 ἐργαζομένων

1767 2111 1888 2174 lem,
1918 2111 2084 2165 veluti
2130 2108 2420 2166 affectione
2462 2109 2625 2166 facile
2671 2110 2822 2165 circa
2875 2125 3075 2182 corpus
3105 2105 3354 2164 mutabili

1766 2209 2136 2257 constantem.

1840 2289 2203 2346 Facilitatem.
2236 2290 2331 2349 Gr.
2367 2291 2668 2365 ῥᾳστώνην.
2706 2291 2916 2348 Nomen
2946 2290 3220 2362 ῥᾳστώνη.
3246 2304 3346 2360 po-

1767 2383 1918 2438 nitur
1945 2399 2046 2455 pro
2073 2385 2140 2440 iis
2169 2385 2263 2455 qui
2292 2383 2546 2439 laborare
2575 2383 2808 2447 nolunt;
2837 2382 2933 2437 sed
2967 2382 3126 2437 aliter
3168 2382 3352 2438 vivere

1766 2475 2008 2546 eligunt;
2041 2476 2315 2547 significat
2346 2482 2529 2531 autem
2552 2475 2724 2531 dictio
2754 2473 2939 2540 facile,
2983 2487 3162 2543 neque
3191 2472 3351 2528 labo-

1766 2567 1974 2623 riosum
2014 2583 2029 2622 :
2075 2567 2166 2623 hic
2211 2569 2360 2624 vero
2393 2567 2638 2634 beatum,
2687 2567 2808 2622 sine
2854 2565 3181 2631 affectione,
3235 2563 3355 2619 sine

1766 2663 2078 2720 turbatione
2125 2661 2387 2716 insinuat.
2440 2659 2635 2726 Aliter,
2682 2658 2966 2732 ῥαστώνην
2995 2665 3153 2714 vocat
3199 2672 3355 2712 com-

1769 2757 2084 2813 moditatem
2139 2764 2193 2810 et
2242 2754 2563 2809 facilitatem
2638 2753 2834 2808 anima:
2883 2751 2940 2806 in
2992 2751 3180 2823 requie
3233 2750 3356 2806 sine

1769 2847 2082 2914 affectione;
2114 2863 2238 2903 cum
2269 2847 2622 2918 prbportione
2661 2845 2830 2916 igitur
2861 2846 3027 2900 etiam
3062 2845 3120 2899 in
3143 2843 3360 2914 angelis

1768 2939 2230 2998 considerandum
2258 2945 2365 2996 est.

1835 3033 2041 3088 Bonam
2070 3031 2531 3102 alfectioneme‘r.
2549 3028 2863 3084 εὐπάθειαν.
2882 3027 3212 3092 Εύπάθειαν,
3244 3027 3354 3082 sic-

1769 3136 1920 3182 utex
1941 3127 2109 3181 rebus
2143 3125 2352 3181 nostris
2394 3123 2697 3194 intelligere
2727 3121 2923 3193 potuit,
2975 3127 3243 3192 usurpat;
3277 3120 3352 3174 si-

1771 3220 1993 3291 gnificat
2039 3234 2191 3282 vero,
2241 3219 2378 3274 bene
2439 3217 2643 3274 habere
2708 3216 2768 3271 in
2813 3215 2964 3271 omni
3011 3221 3257 3285 tempore
3301 3218 3358 3269 et

1773 3315 2104 3370 incolumem
2137 3319 2363 3368 statum.

1851 3407 1965 3460 Viri
1992 3405 2184 3459 sancti.
2219 3403 2564 3474 lmpossibile
2601 3408 2708 3466 est,
2741 3401 2854 3456 haec
2884 3398 3186 3471 intelligere
3213 3398 3357 3454 sicut

1767 3505 1919 3561 sunt,
1952 3497 2058 3552 nisi
2097 3496 2166 3550 iis
2197 3495 2290 3566 qui
2319 3496 2470 3568 digni
2498 3495 2668 3550 habiti
2701 3501 2829 3550 sunt
2857 3478 2952 3547 tali
2984 3491 3319 3564 perfectione
3332 3533 3360 3560 ,η

1769 3594 1960 3662 quales
2002 3588 2193 3658 utique
2231 3588 2396 3643 etiam
2434 3588 2582 3643 viros
2630 3601 2754 3642 esse
2806 3584 3103 3651 convenit,
3165 3598 3354 3654 qucm-

1770 3681 2062 3735 admodum
2109 3688 2333 3736 sanctus
2385 3680 2474 3735 hic
2526 3678 2622 3743 ait,
2670 3677 3002 3740 sacerdotes,
3053 3681 3114 3730 ut
3155 3674 3354 3730 divinis

1771 3789 1989 3843 quoque
2036 3773 2092 3825 in
2119 3788 2304 3828 rerum
2353 3771 2667 3843 cognitione
2715 3769 3175 3826 illustrationibus
3204 3766 3356 3837 digni

1763 3872 2120 3930 censeantur,
2136 3872 2191 3919 et
2221 3865 2276 3918 in
2304 3880 2442 3935 pura
2478 3864 2532 3918 in
2563 3861 2734 3917 Deum
2763 3860 3096 3921 intentione:
3131 3874 3200 3914 ex
3232 3859 3361 3912 tali-

1772 3959 1874 4012 bus
1903 3957 2046 4012 enim
2087 3957 2546 4012 illustrationibus
2575 3969 2728 4009 mens
2753 3950 2893 4009 deus
2921 3950 3132 4016 effecta,
3165 3955 3354 4020 postea

1777 4049 2197 4122 [expeditiorem
2266 4056 2468 4102 statum
2511 4042 2744 4115 adepta]
2793 4041 3010 4098 exsistit
3059 4041 3116 4096 in
3165 4040 3354 4094 habitu

1769 4142 2031 4213 angelicae
2055 4140 2379 4211 voluptatis,
2407 4146 2462 4194 et
2493 4136 2648 4193 illius
2665 4150 2790 4206 quae
2819 4135 2874 4190 in
2904 4134 3043 4207 ipsis
3076 4140 3162 4189 est
3202 4140 3355 4188 tran-

1771 4232 2097 4308 quillitatis;
2133 4232 2190 4287 in
2218 4246 2325 4303 qua
2356 4244 2532 4296 mens,
2563 4226 2760 4284 deinde
2799 4224 3140 4282 commodam
3186 4239 3355 4295 agens

1772 4329 1940 4383 vitam
1973 4334 2032 4380 ut
2064 4327 2121 4380 in
2145 4324 2355 4380 meliori
2383 4322 2656 4380 exsistens
2688 4329 2855 4385 sorte,
2881 4326 3102 4391 propter
3122 4317 3355 4373 salutem

1773 4435 1965 4477 eorum
2006 4418 2101 4488 qui
2146 4417 2214 4471 ab
2259 4415 2407 4472 omni
2455 4414 2651 4470 affectu
2702 4412 2861 4468 liberi
2902 4419 3209 4474 servantur,
3256 4423 3356 4479 pro

1772 4512 1983 4566 viribus
2028 4510 2218 4573 Deum,
2268 4523 2458 4564 omnes
2504 4505 2715 4562 servari
2757 4505 3050 4571 volentem,
3084 4502 3354 4567 imitatur,

1775 4603 1964 4659 fruens
2003 4602 2204 4656 divinis
2254 4599 2571 4670 illapsibus,
2604 4598 2658 4653 id
2703 4602 2787 4652 est
2810 4595 2944 4653 deos
2989 4593 3356 4651 efﬁcientibus

109 4689 185 4739 ml.
207 4689 460 4743 ἀποτελου
468 4687 940 4760 σῶν.[Θεουργοὺς
959 4689 1015 4742 δὲ
1037 4692 1287 4764 ὲπιφοιτή
1296 4711 1408 4757 σεις
1425 4697 1559 4768 φησὶ
1571 4696 1668 4762 τάς

1784 4703 1830 4750 et
1851 4695 2259 4766 perficientibus
2290 4691 2718 4748 visitationibus.
2751 4688 3006 4762 [Deificos
3031 4693 3210 4742 autem
3237 4687 3358 4740 illa-

108 4775 241 4843 θεοὺς
267 4781 646 4853 ἐργαζομένας
673 4780 769 4832 καὶ
795 4781 1206 4855 ἀποτελούσας.]

165 4871 287 4926 Ὅτι
334 4873 456 4928 τῶν
486 4873 612 4943 μὲν
660 4871 780 4941 τὴν
837 4875 1266 4945 ὐπερκόσμιον.
1335 4876 1674 4950 [Σημείωσαι

107 4961 194 5036 δέ,]
248 4967 329 5020 ὅτι
369 4968 455 5022 δεῖ
509 4966 605 5020 τὸν
662 4965 959 5031 ἀγνοοῦντα
1031 4967 1105 5038 μὴ
1151 4968 1410 5041 ὲρυθριᾷν
1468 4975 1527 5026 ἐν
1589 4967 1673 5037 οἷς

104 5056 370 5128 ἠγνόησεν,
411 5057 528 5113 ἀλλ’
569 5056 853 5127 ὁμολογεῖν
894 5058 996 5129 τὴν
1041 5059 1292 5128 ἄγνοιαν,
1330 5062 1426 5115 καὶ
1472 5064 1546 5136 μὴ
1595 5064 1673 5130 ὡς

106 5147 277 5221 ἔτυχεν
315 5148 716 5222 ἀποκρίνεσθαι
762 5150 906 5221 περὶ
934 5144 1009 5204 ὧν
1050 5151 1337 5224 ἠγνόησεν.
1365 5155 1560 5210 ’ἰστέον
1591 5157 1670 5225 δὲ,

103 5240 178 5294 ὅτι
208 5241 279 5294 τὰ
308 5243 672 5316 γνωρίσματα
697 5240 842 5312 ἆπερ
879 5237 1022 5313 εῖχον
1051 5243 1130 5297 ἔτι
1161 5245 1419 5318 Ἕλληνες
1446 5249 1598 5312 ὄντες
1619 5251 1670 5302 οἱ

106 5331 267 5401 ἅγιοι,
311 5329 454 5390 οὗτοι
496 5334 596 5388 καὶ
632 5331 775 5403 μετά
801 5333 863 5386 τὸ
907 5333 1228 5406 ἐπιστρέψαι
1268 5337 1406 5408 πρὸς
1433 5339 1672 5411 Χριστὸν

105 5424 530 5499 ἀνερυθριάστως
588 5425 903 5497 ἐπέγραφον
956 5428 1190 5492 ἑαυτοῖς.
1249 5428 1376 5485 Ἰδοὺ
1426 5433 1536 5504 γὰρ
1582 5432 1679 5487 καὶ

103 5512 660 5593 οὖεωςἈρεοπαγίτην.
678 5519 834 5573 καλεῖ
861 5520 1076 5574 ἑαυτόνο
1107 5521 1201 5574 καὶ
1225 5524 1253 5575 6
1278 5522 1419 5587 θεῖος
1455 5526 1677 5579 Ἰουστῖ-

105 5627 190 5676 νος
210 5615 267 5665 ὲν
290 5615 366 5686 τῷ
393 5615 556 5684 Πρὸς
570 5615 882 5681 Ἕλληνας
906 5613 1049 5686 λόγῳ
1085 5615 1366 5691 Ὶουστίνου
1395 5619 1674 5690 ἐπέγραψε

109 5703 402 5775 φύωσόφου.

1779 4804 1914 4860 psus
1940 4794 2101 4841 vocat
2123 4801 2220 4842 eos
2242 4784 2336 4854 qui
2365 4783 2500 4840 deos
2529 4781 2769 4839 efIiciunt
2818 4796 2882 4834 ac
2906 4776 3247 4851 perficiunt.]

1852 4877 2216 4945 Quorumdam
2254 4874 2758 4946 supermundialem.
2810 4870 2970 4944 [Nota
2999 4870 3150 4942 vero]
3199 4885 3362 4940 oporv

1778 4980 1895 5028 tere
1955 4958 2293 5043 ignOrantem
2350 4969 2574 5022 minime
2629 4965 2954 5022 erubescere
3013 4965 3068 5018 in
3125 4965 3193 5018 iis
3239 4977 3360 5032 qua:

1779 5064 2033 5135 ignorat;
2086 5062 2182 5118 sed
2224 5060 2384 5115 fateri
2429 5057 2816 5131 ignorantiam,
2847 5073 3023 5128 neque
3060 5063 3223 5128 prout
3272 5068 3361 5108 oc-

1781 5155 1954 5211 currit
1996 5156 2326 5226 respondere
2382 5152 2450 5207 de
2492 5152 2562 5206 iis
2615 5165 2737 5221 qua:
2775 5150 3022 5221 ignorat;
3074 5146 3358 5204 sciendum

1781 5255 1963 5304 autem
2008 5255 2113 5311 est,
2159 5253 2382 5302 sanctos
2424 5243 2611 5299 titulos
2659 5242 2795 5297 istos
2842 5257 2980 5312 quos
3018 5255 3139 5293 cum
3178 5236 3360 5291 adhuc

1780 5338 2012 5412 gentiles
2057 5344 2214 5392 erant
2260 5335 2569 5399 habebant,
2619 5333 2726 5387 sibi
2772 5339 2897 5403 past
2943 5326 3359 5385 conversionem

1782 5433 1852 5488 ad
1888 5431 2171 5488 Christum
2219 5430 2338 5486 sine
2386 5429 2588 5485 rubore
2631 5425 2975 5496 ascripsisse.
3024 5421 3162 5475 Ecce
3212 5420 3358 5474 enim

1781 5527 1947 5584 etiam
1982 5526 2070 5580 hic
2097 5523 2484 5594 Areopagilam
2514 5537 2573 5577 se
2604 5528 2802 5575 vocat:
2829 5524 2883 5572 et
2925 5516 3083 5569 divus
3111 5513 3365 5571 Justinus

1780 5620 1836 5674 in
1882 5620 2023 5673 libro
2053 5616 2316 5672 Adversus
2349 5613 2591 5686 gentiles,
2626 5609 2883 5682 ascripsit
2927 5606 3132 5664 Justini
3177 5606 3360 5677 philo-

1784 5713 1940 5784 sopiti
1951 5757 1964 5771 .

1014 5890 1248 5949 VARI/13
1288 5894 1682 5980 LECTIONE§
1712 5895 1799 5950 ET
1830 5891 2386 5951 CORBECTIONES.

168 6000 216 6036 ⁹·’
245 6005 606 6061 ἑκϐἀλλονται.
679 6007 723 6039 ⁸⁸
757 6005 953 6078 ἱερέας.
