3860 6606
506 511 610 570 ΗΒ
1275 511 1626 570 APPENDIX
1667 511 1760 568 AD
1797 511 2027 569 OPERA
2065 510 2122 568 S.
2158 509 2459 569 DIONYSII
2491 511 2950 572 AREOPAGITE
2969 559 2983 575 .
3626 511 3716 570 “6

508 686 3707 724 ,Μ

1635 878 1984 1014 ΤΟΥ
2054 829 2628 1013 ΑΥΤΟΥ

2000 1149 2112 1203 ΕΙΣ
2146 1149 2238 1212 ΤΟ

1012 1345 1273 1432 ΠΕΡΙ
1339 1344 1557 1430 ΤΗΣ
1628 1342 2603 1432 ΕΚΚΑΗΣΙΑΣΤΙΚΗΣ
2677 1336 3273 1436 ΙΕΡΑΡΧΙΑΣ·

935 1728 1809 1890 EJUSDEM
1915 1716 3288 1887 COMMENTARIA

1797 2062 1923 2152 IN
2001 2061 2465 2154 LIBRUM

947 2309 1130 2424 DE
1206 2296 2322 2424 ECCLESIASTIGA
2394 2292 3297 2412 HIERARCHIA

860 2562 1216 2639 lnterprete
1243 2559 1434 2619 Petro
1463 2552 1820 2620 Lansselio.
1848 2547 2340 2628 Gravelingano,
2373 2565 2408 2610 e
2439 2546 2748 2610 Societate
2782 2549 2940 2610 Iesu
2971 2543 3368 2624 presbytero.

1014 2836 1117 2909 δι
1160 2837 1227 2893 IN
1278 2837 1434 2894 CAP.
1485 2838 1528 2892 1.
2088 2838 2142 2898 Α

2088 2838 2142 2898 Α
2636 2830 2744 2883 ΕΙΣ
2782 2830 2870 2884 'ro
2908 2831 3160 2887 ΚΕΦΑΛ.
3201 2833 3285 2886 A'.

559 2947 590 3024 ς
629 2950 671 3005 l.
710 2949 947 3020 Deiﬁcce.
993 2949 1253 3007 Deiﬂcam
1297 2950 1532 3021 appellat
1559 2964 1702 3015 eam,
1739 2963 1860 3020 quae
1889 2962 1922 3002 a
1952 2947 2063 3003 Deo

2235 2943 2264 3017 ᾗ
2294 2947 2335 3001 l.
2373 2944 2458 3018 [α]
2492 2943 2870 3015 Θεουργικῆς.
2893 2945 3230 3018 Θεουργικῆς
3247 2963 3380 3018 φησι
3406 2945 3507 3017 τῆς
3529 2945 3592 3001 ἐκ
3605 2945 3738 3001 Θεοῦ

484 3041 786 3114 perﬁcitur,
809 3042 926 3098 sive
953 3057 1074 3113 quae
1100 3043 1418 3099 hominibus
1444 3043 1624 3109 datur,
1649 3043 1825 3113 adque
1856 3042 2008 3098 idcirc

2221 3039 2595 3111 εργουμένης,
2648 3038 2814 3110 ἣγουν
2852 3037 3100 3109 δοθείσης
3142 3037 3488 3110 ἀνθρώποις,
3537 3039 3627 3093 καὶ
3662 3041 3745 3094 ὅτι

485 3136 635 3206 quod
673 3136 1114 3194 Christianorum
1160 3135 1470 3190 hierarchia
1516 3133 1649 3190 deos
1694 3133 1825 3190 facit
1869 3142 1924 3190 et
1968 3133 2009 3188 al

2219 3131 2324 3194 εοὺς
2363 3131 2732 3203 ἀπεργάζεται
2783 3131 2878 3185 καὶ
2920 3130 3171 3185 ἀποτελεῖ
3215 3133 3249 3202 ἡ
3297 3133 3358 3185 ὲν
3402 3133 3743 3204 Χριστιανοῖς

484 3230 670 3286 solvit.

2167 3222 2440 3286 ἱεραρχία.

557 3239 670 3286 lvit.

557 3321 1119 3396 Traditionumnouia
1147 3321 1506 3378 ecclesiastici
1535 3321 1745 3377 ordinis
1777 3321 2062 3377 scientiam

2255 3241 2288 3276 α
2368 3239 2441 3276 ια.

2223 3239 2652 3385 ῧῖιῗέαδόσεων.
2680 3316 2802 3372 Ὀτι
2832 3317 2932 3390 τὴν
2965 3316 3283 3389 ἱεραρχικὴν
3318 3317 3634 3387 ἐπιστήμην
3683 3317 3747 3368 ἐκ

481 3415 780 3471 traditione
810 3416 1040 3487 accepit.

2164 3409 2517 3480 παραδόσεως
2548 3409 2874 3482 παρέλαϐεν.

555 3504 684 3561 Non
710 3507 984 3578 explodas.
1005 3507 1062 3563 ld
1090 3517 1198 3574 est,
1229 3523 1339 3563 non
1374 3506 1604 3563 ridicule
1621 3515 1676 3564 et
1701 3508 2064 3563 irreverenter

2241 3499 2318 3573 [β]
2369 3504 2493 3556 Οὐκ
2551 3502 2880 3572 ἐξορχήσῃ.
2942 3503 3229 3557 Τουτέστιν
3286 3503 3348 3557 οὐ
3407 3498 3751 3571 παιγνιωδῶς

480 3596 776 3654 manifesta
840 3601 1097 3656 omnibus
1161 3600 1406 3671 profanis
1468 3599 1660 3665 facies,
1717 3602 2004 3656 occasione

2228 3594 2260 3647 ιὶ
2303 3594 2612 3661 ἀνευλαϐῶς
2656 3596 2902 3667 ποιήσεις
2944 3597 3077 3650 πᾶσι
3123 3598 3236 3659 τοῖς
3292 3595 3531 3668 ἀνιέροις
3574 3610 3752 3647 κατα-

481 3689 652 3758 risus,
683 3693 899 3751 divinas
931 3703 984 3750 et
1013 3694 1261 3767 mysterii
1280 3695 1490 3765 plenas
1521 3696 1623 3766 [res
1652 3692 1914 3750 efﬁciens.

2232 3687 2306 3759 ινῆ
2332 3725 2348 3750 ,
2400 3687 2632 3756 γέλωτος
2680 3688 2935 3761 ἀφορμὴν
2978 3689 3329 3760 ποιούμενος,
3367 3689 3437 3741 τὰ
3485 3687 3604 3740 Θεϊα
3656 3686 3756 3739 καὶ

2169 3797 2240 3850 μυ
2249 3779 2428 3835 στικά.

552 3871 696 3928 Solis
732 3891 852 3930 vero
881 3875 1100 3931 sanctis.
1149 3875 1289 3942 Quia
1315 3890 1426 3930 non
1457 3881 1674 3945 oportet
1716 3882 1907 3929 sancta
1936 3888 2064 3944 pro-

2236 3873 2318 3946 [γ]
2372 3873 2573 3944 Ἰεροῖς
2600 3873 2668 3928 δὲ
2688 3874 2918 3944 μόνοις.
2963 3875 3086 3928 Ὅτι
3135 3873 3196 3929 οὐ
3234 3873 3315 3926 δεῖ
3343 3871 3414 3925 τὰ
3446 3872 3580 3941 ἆγια
3633 3875 3755 3937 τοῖς

480 3963 624 4024 fanis
662 3968 958 4039 explicare,
987 3983 1091 4025 nec
1126 3968 1458 4040 margaritas
1488 3967 1680 4023 suibus
1709 3967 1998 4038 projicere.

2235 3966 2410 4038 δήλοις
2435 3968 2730 4037 ἐκφαίνειν,
2754 3967 2873 4020 οὐδὲ
2890 3967 3016 4031 τοὺς
3047 3967 3390 4039 μαργαρίτας
3411 3970 3524 4032 τοῖς
3545 3967 3759 4037 χοίροις

2167 4061 2400 4132 ῥίπτειν.

545 4147 892 4203 Divinissima
920 4166 1090 4211 mens.
1134 4151 1450 4207 Notandum
1504 4157 1590 4206 est
1637 4157 1830 4206 contra
1869 4149 2062 4206 Nesto-

2237 4151 2309 4225 [δ]
2373 4153 2434 4206 '0
2480 4149 2948 4222 θεαρχικώτατος
2992 4151 3158 4218 νοῦς.
3213 4151 3556 4223 Σημειωτὲον
3605 4150 3760 4204 κατὰ

475 4238 686 4306 rianos,
729 4249 966 4296 mentem
1001 4243 1165 4297 etiam
1205 4243 1272 4298 de
1297 4243 1409 4299 Deo
1437 4243 1566 4299 dici.
1600 4241 1999 4298 Sanctiﬁcation

2233 4244 2561 4316 ιστοριανῶν,
2600 4245 2683 4297 ὄτι
2726 4242 2851 4307 νοῦς
2883 4244 2976 4297 καὶ
3004 4243 3098 4297 ἐπὶ
3129 4242 3262 4297 Θεοῦ
3299 4243 3553 4312 λέγεται·
3583 4243 3757 4311 ἁγια-

475 4339 660 4386 ειιιθηι
695 4333 809 4388 sive
839 4335 1096 4405 puritatis
1122 4335 1190 4389 ad
1225 4337 1594 4390 sanctitatem.

2166 4338 2346 4402 στείας
2371 4339 2456 4404 δὲ,
2491 4338 2610 4410 ἦτοι
2638 4335 3008 4409 καθαρότητος
3036 4338 3116 4400 εἰς
3145 4336 3477 4407 ἁγιωσύνην.

557 4423 663 4495 52
702 4426 892 4494 Quoad
948 4428 1067 4497 ﬁeri
1121 4437 1313 4496 potest.
1355 4427 1670 4483 Secundum
1727 4435 2058 4498 potestatem

2238 4429 2305 4504 [ε]
2349 4435 2516 4486 Κατὰ
2545 4431 2819 4500 δύναμιν.
2855 4430 2976 4486 Τῶν
3001 4429 3200 4502 νοερῶν
3222 4430 3402 4483 αὐτῶν
3429 4428 3628 4483 οὐσιῶν
3655 4429 3762 4481 καὶ

473 4519 873 4585 essentiarum,
925 4535 1048 4590 qua:
1099 4529 1280 4576 mente
1329 4527 1459 4576 sunt
1500 4519 1778 4591 praeditas,
1833 4530 1887 4577 et
1945 4537 1997 4577 sc

2241 4524 2368 4598 ¹ιτῶν
2396 4523 2537 4578 κατὰ
2564 4525 2663 4596 τὴν
2691 4522 2919 4594 δύναμιν
2943 4539 2956 4553 ·
2987 4523 3048 4575 οὐ
3077 4522 3185 4593 γὰρ
3213 4522 3356 4576 κατὰ
3385 4523 3485 4596 τὴν
3516 4521 3694 4576 αὐτοῦ
3715 4522 3765 4553 δ’

472 4619 656 4669 mente
688 4621 1133 4684 cognoscuntur;
1174 4629 1352 4683 neque
1381 4615 1528 4668 enim
1548 4612 1730 4677 Jesus,
1758 4614 1996 4670 secundu

2243 4633 2389 4689 οαμιν
2441 4616 2673 4688 Ἰησοῦςο
2751 4614 3182 4687 ἁπειροδύναμος
3269 4614 3401 4687 γὰρ,
3467 4616 3561 4670 ἅτε
3658 4615 3767 4667 καὶ

470 4712 801 4774 potestatem
833 4719 990 4760 suam
1023 4705 1167 4775 (scil.
1200 4706 1472 4777 ἀφομοιοῖ,
1498 4706 1604 4763 sibi
1637 4708 1845 4763 similes
1869 4707 1994 4763 facit

783 4721 801 4759 ι
833 4719 990 4760 suam
1023 4705 1167 4775 (scil.
1200 4706 1472 4777 ἀφομοιοῖ,
1498 4706 1604 4763 sibi
1637 4708 1845 4763 similes
1869 4707 2056 4778 facit);
2159 4710 2307 4775 Θεός.

469 4801 557 4850 est
583 4795 729 4850 enim
763 4795 990 4851 inﬁnita:
1012 4798 1319 4866 potestatis,
1346 4813 1471 4852 cum
1501 4799 1573 4854 sit
1594 4800 1758 4854 etiam
1781 4798 1948 4857 Deus.

543 4887 838 4944 Connectit.
888 4886 1273 4960 lnterpretatio
1300 4893 1495 4945 horum
1525 4899 1613 4949 est
1655 4893 1713 4948 in
1737 4895 1928 4964 quinto
1963 4909 2058 4950 ca-

2244 4891 2318 4965 ξς]
2368 4892 2778 4962 Συμπτύσσει.
2831 4891 2895 4944 Ἠ
2927 4889 3194 4962 ἑρμηνεία
3241 4887 3449 4941 τούτων
3481 4886 3635 4941 ἐστὶν
3701 4889 3768 4940 ὲν

470 4979 584 5050 pile
613 4981 737 5035 libri
768 4981 844 5035 De
873 4980 1064 5036 divinis
1095 4983 1418 5040 nominibus.

2156 4984 2234 5056 τῷ
2266 4985 2407 5053 Περὶ
2434 4984 2606 5038 θείων
2631 4982 2937 5053 ὀνομάτων
2966 4982 3201 5052 πέμπτῳ
3229 4979 3530 5051 κεφαλαίῳ.

542 5070 747 5127 Multas
795 5076 1098 5130 varietates.
1146 5075 1344 5133 Multas
1395 5080 1684 5138 varietates
1737 5082 1854 5139 sive
1897 5082 2059 5139 dissi-

2249 5075 2308 5149 ζ]
2352 5076 2597 5142 Πολλὰς
2621 5076 2989 5144 ἑτερότητας.
3017 5073 3224 5136 Πολλὰς
3243 5072 3568 5144 ἑτερότητας
3589 5065 3773 5143 οἶμαι

469 5165 811 5223 militudines
855 5167 964 5223 dici
1012 5169 1271 5239 arbitror,
1316 5174 1488 5230 multa
1537 5191 1738 5247 genera
1785 5176 1993 5233 sollicit‘

2250 5170 2409 5225 ἐσθαι
2455 5169 2558 5233 τὰς
2606 5168 2903 5232 πολυειδεῖς
2944 5166 3052 5219 τῶν
3101 5163 3381 5237 σαρκικῶν
3437 5161 3774 5232 ἐπιθυμιῶν

468 5258 660 5312 dinum
699 5259 769 5315 ad
804 5275 1026 5318 carnem
1086 5280 1181 5320 seu
1217 5258 1418 5337 corpus
1459 5269 1856 5338 pertinentium
1903 5285 1992 5341 cu]

2256 5265 2428 5336 »ίμνας
2448 5303 2463 5329 ,
2492 5263 2558 5328 ἃς
2587 5260 2922 5334 ἀπαγορεύει
2961 5261 2990 5314 ὁ
3038 5258 3243 5331 Κύριος
3265 5273 3279 5288 °
3313 5256 3516 5326 ὲνοειδῆ
3546 5254 3609 5307 δὲ
3661 5256 3780 5308 καὶ

469 5348 727 5418 ditatum,
772 5359 913 5424 quas
944 5353 1212 5413 Dominus
1244 5365 1395 5413 vetat
1442 5379 1455 5414 :
1499 5360 1822 5416 uniusmodi
1871 5371 1993 5417 aute

2252 5375 2307 5410 ιν
2341 5355 2486 5428 ζωὴν
2515 5357 2576 5408 τὸ
2605 5355 2786 5426 ζητεῖν
2819 5356 2878 5407 ὲν
2910 5351 3146 5424 πρώτοις
3185 5349 3286 5422 τὴν
3329 5349 3610 5420 βασιλείαν
3658 5347 3776 5401 τοῦ

469 5439 820 5517 divinamque
861 5448 1051 5518 vitam,
1105 5450 1343 5522 primum
1385 5469 1628 5523 quaerere
1676 5469 1908 5525 regnum
1956 5454 1993 5508 Ι]

2262 5450 2289 5504 ὖ
2322 5451 2417 5503 καὶ
2433 5449 2532 5521 τὴν
2550 5446 2894 5518 δικαιοσύνην
2923 5445 3088 5500 αὐτοῦ
3108 5485 3123 5510 ,
3155 5447 3296 5516 ὅπερ
3328 5448 3357 5500 ὁ
3385 5443 3590 5514 Κύριος
3629 5442 3786 5513 ἐσή-

468 5543 522 5590 et
544 5534 818 5606 justitiam
868 5541 990 5613 ejus
1011 5517 1042 5612 ;r
1063 5517 1125 5600 id
1148 5547 1294 5616 quod
1334 5517 1664 5618 signiﬁcavit
1691 5517 1958 5603 Dominus
1989 5550 1992 5601 Ξ

2254 5561 2345 5608 θεν,
2377 5517 2545 5597 εἱπῶν
2571 5544 2630 5595 ὲν
2662 5544 2728 5612 τῇ
2759 5542 2892 5612 εὐχῇ
2917 5579 2932 5606 ,
2962 5540 3063 5595 ἵνα
3089 5538 3242 5594 ὦσιν
3272 5537 3343 5593 ἓν
3365 5554 3378 5568 ’
3411 5535 3475 5590 τὸ
3503 5533 3560 5587 δὲ
3591 5533 3778 5588 οὕτω

1387 5809 1627 5868 VARUE
1661 5809 2052 5869 LECTIONES
2089 5813 2177 5869 ET
2209 5811 2760 5871 CORRECTIONES.

529 5976 811 6036 "lauro-3.
