3860 6534
126 455 206 515 117

807 447 864 502 S.
902 439 1148 500 MAXIM]
1185 439 1481 497 SCHOLIA
1513 440 1580 494 IN
1615 439 1742 495 LIB.
1784 437 1875 494 DE
1907 435 2191 494 ECCLES.
2229 433 2604 491 HIERARCH.
2648 497 2650 499 ,

3251 432 3353 489 118

123 567 410 628 πεποιῶσθαι
439 565 540 636 τὴν
569 562 761 636 ψυχὴν
779 601 795 628 ,
822 559 932 626 ἕξιν
962 558 1112 631 ἱερὰν
1143 556 1484 612 ἀπεκάλεσεν
1503 594 1518 621 ,
1551 555 1674 626 ἣτις

1801 553 2110 617 precatione,
2143 567 2270 607 cum
2315 551 2480 616 dicit,
2529 559 2589 603 ut
2629 548 2736 603 sint
2770 562 2932 601 unum
2961 555 3018 613 ις
3060 543 3142 601 sic
3171 555 3354 600 autem

121 666 192 721 καὶ
215 660 432 734 μάλιστα
467 658 586 718 τοῖς
619 653 943 727 ἱερωμένοις
969 647 1290 725 πρεπώδης.
1377 691 1380 694 .

1773 645 2026 700 ail‘ectam
2054 659 2179 699 esse
2217 643 2385 699 veluti
2412 641 2677 712 qualitate
2724 639 2909 710 aliqua
2953 636 3220 703 animam,
3267 651 3356 692 sa-

1773 751 1928 793 crum
1961 736 2208 792 habitum
2241 734 2572 801 nominavit;
2621 731 2716 804 qui
2744 732 2910 788 etiam
2941 729 3182 786 maxime
3223 743 3357 786 con-

1671 889 1674 892 .
1775 837 2020 888 secratos
2050 828 2303 882 homines
2332 827 2509 882 decet.

168 941 259 997 Καὶ
291 938 395 1007 τῆς
441 935 567 990 τῶν
605 932 922 1004 θεαμάτων
952 929 1248 1003 γνώσεως.
1280 927 1537 984 Τουτέστι
1562 925 1672 980 τῶν

118 1036 213 1107 περὶ
239 1029 362 1086 Θεοῦ
391 1029 571 1098 λόγων
614 1030 719 1082 καὶ
751 1025 1092 1097 διδαγμάτων
1124 1022 1221 1094 τὴν
1242 1019 1675 1091 ὲπιστημονικὴν

118 1127 417 1196 κιτανόησιν·
456 1125 521 1176 οὐ
551 1121 672 1194 γὰρ
698 1122 828 1192 ἄχρι
859 1119 1017 1190 ψιλῆς
1033 1118 1134 1188 τῆς
1153 1115 1263 1169 τῶν
1284 1115 1482 1184 λογίων
1505 1113 1675 1184 ἀκοῆς

116 1223 139 1292 ἦ
162 1220 495 1290 ἐκφωνήσεως
516 1216 591 1270 τὰ
620 1215 739 1270 τῶν
763 1213 922 1285 ἱερῶν
955 1212 1226 1283 μυήσεων,
1252 1206 1473 1278 ἀλλὰ.τῇ
1495 1221 1675 1278 παρατ-

115 1312 380 1382 κολουθὴσει
413 1309 516 1379 τῆς
545 1308 799 1369 διανοίας
831 1305 921 1359 κα)⁵
961 1306 1027 1376 τῇ
1079 1303 1290 1358 συνέσει
1327 1301 1439 1354 τῶν
1471 1300 1674 1370 ὑμνου-

116 1406 253 1478 μένων
272 1421 284 1433 ·
316 1403 456 1456 οὕτω
493 1400 616 1474 γὰρ
646 1401 750 1454 καὶ
810 1399 859 1454 οἱ
892 1397 1030 1451 κατὰ
1082 1396 1214 1449 Θεὸν
1262 1393 1478 1466 πρῶτον
1507 1392 1667 1459 ἀφιε-

114 1500 289 1569 ροῦνται
333 1493 503 1566 αὐτῷ,
554 1493 663 1547 καὶ·
699 1487 804 1545 εἷθ’
848 1489 1022 1549 οὕτως
1068 1487 1276 1557 ἑτέροις
1323 1484 1387 1538 τὸ
1433 1479 1674 1536 τοιοῦτον

114 1589 412 1662 προξενοῦσιι·
446 1584 802 1640 τελειοῦνται
823 1623 837 1647 ,
871 1581 966 1636 καὶ
994 1579 1155 1634 πάλιν
1182 1575 1501 1632 τελειοῦσιν.

162 1871 182 1941 §
213 1871 271 1923 ll.
323 1866 634 1938 Ἀγγὲλων
679 1863 839 1918 ἐστι.
882 1862 1003 1914 Ὅτι
1032 1857 1131 1921 τὰς
1164 1854 1322 1909 ἐννέα
1359 1851 1543 1916 τάξεις
1579 1848 1675 1903 καὶ

111 1962 181 2014 νῦν
209 1961 378 2030 λέγει,
408 1959 478 2022 ἃς
513 1955 922 2029 προωνόμασεν
966 1955 1023 2005 ὲν
1057 1948 1137 2020 τῷ
1178 1943 1325 2014 Περὶ
1364 1941 1476 2012 τῆς
1515 1941 1679 2007 θείας

111 2051 362 2121 ὶεραρχιας
387 2049 565 2118 λόγῳ.

161 2146 251 2198 Καὶ
271 2143 436 2198 πᾶσα
465 2141 508 2209 ἠ
545 2142 677 2197 νῦν
705 2137 1073 2211 ὑμνουμένη.
1119 2132 1220 2197 Τίς
1246 2133 1280 2204 ὴ
1311 2130 1537 2202 δύναμις
1564 2127 1672 2182 πά-

113 2257 187 2310 σης
209 2239 505 2311 ἱεραρχίας.

160 2331 331 2383 Αὐτόν
359 2346 425 2383 τε
457 2329 574 2383 τὸν
600 2324 914 2396 ἱεράρχην.
944 2319 1201 2376 Τουτὲστι
1228 2318 1321 2372 τὸν
1349 2317 1667 2374 ἐπισκοποῆ

163 2508 251 2560 Καὶ
275 2509 396 2576 τοῖς
423 2506 872 2575 ὑποϐεϐηκόσι.
904 2504 1039 2576 Περὶ
1063 2500 1374 2574 προκοπιῖΝ.

171 2602 640 2669 ’Υποόεϐηκότας
671 2601 947 2654 ἕπεσθαι.
978 2594 1410 2670 Πρεσόυτέρους.

172 2693 313 2749 Ἀλλῖ
355 2698 414 2747 at
460 2693 612 2763 μέν.
671 2692 968 2762 Σύγκρισις
1012 2689 1111 2759 τῆς
1158 2684 1418 2758 οὐρανίας
1453 2681 1674 2753 καὶτῆς

111 2784 335 2856 αἰσθητῆς
363 2783 694 2857 ίεραρχίας.
1404 2790 1411 2801 ”

161 2877 451 2945 Αισθητῶν
498 2875 854 2946 σιψόόλων.
905 2871 1147 2944 Αίσθητὰ
1196 2867 1441 2941 σύμϐολα
1471 2869 1578 2925 εισι
1605 2865 1674 2922 τὰ

111 2966 207 3038 ἑῆς
241 2968 549 3040 δηλούμενα
605 2966 918 3038 μυστήρια·
969 2963 1214 3016 τουτέστι
1275 2961 1336 3015 τὸ
1371 2960 1671 3032 βάπτισμα,

109 3059 200 3127 ἦτοι
230 3057 490 3130 φώτισμα
515 3073 528 3085 ·
562 3058 600 3127 ἡ
633 3053 858 3120 σύναξις
881 3095 896 3120 ,
943 3052 1108 3122 ἣγουν
1146 3051 1209 3104 τὸ
1252 3050 1354 3120 τῆς
1389 3047 1674 3110 κοινωνίας

112 3151 385 3222 μυστήριον,
430 3150 537 3204 καὶ
566 3146 642 3201 τὰ
678 3145 862 3200 λοιπά.

167 3243 255 3294 Ἕν
272 3243 387 3313 μὲν
417 3243 624 3297 ἐστιν.
675 3237 735 3292 ⁸0
761 3235 893 3301 Θεὸς
924 3236 1184 3308 δηλονότι.

165 3336 268 3402 Οὐκ
310 3333 587 3398 ἑηαίως.
638 3329 788 3383 Ἀντὶ
817 3326 914 3382 τοῦ
945 3325 1221 3392 ὲνοειδῶς,
1269 3326 1366 3381 καὶ
1409 3324 1531 3380 καθ’
1577 3321 1676 3378 ενα

111 3422 182 3474 ul.
207 3423 287 3476 τὸν
317 3423 494 3476 αὑτὸν
523 3419 757 3493 τρόπον.

160 3512 387 3581 Nth
404 3528 496 3565 τε.
515 3505 864 3580 Σημειωτὲον
885 3505 976 3571 ⁸⁹¹,
995 3506 1076 3559 ὅτι
1093 3500 1156 3558 τὸ
1173 3503 1454 3575 σύνταγμα
1474 3501 1502 3556 ὃ
1528 3499 1678 3570 αὐτῷ

107 3604 295 3676 ἐποιήθη
321 3604 539 3675 ἰπερὶ
559 3599 772 3672 νοητῶν
805 3597 899 3652 καὶ
942 3595 1236 3668 αἰσθητῶν,
1259 3597 1388 3667 παρ’
1418 3596 1551 3666 ἡμῖν
1578 3593 1678 3662 οὐχ

107 3695 313 3767 εὓρηται.

160 3783 668 3852 Διεξοδικώτερον.
715 3779 862 3833 Ἀντὶ
888 3777 983 3833 τοῦ
1013 3778 1372 3851 πλατύτερον.

162 3873 297 3945 §Ill.
360 3874 446 3948 [α]
498 3875 678 3927 Ἔστι
715 3870 832 3941 μὲν
882 3871 1169 3942 Ζεραρχία.
1223 3867 1492 3941 Ἱεραρχία
1539 3867 1676 3932 ἐστὶ,

109 3969 230 4037 φησι,
261 3968 450 4032 καθὼς
481 3969 516 4039 ἡ
546 3965 727 4035 σεπτὴ
755 3966 788 4035 ἡ
799 3962 914 4034 μῶν
943 3962 1238 4036 παράδοσις
1265 3961 1581 4032 παρίστησι,
1611 3959 1681 4012 τὰ

109 4059 380 4124 καθολικῶς
408 4056 771 4130 θεωρούμενα
800 4055 833 4125 ἢ
862 4054 1133 4126 λεγόμενα
1160 4054 1289 4125 περ)⁸
1316 4051 1425 4106 τῶν
1458 4067 1681 4124 προκει-

112 4152 274 4220 μένων,
305 4154 474 4226 ῆγουν
523 4147 910 4218 ὑποκειμένων
957 4147 1118 4219 ἱερῶν
1157 4144 1517 4218 πραγμάτων
1556 4143 1678 4212 ἦτοι

107 4242 150 4295 δὲ
186 4249 270 4300 καὶ
314 4244 702 4318 πραττόμενα.
734 4237 1270 4308 Συγκεφαλαιωσιν
1303 4235 1412 4307 γὰρ
1453 4234 1554 4306 τὴν
1582 4231 1678 4285 τοῦ

108 4334 204 4390 ὅλου
241 4336 533 4410 περίληψιν
573 4332 759 4399 λέγει,
794 4328 982 4400 ὥσπερ
1023 4328 1123 4383 καὶ
1149 4325 1680 4396 ἀνακεφαλαίωσιν

107 4425 300 4500 λέγομεν
323 4429 384 4482 τὺ
412 4420 792 4482 ἐπαναλαϐεῖν
813 4416 1101 4488 ἐν’ὀλίγοις
1127 4417 1194 4470 τὰ
1223 4415 1605 4488 προλεχθέντα.

161 4606 230 4680 [β]
286 4601 782 4668 Καθολικωτὰτη.
853 4599 1137 4655 Καθολικά
1215 4598 1332 4650 ἐστι
1391 4595 1462 4649 τὰ
1524 4612 1691 4667 περι-.

1854 922 2129 982 Visionum
2164 922 2326 976 etiam
2372 918 2685 990 cognitione.
2726 915 2786 972 Id
2831 922 2916 972 est
2955 915 3250 971 verborum
3289 913 3359 968 de

1778 1012 1914 1078 Deo,
1966 1023 2020 1068 et
2066 1021 2463 1084 praeceptorum
2522 1009 2638 1066 sive
2675 1009 3124 1064 documentorum
3166 1004 3358 1076 cogni-

1779 1106 1929 1162 tione
1977 1103 2324 1170 scientitlca;
2382 1117 2562 1174 neque
2617 1100 2763 1156 enim
2811 1114 2984 1169 usque
3033 1098 3101 1154 ad
3151 1097 3356 1152 nudam

1776 1199 2068 1254 verborum
2101 1197 2414 1253 divinorum
2459 1194 2938 1262 auditionem,,aut
2967 1190 3359 1262 pronuntiatio-

1776 1307 1904 1348 nem
1945 1305 2119 1346 sacra:
2148 1289 2418 1344 doctrinae
2463 1295 2676 1344 tantum
2718 1284 3025 1355 pertinent;
3073 1282 3169 1338 sed
3213 1296 3360 1338 asse-

1777 1383 2001 1440 cutione
2057 1381 2289 1444 mentis,
2335 1387 2391 1436 et
2431 1377 2789 1448 intelligentia
2839 1390 3034 1431 eorum
3075 1388 3198 1445 qua:
3245 1373 3361 1427 lau-

1776 1475 2001 1540 dantur,
2033 1470 2380 1536 continetur;
2423 1468 2506 1524 sic
2543 1468 2714 1532 enim,
2761 1465 2877 1537 qui,
2902 1465 3016 1519 Deo
3059 1463 3356 1529 adhaerent,

1777 1565 2015 1638 primum
2049 1564 2102 1621 ei
2137 1568 2558 1625 consecrantur,
2595 1558 2793 1615 deinde
2830 1557 3043 1614 caeteris
3091 1555 3364 1627 ejusmodi

1777 1659 1946 1720 ritum
1994 1656 2256 1721 tradunt;
2287 1653 2667 1724 perﬁciuntur,
2727 1659 2893 1722 atque
2953 1665 3166 1705 rursus.
3194 1648 3362 1720 perﬁ-

1729 1808 1732 1811 .
1777 1751 1949 1806 ciunt.

1852 1841 1881 1914 §
1917 1839 1982 1898 II.
2023 1839 2345 1912 Angelorum
2366 1846 2466 1893 est.
2513 1835 2672 1902 Quod
2710 1849 2903 1890 novem
2945 1832 3363 1890 ordinesetiam

1773 1953 1926 1994 nunc
1953 1935 2111 2002 dicit,
2142 1949 2284 2005 quos
2312 1931 2468 2004 prius
2495 1929 2556 1988 in
2585 1928 2727 1984 libro
2749 1925 2827 1982 De
2845 1925 3041 1989 caelesti
3064 1923 3364 1980 hierarcliia

1701 2033 1748 2092 Β
1776 2029 2101 2088 nominavit.

1846 2121 1918 2177 Et
1969 2120 2140 2175 omnis
2163 2119 2254 2191 qui
2281 2115 2437 2172 modo
2470 2113 2818 2184 pradicatur.
2853 2109 2988 2178 Quae
3031 2108 3117 2166 vis
3143 2107 3366 2166 situni:

1773 2229 1948 2272 versa
1970 2211 2315 2268 bierarchiae.

1845 2306 1924 2366 Et.
1973 2304 2149 2376 ipsum
2199 2302 2343 2358 sacri
2372 2298 2576 2360 ordinis,
2613 2297 2930 2357 antistitem.
2994 2293 3054 2350 1d
3107 2298 3200 2350 est
3241 2289 3364 2362 epis-

1774 2413 2023 2470 scopum.

1845 2490 2200 2560 Subditosque
2247 2503 2392 2543 suos.
2449 2479 2732 2556 (Agithic)
2783 2479 2855 2534 de
2897 2473 3362 2550 promotionibus.

1845 2581 1935 2638 Sic
1963 2589 2021 2634 ut
2053 2578 2250 2634 subditi
2292 2583 2600 2646 sequantur.
2631 2568 3013 2641 Presbyteros.

1848 2674 2112 2731 (laterum
2154 2673 2272 2726 ista:
2324 2666 2558 2740 quidem.
2599 2661 2952 2734 Comparatio
2980 2659 3223 2715 cmlestis
3253 2656 3369 2713 hie»

1774 2767 2026 2829 rarchiae,
2057 2773 2112 2822 et
2138 2765 2260 2834 ejus
2297 2776 2420 2833 quae
2456 2760 2561 2816 sub
2586 2771 2809 2815 sensum
2835 2753 3005 2810 cadit.

1848 2859 2191 2917 Sensibilium
2228 2856 2524 2925 signorum.
2587 2849 2756 2919 Signa
2795 2844 3076 2903 sensibilia
3113 2849 3240 2904 sunt
3269 2855 3364 2901 sa.-

1775 2959 2057 3010 cranlenta
2090 2964 2211 3020 quae
2250 2946 2512 3016 deinceps
2540 2946 2934 3013 exponuntur:
2977 2937 3033 2991 id
3063 2942 3148 2991 est
3183 2932 3366 3004 bapti-

1775 3061 1950 3111 smus,
1995 3045 2112 3100 sive
2153 3039 2481 3105 illustratio;
2520 3034 2782 3108 synaxis,
2814 3032 2932 3086 sive
2958 3026 3362 3086 communionis

1781 3147 2212 3200 sacramentum,
2239 3145 2295 3190 et
2321 3140 2540 3188 caetera.

1853 3230 2027 3285 Unum
2063 3227 2274 3300 quidem
2308 3233 2409 3281 est.
2437 3221 2671 3278 Scilicet
2697 3218 2866 3275 Deus.

1853 3321 1979 3377 Non
2020 3317 2294 3374 unimode.
2360 3309 2882 3380 Pro,uniformiter
2941 3312 2996 3362 et
3055 3301 3363 3360 secundum

1782 3427 1953 3468 unum
2004 3408 2369 3476 eumdemque
2407 3403 2654 3460 modum.

1851 3504 1930 3559 De
1972 3499 2392 3556 intetlectitibus.
2458 3494 2773 3550 Notandum
2813 3499 2926 3556 est,
2958 3489 3159 3544 librum
3198 3500 3364 3558 quem

1781 3597 2002 3668 scripsit
2030 3595 2095 3650 de
2129 3595 2199 3649 iis
2233 3607 2354 3664 qua:
2373 3584 3132 3660 intelligentiaicontinentur,
3160 3585 3214 3636 et
3242 3591 3365 3650 qua:

1782 3689 1887 3746 sub
1914 3703 2138 3745 sensum
2171 3685 2398 3747 cadunt,
2441 3680 2586 3753 apud
2616 3694 2720 3734 nos
2754 3691 2866 3732 non
2895 3673 3148 3730 inveniri.

1853 3783 2074 3837 Fusius.
2107 3779 2238 3844 Pro,
2268 3776 2436 3832 latius
2464 3781 2519 3830 et
2548 3772 2820 3844 pluribus.

1854 3874 1959 3945 53
1993 3874 2021 3945 §
2055 3871 2144 3927 Ill.
2176 3872 2276 3925 Est
2303 3868 2514 3939 quidem
2552 3862 2870 3920 hierarchia.
2902 3856 3225 3914 Hierarchia
3253 3864 3359 3920 est,

1782 3967 1981 4036 inquit,
2008 3965 2154 4021 sicut
2181 3961 2494 4018 veneranda
2523 3955 2748 4014 traditio
2775 3959 2962 4008 nostra
2983 3948 3261 4021 proponit,
3289 3961 3358 4001 ea

1781 4073 1904 4129 quae
1927 4054 2256 4128 generaliter
2277 4059 2333 4108 et
2378 4050 2638 4106 universe
2662 4044 2935 4108 videntur,
2968 4048 3064 4094 aut
3102 4038 3364 4096 dicuntur

1782 4151 1850 4206 de
1885 4149 2066 4209 sacris
2093 4146 2260 4201 rebus
2293 4157 2416 4213 quae
2456 4137 2752 4212 proposita:
2794 4151 2890 4191 seu
2922 4133 3181 4203 subjectae
3208 4135 3360 4192 sunt,

1783 4244 1900 4300 sive
1929 4240 2092 4296 etiam
2121 4252 2244 4308 qua:
2287 4240 2545 4306 aguntur.
2575 4226 3053 4299 Συγκεφαλαίωσιν
3099 4223 3244 4278 enim
3276 4228 3365 4276 to-

1783 4337 1894 4390 tius
1944 4330 2378 4401 complexionem
2434 4324 2606 4386 dicit,
2668 4323 2813 4377 sicut
2868 4319 3034 4375 etiam
3087 4317 3363 4385 ἀνακεφα-

1783 4427 2009 4481 λαίωσιν
2045 4423 2284 4478 dicimus
2310 4425 2560 4489 repetere
2589 4413 2782 4485 paucis
2813 4426 2878 4470 ea
2911 4424 3032 4480 qua:
3065 4415 3191 4462 ante
3216 4405 3370 4472 dicta

1786 4525 1938 4575 sunt.

1857 4606 2292 4665 Generalissima.
2323 4599 2610 4660 Generalia
2639 4604 2776 4654 sunt
2788 4611 2855 4652 ea
2874 4611 2999 4668 quae
3024 4593 3203 4664 magis
3231 4605 3367 4651 con-

105 4700 425 4772 εκτικὼτερα.
461 4697 645 4769 Φησὶν
695 4689 808 4757 οὖν,
851 4693 952 4756 ὅτι,
1002 4691 1166 4762 τυχὸν
1217 4690 1436 4761 ἁπάσης
1474 4687 1674 4754 τάξεως

1801 4705 1986 4759 tinent.
2012 4700 2104 4755 Ait
2129 4714 2260 4770 ergo
2287 4695 2458 4766 quod,
2479 4693 2715 4748 fortasse
2748 4690 2900 4745 omni
2930 4688 3124 4744 ordine
3152 4687 3366 4740 hierar-

107 4789 352 4864 ἱεραρχίας
383 4788 723 4860 λεγομένης,
769 4786 1017 4857 ἱεραρχία
1062 4784 1211 4837 ἐστὶν
1250 4782 1468 4850 ἁπάσης
1497 4781 1684 4850 ἱεραρ-

105 4880 250 4951 χὶαςή
277 4878 646 4954 ἀρχικωτέρα
674 4875 769 4928 καὶ
810 4874 1148 4944 γενικωτέρα
1180 4870 1675 4942 συγκεφαλαίωσις·

103 4964 191 5022 οἷον
225 4974 316 5044 τῆς
359 4967 767 5044 πρεσϐυτέρων
818 4967 1102 5037 ἱεραρχίας
1124 5005 1136 5028 ,
1171 4965 1421 5018 τουτέστι
1449 4961 1678 5026 τάξεως,

105 5061 320 5136 ἱεραρχία
339 5067 368 5118 ὁ
399 5063 718 5121 ἐπίσκοπος
736 5097 750 5121 ,
780 5057 1006 5128 ὀφείλων
1035 5057 1346 5126 γινώσκειν,
1374 5054 1678 5125 καθαίρειν,

104 5157 346 5221 φωτίζειν,
380 5149 658 5208 τελειοῦν·
684 5150 782 5220 τῆς
810 5148 1073 5201 διακόνων
1111 5147 1392 5218 ἱεραρχίας
1424 5144 1681 5216 ἱεραρχία

103 5244 534 5317 ὁὰρχιδιάκονος,
574 5241 638 5304 ὃς
664 5240 876 5309 ,ὀφείλει
910 5237 1204 5307 γινώσκειν
1241 5237 1340 5300 τὰς
1377 5235 1682 5304 λειτουργι-

103 5334 185 5398 id;
227 5338 531 5409 ἐνεργείας·
583 5332 681 5387 καὶ
718 5329 860 5385 οὕτω
888 5329 1127 5398 καθεξῆς
1159 5327 1236 5382 τὰ·
1273 5327 1437 5382 λοιπὰ
1490 5325 1684 5382 συντά-

105 5442 263 5496 nuta
288 5431 377 5482 π’.

161 5521 234 5595 [γ]
286 5519 848 5593 Συγκεραλαὶωσις.
891 5517 1076 5590 Ἱερῶν
1131 5515 1605 5585 συγκεφαλαιωσις
1649 5513 1683 5585 ἠ

105 5615 277 5679 γνῶσις
304 5615 514 5678 παντὸς
545 5609 826 5682 ἱερατικοῦ
854 5609 1154 5682 τάγματος.

163 5736 182 5763 ³
206 5725 362 5784 Joan.
399 5743 544 5790 xvu,
574 5723 663 5777 11.

1714 4745 1762 4803 ι)

1791 4797 1914 4852 chia
1959 4801 2298 4862 nuncupato,
2347 4787 2659 4843 hierarchia
2702 4791 2796 4841 est.
2820 4783 3002 4840 omnis
3046 4776 3368 4835 hierarcliia:

1791 4888 2148 4960 principalior
2181 4883 2594 4956 generalinrque
2639 4889 2885 4940 summa;
2930 4880 2990 4926 ut
3023 4870 3368 4942 presbytero-

1788 4997 1910 5036 rum
1942 4977 2283 5040 hierarchiaz,
2327 4974 2381 5028 id
2409 4979 2496 5028 est
2525 4969 2758 5033 ordinis,
2798 4965 3112 5022 bierarchia
3152 4963 3368 5032 episco-

1790 5090 1928 5144 pus,
1984 5071 2077 5141 qui
2119 5070 2262 5124 scire
2298 5067 2479 5131 debet,
2513 5076 2782 5134 purgare,
2818 5059 3096 5113 illustrare
3119 5062 3173 5110 et
3199 5052 3365 5123 perli-

1789 5180 1958 5232 cere;
1983 5163 2340 5222 diaconorum
2375 5155 2696 5212 hierarchize
2753 5149 3060 5208 bierarchia
3091 5144 3367 5208 archidia-

1787 5273 1984 5320 conus,
2017 5255 2109 5326 qui
2155 5251 2374 5322 cognita
2419 5248 2620 5303 habere
2654 5245 2816 5301 debet
2865 5241 3037 5297 oiIlcia
3085 5238 3367 5294 ministro-

1708 5417 1728 5435 ο
1787 5364 1913 5405 rum
1939 5365 1953 5402 :
1987 5353 2150 5417 atque
2179 5345 2256 5399 ita
2285 5343 2547 5411 deinceps
2578 5337 2774 5408 reliqui
2806 5334 3047 5390 ordines.

1756 5481 1764 5490 ~
1865 5510 2104 5567 Summa.
2135 5507 2432 5562 Sacrorum
2459 5511 2672 5557 summa
2715 5488 3099 5561 etcomplexio
3130 5495 3216 5546 est
3244 5502 3365 5550 orn-

1792 5606 1879 5662 nis
1908 5600 2270 5660 ecclesiastici
2302 5595 2513 5654 ordinis
2542 5585 2791 5648 scientia.

1011 5809 1256 5868 VABIE
1289 5805 1588 5866 LECTION
1600 5801 1802 5880 ES‘ET
1839 5801 2395 5864 COBRECTIONES.

160 5950 218 5982 ⁸⁹⁶
252 5951 594 6024 σημείωσαι.
663 5948 706 5980 ⁹⁰
738 5951 994 6024 ὲπονὴθη.
1068 5953 1132 5984 ’θ’
1159 5950 1435 6024 τάγματα.
