3860 6534
483 424 586 499 uo
637 515 642 528 ι

1175 429 1516 487 APPENDIX
1565 428 1658 484 AD
1702 427 1932 486 OPERA
1985 427 2045 484 S.
2097 425 2392 485 DIONYSII
2426 423 2906 483 AREOPAGITJ'J.

3618 417 3729 475 120

557 555 733 628 Hujus
781 555 946 626 origo.
997 550 1156 619 Quod
1201 551 1536 624 principium
1584 552 1912 611 hierarchite
1938 592 1955 619 ,
2003 557 2058 607 et

2229 550 2302 623 [δ]
2351 550 2572 618 Ταύτης
2589 548 2771 619 ἀρχή.
2804 547 2902 610 Τίς
2927 544 2964 618 ἡ
2989 541 3132 616 ἀρχὴ
3164 542 3263 615 τῆς
3291 538 3605 613 ίεραρχίας,
3634 536 3732 592 ml

486 649 724 724 (ibidem)
758 648 824 703 de
852 644 1135 700 Trinitate.

559 741 781 796 Notum.
815 735 975 802 Nota,
1013 743 1262 791 sanctam
1287 732 1609 792 Trinitatem
1651 735 1927 808 cognitum
1960 736 2061 790 ha-

483 834 616 890 bere
663 829 806 902 quod
862 828 931 883 de
984 829 1206 898 propria
1259 827 1502 884 essentia
1547 827 1805 898 cognosci
1847 833 2056 898 potest,

488 927 630 980 sicut
651 937 798 978 nunc
831 915 1066 977 dicimus
1087 920 1366 992 propriam
1398 919 1762 976 substantiam
1790 919 1907 976 haec
1943 919 2059 977 sola

487 1015 792 1087 cognoscit.

555 1105 874 1161 Rationalis.
907 1103 1046 1160 Nota
1075 1105 1298 1176 angelos
1324 1111 1378 1160 et
1404 1104 1655 1161 homines
1684 1103 1914 1159 rationis
1933 1117 2063 1173 par-

485 1199 679 1270 ticipes
710 1214 834 1255 esse
859 1206 1108 1253 naturas.

555 1290 688 1347 ch
716 1307 836 1346 vero
867 1307 971 1345 non
1001 1290 1184 1346 aliter.
1217 1288 1381 1346 Salus
1405 1289 1636 1346 scilicet.

556 1381 689 1437 ch
726 1391 901 1436 autem
932 1381 1220 1450 deiﬁcatio.
1254 1380 1398 1449 Quid
1429 1380 1500 1437 sit
1531 1380 1827 1436 deiﬁcatio.

560 1473 907 1529 Hierarchite.
936 1473 1073 1540 Quis
1126 1471 1198 1526 sit
1247 1473 1373 1528 linis
1415 1473 1683 1528 universae
1705 1472 2059 1538 hierarchiaa,

487 1574 544 1623 et
592 1565 775 1637 qualia
825 1564 978 1620 obire
1022 1572 1269 1635 oporteat
1315 1564 1650 1634 episcopum.
1701 1563 1860 1631 Nota,
1901 1566 2062 1620 linem

491 1674 588 1715 seu
643 1673 867 1730 scopum
950 1658 1224 1714 universae
1302 1656 1626 1712 hierarchia:
1695 1656 1949 1728 angelicae
2013 1666 2066 1712 et

491 1752 764 1818 humanae,
836 1765 958 1806 esse
1031 1747 1126 1805 Dei
1185 1763 1478 1819 rerumque
1543 1747 1854 1804 divinarum
1921 1763 2066 1803 amo-

489 1855 632 1909 rem,
657 1850 711 1899 et
736 1858 857 1915 qua:
877 1841 1135 1912 deinceps
1161 1846 1482 1896 enumerata
1509 1847 1660 1896 sunt.
1690 1837 1834 1893 illud
1858 1845 2062 1903 autem,

2158 645 2286 717 περὶ
2312 643 2561 717 Τριάδος.

2229 733 2304 808 [ε]
2361 732 2728 802 Ἐπιστητόγ.
2792 728 3122 803 Σημείωσαι,
3160 729 3242 782 ὅτι
3305 727 3341 799 ἡ
3386 724 3520 796 ἁγία
3563 722 3734 794 Τριὰς

2157 825 2444 900 ἐπιστητὸν
2481 824 2593 896 ἔχει
2635 823 2696 876 τὸ
2736 821 2836 893 τῆς
2875 819 3078 884 οίκείας
3107 816 3396 890 ὑπάρξεως
3434 815 3730 887 γνώριμον,

2147 926 2234 995 οιῖυς
2260 924 2358 996 τὴν
2386 920 2480 977 νῦν
2507 935 2685 991 φαμεν
2711 915 2812 988 τὴν
2858 915 2993 969 ἰδίαν
3033 912 3242 980 οὐσίαν,
3273 909 3410 983 μόνη
3445 907 3586 980 αῦτη
3614 905 3733 960 ὲπί-

2160 1032 2556 1174 πῗιέαέοτική.
2579 1098 2922 1172 Σημείωσαι,
2949 1095 3030 1150 ὅτι
3061 1093 3281 1164 ἄγγελοι
3311 1091 3405 1145 ml
3456 1089 3735 1161 ἄνθρωποι

2159 1195 2372 1265 λογικαὶ
2400 1195 2538 1248 εἰσιν
2567 1191 2767 1247 οὐσίαι.

2241 1287 2302 1342 Ἡ
2323 1285 2390 1340 δὲ
2415 1286 2528 1354 οὐχ
2549 1282 2779 1352 ἑτέρως.
2811 1277 3064 1350 Σωτηρία
3088 1274 3346 1348 δηλονότι.

2241 1381 2304 1437 Ἡ
2331 1377 2400 1433 δὲ
2425 1376 2656 1442 θέωσις.
2687 1374 2754 1428 Τί
2783 1374 2932 1426 ἐστιν
2957 1372 2992 1441 ὴ
3025 1369 3240 1431 θέωσις.

2242 1469 2575 1540 Ἱεραρχίας.
2623 1465 2690 1519 Τί
2735 1464 2796 1518 τὸ
2843 1463 3016 1534 πέρας
3060 1460 3241 1530 πάσης
3282 1454 3592 1529 ίεραρχίας,
3649 1454 3740 1508 ml

2160 1563 2322 1616 ὁποῖα
2348 1561 2430 1615 δεῖ
2477 1556 2717 1630 μετιέναι
2757 1553 2847 1608 τὸν
2883 1551 3162 1624 ἱεράρχην.
3199 1548 3513 1620 Σημείωσαι
3542 1545 3599 1598 δὲ
3617 1583 3641 1630 ,7
3660 1544 3741 1597 ὅτι

2161 1654 2224 1706 τὸ
2248 1651 2420 1714 τέλος,
2451 1629 2619 1721 ἤγουν
2661 1646 2753 1700 τὸν
2805 1643 3005 1698 σκοπὸν
3034 1640 3250 1710 ἀπάσης
3297 1637 3577 1710 ἱεραρχίας
3604 1629 3740 1688 εἶναι

2162 1744 2309 1813 λέγει
2335 1743 2435 1812 τῆς
2461 1737 2758 1810 ἁγγελικῆς
2785 1736 2878 1789 ml
2903 1733 3004 1804 τῆς
3040 1734 3098 1785 ὲν
3142 1729 3449 1802 ἀνθρώποις
3479 1728 3581 1800 τὴν
3609 1726 3742 1798 πρὸς

2163 1836 2297 1890 Θεὸν
2324 1835 2418 1889 ml
2442 1832 2510 1887 τὰ
2537 1830 2653 1884 θεῖα
2680 1828 2978 1899 ἀγάπησιν,
3001 1825 3095 1879 ml
3125 1822 3194 1878 τὰ
3226 1821 3354 1892 ἑξῆς
3391 1817 3743 1890 κατειλεγμέ-

491 1951 615 2006 quae
651 1951 763 1990 uno
809 1934 973 1990 modo
1026 1933 1200 1990 sacris
1247 1938 1541 2003 operatur,
1583 1930 1856 1998 declarat,
1905 1922 2064 2002 plane

2191 1945 2250 1981 ια.
2280 1926 2354 1979 Τὸ
2380 1925 2437 1978 δὲ
2470 1922 2683 1986 ὲνιαίως
2726 1915 3148 1991 ίερουργουμένη
3176 1913 3324 1986 δηλοῖ
3356 1912 3417 1965 τὸ
3443 1907 3744 1980 ὁλοσχερῶς

493 2037 549 2084 et
591 2027 706 2083 sola
752 2025 822 2081 ad
865 2027 1028 2082 talem
1075 2026 1282 2080 cultum
1329 2023 1689 2080 conversione
1723 2023 1902 2094 ipsum
1947 2037 2068 2078 cer-

492 2135 646 2176 nere.
1555 2172 1560 2178 .

570 2213 598 2285 §
634 2211 725 2269 Ν.
764 2212 1004 2282 Superis.
1042 2210 1211 2276 Nota,
1266 2209 1539 2282 quomodo
1577 2209 1718 2266 Deus
1752 2205 2071 2281 permoveat

493 2304 724 2361 virtutes
776 2303 1176 2374 intelligibiles,
1231 2310 1287 2359 et
1352 2301 1628 2375 quomodo
1684 2313 1787 2358 nos
1833 2301 2073 2358 illustre-

494 2413 645 2454 mur.
1778 2445 1788 2458 ,

569 2489 694 2544 Νοη
731 2491 870 2545 enim
912 2489 1261 2544 extrinsecus.
1304 2485 1568 2542 Homines
1603 2484 1824 2557 quidem
1865 2485 2075 2540 extrin-

498 2597 682 2645 secus,
715 2580 775 2637 id
797 2585 884 2636 est
905 2594 936 2633 a
974 2587 1170 2635 creatae
1207 2586 1417 2632 natura:
1453 2577 1918 2648 contemplatione
1953 2591 2076 2631 ver-

494 2671 691 2743 bisque
720 2670 1076 2735 docentibus,
1110 2678 1164 2725 et
1209 2670 1332 2724 aliis
1363 2669 1610 2738 ejusdem
1644 2669 1860 2739 generis
1888 2682 2075 2722 veram

498 2765 867 2835 cognitionem
907 2761 1305 2832 scientiamque
1348 2760 1644 2826 hauriunt;
1685 2757 1864 2830 angeli
1894 2769 2074 2813 autem

499 2856 649 2912 intus
680 2871 778 2927 per
821 2854 1020 2911 mentis
1065 2869 1180 2910 suae
1210 2853 1319 2908 vim
1364 2853 1738 2921 illustrantur,
1785 2851 2077 2921 divinaque

497 2949 780 3003 voluntate
822 2946 1220 3019 insigniuntur,
1262 2944 1318 2998 id
1359 2950 1443 2999 est
1488 2942 1890 3013 exprimuntur,
1925 2951 1978 2996 et
2007 2941 2076 2996 ad

497 3039 597 3096 Dei
627 3039 1009 3104 imitationem,
1057 3045 1113 3093 et
1149 3036 1217 3091 ad
1245 3050 1436 3091 eorum
1471 3049 1591 3106 quae
1617 3041 1769 3098 sunt,
1807 3040 2076 3103 quatenus

503 3141 655 3198 sunt,
687 3131 1079 3203 cognitionem.

2166 2021 2259 2075 ml
2293 2016 2638 2092 μονοτρόπως
2663 2011 2800 2084 πρὸς
2829 2010 2929 2084 τὴν
2957 2006 3209 2077 τοιαύτην
3235 2004 3490 2075 λατρείαν
3523 2003 3675 2073 ὁρᾷν.

2255 2218 2284 2291 ς
2333 2213 2422 2271 IV.
2477 2209 2936 2281 Ὑπερκοσμίοις.
2981 2205 3312 2278 Σημεὶωσαι,
3368 2200 3487 2264 πῶς
3539 2200 3677 2251 κινεί
3716 2197 3744 2250 δ

2169 2287 2302 2374 Θεὸς
2328 2308 2428 2373 τὰς
2456 2303 2652 2378 νοητὰς
2691 2299 2966 2371 δυνάμεις,
2997 2297 3092 2352 ml
3123 2295 3240 2361 πῶς
3281 2295 3444 2366 ἡμεῖς
3480 2287 3746 2361 ὲλλαμπό·

2247 2402 2333 2456 θα.

2175 2420 2333 2546 μεῗὶῗ
2366 2490 2477 2560 τὰρ
2503 2488 2743 2554 ἔξωθεν.
2771 2483 2903 2539 Ἀνθ
2913 2500 3082 2556 ρωποι
3107 2481 3204 2553 μὲν
3226 2476 3446 2544 ἔξωθεν,
3470 2471 3746 2528 τουτέστιν

2173 2587 2280 2642 ἀπὸ
2307 2584 2406 2657 τῆς
2431 2583 2572 2638 κατὰ
2601 2583 2700 2655 τὴν
2731 2580 2907 2635 κτίσιν
2936 2576 3166 2648 θεωρίας
3190 2575 3285 2628 ml
3312 2572 3487 2641 λόγων
3507 2569 3752 2622 διδασκα-

2173 2678 2345 2732 λικῶν
2377 2677 2471 2731 ml
2503 2675 2705 2747 ἐτέρων
2736 2671 2993 2726 τοιούτων
3034 2668 3134 2739 τὴν
3173 2665 3345 2737 ἀληθῆ
3374 2661 3576 2733 γνῶσιν
3607 2659 3747 2729 λαμ-

2175 2770 2443 2824 ϐάνουσιν·
2476 2766 2693 2838 ἄγγελοι
2723 2764 2779 2818 δὲ
2809 2763 2978 2835 αὐτὴν
3006 2758 3212 2814 ἔνδοθεν
3231 2757 3329 2828 τὴν
3347 2753 3541 2826 νοερὰν
3570 2749 3748 2805 αὐτῶν

2173 2859 2542 2932 ὲλλάμπονται
2593 2857 2842 2926 δύναμιν,
2871 2854 2966 2908 ml
3005 2851 3105 2923 τὴν
3151 2848 3300 2902 θείαν
3336 2842 3749 2915 ὲνσημαίνονται

2178 2952 2450 3024 βούλησιν,
2489 2952 2659 3021 ἤγουν
2702 2945 3000 3001 τυποῦνται
3047 2942 3184 3014 πρὸς
3223 2940 3284 2993 τὸ
3317 2934 3646 3008 θεομίμητόν
3690 2948 3749 2985 τε

2176 3045 2272 3098 καὶ
2296 3043 2401 3097 τῶν
2421 3042 2609 3106 όντων,
2707 3038 2836 3092 ὄντα
2867 3036 3006 3100 ἐστὶ,
3034 3029 3348 3104 γνωστικόν.

493 3245 496 3266 ῖ
575 3223 681 3281 Sed
727 3197 1048 3293 intelligibili
1095 3219 1320 3275 ratione.
1373 3217 1889 3279 Considerandum,
1942 3230 2076 3284 quo-

2251 3223 2489 3292 Νοητῶς
2530 3218 2616 3274 δέ.
2667 3214 3065 3287 Κατανοητέον,
3114 3209 3232 3273 πῶς
3275 3205 3500 3268 ἔσωθεν,
3539 3200 3653 3257 ἀλλ’
3691 3197 3750 3254 ού

503 3315 667 3372 modo
690 3315 1048 3377 intrinsecus,
1078 3327 1186 3366 non
1219 3311 1327 3384 54
1363 3311 1496 3366 foris
1525 3320 1581 3366 et
1607 3310 1952 3366 extrinsecus
1985 3307 2076 3362 Dci

2191 3314 2432 3390 θύραθεν,
2461 3315 2518 3369 αἱ
2543 3308 2838 3381 ὲλλάμψιις
2869 3306 2964 3361 τοῦ
2995 3301 3130 3358 Θεοῦ
3157 3301 3282 3364 τοὺς
3309 3298 3486 3362 θείους
3516 3296 3639 3359 νόας
3667 3312 3752 3347 κι-

505 3410 905 3483 illustrationes
933 3446 948 3472 ,
1007 3405 1221 3461 divinas
1265 3411 1474 3460 mentes
1525 3409 1881 3474 promoveant
1937 3415 1952 3452 :
2005 3399 2081 3453 ait

506 3502 654 3557 enim
687 3499 855 3556 Deum
883 3507 1097 3555 mentes
1121 3513 1215 3554 eas
1250 3496 1547 3551 illustrare.
1581 3491 1849 3559 Quoniam
1884 3492 2081 3548 mentis

508 3604 594 3650 est
619 3609 864 3664 compos,
896 3592 950 3648 id
1000 3589 1146 3663 quod
1191 3588 1467 3657 intelligit,
1526 3595 1581 3642 et
1639 3586 1744 3641 sub
1773 3585 2080 3654 intelligen-

509 3687 642 3741 tiam
693 3686 838 3741 cadit
890 3685 944 3739 id
989 3683 1133 3755 quod
1179 3681 1537 3751 intelligitur;
1597 3678 1754 3733 cibus
1796 3683 1980 3731 autem
2032 3683 2086 3728 et

510 3779 668 3850 quasi
708 3778 878 3832 robur
905 3783 988 3833 est
1009 3776 1061 3831 id
1090 3774 1236 3846 quod
1273 3771 1616 3841 intelligitur,
1640 3770 1761 3839 ejus
1796 3767 1889 3838 qui
1919 3764 2086 3819 intelo

509 3870 662 3940 ligit;
688 3869 812 3941 jure
842 3883 905 3922 ac
935 3868 1134 3923 merito
1181 3865 1345 3930 Deus,
1372 3878 1495 3918 cum
1525 3870 1734 3916 mentes
1767 3860 1879 3914 sint
1909 3858 1944 3912 ii
1987 3856 2085 3927 qui

510 3958 817 4029 incorporei
842 3964 990 4023 sunt,
1011 3958 1128 4028 ipse
1158 3955 1250 4026 qui
1265 3961 1319 4010 et
1336 3953 1440 4009 sub
1464 3951 1877 4022 intelligentiam
1897 3961 2087 4004 eorum

509 4051 656 4106 cadit
685 4059 738 4107 et
768 4051 836 4106 ab
862 4051 932 4106 iis
953 4049 1294 4121 intelligitur,
1315 4055 1585 4117 quatenus
1608 4051 1869 4114 possunt;
1894 4041 2083 4094 intrin-

511 4159 672 4199 secus
701 4158 796 4196 eos
831 4142 1068 4197 illustrat
1092 4148 1274 4196 mente
1302 4137 1640 4208 intelligente
1672 4144 1727 4190 et
1762 4133 1989 4188 nutrita.

502 4247 508 4294 ἱ
592 4235 950 4290 Divisibilium
979 4235 1270 4305 signorum.
1291 4231 1458 4302 Signa
1481 4229 1701 4284 dividua
1727 4228 1828 4280 hoc
1845 4225 1965 4278 loco
1991 4223 2091 4278 do-

512 4329 719 4384 ctrinas
762 4327 1059 4398 Scripturae
1098 4322 1469 4379 multiformes
1497 4320 1650 4382 dicit,
1700 4315 1936 4370 maxime
1968 4315 2091 4383 qui-

512 4422 636 4478 dem
689 4435 784 4490 per
813 4420 980 4476 verba
1021 4417 1301 4488 mysteriis
1353 4414 1512 4484 plena
1561 4410 1758 4465 divinae
1802 4416 2010 4462 naturae
2037 4414 2092 4461 et

513 4514 876 4570 essentiarum
919 4526 1039 4581 qua:
1072 4510 1273 4564 mentis
1317 4513 1447 4563 sunt
1500 4502 1795 4574 participes
1838 4509 2088 4554 contem-

2179 3412 2376 3468 νοῦσινο
2407 3407 2519 3482 ἔφη
2557 3407 2667 3480 γὰρ
2703 3404 2794 3459 τὸν
2823 3403 2955 3457 Θεὸν
2986 3397 3192 3471 νοητῷς
3219 3395 3415 3456 αὐτοὺς
3441 3391 3749 3482 ὲλλάμπεινς

2179 3502 2364 3572 ἐπειδὴ
2557 3477 2742 3570 νοερὸν
2791 3493 2888 3566 μὲν
2921 3492 3037 3545 ἐστι
3080 3488 3142 3542 τὸ
3184 3484 3360 3547 νοοῦν,
3394 3480 3582 3552 νοητὸν
3608 3479 3665 3531 δὲ
3696 3477 3755 3530 τὸ

2180 3571 2493 3665 νοούμενον(
2513 3589 2686 3662 τροφὴ
2713 3587 2771 3641 δὲ
2797 3585 2939 3658 [ml]
2969 3579 3078 3638 οἷον
3108 3581 3364 3640 σύστασις
3395 3573 3492 3628 τοῦ
3512 3571 3756 3665 νοοῦντος

2183 3686 2243 3738 τὸ
2269 3683 2577 3754 νοούμενον,
2625 3678 2848 3739 εἰκότως
2879 3677 2907 3729 ὁ
2943 3673 3094 3739 Θεὸς,
3131 3670 3226 3724 ἅτε
3274 3666 3409 3720 νοῶν
3451 3663 3619 3717 όντων
3649 3658 3756 3711 τῶν

2185 3746 2508 3843 ἀσωμάτων,
2543 3767 2706 3830 αὐτὸς
2740 3763 2934 3836 νοητὸς
2963 3763 3055 3816 ml
3091 3757 3378 3828 νοούμενος
3406 3753 3608 3813 αὐτοῖς,
3637 3746 3757 3800 καθ’

2185 3838 2317 3918 ὅσον⁷
2336 3858 2699 3931 ἐφικνοῦνται,
2741 3856 3028 3926 γενόμενος
3065 3850 3286 3916 ἔσωθεν,
3321 3846 3519 3906 αὐτοὺς
3565 3838 3761 3908 ἐλλάμ-

2187 3975 2296 4022 πει,
2323 3955 2415 4009 τοῦ
2440 3953 2530 4007 νοῦ
2561 3949 2805 4012 νοοῦντος
2833 3948 2926 4001 ml
2956 3941 3305 4018 τρεφομένου.

2259 4219 2569 4290 Διαιρετῶν
2595 4217 2934 4287 συμϐόλων.
2966 4206 3216 4279 Σύμϐολα
3252 4199 3498 4274 διαιρετά
3531 4195 3762 4251 ἐνταῦθα

2189 4317 2288 4381 τὰς
2332 4288 2430 4385 της
2473 4310 2694 4384 Γραφῆς
2740 4304 3039 4365 πολυειδεῖς
3081 4294 3428 4356 διδασκαλίας
3471 4291 3638 4385 φησὶ,Δ
3661 4288 3763 4385 μά-

2191 4378 2346 4462 λιστα
2380 4378 2475 4477 μὲν
2505 4378 2595 4456 διὰ
2626 4378 2966 4470 συμβολικῶν
2993 4393 3163 4459 λόγων
3190 4388 3288 4460 τὴν
3335 4385 3465 4456 περὶ
3492 4382 3590 4453 τῆς
3616 4378 3764 4477 θείας

2192 4501 2403 4570 φύσεως
2435 4492 2662 4550 καὶτῶν
2700 4488 2900 4560 νοερῶν
2941 4483 3137 4538 οὐσιῶν
3179 4478 3408 4551 θεωρίαν
3446 4471 3766 4552 εἰσηγουμέ-

511 4603 812 4674 plationem
846 4562 1237 4670 explanantes;
1273 4597 1367 4650 sed
1401 4562 1676 4648 interdum
1700 4562 1871 4646 etiam
1918 4590 2077 4644 actio-

2192 4562 2306 4655 νας·
2341 4587 2450 4641 ἔσθ’
2481 4587 2570 4639 ὅτε
2597 4582 2652 4637 δὲ
2679 4581 2773 4635 ml
2801 4580 2900 4650 τῆς
2928 4574 3177 4647 πράξεως
3199 4569 3364 4632 οὔσας
3390 4562 3762 4674 διορθωτικας,

513 4708 640 4749 nem
698 4691 1078 4756 emendantes,
1125 4696 1185 4743 ut
1232 4687 1365 4756 legis
1400 4692 1697 4755 praecepta,
1727 4697 1847 4751 qum
1875 4682 1943 4736 ad
1973 4697 2093 4736 mo-

515 4785 686 4839 ralem
743 4783 1061 4852 allegoriam
1108 4779 1474 4843 referuntur;
1534 4775 1630 4830 sed
1687 4773 1859 4828 multo
1926 4773 2089 4828 etiam

517 4874 692 4945 magis
722 4879 1188 4928 sacramentorum
1212 4867 1549 4924 caeremoniae
1576 4881 1640 4920 ac
1666 4865 1806 4920 ritus
1836 4865 1891 4919 in
1921 4864 2091 4936 signis

520 4964 820 5036 ﬁgurisque
851 4967 1173 5016 cernuntur.

593 5051 908 5109 Substantia
935 5053 1096 5106 enim.
1120 5049 1278 5114 Nota,
1313 5063 1560 5119 quaenam
1589 5047 1660 5103 sit
1685 5047 1770 5102 vis
1811 5056 1866 5102 et
1895 5054 2090 5101 natura

521 5155 726 5204 nostra:
754 5143 1099 5208 hierarchim,
1131 5149 1186 5197 et
1212 5155 1462 5212 quamam
1483 5139 1697 5210 eloquia
1725 5138 1929 5193 divina.

597 5237 778 5293 Sacris
855 5233 1234 5288 initiatoribus.
1285 5230 1681 5286 Sacrosanctos
1731 5236 2093 5299 prmceptores

524 5329 802 5399 apostolos
835 5325 990 5390 dicit,
1022 5341 1162 5395 quos
1201 5332 1256 5380 et
1296 5324 1464 5378 duces
1493 5321 1739 5387 vocavit;
1781 5320 2096 5388 theologica:

525 5428 705 5475 autem
751 5417 958 5472 tabulas
1001 5418 1173 5472 libros
1211 5415 1424 5472 Veteris
1455 5422 1509 5470 et
1554 5413 1692 5470 Novi
1721 5410 2094 5475 Testamenti;

525 5513 819 5567 doctrinam
862 5524 993 5565 vero
1036 5527 1069 5563 a
1104 5509 1332 5563 materia
1363 5522 1582 5561 vacuam
1603 5546 1618 5571 ,
1649 5504 1934 5560 scientiam
1972 5517 2097 5556 sen-

527 5617 687 5656 suum
733 5599 1046 5671 Scripturze,
1085 5616 1244 5672 quarr
1303 5598 1537 5670 apostoli
1582 5613 1614 5650 a
1659 5594 1865 5666 Spiritu
1895 5592 2100 5647 habue-

526 5700 678 5759 runt,
708 5710 845 5764 quas
873 5695 1032 5751 etiam
1072 5708 1394 5768 corporeum
1431 5704 1737 5748 sermonem
1766 5686 2099 5751 nominavit;

2195 4652 2364 4745 (ng‘té
2390 4675 2587 4749 νομικὰ
2617 4670 3052 4743 παραγγέλματα
3069 4703 3083 4728 ,
3115 4664 3192 4725 είς
3220 4659 3417 4731 ἠθικὴν
3446 4652 3767 4749 ἀλληγορίαν

2195 4744 2524 4841 ἁναγότμεναο
2558 4763 2738 4834 πολλῷ
2773 4762 2830 4814 δὲ
2859 4759 3019 4812 πλέον
3059 4758 3114 4809 αἱ
3145 4753 3252 4806 τῶν
3285 4748 3594 4822 μυστηρίων
3620 4744 3769 4797 τελε-

2195 4866 2284 4918 ταὶ
2313 4865 2370 4916 ὲν
2400 4858 2688 4932 συμϐόλοις
2715 4851 3042 4925 θεωροῦνται
3076 4846 3169 4900 καὶ
3198 4843 3417 4905 τύποις.

2260 5036 2452 5092 Οὺσία
2481 5033 2609 5104 γάρ.
2642 5027 2971 5100 Σημείωσαι,
3003 5024 3086 5086 τίς
3116 5023 3150 5092 ἡ
3176 5017 3334 5074 οὐσία
3354 5016 3455 5088 τῆς
3487 5013 3603 5068 καθ’
3623 5011 3769 5083 ἡμᾶς

2198 5127 2493 5201 ἱεραρχίας,
2527 5123 2621 5177 καὶ
2651 5121 2771 5174 τίνα
2797 5118 2868 5172 τὰ
2889 5117 3007 5170 θεῖα
3032 5113 3206 5182 λόγια.

2279 5195 2731 5287 Ἰεροτελεστῶν.
2787 5204 3179 5282 Ἱεροτελεστὰς
3231 5204 3329 5276 μὲν
3372 5202 3501 5266 τοὺς
3543 5195 3770 5254 ἀποστό-

2198 5315 2320 5376 λους
2347 5312 2523 5379 λέγει,
2551 5305 2645 5369 οὒς
2675 5304 2768 5358 ml
2794 5299 3170 5372 καθηγεμόνας
3197 5296 3408 5368 εἴρηκε·
3432 5288 3774 5360 θεολογικὰς

2198 5407 2256 5460 δὲ
2297 5404 2549 5466 δέλτους
2577 5398 2647 5452 τὰ
2677 5395 2856 5467 βιϐλία
2889 5393 2990 5463 τῆς
3038 5389 3278 5452 Παλαιᾶς
3326 5387 3421 5440 καὶ
3465 5384 3564 5454 τῆς
3605 5379 3768 5442 Νέας

2199 5495 2531 5562 timori-5pm
2571 5490 2627 5544 δὲ
2657 5490 2888 5558 μύησιν
2925 5483 3025 5555 τὴν
3054 5482 3117 5534 ἐκ
3141 5479 3460 5550 Πνεύματος
3477 5471 3772 5562 γενομένην

2202 5592 2314 5652 τοῖς
2356 5561 2672 5644 ἀποστόλοις
2701 5578 2901 5648 γνῶσιν
2932 5573 3038 5628 τῶν
3068 5571 3169 5641 τῆς
3201 5568 3426 5642 Γμφῆς
3468 5561 3773 5636 νοημάτων,

2203 5681 2239 5734 ἃ
2270 5679 2363 5734 ml
2391 5672 2697 5746 σωματικὸν
2725 5668 3026 5724 ἀπεκάλεσε
3061 5664 3103 5696 ⁹¹
3126 5661 3305 5730 λόγον,
3339 5659 3400 5723 ἐξ
3428 5652 3496 5730 ἧς
3529 5654 3778 5725 μυήσεως

1441 5804 1679 5862 νΑιιιιλΕ
1713 5799 2098 5859 LECTIONES
2131 5797 2216 5853 ET
2251 5785 2800 5852 COBRECTIUNES.

594 5934 636 5966 ἰ
672 5932 912 5989 ἐκάλεσε.
