3860 6562
116 428 192 477 tit
818 426 877 479 S.
914 425 1160 482 MAXIMI
1194 425 1483 484 SCHOLIA
1528 429 1598 486 ΙΝ
1641 430 1770 487 LIB.
1807 429 1897 486 DE
1934 431 2220 491 ECCLES.
2256 434 2628 492 HIERARCH.

3261 437 3368 498 ΕΞ

112 541 187 596 καὶ
218 536 282 591 τά
306 537 404 609 τῆς
445 538 685 610 Καινῆς
736 541 962 614 συνέστη
1001 542 1322 615 διδάγματα·
1367 547 1604 616 γείτονα
1631 547 1685 603 δὲ

1799 563 1856 604 ex
1905 563 2015 620 qua
2057 548 2310 606 doctrina
2348 551 2487 608 Novi
2535 552 2700 608 etiam
2729 549 3065 608 Testamenti
3093 561 3366 623 praecepta

111 631 200 699 τῆς
224 631 502 699 οὐρανίας
533 633 864 703 ἱεραρχίας
889 634 986 708 τὴν
1030 636 1107 707 τῷ
1137 639 1447 711 ἡγεμονικῷ
1475 641 1686 710 ἐγγινο-

115 723 251 796 μένην
277 721 371 776 τοῦ
402 723 759 796 Πνεύματος
788 725 1043 797 ἐλλαμψιν
1073 725 1196 799 ἔφη.

176 901 256 955 Ἐκ
277 901 418 968 νοὸς
444 904 543 970 εἰς
569 903 762 959 νοῦν.
799 903 941 976 Ὅρα
966 903 1038 960 τά
1062 905 1152 962 διὰ
1183 906 1348 978 μέσου
1382 908 1564 978 λόγου,
1593 912 1689 966 καὶ

113 996 174 1050 ὅτι
198 994 276 1048 διὰ
311 994 473 1076 λόγου
508 996 792 1070 ἀγράφου
821 997 892 1052 τά
937 1001 1174 1072 μυστικὰ
1211 1002 1501 1075 παρεδόθη.
1530 1003 1688 1058 Κατά

114 1085 259 1141 atomi
305 1086 360 1140 δὲ
411 1087 676 1158 ληπτέον
721 1089 790 1144 τὸ
833 1091 1331 1160 παραδεδωκότων
1345 1108 1362 1126 ⁶
1413 1095 1589 1164 ἱεροῖς
1616 1081 1687 1149 ’δὲ

112 1178 191 1248 εφη
214 1176 547 1246 συμϐόλοις
582 1179 683 1233 διὰ
723 1179 797 1236 τὰ
839 1181 966 1253 ἑξῆς
1001 1183 1288 1254 τεθειμένα
1316 1187 1362 1219 ⁸³
1390 1189 1686 1258 μυστήρια,

115 1269 236 1322 ἅτινα
261 1269 350 1322 καὶ
376 1267 635 1342 θεωρίας
659 1271 1014 1346 ἀναγωγικῆς
1039 1274 1197 1341 ἀξιοῖ.

162 1445 470 1513 Δισθηταῖς
499 1448 735 1502 εἰκόσι.
770 1450 905 1522 Περὶ
931 1451 1170 1507 εἰκόνων.

168 1535 224 1590 Τὸ
249 1537 800 1609 συνεπτυγμένον.
844 1541 973 1596 Ἰδοὺ
1003 1543 1188 1612 σαφῶς
1212 1543 1266 1597 τί
1293 1543 1650 1617 ὲπτυγμένον.

173 1712 460 1788 Ἁγράφοις
482 1717 803 1788 μνήσεαι.
827 1720 1159 1794 Σημείωσαι,
1180 1723 1261 1778 ὅτι
1294 1724 1387 1779 καὶ
1421 1724 1690 1798 ἀγράφοις

115 1805 305 1875 μυήσεσι
331 1805 404 1860 τά
433 1807 573 1862 θεῖα
599 1812 753 1882 ἡμῖν
783 1811 1192 1882 παραδέδονται.

1787 649 2084 697 constant:
2117 643 2348 698 vicinam
2393 644 2557 700 etiam
2605 644 2801 701 caelesti
2861 644 3175 700 hierarchia:
3227 645 3367 702 dixit

1790 731 2029 803 Spiritus
2078 734 2532 802 illustrationem,
2561 751 2682 806 quae
2708 736 2760 792 ei
2807 736 2952 808 parti
2997 751 3120 807 qua:
3158 735 3364 807 princi-

1787 832 1972 896 patum
2004 834 2174 896 tenet,
2198 825 2299 882 fuit
2323 827 2506 884 insita.

1859 914 1936 972 De
1963 926 2135 972 mente
2182 918 2238 990 in
2283 927 2526 975 mentem.
2553 917 2689 975 Vide
2716 933 2780 975 ea
2825 934 2946 991 quae
2988 915 3168 974 medio
3195 917 3362 974 verbo

1787 1016 2048 1078 aguntur,
2084 1015 2140 1064 et
2184 1010 2351 1065 verbo
2397 1025 2510 1065 non
2557 1011 2762 1080 scripto
2807 1010 3064 1083 mysteria
3098 1026 3221 1067 esse
3249 1023 3373 1071 tra-.

1787 1098 1922 1154 dita.
1955 1099 2333 1156 Communiter
2374 1108 2555 1158 autem
2603 1102 2982 1173 accipiendum
3021 1110 3105 1159 est
3132 1104 3360 1159 verbum

1787 1192 1922 1257 hoc,
1968 1193 2328 1259 tradentibus;
2371 1196 2524 1265 signa
2569 1211 2699 1250 vero
2738 1212 2892 1250 sacra
2940 1195 3110 1262 dixit,
3138 1204 3362 1267 prOpter

1787 1285 2048 1354 mysteria
2097 1300 2219 1354 quae
2263 1285 2520 1357 deinceps
2559 1286 2808 1356 exposita
2848 1292 2998 1351 sunt,
3035 1302 3154 1358 qua:
3195 1287 3360 1342 etiam

1789 1376 2251 1446 contemplatione
2277 1377 2541 1432 elevativa
2563 1377 2727 1448 digna
2747 1386 2954 1433 censet.

1806 1521 1812 1526 _
1858 1461 2212 1522 Sensibilibus
2241 1467 2450 1538 ﬁguris.
2482 1466 2557 1522 De
2584 1466 2936 1537 imaginibus.

1860 1558 2015 1625 Quod
2041 1557 2315 1613 collectum
2338 1567 2436 1616 est.
2463 1557 2606 1616 Ecce
2627 1557 2917 1632 perspicue
2943 1557 3075 1632 quid
3104 1558 3175 1616 sit
3199 1559 3366 1614 ἐπτυ-

1787 1651 2006 1722 γμένον.

1859 1739 1984 1795 Non
2009 1741 2222 1811 scriptis
2249 1740 2691 1798 institutionibus.
2717 1740 2859 1798 Nota
2889 1741 3056 1798 etiam
3083 1756 3195 1799 non
3224 1742 3368 1800 scri-

1789 1831 1899 1904 ptis
1930 1830 2369 1887 institutionibus
2396 1830 2578 1886 divina
2603 1831 2764 1888 nobis
2792 1819 2960 1889 tradi:

163 1897 488 1994 Συμϐολικτξ
529 1916 652 1965 τις.
690 1898 818 1956 ’Ότι
855 1901 1154 1977 συμϐολικὴ
1184 1906 1279 1959 καὶ
1319 1905 1381 1972 ἐξ
1415 1907 1685 1980 αἰσθητῶν

1799 1897 1810 1904 ’
1860 1921 2187 1992 Symbolica.
2226 1921 2398 1988 Nota,
2428 1921 2576 1994 quod
2607 1923 2782 1993 signis
2815 1929 3002 1978 utatur
3037 1929 3092 1978 et
3132 1921 3362 1980 sensibi-

111 1987 136 2056 ἡ
162 1987 283 2041 κατά
306 1987 661 2061 ἀνθρώπους
693 1992 968 2065 ἱεραρχία·
1001 1995 1278 2050 τουτέστιν
1311 1997 1372 2050 ob
1400 1999 1622 2070 γυμνῶς
1642 1999 1688 2035 ’³

111 2077 258 2142 acroi;
299 2081 414 2144 τοῖς
469 2080 659 2146 θείοις
705 2084 1106 2157 ἐντυγχάνομεν
1153 2087 1502 2160 πράγμασιν,
1552 2089 1690 2146 ἀλλὰ

110 2166 179 2220 διὰ
217 2170 504 2240 συμϐόλων
539 2172 856 2245 τελούμενα
880 2175 948 2240 ⁸⁸,
978 2171 1088 2230 οἷον
1116 2178 1221 2233 τοῦ
1252 2180 1538 2247 ποτηρίου
1578 2179 1688 2250 τῆς

110 2258 373 2329 εὐλογίας,
402 2263 491 2327 ὥς
515 2281 697 2334 φησιν
727 2268 755 2320 ὁ
781 2267 1099 2333 Ἀπόστολος
1115 2308 1130 2335 ,
1160 2270 1256 2325 καὶ
1284 2271 1390 2327 τοῦ
1414 2270 1596 2340 ἄρτου
1613 2269 1690 2328 ὃν

111 2348 329 2420 κλῶμεν,
357 2355 461 2408 καὶ
492 2353 616 2409 τῶν
648 2355 879 2411 λοιπῶν.

174 2442 784 2516 Ἁνακεκαλυμμὲνοι.
817 2448 1077 2504 Τουτέστι
1120 2450 1420 2524 γνώριμοι,
1463 2453 1557 2507 καὶ
1585 2446 1689 2508 ὧν·

109 2551 240 2589 τινων
267 2538 634 2609 πραγμάτων
663 2542 764 2594 καὶ
796 2542 1106 2613 μυστηρίων
1134 2544 1269 2598 εἰσὶν
1297 2544 1630 2600 ὲνδεικτικοί.

167 2629 237 2682 Ob
272 2630 668 2700 μεταδώσεις
710 2633 911 2702 ἑτέρῳ.
949 2634 1069 2688 Ὅτι
1099 2636 1356 2706 ἀσφαλῶς
1386 2637 1467 2692 δεῖ
1505 2639 1687 2694 λαλεῖν

109 2717 164 2772 τὰ
191 2723 442 2790 μυστικά.

539 2820 659 2874 ΕΙΣ
698 2819 789 2874 ΤΟ
826 2822 1076 2876 ΚΕΦΑΛ.
1116 2822 1193 2877 B'.

163 2908 244 2981 §l.
274 2910 356 2985 [α]
408 2914 658 2978 Ταύτης
697 2911 786 2968 δέ.
816 2913 929 2985 Τῆς
961 2914 1096 2988 πρὸς
1138 2913 1271 2969 Θεὸν
1299 2913 1689 2987 ἀφομοιώσεώς

109 3015 157 3050 τε
179 3001 260 3054 καὶ
290 3002 556 3066 ὲνώσεως
582 3003 860 3074 δηλονότι.
1035 3019 1045 3021 ‘
1251 3069 1254 3072 η

165 3089 234 3164 [β]
282 3093 378 3161 Τίς
428 3095 556 3149 οὖν
603 3094 784 3148 ἐστιν
827 3095 983 3165 ἀρχή
1020 3095 1086 3151 ⁸⁸.
1144 3097 1341 3170 Ἀρχὴ,
1390 3098 1553 3170 φησι,
1596 3098 1689 3152 καὶ

110 3182 387 3257 ὁδοποίησις
419 3185 532 3258 τῆς
554 3185 705 3258 πρὸς
734 3185 864 3240 Θεὸν
903 3186 1227 3252 οἱκειώσεως
1266 3189 1360 3243 καὶ
1389 3189 1492 3261 τῆς
1528 3190 1690 3243 ἐπου-

110 3274 267 3340 ρανίου
296 3275 688 3348 κληρονομίας
723 3276 784 3330 τὸ
815 3277 954 3331 θεῖον
996 3279 1229 3352 ὑπάρχει
1261 3279 1561 3352 βάπτισμα·
1594 3280 1689 3334 καὶ

111 3366 198 3435 γὰρ
207 3367 400 3438 ἐὰνμή
416 3386 517 3434 τις
527 3367 807 3438 γεννηθῇ
826 3370 894 3435 ἐξ
908 3371 1123 3439 ὕδατος
1137 3371 1232 3426 καὶ
1245 3374 1602 3443 πνεύματος,
1616 3375 1689 3428 οὐ

106 3456 177 3526 μὴ
199 3459 287 3528 ἴδῃ
310 3461 429 3530 τὴν
443 3462 802 3528 ,ϐασιλείαν
823 3463 927 3518 τοῦ
955 3465 1145 3537 Θεοῦξ
1156 3463 1316 3519 Ὅθεν
1339 3465 1637 3538 μορφοῦται
1658 3467 1689 3520 ὁ

110 3551 198 3603 iam
225 3553 518 3625 ἄνθρωπος
551 3553 700 3625 πρὸς
726 3554 1007 3626 κρείττονα
1033 3557 1146 3623 ἕξιν
1173 3559 1266 3613 καὶ
1288 3561 1569 3631 σωτήριον,
1595 3559 1690 3613 καὶ

110 3641 199 3693 τῶν
223 3643 359 3698 κατά
401 3643 548 3699 Θεὸν
578 3644 760 3713 λόγων
784 3661 845 3698 τε
877 3646 972 3700 καὶ
1000 3649 1340 3720 πραγμάτων
1371 3649 1470 3722 τὴν
1501 3650 1691 3721 ἐπιτή-

111 3732 281 3788 δευσιν.

167 3823 240 3898 [γ]
293 3827 357 3881 Ἠ
401 3825 566 3896 πρὸς
614 3826 737 3895 τὴν
790 3826 908 3881 τῶν
950 3828 1174 3883 ἄλλων.
1208 3823 1348 3903 Τρία
1391 3832 1512 3886 τινά
1556 3850 1689 3905 φησι

107 3914 286 3972 δεῖσθαι
319 3921 464 3992 πρὸς
497 3919 609 3991 τὴν
639 3918 818 3990 ἀρχὴν
854 3919 962 3974 τῶν
999 3921 1250 3976 ἐντολῶν·
1285 3923 1384 3994 τὴν
1420 3923 1689 3996 ὑποδοχὴν

106 4008 197 4062 τῶν
213 4009 366 4066 θείων
395 4008 644 4082 λογίων,
676 4011 776 4084 τὴν
805 4015 1104 4084 κατήχησιν
1127 4015 1226 4087 τῆς
1256 4014 1403 4079 θείας
1430 4016 1687 4083 πίστεως,

105 4103 186 4154 καὶ
208 4103 304 4175 τὴν
335 4103 718 4176 ἀναγέννησιν
752 4104 851 4175 τὴν
874 4103 961 4158 διὰ
990 4107 1083 4160 τοῦ
1115 4105 1260 4160 θείου
1295 4105 1684 4177 βαπτίσματος.

105 4191 280 4258 Καλῶς
306 4190 400 4250 οὖν
446 4192 767 4260 ἀπέδειξεν,
799 4195 880 4248 ὅτι
917 4197 949 4266 ἡ
998 4202 1374 4273 προτιμωάτη
1420 4198 1512 4252 καὶ
1537 4197 1690 4276 ,ἐξαί-

107 4301 242 4354 ρετος
268 4287 489 4360 κίνησις
518 4286 622 4341 τοῦ
666 4285 759 4340 νοῦ
790 4288 822 4358 ἡ
863 4287 992 4359 περὶ
1022 4289 1158 4343 Θεὸν
1199 4289 1388 4362 ἀγάπη
1423 4287 1561 4343 ἐστί’
1593 4290 1689 4344 καὶ

105 4376 172 4430 ἇτι
202 4380 341 4451 ἀρχή
363 4381 452 4444 τίς
481 4383 607 4433 ἐστι
636 4379 740 4450 τῆς
764 4379 900 4450 πρὸς
919 4380 1048 4435 Θεὸν
1067 4383 1292 4455 ἀγάπης
1321 4384 1354 4456 ἡ
1385 4381 1505 4437 θεία
1531 4382 1688 4454 ἡμῶν

105 4467 443 4543 δημιουργία,
494 4470 783 4525 τουτέστιν
814 4474 846 4543 ἡ
887 4471 975 4525 διὰ
1011 4474 1109 4528 τοῦ
1147 4473 1520 4547 βαπτίσματος
1558 4476 1688 4528 ἀνα-

1786 2013 1932 2069 libus
1969 2019 2186 2069 constet
2235 2011 2516 2068 hominum
2564 2011 2907 2078 hierarchia,
2945 2012 3051 2067 hoc
3094 2019 3200 2078 est,
3249 2027 3362 2066 non

1785 2093 1929 2160 nude
1976 2120 2067 2160 res
2119 2105 2270 2174 ipsas
2298 2103 2517 2159 divinas
2558 2112 2896 2172 tractamus;
2941 2102 3037 2160 sed
3081 2118 3179 2174 per
3207 2103 3365 2174 signa

1785 2195 2130 2268 perlicimur,
2167 2195 2308 2250 sicut
2335 2195 2528 2250 calicis
2572 2195 2973 2262 benedictionis,
3002 2194 3362 2266 quemadmo-

1785 2290 1914 2344 dum
1955 2289 2031 2343 ait
2059 2288 2355 2358 Apostolus
2382 2299 2431 2354 α,
2475 2294 2530 2343 ct
2561 2288 2713 2356 panis
2746 2303 2900 2358 quem
2940 2287 3262 2359 frangimus,
3307 2293 3363 2342 et

1783 2378 2142 2448 reliquorum.

1857 2469 1962 2541 55
1991 2468 2238 2523 Detectte.
2271 2467 2326 2524 Id
2354 2473 2439 2524 est
2469 2477 2633 2532 notae,
2681 2475 2740 2524 et
2769 2482 3000 2540 quarum
3027 2481 3212 2523 rerum
3243 2480 3364 2538 my-

1786 2559 2189 2630 steriorumque
2212 2558 2324 2615 sint
2351 2556 2681 2613 indicativaa.

1859 2647 2211 2720 Nequaquam
2259 2647 2417 2702 alteri
2476 2645 2911 2703 communicabis.
2945 2643 3085 2713 Quia
3115 2644 3232 2702 sine
3265 2658 3364 2716 pc-

1785 2740 1961 2796 riculo
1989 2755 2052 2793 ac
2084 2746 2202 2795 tuto
2230 2739 2462 2812 mystica
2485 2738 2713 2795 dicenda
2742 2742 2890 2797 sunt.

2393 2829 2462 2886 IN
2494 2831 2647 2889 CAP.
2680 2829 2747 2888 Π.

1860 2926 1889 3000 ς
1917 2927 1960 2982 Ι.
1996 2924 2172 2996 Hujus
2203 2933 2400 2981 autem.
2437 2923 2660 2980 Scilicet
2690 2940 2816 2981 cum
2853 2921 2967 2980 Deo
2987 2922 3363 2981 similitudinis

1786 3005 1842 3076 ct
1867 3017 2149 3074 unitionis.

1809 3177 1813 3181 ι
1859 3108 2140 3178 Quodnam
2181 3116 2260 3164 est
2299 3107 2464 3177 igitur
2490 3109 2723 3165 initium.
2757 3107 3125 3180 Principium,
3156 3106 3358 3179 inquit,

1791 3211 1845 3260 et
1873 3204 1958 3258 via
1987 3201 2056 3258 ad
2091 3201 2333 3258 divinam
2362 3201 2787 3258 familiaritatem
2836 3202 3222 3272 caelestemque
3250 3200 3361 3256 bte-

1792 3295 2076 3351 reditatem
2112 3294 2330 3356 divinus
2370 3300 2455 3350 est
2493 3293 2820 3363 baptismus.
2863 3291 3075 3348 Etenim
3110 3293 3215 3346 nisi
3243 3291 3360 3362 quis

1791 3389 2003 3440 renatus
2032 3385 2190 3455 fuerit
2219 3402 2284 3439 ea:
2314 3402 2454 3456 aqua
2485 3395 2532 3438 et
2565 3385 2776 3455 spiritu,
2802 3400 2904 3442 non
2932 3381 3125 3437 videbit
3147 3398 3361 3452 regnum

1789 3475 1888 3530 Dei
1915 3477 1964 3532 ι’.
1997 3474 2184 3546 itaque
2223 3476 2492 3530 formatur
2520 3477 2750 3531 interior
2777 3475 2940 3531 homo
2981 3474 3050 3530 ad
3079 3473 3360 3529 meliorem

1791 3566 2034 3620 habitum
2053 3607 2068 3630 ,
2095 3573 2154 3622 'et
2195 3567 2492 3622 salutarem
2516 3565 2724 3637 Deique
2753 3566 3047 3622 verborum
3078 3571 3132 3620 et
3175 3577 3358 3619 rerum

1791 3656 2173 3727 aptitudinem.

1795 3831 1798 3834 ’
1863 3831 1964 3898 Εα,
1994 3849 2109 3904 qua:
2130 3831 2199 3886 ad
2230 3841 2560 3888 ca'terorum.
2592 3829 2722 3886 Tria
2760 3830 3023 3901 quaedam
3045 3829 3361 3887 necessaria

1789 3939 1912 3980 esse
1935 3923 2068 3979 dicit
2111 3926 2176 3979 ad
2229 3932 2622 3995 praeceptorum
2653 3923 3014 3994 principium;
3045 3935 3238 3993 nempe
3276 3922 3361 3975 di-

1788 4017 2040 4071 vinorum
2080 4015 2420 4087 Scriptorum
2451 4015 2930 4087 approbationem,
2961 4014 3360 4069 institutionem

1788 4107 1984 4165 divina:
2031 4107 2185 4176 ﬁdei,
2237 4106 2518 4177 divinique
2572 4105 2824 4177 baptismi
2869 4105 3356 4177 regenerationem.

1787 4201 1932 4256 Bene
1959 4201 2125 4273 igitur
2147 4200 2431 4272 probavit,
2457 4199 2970 4271 praastantissimum
2998 4198 3362 4270 praecipuum-

1787 4307 1895 4364 que
1939 4292 2138 4348 mentis
2187 4301 2395 4348 motum
2441 4308 2564 4348 esse
2611 4290 2706 4347 Dei
2739 4292 3092 4358 cbaritatem;
3119 4297 3175 4345 et
3201 4290 3362 4360 quasi

1787 4381 2118 4455 principium
2149 4382 2421 4452 quoddam
2471 4397 2594 4438 esse
2645 4381 2929 4435 charitatis
2977 4379 3072 4436 Dei
3118 4379 3361 4434 divinam

1789 4471 1968 4527 nostri
1996 4473 2354 4538 creationem,
2387 4471 2440 4526 id
2464 4480 2549 4527 est
2583 4486 2679 4542 per
2707 4471 3036 4542 baptismum
3070 4485 3363 4542 regenera-

105 4561 357 4633 γέννησις,
387 4562 517 4618 καθ’
552 4564 622 4634 ἥν
655 4562 814 4625 θείως
847 4558 984 4617 εἶναι
1019 4565 1320 4638 ἀρχόμεθα·
1361 4568 1394 4638 ἠ
1442 4565 1539 4637 μὲν
1576 4565 1684 4638 γάρ

1799 4565 2013 4626 tionem,
2045 4580 2152 4636 qua
2175 4564 2344 4620 divini
2376 4579 2497 4620 esse
2537 4564 2864 4634 incipimus;
2902 4565 3075 4620 nostri
3112 4564 3257 4617 enim
3294 4581 3364 4620 ex

104 4650 157 4706 ἐκ
203 4656 526 4727 σπέρματος
571 4655 733 4726 ἡμῶν
783 4655 1145 4728 δημιουργία,
1193 4659 1296 4712 κᾶν
1335 4659 1401 4712 ὲκ
1427 4658 1561 4712 Θεοῦ
1591 4657 1685 4730 δη-

104 4749 485 4817 μιουργοῦντος
516 4744 577 4822 ᾗ,
618 4747 734 4801 ἀλλ’
764 4744 858 4801 οὖν
905 4751 1110 4822 φυσική
1141 4750 1308 4802 ἐστιν·
1339 4753 1372 4822 ἡ
1411 4749 1468 4802 δὲ
1496 4752 1559 4804 ἐκ
1591 4750 1686 4821 βα-

104 4837 393 4907 πτίσματος
424 4839 571 4893 θείω
604 4840 678 4893 οὐ
704 4838 811 4909 γὰρ
838 4838 907 4904 ἐξ
933 4842 1198 4910 αἱμάτων
1229 4843 1400 4908 ἐστὶν,
1445 4843 1589 4897 οὐδὲ
1615 4844 1686 4899 ἐκ

103 4930 422 4999 θελήματος
443 4930 694 4998 ἀνδρός.
721 4930 926 5004 ’Ὥσπερ
946 4929 1038 4987 οὖν
1055 4937 1114 4988 ὲν
1129 4937 1192 5006 τῇ
1220 4937 1422 5007 φυσικῇ
1438 4937 1685 5009 γεννήσει

102 5016 171 5071 δεῖ
191 5022 408 5092 πρῶτον
437 5021 689 5094 ὑπάρξαι
724 5023 803 5086 είς
835 5023 896 5076 τὸ
922 5019 1084 5094 εἶναι,
1116 5025 1364 5092 καὶητὸτε
1392 5028 1685 5101 ἐνεργῆσαι

101 5111 162 5163 τὰ
191 5113 526 5186 κατάλληλα,
562 5113 661 5168 καὶ
693 5113 903 5180 παθεῖν,
954 5111 1066 5172 οἷον
1114 5115 1437 5188 ἀνθρώπους
1483 5119 1581 5188 μὲν
1614 5118 1685 5174 τά

103 5203 289 5270 οἰκεῖα,
323 5206 496 5276 ἄλογα
535 5205 595 5259 δὲ
629 5204 676 5237 ⁸⁵
703 5206 904 5276 ὁμοίως
949 5208 1016 5264 τὰ
1061 5209 1372 5280 πρόσφορα·
1419 5207 1562 5262 οὕτω
1589 5209 1684 5264 καὶ

103 5293 155 5347 ὲν
179 5299 246 5369 τῇ
279 5296 398 5370 θείᾳ
422 5297 522 5352 τοῦ
556 5297 927 5369 βαπτίσματος
963 5301 1325 5374 ἀναγεννήσει
1366 5301 1447 5355 δεῖ
1471 5301 1684 5374 πρῶτον

203 5461 234 5492 ι
262 5451 287 5505 ῐ
311 5451 442 5507 Cor.
477 5467 540 5518 Χ,
570 5450 662 5509 16.
725 5451 754 5493 1³
781 5451 941 5509 Joan.
964 5470 1050 5522 ιιι,
1081 5453 1139 5511 5.
1214 5455 1268 5497 1)*
1295 5456 1455 5514 Joan.
1489 5473 1526 5523 ι,
1554 5456 1643 5512 l3.

1787 4657 1996 4715 semine
2015 4657 2324 4728 productio,
2359 4657 2608 4728 quamvis
2636 4656 2745 4712 Deo
2774 4657 3108 4728 producente
3129 4656 3242 4722 ﬁat,
3281 4667 3363 4711 ta-

1785 4766 1912 4806 men
1939 4751 2205 4807 naturalis
2239 4758 2356 4819 est;
2388 4765 2453 4806 ea
2483 4759 2665 4808 autem
2693 4766 2813 4821 qua:
2841 4766 2908 4806 ex
2942 4751 3234 4821 baptismo,
3272 4750 3361 4804 di-

1786 4841 1915 4896 vina
1943 4858 1957 4894 :
1984 4860 2089 4897 non
2126 4843 2272 4898 enim
2309 4858 2373 4896 ea:
2412 4843 2752 4913 sanguinibus
2792 4851 2900 4908 est,
2930 4859 3023 4897 nec
3055 4857 3119 4896 ea:
3175 4842 3360 4896 volun-

1789 4945 1898 4990 tate
1927 4937 2026 4990 viri
2043 4937 2116 4991 δ’.
2149 4935 2220 4991 Ut
2252 4936 2415 5008 igitur
2439 4935 2494 4991 in
2519 4935 2757 4991 naturali
2787 4943 2912 4991 ortu
2936 4943 3152 5006 Oportet
3182 4935 3360 5005 primo

1788 5029 2050 5085 exsistere
2093 5029 2390 5094 nascendo,
2418 5037 2472 5085 et
2499 5029 2694 5084 deinde
2730 5037 2845 5084 tum
2882 5028 3099 5084 demum
3143 5027 3358 5097 operari

1788 5120 2188 5185 convenientia,
2217 5128 2270 5176 et
2315 5121 2464 5191 pati;
2501 5134 2562 5178 ut
2591 5121 2841 5178 homines
2871 5120 3090 5191 quidem
3115 5117 3358 5189 propria,

1789 5209 1946 5266 bruta
1976 5226 2106 5266 vero
2137 5212 2410 5277 similiter,
2443 5213 2800 5285 (hominibus)
2828 5213 2981 5268 utilia
3020 5231 3034 5262 :
3077 5215 3154 5264 sic
3187 5211 3242 5264 in
3275 5210 3361 5264 di-

1786 5303 1912 5358 vina
1949 5303 2204 5375 baptismi
2246 5305 2660 5376 regeneratione
2701 5314 2911 5378 oportet
2958 5303 3191 5376 primum
3246 5301 3358 5357 Deo

1017 5600 1266 5658 VARIE
1301 5600 1690 5660 LECTIONES
1735 5600 1824 5657 ET
1858 5593 2411 5662 CORRECTIONES.

188 5785 236 5818 ”
262 5783 694 5858 παραδεδομένα,
787 5783 833 5816 ⁸³
859 5783 1016 5858 τοῦτό
1045 5759 1212 5855 φησιν
1240 5785 1321 5841 ὅτι
1351 5789 1413 5841 οὐ
1443 5784 1707 5858 γυμνῶς,
1783 5786 1830 5818 ⁸⁸
1847 5783 2182 5858 τελούμεθαᾼη
2200 5853 2212 5858 _
2242 5782 2496 5858 _"_olorei
2521 5779 2631 5849 τῆς
2661 5778 2810 5850 πρὸς
2844 5776 2998 5838 Θεὸν
3019 5775 3379 5837 ἁναϐἀσεω

124 5860 213 5912 καὶ
238 5853 494 5927 ἀγάπης.
531 5853 932 5922 Quodammodo
971 5853 1225 5914 ascensus
1275 5858 1331 5912 in
1377 5853 1545 5912 Deum
1572 5867 1621 5912 et
1663 5875 1685 5913 c

1799 5859 1960 5914 itatis.
2006 5853 2018 5858 ⁷
2058 5856 2105 5888 ’⁸
2133 5853 2267 5908 ἀλλά
2292 5853 2370 5912 δέ.
