3860 6530
499 418 605 476 123

1259 414 1619 474 APPENDIX
1654 417 1749 473 AD
1784 417 2013 476 OPERA
2049 418 2107 474 S.
2143 415 2444 474 DlONYSll
2480 406 2962 474 ΑΒΕΟΡΔΕΙΤίΕ.

3641 411 3748 467 124

498 538 790 599 exsistere,
836 533 1032 592 deinde
1079 534 1200 604 ejus
1242 536 1567 590 charitatem
1603 536 1842 607 operari,
1872 543 1928 592 et
1975 551 2074 591 cae-

2212 535 2298 606 ῠεῷ
2325 531 2582 605 ὑπάρξαι,
2610 532 2706 586 καὶ
2731 533 2849 586 τότε
2874 529 3160 604 ἐνεργῆσαι
3183 527 3280 600 τὴν
3313 527 3534 599 ἀγάπην
3562 525 3747 589 αὖτοῦ,

498 639 616 686 tera
647 629 716 684 ad
752 629 888 684 bene
919 629 1207 684 vivendum
1233 630 1618 686 conducentia.

575 721 646 776 Ut
673 721 810 775 enim
841 719 1088 790 inclytus.
1115 719 1340 776 Beatum
1372 720 1724 776 llierotheum
1754 720 1910 786 dicit,
1931 722 2075 777 sicut

497 829 642 886 saepe
670 815 724 868 in
749 811 1182 883 praecedentibus
1203 814 1550 869 sermonibus
1579 813 1896 869 declaravit.

571 905 760 960 Prima
813 905 1000 959 motio.
1051 903 1317 970 Quisnam
1377 905 1452 961 sit
1517 905 1825 976 pmcipuus
1875 904 2075 962 mentis

497 1003 706 1055 motus.

565 1088 789 1146 Divinas
833 1098 1028 1146 status.
1075 1089 1134 1146 ld
1182 1093 1272 1146 est
1319 1089 1663 1162 regeneratio
1718 1104 1816 1159 per
1866 1088 2074 1159 baptis-

495 1196 669 1236 mum.
1358 1207 1361 1209 ‘

571 1272 1029 1343 Ine/fabiiiuima.
1076 1271 1135 1328 id
1175 1281 1260 1330 est
1306 1290 1403 1345 per
1438 1275 1769 1344 baptismum
1800 1273 1988 1344 rel‘mgi
2018 1281 2072 1328 et

495 1366 828 1437 regenerari,
852 1367 995 1422 sicut
1017 1374 1204 1436 postea
1228 1367 1469 1436 exponit.

568 1455 838 1512 Exsistere
873 1468 1092 1527 oportet.
1131 1457 1287 1525 Quod
1325 1459 1700 1516 exsistenliam
1737 1457 1851 1530 56
1875 1473 2074 1514 secun-

438 1610 440 1612 τ
495 1548 625 1604 dum
677 1557 967 1616 naturam,
1013 1550 1194 1620 ipsum
1237 1551 1537 1607 secundum
1574 1565 1696 1606 eam
1739 1547 1953 1620 operari
1986 1562 2075 1604 se-

435 1625 442 1671 ⁵
495 1648 718 1711 quatur.

564 1733 770 1788 Divina?
799 1735 1223 1804 regenerationis.
1260 1734 1374 1790 Hoc
1401 1742 1487 1791 est
1515 1735 1788 1805 baptismi.

565 1827 608 1880 A
642 1827 753 1882 sole
784 1827 1086 1897 fabricatis.
1125 1828 1524 1900 Splendoribus
1566 1844 1706 1899 quos
1757 1828 1840 1884 sol
1893 1827 2024 1883 facit
2055 1845 2070 1884 :

495 1917 704 1973 indicat
733 1930 912 1975 autem
941 1921 1145 1977 radios.

569 2010 596 2081 ᾗ
649 2009 713 2066 ll.
767 2011 976 2067 Oziam.
1029 2012 1169 2068 Nota
1217 2027 1465 2084 quaenam
1527 2012 1846 2069 acciderunt
1890 2011 2072 2082 (hia,

491 2102 634 2158 Core
672 2111 725 2158 et
754 2103 960 2160 Nadab.

564 2195 874 2267 Evangelia.
909 2196 1168 2264 Quaenam
1195 2213 1322 2254 vero
1349 2197 1492 2253 bona
1513 2199 1724 2254 nuntia.

569 2289 995 2346 Humanitatem.
1023 2289 1164 2344 Nota
1195 2291 1262 2346 de
1301 2292 1730 2362 dispensatione,
1765 2308 1864 2349 seu
1891 2292 2075 2350 incar-

491 2383 736 2437 natione.

563 2475 935 2544 Conformare.
1009 2473 1116 2532 Per
1190 2475 1351 2533 ﬁdem
1397 2476 1642 2544 scilicet,
1693 2477 1840 2534 sicut
1884 2487 2075 2556 postea

490 2579 784 2624 monstrat.

565 2659 670 2724 Qui
719 2659 907 2714 horum
955 2671 1124 2716 autat.
1175 2659 1313 2715 Eum
1361 2661 1455 2732 qui
1505 2677 1682 2733 nuper
1733 2662 1987 2730 credidit,
2019 2671 2074 2720 et

493 2749 761 2807 illustrari
811 2753 1011 2818 voluit,
1065 2753 1200 2809 dicit
1234 2770 1256 2806 ι
1286 2753 1561 2809 initiatum
1612 2763 1828 2823 autem,
1877 2755 1934 2810 id
1989 2763 2076 2814 est

496 2843 898 2908 Christianum,
922 2852 975 2900 et
1012 2845 1104 2916 qui
1137 2845 1376 2916 perfecte
1397 2845 1592 2902 credit.

565 2933 688 3004 Ipse
715 2945 890 2989 autem
922 2937 1138 3008 integre.
1173 2937 1250 2993 De
1281 2953 1431 2993 nunc
1459 2938 1608 2993 dicto
1634 2947 1955 3011 susceptore
1980 2955 2073 2997 re-

492 3035 684 3082 ccnter
712 3029 1134 3095 illustratorum,
1169 3046 1268 3086 seu
1293 3031 1716 3101 baptizatorum.

569 3119 820 3190 Obsequi.
855 3119 1167 3176 Secundum
1214 3123 1348 3177 illud
1389 3122 1536 3194 quod
1581 3123 1636 3177 in
1675 3123 1793 3196 lege
1821 3123 2022 3180 dicitur
2053 3139 2069 3176 :

471 3207 554 3263 'ln
586 3210 842 3265 omnibus
873 3211 1158 3266 audiemus
1188 3227 1378 3268 vocem
1409 3211 1645 3269 Domini.

568 3299 864 3370 Suscipere.
895 3301 1032 3356 Eum
1082 3303 1176 3373 qui
1222 3310 1447 3374 rogatus
1491 3312 1612 3372 est,
1655 3312 1714 3360 ut
1745 3305 2071 3378 susciperet,

498 3394 644 3448 unde
673 3397 837 3448 etiam
869 3403 1157 3466 susceptor
1181 3397 1401 3454 dicitur.

568 3484 844 3539 Summum
873 3488 1218 3546 sacerdotem.
1245 3490 1304 3545 ld
1333 3499 1416 3546 est
1441 3491 1777 3564 episcopum.

572 3575 600 3647 ᾗ
633 3573 720 3632 lll.
751 3577 990 3632 Duorum
1020 3581 1274 3635 virorum.
1311 3579 1402 3636 Sic
1431 3583 1807 3653 componenda
1833 3591 1919 3640 est
1959 3583 2076 3639 haec

501 3670 772 3724 sententia
807 3689 819 3726 :
852 3670 999 3728 Duos
1028 3673 1176 3729 viros
1199 3713 1214 3737 ,
1245 3675 1402 3744 quasi
1443 3675 1500 3730 in
1538 3677 1797 3732 humeros
1826 3692 1929 3733 ove
1973 3677 2079 3731 im-

497 3761 697 3828 posita,
739 3767 798 3815 ut
827 3763 899 3817 sit
935 3778 1001 3817 ex
1027 3763 1240 3820 duobus
1271 3765 1606 3834 hominibus,
1642 3776 1965 3838 susceptore
1991 3767 2078 3822 in-

497 3868 662 3922 quam
713 3863 768 3908 et
819 3855 1147 3921 accedente,
1193 3856 1334 3911 intra
1391 3859 1718 3924 ecclesiam,
1774 3860 2077 3930 suscipiens

455 4024 458 4027 ‘
497 3943 646 4000 hunc
686 3954 941 4018 tanquam
992 3965 1146 4004 ovem
1194 3951 1496 4022 perditam,
1546 3953 1668 4022 ipso
1713 3952 2075 4024 (susceptore)

497 4036 645 4092 hunc
673 4039 741 4094 ab
769 4055 953 4096 errore
980 4050 1358 4108 convertente.
1394 4043 1692 4114 Susceptor
1717 4044 1865 4099 enim
1901 4043 2077 4100 ﬁdelis

495 4139 636 4195 erat,
665 4147 766 4187 nec
795 4133 842 4188 ei
865 4143 985 4188 erat
1013 4149 1238 4191 necesse
1272 4135 1523 4202 admitti;
1557 4150 1706 4190 nunc
1733 4135 1937 4205 gratias
1967 4136 2078 4206 agit

498 4219 611 4275 Deo
638 4222 951 4292 episcopus.
999 4222 1058 4278 Si
1101 4225 1248 4279 enim
1292 4225 1366 4278 ita
1415 4231 1810 4294 componatur,
1843 4224 2076 4279 duorum

498 4314 741 4368 virorum
767 4301 1104 4386 suscipiens,
1129 4317 1290 4387 plane
1313 4316 1660 4372 soloecismus
1686 4316 1809 4369 erit.

572 4403 718 4476 [Vox
744 4405 946 4477 ὲσέφθη
975 4406 1058 4460 hic
1095 4408 1308 4474 ponitur
1347 4423 1442 4476 pro
1478 4404 1771 4476 ἐσεϐάσθη,
1799 4416 2073 4460 veneratus

497 4495 621 4568 est.]

2176 624 2271 678 καὶ
2291 623 2361 676 τὰ
2387 621 2552 677 λοιπά
2580 622 2718 694 πρὸς
2745 622 2993 686 εὐζωῖαν.

2258 713 2350 778 Ὡς
2380 712 2490 782 γὰρ
2539 713 2572 765 ὁ
2608 711 2865 776 κλεινός.
2897 709 3000 762 Τὸν
3051 705 3317 778 μακάριον
3369 701 3626 774 Ἱερόθεον
3663 699 3752 752 λέ-

2174 821 2282 874 γει,
2313 803 2389 867 ὡς
2419 801 2678 864 πολλάκις
2703 799 2965 870 ἐδήλωσεν
2997 799 3055 851 ὲν
3077 799 3190 862 τοῖς
3218 793 3451 868 πρόσθεν
3477 790 3673 860 λόγοις.

2246 894 2554 963 Πρωτίστη
2583 893 2841 959 κίνησις.
2872 891 2970 954 Τίς
2995 891 3030 963 ὴ
3066 887 3342 961 ἐξαίρετός
3378 886 3495 939 ἐστι
3535 883 3751 953 κίνησις

2173 987 2268 1041 τοῦ
2297 985 2410 1040 νοῦ.
3455 1003 3468 1012 ·

2257 1077 2325 1131 Ἡ
2347 1076 2454 1130 τοῦ
2482 1074 2638 1131 εἶναι
2683 1075 2868 1141 θείως.
2901 1072 3188 1127 Τουτέστιν
3216 1071 3252 1142 ἠ
3292 1067 3382 1124 διὰ
3414 1066 3512 1122 τοῦ
3558 1064 3752 1136 βαπτί-

2176 1185 2379 1240 σματος
2407 1168 2778 1238 ἁναγέννησις.

2257 1259 2659 1331 Ἀρῤητοτάτη.
2692 1258 2948 1312 Τουτέστι
2991 1257 3055 1311 ab
3097 1256 3184 1310 διὰ
3215 1252 3588 1327 βαπτίσματος
3615 1251 3756 1305 ἀνα-

2175 1350 2474 1422 πλασθῆναι
2505 1351 2600 1404 καὶ
2627 1346 3078 1419 ἀναγεννηθῆναι,
3109 1344 3184 1408 ὡς
3215 1343 3364 1416 δηλοῖ
3389 1340 3612 1414 ἑφεξῆς.

2258 1441 2534 1510 Ὑπάρξαι
2586 1439 2694 1496 δεῖ.
2757 1442 2878 1493 Ὀτι
2933 1436 3216 1492 ἀκολουθεῖ
3267 1435 3334 1506 τῇ
3391 1431 3535 1487 κατά
3589 1432 3751 1501 φύσιν

2175 1533 2426 1607 ὑπάρξει,
2459 1532 2521 1586 τὸ
2542 1533 2664 1587 κατ’
2689 1531 2857 1602 αὐτὴν
2887 1530 3147 1600 ἐνεργεῖν.

2246 1713 2652 1783 Θεοτενεσίας.
2689 1708 2948 1764 Τουτέστι
2979 1705 3074 1759 τοῦ
3112 1702 3500 1775 βαπτίσματος.

2255 1807 2702 1871 Ἠλιοτεύκτοις.
2735 1802 2867 1866 Ταῖς
2895 1801 3090 1870 αὐγαῖς
3117 1799 3185 1864 ἃς
3217 1801 3246 1853 ό
3274 1798 3425 1869 ἥλιος
3453 1796 3500 1831 ³⁷
3529 1792 3711 1864 τεύχει
3737 1809 3751 1822 ’

2103 1893 2147 1949 Β
2174 1895 2323 1970 δηλοῖ
2347 1897 2405 1951 δὲ
2431 1895 2531 1960 τὰς
2558 1896 2797 1957 ἀκτῖνας.
2885 1888 2895 1902 ’

2246 1988 2274 2061 §
2311 1990 2379 2043 ll.
2426 1987 2538 2042 Τὸν
2575 1986 2691 2057 μὲν
2731 1984 2931 2046 Ὀζῖαν.
2990 1981 3300 2054 Σημείωσαι
3349 1978 3421 2033 τά
3469 1976 3610 2032 κατὰ
3661 1975 3756 2027 τὸν

2188 2076 2393 2146 Ὀζιαν,
2427 2077 2523 2132 καὶ
2549 2077 2640 2130 τὸν
2668 2075 2834 2146 Κορὲ,
2866 2074 2960 2128 xal.
2985 2072 3076 2127 τὸν
3103 2070 3309 2126 Ναδάὁ.

2243 2169 2594 2242 Εὐαττέλια.
2625 2168 2757 2222 Τίνα
2792 2166 3084 2236 εὐαγγέλια
3115 2162 3349 2236 ἀληθῶς.

2247 2263 2718 2332 eiulat-optantur.
2742 2260 3052 2332 Σημεὶωσαι
3080 2257 3329 2329 περὶτῆς
3354 2254 3682 2326 οἰκονομίας.

2261 2463 2660 2535 Ἀφομοιῶσαι.
2689 2462 2789 2516 Δ·ιά
2818 2461 2918 2533 τῆς
2951 2461 3186 2524 πίστεως
3214 2458 3456 2530 δηλονότι
3477 2499 3492 2526 ,
3521 2457 3596 2521 ὡς
3626 2459 3756 2527 ἐφε-

2179 2557 2274 2630 ξῆς
2302 2557 2521 2630 [511W]-

2248 2648 2330 2721 [a]
2386 2649 2438 2702 Ὁ
2478 2647 2704 2702 τούτων
2750 2644 3090 2714 ἀγαπήσας.
3141 2641 3244 2696 Τὸν
3295 2641 3490 2696 νεωστὶ
3536 2640 3760 2694 moesti-

2178 2757 2342 2794 σαντα
2368 2739 2462 2792 καὶ
2485 2737 2702 2794 θέλοντα
2734 2734 3067 2806 φωτισθῆναί
3112 2749 3262 2804 φησι⁹
3298 2730 3643 2810 μεμυημένον
3677 2730 3760 2796 δὲ,

2174 2827 2419 2883 τουτέστι
2442 2827 2783 2900 Χριστιανὸν,
2803 2827 2896 2880 καὶ
2921 2825 3139 2887 τελείως
3160 2821 3370 2875 πιστόν.

2248 2921 2330 2995 [β]
2379 2922 2572 2988 Αὐτὸς
2616 2920 2685 2974 δὲ
2742 2918 2979 2986 ὀλικῶς.
3023 2917 3162 2990 Περὶ
3201 2915 3293 2970 τοῦ
3322 2915 3439 2970 νυνὶ
3463 2915 3756 2986 λεγομένοις

2174 3013 2434 3085 ἀναδόχου
2458 3013 2566 3067 τῶν
2596 3011 2987 3084 νεοφωτίστων.

2247 3103 2332 3179 [γ]
2386 3102 2948 3172 Ἐπακολουθήσειν.
2978 3100 3137 3156 Κατά
3175 3101 3237 3156 τὸ
3267 3099 3553 3172 εἰρημένον
3595 3100 3654 3152 ἐν
3683 3099 3761 3170 τῷ

2121 3239 2143 3265 ,
2175 3197 2324 3270 νόμῳ
2345 3214 2360 3230 ⁸
2391 3196 2549 3251 Κατά
2576 3195 2757 3251 πάντα
2781 3193 3126 3266 ἀκουσόμεθα
3154 3193 3254 3263 τῆς
3283 3193 3468 3262 φωνῆς
3493 3191 3723 3263 Κυρίου.

2247 3287 2321 3362 [δ]
2375 3287 2815 3353 Ἀναδέξασθαι.
2875 3285 2979 3340 Τὸν
3027 3284 3317 3356 αἰτηθέντα
3375 3283 3756 3355 ἀναδέξασθαιο

2175 3380 2298 3435 ὃθεν
2331 3381 2424 3436 καὶ
2452 3381 2710 3453 ἀνάδοχος
2735 3380 2971 3450 λέγεται.

2259 3470 2576 3541 Ἰεραρχίας
2601 3471 2936 3540 ἐπώνυμον.
2980 3470 3260 3542 Ἰεράρχην
3291 3468 3514 3541 δηλαδή.

2179 3567 2191 3584 ⁹
2247 3562 2395 3636 §lll.
2429 3561 2505 3635 [ε]
2555 3562 2686 3618 Teir
2714 3561 2979 3630 ἀνδροῖν.
3015 3563 3135 3615 ’Ότι
3180 3559 3320 3614 οΰτω
3367 3559 3451 3613 δεῖ
3491 3558 3762 3613 συνθεῖναι

2176 3655 2275 3727 τὴν
2308 3655 2485 3727 ῥῆσινο
2518 3655 2644 3709 Τοῖν
2680 3654 2914 3728 ἀνδροῖν,
2943 3653 3018 3717 ὡς
3062 3653 3148 3705 ἐπ’
3191 3649 3355 3721 ὤμων
3400 3650 3462 3704 τὸ
3490 3650 3765 3722 πρόὸατον

2177 3748 2587 3818 εἱσδεξάμενος,
2630 3748 2717 3802 ἵνα
2820 3748 2885 3800 ἐκ
2911 3747 3018 3799 τῶν
3044 3744 3137 3798 δύο
3165 3743 3394 3815 ἀνδρῶν,
3421 3742 3516 3797 τοῦ
3546 3760 3602 3796 τε
3629 3743 3763 3796 ἀνα-

2176 3841 2332 3912 δόχου
2379 3840 2521 3910 φημὶ
2567 3837 2782 3893 καὶτοῦ
2827 3837 3235 3911 προσελθόντος,
3277 3837 3408 3889 εἴσω
3429 3837 3531 3906 τῆς
3558 3835 3760 3906 ἐκκλη-

2179 3932 2318 3995 σίας,
2366 3929 2657 4000 δεξάμενος
2705 3928 2876 4004 αὐτὴν
2923 3929 2970 3961 ⁸⁸
3024 3928 3101 3991 ὡς
3147 3925 3418 3999 πρόϐατον
3462 3924 3756 3988 ἀπολωλός·

2177 4022 2344 4079 αὐτοῦ
2389 4022 2578 4076 τοῦτον
2622 4024 2685 4077 ὲκ
2737 4021 2940 4093 πλάνης
2991 4019 3518 4092 ὲπιστρέφοντος’”·
3575 4019 3602 4070 ὁ
3651 4017 3762 4088 γὰρ

2178 4115 2435 4185 ἀνάδοχος
2465 4115 2656 4178 πιστὸς
2683 4109 2772 4186 ἦν,
2803 4115 2899 4168 καὶ⁵
2937 4114 3036 4166 οὐκ
3077 4113 3244 4165 ἐδεῖτο
3274 4109 3630 4178 εἰσδεχθῆναι·
3663 4109 3760 4160 νῦν

2176 4209 2489 4281 εὐχαριστεῖ
2516 4207 2594 4279 τῷ
2619 4207 2738 4277 Θεῷ
2775 4207 2803 4259 ό
2837 4206 3030 4278 ἱερεύς.
3062 4207 3125 4258 Εἰ
3154 4203 3260 4274 γὰρ
3287 4201 3428 4254 οὕτω
3459 4199 3757 4269 συντεθείη,

2175 4303 2288 4355 τοῖν
2314 4301 2525 4372 ἀνδροῖν
2554 4299 2951 4369 εἰσδεξάμενος,
2986 4295 3223 4349 σολοικδν
3254 4294 3406 4348 ἔσται
3438 4294 3598 4345 πάνυ.

2247 4389 2558 4463 [Ὲσέφθη,
2587 4387 2708 4442 ἀντὶ
2733 4385 2827 4440 τοῦ
2856 4381 3202 4455 ἐσεϐάσθψ]

573 4587 841 4656 Spiritali,
874 4606 966 4643 seu
990 4590 1228 4644 mentali.
1265 4588 1553 4645 Mentalem
1579 4588 1878 4660 gratiarum
1906 4589 2074 4644 actio-

2249 4592 2352 4646 Διὰ
2382 4590 2614 4660 νοερᾶς.
2639 4587 2851 4658 Νωράν
2880 4584 3229 4657 εὐχαριστίαν
3258 4580 3391 4652 φησὶ
3411 4580 3510 4649 τὴν
3550 4593 3757 4646 σιωπη-

500 4695 626 4734 nem
679 4680 814 4734 dicit
865 4681 1086 4734 tacitam
1137 4687 1191 4735 et
1236 4695 1360 4749 quae
1409 4687 1590 4735 mente
1615 4680 1674 4734 ﬁt
1708 4696 1722 4732 :
1755 4695 2074 4750 corpoream

498 4784 629 4824 vero
662 4769 933 4824 inclinans
964 4781 1148 4839 caput,
1173 4779 1226 4824 ct
1250 4769 1416 4825 Deum
1449 4772 1706 4829 adorans.

572 4859 601 4930 §
636 4857 728 4913 IV.
763 4859 984 4915 Omnem
1019 4879 1232 4915 sacrum
1271 4862 1528 4918 ordinem.
1567 4863 1681 4920 Hoc
1729 4876 1815 4922 est
1853 4868 2074 4924 univer-

497 4968 621 5007 sum
656 4952 883 5006 clerum.

574 5041 846 5112 Hymnum
878 5043 1127 5114 aliquem.
1157 5042 1296 5098 Nota
1319 5059 1385 5100 ex
1408 5047 1557 5102 omni
1593 5047 1878 5119 Scriptura
1913 5065 2076 5120 posse

499 5135 764 5208 hymnum
793 5144 846 5190 et
871 5137 1087 5193 laudem
1109 5138 1288 5194 oll‘erri
1317 5138 1450 5205 Deo,
1472 5156 1583 5196 non
1613 5145 1802 5213 utique
1837 5158 1905 5198 ex
1957 5145 2076 5200 solo

500 5228 728 5284 Davide.
755 5227 1046 5297 Praeterea,
1091 5231 1351 5303 hymnum
1381 5235 1638 5306 aliquem,
1681 5245 1776 5292 aut
1799 5239 2075 5293 canticum

500 5323 686 5379 Maria:
734 5322 936 5395 Moysis
993 5324 1233 5390 sororis,
1292 5325 1574 5383 Cantemus
1617 5329 1845 5383 Domino
1888 5340 1937 5393 ο,
1990 5328 2075 5382 vel

502 5415 774 5484 psalmum
791 5415 1132 5486 trigesimum
1154 5418 1372 5473 tertium
1392 5419 1636 5486 Davidis,
1671 5427 1765 5474 aut
1796 5419 1916 5488 ejus
1947 5433 2075 5488 par-

499 5513 611 5562 tem
646 5523 659 5559 :
698 5508 942 5566 Accedite
963 5510 1032 5565 ad
1061 5528 1200 5578 eum,
1230 5522 1281 5567 et
1308 5513 1705 5568 illuminamini.

574 5633 598 5662 δ
642 5623 812 5681 Exod.
841 5641 932 5693 xv,
993 5627 1046 5685 1.

2177 4684 2273 4756 λὴν
2304 4686 2397 4738 καὶ
2419 4685 2478 4736 ὲν
2504 4682 2583 4753 τῷ
2611 4679 2686 4751 νῷ
2723 4679 3032 4750 γινομένηνο
3079 4672 3416 4745 σωματοειδῆ
3444 4672 3530 4734 δὲ,
3560 4668 3758 4722 κλίνων

2177 4774 2275 4844 τὴν
2304 4773 2372 4804 ¹⁰⁰
2401 4771 2639 4842 κεφαλὴν
2667 4771 2762 4823 καὶ
2789 4767 3107 4840 προσκυνῶν
3133 4765 3221 4817 τὸν
3251 4763 3400 4816 Θεόν.

2251 4867 2279 4940 §
2305 4865 2396 4922 ιγ.
2429 4865 2642 4921 Ιιᾶσιιν
2674 4863 2838 4933 ἱερὰν
2870 4859 3289 4928 διακόσμησιν.
3319 4855 3605 4908 Τουτέστιν
3633 4852 3759 4905 ὅλον

2179 4959 2270 5013 τὸν
2303 4959 2520 5029 κλῆρον.

2253 5045 2328 5119 [ξ]
2376 5047 2593 5114 Ὕμνον
2633 5041 2788 5110 ,τινά-
2839 5040 3184 5112 Σημείωσαι,
3215 5039 3297 5091 ὃτι
3341 5037 3406 5089 ὲκ
3444 5035 3622 5105 πάσης
3654 5033 3757 5101 τῆς

2176 5137 2398 5209 Γραφῆς
2426 5135 2648 5188 δυνατὸν
2675 5134 2840 5205 ὕμνον
2874 5131 3202 5203 προσφέρειν
3248 5127 3326 5198 τῷ
3370 5127 3490 5197 Θεῷ
3511 5167 3525 5190 ,
3554 5125 3610 5178 οὐ
3647 5123 3757 5194 μὴν

2179 5234 2243 5284 ἐκ
2277 5229 2437 5300 μόνου
2467 5228 2560 5282 τοῦ
2585 5226 2765 5280 Δαυίδ.
2798 5225 3007 5286 Ἀλλως
3053 5221 3221 5294 ὕμνον
3249 5219 3391 5286 τινὰ,
3422 5219 3457 5290 ἦ
3485 5219 3582 5289 τὴν
3608 5214 3757 5286 ᾠδὴν

2177 5320 2395 5391 Μαρίας
2439 5318 2539 5387 τῆς
2583 5315 2815 5385 ἀδελφῆς
2843 5313 3106 5377 Μωσέως,
3132 5313 3406 5383 ’ᾼσωμεν
3427 5309 3506 5376 τῷ
3533 5307 3754 5373 Κυρίῳ.

2177 5412 2210 5483 ἢ
2241 5411 2332 5466 τὸν
2359 5407 2677 5480 τριακοστὸν
2717 5405 2895 5476 τριτον
2936 5404 3030 5457 τοῦ
3059 5403 3218 5456 Δαυὶδ
3244 5402 3478 5474 ψαλμὸν,
3509 5401 3541 5472 ἦ
3585 5397 3756 5471 μέρος

2177 5504 2365 5557 τούτου
2387 5540 2400 5564 ,
2433 5497 2800 5567 Προσέλθετε
2845 5497 2992 5564 πρὸς
3022 5495 3227 5558 αὐτὸν,
3259 5495 3357 5548 καὶ
3395 5494 3752 5565 φωτίσθητε.

1462 5741 1701 5800 VARIIE
1734 5730 2120 5793 LECTIONES
2153 5727 2240 5782 ΕΤ
2276 5719 2828 5782 CORRECTIONES.

574 5896 614 5932 ’⁷
637 5898 730 5964 τὰς
759 5902 928 5972 αὖγᾶς
967 5905 1031 5968 ἃς
1059 5905 1086 5960 ό
1116 5906 1283 5976 ἥλιος.
1352 5904 1398 5937 ⁵⁸
1427 5903 1608 5958 αὐτόν.
1677 5901 1722 5933 ⁹⁹
1757 5896 2189 5967 ἐπιστρέφοντος.
2262 5895 2326 5928 ¹⁰⁰
2360 5889 2749 5961 προσκύνησιν,
2802 5883 2986 5954 ἐπειδὴ
3031 5881 3196 5937 κλίνει
3228 5884 3347 5955 τήν.
