  <div class='ocr_page' id='page_1' title='image "/cluster/home/n/w/nwhite01/storage/ocr_20150623/4/hvd.32044014713200/070.png"; bbox 0 0 3860 6534; ppageno 0'>
   <div class='ocr_carea' id='block_1_1' title="bbox 99 447 228 504">
    <p class='ocr_par' dir='ltr' id='par_1_1' title="bbox 99 447 228 504">
     <span class='ocr_line' id='line_1_1' title="bbox 99 447 228 504; baseline -0.054 0"><span class='ocrx_word' id='word_1_1' title='bbox 99 447 228 504; x_wconf 42' lang='lat'><strong>135.</strong></span> 
     </span>
    </p>
   </div>
   <div class='ocr_carea' id='block_1_2' title="bbox 806 437 2602 519">
    <p class='ocr_par' dir='ltr' id='par_1_2' title="bbox 806 437 2602 519">
     <span class='ocr_line' id='line_1_2' title="bbox 806 437 2602 519; baseline 0 -19"><span class='ocrx_word' id='word_1_2' title='bbox 806 444 1149 505; x_wconf 71' lang='lat' dir='ltr'><strong>5.;HAXIMI</strong></span> <span class='ocrx_word' id='word_1_3' title='bbox 1179 443 1480 502; x_wconf 77' lang='lat' dir='ltr'><strong>SCHOLIA</strong></span> <span class='ocrx_word' id='word_1_4' title='bbox 1507 443 1745 519; x_wconf 49' lang='lat' dir='ltr'><strong>1N-LIB.</strong></span> <span class='ocrx_word' id='word_1_5' title='bbox 1787 444 1878 500; x_wconf 87' lang='lat' dir='ltr'><strong>DE</strong></span> <span class='ocrx_word' id='word_1_6' title='bbox 1909 443 2193 502; x_wconf 79' lang='lat' dir='ltr'><strong>ECCLES.</strong></span> <span class='ocrx_word' id='word_1_7' title='bbox 2219 437 2602 504; x_wconf 21' lang='lat' dir='ltr'><strong>‘HIERARCH.</strong></span> 
     </span>
    </p>
   </div>
   <div class='ocr_carea' id='block_1_3' title="bbox 3230 442 3335 501">
    <p class='ocr_par' dir='ltr' id='par_1_3' title="bbox 3230 442 3335 501">
     <span class='ocr_line' id='line_1_3' title="bbox 3230 442 3335 501; baseline 0 0"><span class='ocrx_word' id='word_1_8' title='bbox 3230 442 3335 501; x_wconf 59' lang='lat'><strong>{26</strong></span> 
     </span>
    </p>
   </div>
   <div class='ocr_carea' id='block_1_4' title="bbox 145 555 1677 635">
    <p class='ocr_par' dir='ltr' id='par_1_4' title="bbox 145 555 1664 635">
     <span class='ocr_line' id='line_1_4' title="bbox 145 555 1664 635; baseline 0.003 -23"><span class='ocrx_word' id='word_1_9' title='bbox 145 555 374 626; x_wconf 53' lang='grc' dir='ltr'><strong>δολιχὴν</strong></span> <span class='ocrx_word' id='word_1_10' title='bbox 426 557 752 626; x_wconf 74' lang='grc' dir='ltr'>γενέσθαι.</span> <span class='ocrx_word' id='word_1_11' title='bbox 805 555 1017 635; x_wconf 82' lang='grc' dir='ltr'>Ὀλικὴν</span> <span class='ocrx_word' id='word_1_12' title='bbox 1055 560 1414 633; x_wconf 83' lang='grc' dir='ltr'>προσέλευσιν</span> <span class='ocrx_word' id='word_1_13' title='bbox 1455 560 1554 634; x_wconf 79' lang='grc' dir='ltr'>τὴν</span> <span class='ocrx_word' id='word_1_14' title='bbox 1604 559 1664 628; x_wconf 72' lang='grc' dir='ltr'>ἐξ</span> 
     </span>
    </p>
   </div>
   <div class='ocr_carea' id='block_1_5' title="bbox 1790 555 3340 635">
    <p class='ocr_par' dir='ltr' id='par_1_5' title="bbox 1837 559 3340 633">
     <span class='ocr_line' id='line_1_5' title="bbox 1837 559 3340 633; baseline 0.002 -19"><span class='ocrx_word' id='word_1_15' title='bbox 1837 561 1943 633; x_wconf 79' lang='lat'><strong><em>57</em></strong></span> <span class='ocrx_word' id='word_1_16' title='bbox 1974 561 2186 633; x_wconf 77' lang='lat' dir='ltr'><strong>Integer</strong></span> <span class='ocrx_word' id='word_1_17' title='bbox 2231 562 2320 616; x_wconf 83' lang='lat' dir='ltr'><strong>ille</strong></span> <span class='ocrx_word' id='word_1_18' title='bbox 2363 571 2459 617; x_wconf 75' lang='lat' dir='ltr'><strong>est.</strong></span> <span class='ocrx_word' id='word_1_19' title='bbox 2498 559 2774 632; x_wconf 89' lang='lat' dir='ltr'><strong>lntegrum</strong></span> <span class='ocrx_word' id='word_1_20' title='bbox 2811 575 3127 628; x_wconf 87' lang='lat' dir='ltr'><strong>accessum,</strong></span> <span class='ocrx_word' id='word_1_21' title='bbox 3160 567 3214 625; x_wconf 79' lang='lat' dir='ltr'><strong>et</strong></span> <span class='ocrx_word' id='word_1_22' title='bbox 3242 563 3340 617; x_wconf 81' lang='lat' dir='ltr'><strong>ad-</strong></span> 
     </span>
    </p>
   </div>
   <div class='ocr_carea' id='block_1_6' title="bbox 99 650 590 722">
    <p class='ocr_par' dir='ltr' id='par_1_6' title="bbox 99 650 590 722">
     <span class='ocr_line' id='line_1_6' title="bbox 99 650 590 722; baseline -0.002 0"><span class='ocrx_word' id='word_1_23' title='bbox 99 650 197 722; x_wconf 71' lang='grc' dir='ltr'><strong>δὶης</strong></span> <span class='ocrx_word' id='word_1_24' title='bbox 220 650 389 720; x_wconf 71' lang='grc' dir='ltr'><strong>ψυχῆς</strong></span> <span class='ocrx_word' id='word_1_25' title='bbox 422 667 590 720; x_wconf 77' lang='grc' dir='ltr'>φησιο</span> 
     </span>
    </p>
   </div>
   <div class='ocr_carea' id='block_1_7' title="bbox 149 742 1666 818">
    <p class='ocr_par' dir='ltr' id='par_1_7' title="bbox 149 742 1666 818">
     <span class='ocr_line' id='line_1_7' title="bbox 149 742 1666 818; baseline 0 -20"><span class='ocrx_word' id='word_1_26' title='bbox 149 743 368 798; x_wconf 67' lang='grc' dir='ltr'>Κελεύει</span> <span class='ocrx_word' id='word_1_27' title='bbox 399 742 532 809; x_wconf 81' lang='grc' dir='ltr'>τοῖς</span> <span class='ocrx_word' id='word_1_28' title='bbox 566 743 832 812; x_wconf 78' lang='grc' dir='ltr'>ἱερεῦσι.</span> <span class='ocrx_word' id='word_1_29' title='bbox 879 745 953 817; x_wconf 88' lang='grc' dir='ltr'><strong>Ση</strong></span> <span class='ocrx_word' id='word_1_30' title='bbox 963 744 1213 816; x_wconf 85' lang='grc' dir='ltr'>μείωσαι,</span> <span class='ocrx_word' id='word_1_31' title='bbox 1247 745 1331 800; x_wconf 82' lang='grc' dir='ltr'><strong>ὅτι</strong></span> <span class='ocrx_word' id='word_1_32' title='bbox 1363 744 1531 818; x_wconf 78' lang='grc' dir='ltr'><strong>ἱερεῖς</strong></span> <span class='ocrx_word' id='word_1_33' title='bbox 1560 762 1666 798; x_wconf 87' lang='grc' dir='ltr'>κα-</span> 
     </span>
    </p>
   </div>
   <div class='ocr_carea' id='block_1_8' title="bbox 102 835 1667 906">
    <p class='ocr_par' dir='ltr' id='par_1_8' title="bbox 102 835 1667 906">
     <span class='ocr_line' id='line_1_8' title="bbox 102 835 1667 906; baseline 0.001 -17"><span class='ocrx_word' id='word_1_34' title='bbox 102 839 163 889; x_wconf 72' lang='grc' dir='ltr'>λεῖ</span> <span class='ocrx_word' id='word_1_35' title='bbox 201 836 315 898; x_wconf 82' lang='grc' dir='ltr'>τοὺς</span> <span class='ocrx_word' id='word_1_36' title='bbox 367 835 806 906; x_wconf 76' lang='grc' dir='ltr'>ὑποϐεϐηκότας</span> <span class='ocrx_word' id='word_1_37' title='bbox 836 836 968 890; x_wconf 83' lang='grc' dir='ltr'><strong>-τῶν</strong></span> <span class='ocrx_word' id='word_1_38' title='bbox 1029 837 1370 902; x_wconf 75' lang='grc' dir='ltr'>ἐπισκόπων,</span> <span class='ocrx_word' id='word_1_39' title='bbox 1421 836 1667 891; x_wconf 80' lang='grc' dir='ltr'><strong>τουτέστι</strong></span> 
     </span>
    </p>
   </div>
   <div class='ocr_carea' id='block_1_9' title="bbox 105 924 1669 998">
    <p class='ocr_par' dir='ltr' id='par_1_9' title="bbox 105 924 1669 998">
     <span class='ocr_line' id='line_1_9' title="bbox 105 924 1669 998; baseline 0 -17"><span class='ocrx_word' id='word_1_40' title='bbox 105 924 196 990; x_wconf 72' lang='grc' dir='ltr'>τοὺς</span> <span class='ocrx_word' id='word_1_41' title='bbox 223 925 661 998; x_wconf 77' lang='grc' dir='ltr'><strong>πρεσϐυτέρους,</strong></span> <span class='ocrx_word' id='word_1_42' title='bbox 705 929 808 984; x_wconf 77' lang='grc' dir='ltr'><strong>καὶ</strong></span> <span class='ocrx_word' id='word_1_43' title='bbox 832 928 1108 992; x_wconf 85' lang='grc' dir='ltr'>διακόνους</span> <span class='ocrx_word' id='word_1_44' title='bbox 1129 929 1326 993; x_wconf 79' lang='grc' dir='ltr'>αὐτοὺς</span> <span class='ocrx_word' id='word_1_45' title='bbox 1357 928 1530 992; x_wconf 76' lang='grc' dir='ltr'>οὕτως</span> <span class='ocrx_word' id='word_1_46' title='bbox 1552 929 1669 981; x_wconf 88' lang='grc' dir='ltr'>όνο-</span> 
     </span>
    </p>
   </div>
   <div class='ocr_carea' id='block_1_10' title="bbox 102 1017 1665 1094">
    <p class='ocr_par' dir='ltr' id='par_1_10' title="bbox 102 1017 1665 1094">
     <span class='ocr_line' id='line_1_10' title="bbox 102 1017 1665 1094; baseline 0.001 -24"><span class='ocrx_word' id='word_1_47' title='bbox 102 1019 268 1088; x_wconf 71' lang='grc' dir='ltr'><strong>μέζων·</strong></span> <span class='ocrx_word' id='word_1_48' title='bbox 312 1017 471 1074; x_wconf 65' lang='grc' dir='ltr'>αυτοὶ</span> <span class='ocrx_word' id='word_1_49' title='bbox 517 1018 642 1090; x_wconf 77' lang='grc' dir='ltr'>γὰρ</span> <span class='ocrx_word' id='word_1_50' title='bbox 695 1018 1206 1094; x_wconf 82' lang='grc' dir='ltr'>όνοματογραφοῦσι</span> <span class='ocrx_word' id='word_1_51' title='bbox 1237 1020 1364 1085; x_wconf 83' lang='grc' dir='ltr'>τοὺς</span> <span class='ocrx_word' id='word_1_52' title='bbox 1408 1018 1665 1088; x_wconf 82' lang='grc' dir='ltr'>νεοφωτί-</span> 
     </span>
    </p>
   </div>
   <div class='ocr_carea' id='block_1_11' title="bbox 102 1127 242 1174">
    <p class='ocr_par' dir='ltr' id='par_1_11' title="bbox 102 1127 242 1174">
     <span class='ocr_line' id='line_1_11' title="bbox 102 1127 242 1174; baseline 0 -10"><span class='ocrx_word' id='word_1_53' title='bbox 102 1127 242 1174; x_wconf 66' lang='lat' dir='ltr'><strong>mag.</strong></span> 
     </span>
    </p>
   </div>
   <div class='ocr_carea' id='block_1_12' title="bbox 151 1199 1667 1276">
    <p class='ocr_par' dir='ltr' id='par_1_12' title="bbox 151 1199 1667 1276">
     <span class='ocr_line' id='line_1_12' title="bbox 151 1199 1667 1276; baseline 0.001 -23"><span class='ocrx_word' id='word_1_54' title='bbox 151 1202 172 1270; x_wconf 68' lang='grc' dir='ltr'>ς</span> <span class='ocrx_word' id='word_1_55' title='bbox 202 1199 277 1254; x_wconf 73' lang='lat' dir='ltr'><strong>Vl.</strong></span> <span class='ocrx_word' id='word_1_56' title='bbox 316 1200 430 1254; x_wconf 77' lang='grc' dir='ltr'><strong>Τὸν</strong></span> <span class='ocrx_word' id='word_1_57' title='bbox 459 1200 688 1270; x_wconf 74' lang='grc' dir='ltr'>ἄνδρα.</span> <span class='ocrx_word' id='word_1_58' title='bbox 743 1202 1058 1276; x_wconf 80' lang='grc' dir='ltr'>Σημείωσαι</span> <span class='ocrx_word' id='word_1_59' title='bbox 1091 1203 1185 1257; x_wconf 78' lang='grc' dir='ltr'>καὶ</span> <span class='ocrx_word' id='word_1_60' title='bbox 1225 1203 1356 1274; x_wconf 75' lang='grc' dir='ltr'>περὶ</span> <span class='ocrx_word' id='word_1_61' title='bbox 1385 1202 1488 1272; x_wconf 81' lang='grc' dir='ltr'>τῆς</span> <span class='ocrx_word' id='word_1_62' title='bbox 1531 1203 1667 1256; x_wconf 79' lang='grc' dir='ltr'>ἀπο-</span> 
     </span>
    </p>
   </div>
   <div class='ocr_carea' id='block_1_13' title="bbox 101 1290 1418 1364">
    <p class='ocr_par' dir='ltr' id='par_1_13' title="bbox 101 1290 1418 1364">
     <span class='ocr_line' id='line_1_13' title="bbox 101 1290 1418 1364; baseline 0.002 -20"><span class='ocrx_word' id='word_1_63' title='bbox 101 1291 278 1362; x_wconf 79' lang='grc' dir='ltr'>γραφῆς</span> <span class='ocrx_word' id='word_1_64' title='bbox 305 1290 400 1344; x_wconf 83' lang='grc' dir='ltr'>τοῦ</span> <span class='ocrx_word' id='word_1_65' title='bbox 443 1290 876 1364; x_wconf 74' lang='grc' dir='ltr'><strong>βαπτιζομένου</strong></span> <span class='ocrx_word' id='word_1_66' title='bbox 900 1295 993 1348; x_wconf 79' lang='grc' dir='ltr'>καὶ</span> <span class='ocrx_word' id='word_1_67' title='bbox 1016 1293 1111 1348; x_wconf 80' lang='grc' dir='ltr'><strong>τοῦ</strong></span> <span class='ocrx_word' id='word_1_68' title='bbox 1135 1294 1418 1364; x_wconf 84' lang='grc' dir='ltr'>ἀναδόχου.</span> 
     </span>
    </p>
   </div>
   <div class='ocr_carea' id='block_1_14' title="bbox 161 1384 1665 1454">
    <p class='ocr_par' dir='ltr' id='par_1_14' title="bbox 161 1384 1665 1454">
     <span class='ocr_line' id='line_1_14' title="bbox 161 1384 1665 1454; baseline 0.002 -19"><span class='ocrx_word' id='word_1_69' title='bbox 161 1384 504 1450; x_wconf 69' lang='grc' dir='ltr'>Ὲκκλησίας</span> <span class='ocrx_word' id='word_1_70' title='bbox 555 1384 1136 1454; x_wconf 73' lang='grc' dir='ltr'>συμπληρωσάσης.</span> <span class='ocrx_word' id='word_1_71' title='bbox 1184 1385 1474 1438; x_wconf 81' lang='grc' dir='ltr'>Τουτέστιν</span> <span class='ocrx_word' id='word_1_72' title='bbox 1523 1385 1614 1438; x_wconf 75' lang='grc' dir='ltr'><strong>ἐπὶ</strong></span> <span class='ocrx_word' id='word_1_73' title='bbox 1649 1386 1665 1415; x_wconf 85' lang='grc'>¹</span> 
     </span>
    </p>
   </div>
   <div class='ocr_carea' id='block_1_15' title="bbox 100 1474 1624 1548">
    <p class='ocr_par' dir='ltr' id='par_1_15' title="bbox 100 1474 1624 1548">
     <span class='ocr_line' id='line_1_15' title="bbox 100 1474 1624 1548; baseline -0.001 -18"><span class='ocrx_word' id='word_1_74' title='bbox 100 1477 148 1548; x_wconf 74' lang='grc' dir='ltr'><strong>τῇ</strong></span> <span class='ocrx_word' id='word_1_75' title='bbox 174 1474 252 1528; x_wconf 64' lang='lat' dir='ltr'><strong>toﬁ</strong></span> <span class='ocrx_word' id='word_1_76' title='bbox 292 1475 467 1547; x_wconf 70' lang='grc' dir='ltr'><strong>Ἀμὴν</strong></span> <span class='ocrx_word' id='word_1_77' title='bbox 496 1479 741 1548; x_wconf 81' lang='grc' dir='ltr'>ὲκφωνή</span> <span class='ocrx_word' id='word_1_78' title='bbox 751 1495 855 1530; x_wconf 86' lang='grc' dir='ltr'><strong>σει.</strong></span> <span class='ocrx_word' id='word_1_79' title='bbox 1618 1522 1624 1528; x_wconf 86' lang='grc'><strong>.</strong></span> 
     </span>
    </p>
   </div>
   <div class='ocr_carea' id='block_1_16' title="bbox 160 1566 1668 1641">
    <p class='ocr_par' dir='ltr' id='par_1_16' title="bbox 160 1566 1668 1641">
     <span class='ocr_line' id='line_1_16' title="bbox 160 1566 1668 1641; baseline 0.001 -21"><span class='ocrx_word' id='word_1_80' title='bbox 160 1568 405 1622; x_wconf 73' lang='grc' dir='ltr'><strong>ἰ’πολύει</strong></span> <span class='ocrx_word' id='word_1_81' title='bbox 431 1566 562 1637; x_wconf 75' lang='grc' dir='ltr'><strong>μὲν</strong></span> <span class='ocrx_word' id='word_1_82' title='bbox 595 1569 820 1622; x_wconf 69' lang='grc' dir='ltr'>αὐτόν.</span> <span class='ocrx_word' id='word_1_83' title='bbox 870 1569 1006 1641; x_wconf 72' lang='grc' dir='ltr'>Περὶ</span> <span class='ocrx_word' id='word_1_84' title='bbox 1035 1569 1144 1623; x_wconf 85' lang='grc' dir='ltr'>τῶν</span> <span class='ocrx_word' id='word_1_85' title='bbox 1178 1572 1238 1623; x_wconf 84' lang='grc' dir='ltr'><strong>ὲν</strong></span> <span class='ocrx_word' id='word_1_86' title='bbox 1270 1568 1351 1639; x_wconf 77' lang='grc' dir='ltr'>τῷ</span> <span class='ocrx_word' id='word_1_87' title='bbox 1395 1569 1525 1640; x_wconf 74' lang='grc' dir='ltr'><strong>Θεὲῳ</strong></span> <span class='ocrx_word' id='word_1_88' title='bbox 1570 1568 1668 1638; x_wconf 84' lang='grc' dir='ltr'><strong>βα·-</strong></span> 
     </span>
    </p>
   </div>
   <div class='ocr_carea' id='block_1_17' title="bbox 100 1659 795 1734">
    <p class='ocr_par' dir='ltr' id='par_1_17' title="bbox 100 1659 795 1734">
     <span class='ocr_line' id='line_1_17' title="bbox 100 1659 795 1734; baseline 0.004 -21"><span class='ocrx_word' id='word_1_89' title='bbox 100 1659 318 1732; x_wconf 74' lang='grc' dir='ltr'>πτίσματι</span> <span class='ocrx_word' id='word_1_90' title='bbox 341 1660 469 1714; x_wconf 88' lang='grc' dir='ltr'>τελε</span> <span class='ocrx_word' id='word_1_91' title='bbox 477 1678 567 1714; x_wconf 90' lang='grc' dir='ltr'>ιου</span> <span class='ocrx_word' id='word_1_92' title='bbox 575 1661 795 1734; x_wconf 85' lang='grc' dir='ltr'>μένων.</span> 
     </span>
    </p>
   </div>
   <div class='ocr_carea' id='block_1_18' title="bbox 151 1753 1672 1826">
    <p class='ocr_par' dir='ltr' id='par_1_18' title="bbox 151 1753 1672 1826">
     <span class='ocr_line' id='line_1_18' title="bbox 151 1753 1672 1826; baseline -0.001 -20"><span class='ocrx_word' id='word_1_93' title='bbox 151 1754 241 1806; x_wconf 79' lang='grc' dir='ltr'><strong>Καὶ</strong></span> <span class='ocrx_word' id='word_1_94' title='bbox 261 1754 764 1824; x_wconf 65' lang='grc' dir='ltr'><strong>ἀπαμφιέννυσι.</strong></span> <span class='ocrx_word' id='word_1_95' title='bbox 802 1755 1062 1810; x_wconf 82' lang='grc' dir='ltr'>Ἐνταῦθα</span> <span class='ocrx_word' id='word_1_96' title='bbox 1080 1756 1140 1809; x_wconf 78' lang='grc' dir='ltr'>οὐ</span> <span class='ocrx_word' id='word_1_97' title='bbox 1159 1757 1339 1809; x_wconf 80' lang='grc' dir='ltr'>πᾶσαν</span> <span class='ocrx_word' id='word_1_98' title='bbox 1354 1755 1451 1826; x_wconf 82' lang='grc' dir='ltr'><strong>τὴν</strong></span> <span class='ocrx_word' id='word_1_99' title='bbox 1468 1753 1672 1822; x_wconf 79' lang='grc' dir='ltr'>ἐσθῆτα</span> 
     </span>
    </p>
   </div>
   <div class='ocr_carea' id='block_1_19' title="bbox 89 1838 1673 1919">
    <p class='ocr_par' dir='ltr' id='par_1_19' title="bbox 89 1838 1673 1919">
     <span class='ocr_line' id='line_1_19' title="bbox 89 1838 1673 1919; baseline -0.001 -21"><span class='ocrx_word' id='word_1_100' title='bbox 89 1845 532 1916; x_wconf 62' lang='grc' dir='ltr'>ἁπαμφιέννυσιν,</span> <span class='ocrx_word' id='word_1_101' title='bbox 590 1847 723 1901; x_wconf 81' lang='grc' dir='ltr'>ἀλλ’</span> <span class='ocrx_word' id='word_1_102' title='bbox 758 1838 981 1918; x_wconf 79' lang='grc' dir='ltr'><strong>ἀφίησιν</strong></span> <span class='ocrx_word' id='word_1_103' title='bbox 1017 1847 1076 1902; x_wconf 81' lang='grc' dir='ltr'>ἒν</span> <span class='ocrx_word' id='word_1_104' title='bbox 1126 1848 1359 1919; x_wconf 80' lang='grc' dir='ltr'><strong>ἱμάτιον,</strong></span> <span class='ocrx_word' id='word_1_105' title='bbox 1411 1847 1486 1911; x_wconf 83' lang='grc' dir='ltr'>ὡς</span> <span class='ocrx_word' id='word_1_106' title='bbox 1525 1845 1673 1917; x_wconf 85' lang='grc' dir='ltr'>δηλοῖ</span> 
     </span>
    </p>
   </div>
   <div class='ocr_carea' id='block_1_20' title="bbox 1765 654 2902 729">
    <p class='ocr_par' dir='ltr' id='par_1_20' title="bbox 1765 654 2902 729">
     <span class='ocr_line' id='line_1_20' title="bbox 1765 654 2902 729; baseline 0.001 -19"><span class='ocrx_word' id='word_1_107' title='bbox 1765 662 1986 729; x_wconf 79' lang='lat' dir='ltr'><strong>ventum</strong></span> <span class='ocrx_word' id='word_1_108' title='bbox 2017 654 2154 709; x_wconf 92' lang='lat' dir='ltr'><strong>dicit</strong></span> <span class='ocrx_word' id='word_1_109' title='bbox 2187 669 2312 709; x_wconf 91' lang='lat' dir='ltr'><strong>eum</strong></span> <span class='ocrx_word' id='word_1_110' title='bbox 2343 654 2437 724; x_wconf 90' lang='lat' dir='ltr'><strong>qui</strong></span> <span class='ocrx_word' id='word_1_111' title='bbox 2465 661 2581 709; x_wconf 87' lang='lat' dir='ltr'><strong>toto</strong></span> <span class='ocrx_word' id='word_1_112' title='bbox 2610 655 2793 709; x_wconf 89' lang='lat' dir='ltr'><strong>animo</strong></span> <span class='ocrx_word' id='word_1_113' title='bbox 2821 654 2902 711; x_wconf 84' lang='lat' dir='ltr'><strong>lit.</strong></span> 
     </span>
    </p>
   </div>
   <div class='ocr_carea' id='block_1_21' title="bbox 1835 743 3343 815">
    <p class='ocr_par' dir='ltr' id='par_1_21' title="bbox 1835 743 3343 815">
     <span class='ocr_line' id='line_1_21' title="bbox 1835 743 3343 815; baseline 0.001 -16"><span class='ocrx_word' id='word_1_114' title='bbox 1835 743 2062 800; x_wconf 78' lang='lat' dir='ltr'><strong>Mandat</strong></span> <span class='ocrx_word' id='word_1_115' title='bbox 2089 744 2469 800; x_wconf 73' lang='lat' dir='ltr'><strong>sacerdotibus.</strong></span> <span class='ocrx_word' id='word_1_116' title='bbox 2509 745 2670 810; x_wconf 81' lang='lat' dir='ltr'><strong>Nota,</strong></span> <span class='ocrx_word' id='word_1_117' title='bbox 2699 761 2822 800; x_wconf 88' lang='lat' dir='ltr'><strong>eum</strong></span> <span class='ocrx_word' id='word_1_118' title='bbox 2854 746 3131 815; x_wconf 86' lang='lat' dir='ltr'><strong>appellare</strong></span> <span class='ocrx_word' id='word_1_119' title='bbox 3157 761 3343 802; x_wconf 89' lang='lat' dir='ltr'><strong>sacer-</strong></span> 
     </span>
    </p>
   </div>
   <div class='ocr_carea' id='block_1_22' title="bbox 1766 837 3343 909">
    <p class='ocr_par' dir='ltr' id='par_1_22' title="bbox 1766 837 3343 909">
     <span class='ocr_line' id='line_1_22' title="bbox 1766 837 3343 909; baseline 0.001 -16"><span class='ocrx_word' id='word_1_120' title='bbox 1766 837 1923 895; x_wconf 80' lang='lat' dir='ltr'><strong>dotes</strong></span> <span class='ocrx_word' id='word_1_121' title='bbox 1967 855 2064 896; x_wconf 89' lang='lat' dir='ltr'><strong>eos</strong></span> <span class='ocrx_word' id='word_1_122' title='bbox 2111 838 2206 909; x_wconf 90' lang='lat' dir='ltr'><strong>qui</strong></span> <span class='ocrx_word' id='word_1_123' title='bbox 2255 837 2572 898; x_wconf 70' lang='lat' dir='ltr'><strong>inferiores}</strong></span> <span class='ocrx_word' id='word_1_124' title='bbox 2602 844 2731 893; x_wconf 88' lang='lat' dir='ltr'><strong>sunt</strong></span> <span class='ocrx_word' id='word_1_125' title='bbox 2781 837 3078 908; x_wconf 87' lang='lat' dir='ltr'><strong>episcopis,</strong></span> <span class='ocrx_word' id='word_1_126' title='bbox 3109 837 3214 892; x_wconf 90' lang='lat' dir='ltr'><strong>hoc</strong></span> <span class='ocrx_word' id='word_1_127' title='bbox 3257 845 3343 894; x_wconf 85' lang='lat' dir='ltr'><strong>est</strong></span> 
     </span>
    </p>
   </div>
   <div class='ocr_carea' id='block_1_23' title="bbox 1765 928 3340 1002">
    <p class='ocr_par' dir='ltr' id='par_1_23' title="bbox 1765 928 3340 1002">
     <span class='ocr_line' id='line_1_23' title="bbox 1765 928 3340 1002; baseline 0 -18"><span class='ocrx_word' id='word_1_128' title='bbox 1765 931 2153 1002; x_wconf 77' lang='lat' dir='ltr'><strong>presbyteros,</strong></span> <span class='ocrx_word' id='word_1_129' title='bbox 2187 928 2452 984; x_wconf 78' lang='lat' dir='ltr'><strong>diaconos</strong></span> <span class='ocrx_word' id='word_1_130' title='bbox 2494 929 2658 983; x_wconf 85' lang='lat' dir='ltr'><strong>etiam</strong></span> <span class='ocrx_word' id='word_1_131' title='bbox 2701 929 2851 998; x_wconf 90' lang='lat' dir='ltr'><strong>ipsos</strong></span> <span class='ocrx_word' id='word_1_132' title='bbox 2891 929 2966 982; x_wconf 90' lang='lat' dir='ltr'><strong>ita</strong></span> <span class='ocrx_word' id='word_1_133' title='bbox 3011 929 3340 996; x_wconf 88' lang='lat' dir='ltr'><strong>nominans;</strong></span> 
     </span>
    </p>
   </div>
   <div class='ocr_carea' id='block_1_24' title="bbox 1767 1023 3341 1097">
    <p class='ocr_par' dir='ltr' id='par_1_24' title="bbox 1767 1023 3341 1097">
     <span class='ocr_line' id='line_1_24' title="bbox 1767 1023 3341 1097; baseline -0.001 -17"><span class='ocrx_word' id='word_1_134' title='bbox 1767 1025 1874 1097; x_wconf 84' lang='lat' dir='ltr'><strong>ipsi</strong></span> <span class='ocrx_word' id='word_1_135' title='bbox 1893 1026 2038 1079; x_wconf 88' lang='lat' dir='ltr'><strong>enim</strong></span> <span class='ocrx_word' id='word_1_136' title='bbox 2061 1039 2252 1080; x_wconf 90' lang='lat' dir='ltr'><strong>eorum</strong></span> <span class='ocrx_word' id='word_1_137' title='bbox 2276 1023 2370 1094; x_wconf 88' lang='lat' dir='ltr'><strong>qui</strong></span> <span class='ocrx_word' id='word_1_138' title='bbox 2389 1038 2566 1094; x_wconf 83' lang='lat' dir='ltr'><strong>nuper</strong></span> <span class='ocrx_word' id='word_1_139' title='bbox 2587 1031 2642 1078; x_wconf 90' lang='lat' dir='ltr'><strong>et</strong></span> <span class='ocrx_word' id='word_1_140' title='bbox 2663 1038 2856 1078; x_wconf 86' lang='lat' dir='ltr'><strong>recens</strong></span> <span class='ocrx_word' id='word_1_141' title='bbox 2879 1023 3135 1078; x_wconf 86' lang='lat' dir='ltr'><strong>illustrati</strong></span> <span class='ocrx_word' id='word_1_142' title='bbox 3161 1030 3341 1090; x_wconf 88' lang='lat' dir='ltr'><strong>erant,</strong></span> 
     </span>
    </p>
   </div>
   <div class='ocr_carea' id='block_1_25' title="bbox 1768 1117 2358 1173">
    <p class='ocr_par' dir='ltr' id='par_1_25' title="bbox 1768 1117 2358 1173">
     <span class='ocr_line' id='line_1_25' title="bbox 1768 1117 2358 1173; baseline -0.003 -1"><span class='ocrx_word' id='word_1_143' title='bbox 1768 1117 2084 1173; x_wconf 74' lang='lat' dir='ltr'><strong>scribebant</strong></span> <span class='ocrx_word' id='word_1_144' title='bbox 2115 1117 2358 1170; x_wconf 85' lang='lat' dir='ltr'><strong>nomina.</strong></span> 
     </span>
    </p>
   </div>
   <div class='ocr_carea' id='block_1_26' title="bbox 1841 1205 3349 1279">
    <p class='ocr_par' dir='ltr' id='par_1_26' title="bbox 1841 1205 3349 1279">
     <span class='ocr_line' id='line_1_26' title="bbox 1841 1205 3349 1279; baseline 0.002 -18"><span class='ocrx_word' id='word_1_145' title='bbox 1841 1205 1998 1279; x_wconf 22' lang='lat' dir='ltr'><strong>§rVI.</strong></span> <span class='ocrx_word' id='word_1_146' title='bbox 2040 1207 2248 1262; x_wconf 81' lang='lat' dir='ltr'><strong>Virum.</strong></span> <span class='ocrx_word' id='word_1_147' title='bbox 2294 1207 2454 1274; x_wconf 84' lang='lat' dir='ltr'><strong>Nota,</strong></span> <span class='ocrx_word' id='word_1_148' title='bbox 2497 1207 2921 1278; x_wconf 88' lang='lat' dir='ltr'><strong>descriptionem</strong></span> <span class='ocrx_word' id='word_1_149' title='bbox 2967 1207 3078 1263; x_wconf 83' lang='lat' dir='ltr'><strong>ﬁeri</strong></span> <span class='ocrx_word' id='word_1_150' title='bbox 3109 1207 3349 1264; x_wconf 80' lang='lat' dir='ltr'><strong>nominis</strong></span> 
     </span>
    </p>
   </div>
   <div class='ocr_carea' id='block_1_27' title="bbox 1767 1299 2935 1371">
    <p class='ocr_par' dir='ltr' id='par_1_27' title="bbox 1767 1299 2935 1371">
     <span class='ocr_line' id='line_1_27' title="bbox 1767 1299 2935 1371; baseline -0.002 -15"><span class='ocrx_word' id='word_1_151' title='bbox 1767 1301 1897 1370; x_wconf 85' lang='lat' dir='ltr'><strong>ejus</strong></span> <span class='ocrx_word' id='word_1_152' title='bbox 1935 1300 2028 1369; x_wconf 87' lang='lat' dir='ltr'><strong>qui</strong></span> <span class='ocrx_word' id='word_1_153' title='bbox 2058 1299 2456 1370; x_wconf 84' lang='lat' dir='ltr'><strong>baptizabatur,</strong></span> <span class='ocrx_word' id='word_1_154' title='bbox 2485 1307 2540 1354; x_wconf 89' lang='lat' dir='ltr'><strong>et</strong></span> <span class='ocrx_word' id='word_1_155' title='bbox 2577 1299 2935 1371; x_wconf 87' lang='lat' dir='ltr'><strong>susceptoris.</strong></span> 
     </span>
    </p>
   </div>
   <div class='ocr_carea' id='block_1_28' title="bbox 1758 1389 3350 1462">
    <p class='ocr_par' dir='ltr' id='par_1_28' title="bbox 1758 1389 3350 1462">
     <span class='ocr_line' id='line_1_28' title="bbox 1758 1389 3350 1462; baseline 0.006 -22"><span class='ocrx_word' id='word_1_156' title='bbox 1758 1433 1762 1440; x_wconf 91' lang='lat'><strong>.</strong></span> <span class='ocrx_word' id='word_1_157' title='bbox 1841 1389 2256 1461; x_wconf 80' lang='lat' dir='ltr'><strong>Congregatione</strong></span> <span class='ocrx_word' id='word_1_158' title='bbox 2292 1392 2571 1462; x_wconf 80' lang='lat' dir='ltr'><strong>completa.</strong></span> <span class='ocrx_word' id='word_1_159' title='bbox 2609 1389 2666 1446; x_wconf 91' lang='lat' dir='ltr'><strong>ld</strong></span> <span class='ocrx_word' id='word_1_160' title='bbox 2696 1398 2780 1446; x_wconf 91' lang='lat' dir='ltr'><strong>est</strong></span> <span class='ocrx_word' id='word_1_161' title='bbox 2803 1391 2870 1446; x_wconf 89' lang='lat' dir='ltr'><strong>de</strong></span> <span class='ocrx_word' id='word_1_162' title='bbox 2903 1392 3350 1461; x_wconf 75' lang='lat' dir='ltr'><strong>pronuntiatione</strong></span> 
     </span>
    </p>
   </div>
   <div class='ocr_carea' id='block_1_29' title="bbox 1771 1483 2171 1556">
    <p class='ocr_par' dir='ltr' id='par_1_29' title="bbox 1771 1483 2171 1556">
     <span class='ocr_line' id='line_1_29' title="bbox 1771 1483 2171 1556; baseline -0.003 -17"><span class='ocrx_word' id='word_1_163' title='bbox 1771 1483 1947 1556; x_wconf 87' lang='lat' dir='ltr'><strong>ipsius</strong></span> <span class='ocrx_word' id='word_1_164' title='bbox 1977 1485 2171 1538; x_wconf 86' lang='lat' dir='ltr'><strong>Amen.</strong></span> 
     </span>
    </p>
   </div>
   <div class='ocr_carea' id='block_1_30' title="bbox 1843 1573 3355 1646">
    <p class='ocr_par' dir='ltr' id='par_1_30' title="bbox 1843 1573 3355 1646">
     <span class='ocr_line' id='line_1_30' title="bbox 1843 1573 3355 1646; baseline 0.003 -18"><span class='ocrx_word' id='word_1_165' title='bbox 1843 1573 2008 1628; x_wconf 77' lang='lat' dir='ltr'><strong>Illum</strong></span> <span class='ocrx_word' id='word_1_166' title='bbox 2037 1575 2308 1644; x_wconf 79' lang='lat' dir='ltr'><strong>discingit.</strong></span> <span class='ocrx_word' id='word_1_167' title='bbox 2346 1574 2422 1630; x_wconf 87' lang='lat' dir='ltr'><strong>De</strong></span> <span class='ocrx_word' id='word_1_168' title='bbox 2444 1575 2512 1631; x_wconf 86' lang='lat' dir='ltr'><strong>iis</strong></span> <span class='ocrx_word' id='word_1_169' title='bbox 2536 1589 2660 1646; x_wconf 74' lang='lat' dir='ltr'><strong>qua:</strong></span> <span class='ocrx_word' id='word_1_170' title='bbox 2681 1574 2735 1628; x_wconf 87' lang='lat' dir='ltr'><strong>in</strong></span> <span class='ocrx_word' id='word_1_171' title='bbox 2759 1573 3033 1644; x_wconf 87' lang='lat' dir='ltr'><strong>baptismo</strong></span> <span class='ocrx_word' id='word_1_172' title='bbox 3061 1573 3355 1645; x_wconf 83' lang='lat' dir='ltr'><strong>perﬁciun-</strong></span> 
     </span>
    </p>
   </div>
   <div class='ocr_carea' id='block_1_31' title="bbox 1773 1673 1880 1720">
    <p class='ocr_par' dir='ltr' id='par_1_31' title="bbox 1773 1673 1880 1720">
     <span class='ocr_line' id='line_1_31' title="bbox 1773 1673 1880 1720; baseline 0.019 -2"><span class='ocrx_word' id='word_1_173' title='bbox 1773 1673 1880 1720; x_wconf 86' lang='grc' dir='ltr'>ιιιι·.</span> 
     </span>
    </p>
   </div>
   <div class='ocr_carea' id='block_1_32' title="bbox 1843 1749 3359 1820">
    <p class='ocr_par' dir='ltr' id='par_1_32' title="bbox 1843 1749 3359 1820">
     <span class='ocr_line' id='line_1_32' title="bbox 1843 1749 3359 1820; baseline 0.005 -17"><span class='ocrx_word' id='word_1_174' title='bbox 1843 1749 1912 1804; x_wconf 85' lang='lat' dir='ltr'><strong>Et</strong></span> <span class='ocrx_word' id='word_1_175' title='bbox 1945 1755 2112 1806; x_wconf 76' lang='lat' dir='ltr'><strong>exuit.</strong></span> <span class='ocrx_word' id='word_1_176' title='bbox 2156 1750 2256 1806; x_wconf 83' lang='lat' dir='ltr'><strong>Hic</strong></span> <span class='ocrx_word' id='word_1_177' title='bbox 2289 1767 2401 1806; x_wconf 90' lang='lat' dir='ltr'><strong>non</strong></span> <span class='ocrx_word' id='word_1_178' title='bbox 2440 1767 2660 1807; x_wconf 90' lang='lat' dir='ltr'><strong>omnem</strong></span> <span class='ocrx_word' id='word_1_179' title='bbox 2690 1760 2895 1808; x_wconf 81' lang='lat' dir='ltr'><strong>vestem</strong></span> <span class='ocrx_word' id='word_1_180' title='bbox 2923 1754 3106 1820; x_wconf 83' lang='lat' dir='ltr'><strong>exuit,</strong></span> <span class='ocrx_word' id='word_1_181' title='bbox 3135 1754 3230 1810; x_wconf 91' lang='lat' dir='ltr'><strong>sed</strong></span> <span class='ocrx_word' id='word_1_182' title='bbox 3262 1757 3359 1812; x_wconf 88' lang='lat' dir='ltr'><strong>de-</strong></span> 
     </span>
    </p>
   </div>
   <div class='ocr_carea' id='block_1_33' title="bbox 1772 1842 3361 1918">
    <p class='ocr_par' dir='ltr' id='par_1_33' title="bbox 1772 1842 3361 1918">
     <span class='ocr_line' id='line_1_33' title="bbox 1772 1842 3361 1918; baseline 0.006 -24"><span class='ocrx_word' id='word_1_183' title='bbox 1772 1842 1940 1896; x_wconf 86' lang='lat' dir='ltr'><strong>mittit</strong></span> <span class='ocrx_word' id='word_1_184' title='bbox 1969 1858 2133 1896; x_wconf 88' lang='lat' dir='ltr'><strong>unam</strong></span> <span class='ocrx_word' id='word_1_185' title='bbox 2179 1850 2409 1906; x_wconf 81' lang='lat' dir='ltr'><strong>vestem,</strong></span> <span class='ocrx_word' id='word_1_186' title='bbox 2451 1845 2595 1898; x_wconf 85' lang='lat' dir='ltr'><strong>sicut</strong></span> <span class='ocrx_word' id='word_1_187' title='bbox 2640 1843 2907 1913; x_wconf 84' lang='lat' dir='ltr'><strong>deinceps</strong></span> <span class='ocrx_word' id='word_1_188' title='bbox 2943 1845 3220 1914; x_wconf 83' lang='lat' dir='ltr'><strong>declarat;</strong></span> <span class='ocrx_word' id='word_1_189' title='bbox 3262 1863 3361 1918; x_wconf 88' lang='lat' dir='ltr'><strong>per</strong></span> 
     </span>
    </p>
   </div>
   <div class='ocr_carea' id='block_1_34' title="bbox 102 1910 1677 2010">
    <p class='ocr_par' dir='ltr' id='par_1_34' title="bbox 102 1910 1672 2010">
     <span class='ocr_line' id='line_1_34' title="bbox 102 1910 1672 2010; baseline 0.001 -21"><span class='ocrx_word' id='word_1_190' title='bbox 102 1910 278 2007; x_wconf 65' lang='grc' dir='ltr'><strong>ἑφεξῆςο</strong></span> <span class='ocrx_word' id='word_1_191' title='bbox 309 1937 396 1991; x_wconf 82' lang='grc' dir='ltr'><strong>διὰ</strong></span> <span class='ocrx_word' id='word_1_192' title='bbox 443 1910 567 1992; x_wconf 62' lang='grc' dir='ltr'>τιῖιν</span> <span class='ocrx_word' id='word_1_193' title='bbox 624 1910 962 2010; x_wconf 35' lang='grc' dir='ltr'>λειτουνργιῦν</span> <span class='ocrx_word' id='word_1_194' title='bbox 1003 1939 1082 2005; x_wconf 82' lang='grc' dir='ltr'><strong>δὲ,</strong></span> <span class='ocrx_word' id='word_1_195' title='bbox 1124 1910 1366 1993; x_wconf 78' lang='grc' dir='ltr'>τουτέστι</span> <span class='ocrx_word' id='word_1_196' title='bbox 1409 1910 1519 1992; x_wconf 75' lang='grc' dir='ltr'>τῶν</span> <span class='ocrx_word' id='word_1_197' title='bbox 1553 1910 1672 1992; x_wconf 70' lang='grc' dir='ltr'>δια-</span> 
     </span>
    </p>
   </div>
   <div class='ocr_carea' id='block_1_35' title="bbox 1790 1910 2594 2010">
    <p class='ocr_par' dir='ltr' id='par_1_35' title="bbox 1790 1934 2594 2006">
     <span class='ocr_line' id='line_1_35' title="bbox 1790 1934 2594 2006; baseline 0.004 -20"><span class='ocrx_word' id='word_1_198' title='bbox 1790 1935 2028 2006; x_wconf 50' lang='lat' dir='ltr'><strong>.iturgos,</strong></span> <span class='ocrx_word' id='word_1_199' title='bbox 2066 1934 2171 1990; x_wconf 86' lang='lat' dir='ltr'><strong>hoc</strong></span> <span class='ocrx_word' id='word_1_200' title='bbox 2200 1945 2282 1990; x_wconf 86' lang='lat' dir='ltr'><strong>est</strong></span> <span class='ocrx_word' id='word_1_201' title='bbox 2310 1934 2594 1990; x_wconf 89' lang='lat' dir='ltr'><strong>diaconos.</strong></span> 
     </span>
    </p>
   </div>
   <div class='ocr_carea' id='block_1_36' title="bbox 102 2031 252 2084">
    <p class='ocr_par' dir='ltr' id='par_1_36' title="bbox 102 2031 252 2084">
     <span class='ocr_line' id='line_1_36' title="bbox 102 2031 252 2084; baseline -0.013 1"><span class='ocrx_word' id='word_1_202' title='bbox 102 2031 252 2084; x_wconf 75' lang='grc' dir='ltr'>κόνων.</span> 
     </span>
    </p>
   </div>
   <div class='ocr_carea' id='block_1_37' title="bbox 153 2114 1671 2197">
    <p class='ocr_par' dir='ltr' id='par_1_37' title="bbox 153 2114 1671 2197">
     <span class='ocr_line' id='line_1_37' title="bbox 153 2114 1671 2197; baseline -0.002 -19"><span class='ocrx_word' id='word_1_203' title='bbox 153 2123 377 2195; x_wconf 64' lang='lat' dir='ltr'><strong>ueniret</strong></span> <span class='ocrx_word' id='word_1_204' title='bbox 421 2114 600 2195; x_wconf 53' lang='lat' dir='ltr'><strong>erde</strong></span> <span class='ocrx_word' id='word_1_205' title='bbox 649 2125 750 2181; x_wconf 82' lang='grc' dir='ltr'><strong>ἔω.</strong></span> <span class='ocrx_word' id='word_1_206' title='bbox 801 2118 929 2180; x_wconf 84' lang='grc' dir='ltr'>Ὧδε</span> <span class='ocrx_word' id='word_1_207' title='bbox 975 2125 1054 2190; x_wconf 88' lang='grc' dir='ltr'>ὼς</span> <span class='ocrx_word' id='word_1_208' title='bbox 1100 2125 1390 2197; x_wconf 80' lang='grc' dir='ltr'>εὐχόμενον</span> <span class='ocrx_word' id='word_1_209' title='bbox 1442 2124 1536 2176; x_wconf 75' lang='grc' dir='ltr'>καὶ</span> <span class='ocrx_word' id='word_1_210' title='bbox 1584 2123 1671 2175; x_wconf 85' lang='lat' dir='ltr'><strong>al-</strong></span> 
     </span>
    </p>
   </div>
   <div class='ocr_carea' id='block_1_38' title="bbox 102 2213 1672 2289">
    <p class='ocr_par' dir='ltr' id='par_1_38' title="bbox 102 2213 1672 2289">
     <span class='ocr_line' id='line_1_38' title="bbox 102 2213 1672 2289; baseline 0.005 -21"><span class='ocrx_word' id='word_1_211' title='bbox 102 2215 258 2270; x_wconf 74' lang='grc' dir='ltr'>τοῦντα</span> <span class='ocrx_word' id='word_1_212' title='bbox 285 2222 453 2271; x_wconf 80' lang='grc' dir='ltr'>ποιεῖ·</span> <span class='ocrx_word' id='word_1_213' title='bbox 506 2221 574 2274; x_wconf 81' lang='grc' dir='ltr'><strong>ὲν</strong></span> <span class='ocrx_word' id='word_1_214' title='bbox 635 2218 697 2271; x_wconf 84' lang='grc' dir='ltr'>δὲ</span> <span class='ocrx_word' id='word_1_215' title='bbox 740 2215 822 2289; x_wconf 85' lang='grc' dir='ltr'>τῷ</span> <span class='ocrx_word' id='word_1_216' title='bbox 871 2217 1007 2289; x_wconf 77' lang='grc' dir='ltr'>πρὸς</span> <span class='ocrx_word' id='word_1_217' title='bbox 1055 2216 1265 2288; x_wconf 77' lang='grc' dir='ltr'>δυσμὰς</span> <span class='ocrx_word' id='word_1_218' title='bbox 1306 2215 1545 2285; x_wconf 82' lang='grc' dir='ltr'>σχήματι</span> <span class='ocrx_word' id='word_1_219' title='bbox 1596 2213 1672 2276; x_wconf 78' lang='grc' dir='ltr'><strong>ὡς</strong></span> 
     </span>
    </p>
   </div>
   <div class='ocr_carea' id='block_1_39' title="bbox 102 2307 1672 2380">
    <p class='ocr_par' dir='ltr' id='par_1_39' title="bbox 102 2307 1672 2380">
     <span class='ocr_line' id='line_1_39' title="bbox 102 2307 1672 2380; baseline -0.002 -18"><span class='ocrx_word' id='word_1_220' title='bbox 102 2309 377 2365; x_wconf 74' lang='grc' dir='ltr'><strong>ἀπωθοῦντα</strong></span> <span class='ocrx_word' id='word_1_221' title='bbox 425 2309 502 2364; x_wconf 79' lang='grc' dir='ltr'>τὰ</span> <span class='ocrx_word' id='word_1_222' title='bbox 566 2310 720 2380; x_wconf 74' lang='grc' dir='ltr'>ἔργα</span> <span class='ocrx_word' id='word_1_223' title='bbox 767 2309 864 2364; x_wconf 78' lang='grc' dir='ltr'><strong>τοῦ</strong></span> <span class='ocrx_word' id='word_1_224' title='bbox 927 2308 1168 2373; x_wconf 83' lang='grc' dir='ltr'>σκότους.</span> <span class='ocrx_word' id='word_1_225' title='bbox 1221 2307 1672 2380; x_wconf 60' lang='grc' dir='ltr'>Σημείωσαιεηότι</span> 
     </span>
    </p>
   </div>
   <div class='ocr_carea' id='block_1_40' title="bbox 101 2399 1667 2476">
    <p class='ocr_par' dir='ltr' id='par_1_40' title="bbox 101 2399 1667 2476">
     <span class='ocr_line' id='line_1_40' title="bbox 101 2399 1667 2476; baseline -0.003 -22"><span class='ocrx_word' id='word_1_226' title='bbox 101 2403 194 2454; x_wconf 79' lang='grc' dir='ltr'>τότε</span> <span class='ocrx_word' id='word_1_227' title='bbox 220 2405 264 2454; x_wconf 88' lang='grc' dir='ltr'>οἱ</span> <span class='ocrx_word' id='word_1_228' title='bbox 292 2404 543 2458; x_wconf 82' lang='grc' dir='ltr'>διάκονοι</span> <span class='ocrx_word' id='word_1_229' title='bbox 578 2404 742 2476; x_wconf 85' lang='grc' dir='ltr'><strong>μόνοι</strong></span> <span class='ocrx_word' id='word_1_230' title='bbox 777 2402 988 2469; x_wconf 75' lang='grc' dir='ltr'><strong>ἐξέδυον</strong></span> <span class='ocrx_word' id='word_1_231' title='bbox 1008 2401 1135 2466; x_wconf 76' lang='grc' dir='ltr'>τοὺς</span> <span class='ocrx_word' id='word_1_232' title='bbox 1160 2402 1256 2456; x_wconf 68' lang='grc' dir='ltr'><strong>ἐπὶ</strong></span> <span class='ocrx_word' id='word_1_233' title='bbox 1279 2401 1340 2457; x_wconf 83' lang='grc' dir='ltr'>τὸ</span> <span class='ocrx_word' id='word_1_234' title='bbox 1366 2399 1667 2470; x_wconf 73' lang='grc' dir='ltr'>βάπτισμαο</span> 
     </span>
    </p>
   </div>
   <div class='ocr_carea' id='block_1_41' title="bbox 102 2493 1675 2568">
    <p class='ocr_par' dir='ltr' id='par_1_41' title="bbox 102 2493 1675 2568">
     <span class='ocr_line' id='line_1_41' title="bbox 102 2493 1675 2568; baseline -0.002 -20"><span class='ocrx_word' id='word_1_235' title='bbox 102 2496 140 2548; x_wconf 78' lang='grc' dir='ltr'><strong>οἱ</strong></span> <span class='ocrx_word' id='word_1_236' title='bbox 162 2495 208 2548; x_wconf 82' lang='grc' dir='ltr'>δὲ</span> <span class='ocrx_word' id='word_1_237' title='bbox 235 2494 616 2568; x_wconf 77' lang='grc' dir='ltr'>πρεσϐύτεροι</span> <span class='ocrx_word' id='word_1_238' title='bbox 671 2494 742 2548; x_wconf 73' lang='grc' dir='ltr'>τὰ</span> <span class='ocrx_word' id='word_1_239' title='bbox 789 2494 950 2548; x_wconf 84' lang='grc' dir='ltr'>λοιπὰ</span> <span class='ocrx_word' id='word_1_240' title='bbox 989 2494 1236 2557; x_wconf 74' lang='grc' dir='ltr'><strong>ἐποίουν,</strong></span> <span class='ocrx_word' id='word_1_241' title='bbox 1270 2495 1306 2548; x_wconf 79' lang='grc' dir='ltr'>ἃ</span> <span class='ocrx_word' id='word_1_242' title='bbox 1338 2493 1434 2548; x_wconf 86' lang='grc' dir='ltr'><strong>νῦν</strong></span> <span class='ocrx_word' id='word_1_243' title='bbox 1475 2497 1526 2548; x_wconf 79' lang='lat' dir='ltr'><strong>oi.</strong></span> <span class='ocrx_word' id='word_1_244' title='bbox 1557 2493 1675 2547; x_wconf 80' lang='grc' dir='ltr'><strong>διὰ-</strong></span> 
     </span>
    </p>
   </div>
   <div class='ocr_carea' id='block_1_42' title="bbox 102 2587 1674 2660">
    <p class='ocr_par' dir='ltr' id='par_1_42' title="bbox 102 2587 1674 2660">
     <span class='ocr_line' id='line_1_42' title="bbox 102 2587 1674 2660; baseline -0.003 -18"><span class='ocrx_word' id='word_1_245' title='bbox 102 2606 216 2642; x_wconf 70' lang='grc' dir='ltr'>κονοι</span> <span class='ocrx_word' id='word_1_246' title='bbox 245 2589 491 2643; x_wconf 77' lang='grc' dir='ltr'>ποιοῦσιν</span> <span class='ocrx_word' id='word_1_247' title='bbox 535 2591 586 2653; x_wconf 77' lang='grc'>³,</span> <span class='ocrx_word' id='word_1_248' title='bbox 614 2587 694 2652; x_wconf 86' lang='grc' dir='ltr'>ὡς</span> <span class='ocrx_word' id='word_1_249' title='bbox 719 2588 893 2656; x_wconf 79' lang='grc' dir='ltr'>ἔγνως</span> <span class='ocrx_word' id='word_1_250' title='bbox 924 2587 1029 2660; x_wconf 85' lang='grc' dir='ltr'>πρὸ</span> <span class='ocrx_word' id='word_1_251' title='bbox 1063 2587 1282 2659; x_wconf 70' lang='grc' dir='ltr'>μικροῦο</span> <span class='ocrx_word' id='word_1_252' title='bbox 1313 2589 1407 2642; x_wconf 72' lang='grc' dir='ltr'>καὶ</span> <span class='ocrx_word' id='word_1_253' title='bbox 1435 2591 1493 2640; x_wconf 85' lang='grc' dir='ltr'><strong>ὲν</strong></span> <span class='ocrx_word' id='word_1_254' title='bbox 1517 2589 1538 2619; x_wconf 86' lang='grc'>³</span> <span class='ocrx_word' id='word_1_255' title='bbox 1562 2588 1674 2651; x_wconf 84' lang='grc' dir='ltr'>τοῖς</span> 
     </span>
    </p>
   </div>
   <div class='ocr_carea' id='block_1_43' title="bbox 103 2679 1676 2754">
    <p class='ocr_par' dir='ltr' id='par_1_43' title="bbox 103 2679 1676 2754">
     <span class='ocr_line' id='line_1_43' title="bbox 103 2679 1676 2754; baseline -0.003 -19"><span class='ocrx_word' id='word_1_256' title='bbox 103 2681 199 2752; x_wconf 78' lang='grc' dir='ltr'><strong>ἑξῆς</strong></span> <span class='ocrx_word' id='word_1_257' title='bbox 225 2681 276 2734; x_wconf 77' lang='grc' dir='ltr'>δὲ</span> <span class='ocrx_word' id='word_1_258' title='bbox 298 2683 593 2754; x_wconf 74' lang='grc' dir='ltr'>εὑρήσεις,</span> <span class='ocrx_word' id='word_1_259' title='bbox 625 2681 714 2733; x_wconf 87' lang='grc' dir='ltr'>ὃτι</span> <span class='ocrx_word' id='word_1_260' title='bbox 745 2679 1088 2752; x_wconf 83' lang='grc' dir='ltr'>λειτουργοὺς</span> <span class='ocrx_word' id='word_1_261' title='bbox 1111 2683 1240 2746; x_wconf 82' lang='grc' dir='ltr'>τοὺς</span> <span class='ocrx_word' id='word_1_262' title='bbox 1268 2679 1544 2742; x_wconf 83' lang='grc' dir='ltr'>διακόνους</span> <span class='ocrx_word' id='word_1_263' title='bbox 1577 2695 1676 2732; x_wconf 89' lang='grc' dir='ltr'>κα-</span> 
     </span>
    </p>
   </div>
   <div class='ocr_carea' id='block_1_44' title="bbox 102 2773 1106 2848">
    <p class='ocr_par' dir='ltr' id='par_1_44' title="bbox 102 2773 1106 2848">
     <span class='ocr_line' id='line_1_44' title="bbox 102 2773 1106 2848; baseline 0.001 -23"><span class='ocrx_word' id='word_1_264' title='bbox 102 2773 179 2826; x_wconf 74' lang='grc' dir='ltr'>λεῖ·</span> <span class='ocrx_word' id='word_1_265' title='bbox 201 2775 312 2839; x_wconf 79' lang='grc' dir='ltr'>τοὺς</span> <span class='ocrx_word' id='word_1_266' title='bbox 342 2776 404 2829; x_wconf 81' lang='grc' dir='ltr'>δὲ</span> <span class='ocrx_word' id='word_1_267' title='bbox 427 2773 861 2848; x_wconf 74' lang='grc' dir='ltr'>πρεσϐυτέρους</span> <span class='ocrx_word' id='word_1_268' title='bbox 881 2813 896 2837; x_wconf 87' lang='grc'><em>,</em></span> <span class='ocrx_word' id='word_1_269' title='bbox 925 2775 1106 2845; x_wconf 78' lang='grc' dir='ltr'>ἱερεῖς.</span> 
     </span>
    </p>
   </div>
   <div class='ocr_carea' id='block_1_45' title="bbox 162 2951 1677 3028">
    <p class='ocr_par' dir='ltr' id='par_1_45' title="bbox 162 2951 1677 3028">
     <span class='ocr_line' id='line_1_45' title="bbox 162 2951 1677 3028; baseline -0.005 -16"><span class='ocrx_word' id='word_1_270' title='bbox 162 2958 311 3028; x_wconf 67' lang='grc' dir='ltr'>ςγιι.</span> <span class='ocrx_word' id='word_1_271' title='bbox 373 2959 514 3014; x_wconf 70' lang='grc' dir='ltr'><strong>Τῶν</strong></span> <span class='ocrx_word' id='word_1_272' title='bbox 549 2955 948 3026; x_wconf 73' lang='grc' dir='ltr'><strong>λειτουργῶν.</strong></span> <span class='ocrx_word' id='word_1_273' title='bbox 986 2954 1345 3027; x_wconf 81' lang='grc' dir='ltr'>Δειτουργοὺς</span> <span class='ocrx_word' id='word_1_274' title='bbox 1371 2952 1518 3020; x_wconf 88' lang='grc' dir='ltr'>λέγει</span> <span class='ocrx_word' id='word_1_275' title='bbox 1549 2951 1677 3016; x_wconf 80' lang='grc' dir='ltr'>τοὺς</span> 
     </span>
    </p>
   </div>
   <div class='ocr_carea' id='block_1_46' title="bbox 103 3051 363 3119">
    <p class='ocr_par' dir='ltr' id='par_1_46' title="bbox 103 3051 363 3119">
     <span class='ocr_line' id='line_1_46' title="bbox 103 3051 363 3119; baseline 0.008 -15"><span class='ocrx_word' id='word_1_276' title='bbox 103 3051 363 3119; x_wconf 70' lang='grc' dir='ltr'><strong>διακόνους.</strong></span> 
     </span>
    </p>
   </div>
   <div class='ocr_carea' id='block_1_47' title="bbox 156 3135 1678 3213">
    <p class='ocr_par' dir='ltr' id='par_1_47' title="bbox 156 3135 1678 3213">
     <span class='ocr_line' id='line_1_47' title="bbox 156 3135 1678 3213; baseline -0.007 -15"><span class='ocrx_word' id='word_1_277' title='bbox 156 3146 371 3213; x_wconf 69' lang='grc' dir='ltr'>Μητέρα</span> <span class='ocrx_word' id='word_1_278' title='bbox 415 3143 546 3213; x_wconf 83' lang='grc' dir='ltr'><strong>τῆς</strong></span> <span class='ocrx_word' id='word_1_279' title='bbox 595 3142 929 3208; x_wconf 77' lang='grc' dir='ltr'><strong>υἱοθεσίας.</strong></span> <span class='ocrx_word' id='word_1_280' title='bbox 981 3139 1211 3211; x_wconf 82' lang='grc' dir='ltr'><strong>Μητέρα</strong></span> <span class='ocrx_word' id='word_1_281' title='bbox 1258 3137 1360 3207; x_wconf 80' lang='grc' dir='ltr'>τῆς</span> <span class='ocrx_word' id='word_1_282' title='bbox 1403 3135 1678 3199; x_wconf 80' lang='grc' dir='ltr'>υἱοθεσίας</span> 
     </span>
    </p>
   </div>
   <div class='ocr_carea' id='block_1_48' title="bbox 104 3235 828 3309">
    <p class='ocr_par' dir='ltr' id='par_1_48' title="bbox 104 3235 828 3309">
     <span class='ocr_line' id='line_1_48' title="bbox 104 3235 828 3309; baseline -0.007 -17"><span class='ocrx_word' id='word_1_283' title='bbox 104 3235 181 3308; x_wconf 74' lang='grc' dir='ltr'><strong>τὴν</strong></span> <span class='ocrx_word' id='word_1_284' title='bbox 209 3237 487 3309; x_wconf 75' lang='grc' dir='ltr'>κολυμϐήθ</span> <span class='ocrx_word' id='word_1_285' title='bbox 499 3254 608 3308; x_wconf 85' lang='grc' dir='ltr'><strong>ραν</strong></span> <span class='ocrx_word' id='word_1_286' title='bbox 650 3235 828 3291; x_wconf 88' lang='grc' dir='ltr'>καλεῖ.</span> 
     </span>
    </p>
   </div>
   <div class='ocr_carea' id='block_1_49' title="bbox 162 3321 1677 3398">
    <p class='ocr_par' dir='ltr' id='par_1_49' title="bbox 162 3321 1677 3398">
     <span class='ocr_line' id='line_1_49' title="bbox 162 3321 1677 3398; baseline -0.005 -17"><span class='ocrx_word' id='word_1_287' title='bbox 162 3328 218 3381; x_wconf 76' lang='grc' dir='ltr'>Τό</span> <span class='ocrx_word' id='word_1_288' title='bbox 248 3330 404 3398; x_wconf 75' lang='grc' dir='ltr'><strong>ἱερὸν</strong></span> <span class='ocrx_word' id='word_1_289' title='bbox 436 3329 566 3396; x_wconf 82' lang='grc' dir='ltr'><strong>τῆς</strong></span> <span class='ocrx_word' id='word_1_290' title='bbox 600 3327 725 3380; x_wconf 81' lang='grc' dir='ltr'><strong>τῶν</strong></span> <span class='ocrx_word' id='word_1_291' title='bbox 757 3324 1119 3391; x_wconf 75' lang='grc' dir='ltr'><strong>θεολήπτων.</strong></span> <span class='ocrx_word' id='word_1_292' title='bbox 1154 3321 1311 3377; x_wconf 74' lang='grc' dir='ltr'><strong>Οὕτω</strong></span> <span class='ocrx_word' id='word_1_293' title='bbox 1340 3321 1439 3394; x_wconf 78' lang='grc' dir='ltr'><strong>τὴν</strong></span> <span class='ocrx_word' id='word_1_294' title='bbox 1471 3321 1618 3388; x_wconf 80' lang='grc' dir='ltr'>λέξιν</span> <span class='ocrx_word' id='word_1_295' title='bbox 1655 3322 1677 3353; x_wconf 67' lang='grc' dir='ltr'>δ</span> 
     </span>
    </p>
   </div>
   <div class='ocr_carea' id='block_1_50' title="bbox 106 3412 1678 3491">
    <p class='ocr_par' dir='ltr' id='par_1_50' title="bbox 106 3412 1678 3491">
     <span class='ocr_line' id='line_1_50' title="bbox 106 3412 1678 3491; baseline -0.006 -16"><span class='ocrx_word' id='word_1_296' title='bbox 106 3423 409 3476; x_wconf 72' lang='grc' dir='ltr'>αυπακτέον·</span> <span class='ocrx_word' id='word_1_297' title='bbox 449 3421 522 3475; x_wconf 83' lang='grc' dir='ltr'>τὸ</span> <span class='ocrx_word' id='word_1_298' title='bbox 565 3419 719 3491; x_wconf 74' lang='grc' dir='ltr'>ἱερὸν</span> <span class='ocrx_word' id='word_1_299' title='bbox 766 3416 1058 3488; x_wconf 81' lang='grc' dir='ltr'>μελῴδημα</span> <span class='ocrx_word' id='word_1_300' title='bbox 1103 3415 1204 3485; x_wconf 82' lang='grc' dir='ltr'><strong>τῆς</strong></span> <span class='ocrx_word' id='word_1_301' title='bbox 1247 3415 1532 3477; x_wconf 74' lang='grc' dir='ltr'>ἐπιπνοίας</span> <span class='ocrx_word' id='word_1_302' title='bbox 1568 3412 1678 3466; x_wconf 83' lang='grc' dir='ltr'>τῶν</span> 
     </span>
    </p>
   </div>
   <div class='ocr_carea' id='block_1_51' title="bbox 106 3505 1676 3586">
    <p class='ocr_par' dir='ltr' id='par_1_51' title="bbox 106 3505 1676 3586">
     <span class='ocr_line' id='line_1_51' title="bbox 106 3505 1676 3586; baseline -0.006 -20"><span class='ocrx_word' id='word_1_303' title='bbox 106 3512 375 3586; x_wconf 75' lang='grc' dir='ltr'>θεολήπτων</span> <span class='ocrx_word' id='word_1_304' title='bbox 423 3510 869 3586; x_wconf 69' lang='grc' dir='ltr'>προφητῶν,ῖνα</span> <span class='ocrx_word' id='word_1_305' title='bbox 985 3508 1082 3562; x_wconf 76' lang='grc' dir='ltr'><strong>καὶ</strong></span> <span class='ocrx_word' id='word_1_306' title='bbox 1115 3507 1362 3560; x_wconf 82' lang='grc' dir='ltr'>τολοιπὸν</span> <span class='ocrx_word' id='word_1_307' title='bbox 1390 3509 1421 3559; x_wconf 80' lang='grc' dir='ltr'><strong>ὁ</strong></span> <span class='ocrx_word' id='word_1_308' title='bbox 1453 3507 1676 3559; x_wconf 80' lang='grc' dir='ltr'>ἐπίσκο-</span> 
     </span>
    </p>
   </div>
   <div class='ocr_carea' id='block_1_52' title="bbox 107 3599 1676 3676">
    <p class='ocr_par' dir='ltr' id='par_1_52' title="bbox 107 3599 1676 3676">
     <span class='ocr_line' id='line_1_52' title="bbox 107 3599 1676 3676; baseline -0.01 -10"><span class='ocrx_word' id='word_1_309' title='bbox 107 3621 203 3668; x_wconf 76' lang='grc' dir='ltr'><strong>πος,</strong></span> <span class='ocrx_word' id='word_1_310' title='bbox 225 3605 389 3660; x_wconf 77' lang='grc' dir='ltr'>εἰπὼν</span> <span class='ocrx_word' id='word_1_311' title='bbox 411 3607 486 3661; x_wconf 84' lang='grc' dir='ltr'><strong>τὸ</strong></span> <span class='ocrx_word' id='word_1_312' title='bbox 523 3603 679 3676; x_wconf 80' lang='grc' dir='ltr'>ἱερὸν</span> <span class='ocrx_word' id='word_1_313' title='bbox 707 3600 1000 3673; x_wconf 81' lang='grc' dir='ltr'><strong>μελῴδημα</strong></span> <span class='ocrx_word' id='word_1_314' title='bbox 1031 3601 1126 3653; x_wconf 82' lang='grc' dir='ltr'>τοῦ</span> <span class='ocrx_word' id='word_1_315' title='bbox 1149 3601 1304 3669; x_wconf 83' lang='grc' dir='ltr'>ἁγίου</span> <span class='ocrx_word' id='word_1_316' title='bbox 1338 3599 1676 3671; x_wconf 82' lang='grc' dir='ltr'><strong>Πνεύματος,</strong></span> 
     </span>
    </p>
   </div>
   <div class='ocr_carea' id='block_1_53' title="bbox 107 3693 1682 3770">
    <p class='ocr_par' dir='ltr' id='par_1_53' title="bbox 107 3693 1682 3770">
     <span class='ocr_line' id='line_1_53' title="bbox 107 3693 1682 3770; baseline -0.003 -20"><span class='ocrx_word' id='word_1_317' title='bbox 107 3697 216 3770; x_wconf 71' lang='grc' dir='ltr'>ὅπερ</span> <span class='ocrx_word' id='word_1_318' title='bbox 245 3700 395 3769; x_wconf 73' lang='grc' dir='ltr'>ἅγιον</span> <span class='ocrx_word' id='word_1_319' title='bbox 443 3697 690 3768; x_wconf 75' lang='grc' dir='ltr'><strong>Πνεῦμα</strong></span> <span class='ocrx_word' id='word_1_320' title='bbox 716 3698 750 3766; x_wconf 80' lang='grc' dir='ltr'>ἡ</span> <span class='ocrx_word' id='word_1_321' title='bbox 783 3695 1036 3749; x_wconf 74' lang='grc' dir='ltr'>ἐπίπνοιά</span> <span class='ocrx_word' id='word_1_322' title='bbox 1069 3697 1185 3748; x_wconf 73' lang='grc' dir='ltr'>ἐστι</span> <span class='ocrx_word' id='word_1_323' title='bbox 1216 3693 1324 3747; x_wconf 85' lang='grc' dir='ltr'>τῶν</span> <span class='ocrx_word' id='word_1_324' title='bbox 1360 3694 1521 3747; x_wconf 86' lang='grc' dir='ltr'>θείων</span> <span class='ocrx_word' id='word_1_325' title='bbox 1547 3709 1682 3765; x_wconf 85' lang='grc' dir='ltr'>προ-</span> 
     </span>
    </p>
   </div>
   <div class='ocr_carea' id='block_1_54' title="bbox 108 3784 1683 3864">
    <p class='ocr_par' dir='ltr' id='par_1_54' title="bbox 108 3784 1683 3864">
     <span class='ocr_line' id='line_1_54' title="bbox 108 3784 1683 3864; baseline -0.004 -21"><span class='ocrx_word' id='word_1_326' title='bbox 108 3789 280 3861; x_wconf 66' lang='grc' dir='ltr'><strong>φητῶν,</strong></span> <span class='ocrx_word' id='word_1_327' title='bbox 311 3792 544 3864; x_wconf 84' lang='grc' dir='ltr'>δέχεται</span> <span class='ocrx_word' id='word_1_328' title='bbox 581 3789 680 3842; x_wconf 83' lang='grc' dir='ltr'><strong>τὸν</strong></span> <span class='ocrx_word' id='word_1_329' title='bbox 715 3787 904 3858; x_wconf 72' lang='grc' dir='ltr'>ἄνδραο</span> <span class='ocrx_word' id='word_1_330' title='bbox 945 3787 1005 3839; x_wconf 82' lang='grc' dir='ltr'>οὐ</span> <span class='ocrx_word' id='word_1_331' title='bbox 1055 3786 1166 3857; x_wconf 84' lang='grc' dir='ltr'>γὰρ</span> <span class='ocrx_word' id='word_1_332' title='bbox 1209 3785 1271 3838; x_wconf 85' lang='grc' dir='ltr'>τὸ</span> <span class='ocrx_word' id='word_1_333' title='bbox 1317 3785 1462 3857; x_wconf 84' lang='grc' dir='ltr'>ἱερὸν</span> <span class='ocrx_word' id='word_1_334' title='bbox 1509 3784 1683 3856; x_wconf 83' lang='grc' dir='ltr'><strong>μελῴ-</strong></span> 
     </span>
    </p>
   </div>
   <div class='ocr_carea' id='block_1_55' title="bbox 105 3877 1684 3955">
    <p class='ocr_par' dir='ltr' id='par_1_55' title="bbox 105 3877 1684 3955">
     <span class='ocr_line' id='line_1_55' title="bbox 105 3877 1684 3955; baseline -0.003 -22"><span class='ocrx_word' id='word_1_335' title='bbox 105 3879 226 3954; x_wconf 79' lang='grc' dir='ltr'>δημιι</span> <span class='ocrx_word' id='word_1_336' title='bbox 257 3885 367 3939; x_wconf 84' lang='grc' dir='ltr'>τῶν</span> <span class='ocrx_word' id='word_1_337' title='bbox 408 3879 729 3955; x_wconf 82' lang='grc' dir='ltr'><strong>προφητῶν</strong></span> <span class='ocrx_word' id='word_1_338' title='bbox 769 3897 950 3950; x_wconf 84' lang='grc' dir='ltr'>φησιν·</span> <span class='ocrx_word' id='word_1_339' title='bbox 1004 3880 1064 3933; x_wconf 82' lang='grc' dir='ltr'>οὑ</span> <span class='ocrx_word' id='word_1_340' title='bbox 1103 3878 1302 3942; x_wconf 82' lang='grc' dir='ltr'>πάντες</span> <span class='ocrx_word' id='word_1_341' title='bbox 1333 3877 1442 3949; x_wconf 76' lang='grc' dir='ltr'><strong>γὰρ</strong></span> <span class='ocrx_word' id='word_1_342' title='bbox 1473 3879 1524 3930; x_wconf 87' lang='grc' dir='ltr'>οί</span> <span class='ocrx_word' id='word_1_343' title='bbox 1559 3894 1684 3949; x_wconf 83' lang='grc' dir='ltr'>προ-</span> 
     </span>
    </p>
   </div>
   <div class='ocr_carea' id='block_1_56' title="bbox 107 3967 1683 4044">
    <p class='ocr_par' dir='ltr' id='par_1_56' title="bbox 107 3967 1683 4044">
     <span class='ocr_line' id='line_1_56' title="bbox 107 3967 1683 4044; baseline -0.005 -15"><span class='ocrx_word' id='word_1_344' title='bbox 107 3973 246 4044; x_wconf 70' lang='grc' dir='ltr'>φῆται</span> <span class='ocrx_word' id='word_1_345' title='bbox 288 3972 449 4031; x_wconf 79' lang='grc' dir='ltr'>εἷπον</span> <span class='ocrx_word' id='word_1_346' title='bbox 497 3974 565 4028; x_wconf 79' lang='grc' dir='ltr'>τὸ</span> <span class='ocrx_word' id='word_1_347' title='bbox 619 3971 752 4026; x_wconf 79' lang='grc' dir='ltr'>αὐτὸ</span> <span class='ocrx_word' id='word_1_348' title='bbox 791 3971 848 4024; x_wconf 82' lang='grc' dir='ltr'><strong>ἓν</strong></span> <span class='ocrx_word' id='word_1_349' title='bbox 894 3967 1064 4042; x_wconf 80' lang='grc' dir='ltr'>ᾆσμα·</span> <span class='ocrx_word' id='word_1_350' title='bbox 1115 3969 1230 4024; x_wconf 77' lang='grc' dir='ltr'>ἐστι</span> <span class='ocrx_word' id='word_1_351' title='bbox 1275 3970 1332 4023; x_wconf 85' lang='grc' dir='ltr'>δὲ</span> <span class='ocrx_word' id='word_1_352' title='bbox 1365 3971 1393 4022; x_wconf 85' lang='grc' dir='ltr'>ὁ</span> <span class='ocrx_word' id='word_1_353' title='bbox 1435 3968 1683 4032; x_wconf 81' lang='grc' dir='ltr'>εἰκοστὸς</span> 
     </span>
    </p>
   </div>
   <div class='ocr_carea' id='block_1_57' title="bbox 105 4061 1679 4140">
    <p class='ocr_par' dir='ltr' id='par_1_57' title="bbox 105 4061 1679 4140">
     <span class='ocr_line' id='line_1_57' title="bbox 105 4061 1679 4140; baseline -0.003 -21"><span class='ocrx_word' id='word_1_354' title='bbox 105 4067 258 4135; x_wconf 69' lang='grc' dir='ltr'>ὄγδοος</span> <span class='ocrx_word' id='word_1_355' title='bbox 275 4068 526 4140; x_wconf 78' lang='grc' dir='ltr'>ψαλμός·</span> <span class='ocrx_word' id='word_1_356' title='bbox 560 4063 740 4134; x_wconf 81' lang='grc' dir='ltr'><strong>Φωνὴ</strong></span> <span class='ocrx_word' id='word_1_357' title='bbox 771 4064 994 4132; x_wconf 80' lang='grc' dir='ltr'>Κυρίου</span> <span class='ocrx_word' id='word_1_358' title='bbox 1024 4062 1122 4117; x_wconf 81' lang='grc' dir='ltr'><strong>ἐπὶ</strong></span> <span class='ocrx_word' id='word_1_359' title='bbox 1158 4061 1278 4117; x_wconf 82' lang='grc' dir='ltr'>τῶν</span> <span class='ocrx_word' id='word_1_360' title='bbox 1306 4061 1560 4128; x_wconf 79' lang='grc' dir='ltr'><strong>ὑδάτων,</strong></span> <span class='ocrx_word' id='word_1_361' title='bbox 1582 4061 1679 4116; x_wconf 79' lang='grc' dir='ltr'>καὶ</span> 
     </span>
    </p>
   </div>
   <div class='ocr_carea' id='block_1_58' title="bbox 106 4158 582 4231">
    <p class='ocr_par' dir='ltr' id='par_1_58' title="bbox 106 4158 582 4231">
     <span class='ocr_line' id='line_1_58' title="bbox 106 4158 582 4231; baseline 0 -19"><span class='ocrx_word' id='word_1_362' title='bbox 106 4159 154 4212; x_wconf 78' lang='grc' dir='ltr'><strong>τὸ</strong></span> <span class='ocrx_word' id='word_1_363' title='bbox 184 4158 582 4231; x_wconf 73' lang='grc' dir='ltr'><strong>Ἀλληλούῖα.</strong></span> 
     </span>
    </p>
   </div>
   <div class='ocr_carea' id='block_1_59' title="bbox 159 4248 1142 4320">
    <p class='ocr_par' dir='ltr' id='par_1_59' title="bbox 159 4248 1142 4320">
     <span class='ocr_line' id='line_1_59' title="bbox 159 4248 1142 4320; baseline -0.006 -12"><span class='ocrx_word' id='word_1_364' title='bbox 159 4252 590 4320; x_wconf 69' lang='grc' dir='ltr'><strong>Κατάλληνιον.</strong></span> <span class='ocrx_word' id='word_1_365' title='bbox 627 4249 890 4303; x_wconf 87' lang='grc' dir='ltr'>Τουτέστι</span> <span class='ocrx_word' id='word_1_366' title='bbox 922 4248 1142 4319; x_wconf 89' lang='grc' dir='ltr'>λευκήν.</span> 
     </span>
    </p>
   </div>
   <div class='ocr_carea' id='block_1_60' title="bbox 166 4338 1683 4416">
    <p class='ocr_par' dir='ltr' id='par_1_60' title="bbox 166 4338 1683 4416">
     <span class='ocr_line' id='line_1_60' title="bbox 166 4338 1683 4416; baseline -0.005 -16"><span class='ocrx_word' id='word_1_367' title='bbox 166 4346 243 4413; x_wconf 76' lang='grc' dir='ltr'><strong>Τῷ</strong></span> <span class='ocrx_word' id='word_1_368' title='bbox 258 4342 777 4416; x_wconf 75' lang='grc' dir='ltr'><strong>θεουρτικωτάτῳ.</strong></span> <span class='ocrx_word' id='word_1_369' title='bbox 805 4343 900 4414; x_wconf 91' lang='grc' dir='ltr'><strong>Γρ.</strong></span> <span class='ocrx_word' id='word_1_370' title='bbox 923 4344 979 4395; x_wconf 81' lang='grc' dir='ltr'><strong>ὲν</strong></span> <span class='ocrx_word' id='word_1_371' title='bbox 1002 4341 1164 4412; x_wconf 76' lang='grc' dir='ltr'>ἄλλῳ,</span> <span class='ocrx_word' id='word_1_372' title='bbox 1185 4338 1683 4408; x_wconf 70' lang='grc' dir='ltr'><strong>θεολογικωτάτῳ.</strong></span> 
     </span>
    </p>
   </div>
   <div class='ocr_carea' id='block_1_61' title="bbox 105 4430 1684 4511">
    <p class='ocr_par' dir='ltr' id='par_1_61' title="bbox 105 4430 1684 4511">
     <span class='ocr_line' id='line_1_61' title="bbox 105 4430 1684 4511; baseline -0.005 -20"><span class='ocrx_word' id='word_1_373' title='bbox 105 4437 166 4490; x_wconf 71' lang='lat'><strong>0-3</strong></span> <span class='ocrx_word' id='word_1_374' title='bbox 198 4439 323 4511; x_wconf 79' lang='grc' dir='ltr'><strong>χρὴ,</strong></span> <span class='ocrx_word' id='word_1_375' title='bbox 371 4439 538 4509; x_wconf 72' lang='grc' dir='ltr'>φησὶ,</span> <span class='ocrx_word' id='word_1_376' title='bbox 574 4436 670 4489; x_wconf 83' lang='grc' dir='ltr'>τὸν</span> <span class='ocrx_word' id='word_1_377' title='bbox 705 4435 1096 4504; x_wconf 77' lang='grc' dir='ltr'>ἐντυγχάνοντα</span> <span class='ocrx_word' id='word_1_378' title='bbox 1127 4435 1239 4496; x_wconf 87' lang='grc' dir='ltr'>τοῖς</span> <span class='ocrx_word' id='word_1_379' title='bbox 1274 4432 1412 4498; x_wconf 63' lang='grc' dir='ltr'><strong>Περὶ</strong></span> <span class='ocrx_word' id='word_1_380' title='bbox 1447 4430 1558 4498; x_wconf 82' lang='grc' dir='ltr'><strong>τῆς</strong></span> <span class='ocrx_word' id='word_1_381' title='bbox 1585 4430 1684 4484; x_wconf 82' lang='grc' dir='ltr'><strong>ὲκ-</strong></span> 
     </span>
    </p>
   </div>
   <div class='ocr_carea' id='block_1_62' title="bbox 107 4521 1684 4598">
    <p class='ocr_par' dir='ltr' id='par_1_62' title="bbox 107 4521 1684 4598">
     <span class='ocr_line' id='line_1_62' title="bbox 107 4521 1684 4598; baseline -0.006 -14"><span class='ocrx_word' id='word_1_382' title='bbox 107 4529 543 4598; x_wconf 71' lang='grc' dir='ltr'>κλησιαστικῆς</span> <span class='ocrx_word' id='word_1_383' title='bbox 562 4528 867 4595; x_wconf 78' lang='grc' dir='ltr'>ἱεραρχίας</span> <span class='ocrx_word' id='word_1_384' title='bbox 887 4526 1066 4596; x_wconf 81' lang='grc' dir='ltr'>λόγοις</span> <span class='ocrx_word' id='word_1_385' title='bbox 1095 4525 1190 4578; x_wconf 80' lang='grc' dir='ltr'><strong>τοῦ</strong></span> <span class='ocrx_word' id='word_1_386' title='bbox 1217 4525 1432 4596; x_wconf 87' lang='grc' dir='ltr'>Πατρὸς</span> <span class='ocrx_word' id='word_1_387' title='bbox 1475 4521 1684 4590; x_wconf 77' lang='grc' dir='ltr'><strong>ξενίζε-</strong></span> 
     </span>
    </p>
   </div>
   <div class='ocr_carea' id='block_1_63' title="bbox 1783 2111 3363 2186">
    <p class='ocr_par' dir='ltr' id='par_1_63' title="bbox 1783 2111 3363 2186">
     <span class='ocr_line' id='line_1_63' title="bbox 1783 2111 3363 2186; baseline 0.003 -19"><span class='ocrx_word' id='word_1_388' title='bbox 1783 2163 1788 2167; x_wconf 24' lang='grc' dir='ltr'><strong>Α</strong></span> <span class='ocrx_word' id='word_1_389' title='bbox 1848 2112 1891 2166; x_wconf 88' lang='grc' dir='ltr'><em>Τ</em></span> <span class='ocrx_word' id='word_1_390' title='bbox 1895 2111 2105 2167; x_wconf 76' lang='lat' dir='ltr'><strong>reducit</strong></span> <span class='ocrx_word' id='word_1_391' title='bbox 2130 2111 2199 2166; x_wconf 88' lang='lat' dir='ltr'><strong>ad</strong></span> <span class='ocrx_word' id='word_1_392' title='bbox 2230 2113 2501 2168; x_wconf 85' lang='lat' dir='ltr'><strong>orientem.</strong></span> <span class='ocrx_word' id='word_1_393' title='bbox 2535 2111 2650 2168; x_wconf 77' lang='lat' dir='ltr'><strong>Hoc</strong></span> <span class='ocrx_word' id='word_1_394' title='bbox 2687 2113 2809 2168; x_wconf 86' lang='lat' dir='ltr'><strong>loco</strong></span> <span class='ocrx_word' id='word_1_395' title='bbox 2838 2123 3152 2184; x_wconf 85' lang='lat' dir='ltr'><strong>precantem</strong></span> <span class='ocrx_word' id='word_1_396' title='bbox 3183 2122 3238 2170; x_wconf 90' lang='lat' dir='ltr'><strong>et</strong></span> <span class='ocrx_word' id='word_1_397' title='bbox 3269 2133 3363 2186; x_wconf 87' lang='lat' dir='ltr'><strong>pe-</strong></span> 
     </span>
    </p>
   </div>
   <div class='ocr_carea' id='block_1_64' title="bbox 1772 2204 3361 2276">
    <p class='ocr_par' dir='ltr' id='par_1_64' title="bbox 1772 2204 3361 2276">
     <span class='ocr_line' id='line_1_64' title="bbox 1772 2204 3361 2276; baseline 0.003 -18"><span class='ocrx_word' id='word_1_398' title='bbox 1772 2212 1982 2260; x_wconf 78' lang='lat' dir='ltr'><strong>tentem</strong></span> <span class='ocrx_word' id='word_1_399' title='bbox 2029 2204 2164 2259; x_wconf 77' lang='lat' dir='ltr'><strong>facit</strong></span> <span class='ocrx_word' id='word_1_400' title='bbox 2199 2224 2212 2259; x_wconf 93' lang='lat'><strong>:</strong></span> <span class='ocrx_word' id='word_1_401' title='bbox 2251 2205 2307 2258; x_wconf 89' lang='lat' dir='ltr'><strong>in</strong></span> <span class='ocrx_word' id='word_1_402' title='bbox 2355 2220 2421 2260; x_wconf 89' lang='lat' dir='ltr'><strong>eo</strong></span> <span class='ocrx_word' id='word_1_403' title='bbox 2471 2212 2656 2259; x_wconf 87' lang='lat' dir='ltr'><strong>autem</strong></span> <span class='ocrx_word' id='word_1_404' title='bbox 2705 2206 2894 2260; x_wconf 82' lang='lat' dir='ltr'><strong>habitu</strong></span> <span class='ocrx_word' id='word_1_405' title='bbox 2941 2223 3052 2276; x_wconf 89' lang='lat' dir='ltr'><strong>quo</strong></span> <span class='ocrx_word' id='word_1_406' title='bbox 3098 2222 3361 2264; x_wconf 87' lang='lat' dir='ltr'><strong>occasum</strong></span> 
     </span>
    </p>
   </div>
   <div class='ocr_carea' id='block_1_65' title="bbox 1775 2299 3356 2371">
    <p class='ocr_par' dir='ltr' id='par_1_65' title="bbox 1775 2299 3356 2371">
     <span class='ocr_line' id='line_1_65' title="bbox 1775 2299 3356 2371; baseline -0.002 -14"><span class='ocrx_word' id='word_1_407' title='bbox 1775 2308 2008 2371; x_wconf 82' lang='lat' dir='ltr'><strong>spectat,</strong></span> <span class='ocrx_word' id='word_1_408' title='bbox 2042 2307 2304 2371; x_wconf 87' lang='lat' dir='ltr'><strong>tanquam</strong></span> <span class='ocrx_word' id='word_1_409' title='bbox 2355 2299 2714 2370; x_wconf 77' lang='lat' dir='ltr'><strong>expellentem</strong></span> <span class='ocrx_word' id='word_1_410' title='bbox 2757 2314 2924 2369; x_wconf 80' lang='lat' dir='ltr'><strong>Opera</strong></span> <span class='ocrx_word' id='word_1_411' title='bbox 2979 2301 3356 2356; x_wconf 83' lang='lat' dir='ltr'><strong>tenebrarum.</strong></span> 
     </span>
    </p>
   </div>
   <div class='ocr_carea' id='block_1_66' title="bbox 1767 2389 3360 2462">
    <p class='ocr_par' dir='ltr' id='par_1_66' title="bbox 1767 2389 3360 2462">
     <span class='ocr_line' id='line_1_66' title="bbox 1767 2389 3360 2462; baseline -0.002 -17"><span class='ocrx_word' id='word_1_412' title='bbox 1767 2391 1914 2446; x_wconf 78' lang='lat' dir='ltr'><strong>Nota</strong></span> <span class='ocrx_word' id='word_1_413' title='bbox 1958 2400 2074 2444; x_wconf 90' lang='lat' dir='ltr'><strong>tum</strong></span> <span class='ocrx_word' id='word_1_414' title='bbox 2119 2391 2384 2445; x_wconf 89' lang='lat' dir='ltr'><strong>diaconos</strong></span> <span class='ocrx_word' id='word_1_415' title='bbox 2429 2389 2717 2445; x_wconf 88' lang='lat' dir='ltr'><strong>detrahere</strong></span> <span class='ocrx_word' id='word_1_416' title='bbox 2747 2397 2929 2444; x_wconf 79' lang='lat' dir='ltr'><strong>vestes</strong></span> <span class='ocrx_word' id='word_1_417' title='bbox 2958 2389 3026 2444; x_wconf 90' lang='lat' dir='ltr'><strong>iis</strong></span> <span class='ocrx_word' id='word_1_418' title='bbox 3054 2391 3145 2462; x_wconf 90' lang='lat' dir='ltr'><strong>qui</strong></span> <span class='ocrx_word' id='word_1_419' title='bbox 3177 2389 3360 2460; x_wconf 88' lang='lat' dir='ltr'><strong>bapti-</strong></span> 
     </span>
    </p>
   </div>
   <div class='ocr_carea' id='block_1_67' title="bbox 1776 2480 3366 2555">
    <p class='ocr_par' dir='ltr' id='par_1_67' title="bbox 1776 2480 3366 2555">
     <span class='ocr_line' id='line_1_67' title="bbox 1776 2480 3366 2555; baseline -0.004 -13"><span class='ocrx_word' id='word_1_420' title='bbox 1776 2487 2077 2551; x_wconf 81' lang='lat' dir='ltr'><strong>zabantur;</strong></span> <span class='ocrx_word' id='word_1_421' title='bbox 2124 2485 2474 2555; x_wconf 88' lang='lat' dir='ltr'><strong>presbyteros</strong></span> <span class='ocrx_word' id='word_1_422' title='bbox 2516 2489 2697 2536; x_wconf 89' lang='lat' dir='ltr'><strong>autem</strong></span> <span class='ocrx_word' id='word_1_423' title='bbox 2746 2480 2946 2536; x_wconf 79' lang='lat' dir='ltr'><strong>iecisse</strong></span> <span class='ocrx_word' id='word_1_424' title='bbox 2993 2482 3201 2552; x_wconf 89' lang='lat' dir='ltr'><strong>reliqua</strong></span> <span class='ocrx_word' id='word_1_425' title='bbox 3239 2497 3366 2552; x_wconf 68' lang='lat' dir='ltr'><strong>qua:</strong></span> 
     </span>
    </p>
   </div>
   <div class='ocr_carea' id='block_1_68' title="bbox 1775 2570 3361 2640">
    <p class='ocr_par' dir='ltr' id='par_1_68' title="bbox 1775 2570 3361 2640">
     <span class='ocr_line' id='line_1_68' title="bbox 1775 2570 3361 2640; baseline -0.003 -12"><span class='ocrx_word' id='word_1_426' title='bbox 1775 2589 1926 2628; x_wconf 87' lang='lat' dir='ltr'><strong>nunc</strong></span> <span class='ocrx_word' id='word_1_427' title='bbox 1949 2573 2167 2628; x_wconf 86' lang='lat' dir='ltr'><strong>diaconi</strong></span> <span class='ocrx_word' id='word_1_428' title='bbox 2200 2572 2432 2636; x_wconf 79' lang='lat' dir='ltr'><strong>faciunt,</strong></span> <span class='ocrx_word' id='word_1_429' title='bbox 2461 2571 2605 2626; x_wconf 88' lang='lat' dir='ltr'><strong>sicut</strong></span> <span class='ocrx_word' id='word_1_430' title='bbox 2635 2571 2800 2640; x_wconf 89' lang='lat' dir='ltr'><strong>paulo</strong></span> <span class='ocrx_word' id='word_1_431' title='bbox 2839 2578 2964 2625; x_wconf 88' lang='lat' dir='ltr'><strong>ante</strong></span> <span class='ocrx_word' id='word_1_432' title='bbox 2997 2570 3361 2639; x_wconf 78' lang='lat' dir='ltr'><strong>intellexisti;</strong></span> 
     </span>
    </p>
   </div>
   <div class='ocr_carea' id='block_1_69' title="bbox 1776 2662 3367 2735">
    <p class='ocr_par' dir='ltr' id='par_1_69' title="bbox 1776 2662 3367 2735">
     <span class='ocr_line' id='line_1_69' title="bbox 1776 2662 3367 2735; baseline -0.004 -11"><span class='ocrx_word' id='word_1_433' title='bbox 1776 2677 1830 2724; x_wconf 88' lang='lat' dir='ltr'><strong>et</strong></span> <span class='ocrx_word' id='word_1_434' title='bbox 1861 2667 1916 2720; x_wconf 93' lang='lat' dir='ltr'><strong>in</strong></span> <span class='ocrx_word' id='word_1_435' title='bbox 1959 2665 2028 2721; x_wconf 88' lang='lat' dir='ltr'><strong>iis</strong></span> <span class='ocrx_word' id='word_1_436' title='bbox 2067 2671 2248 2718; x_wconf 87' lang='lat' dir='ltr'><strong>autem</strong></span> <span class='ocrx_word' id='word_1_437' title='bbox 2289 2679 2411 2734; x_wconf 78' lang='lat' dir='ltr'><strong>quae</strong></span> <span class='ocrx_word' id='word_1_438' title='bbox 2459 2671 2768 2735; x_wconf 89' lang='lat' dir='ltr'><strong>sequuntur</strong></span> <span class='ocrx_word' id='word_1_439' title='bbox 2821 2663 3088 2731; x_wconf 85' lang='lat' dir='ltr'><strong>invenies,</strong></span> <span class='ocrx_word' id='word_1_440' title='bbox 3121 2662 3268 2735; x_wconf 91' lang='lat' dir='ltr'><strong>quod</strong></span> <span class='ocrx_word' id='word_1_441' title='bbox 3298 2663 3367 2718; x_wconf 86' lang='lat' dir='ltr'><strong>li-</strong></span> 
     </span>
    </p>
   </div>
   <div class='ocr_carea' id='block_1_70' title="bbox 1778 2757 3362 2831">
    <p class='ocr_par' dir='ltr' id='par_1_70' title="bbox 1778 2757 3362 2831">
     <span class='ocr_line' id='line_1_70' title="bbox 1778 2757 3362 2831; baseline 0 -18"><span class='ocrx_word' id='word_1_442' title='bbox 1778 2768 1966 2831; x_wconf 83' lang='lat' dir='ltr'><strong>turgos</strong></span> <span class='ocrx_word' id='word_1_443' title='bbox 2015 2766 2171 2813; x_wconf 80' lang='lat' dir='ltr'><strong>vocet</strong></span> <span class='ocrx_word' id='word_1_444' title='bbox 2219 2757 2523 2822; x_wconf 84' lang='lat' dir='ltr'><strong>diaconos,</strong></span> <span class='ocrx_word' id='word_1_445' title='bbox 2577 2764 2632 2813; x_wconf 86' lang='lat' dir='ltr'><strong>et</strong></span> <span class='ocrx_word' id='word_1_446' title='bbox 2684 2757 3040 2828; x_wconf 85' lang='lat' dir='ltr'><strong>presbyteros</strong></span> <span class='ocrx_word' id='word_1_447' title='bbox 3100 2758 3362 2814; x_wconf 74' lang='lat' dir='ltr'><strong>sacerdoo</strong></span> 
     </span>
    </p>
   </div>
   <div class='ocr_carea' id='block_1_71' title="bbox 1775 2861 1881 2908">
    <p class='ocr_par' dir='ltr' id='par_1_71' title="bbox 1775 2861 1881 2908">
     <span class='ocr_line' id='line_1_71' title="bbox 1775 2861 1881 2908; baseline -0.009 0"><span class='ocrx_word' id='word_1_448' title='bbox 1775 2861 1881 2908; x_wconf 88' lang='lat' dir='ltr'><strong>tes.</strong></span> 
     </span>
    </p>
   </div>
   <div class='ocr_carea' id='block_1_72' title="bbox 1850 2941 3289 3018">
    <p class='ocr_par' dir='ltr' id='par_1_72' title="bbox 1850 2941 3289 3018">
     <span class='ocr_line' id='line_1_72' title="bbox 1850 2941 3289 3018; baseline 0.001 -20"><span class='ocrx_word' id='word_1_449' title='bbox 1850 2946 1879 3018; x_wconf 69' lang='grc' dir='ltr'><strong>ς</strong></span> <span class='ocrx_word' id='word_1_450' title='bbox 1908 2943 2023 3000; x_wconf 73' lang='grc' dir='ltr'>νιι.</span> <span class='ocrx_word' id='word_1_451' title='bbox 2056 2941 2449 3000; x_wconf 78' lang='lat' dir='ltr'><strong>Ministrorum.</strong></span> <span class='ocrx_word' id='word_1_452' title='bbox 2498 2941 2783 2998; x_wconf 82' lang='lat' dir='ltr'><strong>Ministros</strong></span> <span class='ocrx_word' id='word_1_453' title='bbox 2813 2951 2975 3000; x_wconf 87' lang='lat' dir='ltr'><strong>vocat</strong></span> <span class='ocrx_word' id='word_1_454' title='bbox 3003 2944 3289 3000; x_wconf 86' lang='lat' dir='ltr'><strong>diaconos.</strong></span> 
     </span>
    </p>
   </div>
   <div class='ocr_carea' id='block_1_73' title="bbox 1812 3123 3364 3194">
    <p class='ocr_par' dir='ltr' id='par_1_73' title="bbox 1812 3123 3364 3194">
     <span class='ocr_line' id='line_1_73' title="bbox 1812 3123 3364 3194; baseline -0.003 -11"><span class='ocrx_word' id='word_1_455' title='bbox 1812 3180 1813 3183; x_wconf 44' lang='grc' dir='ltr'>η</span> <span class='ocrx_word' id='word_1_456' title='bbox 1850 3132 2079 3180; x_wconf 71' lang='lat' dir='ltr'><strong>Matrem</strong></span> <span class='ocrx_word' id='word_1_457' title='bbox 2114 3124 2432 3193; x_wconf 80' lang='lat' dir='ltr'><strong>adoptionis.</strong></span> <span class='ocrx_word' id='word_1_458' title='bbox 2466 3123 2694 3178; x_wconf 81' lang='lat' dir='ltr'><strong>Matrem</strong></span> <span class='ocrx_word' id='word_1_459' title='bbox 2724 3129 3037 3194; x_wconf 82' lang='lat' dir='ltr'><strong>accptioms</strong></span> <span class='ocrx_word' id='word_1_460' title='bbox 3067 3139 3364 3193; x_wconf 84' lang='lat' dir='ltr'><strong>piscmam,</strong></span> 
     </span>
    </p>
   </div>
   <div class='ocr_carea' id='block_1_74' title="bbox 1781 3216 2509 3286">
    <p class='ocr_par' dir='ltr' id='par_1_74' title="bbox 1781 3216 2509 3286">
     <span class='ocr_line' id='line_1_74' title="bbox 1781 3216 2509 3286; baseline -0.01 -11"><span class='ocrx_word' id='word_1_461' title='bbox 1781 3233 1877 3276; x_wconf 86' lang='lat' dir='ltr'><strong>seu</strong></span> <span class='ocrx_word' id='word_1_462' title='bbox 1910 3216 2312 3286; x_wconf 84' lang='lat' dir='ltr'><strong>baptisterium,</strong></span> <span class='ocrx_word' id='word_1_463' title='bbox 2328 3220 2509 3268; x_wconf 88' lang='lat' dir='ltr'><strong>vocat.</strong></span> 
     </span>
    </p>
   </div>
   <div class='ocr_carea' id='block_1_75' title="bbox 1705 3270 3366 3378">
    <p class='ocr_par' dir='ltr' id='par_1_75' title="bbox 1705 3270 3366 3378">
     <span class='ocr_line' id='line_1_75' title="bbox 1705 3270 3366 3378; baseline -0.001 -14"><span class='ocrx_word' id='word_1_464' title='bbox 1705 3270 1750 3333; x_wconf 62' lang='grc' dir='ltr'>Ε</span> <span class='ocrx_word' id='word_1_465' title='bbox 1853 3309 2079 3365; x_wconf 79' lang='lat' dir='ltr'><strong>Sacrum</strong></span> <span class='ocrx_word' id='word_1_466' title='bbox 2127 3308 2236 3362; x_wconf 87' lang='lat' dir='ltr'><strong>Deo</strong></span> <span class='ocrx_word' id='word_1_467' title='bbox 2279 3308 2599 3378; x_wconf 69' lang='lat' dir='ltr'><strong>amatorum.</strong></span> <span class='ocrx_word' id='word_1_468' title='bbox 2635 3306 2729 3361; x_wconf 91' lang='lat' dir='ltr'><strong>Sic</strong></span> <span class='ocrx_word' id='word_1_469' title='bbox 2778 3306 3150 3362; x_wconf 86' lang='lat' dir='ltr'><strong>construenda</strong></span> <span class='ocrx_word' id='word_1_470' title='bbox 3188 3307 3366 3362; x_wconf 86' lang='lat' dir='ltr'><strong>oratio</strong></span> 
     </span>
    </p>
   </div>
   <div class='ocr_carea' id='block_1_76' title="bbox 1778 3397 3361 3469">
    <p class='ocr_par' dir='ltr' id='par_1_76' title="bbox 1778 3397 3361 3469">
     <span class='ocr_line' id='line_1_76' title="bbox 1778 3397 3361 3469; baseline -0.006 -9"><span class='ocrx_word' id='word_1_471' title='bbox 1778 3411 1864 3460; x_wconf 83' lang='lat' dir='ltr'><strong>est</strong></span> <span class='ocrx_word' id='word_1_472' title='bbox 1893 3422 1906 3458; x_wconf 91' lang='lat'>:</span> <span class='ocrx_word' id='word_1_473' title='bbox 1937 3401 2162 3456; x_wconf 87' lang='lat' dir='ltr'><strong>Sacram</strong></span> <span class='ocrx_word' id='word_1_474' title='bbox 2193 3398 2620 3454; x_wconf 87' lang='lat' dir='ltr'><strong>modulationem</strong></span> <span class='ocrx_word' id='word_1_475' title='bbox 2652 3399 3034 3468; x_wconf 87' lang='lat' dir='ltr'><strong>inspirationis</strong></span> <span class='ocrx_word' id='word_1_476' title='bbox 3061 3397 3361 3469; x_wconf 78' lang='lat' dir='ltr'><strong>propheta—</strong></span> 
     </span>
    </p>
   </div>
   <div class='ocr_carea' id='block_1_77' title="bbox 1780 3492 3366 3567">
    <p class='ocr_par' dir='ltr' id='par_1_77' title="bbox 1780 3492 3366 3567">
     <span class='ocr_line' id='line_1_77' title="bbox 1780 3492 3366 3567; baseline -0.005 -15"><span class='ocrx_word' id='word_1_477' title='bbox 1780 3512 1925 3565; x_wconf 90' lang='lat' dir='ltr'><strong>rum,</strong></span> <span class='ocrx_word' id='word_1_478' title='bbox 1962 3496 2056 3567; x_wconf 91' lang='lat' dir='ltr'><strong>qui</strong></span> <span class='ocrx_word' id='word_1_479' title='bbox 2109 3493 2294 3549; x_wconf 87' lang='lat' dir='ltr'><strong>divina</strong></span> <span class='ocrx_word' id='word_1_480' title='bbox 2341 3502 2524 3547; x_wconf 90' lang='lat' dir='ltr'><strong>mente</strong></span> <span class='ocrx_word' id='word_1_481' title='bbox 2566 3493 2801 3561; x_wconf 86' lang='lat' dir='ltr'><strong>permoti</strong></span> <span class='ocrx_word' id='word_1_482' title='bbox 2852 3501 3018 3559; x_wconf 90' lang='lat' dir='ltr'><strong>sunt,</strong></span> <span class='ocrx_word' id='word_1_483' title='bbox 3058 3499 3118 3546; x_wconf 87' lang='lat' dir='ltr'><strong>ut</strong></span> <span class='ocrx_word' id='word_1_484' title='bbox 3170 3492 3366 3547; x_wconf 81' lang='lat' dir='ltr'><strong>sitzct</strong></span> 
     </span>
    </p>
   </div>
   <div class='ocr_carea' id='block_1_78' title="bbox 1781 3585 3370 3660">
    <p class='ocr_par' dir='ltr' id='par_1_78' title="bbox 1781 3585 3370 3660">
     <span class='ocr_line' id='line_1_78' title="bbox 1781 3585 3370 3660; baseline -0.006 -12"><span class='ocrx_word' id='word_1_485' title='bbox 1781 3592 2041 3660; x_wconf 87' lang='lat' dir='ltr'><strong>deinceps</strong></span> <span class='ocrx_word' id='word_1_486' title='bbox 2070 3588 2384 3658; x_wconf 90' lang='lat' dir='ltr'><strong>episcopus,</strong></span> <span class='ocrx_word' id='word_1_487' title='bbox 2406 3601 2532 3640; x_wconf 88' lang='lat' dir='ltr'><strong>cum</strong></span> <span class='ocrx_word' id='word_1_488' title='bbox 2562 3585 2700 3640; x_wconf 84' lang='lat' dir='ltr'><strong>dixit</strong></span> <span class='ocrx_word' id='word_1_489' title='bbox 2729 3602 2947 3641; x_wconf 88' lang='lat' dir='ltr'><strong>sacrum</strong></span> <span class='ocrx_word' id='word_1_490' title='bbox 2979 3601 3204 3642; x_wconf 88' lang='lat' dir='ltr'><strong>carmen</strong></span> <span class='ocrx_word' id='word_1_491' title='bbox 3238 3601 3370 3640; x_wconf 85' lang='lat' dir='ltr'><strong>san-</strong></span> 
     </span>
    </p>
   </div>
   <div class='ocr_carea' id='block_1_79' title="bbox 1782 3675 3372 3752">
    <p class='ocr_par' dir='ltr' id='par_1_79' title="bbox 1782 3675 3372 3752">
     <span class='ocr_line' id='line_1_79' title="bbox 1782 3675 3372 3752; baseline -0.007 -13"><span class='ocrx_word' id='word_1_492' title='bbox 1782 3684 1854 3740; x_wconf 88' lang='lat' dir='ltr'><strong>cti</strong></span> <span class='ocrx_word' id='word_1_493' title='bbox 1898 3682 2170 3752; x_wconf 88' lang='lat' dir='ltr'><strong>Spiritus,</strong></span> <span class='ocrx_word' id='word_1_494' title='bbox 2221 3679 2316 3750; x_wconf 88' lang='lat' dir='ltr'><strong>qui</strong></span> <span class='ocrx_word' id='word_1_495' title='bbox 2367 3684 2596 3734; x_wconf 90' lang='lat' dir='ltr'><strong>sanctus</strong></span> <span class='ocrx_word' id='word_1_496' title='bbox 2655 3675 2893 3748; x_wconf 88' lang='lat' dir='ltr'><strong>Spiritus</strong></span> <span class='ocrx_word' id='word_1_497' title='bbox 2941 3676 3232 3746; x_wconf 83' lang='lat' dir='ltr'><strong>inspiratio</strong></span> <span class='ocrx_word' id='word_1_498' title='bbox 3286 3681 3372 3732; x_wconf 82' lang='lat' dir='ltr'><strong>est</strong></span> 
     </span>
    </p>
   </div>
   <div class='ocr_carea' id='block_1_80' title="bbox 1782 3765 3373 3844">
    <p class='ocr_par' dir='ltr' id='par_1_80' title="bbox 1782 3765 3373 3844">
     <span class='ocr_line' id='line_1_80' title="bbox 1782 3765 3373 3844; baseline -0.006 -16"><span class='ocrx_word' id='word_1_499' title='bbox 1782 3773 2169 3844; x_wconf 86' lang='lat' dir='ltr'><strong>prophetarum</strong></span> <span class='ocrx_word' id='word_1_500' title='bbox 2192 3809 2208 3833; x_wconf 91' lang='lat'><strong>,</strong></span> <span class='ocrx_word' id='word_1_501' title='bbox 2256 3769 2435 3823; x_wconf 86' lang='lat' dir='ltr'><strong>virum</strong></span> <span class='ocrx_word' id='word_1_502' title='bbox 2471 3767 2686 3838; x_wconf 89' lang='lat' dir='ltr'><strong>accipit.</strong></span> <span class='ocrx_word' id='word_1_503' title='bbox 2746 3766 2863 3822; x_wconf 82' lang='lat' dir='ltr'><strong>Non</strong></span> <span class='ocrx_word' id='word_1_504' title='bbox 2908 3776 3087 3821; x_wconf 86' lang='lat' dir='ltr'><strong>autem</strong></span> <span class='ocrx_word' id='word_1_505' title='bbox 3112 3765 3247 3821; x_wconf 91' lang='lat' dir='ltr'><strong>dicit</strong></span> <span class='ocrx_word' id='word_1_506' title='bbox 3281 3779 3373 3820; x_wconf 85' lang='lat' dir='ltr'><strong>sa-</strong></span> 
     </span>
    </p>
   </div>
   <div class='ocr_carea' id='block_1_81' title="bbox 1783 3857 3374 3931">
    <p class='ocr_par' dir='ltr' id='par_1_81' title="bbox 1783 3857 3374 3931">
     <span class='ocr_line' id='line_1_81' title="bbox 1783 3857 3374 3931; baseline -0.006 -11"><span class='ocrx_word' id='word_1_507' title='bbox 1783 3881 1940 3921; x_wconf 91' lang='lat' dir='ltr'><strong>crum</strong></span> <span class='ocrx_word' id='word_1_508' title='bbox 1989 3877 2209 3919; x_wconf 87' lang='lat' dir='ltr'><strong>carmen</strong></span> <span class='ocrx_word' id='word_1_509' title='bbox 2260 3860 2678 3931; x_wconf 86' lang='lat' dir='ltr'><strong>prophetarum.</strong></span> <span class='ocrx_word' id='word_1_510' title='bbox 2734 3859 2854 3914; x_wconf 83' lang='lat' dir='ltr'><strong>Non</strong></span> <span class='ocrx_word' id='word_1_511' title='bbox 2908 3859 3053 3914; x_wconf 89' lang='lat' dir='ltr'><strong>enim</strong></span> <span class='ocrx_word' id='word_1_512' title='bbox 3096 3857 3374 3928; x_wconf 66' lang='lat' dir='ltr'><strong>prophetat</strong></span> 
     </span>
    </p>
   </div>
   <div class='ocr_carea' id='block_1_82' title="bbox 1783 3947 3371 4022">
    <p class='ocr_par' dir='ltr' id='par_1_82' title="bbox 1783 3947 3371 4022">
     <span class='ocr_line' id='line_1_82' title="bbox 1783 3947 3371 4022; baseline -0.008 -8"><span class='ocrx_word' id='word_1_513' title='bbox 1783 3972 1978 4014; x_wconf 86' lang='lat' dir='ltr'><strong>omnes</strong></span> <span class='ocrx_word' id='word_1_514' title='bbox 2024 3969 2194 4010; x_wconf 91' lang='lat' dir='ltr'><strong>unum</strong></span> <span class='ocrx_word' id='word_1_515' title='bbox 2241 3959 2406 4022; x_wconf 86' lang='lat' dir='ltr'><strong>atque</strong></span> <span class='ocrx_word' id='word_1_516' title='bbox 2453 3952 2596 4007; x_wconf 89' lang='lat' dir='ltr'><strong>idem</strong></span> <span class='ocrx_word' id='word_1_517' title='bbox 2635 3951 2913 4005; x_wconf 89' lang='lat' dir='ltr'><strong>canticum</strong></span> <span class='ocrx_word' id='word_1_518' title='bbox 2958 3947 3237 4004; x_wconf 76' lang='lat' dir='ltr'><strong>dixerunt.</strong></span> <span class='ocrx_word' id='word_1_519' title='bbox 3270 3947 3371 4003; x_wconf 88' lang='lat' dir='ltr'><strong>Est</strong></span> 
     </span>
    </p>
   </div>
   <div class='ocr_carea' id='block_1_83' title="bbox 1785 4041 3368 4114">
    <p class='ocr_par' dir='ltr' id='par_1_83' title="bbox 1785 4041 3368 4114">
     <span class='ocr_line' id='line_1_83' title="bbox 1785 4041 3368 4114; baseline -0.004 -12"><span class='ocrx_word' id='word_1_520' title='bbox 1785 4055 1970 4103; x_wconf 88' lang='lat' dir='ltr'><strong>autem</strong></span> <span class='ocrx_word' id='word_1_521' title='bbox 2014 4061 2187 4100; x_wconf 78' lang='lat' dir='ltr'><strong>xxvm</strong></span> <span class='ocrx_word' id='word_1_522' title='bbox 2231 4044 2476 4114; x_wconf 88' lang='lat' dir='ltr'><strong>psalmus</strong></span> <span class='ocrx_word' id='word_1_523' title='bbox 2517 4062 2529 4097; x_wconf 92' lang='lat'><strong>:</strong></span> <span class='ocrx_word' id='word_1_524' title='bbox 2581 4042 2695 4096; x_wconf 71' lang='lat' dir='ltr'><strong>Vox</strong></span> <span class='ocrx_word' id='word_1_525' title='bbox 2726 4041 2945 4096; x_wconf 85' lang='lat' dir='ltr'><strong>Domini</strong></span> <span class='ocrx_word' id='word_1_526' title='bbox 2987 4058 3145 4112; x_wconf 78' lang='lat' dir='ltr'><strong>super</strong></span> <span class='ocrx_word' id='word_1_527' title='bbox 3177 4057 3368 4113; x_wconf 72' lang='lat' dir='ltr'><strong>aquas,</strong></span> 
     </span>
    </p>
   </div>
   <div class='ocr_carea' id='block_1_84' title="bbox 1783 4139 2126 4197">
    <p class='ocr_par' dir='ltr' id='par_1_84' title="bbox 1783 4139 2126 4197">
     <span class='ocr_line' id='line_1_84' title="bbox 1783 4139 2126 4197; baseline -0.003 0"><span class='ocrx_word' id='word_1_528' title='bbox 1783 4148 1840 4197; x_wconf 89' lang='lat' dir='ltr'><strong>et</strong></span> <span class='ocrx_word' id='word_1_529' title='bbox 1869 4139 2126 4196; x_wconf 83' lang='lat' dir='ltr'><strong>Alleluia.</strong></span> 
     </span>
    </p>
   </div>
   <div class='ocr_carea' id='block_1_85' title="bbox 1857 4230 2508 4302">
    <p class='ocr_par' dir='ltr' id='par_1_85' title="bbox 1857 4230 2508 4302">
     <span class='ocr_line' id='line_1_85' title="bbox 1857 4230 2508 4302; baseline -0.006 -15"><span class='ocrx_word' id='word_1_530' title='bbox 1857 4230 2124 4302; x_wconf 84' lang='lat' dir='ltr'><strong>Congrua.</strong></span> <span class='ocrx_word' id='word_1_531' title='bbox 2157 4230 2215 4286; x_wconf 88' lang='lat' dir='ltr'><strong>id</strong></span> <span class='ocrx_word' id='word_1_532' title='bbox 2249 4241 2334 4286; x_wconf 89' lang='lat' dir='ltr'><strong>est</strong></span> <span class='ocrx_word' id='word_1_533' title='bbox 2362 4230 2508 4285; x_wconf 88' lang='lat' dir='ltr'><strong>alba.</strong></span> 
     </span>
    </p>
   </div>
   <div class='ocr_carea' id='block_1_86' title="bbox 1857 4317 3374 4388">
    <p class='ocr_par' dir='ltr' id='par_1_86' title="bbox 1857 4317 3374 4388">
     <span class='ocr_line' id='line_1_86' title="bbox 1857 4317 3374 4388; baseline -0.005 -10"><span class='ocrx_word' id='word_1_534' title='bbox 1857 4324 2123 4378; x_wconf 79' lang='lat' dir='ltr'><strong>Divinitus</strong></span> <span class='ocrx_word' id='word_1_535' title='bbox 2170 4332 2495 4378; x_wconf 81' lang='lat' dir='ltr'><strong>consecrato.</strong></span> <span class='ocrx_word' id='word_1_536' title='bbox 2547 4321 2820 4376; x_wconf 88' lang='lat' dir='ltr'><strong>Scribitur</strong></span> <span class='ocrx_word' id='word_1_537' title='bbox 2857 4320 2912 4375; x_wconf 90' lang='lat' dir='ltr'><strong>in</strong></span> <span class='ocrx_word' id='word_1_538' title='bbox 2954 4319 3094 4384; x_wconf 87' lang='lat' dir='ltr'><strong>alio,</strong></span> <span class='ocrx_word' id='word_1_539' title='bbox 3133 4317 3374 4388; x_wconf 83' lang='grc' dir='ltr'>θεολογι-</span> 
     </span>
    </p>
   </div>
   <div class='ocr_carea' id='block_1_87' title="bbox 1786 4401 3374 4486">
    <p class='ocr_par' dir='ltr' id='par_1_87' title="bbox 1786 4401 3374 4486">
     <span class='ocr_line' id='line_1_87' title="bbox 1786 4401 3374 4486; baseline -0.004 -16"><span class='ocrx_word' id='word_1_540' title='bbox 1786 4415 2036 4486; x_wconf 80' lang='grc' dir='ltr'>κωτάτῳ,</span> <span class='ocrx_word' id='word_1_541' title='bbox 2063 4401 2158 4470; x_wconf 90' lang='lat' dir='ltr'><strong>seu</strong></span> <span class='ocrx_word' id='word_1_542' title='bbox 2182 4416 2410 4468; x_wconf 74' lang='lat' dir='ltr'><strong>maxime</strong></span> <span class='ocrx_word' id='word_1_543' title='bbox 2438 4412 2725 4482; x_wconf 83' lang='lat' dir='ltr'><strong>theologica</strong></span> <span class='ocrx_word' id='word_1_544' title='bbox 2766 4411 2932 4483; x_wconf 90' lang='lat' dir='ltr'><strong>(quod</strong></span> <span class='ocrx_word' id='word_1_545' title='bbox 2983 4409 3132 4480; x_wconf 90' lang='lat' dir='ltr'><strong>loqui</strong></span> <span class='ocrx_word' id='word_1_546' title='bbox 3163 4409 3231 4465; x_wconf 89' lang='lat' dir='ltr'><strong>de</strong></span> <span class='ocrx_word' id='word_1_547' title='bbox 3263 4408 3374 4464; x_wconf 86' lang='lat' dir='ltr'><strong>Deo</strong></span> 
     </span>
    </p>
   </div>
   <div class='ocr_carea' id='block_1_88' title="bbox 1789 4499 3375 4576">
    <p class='ocr_par' dir='ltr' id='par_1_88' title="bbox 1789 4499 3375 4576">
     <span class='ocr_line' id='line_1_88' title="bbox 1789 4499 3375 4576; baseline -0.004 -17"><span class='ocrx_word' id='word_1_548' title='bbox 1789 4504 1918 4561; x_wconf 85' lang='lat' dir='ltr'><strong>facit</strong></span> <span class='ocrx_word' id='word_1_549' title='bbox 1946 4521 2111 4576; x_wconf 88' lang='lat' dir='ltr'><strong>quam</strong></span> <span class='ocrx_word' id='word_1_550' title='bbox 2143 4503 2426 4572; x_wconf 83' lang='lat' dir='ltr'><strong>maxime).</strong></span> <span class='ocrx_word' id='word_1_551' title='bbox 2457 4501 2577 4556; x_wconf 83' lang='lat' dir='ltr'><strong>Non</strong></span> <span class='ocrx_word' id='word_1_552' title='bbox 2607 4509 2844 4572; x_wconf 83' lang='lat' dir='ltr'><strong>Oportet,</strong></span> <span class='ocrx_word' id='word_1_553' title='bbox 2879 4501 3083 4570; x_wconf 83' lang='lat' dir='ltr'><strong>inquit,</strong></span> <span class='ocrx_word' id='word_1_554' title='bbox 3123 4514 3248 4554; x_wconf 91' lang='lat' dir='ltr'><strong>eum</strong></span> <span class='ocrx_word' id='word_1_555' title='bbox 3279 4499 3375 4569; x_wconf 86' lang='lat' dir='ltr'><strong>qui</strong></span> 
     </span>
    </p>
   </div>
   <div class='ocr_carea' id='block_1_89' title="bbox 107 4595 1677 4694">
    <p class='ocr_par' dir='ltr' id='par_1_89' title="bbox 107 4595 1677 4694">
     <span class='ocr_line' id='line_1_89' title="bbox 107 4595 1677 4694; baseline -0.004 -19"><span class='ocrx_word' id='word_1_556' title='bbox 107 4595 231 4689; x_wconf 77' lang='grc' dir='ltr'>σθαι,</span> <span class='ocrx_word' id='word_1_557' title='bbox 265 4626 315 4678; x_wconf 88' lang='grc' dir='ltr'>εί</span> <span class='ocrx_word' id='word_1_558' title='bbox 667 4619 786 4674; x_wconf 69' lang='grc' dir='ltr'>νυνὶ</span> <span class='ocrx_word' id='word_1_559' title='bbox 808 4619 1114 4691; x_wconf 77' lang='grc' dir='ltr'>κρατοῦσαν</span> <span class='ocrx_word' id='word_1_560' title='bbox 1140 4621 1197 4672; x_wconf 80' lang='grc' dir='ltr'>ὲν</span> <span class='ocrx_word' id='word_1_561' title='bbox 1222 4621 1343 4681; x_wconf 83' lang='grc' dir='ltr'>ταῖς</span> <span class='ocrx_word' id='word_1_562' title='bbox 1368 4615 1677 4686; x_wconf 78' lang='grc' dir='ltr'><strong>ἐκκλησίαις</strong></span> 
     </span>
    </p>
   </div>
   <div class='ocr_carea' id='block_1_90' title="bbox 1790 4595 3379 4694">
    <p class='ocr_par' dir='ltr' id='par_1_90' title="bbox 1790 4595 3379 4672">
     <span class='ocr_line' id='line_1_90' title="bbox 1790 4595 3379 4672; baseline -0.004 -12"><span class='ocrx_word' id='word_1_563' title='bbox 1790 4607 2031 4661; x_wconf 87' lang='lat' dir='ltr'><strong>rationes</strong></span> <span class='ocrx_word' id='word_1_564' title='bbox 2076 4603 2448 4661; x_wconf 77' lang='lat' dir='ltr'><strong>ecclesiastica:</strong></span> <span class='ocrx_word' id='word_1_565' title='bbox 2471 4599 2782 4654; x_wconf 69' lang='lat' dir='ltr'><strong>hieran-hia:</strong></span> <span class='ocrx_word' id='word_1_566' title='bbox 2805 4599 2957 4672; x_wconf 82' lang='lat' dir='ltr'><strong>legit,</strong></span> <span class='ocrx_word' id='word_1_567' title='bbox 2992 4597 3062 4653; x_wconf 88' lang='lat' dir='ltr'><strong>ab</strong></span> <span class='ocrx_word' id='word_1_568' title='bbox 3089 4598 3193 4652; x_wconf 91' lang='lat' dir='ltr'><strong>hoc</strong></span> <span class='ocrx_word' id='word_1_569' title='bbox 3213 4595 3379 4654; x_wconf 85' lang='lat' dir='ltr'><strong>Patre</strong></span> 
     </span>
    </p>
   </div>
   <div class='ocr_carea' id='block_1_91' title="bbox 107 4707 1688 4783">
    <p class='ocr_par' dir='ltr' id='par_1_91' title="bbox 107 4707 1688 4783">
     <span class='ocr_line' id='line_1_91' title="bbox 107 4707 1688 4783; baseline -0.003 -19"><span class='ocrx_word' id='word_1_570' title='bbox 107 4713 238 4780; x_wconf 72' lang='grc' dir='ltr'>τάξιν</span> <span class='ocrx_word' id='word_1_571' title='bbox 259 4718 321 4770; x_wconf 82' lang='grc' dir='ltr'><strong>ὲν</strong></span> <span class='ocrx_word' id='word_1_572' title='bbox 361 4718 484 4778; x_wconf 87' lang='grc' dir='ltr'>ταῖς</span> <span class='ocrx_word' id='word_1_573' title='bbox 506 4713 622 4766; x_wconf 86' lang='grc' dir='ltr'>τῶν</span> <span class='ocrx_word' id='word_1_574' title='bbox 655 4712 962 4783; x_wconf 72' lang='grc' dir='ltr'>μυστηρίων</span> <span class='ocrx_word' id='word_1_575' title='bbox 991 4711 1232 4774; x_wconf 81' lang='grc' dir='ltr'><strong>τελεταῖς</strong></span> <span class='ocrx_word' id='word_1_576' title='bbox 1257 4707 1688 4782; x_wconf 79' lang='grc' dir='ltr'>παρηλλαγμένα</span> 
     </span>
    </p>
   </div>
   <div class='ocr_carea' id='block_1_92' title="bbox 107 4798 1690 4876">
    <p class='ocr_par' dir='ltr' id='par_1_92' title="bbox 107 4798 1690 4876">
     <span class='ocr_line' id='line_1_92' title="bbox 107 4798 1690 4876; baseline -0.004 -18"><span class='ocrx_word' id='word_1_577' title='bbox 107 4804 236 4875; x_wconf 78' lang='grc' dir='ltr'>λέγει</span> <span class='ocrx_word' id='word_1_578' title='bbox 270 4807 425 4861; x_wconf 84' lang='grc' dir='ltr'>τινά·</span> <span class='ocrx_word' id='word_1_579' title='bbox 465 4806 665 4876; x_wconf 85' lang='grc' dir='ltr'>ὥσπερ</span> <span class='ocrx_word' id='word_1_580' title='bbox 690 4804 785 4858; x_wconf 77' lang='grc' dir='ltr'>καὶ</span> <span class='ocrx_word' id='word_1_581' title='bbox 815 4803 1044 4857; x_wconf 78' lang='grc' dir='ltr'>ἐνταῦθα</span> <span class='ocrx_word' id='word_1_582' title='bbox 1081 4801 1216 4874; x_wconf 84' lang='grc' dir='ltr'><strong>μετὰ</strong></span> <span class='ocrx_word' id='word_1_583' title='bbox 1251 4800 1353 4872; x_wconf 83' lang='grc' dir='ltr'><strong>τὴν</strong></span> <span class='ocrx_word' id='word_1_584' title='bbox 1376 4801 1556 4872; x_wconf 88' lang='grc' dir='ltr'>χρίσιν</span> <span class='ocrx_word' id='word_1_585' title='bbox 1591 4798 1690 4851; x_wconf 77' lang='grc' dir='ltr'>τοῦ</span> 
     </span>
    </p>
   </div>
   <div class='ocr_carea' id='block_1_93' title="bbox 112 4890 1690 4972">
    <p class='ocr_par' dir='ltr' id='par_1_93' title="bbox 112 4890 1690 4972">
     <span class='ocr_line' id='line_1_93' title="bbox 112 4890 1690 4972; baseline -0.004 -21"><span class='ocrx_word' id='word_1_586' title='bbox 112 4899 268 4972; x_wconf 79' lang='grc' dir='ltr'>μύρου</span> <span class='ocrx_word' id='word_1_587' title='bbox 323 4899 428 4971; x_wconf 82' lang='grc' dir='ltr'>τὴν</span> <span class='ocrx_word' id='word_1_588' title='bbox 471 4899 578 4968; x_wconf 81' lang='grc' dir='ltr'>τῆς</span> <span class='ocrx_word' id='word_1_589' title='bbox 612 4895 778 4965; x_wconf 82' lang='grc' dir='ltr'>ἁγίας</span> <span class='ocrx_word' id='word_1_590' title='bbox 809 4896 1090 4958; x_wconf 77' lang='grc' dir='ltr'>κοινωνίας</span> <span class='ocrx_word' id='word_1_591' title='bbox 1135 4893 1436 4964; x_wconf 78' lang='grc' dir='ltr'>μετάληψιν</span> <span class='ocrx_word' id='word_1_592' title='bbox 1480 4890 1690 4960; x_wconf 85' lang='grc' dir='ltr'>εἰσάγει</span> 
     </span>
    </p>
   </div>
   <div class='ocr_carea' id='block_1_94' title="bbox 109 4983 1692 5061">
    <p class='ocr_par' dir='ltr' id='par_1_94' title="bbox 109 4983 1692 5061">
     <span class='ocr_line' id='line_1_94' title="bbox 109 4983 1692 5061; baseline -0.005 -15"><span class='ocrx_word' id='word_1_593' title='bbox 109 4993 366 5061; x_wconf 80' lang='grc' dir='ltr'>γίνεσθαι.</span> <span class='ocrx_word' id='word_1_594' title='bbox 413 4991 581 5055; x_wconf 75' lang='grc' dir='ltr'>Εἰκὸς</span> <span class='ocrx_word' id='word_1_595' title='bbox 616 4988 730 5060; x_wconf 81' lang='grc' dir='ltr'><strong>γὰρ</strong></span> <span class='ocrx_word' id='word_1_596' title='bbox 757 4983 823 5058; x_wconf 82' lang='grc' dir='ltr'><strong>ἦν</strong></span> <span class='ocrx_word' id='word_1_597' title='bbox 853 4987 1046 5050; x_wconf 80' lang='grc' dir='ltr'>ταῦτα,</span> <span class='ocrx_word' id='word_1_598' title='bbox 1080 4989 1146 5057; x_wconf 80' lang='grc' dir='ltr'>τῇ</span> <span class='ocrx_word' id='word_1_599' title='bbox 1196 4985 1305 5038; x_wconf 84' lang='grc' dir='ltr'><strong>τῶν</strong></span> <span class='ocrx_word' id='word_1_600' title='bbox 1348 4984 1556 5056; x_wconf 89' lang='grc' dir='ltr'><strong>χρόνων</strong></span> <span class='ocrx_word' id='word_1_601' title='bbox 1593 4984 1692 5054; x_wconf 80' lang='grc' dir='ltr'><strong>μὲν</strong></span> 
     </span>
    </p>
   </div>
   <div class='ocr_carea' id='block_1_95' title="bbox 108 5074 1692 5157">
    <p class='ocr_par' dir='ltr' id='par_1_95' title="bbox 108 5074 1692 5157">
     <span class='ocr_line' id='line_1_95' title="bbox 108 5074 1692 5157; baseline -0.006 -19"><span class='ocrx_word' id='word_1_602' title='bbox 108 5087 433 5141; x_wconf 79' lang='grc' dir='ltr'>καταστάσει</span> <span class='ocrx_word' id='word_1_603' title='bbox 465 5082 772 5157; x_wconf 79' lang='grc' dir='ltr'>ἁρμόζειν,’</span> <span class='ocrx_word' id='word_1_604' title='bbox 794 5080 888 5134; x_wconf 83' lang='grc' dir='ltr'><strong>νῦν</strong></span> <span class='ocrx_word' id='word_1_605' title='bbox 924 5079 983 5134; x_wconf 80' lang='grc' dir='ltr'>δὲ</span> <span class='ocrx_word' id='word_1_606' title='bbox 1016 5078 1403 5152; x_wconf 76' lang='grc' dir='ltr'>ἀκριϐέστερον</span> <span class='ocrx_word' id='word_1_607' title='bbox 1447 5074 1692 5146; x_wconf 82' lang='grc' dir='ltr'>γίνεσθαι</span> 
     </span>
    </p>
   </div>
   <div class='ocr_carea' id='block_1_96' title="bbox 111 5158 1691 5251">
    <p class='ocr_par' dir='ltr' id='par_1_96' title="bbox 111 5158 1691 5251">
     <span class='ocr_line' id='line_1_96' title="bbox 111 5158 1691 5251; baseline -0.009 -18"><span class='ocrx_word' id='word_1_608' title='bbox 111 5177 163 5232; x_wconf 69' lang='grc' dir='ltr'><strong>ἒν</strong></span> <span class='ocrx_word' id='word_1_609' title='bbox 187 5182 254 5251; x_wconf 79' lang='grc' dir='ltr'>τῇ</span> <span class='ocrx_word' id='word_1_610' title='bbox 293 5178 404 5232; x_wconf 84' lang='grc' dir='ltr'>τῶν</span> <span class='ocrx_word' id='word_1_611' title='bbox 437 5177 608 5232; x_wconf 84' lang='grc' dir='ltr'>θείων</span> <span class='ocrx_word' id='word_1_612' title='bbox 648 5171 956 5245; x_wconf 80' lang='grc' dir='ltr'>μυστηρίων</span> <span class='ocrx_word' id='word_1_613' title='bbox 987 5171 1170 5242; x_wconf 79' lang='grc' dir='ltr'>τελείᾳ</span> <span class='ocrx_word' id='word_1_614' title='bbox 1199 5166 1530 5239; x_wconf 73' lang='grc' dir='ltr'>λειτουργίᾳ·</span> <span class='ocrx_word' id='word_1_615' title='bbox 1557 5169 1615 5220; x_wconf 84' lang='grc' dir='ltr'><strong>ὲν</strong></span> 
     </span>
    </p>
   </div>
   <div class='ocr_carea' id='block_1_97' title="bbox 113 5251 1708 5339">
    <p class='ocr_par' dir='ltr' id='par_1_97' title="bbox 113 5251 1708 5339">
     <span class='ocr_line' id='line_1_97' title="bbox 113 5251 1708 5339; baseline -0.011 -14"><span class='ocrx_word' id='word_1_616' title='bbox 113 5271 342 5335; x_wconf 75' lang='grc' dir='ltr'>καὶτοὺς</span> <span class='ocrx_word' id='word_1_617' title='bbox 360 5267 766 5339; x_wconf 80' lang='grc' dir='ltr'>νεοφωτίστους</span> <span class='ocrx_word' id='word_1_618' title='bbox 787 5264 868 5317; x_wconf 81' lang='grc' dir='ltr'><strong>δεῖ</strong></span> <span class='ocrx_word' id='word_1_619' title='bbox 892 5259 1420 5335; x_wconf 44' lang='grc' dir='ltr'>μεταλαμϐάνειννω</span> <span class='ocrx_word' id='word_1_620' title='bbox 1442 5257 1597 5330; x_wconf 85' lang='lat' dir='ltr'><strong>VIII.)</strong></span> <span class='ocrx_word' id='word_1_621' title='bbox 1619 5251 1708 5322; x_wconf 81' lang='grc' dir='ltr'><strong>Τῷ</strong></span> 
     </span>
    </p>
   </div>
   <div class='ocr_carea' id='block_1_98' title="bbox 112 5349 1693 5426">
    <p class='ocr_par' dir='ltr' id='par_1_98' title="bbox 112 5349 1693 5426">
     <span class='ocr_line' id='line_1_98' title="bbox 112 5349 1693 5426; baseline -0.006 -15"><span class='ocrx_word' id='word_1_622' title='bbox 112 5358 165 5411; x_wconf 76' lang='grc' dir='ltr'>δὲ</span> <span class='ocrx_word' id='word_1_623' title='bbox 202 5363 373 5416; x_wconf 71' lang='grc' dir='ltr'>εἰπεῖν</span> <span class='ocrx_word' id='word_1_624' title='bbox 405 5360 577 5415; x_wconf 79' lang='grc' dir='ltr'>πάλιν</span> <span class='ocrx_word' id='word_1_625' title='bbox 627 5355 723 5410; x_wconf 68' lang='grc' dir='ltr'><strong>ἐπὶ</strong></span> <span class='ocrx_word' id='word_1_626' title='bbox 760 5355 858 5426; x_wconf 78' lang='grc' dir='ltr'><strong>τὴν</strong></span> <span class='ocrx_word' id='word_1_627' title='bbox 898 5354 1007 5408; x_wconf 84' lang='grc' dir='ltr'>τῶν</span> <span class='ocrx_word' id='word_1_628' title='bbox 1049 5353 1278 5425; x_wconf 84' lang='grc' dir='ltr'>πρώτων</span> <span class='ocrx_word' id='word_1_629' title='bbox 1317 5349 1693 5406; x_wconf 80' lang='grc' dir='ltr'>ἀνατείνεσθαι</span> 
     </span>
    </p>
   </div>
   <div class='ocr_carea' id='block_1_99' title="bbox 116 5440 1692 5526">
    <p class='ocr_par' dir='ltr' id='par_1_99' title="bbox 116 5440 1692 5526">
     <span class='ocr_line' id='line_1_99' title="bbox 116 5440 1692 5526; baseline -0.01 -18"><span class='ocrx_word' id='word_1_630' title='bbox 116 5449 358 5526; x_wconf 75' lang='grc' dir='ltr'><strong>θεωρίαν,</strong></span> <span class='ocrx_word' id='word_1_631' title='bbox 387 5454 424 5526; x_wconf 81' lang='grc' dir='ltr'>ἢ</span> <span class='ocrx_word' id='word_1_632' title='bbox 447 5451 628 5523; x_wconf 81' lang='grc' dir='ltr'>εὐχὴν</span> <span class='ocrx_word' id='word_1_633' title='bbox 663 5447 799 5520; x_wconf 78' lang='grc' dir='ltr'>μετὰ</span> <span class='ocrx_word' id='word_1_634' title='bbox 821 5446 977 5501; x_wconf 80' lang='grc' dir='ltr'>τοῦτο</span> <span class='ocrx_word' id='word_1_635' title='bbox 1001 5446 1246 5516; x_wconf 86' lang='grc' dir='ltr'>γίνεσθαι</span> <span class='ocrx_word' id='word_1_636' title='bbox 1271 5443 1509 5517; x_wconf 72' lang='grc' dir='ltr'>ᾐνίξατο,</span> <span class='ocrx_word' id='word_1_637' title='bbox 1543 5440 1577 5512; x_wconf 81' lang='grc' dir='ltr'><strong>ἣ</strong></span> <span class='ocrx_word' id='word_1_638' title='bbox 1609 5442 1692 5495; x_wconf 85' lang='grc' dir='ltr'>ὅτι</span> 
     </span>
    </p>
   </div>
   <div class='ocr_carea' id='block_1_100' title="bbox 1790 4689 3376 4764">
    <p class='ocr_par' dir='ltr' id='par_1_100' title="bbox 1790 4689 3376 4764">
     <span class='ocr_line' id='line_1_100' title="bbox 1790 4689 3376 4764; baseline -0.006 -13"><span class='ocrx_word' id='word_1_639' title='bbox 1790 4695 2111 4761; x_wconf 88' lang='lat' dir='ltr'><strong>abalienari,</strong></span> <span class='ocrx_word' id='word_1_640' title='bbox 2135 4694 2182 4749; x_wconf 93' lang='lat' dir='ltr'><strong>si</strong></span> <span class='ocrx_word' id='word_1_641' title='bbox 2215 4701 2410 4764; x_wconf 61' lang='lat' dir='ltr'><strong>praeter</strong></span> <span class='ocrx_word' id='word_1_642' title='bbox 2438 4707 2563 4746; x_wconf 91' lang='lat' dir='ltr'><strong>eum</strong></span> <span class='ocrx_word' id='word_1_643' title='bbox 2591 4690 2839 4747; x_wconf 90' lang='lat' dir='ltr'><strong>ordinem</strong></span> <span class='ocrx_word' id='word_1_644' title='bbox 2879 4689 2972 4761; x_wconf 88' lang='lat' dir='ltr'><strong>qui</strong></span> <span class='ocrx_word' id='word_1_645' title='bbox 3003 4704 3153 4743; x_wconf 89' lang='lat' dir='ltr'><strong>nunc</strong></span> <span class='ocrx_word' id='word_1_646' title='bbox 3181 4689 3234 4742; x_wconf 89' lang='lat' dir='ltr'><strong>in</strong></span> <span class='ocrx_word' id='word_1_647' title='bbox 3283 4701 3376 4742; x_wconf 84' lang='lat' dir='ltr'><strong>ec-</strong></span> 
     </span>
    </p>
   </div>
   <div class='ocr_carea' id='block_1_101' title="bbox 1790 4782 3374 4852">
    <p class='ocr_par' dir='ltr' id='par_1_101' title="bbox 1790 4782 3374 4852">
     <span class='ocr_line' id='line_1_101' title="bbox 1790 4782 3374 4852; baseline -0.009 -7"><span class='ocrx_word' id='word_1_648' title='bbox 1790 4789 1977 4846; x_wconf 90' lang='lat' dir='ltr'><strong>clesiis</strong></span> <span class='ocrx_word' id='word_1_649' title='bbox 2006 4789 2170 4852; x_wconf 83' lang='lat' dir='ltr'><strong>valet,</strong></span> <span class='ocrx_word' id='word_1_650' title='bbox 2205 4789 2260 4842; x_wconf 93' lang='lat' dir='ltr'><strong>in</strong></span> <span class='ocrx_word' id='word_1_651' title='bbox 2289 4793 2758 4842; x_wconf 86' lang='lat' dir='ltr'><strong>sacramentorum</strong></span> <span class='ocrx_word' id='word_1_652' title='bbox 2794 4782 2993 4836; x_wconf 88' lang='lat' dir='ltr'><strong>ritibus</strong></span> <span class='ocrx_word' id='word_1_653' title='bbox 3025 4795 3089 4834; x_wconf 88' lang='lat' dir='ltr'><strong>ac</strong></span> <span class='ocrx_word' id='word_1_654' title='bbox 3119 4793 3374 4835; x_wconf 62' lang='lat' dir='ltr'><strong>caeremo-</strong></span> 
     </span>
    </p>
   </div>
   <div class='ocr_carea' id='block_1_102' title="bbox 1791 4872 3375 4949">
    <p class='ocr_par' dir='ltr' id='par_1_102' title="bbox 1791 4872 3375 4949">
     <span class='ocr_line' id='line_1_102' title="bbox 1791 4872 3375 4949; baseline -0.008 -11"><span class='ocrx_word' id='word_1_655' title='bbox 1791 4883 1900 4938; x_wconf 86' lang='lat' dir='ltr'><strong>niis</strong></span> <span class='ocrx_word' id='word_1_656' title='bbox 1936 4889 2141 4936; x_wconf 93' lang='lat' dir='ltr'><strong>mutata</strong></span> <span class='ocrx_word' id='word_1_657' title='bbox 2165 4880 2348 4949; x_wconf 89' lang='lat' dir='ltr'><strong>aliqua</strong></span> <span class='ocrx_word' id='word_1_658' title='bbox 2379 4878 2514 4933; x_wconf 91' lang='lat' dir='ltr'><strong>dicit</strong></span> <span class='ocrx_word' id='word_1_659' title='bbox 2541 4897 2554 4934; x_wconf 92' lang='lat'>:</span> <span class='ocrx_word' id='word_1_660' title='bbox 2585 4873 3047 4947; x_wconf 87' lang='lat' dir='ltr'><strong>quemadmodum</strong></span> <span class='ocrx_word' id='word_1_661' title='bbox 3081 4873 3245 4929; x_wconf 88' lang='lat' dir='ltr'><strong>etiam</strong></span> <span class='ocrx_word' id='word_1_662' title='bbox 3271 4872 3375 4926; x_wconf 89' lang='lat' dir='ltr'><strong>hoc</strong></span> 
     </span>
    </p>
   </div>
   <div class='ocr_carea' id='block_1_103' title="bbox 1792 4968 3375 5043">
    <p class='ocr_par' dir='ltr' id='par_1_103' title="bbox 1792 4968 3375 5043">
     <span class='ocr_line' id='line_1_103' title="bbox 1792 4968 3375 5043; baseline -0.009 -14"><span class='ocrx_word' id='word_1_663' title='bbox 1792 4974 1938 5039; x_wconf 92' lang='lat' dir='ltr'><strong>loco,</strong></span> <span class='ocrx_word' id='word_1_664' title='bbox 1969 4981 2095 5043; x_wconf 88' lang='lat' dir='ltr'><strong>post</strong></span> <span class='ocrx_word' id='word_1_665' title='bbox 2143 4971 2408 5042; x_wconf 85' lang='lat' dir='ltr'><strong>unguenti</strong></span> <span class='ocrx_word' id='word_1_666' title='bbox 2459 4968 2834 5040; x_wconf 76' lang='lat' dir='ltr'><strong>perfusionem</strong></span> <span class='ocrx_word' id='word_1_667' title='bbox 2876 4973 3081 5022; x_wconf 79' lang='lat' dir='ltr'><strong>sanctae</strong></span> <span class='ocrx_word' id='word_1_668' title='bbox 3124 4977 3375 5018; x_wconf 86' lang='lat' dir='ltr'><strong>commu-</strong></span> 
     </span>
    </p>
   </div>
   <div class='ocr_carea' id='block_1_104' title="bbox 1797 5052 3378 5137">
    <p class='ocr_par' dir='ltr' id='par_1_104' title="bbox 1797 5052 3378 5137">
     <span class='ocr_line' id='line_1_104' title="bbox 1797 5052 3378 5137; baseline -0.009 -15"><span class='ocrx_word' id='word_1_669' title='bbox 1797 5067 1980 5123; x_wconf 88' lang='lat' dir='ltr'><strong>nionis</strong></span> <span class='ocrx_word' id='word_1_670' title='bbox 2008 5064 2484 5137; x_wconf 87' lang='lat' dir='ltr'><strong>participationem</strong></span> <span class='ocrx_word' id='word_1_671' title='bbox 2511 5062 2628 5118; x_wconf 84' lang='lat' dir='ltr'><strong>ﬁeri</strong></span> <span class='ocrx_word' id='word_1_672' title='bbox 2660 5060 2770 5132; x_wconf 77' lang='lat'><strong>58</strong></span> <span class='ocrx_word' id='word_1_673' title='bbox 2801 5059 3032 5114; x_wconf 91' lang='lat' dir='ltr'><strong>inducit.</strong></span> <span class='ocrx_word' id='word_1_674' title='bbox 3063 5052 3378 5110; x_wconf 81' lang='lat' dir='ltr'><strong>Verisimile</strong></span> 
     </span>
    </p>
   </div>
   <div class='ocr_carea' id='block_1_105' title="bbox 1802 5151 3378 5229">
    <p class='ocr_par' dir='ltr' id='par_1_105' title="bbox 1802 5151 3378 5229">
     <span class='ocr_line' id='line_1_105' title="bbox 1802 5151 3378 5229; baseline -0.012 -14"><span class='ocrx_word' id='word_1_675' title='bbox 1802 5157 2124 5229; x_wconf 77' lang='lat' dir='ltr'><strong>estquidem</strong></span> <span class='ocrx_word' id='word_1_676' title='bbox 2139 5157 2256 5210; x_wconf 63' lang='lat' dir='ltr'><strong>haec</strong></span> <span class='ocrx_word' id='word_1_677' title='bbox 2271 5155 2436 5212; x_wconf 91' lang='lat' dir='ltr'><strong>statui</strong></span> <span class='ocrx_word' id='word_1_678' title='bbox 2454 5161 2508 5209; x_wconf 90' lang='lat' dir='ltr'><strong>et</strong></span> <span class='ocrx_word' id='word_1_679' title='bbox 2524 5151 2827 5208; x_wconf 91' lang='lat' dir='ltr'><strong>conditioni</strong></span> <span class='ocrx_word' id='word_1_680' title='bbox 2843 5160 3146 5219; x_wconf 88' lang='lat' dir='ltr'><strong>temporum</strong></span> <span class='ocrx_word' id='word_1_681' title='bbox 3171 5156 3378 5198; x_wconf 84' lang='lat' dir='ltr'><strong>conve-</strong></span> 
     </span>
    </p>
   </div>
   <div class='ocr_carea' id='block_1_106' title="bbox 1797 5234 3375 5317">
    <p class='ocr_par' dir='ltr' id='par_1_106' title="bbox 1797 5234 3375 5317">
     <span class='ocr_line' id='line_1_106' title="bbox 1797 5234 3375 5317; baseline -0.014 -10"><span class='ocrx_word' id='word_1_682' title='bbox 1797 5251 1936 5317; x_wconf 85' lang='lat' dir='ltr'><strong>nire,</strong></span> <span class='ocrx_word' id='word_1_683' title='bbox 1950 5264 2097 5304; x_wconf 89' lang='lat' dir='ltr'><strong>nunc</strong></span> <span class='ocrx_word' id='word_1_684' title='bbox 2113 5255 2295 5304; x_wconf 89' lang='lat' dir='ltr'><strong>autem</strong></span> <span class='ocrx_word' id='word_1_685' title='bbox 2322 5246 2638 5302; x_wconf 88' lang='lat' dir='ltr'><strong>accuratius</strong></span> <span class='ocrx_word' id='word_1_686' title='bbox 2659 5241 2943 5300; x_wconf 86' lang='lat' dir='ltr'><strong>observari</strong></span> <span class='ocrx_word' id='word_1_687' title='bbox 2970 5240 3025 5293; x_wconf 93' lang='lat' dir='ltr'><strong>in</strong></span> <span class='ocrx_word' id='word_1_688' title='bbox 3057 5234 3375 5290; x_wconf 84' lang='lat' dir='ltr'><strong>divinorum</strong></span> 
     </span>
    </p>
   </div>
   <div class='ocr_carea' id='block_1_107' title="bbox 1798 5327 3377 5417">
    <p class='ocr_par' dir='ltr' id='par_1_107' title="bbox 1798 5327 3377 5417">
     <span class='ocr_line' id='line_1_107' title="bbox 1798 5327 3377 5417; baseline -0.015 -16"><span class='ocrx_word' id='word_1_689' title='bbox 1798 5345 2182 5417; x_wconf 84' lang='lat' dir='ltr'><strong>mysteriorum</strong></span> <span class='ocrx_word' id='word_1_690' title='bbox 2207 5340 2452 5413; x_wconf 78' lang='lat' dir='ltr'><strong>perfecto</strong></span> <span class='ocrx_word' id='word_1_691' title='bbox 2464 5340 2646 5396; x_wconf 66' lang='lat' dir='ltr'><strong>missae</strong></span> <span class='ocrx_word' id='word_1_692' title='bbox 2669 5335 2999 5400; x_wconf 88' lang='lat' dir='ltr'><strong>ministerio,</strong></span> <span class='ocrx_word' id='word_1_693' title='bbox 3014 5331 3068 5384; x_wconf 92' lang='lat' dir='ltr'><strong>in</strong></span> <span class='ocrx_word' id='word_1_694' title='bbox 3082 5342 3192 5398; x_wconf 90' lang='lat' dir='ltr'><strong>quo</strong></span> <span class='ocrx_word' id='word_1_695' title='bbox 3210 5327 3377 5382; x_wconf 80' lang='lat' dir='ltr'><strong>etiam</strong></span> 
     </span>
    </p>
   </div>
   <div class='ocr_carea' id='block_1_108' title="bbox 1799 5417 3375 5508">
    <p class='ocr_par' dir='ltr' id='par_1_108' title="bbox 1799 5417 3375 5508">
     <span class='ocr_line' id='line_1_108' title="bbox 1799 5417 3375 5508; baseline -0.011 -17"><span class='ocrx_word' id='word_1_696' title='bbox 1799 5435 1836 5491; x_wconf 88' lang='lat' dir='ltr'><strong>ii</strong></span> <span class='ocrx_word' id='word_1_697' title='bbox 1873 5436 1970 5508; x_wconf 89' lang='lat' dir='ltr'><strong>qui</strong></span> <span class='ocrx_word' id='word_1_698' title='bbox 1998 5449 2196 5492; x_wconf 86' lang='lat' dir='ltr'><strong>recens</strong></span> <span class='ocrx_word' id='word_1_699' title='bbox 2229 5433 2491 5490; x_wconf 88' lang='lat' dir='ltr'><strong>illustrati</strong></span> <span class='ocrx_word' id='word_1_700' title='bbox 2527 5437 2677 5498; x_wconf 89' lang='lat' dir='ltr'><strong>sunt,</strong></span> <span class='ocrx_word' id='word_1_701' title='bbox 2703 5423 3110 5486; x_wconf 88' lang='lat' dir='ltr'><strong>communicare</strong></span> <span class='ocrx_word' id='word_1_702' title='bbox 3153 5417 3375 5475; x_wconf 80' lang='lat' dir='ltr'><strong>debent.</strong></span> 
     </span>
    </p>
   </div>
   <div class='ocr_carea' id='block_1_109' title="bbox 1087 5675 2458 5745">
    <p class='ocr_par' dir='ltr' id='par_1_109' title="bbox 1087 5675 2458 5745">
     <span class='ocr_line' id='line_1_109' title="bbox 1087 5675 2458 5745; baseline -0.009 -1"><span class='ocrx_word' id='word_1_703' title='bbox 1087 5686 1323 5745; x_wconf 67' lang='grc' dir='ltr'>νΑιιιΑς</span> <span class='ocrx_word' id='word_1_704' title='bbox 1355 5681 1745 5742; x_wconf 84' lang='lat' dir='ltr'><strong>LECTIONES</strong></span> <span class='ocrx_word' id='word_1_705' title='bbox 1777 5680 1866 5740; x_wconf 83' lang='lat' dir='ltr'><strong>ET</strong></span> <span class='ocrx_word' id='word_1_706' title='bbox 1899 5675 2458 5742; x_wconf 77' lang='lat' dir='ltr'><strong>CORRECTIONES.</strong></span> 
     </span>
    </p>
   </div>
   <div class='ocr_carea' id='block_1_110' title="bbox 157 5881 2318 5982">
    <p class='ocr_par' dir='ltr' id='par_1_110' title="bbox 157 5881 2318 5982">
     <span class='ocr_line' id='line_1_110' title="bbox 157 5881 2318 5982; baseline -0.009 -27"><span class='ocrx_word' id='word_1_707' title='bbox 157 5972 171 5982; x_wconf 43' lang='lat'><strong>.</strong></span> <span class='ocrx_word' id='word_1_708' title='bbox 206 5898 224 5931; x_wconf 84' lang='grc'>¹</span> <span class='ocrx_word' id='word_1_709' title='bbox 246 5899 316 5954; x_wconf 71' lang='grc' dir='ltr'>δν.</span> <span class='ocrx_word' id='word_1_710' title='bbox 383 5900 408 5931; x_wconf 80' lang='grc'><strong><em>²</em></strong></span> <span class='ocrx_word' id='word_1_711' title='bbox 431 5889 801 5950; x_wconf 68' lang='grc' dir='ltr'>ἐπιτελοῦσιν.</span> <span class='ocrx_word' id='word_1_712' title='bbox 825 5956 836 5961; x_wconf 90' lang='lat'><em>_</em></span> <span class='ocrx_word' id='word_1_713' title='bbox 867 5894 890 5928; x_wconf 80' lang='grc'>³</span> <span class='ocrx_word' id='word_1_714' title='bbox 918 5893 975 5946; x_wconf 76' lang='grc' dir='ltr'><strong>ὲν</strong></span> <span class='ocrx_word' id='word_1_715' title='bbox 995 5889 1074 5962; x_wconf 80' lang='grc' dir='ltr'>τῷ</span> <span class='ocrx_word' id='word_1_716' title='bbox 1102 5888 1352 5962; x_wconf 83' lang='grc' dir='ltr'>προτέρῳ</span> <span class='ocrx_word' id='word_1_717' title='bbox 1381 5885 1696 5958; x_wconf 59' lang='grc' dir='ltr'>καταβατῷ</span> <span class='ocrx_word' id='word_1_718' title='bbox 1731 5886 1822 5941; x_wconf 70' lang='grc' dir='ltr'><strong>καὶ</strong></span> <span class='ocrx_word' id='word_1_719' title='bbox 1845 5889 1926 5944; x_wconf 76' lang='grc' dir='ltr'><strong>ἐν.</strong></span> <span class='ocrx_word' id='word_1_720' title='bbox 1975 5887 2017 5953; x_wconf 54' lang='grc'><strong>,⁸</strong></span> <span class='ocrx_word' id='word_1_721' title='bbox 2047 5883 2106 5935; x_wconf 77' lang='grc' dir='ltr'>τὸ</span> <span class='ocrx_word' id='word_1_722' title='bbox 2137 5881 2318 5954; x_wconf 81' lang='grc' dir='ltr'>ῥητόν.</span> 
     </span>
    </p>
   </div>
  </div>
