3860 6544
523 401 631 462 127

1287 413 1635 474 APPENDIX
1665 419 1758 476 AD
1787 420 2019 478 OPERA
2046 420 2107 479 S.
2141 421 2446 481 DIONYSII
2490 425 2988 488 AREOPAGITAI.

3687 436 3805 494 138

522 521 579 596 (5
630 521 791 597 VIII.)
840 524 976 583 Cum
1024 537 1205 587 autem
1273 532 1373 598 ait,
1429 550 1627 594 rursus
1672 536 1742 594 ad
1800 539 2071 611 primorum

2208 540 2346 612 μετά
2381 541 2543 596 τοῦτο
2572 546 2602 597 ὁ
2646 546 2908 619 ίεράρχης
2942 545 3080 621 πρὸς
3116 547 3221 623 τὴν
3252 549 3403 607 θείαν
3444 552 3635 610 ἄπεισι
3682 549 3806 607 λει-

519 620 1041 691 contemplationem
1071 622 1345 692 excitari,
1398 628 1487 684 vel
1546 631 1915 700 precationem
1976 641 2100 704 post

518 708 626 765 hoc
656 711 774 767 Ileri
808 711 1128 779 insinuavit,
1161 723 1254 773 aut
1292 724 1417 789 post
1445 719 1549 776 hoc
1578 722 1892 793 pontiﬁcem
1921 722 1989 778 ad
2014 722 2099 779 di-

515 801 700 857 vinam
730 803 958 859 missam
986 807 1195 865 venire.
2090 896 2094 900 .

584 893 670 947 Ad
712 911 889 950 rerum
923 901 1314 970 prwcipuarum
1350 912 1429 959 est
1457 904 1643 976 igitur.
1694 904 1851 973 Quod
1883 907 1981 973 ait,
2011 896 2098 987 est

512 980 830 1054 hujusmodi
860 1006 873 1042 :
900 986 1206 1062 Episcopus
1251 994 1348 1064 qui
1390 994 1486 1051 Dei
1524 996 1770 1053 omnium
1801 980 2094 1069 personam

510 1076 770 1154 sustinet,
804 1085 864 1133 ut
898 1078 1044 1137 Deus
1073 1082 1128 1138 in
1162 1099 1272 1140 uno
1314 1086 1617 1158 eodemque
1657 1096 1805 1144 statu
1836 1106 2091 1158 manens,

508 1174 564 1222 et
593 1167 649 1223 in
682 1169 802 1240 ipso
825 1169 988 1238 fixus,
1021 1190 1305 1246 nunquam
1335 1193 1395 1233 se
1430 1178 1712 1246 deserens,
1745 1183 1942 1240 salutis
1973 1198 2093 1239 om-

508 1258 662 1313 nium
705 1277 874 1317 causa
920 1265 1282 1334 providentia:
1330 1284 1445 1325 sua:
1493 1274 1975 1343 progressionibus
2021 1277 2091 1332 ad

506 1351 692 1406 omnia
722 1352 987 1412 bonitatis
1033 1358 1434 1417 illustrationes
1470 1363 1699 1419 eli‘undit
1738 1376 1793 1422 et
1822 1370 2088 1437 extendit,

505 1442 873 1517 omnibusque
919 1463 1163 1519 praesens
1205 1461 1325 1518 est,
1360 1470 1462 1510 nec
1497 1469 1529 1512 a
1566 1458 1867 1515 stabilitate
1916 1461 2086 1518 ﬁrmi-

504 1540 728 1606 tateque
751 1552 851 1593 sua
876 1538 1144 1610 discedit;
1172 1543 1253 1600 sic
1275 1544 1441 1601 etiam
1463 1547 1774 1619 episcopus,
1801 1550 1894 1608 Dei
1918 1568 2086 1624 quam

469 1635 769 1707 :pnestare
816 1642 997 1702 potest
1050 1636 1394 1707 signiﬁcandi
1451 1655 1620 1697 causa
1671 1643 1981 1705 imitatione
2028 1650 2087 1707 in

450 1700 472 1746 ·’
501 1726 652 1774 statu
675 1737 776 1777 suo
797 1700 1049 1785 manens.
1083 1727 1135 1781 id
1161 1737 1244 1786 est
1263 1732 1321 1786 in
1348 1732 1725 1793 ecclesiastico
1750 1737 2083 1811 principatu,

498 1808 684 1880 prodit
728 1814 1072 1882 providentia
1111 1818 1472 1878 humanitatis
1506 1824 1574 1879 ad
1604 1826 1883 1895 secunda;
1918 1808 1974 1885 id
1999 1808 2086 1887 est

496 1899 783 1958 descendit
819 1906 886 1960 ad
919 1923 1043 1963 eum
1076 1912 1171 1980 qui
1195 1928 1254 1968 se
1276 1916 1579 1982 convertit,
1607 1926 1663 1973 et
1681 1919 1843 1976 docet
1858 1937 2007 1989 eum,
2028 1933 2083 1981 et

495 1996 672 2063 ungit,
703 2001 759 2050 et
789 1996 1012 2070 insignit
1044 2000 1181 2072 (sive
1210 2014 1615 2065 sacramentum
1647 2011 2083 2075 conﬁrmationis

492 2084 759 2156 confert),
788 2088 951 2161 eique
978 2091 1181 2150 donum
1214 2096 1292 2167 (id
1317 2107 1401 2154 est
1428 2102 1793 2160 venerabilem
1823 2106 2082 2165 euchari-

492 2176 681 2249 stiam)
696 2179 957 2249 impertit,
975 2191 1265 2256 postquam
1279 2188 1596 2260 baptizavit.
1617 2193 1747 2250 Haec
1757 2205 1939 2254 autem
1954 2214 2080 2256 cum

489 2267 789 2324 ministerii
822 2272 952 2338 sint,
989 2278 1231 2333 secunda
1262 2287 1392 2335 sunt
1430 2283 1499 2338 ab
1528 2285 1650 2356 ejus
1683 2289 2001 2362 principatu
2025 2300 2082 2348 et

489 2358 779 2429 dignitate.
825 2361 1093 2423 Perfectis
1132 2384 1263 2441 ergo
1295 2375 1556 2433 secundis
1596 2358 1972 2447 omnibus,—ad
1999 2385 2080 2438 al-

487 2456 610 2505 tare
636 2453 949 2520 revertitur,
982 2468 1385 2528 repraesentans
1420 2463 1534 2521 Deo
1570 2484 1666 2537 per
1698 2472 1876 2543 signa,
1902 2476 2074 2545 quod,

486 2541 594 2596 ctsi
626 2543 822 2600 salutis
850 2546 971 2615 ejus
999 2549 1093 2619 qui
1127 2555 1363 2610 accessit
1389 2571 1556 2614 causa
1586 2560 1655 2615 ad
1686 2541 1936 2621 secunda
1958 2584 2080 2639 pro-

483 2626 666 2687 fectus
688 2633 781 2700 sit,
812 2636 1047 2693 ollicium
1083 2648 1263 2698 tamen
1304 2661 1416 2701 non
1446 2650 1664 2707 omittat
1692 2662 1747 2710 et
1787 2657 1844 2711 in
1874 2626 2073 2729 cilicio,

484 2719 544 2779 id
569 2732 653 2780 est
688 2726 743 2780 in
781 2728 978 2786 divinae
1012 2738 1493 2807 contemplationis
1522 2742 1763 2818 fastigio,
1791 2719 2071 2820 persistat:

483 2810 593 2869 Sed
626 2832 660 2870 α
686 2816 899 2887 divinis,
929 2838 1028 2893 pro
1057 2839 1089 2879 a
1123 2837 1318 2884 sancto
1348 2847 1593 2900 munere,
1617 2810 1764 2907 quod
1791 2810 1850 2897 in
1880 2843 1949 2901 iis
1977 2846 2073 2916 qui

480 2920 677 2965 recens
710 2910 969 2969 iIlustrati
1004 2927 1133 2975 sunt
1165 2923 1438 2991 expletur,
1471 2927 1540 2982 ad
1568 2928 1775 2995 divina,
1809 2932 1865 2987 id
1888 2943 1974 2990 est
1995 2910 2072 2993 ad

479 2994 682 3053 divina-'2
724 3003 1206 3074 contemplationis
1260 3013 1519 3069 verticem
1553 3032 1750 3075 rursus
1795 3026 2071 3079 converti-

478 3093 607 3153 tur,
639 3090 707 3145 ad
738 3091 790 3145 id
826 3094 973 3163 quod
1009 3104 1201 3154 sancto
1232 3097 1462 3170 Spiritui
1492 3104 1763 3177 videatur,
1798 3111 2069 3184 impulsus

2202 634 2480 705 τουργίαν.

2282 888 2407 947 Ἐπὶ
2458 888 2574 961 τὴν
2620 891 2739 948 τῶν
2783 893 3027 966 πρώτων
3072 896 3463 956 ἀνατείνεται.
3520 902 3588 956 '0
3636 901 3798 973 λέγει
3856 904 3857 907 “

2195 981 2434 1037 τοιοῦτόν
2467 986 2633 1051 ἐστιν·
2658 986 2687 1038 ό
2718 987 3034 1056 ἐπίσκοπος,
3068 989 3168 1063 τὴν
3212 991 3398 1049 είκόνα
3433 993 3650 1065 ὲπέχων
3689 995 3796 1050 τοῦ

2196 1072 2415 1128 πάντων
2448 1076 2605 1144 Θεοῦ,
2634 1077 2823 1153 ῶσπερ
2843 1083 2872 1135 ό
2896 1081 3029 1147 Θεὸς
3053 1084 3146 1137 ἐπὶ
3167 1084 3269 1156 τῆς
3301 1085 3509 1150 οἰκείας
3531 1086 3798 1159 ἐνότητος

2194 1166 2283 1220 ἀεὶ
2342 1167 2519 1239 μένων
2565 1172 2660 1227 καὶ
2700 1174 3029 1246 ταυτότητος
3047 1215 3064 1241 ,
3110 1177 3205 1232 καὶ
3250 1179 3657 1252 ἀνεκφοιτήτως
3709 1182 3797 1246 είς

2194 1260 2385 1315 ἑαυτὸν
2422 1262 2721 1335 ἱδρυμένος,
2755 1269 3030 1340 σωτηρίας
3061 1269 3227 1324 ἕνεκα
3252 1271 3471 1327 πάντων
3502 1276 3627 1338 ταῖς
3647 1292 3796 1345 προ-

2192 1356 2471 1423 νοητικαῖς
2518 1357 2764 1428 προόδοις
2798 1360 2890 1414 ἐπὶ
2936 1362 3115 1417 πάντα
3157 1362 3259 1427 τὰς
3298 1364 3398 1435 τῆς
3439 1364 3796 1439 ἀγαθότητος

2192 1444 2486 1517 ὲλλάμψεις
2512 1451 2765 1519 ἐκτείνει,
2792 1454 2888 1507 καὶ
2917 1455 3052 1509 πᾶσι
3085 1455 3318 1529 πάρεστι
3341 1457 3443 1529 τῆς
3468 1458 3607 1523 ίδίας
3634 1460 3795 1531 ἱδρύ-

2192 1552 2331 1601 σεως
2359 1538 2458 1592 οὐκ
2492 1540 2753 1608 ἀποστάς·
2788 1543 2930 1599 οὕτω
2961 1547 3057 1600 καὶ
3094 1549 3124 1601 ὁ
3160 1547 3480 1615 ἐπίσκοπος,
3513 1550 3663 1605 κατά
3695 1551 3793 1622 μί-

2193 1644 2359 1700 μησιν
2406 1629 2482 1695 ὡς
2526 1632 2749 1690 δυνατὸν
2804 1637 3150 1710 συμϐολικῶς
3198 1641 3294 1695 τοῦ
3342 1642 3503 1707 Θεοῦ,
3532 1644 3630 1697 ἐπὶ
3684 1644 3793 1715 τῆς

2192 1718 2329 1785 ίδίας
2376 1723 2620 1790 στάσεως
2668 1726 2866 1799 μένων,
2908 1732 3153 1785 τουτέστι
3185 1732 3288 1803 τῆς
3320 1734 3793 1806 ὲκκλησιαστικῆς

2188 1813 2385 1885 ἀρχῆς,
2436 1818 2652 1889 πρόεισι
2686 1822 2911 1894 προνοίᾳ
2956 1822 3371 1896 φιλανθρωπίας
3408 1826 3505 1880 ἐπὶ
3548 1826 3619 1880 τὰ
3658 1825 3793 1879 δεύ-

2115 1889 2160 1949 Β
2186 1924 2339 1979 τερα,
2378 1911 2653 1966 τουτέστιν
2698 1889 2778 1979 είς
2807 1889 3168 1995 ¹τὲίκιιτιέναι
3200 1918 3338 1990 πρὸς
3381 1918 3473 1974 τδν
3521 1919 3791 1991 ἐπιστρέ-

2186 2015 2372 2067 φοντα,
2400 2004 2494 2057 καὶ
2526 2003 2766 2059 διδάσκει
2800 2006 2982 2071 αὐτὸν,
3008 2008 3105 2061 καὶ
3136 2008 3300 2081 χρίει,
3327 2010 3423 2063 καὶ
3454 2011 3785 2084 σφραγίζει,

2183 2094 2278 2148 καὶ
2303 2096 2626 2167 μεταδίδωι
2652 2097 2747 2153 τοῦ
2779 2098 2952 2171 δώρου
2978 2098 3264 2171 βαπτίσας.
3299 2091 3488 2156 Ταῒότα
3508 2102 3566 2156 δὲ
3592 2103 3787 2158 πάντα

2180 2185 2259 2250 ὡς
2289 2186 2638 2260 λειτουργικὰ
2670 2189 2899 2262 δεύτερά
2922 2191 3033 2245 είσι
3052 2191 3153 2263 τῆς
3186 2192 3362 2264 ἀρχῆς
3401 2193 3594 2249 αὑτοῦ.
3636 2194 3787 2267 Πλη-

2182 2275 2366 2348 ρώσας
2411 2276 2504 2335 οὖν
2539 2280 2609 2336 τὰ
2650 2282 2879 2353 δεύτερα
2906 2284 3105 2350 πάντα,
3141 2284 3305 2340 πάλιν
3344 2285 3630 2342 ἐπάνεισιν
3682 2289 3785 2342 ἐπὶ

2179 2369 2242 2424 τὸ
2265 2370 2666 2446 θυσιαστήριον,
2690 2375 2971 2447 παριστῶν
2998 2376 3343 2448 συμϐολικῶς
3370 2378 3467 2434 ὲπὶ
3488 2378 3590 2433 τοῦ
3608 2379 3783 2446 Θεοῦ,

2179 2462 2283 2529 ὅτι,
2312 2464 2484 2520 καίτοι
2514 2466 2790 2538 προελθὼν
2824 2470 3199 2542 προνοητικῶς
3221 2472 3302 2537 είς
3325 2470 3394 2527 τὰ
3416 2471 3651 2546 δεύτερα
3672 2472 3784 2545 τῆς

2177 2555 2272 2610 τοῦ
2307 2558 2692 2629 προσελθόντος
2724 2561 2887 2615 ἕνεκα
2914 2563 3206 2635 σωτηρίας,
3232 2565 3381 2637 ὅμως
3410 2566 3513 2619 οὐκ
3546 2566 3779 2639 ἀπέστη

2176 2646 2272 2701 τοῦ
2322 2648 2390 2703 τὰ
2423 2651 2598 2705 οἰκεῖα
2644 2652 2929 2724 πράττειν,
2978 2655 3074 2709 καὶ
3119 2659 3178 2711 ὲν
3225 2658 3341 2722 τοῖς
3386 2657 3556 2711 αὐτοῦ
3601 2653 3776 2724 εῖναι,

2174 2741 2453 2795 τουτέστιν
2491 2745 2549 2798 ὲν
2580 2746 2693 2809 τοῖς
2718 2746 2819 2818 τῆς
2853 2748 2983 2819 περὶ
3011 2748 3145 2825 Θεὸν
3178 2748 3414 2822 θεωρίας
3445 2749 3775 2821 ὑψώμασιψ

2175 2833 2290 2887 ἀλλ’
2327 2834 2445 2889 ἀπὸ
2479 2836 2680 2903 θείων,
2716 2838 2838 2893 ἀντὶ
2868 2839 2964 2893 τοῦ
3004 2842 3070 2895 ὲκ
3107 2841 3209 2913 τῆς
3238 2842 3349 2897 τῶν
3388 2845 3521 2916 περὶ
3558 2862 3779 2915 νεοφω-η

2171 2928 2570 2999 τίστωνςάγίας
2603 2931 2970 3005 λειτουργίας,
3018 2934 3100 2998 είς
3150 2933 3290 3001 θεῖα,
3314 2936 3482 2989 οἱονεὶ
3527 2936 3673 3009 πρὸς
3705 2937 3775 2991 τὸ

2170 3020 2272 3091 τῆς
2298 3021 2614 3095 θεολογικῆς
2642 3022 2875 3097 θεωρίας
2899 3024 3033 3095 ὕψος
3056 3026 3217 3080 πάλιν
3244 3028 3591 3099 ἐπιστρέφει,
3622 3028 3770 3101 πρὸς

2168 3112 2231 3166 τὸ
2252 3112 2331 3184 τῷ
2362 3114 2502 3186 ἁγίῳ
2540 3115 2819 3191 Πνεύματι
2856 3116 3048 3173 δοκοῦν
3084 3118 3351 3190 ἀγόμενος
3383 3120 3479 3173 καὶ
3515 3122 3766 3191 μεταγό-

481 3187 647 3250 atque
694 3185 1002 3243 traductus.
1059 3187 1187 3245 Ilaec
1235 3192 1401 3248 etiam
1455 3198 1619 3266 paulo
1664 3211 1789 3272 post
1835 3205 1971 3261 dicit
2009 3208 2067 3265 in

2181 3222 2353 3276 μενος.
2388 3185 2575 3261 Ταῦτα
2604 3185 2701 3261 καί
2743 3207 2882 3281 μετὰ
2924 3185 3321 3283 βραχέα-φησὶν
3345 3212 3403 3265 ὲν
3434 3185 3527 3283 τῇ-
3550 3185 3767 3285 θεωρία

479 3275 734 3344 mysterii
762 3281 1170 3340 communionis
1200 3289 1681 3358 contemplatione.

553 3367 741 3438 Aquw.
774 3370 927 3443 Aqua
955 3375 1100 3431 enim
1128 3392 1193 3433 ea
1224 3395 1345 3450 qua:
1372 3380 1651 3441 immunda
1680 3396 1807 3445 sunt
1837 3396 2066 3466 expian-

481 3461 595 3512 tur.

552 3550 641 3604 III.
678 3551 707 3622 §
739 3552 779 3609 I.
819 3553 1081 3615 Insinuet.
1122 3559 1282 3632 Apud
1306 3580 1403 3621 eos
1433 3568 1527 3637 qui
1557 3571 1786 3629 audiunt
1808 3588 2065 3647 oportere

479 3640 647 3696 etiam
694 3644 811 3699 ﬁeri
852 3645 1367 3725 interpretationes;
1397 3668 1454 3714 et
1484 3661 1776 3737 plerosque
1816 3640 1927 3725 non
1963 3688 2064 3728 au-

479 3734 599 3792 dire
631 3738 825 3797 solitos
857 3740 1128 3812 ejusmodi
1156 3752 1437 3821 mysteria,
1470 3756 1616 3825 quod
1654 3734 1790 3816 dicit
1814 3766 2061 3822 multim-

476 3824 676 3884 dinem.

550 3917 675 3990 §ll.
716 3920 932 3981 Unitiva
982 3945 1015 3982 a
1065 3933 1401 3999 promiscuis.
1462 3937 1681 3997 Unitiva
1726 3954 1903 4013 vocat,
1936 3962 2060 4019 qua:

473 4007 660 4069 divina
698 4015 989 4075 imitantur
1018 4041 1031 4077 :
1060 4027 1374 4094 promiscua
1410 4046 1539 4087 vero
1570 4036 1818 4107 vulgaria
1846 4048 1901 4094 et
1928 4056 2058 4111 pro-

472 4100 620 4160 fana.

543 4193 613 4249 In
635 4213 787 4265 opere
816 4200 896 4256 De
924 4203 1363 4279 intelligibilibus.
1397 4214 1475 4273 De
1502 4220 1669 4277 rebus
1691 4237 1813 4292 quae
1837 4225 2055 4283 ratione

469 4283 870 4359 intelliguntur,
901 4302 955 4350 et
1008 4313 1129 4368 qua:
1177 4304 1282 4360 sub
1320 4321 1543 4363 sensum
1598 4283 1822 4379 cadunt,
1852 4315 2053 4372 librum

468 4374 542 4431 ab
543 4376 691 4468 hipso
720 4383 986 4454 scriptum
1013 4405 1156 4459 esse,
1189 4405 1245 4451 et
1278 4399 1411 4468 quid
1440 4402 1740 4461 contineat.

537 4464 647 4563 _5_9
679 4468 706 4540 ς
738 4468 823 4528 III.
862 4474 1116 4538 Dicamus
1144 4464 1339 4556 itaque.
1360 4489 1884 4563 Contemplationes.

2167 3299 2262 3353 τοῦ
2305 3300 2603 3373 μυστηρίου
2633 3301 2737 3373 τῆς
2770 3301 3074 3366 κοινωνίας.

2241 3391 2321 3462 Τῇ
2351 3392 2427 3446 δι’
2446 3393 2683 3461 ὓδατος.
2734 3393 2826 3466 Τῷ
2871 3394 2983 3467 γὰρ
3029 3394 3182 3450 ὕδατι
3222 3394 3292 3449 τὰ
3329 3394 3623 3468 ἀκάθαρτα
3654 3413 3764 3451 κα-

2165 3484 2457 3557 θαίρονται.

2235 3575 2323 3633 ιιι.
2351 3577 2379 3651 §
2410 3576 2450 3632 Ι.
2484 3579 2915 3650 Αίνισσομένη.
2953 3582 3075 3637 Ὀτι
3110 3583 3249 3655 πρὸς
3280 3583 3411 3648 τοὺς
3447 3583 3763 3652 ἀκούοντας

2161 3669 2243 3723 δεῖ
2276 3670 2370 3724 καὶ
2405 3669 2505 3735 τὰς
2537 3670 3140 3743 ἐρμηνείαςποιεῖσθαι
3163 3692 3178 3706 ο
3226 3674 3321 3728 καὶ
3343 3676 3429 3729 ὅτι
3469 3677 3523 3730 οί
3562 3678 3763 3735 πολλοὶ

2161 3762 2384 3833 ἀνήκοοί
2429 3764 2535 3817 εἰσι
2573 3763 2686 3817 τῶν
2729 3763 2987 3821 τοιούτων
3028 3765 3379 3839 μυστηρίων,
3422 3767 3565 3838 ὅπερ
3600 3766 3759 3837 λέγει

2160 3854 2420 3922 πληθύν.

2229 3944 2256 4017 §
2290 3943 2352 4001 II.
2399 3946 2660 4016 Ἐνοειδῆ
2691 3946 2806 4017 τῆς
2835 3949 3125 4017 πληθύος.
3185 3948 3424 4022 Ἐνοειδῆ
3465 3968 3603 4023 φησι
3647 3951 3756 4023 τὴν

2160 4034 2390 4108 θεοειδῆ⁸
2428 4037 2665 4111 πληθύος
2686 4038 2766 4105 δὲ,
2799 4040 2909 4095 τῶν
2930 4040 3141 4096 πολλῶν
3172 4041 3268 4098 καὶ
3291 4044 3545 4117 ἀνιέρων.

2165 4285 2173 4289 _
2240 4214 2339 4273 Ἐν
2368 4218 2443 4289 τῇ
2474 4220 2617 4290 Περὶ
2650 4220 2904 4292 νοητῶν.
2932 4223 3053 4277 Ὅτι
3094 4224 3224 4298 περὶ
3264 4227 3474 4299 νοητῶν
3512 4230 3610 4285 καὶ
3656 4232 3750 4286 ai-

2156 4309 2370 4385 σθητῶν
2404 4312 2744 4387 σύγγραμμα
2776 4314 2924 4388 αὐτῷ
2967 4317 3290 4392 πεπόνηται,
3336 4321 3431 4373 καὶ
3473 4322 3528 4375 τί
3579 4340 3748 4395 περι-

2154 4402 2380 4571 ἐχῗιιι.
2414 4500 2690 4571 Λέτωμεν
2720 4502 2945 4559 τοίνυν.
2981 4502 3238 4575 Θεωρίαι.

535 4558 880 4624 Mentalibus.
931 4570 1131 4630 Earum
1174 4589 1494 4637 naturarum
1526 4602 1649 4656 qua:
1680 4591 1880 4647 mentis
1920 4604 2049 4649 sunt

2229 4558 2353 4645 ἰῶν
2381 4558 2623 4661 νοερῶν.
2657 4592 2762 4647 Δύο
2782 4594 2976 4659 κακίας
3008 4558 3154 4663 λέγει
3174 4594 3280 4647 τῶν
3303 4597 3527 4667 νοερῶν·
3558 4596 3591 4668 ἢ
3624 4596 3742 4671 γὰρ

464 4660 767 4723 compotes,
798 4659 909 4716 duo
936 4667 1080 4721 mala
1111 4669 1267 4726 dicit.
1298 4672 1404 4726 Aut
1432 4675 1575 4729 enim
1607 4677 1768 4746 plane
1798 4695 1829 4733 a
1856 4682 2046 4741 divino

461 4742 669 4802 lumine
696 4749 985 4811 discedunt
1013 4768 1067 4814 et
1094 4761 1373 4828 aberrant,
1401 4742 1649 4825 amantes
1679 4772 1919 4843 malum;
1951 4786 2048 4832 aut

459 4837 607 4906 quod
637 4843 974 4913 neglexerint
1007 4851 1389 4910 illustrationis
1422 4858 1646 4913 modum
1666 4863 1759 4931 qui
1781 4865 1863 4920 eis
1879 4837 2044 4925 datus

457 4940 564 4993 est,
584 4938 748 5003 atque
777 4952 902 4992 eum
933 4947 1134 4999 temere
1161 4944 1398 5001 transire
1421 4958 1633 5005 conata:
1662 4953 1793 5022 sint,
1811 4965 1864 5011 et
1895 4959 2041 5028 quod

456 5031 647 5075 earum
694 5025 803 5081 vim
847 5040 1093 5098 superat,
1132 5036 1598 5104 comprehendere
1624 5058 1735 5098 non
1766 5025 2031 5114 valentes,

453 5303 707 5357 consumi
742 5319 851 5358 non
883 5307 1079 5375 possit.

524 5390 752 5447 Arbitrii
779 5394 1017 5454 libertas.
1064 5399 1204 5458 Nota
1232 5414 1439 5475 autem,
1469 5426 1684 5469 onmem
1715 5416 1808 5486 qui
1833 5419 2037 5476 mentis

454 5490 539 5539 est
564 5495 848 5557 aspectum
872 5497 928 5546 ct
951 5492 1061 5549 vim
1088 5494 1202 5554 sive
1224 5501 1543 5573 angelorum
1575 5508 1691 5563 sive
1719 5508 2029 5577 hominum,

2147 4681 2370 4748 τελείως
2415 4685 2737 4755 ἀφίστανται
2787 4685 2881 4739 τοῦ
2927 4686 3070 4740 θείου
3119 4686 3328 4755 φωτὸς,
3376 4687 3585 4760 ὲρῶσαι
3634 4690 3740 4761 τῆς

2148 4775 2365 4841 κακίαςο
2410 4776 2444 4848 ἢ
2477 4777 2537 4831 τὸ
2577 4778 2729 4833 δοθὲν
2761 4779 2950 4843 αὐταῖς
2980 4779 3083 4849 τῆς
3126 4779 3445 4852 ἐλλάμψεως
3482 4783 3685 4855 μέτρον
3711 4784 3736 4816 ⁵

2148 4870 2639 4942 περιφρονήσασαι,
2664 4869 2760 4923 καὶ
2784 4870 2887 4923 ύπε
2897 4869 3086 4941 ρϐἦναι
3112 4870 3269 4924 τοῦτο
3290 4873 3582 4947 τολμηρῶς
3602 4878 3736 4930 ἐπι-

2146 4963 2490 5034 χειρήσασαι,
2533 4963 2629 5016 καὶ
2670 4962 2732 5016 τὸ
2768 4962 3089 5033 ὑπερϐαῖνον
3130 4962 3228 5035 τὴν
3275 4965 3508 5037 δύναμιν
3548 4968 3738 5022 αὐτῶν

2145 5054 2471 5107 καταλαϐεῖν
2517 5054 2846 5126 ἁτονήσασαι
2865 5093 2879 5118 ,
2923 5054 3310 5121 ἁποτεύξονται
3361 5059 3582 5124 πάντως
3635 5061 3735 5114 καὶ

2142 5145 2237 5198 τοῦ
2268 5145 2511 5210 δοθέντος
2542 5147 2733 5210 αὐταῖς
2766 5146 2998 5217 μέτρου,
3036 5145 3133 5200 τοῦ
3170 5147 3312 5201 θείου
3349 5150 3528 5218 φωτὸς
3571 5150 3736 5206 ἀναλ-

2143 5235 2364 5292 λοιώτου
2393 5240 2642 5309 μένοντος
2669 5238 2961 5309 πανταχοῦ.

2213 5416 2590 5485 Αὺθαίρετος.
2626 5418 2958 5489 Σημείωσαι,
2980 5418 3061 5472 ὅτι
3094 5421 3244 5474 πᾶσα
3276 5421 3439 5494 νοερὰ
3473 5422 3598 5494 ὄψις
3630 5425 3728 5479 καὶ

2143 5508 2369 5581 δύναμις
2394 5508 2505 5562 εἴτε
2530 5509 2774 5578 ἀγγέλων
2806 5508 2917 5562 εἴτε
2953 5509 3047 5564 καὶ
3069 5510 3371 5583 ἀνθρώπων
3396 5514 3722 5587 αὐθαίρετός

1374 5703 1609 5766 VARUE
1651 5706 2040 5769 LECTIONES
2074 5708 2163 5765 ET
2196 5701 2744 5768 CORRECTIONES.

526 5863 548 5897 '
570 5864 753 5933 μέρος.
