3872 6550
91 381 210 439 1⁶Ξ9

79 503 200 555 ἐστι
237 497 334 552 καὶ
367 491 734 561 αὑτεξοῦσιος·
772 489 867 544 καὶ
901 486 1018 552 πῶς
1045 490 1104 542 ὲν
1130 487 1302 560 κακίᾳ
1329 487 1559 556 γίνεται.

166 677 540 748 Ἆπήρτηται.
593 675 802 745 Ὥσπερ
858 673 921 726 rb
969 669 1341 743 συνηρτῆσθαι
1403 668 1556 741 δηλοῖ
1607 669 1670 724 rb

84 770 484 843 συναρμόσθαι,
511 768 654 822 οὕτω
684 767 779 821 καὶ
809 766 869 819 τὸ
903 763 1254 836 ἀπηρτῆσθαι
1289 763 1351 816 rb
1381 766 1670 818 ἐκπεπτω-

82 865 245 919 κέναι
288 864 389 934 τῆς
435 861 682 933 ἁρμογῆς
719 861 814 913 καὶ
851 858 952 928 τῆς
1000 857 1295 927 συμφυΐας
1344 856 1457 909 ἐσθ’
1481 857 1570 910 ὅτε
1613 856 1670 910 δὲ

83 959 180 1011 καὶ
209 959 274 1010 τὸ
307 952 686 1027 ὲκκρεμᾶσθαι
719 954 752 1024 ἡ
785 951 929 1018 λέξις
959 950 1127 1021 δηλοῖ.
1176 949 1438 1004 Ἐνταῦθα
1486 949 1669 1021 μέντοι

82 1049 226 1103 κατὰ
261 1049 323 1102 rb
355 1037 616 1120 πρότερον
649 1043 1043 1117 σημαινόμενον
1075 1041 1348 1114 εἴληπται.

158 1230 301 1285 Εἴτε
332 1227 438 1283 τοῦ
463 1226 733 1297 μετρίως.
781 1225 872 1291 Ἐξ
903 1223 1110 1290 εἰκόνος
1139 1222 1233 1280 τοῦ
1265 1223 1525 1296 αἰσθητοῦ
1558 1242 1672 1294 φω-

79 1322 174 1388 rb;
207 1323 304 1377 ἐπὶ
335 1322 395 1374 rb
426 1319 533 1374 τῶν
576 1319 736 1375 θείων
773 1320 1014 1389 νοήσεων
1055 1318 1368 1390 σύμμετρον
1406 1317 1670 1390 ἁρμόσεις

79 1417 144 1470 rb
175 1416 489 1488 εἰρημένον·
524 1416 647 1470 ἐπεὶ
678 1414 770 1468 καὶ
801 1413 1126 1485 γέγραπται·
1166 1410 1528 1482 Ὑψηλότερά
1554 1426 1673 1465 σου

78 1510 166 1580 μὴ
199 1509 378 1575 (riter
410 1508 446 1564 ἃ
492 1507 804 1582 προσετάγη
838 1526 951 1572 σοι,
983 1507 1157 1562 ταῦτα
1195 1507 1428 1563 διανοοῦ·
1475 1507 1672 1579 μέτρον

83 1601 200 1674 γὰρ
226 1605 290 1656 ὲν
318 1601 532 1667 τούτοις
561 1602 623 1656 rb
655 1602 966 1675 σύμμετρον
996 1601 1164 1672 λέγει.

159 1782 288 1836 Τῶν
303 1781 422 1851 μὲν
439 1782 765 1836 ἀνοικείων.
792 1772 912 1835 Τῶν
939 1781 1013 1854 μὴ
1040 1777 1449 1854 έναρμοζὸντων
1470 1779 1668 1850 ⁶λαύτῇ,

82 1873 158 1939 ὡς
188 1875 591 1948 ὑπερεχόντων.

151 1966 319 2034 Πρὸς
352 1967 577 2035 ταύτην
609 1969 642 2021 ό
675 1965 848 2032 θεῖὸς.
896 1965 1054 2030 Τίνος
1085 1966 1255 2030 τύπος
1285 1968 1315 2020 ὁ
1346 1966 1666 2031 ἐπίσκοπος.

153 2059 532 2132 Προσιοῦσιν
581 2058 728 2125 ταῖς.
783 2052 909 2112 Ὧδε
965 2058 1168 2131 σαφῶς,
1219 2060 1300 2113 ὅτι
1355 2058 1492 2131 πρὸς
1544 2061 1670 2124 τοὺς

85 2150 391 2214 ἀκούοντας
422 2150 682 2205 διδάσκει.

159 2240 188 2312 §
222 2239 314 2294 IV.
362 2241 808 2313 Ἐπιτνώμονες.
843 2241 1181 2315 Σημείωσαι,
1215 2243 1296 2296 ὅτι
1331 2243 1545 2317 πρῶτον
1575 2243 1672 2298 δῶ-

93 2351 182 2405 ρον
215 2337 284 2387 ὲκ
311 2335 412 2405 τῆς
443 2333 703 2406 ἀκριϐοῦς
739 2335 1086 2399 διδασκαλίας
1118 2336 1310 2388 κτᾶταί
1341 2355 1426 2400 τις
1455 2337 1517 2390 rb
1548 2339 1670 2390 ἐπι-

91 2427 298 2494 γνῶναι
320 2427 634 2491 ὲαυτὺν,ῖνα
664 2428 725 2481 rb
755 2430 814 2489 έν
844 2428 921 2500 τῷ
953 2428 1101 2501 νόμῳ
1135 2430 1365 2504 φυλάξῃ,
1402 2433 1672 2501 Πρόσεχε

88 2517 350 2584 σεαυτῷ,
396 2519 472 2583 ὡς
506 2521 599 2573 καὶ
628 2522 656 2574 ὁ
687 2519 828 2584 θεῖος
871 2521 973 2594 ἔφη
1025 2522 1322 2587 Βασίλειος·
1372 2524 1514 2578 οὕτω
1562 2524 1671 2598 γὰρ

87 2608 225 2672 τέως
262 2612 511 2680 μιμεῖται
541 2611 806 2681 ἀγγέλους
835 2613 961 2677 τοὺς
991 2611 1357 2681 γινώσκοντας
1387 2613 1631 2679 ἑαυτούς.

167 2784 418 2853 Ὀρατὸν
459 2787 821 2859 ἀνατρέχων.
880 2791 1102 2864 Ὀρατδν
1146 2793 1381 2850 ἐνταῦθα
1424 2795 1486 2849 rb
1534 2795 1669 2850 θεω-

92 2876 280 2946 ρητὸν,
301 2876 468 2948 ἤγουν
484 2879 772 2949 ἐπιστητὸν
791 2879 957 2950 λέγει’
978 2883 1289 2956 ἀνατρέχων
1308 2885 1384 2948 δὲ,
1397 2887 1673 2940 τουτέστιν

88 2965 210 3031 ὅλος
254 2968 574 3039 κινούμενος
623 2971 716 3024 ἐπὶ
755 2971 815 3025 rb
855 2974 1010 3045 ὁρᾷν·
1046 2975 1190 3046 ἱερὸν
1231 2975 1290 3030 δὲ
1328 2977 1500 3050 δῶρόν
1539 2995 1672 3050 φησι

90 3061 152 3114 τὸ
181 3057 326 3115 εἶναι
357 3061 554 3117 ἑαυτοῦ
584 3061 955 3136 ὲπιγνώμονα.

167 3241 400 3308 Ταύτης
436 3241 570 3297 ἐστὶ
612 3243 742 3312 τῆς.
802 3243 1115 3317 Ἑξῆγησις,
1148 3245 1200 3300 τί
1229 3245 1291 3300 rb
1326 3247 1394 3301 δι’
1415 3248 1673 3320 ἀναδόχου

96 3332 231 3402 πρὸς
261 3333 354 3385 τὸν
391 3333 651 3406 ἱεράρχην
683 3334 877 3389 ἐλθεῖν.

162 3425 450 3494 Σφραγίς.
497 3425 592 3490 Τίς
625 3427 657 3498 ἡ
692 3427 950 3500 σφραγὶς,
979 3430 1073 3482 καὶ
1103 3429 1188 3495 τίς
1219 3431 1251 3503 ἡ
1283 3431 1601 3506 ἀπογραφή.

165 3516 325 3584 Πρὸς
357 3516 538 3584 αὐτῷ.
585 3517 730 3572 Ἀντὶ
759 3517 877 3583 τοῦ,
915 3521 1031 3591 μετ’
1050 3521 1236 3579 αὑτοτ.

163 3609 544 3664 Συνοπαὸόν.
578 3611 996 3666 Συνακόλουθον.

160 3700 290 3772 δν.
340 3701 497 3756 Ἀλλ’
519 3701 783 3772 ἄσχετον
811 3705 982 3759 εἶναι.
1024 3707 1200 3760 Οζονεὶ
1244 3708 1511 3780 μηδεμίαν
1553 3709 1677 3782 σχέ-

99 3809 179 3847 σιν
211 3791 409 3862 ἐχοντα
442 3792 579 3863 πρὸς
608 3793 708 3865 τὴν
739 3794 1008 3866 προτέραν
1040 3795 1205 3865 ζωὴν,
1243 3798 1378 3869 μηδὲ
1410 3816 1677 3853 κατατατ-

98 3885 321 3954 τόμενον
352 3885 477 3947 ταῖς
505 3883 802 3955 διαιρέσεσι
839 3884 936 3938 τοῦ
981 3887 1268 3952 ιῐινοειδοῦς⁸
1302 3889 1362 3942 rb
1389 3889 1500 3962 γὰρ
1528 3891 1588 3946 ἓν
1619 3894 1677 3946 ὲν

97 3977 260 4027 πᾶσιν
295 3972 475 4043 ἑαυτῷ
504 3975 707 4044 ὅμοιον,
741 3975 864 4029 καθ’
904 3976 933 4029 ὃ
964 3976 1042 4030 ἕν’
1077 3977 1140 4030 rb
1167 3978 1224 4032 δὲ
1259 3978 1480 4051 πλῆθος,
1513 3982 1588 4046 ὡς
1619 3984 1677 4037 έν

96 4065 360 4137 διαιρέσει
393 4064 679 4136 ἁμαρτιῶν
708 4067 995 4137 τυγχάνον,
1031 4069 1304 4141 ἀνόμοιον.

174 4241 620 4300 Ἇπεκδύσασα.
653 4247 752 4300 Διὰ
779 4249 832 4301 τί
863 4249 1170 4304 ἀποδύεται.

167 4337 805 4405 Ὠσπερ-ἐκπνέοντα.
857 4342 1170 4412 Σημείωσαι
1216 4344 1269 4398 τί
1319 4356 1573 4419 σημαινει
1621 4349 1680 4403 rb

98 4430 221 4493 τοὺς
253 4430 700 4501 κατηχουμένους
731 4435 981 4506 ὲμφυσᾷν
1011 4436 1090 4507 τῷ
1119 4437 1368 4512 διαϐόλῳ.

804 369 863 428 S.
906 368 1156 426 MAXIM!
1195 367 1490 427 SCHOLIA
1530 368 1598 426 IN
1633 365 1780 424 LIB.
1820 367 1908 425 DE
1941 369 2224 430 ECCLES.
2262 372 2636 435 HIEBARCH.

1693 485 1743 546 Α
1772 499 1886 540 sua:
1917 501 2041 543 esse
2064 497 2118 544 et
2145 490 2440 548 voluntatis
2459 498 2513 549 et
2533 495 2820 563 potestatis
2841 503 2897 554 et
2925 496 3082 555 liberi
3102 502 3346 579 arbitrii;

3239 388 3346 449 £30

1768 583 1824 632 et
1857 579 2131 648 quomodo
2162 581 2218 636 in
2241 583 2386 638 malo
2411 586 2662 644 exsistat.

1841 665 1909 722 Se
1945 669 2209 734 subducit,
2242 669 2336 725 Gr.
2367 672 2695 745 ἀπήρτηται.
2732 675 2803 732 Ut
2853 683 3223 754 συνηρτῆσθαι
3277 685 3348 741 si-

1770 758 1992 830 gniﬁcat
2018 764 2330 832 copulatum
2360 781 2515 832 esse;
2550 768 2631 822 sic
2665 770 2829 824 etiam
2870 772 3222 845 ἀπηρτῆσθαι
3251 794 3346 832 ex-

1770 849 1973 908 cidisse
2002 868 2035 907 a
2064 856 2260 926 copula
2289 864 2344 912 et
2371 857 2763 928 conjunctione
2797 881 2810 917 :
2846 863 3120 920 interdum
3162 876 3343 923 autem

1768 945 1934 1000 etiam
1989 961 2319 1017 suspensum
2376 966 2500 1006 esse
2546 959 2611 1006 ac
2653 955 2891 1022 pendere
2941 958 3180 1015 declarat
3239 962 3345 1018 hoc

1769 1036 2018 1093 verbum.
2069 1038 2186 1094 Hoc
2229 1047 2413 1096 tamen
2463 1041 2586 1098 loco
2630 1044 2685 1099 in
2721 1046 2904 1116 priore
2945 1050 3344 1121 signiﬁcatione

1771 1140 2054 1202 acceptum
2082 1142 2185 1190 est.

1843 1223 1998 1290 Quod
2022 1225 2070 1279 si
2099 1226 2374 1282 mediocre.
2401 1227 2526 1284 Hmc
2553 1230 2718 1286 verba
2748 1247 2814 1287 ex
2847 1233 3086 1305 imagine
3113 1246 3165 1292 et
3191 1238 3345 1293 simi-

1771 1313 2001 1371 litudine
2029 1317 2172 1372 lucis
2202 1334 2323 1388 quae
2353 1334 2551 1376 sensus
2578 1331 2778 1386 movet,
2810 1323 2877 1378 ad
2907 1326 3126 1381 modum
3158 1336 3343 1398 aptum

1771 1406 2077 1462 divinarum
2119 1408 2604 1480 intelligentiarum
2648 1415 2968 1484 copulabis;
3001 1420 3348 1491 quandoqui-

1771 1496 1895 1552 dem
1939 1498 2204 1570 scriptum
2234 1501 2593 1557 estzAltiora
2635 1516 2682 1558 te
2732 1523 2794 1560 ne
2835 1509 3106 1578 quarsieris
3133 1510 3192 1578 d;
3227 1528 3348 1585 quae

1770 1590 1869 1645 tibi
1898 1599 2170 1662 praecepta
2200 1600 2330 1649 sunt
2358 1595 2472 1650 haec
2504 1597 2715 1667 cogita;
2747 1599 2968 1655 modum
2996 1602 3143 1657 enim
3179 1604 3264 1659 his
3290 1604 3347 1662 in

1770 1682 1976 1748 verbis,
2004 1693 2194 1753 aptum
2219 1684 2440 1740 modum
2467 1688 2620 1742 dicit.

1845 1774 1962 1845 Ipsi
1989 1777 2196 1847 quidem
2225 1779 2732 1848 improportionatis.
2767 1783 2898 1850 Quae
2924 1783 2975 1842 ei
3007 1801 3116 1841 non
3147 1801 3349 1844 conve-

1773 1869 1930 1923 niunt
1949 1887 1964 1936 ',
1991 1877 2053 1924 ut
2083 1885 2204 1939 quae
2234 1879 2513 1942 superent.

1837 1960 1922 2013 Ad
1951 1960 2087 2015 hanc
2110 1962 2340 2020 divinus.
2371 1963 2542 2033 Cujus
2573 1963 2645 2019 sit
2673 1965 2844 2036 ﬁgura
2873 1968 3183 2039 episcopus.

1838 2050 2237 2109 Accedentibus.
2283 2054 2397 2109 Hoc
2426 2071 2492 2110 ex
2533 2055 2655 2110 loco
2698 2058 3048 2127 perspicuum
3078 2070 3182 2128 est,
3219 2079 3346 2119 eum

1770 2143 1913 2214 apud
1945 2144 2226 2201 auditores
2247 2145 2464 2202 docere.

1843 2236 1871 2308 ᾗ
1905 2221 1992 2293 iV.
2045 2237 2452 2309 Cognoscentes.
2494 2239 2654 2306 Nota,
2692 2241 2928 2311 aliquem
2962 2245 3197 2313 primum
3241 2247 3347 2303 hoc

1778 2343 1981 2386 munus
2030 2345 2099 2385 ex
2156 2339 2412 2385 accurata
2467 2332 2825 2403 diligentique
2878 2334 3166 2405 disciplina
3214 2353 3347 2393 con-

1771 2422 1956 2498 sequi,
1990 2428 2050 2476 ut
2091 2431 2282 2477 noscat
2329 2423 2600 2492 seipsum;
2649 2433 2709 2479 ut
2756 2426 2889 2481 illud
2939 2428 3082 2496 quod
3133 2431 3188 2483 in
3231 2432 3347 2500 lego

1771 2516 2038 2584 scriptum
2066 2521 2152 2568 est
2175 2524 2354 2569 servet
2372 2533 2386 2570 :
2403 2515 2628 2571 Attende
2650 2518 2868 2586 teipsum
2886 2517 2961 2583 (ι’,
2989 2521 3344 2588 quemadmo-

1771 2602 1900 2656 dum
1944 2604 2108 2658 etiam
2156 2605 2375 2659 divinus
2421 2605 2658 2662 Basilius
2686 2609 2802 2664 ait:
2839 2609 2925 2666 sic
2954 2610 3098 2666 enim
3140 2611 3347 2668 interea

1771 2695 1992 2766 angelos
2023 2695 2291 2759 imitatur,
2323 2697 2415 2766 qui
2455 2706 2689 2753 noscunt
2728 2700 2958 2770 seipsos.

1841 2785 1927 2838 Ad
1969 2787 2053 2840 sui
2081 2789 2290 2841 veniunt
2331 2789 2698 2858 cognitionem.
2736 2791 2960 2861 Ὀρατόν
3002 2791 3105 2846 hoc
3139 2793 3260 2848 loco
3285 2795 3350 2849 rb

1773 2877 2046 2950 θεωρητὺν
2072 2879 2239 2949 ἤγουν
2269 2879 2580 2950 ἐπιστητόν,
2611 2880 2662 2933 id
2707 2888 2790 2936 est
2829 2883 3347 2952 contemplationem

1771 2967 1886 3023 sive
1912 2968 2222 3032 scientiam,
2241 2968 2394 3022 dicit.
2413 2968 2745 3040 ’Λνατρέχων
2771 2984 2925 3034 vero,
2957 2969 3060 3024 hoc
3089 2979 3172 3026 est
3198 2978 3347 3028 totus

1774 3068 2058 3132 permotus
2092 3060 2160 3114 ad
2190 3059 2504 3116 videndum.
2550 3058 2778 3114 Sacrum
2819 3077 2950 3116 vero
2980 3062 3184 3116 donum
3214 3063 3350 3119 dicit

1697 3174 1744 3236 ο
1776 3151 2017 3224 seipsum
2043 3166 2298 3207 noscere.

1850 3245 2028 3316 Hujus
2049 3253 2150 3300 est.
2181 3243 2526 3314 Explanatio,
2559 3244 2690 3314 quid
2720 3244 2792 3300 sit
2817 3258 2912 3314 per
2938 3259 3258 3314 sponsorem
3280 3246 3350 3302 ad

1776 3335 2140 3392 bierarchiam
2168 3336 2374 3391 venire.
3067 3382 3069 3386 .

1846 3425 2209 3498 Consignatio.
2242 3425 2375 3492 Qute
2401 3425 2768 3497 consignatio,
2799 3433 2854 3482 et
2881 3441 3003 3496 qum
3031 3425 3347 3496 descriptio.

1695 3554 1698 3557 -
1780 3496 1822 3518 ”
1844 3496 2209 3584 Πρὸςίαύτῷ.
2241 3514 2370 3580 Pro,
2403 3530 2527 3570 cum
2559 3496 2700 3585 ipso.

1848 3608 2129 3673 Comitem,
2152 3606 2248 3663 Gr.
2285 3607 2598 3661 συνοπαδόν.
2644 3605 3066 3663 Assectatorem.

1851 3699 1880 3772 ς
1913 3699 1978 3755 V.
1999 3699 2103 3754 Sed
2133 3708 2394 3754 mortem
2419 3715 2552 3754 esse.
2583 3697 2867 3768 Tanquam
2893 3697 3102 3752 nullum
3129 3695 3353 3768 Gaba-

1777 3792 1950 3848 bitum
1975 3791 2174 3846 habeat
2195 3789 2262 3844 ad
2289 3789 2456 3844 vitam
2482 3788 2843 3858 superiorem,
2859 3802 3047 3858 neque
3069 3785 3352 3855 subjectus

1777 3887 1852 3942 sit
1880 3883 2274 3950 divisionibus,
2301 3881 2423 3952 ejus
2469 3880 2614 3951 quod
2664 3888 2748 3936 est
2797 3879 3110 3936 uninsmodi
3139 3897 3152 3933 :
3181 3893 3352 3932 unum

1777 3979 1924 4035 enim
1969 3977 2023 4031 in
2069 3974 2346 4041 omnibus,
2376 3981 2647 4043 quatenus
2693 3979 2787 4028 est-
2822 3987 3013 4034 unum,
3038 3971 3126 4026 sui
3175 3969 3353 4025 simile

1777 4079 1893 4136 est;
1925 4065 2214 4122 multitudo
2254 4071 2458 4130 autem,
2485 4072 2547 4118 ut
2577 4079 2696 4134 qua:
2731 4063 2789 4118 in
2819 4070 3171 4133 peccatorum
3211 4059 3355 4115 divi-

1779 4164 1934 4218 sione
1959 4161 2052 4225 sit,
2085 4157 2392 4215 dissimilis.

1849 4253 2082 4307 Eatuens.
2103 4249 2284 4316 Quare
2303 4247 2540 4304 exuitur.

1851 4346 2150 4418 Eﬁiantem.
2180 4343 2342 4408 Nota,
2367 4341 2501 4412 quid
2530 4339 2800 4411 signiticet
2824 4336 3246 4392 catechumenos
3271 4335 3355 4391 in—

1782 4439 2001 4496 sutilare
2027 4437 2264 4492 diabolo.

102 4588 125 4604 .
165 4519 643 4590 Διατγέλλουσα.
691 4524 755 4576 Ἦ
784 4523 895 4578 τῶν
943 4526 1227 4582 συμϐόλων
1264 4529 1465 4602 δηλαδὴ
1506 4535 1670 4605 παρά-

1855 4531 2215 4588 Annuntians.
2247 4525 2540 4599 Signorum
2568 4521 2821 4578 videlicet
2851 4519 3092 4576 traditio.

97 4608 263 4654 οοσις.

165 4683 332 4752 Πρὸς
363 4683 432 4737 τὸ
464 4683 536 4738 ἐν
566 4686 778 4755 ὀλικῆς
799 4689 1202 4756 συννεύσεως.
1226 4691 1337 4764 Τὴν
1360 4694 1497 4766 πρὸς
1526 4696 1588 4750 rb
1620 4698 1677 4752 ἓν

97 4775 288 4847 δλικὴν
315 4776 603 4830 σύννευσιν
625 4776 752 4831 λαϐὲ
782 4779 923 4836 κατὰ
954 4781 1016 4835 rb
1045 4783 1140 4835 τοῦ
1173 4785 1378 4857 Κυρίου
1412 4789 1573 4860 ῥητὸν
1603 4793 1682 4845 si-

101 4865 318 4930 πύντος,
354 4867 458 4920 ἵνα
489 4867 640 4922 ὦσιν
668 4868 758 4933 ἓν,
790 4872 1036 4927 τουτέστι
1068 4875 1206 4947 πρὸς
1247 4877 1308 4930 rb
1339 4880 1396 4934 ἒν
1428 4882 1682 4952 ὁρῶντες,

98 4958 237 5030 amp
272 4958 392 5011 ἐστὶ
437 4960 457 4990 ⁷
490 4960 553 5013 rb
585 4960 814 5032 ἀρέσκον
844 4963 983 5034 Θεῷο
1017 4967 1275 5022 ἀνάτασιν
1306 4970 1383 5034 δὲ,
1417 4972 1514 5045 τὴν
1549 4976 1686 5046 πρὸς

99 5050 159 5102 rb
190 5051 352 5106 Θεῖον
388 5051 598 5122 ὖψωσιν
627 5052 722 5107 τοῦ
756 5054 1039 5127 λογισμοῦ,
1074 5060 1168 5114 καὶ
1195 5061 1306 5118 τῶν
1338 5065 1690 5140 χαμαιζήλων

98 5144 477 5218 ἀναχώρησιν.

177 5238 255 5289 Τὸ
285 5238 704 5293 ἀναλλοίωτον
725 5239 905 5309 ἴσχει.
940 5241 1065 5307 Πῶς
1090 5245 1183 5298 καὶ
1208 5247 1373 5304 πόθεν
1396 5251 1688 5309 ἀναλλοίω-

79 5341 185 5381 ros
215 5329 462 5396 γίνονται
493 5330 552 5382 ai
585 5330 768 5401 νοεραὶ
798 5331 960 5398 ἕξεις.

186 5416 608 5486 “Matuta,-
695 5419 869 5473 εἶναι.
953 5420 1273 5492 ’Δθελκτον,
1350 5427 1646 5500 ἀθήλυντον
1671 5473 1686 5500 ι

182 5576 208 5616 δ
232 5575 406 5631 Eccli.
440 5591 521 5640 tu,
551 5574 640 5630 22.
703 5575 754 5613 α’
784 5571 983 5631 lTim.‘
1008 5593 1082 5646 tv,
1112 5579 1179 5634 ιθ

1843 4705 1977 4761 Cum
2007 4721 2113 4759 uno
2145 4702 2298 4758 totali
2334 4699 2742 4770 conspiratione.
2780 4694 2973 4751 Totam
3018 4693 3360 4764 conjunctio-

1787 4812 1910 4853 nem
1941 4810 2066 4853 cum
2101 4809 2232 4857 uno,
2264 4791 2453 4862 accipe
2487 4805 2552 4845 ex
2582 4787 2677 4842 illo
2709 4782 2922 4839 Domini
2950 4781 3137 4844 verbo,
3163 4790 3220 4832 ut
3252 4780 3358 4834 sint

1788 4902 1993 4950 unum;
2024 4885 2076 4940 id
2123 4892 2208 4941 est
2247 4897 2414 4938 unum
2461 4880 2759 4938 intuentes,
2793 4872 2943 4944 quod
2987 4879 3073 4927 est
3114 4870 3168 4925 id
3215 4873 3359 4940 quod

1791 4967 2004 5051 gratum
2036 4984 2120 5032 est
2160 4975 2298 5041 Deo;
2345 4969 2754 5026 contentionem
2796 4971 3002 5026 autem,
3036 4962 3265 5051 rationis
3291 4959 3359 5013 ad

1785 5050 1954 5125 Deum
2005 5063 2395 5121 sublimitatem
2434 5067 2488 5116 et
2516 5059 2586 5114 ab
2631 5057 2700 5113 iis
2733 5055 2829 5127 qui
2876 5061 3095 5110 terrena
3139 5050 3362 5121 sapiunt

1783 5173 2062 5216 recessum
2071 5198 2085 5214 ο

1856 5247 2348 5304 Immutabilitatem
2371 5244 2588 5300 obtinet.
2619 5237 2902 5310 Quomodo
2921 5245 2975 5292 et
2998 5232 3142 5290 unde
3167 5231 3361 5287 immu-

1784 5344 1970 5400 tabilis
2001 5341 2096 5396 ﬁat
2125 5340 2325 5396 mentis
2347 5345 2526 5395 status
2550 5342 2605 5391 et
2629 5334 2868 5390 habitus.

1862 5433 2196 5491 Obduratum
2228 5448 2358 5488 esse.
2385 5427 2492 5497 Qui
2517 5423 2799 5486 blanditiis
2823 5415 3121 5479 demulceri
3146 5411 3359 5486 nequit,

1057 5692 1292 5774 uiua:
1331 5691 1714 5754 LECTIONES
1747 5693 1835 5752 ET
1864 5691 2420 5754 consummas.

199 5851 243 5920 ,⁸
273 5851 640 5926 ἁρμοζόντων.
687 5835 730 5928 ’,⁷
769 5838 1092 5912 τοῦτόεστι.
