3860 6562
524 355 622 411 151
1275 354 1617 411 APPENDIX
1657 355 1750 410 AD
1787 354 2017 411 OPERA
2063 355 2124 413 S.
2164 354 2462 413 DlONYSll
2497 355 2985 416 AREOPAGITE.
3059 397 3062 399 λ
3681 355 3789 412 £32

522 475 615 540 qui
650 469 945 526 femineum
983 471 1206 526 minime
1243 469 1431 526 induat
1465 473 1728 537 animum,
1754 471 1936 536 fortis,
1960 471 2046 529 nih

2261 473 2473 545 ιδρείον,
2527 471 2836 540 ἀνένδοτον,
2901 471 3304 546 ἀπαρέγκλιτον
3361 470 3554 542 ὑφέσει
3614 467 3785 542 πάσῃ.

521 562 592 617 de
622 564 930 618 constantia
951 563 1256 626 remittens,
1282 563 1378 632 qui
1410 564 1665 618 inclinari
1689 579 1798 618 non
1825 571 2007 635 potest
2034 579 2045 616 :

2263 564 2411 617 στέον
2441 562 2498 616 δὲ
2529 563 2605 627 ὡς
2637 565 2730 618 ἐπὶ
2759 565 3035 634 γυναικῶν
3060 563 3460 636 ἀνδριζομένων
3491 561 3526 634 ἢ
3560 560 3787 636 ἄρρενο-

523 654 691 709 ullam
724 653 1166 708 submissionem.
1198 652 1494 710 Sciendum
1529 663 1613 710 est
1653 663 1858 720 autem,
1886 655 1954 711 de
1984 671 2047 709 m1

1129 667 1166 708 ι.
1198 652 1494 710 Sciendum
1529 663 1613 710 est
1653 663 1858 720 autem,
1886 655 1954 711 de
1984 671 2106 709 mu-
2207 658 2388 730 φανῶν
2419 657 2653 730 εἴρηται.

523 744 753 799 lieribus
797 741 1053 809 fortibus,
1082 750 1327 814 autquae
1353 760 1532 801 mares
1578 753 1864 816 apparent,
1897 746 2105 801 dictum

523 850 667 891 esse.

597 926 802 980 Horum
830 934 1006 981 autem
1037 928 1226 982 cernis.
1260 927 1337 983 De
1367 928 1645 985 unctione.

2291 926 2453 995 Ὁρᾷς
2483 925 2552 979 δὲ
2581 924 2706 992 τάς.
2744 924 2883 998 Περὶ⁷
2911 923 3005 978 τοῦ
3037 925 3393 996 ἀλείμματος.

593 1017 676 1071 Ad
712 1034 830 1089 qua:
863 1017 958 1072 sub
994 1015 1207 1072 Christo
1239 1020 1559 1074 munerario.
1607 1021 1922 1091 Hyperbato
1964 1035 2104 1076 con-

2276 1017 2527 1084 Καθόὒς
2556 1019 2657 1072 ὑπ’
2683 1016 2992 1086 ἀθλοθέτῃ.
3031 1018 3117 1070 Ἐν
3145 1015 3438 1089 ὑπερϐατῷ
3468 1015 3504 1087 ἡ
3539 1013 3791 1081 σύνταξις

524 1118 634 1168 stat
665 1109 829 1178 hujus
862 1111 969 1164 loci
996 1117 1277 1165 structura
1311 1111 1631 1182 interposita
1664 1113 1826 1184 longa
1864 1112 2048 1168 εοιιοοι

2269 1109 2297 1163 ὖ
2331 1109 2598 1182 παρόντος
2629 1109 2832 1181 χωρίου
2868 1107 3258 1180 μεταξυλογίας
3303 1105 3651 1175 συντεθείσης
3685 1122 3793 1176 μα-

522 1203 692 1258 tione.
715 1201 808 1257 Sic
825 1217 955 1273 ergo
975 1202 1403 1258 construendum
1426 1213 1538 1259 est:
1559 1220 1656 1274 per
1668 1220 1788 1274 quae
1804 1206 2046 1260 certamii

2270 1203 2364 1265 ag.
2399 1200 2589 1266 Οὕτως
2619 1195 2713 1254 οὖν
2758 1199 3102 1254 συντακτέοψ
3137 1199 3262 1254 καθ’
3282 1198 3378 1264 οὒς
3411 1198 3504 1252 ὑπ’
3525 1196 3794 1267 ἀθλοθέτῃ

523 1299 628 1353 sub
644 1297 886 1361 Christo,
902 1297 994 1366 qui
1020 1297 1238 1366 praemia
1255 1297 1560 1367 proposuit,
1575 1297 1631 1351 in
1652 1299 1952 1352 certamina
1966 1315 2047 1370 qu:

2269 1291 2428 1363 ριστῷ
2457 1291 2761 1362 γινόμενος,
2795 1292 2909 1353 τοῖς
2943 1291 3043 1362 μὲν
3075 1291 3303 1360 ἀγῶσιν,
3336 1290 3414 1353 ὡς
3446 1288 3612 1352 θείοις
3642 1291 3670 1341 ὁ
3703 1302 3793 1340 τε-

522 1391 670 1457 dam,
695 1399 755 1446 ut
777 1390 962 1446 divina
1006 1391 1160 1444 latus
1190 1390 1488 1454 incumbet,
1527 1397 1581 1446 et
1620 1404 1741 1460 quae
1775 1399 2046 1460 sequuutu

1954 1399 2100 1446 ιιιωι,
2204 1380 2462 1452 λούμενος
2493 1379 2814 1452 ἐπιϐήσεται
2845 1381 3072 1453 χαίρων,
3106 1381 3200 1436 καὶ
3230 1380 3299 1434 τὰ
3329 1379 3478 1451 ἑξῆς.

1125 1497 1476 1554 CHRISTUS

2782 1491 2840 1550 '0
2879 1495 3171 1550 ΧΡΙΣΤΟΣ

529 1611 595 1666 Ut
634 1611 773 1668 Deus
925 1613 991 1666 Ut
1029 1630 1120 1666 sa-
1319 1610 1386 1666 Ut
1413 1612 1626 1681 pulcher
1713 1614 1780 1668 Ut
1815 1614 1981 1670 bonus

2275 1634 2309 1680 ς
2334 1613 2450 1682 μὲν
2609 1613 2701 1679 Ὦς
2733 1613 2802 1668 δὲ
3005 1614 3098 1680 Ὠς
3127 1613 3197 1667 δὲ
3227 1630 3332 1668 κα-
3399 1613 3494 1680 Ὠς
3533 1611 3604 1666 δὲ
3645 1610 3796 1682 ἀγα-

521 1684 752 1754 ρναξιπία,
916 1683 1061 1752 piens
1102 1685 1174 1739 le-
1318 1684 1610 1754 certamina
1715 1701 1823 1738 una
1848 1702 1962 1740 cer-

2269 1683 2351 1750 ςὸς
2600 1684 2795 1754 σοφὸς
2999 1685 3111 1751 λὸς
3142 1688 3290 1738 καλ-
3399 1683 3506 1754 θός
3526 1697 3793 1753 συναγω-

521 1769 713 1836 propo-
744 1752 752 1754 “
916 1770 1003 1824 ges
1035 1755 1157 1825 fert.
1317 1753 1576 1809 honestat.
1716 1765 1814 1810 tat.

2202 1755 2384 1836 (£0.10:
2596 1752 2840 1836 νομοθε-
2986 1755 3157 1836 ,ἐπέξει
3188 1755 3260 1808 τὰ
3394 1755 3458 1808 r1
3461 1752 3633 1815 ζεται.

530 1825 630 1879 nit.
674 1825 684 1835 ’
920 1823 931 1824 ί
1036 1823 1044 1825 ’
2132 1863 2176 1922 Β
2204 1823 2375 1878 θετεῖ.
2597 1823 2704 1880 rei.
2992 1823 3166 1880 ἆθλα.

596 1931 1032 2005 Quandoquidem
1057 1944 1116 1989 ut
1144 1935 1306 1993 Deus.
1353 1933 1511 2001 Quod
1537 1932 1792 1991 Christus
1821 1933 1895 1991 sit
1924 1933 2092 2004 Deus,

2278 1938 2512 2009 Ἐπειδὴ
2541 1940 2622 2008 ὡς
2653 1940 2818 2007 Θεός.
2849 1941 2969 1996 Ὅτι
3000 1941 3029 1994 ό
3053 1939 3291 2012 Χριστὸς
3313 1938 3448 2005 Θεός
3478 1939 3622 2003 ἐστι,
3643 1937 3794 1992 κατά

522 2031 714 2078 contra
743 2023 1116 2082 Nestorianos.

1074 2043 1116 2082 s.
2201 2027 2598 2098 Νεστοριανῶν.

595 2115 938 2171 Descendens.
972 2117 1048 2173 De
1079 2119 1349 2189 baptismo
1376 2117 1530 2174 dicit.

2287 2115 2539 2183 Ἐπιϐάς.
2576 2117 2714 2190 Περὶ
2743 2116 2838 2172 τοῦ
2873 2117 3245 2189 βαπτίσματος
3280 2117 3448 2186 λέγει.

594 2206 843 2279 Pugilum
883 2210 1148 2276 primatis.
1194 2209 1442 2283 Pugilum
1475 2209 1760 2281 primatem
1803 2210 2091 2267 Dominum

2280 2208 2390 2264 Τοῦ
2420 2207 2697 2278 ἀθλητῶν
2720 2209 2972 2278 πρώτου.
3003 2208 3273 2280 Ἀθλητῶν
3307 2209 3522 2282 πρῶτον
3551 2207 3643 2262 τὸν
3676 2205 3793 2260 Κύ-

523 2300 679 2363 dicit,
709 2302 802 2371 qui
841 2302 959 2356 sola
995 2317 1094 2357 sua
1137 2303 1474 2374 benignitate
1503 2301 1724 2370 ductus,
1749 2318 1874 2359 cum
1899 2312 2043 2361 mort

2269 2318 2323 2356 ον
2361 2301 2529 2372 λέγει,
2561 2301 2620 2368 ὃς
2663 2301 2753 2356 διὰ
2795 2303 2962 2375 μόνην
3003 2302 3316 2374 ἀγαθότητα
3359 2301 3515 2366 ἰδίαν,
3549 2299 3694 2374 πρὸς
3732 2299 3793 2353 τδ

521 2393 754 2464 imperio
782 2396 1142 2465 potentiaque
1159 2395 1410 2451 certavit.

2203 2394 2298 2448 τοῦ
2333 2394 2560 2450 θανάτου
2591 2395 2897 2466 ἠγωνίσατο
2928 2397 3148 2469 κράτος.

593 2485 1003 2543 Certaminibus.
1039 2486 1259 2543 Scilicet
1303 2503 1401 2558 per
1446 2488 1762 2545 unctionem
1789 2488 1965 2546 divini
1993 2503 2100 2545 un-

2288 2487 2625 2555 Ἀθλήσεσι.
2668 2487 2774 2543 Διὰ
2809 2488 2912 2559 τῆς
2941 2483 3170 2559 ἁλοιφῆς
3218 2487 3459 2560 δηλονότι
3494 2484 3592 2540 τοῦ
3638 2485 3793 2539 θείου

523 2578 730 2649 guenti.

2284 2595 2398 2650 ρου.
3802 2585 3806 2652 |

593 2668 860 2734 Actiones,
883 2676 991 2725 etc.
1023 2669 1284 2725 Actiones
1307 2669 1525 2740 quidem
1549 2669 1682 2725 dicit
1711 2677 1956 2740 peccata,
1981 2678 2101 2726 tur-

2285 2670 2616 2741 Ἐνεργείας
2645 2685 2711 2724 τε
2741 2669 2860 2724 καί.
2906 2669 3219 2741 Ἐνεργείας
3251 2669 3353 2741 μέν
3379 2667 3484 2732 τὰς
3511 2665 3797 2739 ἁμαρτίας

521 2758 881 2830 bulentasque
922 2759 1250 2828 cupiditates
1281 2769 1336 2815 et
1369 2767 1587 2827 motus;
1617 2761 1886 2816 essentias
1917 2769 2042 2816 aute

2271 2764 2296 2818 1
2343 2763 2444 2829 τὰς
2493 2763 2762 2836 ἐμπαθεῖς
2812 2763 3114 2835 ἐπιθυμίας
3163 2762 3258 2817 καὶ
3305 2760 3551 2832 κινήσεις
3597 2758 3795 2832 φησιν·

521 2850 828 2904 daemonum
872 2851 976 2921 61
1027 2860 1273 2914 naturas,
1305 2865 1428 2920 quae
1478 2851 1590 2906 vim
1635 2851 1830 2922 agendi
1869 2852 2045 2908 haben

2270 2852 2464 2924 ήρξεις
2503 2852 2561 2906 δὲ
2591 2851 2689 2916 τὰς
2722 2852 3084 2925 ἐνεργητικὰς
3122 2852 3230 2906 τῶν
3268 2851 3540 2923 δαιμόνων
3571 2847 3794 2920 φύσειςο

519 2941 812 2997 Enimvero
865 2943 1127 3012 improbae
1172 2943 1416 3000 actiones
1460 2957 1571 2999 non
1611 2943 1666 2999 in
1719 2959 1819 3000 sua
1857 2953 2043 3002 essent

2295 2943 2404 3015 γὰρ
2435 2942 2670 3016 πονηραὶ
2708 2943 2937 3016 πράξεις
2975 2945 3077 2999 οὐκ
3119 2945 3178 2997 ἐν
3225 2943 3333 3014 ἰδίᾳ
3376 2939 3613 3014 ὑπάρξει
3656 2940 3797 2995 θεω-

520 3041 824 3104 naturaque
853 3041 1190 3104 spectantur.

2203 3035 2438 3110 ροῦνται.
3307 3097 3310 3100 «

593 3123 756 3197 ςνιι.
773 3126 1036 3190 Quoniam
1066 3143 1204 3181 mors
1226 3136 1324 3184 est.
1349 3127 1488 3194 Quid
1509 3127 1579 3185 sit
1598 3143 1746 3186 mors
1773 3128 1939 3198 dicit;
1965 3139 2100 3188 ocn-

2279 3131 2306 3202 ᾗ
2335 3129 2452 3185 VII.
2498 3128 2737 3198 Ἐπειδὴ
2768 3129 3023 3195 θάνατός
3054 3127 3239 3184 ἐστιν.
3271 3126 3337 3180 Τί
3379 3125 3499 3179 ἐστι
3535 3125 3795 3192 θάνατος,

520 3218 1044 3290 glutinationemque
1105 3220 1284 3276 nostri
1351 3237 1474 3278 esse
1536 3221 1982 3294 coniunctionem

1843 3241 1982 3280 mem
2047 3233 2102 3282 et
2127 3217 2171 3275 C
2203 3223 2299 3277 καὶ
2326 3223 2408 3277 ὅτι
2439 3221 2631 3286 ἓνωσίς
2669 3221 2817 3275 ἐστιν
2845 3222 2880 3293 ὴ
2910 3219 3159 3285 σύνθεσις
3188 3217 3367 3291 ἡμῶν.

523 3319 802 3361 unionem.

591 3393 673 3447 Ad
710 3393 990 3450 obscurum
1019 3395 1145 3467 quid
1190 3396 1404 3454 ducens.
1450 3398 1564 3456 Hoc
1597 3401 1956 3476 ipsumquod
1989 3423 2101 3463 non

2285 3399 2537 3470 Ἀφανὲς
2565 3399 2818 3471 ἄγουσα.
2853 3397 3024 3452 Τοῦτο
3052 3398 3114 3452 τὸ
3156 3395 3360 3466 ἀφανές
3385 3412 3534 3460 τινες
3577 3394 3796 3466 ἔφησαν

518 3487 756 3552 videtur,
799 3488 1019 3557 quidam
1063 3488 1270 3544 inferos
1298 3505 1420 3547 esse
1443 3491 1730 3560 dixerunt;
1781 3495 1836 3551 id
1865 3506 1951 3553 est
1984 3497 2038 3552 di

2266 3511 2337 3548 tat
2365 3493 2456 3547 τὸν
2487 3492 2641 3565 ᾅδην,
2671 3491 2918 3546 τουτέστι
2953 3491 3045 3545 τὸν
3085 3490 3237 3562 ἀειδῆ
3277 3489 3374 3543 καὶ
3417 3487 3599 3559 ἀφανῆ
3632 3487 3790 3557 γενό-

518 3593 734 3634 cessum
783 3581 1292 3653 separationemque
1348 3583 1537 3649 animi,
1566 3602 1687 3656 qua
1720 3603 1832 3643 non
1860 3587 2042 3644 videtu

2273 3603 2361 3639 νον
2389 3585 2488 3657 τῆς
2515 3585 2693 3656 ψυχῆς
2721 3583 3019 3657 χωρισμὸν,
3040 3586 3120 3648 εἰς
3147 3583 3346 3647 τόπους
3375 3580 3651 3654 ἀοράτους
3679 3583 3797 3644 τοῖς

517 3686 622 3726 nec
645 3681 892 3744 apparet,
941 3673 1010 3728 ad
1053 3675 1173 3730 loca
1218 3691 1342 3746 quae
1383 3677 1558 3734 videri
1606 3694 1716 3735 non
1755 3688 1988 3750 possunt
2028 3695 2041 3734 ε

1284 3691 1342 3731 lae
1383 3677 1558 3734 videri
1606 3694 1716 3735 non
1755 3688 1988 3750 possunt
2028 3681 2100 3736 ab
2198 3674 2495 3747 αἰσθητοῖςο
2798 3709 2808 3720 ε

517 3763 588 3820 iis
612 3767 705 3835 qui
731 3765 836 3820 sub
865 3781 1087 3822 sensum
1119 3768 1348 3825 cadunt.
2779 3767 2787 3774 ’

587 3857 864 3927 Corporeis
902 3860 1382 3915 immutationibus.
1414 3859 1568 3932 Saepe
1600 3861 1747 3918 enim
1777 3862 2098 3918 dissolvitur

2276 3855 2686 3929 Σωματοειδῶν
2727 3853 3128 3911 ἀλλοιώσεων.
3176 3851 3447 3916 Πολλάκις
3495 3851 3605 3923 γὰρ
3660 3852 3800 3906 ἀνα-

514 3958 569 4006 et
601 3951 794 4006 recidit
822 3947 1043 4022 corpus,
1069 3967 1178 4008 non
1209 3953 1385 4008 solum
1414 3953 1472 4008 in
1499 3969 1737 4018 vermes,
1771 3955 1864 4008 sed
1902 3955 1957 4008 in
1989 3955 2038 4009 al

2274 3951 2555 4026 atxewﬁtat
2598 3950 2659 4002 οὐ
2707 3949 2864 4020 μόνον
2904 3950 2986 4011 είς
3029 3946 3337 4019 σκώληκας,
3389 3943 3528 3998 ἀλλὰ
3564 3945 3666 3998 καὶ
3712 3945 3798 4007 είς

515 4057 734 4113 quoque
759 4044 1079 4099 animantia.
1115 4041 1253 4101 Vide
1273 4045 1439 4100 etiam
1468 4053 1529 4100 ut
1557 4046 1914 4101 mutationem
1945 4045 2034 4115 eju

2276 4052 2329 4099 ta.
2374 4043 2488 4108 ζῶα
2537 4042 2599 4095 τὸ
2639 4040 2816 4113 σῶμα.
2851 4042 2992 4112 Ὅρα
3030 4038 3110 4104 δέ,
3141 4039 3222 4092 ὅτι
3263 4038 3358 4090 καὶ
3394 4036 3493 4108 τὴν
3525 4035 3800 4106 τοιαύτην

511 4135 656 4189 modi
687 4134 989 4199 ἀλλοίωσιν,
1023 4136 1078 4191 id
1109 4147 1192 4193 est
1221 4137 1704 4193 commutationem
1755 4139 2013 4208 appellat,

2275 4136 2499 4209 ταόολὴν
2539 4134 2820 4190 ἀλλοίωσιν
2880 4132 3055 4195 καλεῖ,
3102 4132 3196 4185 καὶ
3241 4131 3322 4183 ὅτι
3371 4132 3399 4183 ό
3442 4129 3682 4192 θάνατος
3728 4131 3799 4182 οὐ

511 4235 741 4282 mortem
772 4245 883 4287 non
913 4228 1035 4286 esse
1064 4231 1317 4285 essentiae
1347 4239 1552 4284 nostrae
1575 4231 2035 4300 consumptionen

2272 4231 2508 4297 ςοῦσίας
2539 4230 2694 4302 ἡμῶν
2727 4231 2874 4283 ἐστιν
2915 4224 3244 4298 ἁνυπαρξία,
3290 4225 3386 4279 καὶ
3422 4225 3507 4278 ὃτι
3554 4225 3588 4296 ἡ
3633 4223 3796 4295 ψυχὴ

510 4327 564 4373 et
593 4320 833 4374 animum
859 4336 984 4374 cum
1021 4320 1277 4375 discessit
1305 4336 1336 4375 a
1368 4335 1620 4391 corpore,
1653 4336 1764 4376 non
1804 4337 2034 4392 apparer

2275 4325 2409 4379 οὖσα
2438 4323 2534 4378 τοῦ
2566 4322 2815 4394 σώματος
2863 4319 3074 4391 ἀφανὴς
3101 4319 3328 4388 γίνεται,
3360 4317 3457 4371 καὶ
3489 4316 3590 4370 οὐκ
3624 4317 3799 4370 είλεί-

511 4425 612 4466 nec
659 4412 863 4466 versari
913 4411 1121 4466 circum
1157 4426 1378 4481 corpus,
1417 4419 1480 4467 ut
1522 4413 1774 4468 nonnulli
1811 4413 2035 4470 dixerun

2268 4437 2284 4471 t
2313 4419 2440 4490 περὶ
2471 4417 2533 4471 τὸ
2585 4415 2764 4487 σῶμα,
2794 4407 2869 4478 ὥς
2896 4430 3040 4477 τινες
3073 4408 3256 4470 εἷπον.
3296 4411 3392 4465 καὶ
3414 4411 3498 4464 ὅτι
3533 4411 3567 4482 ἡ
3601 4410 3792 4464 κατά-

511 4503 1025 4574 immersionemque
1073 4505 1128 4560 in
1186 4521 1382 4577 aquam
1439 4513 1590 4562 recte
1637 4513 1917 4576 acceptam
1968 4523 2035 4564 es:

2193 4509 2342 4574 δυσις
2372 4509 2466 4563 τοῦ
2498 4506 2690 4572 ὕδατος
2715 4507 2837 4562 ἀντὶ
2866 4506 3093 4560 θανάτου
3106 4503 3286 4568 καλῶς
3308 4503 3709 4576 παρείληπται.

509 4610 609 4665 pro
637 4605 835 4650 morte.

581 4684 847 4742 Divinam.
900 4687 1148 4742 Divinam
1197 4697 1429 4744 mortem
1470 4698 1631 4744 vocat
1678 4690 1843 4744 trium
1876 4691 2088 4747 dierum

2275 4683 2375 4739 Τόν
2403 4683 2735 4753 θεαρχικόν.
2768 4682 2888 4735 ’Ότι
2929 4678 3216 4751 θεαρχικδν
3236 4675 3467 4731 θάνατον
3496 4676 3658 4731 καλεῖ
3683 4678 3799 4750 τὴν

510 4775 723 4832 Domini
753 4778 1108 4848 sepulturam,
1160 4779 1436 4850 verbaque
1489 4781 1583 4834 illa
1633 4779 1895 4837 Domini:
1945 4783 2034 4841 γεω

2274 4778 2480 4849 ηήμερον
2529 4774 2623 4829 τοῦ
2671 4774 2874 4846 Κυρίου
2922 4774 3100 4844 ταφήν
3128 4788 3143 4802 ·
3180 4772 3274 4826 καὶ
3317 4771 3401 4824 ὅτι
3443 4771 3507 4824 τὸ
3549 4771 3712 4843 ῥῆμα
3765 4772 3798 4825 ὃ

505 4869 746 4941 princeps
760 4869 916 4939 hujus
933 4869 1138 4936 mundi,
1152 4881 1201 4925 et
1216 4872 1269 4924 in
1285 4887 1362 4924 me
1373 4889 1477 4925 non
1493 4873 1716 4928 inveniet
1734 4875 2018 4947 quidquam

2274 4887 2338 4924 εν
2365 4873 2394 4924 ό
2421 4868 2927 4940 ΚύριοςοἜρχεται
2947 4869 2978 4920 ό
3005 4865 3204 4936 ἄρχων
3235 4865 3340 4919 τοῦ
3373 4865 3609 4934 κόσμου
3645 4867 3798 4918 τού-

507 4960 660 5016 verbi
720 4975 842 5016 esse
891 4961 1379 5032 dicit;principem
1413 4971 1594 5020 autem
1644 4968 1830 5022 mundi
1878 4978 1931 5024 et
1978 4971 2030 5025 di

2274 4981 2315 5028 1,
2349 4963 2446 5016 καὶ
2477 4962 2548 5016 ἐν
2576 4961 2705 5030 ἐμοὶ
2736 4958 2979 5029 εὑρήσει
3015 4957 3217 5023 οὐδὲν,
3262 4957 3358 5011 τοῦ
3403 4957 3565 5026 λόγου
3612 4959 3798 5029 φησὶν

507 5052 808 5107 bolicarum
839 5052 1178 5108 voluntatum
1199 5069 1320 5124 quae
1347 5057 1401 5109 in
1435 5056 1748 5113 hominibus
1780 5068 1906 5115 sunt
1927 5060 2031 5116 Sal:

2274 5072 2344 5108 αι.
2381 5055 2650 5124 ’Ἄρχοντα
2675 5053 2734 5106 δέ
2761 5052 2854 5106 τοῦ
2884 5052 3090 5122 κόσμου
3120 5050 3213 5104 καὶ
3236 5049 3345 5102 τῶν
3374 5051 3433 5102 ἐν
3460 5049 3798 5121 ἀνθρώποις

505 5160 634 5198 nam
686 5143 841 5208 dicit,
895 5146 987 5215 qui
1034 5146 1224 5202 mortis
1273 5147 1559 5220 imperium
1611 5151 1792 5218 habet,
1835 5153 2029 5224 Apostc

2275 5145 2501 5201 δολικῶν
2535 5145 2923 5216 προαιρέσεων,
2952 5143 3042 5197 τὸν
3091 5143 3330 5196 Σατανᾶν
3373 5141 3543 5212 λέγει,
3588 5141 3685 5196 τὸν
3723 5143 3797 5196 τὸ

391 5225 398 5234 ’
507 5235 822 5301 sententia,
879 5238 973 5307 qui
1037 5239 1090 5293 in
1149 5239 1368 5297 Christo
1410 5242 1546 5298 nihil
1601 5261 1714 5302 suae
1769 5248 1909 5302 viola

2261 5239 2386 5302 άτος
2433 5237 2624 5307 ἔχοντα
2669 5237 2765 5290 τοῦ
2810 5235 3062 5296 θανάτου.
3093 5235 3235 5289 κατὰ
3279 5233 3371 5287 τὸν
3414 5234 3755 5288 ’Δπόστολον
3773 5253 3785 5265 ·

504 5326 745 5395 invenit;
803 5341 1074 5398 peccatum
1103 5335 1241 5387 enim
1271 5353 1374 5390 non
1421 5338 1544 5408 fecit
1575 5357 1736 5411 neque
1781 5339 1983 5405 dolum,
2017 5359 2028 5396 ι

2287 5333 2347 5386 ἐν
2380 5328 2600 5402 Χριστῷ
2634 5329 2785 5383 οὐδὲν
2812 5329 2910 5400 τῆς
2938 5327 3144 5390 οίκείας
3179 5326 3547 5398 παραϐάσεως
3572 5320 3753 5397 εὗρεν
3774 5345 3789 5358 ·

505 5420 577 5472 ait
609 5421 779 5476 lsaias
817 5420 862 5478 ί.
889 5420 1075 5496 Itaque
1106 5429 1275 5484 teneri
1314 5445 1344 5485 a
1381 5441 1562 5488 morte
1612 5448 1721 5488 non
1751 5441 1984 5504 poterat,
2019 5449 2029 5487 ι

2270 5425 2474 5495 αρτίαν
2490 5422 2600 5493 τὰρ
2615 5424 2727 5477 οὐκ
2739 5420 3049 5488 ἐποίησεν,
3065 5418 3211 5473 οὐδὲ
3224 5417 3431 5487 δόλον,
3449 5420 3527 5484 ὠς
3540 5419 3794 5484 Ἡσαῑας

505 5511 581 5564 ait
622 5509 851 5580 Petrus;
897 5517 991 5572 sed
1037 5518 1210 5588 [actus
1251 5531 1326 5577 est
1364 5524 1510 5580 solus
1551 5525 1608 5580 in
1652 5526 1874 5581 mortuis
1909 5525 2029 5580 liber

2266 5516 2329 5570 σί.
2371 5515 2461 5571 Διὸ
2507 5515 2599 5568 καὶ
2631 5513 2886 5568 ἀδύνατον
2924 5507 2992 5583 ἦν
3034 5510 3197 5565 αὑτὸν
3236 5510 3342 5565 ὑπὸ
3383 5511 3481 5565 τοῦ
3532 5511 3790 5566 θανάτου

505 5599 726 5659 Davidis
761 5611 1028 5665 sententia
1050 5613 1094 5667 ⁸.

2267 5607 2515 5670 ιτεῖσθαι,
2553 5605 2629 5670 ὣς
2659 5621 2789 5678 φησι
2827 5603 3057 5674 Πέτρος·
3086 5603 3201 5657 ἀλλ’
3227 5605 3445 5674 ἀφείθη
3470 5609 3661 5675 μόνος
3702 5604 3791 5658 ἐν

2177 5702 2413 5769 νεκροῖς
2440 5701 2776 5770 ἐλεύθερος,
2812 5695 2950 5752 κατὰ
2977 5695 3067 5750 τὸν
3097 5695 3278 5752 Δαυίδ.
3359 5696 3374 5700 ’

581 5880 590 5912 ,_
632 5831 789 5890 Joan.
822 5851 935 5907 xxv,
968 5840 1058 5897 50.
1167 5839 1186 5880 ι
1220 5839 1351 5910 Cap.
1385 5855 1507 5910 LIII,
1531 5855 1582 5895 ν.
1611 5838 1664 5896 9.
1743 5841 1769 5883 ι
1799 5836 2222 5910 Psal._t.xxxvu,
2254 5833 2307 5889 6.
