3872 6548
109 393 222 446 153

851 382 909 439 S.
946 379 1196 436 MAXIM!
1231 375 1529 435 SCIIOLIA
1564 372 1631 429 IN
1675 370 1804 429 LIB.
1845 369 1936 425 DE
1974 369 2260 427 ECCLES.
2299 367 2676 426 HIERARCII.

3275 373 3379 430 {3L

185 510 213 581 ᾗ
239 505 377 562 νιι.
411 506 478 559 Τὸ
514 505 785 572 ἄκοσμον
817 499 1142 570 κοσμεῖται.
1171 495 1387 566 Ἐπειδὴ
1415 494 1476 546 τὸ
1505 493 1694 554 σκότος

1871 485 1899 558 §
1929 483 2064 541 VIII.
2097 483 2161 538 Id
2189 485 2326 556 quod
2358 496 2549 540 ornatu
2577 483 2816 550 carebat,
2847 493 3090 544 ornatur.
3113 487 3380 554 Quoniam

108 604 257 656 ἐστὶν
276 602 305 653 ὁ
335 597 577 671 ῥυπαρὸς
612 596 745 667 βίος,
775 593 918 647 κατὰ
969 593 1059 646 τὸν
1094 589 1434 654 Ἀπόστολον,
1466 585 1696 657 ἀκοσμό-

103 693 268 747 τατόν
289 709 344 744 τι
373 690 609 760 ὑπάρχει
643 687 736 741 καὶ
763 685 996 739 ἀνείδεόν
1025 687 1190 748 ἐστιν,
1213 683 1311 736 οὐκ
1327 682 1450 752 ἕχον
1476 680 1537 733 τὸ
1559 675 1698 741 εἶδος

104 786 200 840 τοῦ
223 784 370 838 θείου
404 783 753 855 φρονήματος
773 797 786 810 ·
810 778 1165 848 ἀποσκίασμα
1191 775 1415 847 γὰρκαὶ
1433 773 1696 843 ἀντίφρα-

105 896 223 950 γμα
265 878 365 949 τῆς
413 876 614 945 ἀρετῆς
647 876 823 927 ἐστιν·
870 872 1094 934 εἰκότως
1137 869 1214 941 τῷ
1250 868 1557 939 φωτίσματι
1604 882 1697 919 κο-

107 974 350 1042 σμεῖται,
388 969 484 1022 καὶ
517 964 656 1031 εἶδος
695 967 908 1038 δέχεται
943 964 1119 1034 φωτὸς
1148 965 1176 1015 ὁ
1213 960 1474 1034 προσιὼν,
1507 960 1696 1012 τέκνον

107 1065 287 1134 φωτὸς
312 1063 616 1133 γινόμενος,
648 1062 742 1114 καὶ
777 1059 997 1130 σπέρμα
1032 1057 1124 1110 τοῦ
1163 1054 1319 1123 Θεοῦ,
1349 1056 1376 1108 ὃ
1417 1055 1534 1107 ἐστι
1581 1053 1696 1123 φῶς

104 1158 417 1227 δεχόμενος,
452 1154 591 1208 κατὰ
622 1153 716 1207 τὸν
747 1153 887 1206 θεῖον
933 1150 1203 1221 Ἰωάννην.
1251 1148 1508 1201 Ἀνείδεον
1546 1145 1602 1200 δὲ
1639 1147 1696 1199 ἐν

104 1255 218 1310 τοῖς
248 1250 271 1280 ⁸
309 1247 430 1303 οὖσι
475 1249 536 1301 τὸ
575 1246 813 1310 δυσειδὲς
857 1244 1194 1298 ἁπεκάλεσεν
1238 1241 1358 1312 οὐχὶ
1411 1239 1472 1292 τὸ
1523 1239 1696 1301 εἴδους

105 1342 284 1412 πάντη
316 1340 602 1410 ἀμέτοχον,
636 1337 823 1409 ὥσπερ
851 1337 946 1390 καὶ⁸
991 1335 1053 1389 τὸ
1094 1333 1401 1407 δύσμορφον
1435 1330 1695 1394 πολλάκις

105 1434 210 1503 ἆμο
219 1432 374 1504 ρφόν-
388 1448 588 1502 φαμεν.

181 1691 544 1763 Ἔπη-νῶναι
567 1691 805 1762 νοερῶς.
825 1691 964 1762 Ἐγὼ
990 1693 1087 1764 μὲν
1113 1691 1478 1764 ὑπολαμϐάνω
1506 1692 1693 1764 σκοπῷ

109 1783 595 1856 μετριοφροσύνης,
638 1785 713 1848 ὡς
762 1784 1058 1854 ἀγνοοῦντα
1094 1785 1252 1856 δῆθεν
1301 1785 1573 1856 σιωπῆσαι
1601 1786 1691 1838 τὺν

1795 578 2036 634 tenebrae
2063 575 2325 647 quiddam
2363 585 2516 642 sunt,
2547 577 2692 648 quod
2716 579 2951 634 maxime
2977 589 3177 635 ornatu
3197 590 3382 649 'caret,

1795 670 2042 740 Apostoli
2075 669 2372 733 sententia,
2403 684 2524 738 quae
2561 677 2690 724 sunt
2719 670 2828 724 vita
2873 671 3130 737 sordida;
3179 679 3231 726 et
3265 673 3385 730 sine

1796 761 1970 817 forma
1999 769 2148 826 sunt,
2177 777 2303 816 cum
2353 761 2584 816 formam
2631 770 2685 816 et
2731 763 2966 833 speciem
3010 763 3209 822 divina!
3255 783 3384 837 pru-

1796 855 1995 910 dentiae
2023 867 2131 908 non
2163 854 2398 908 habeant
2421 871 2437 907 :
2463 853 2780 908 obscuratio
2805 856 2948 910 enim
2975 865 3105 912 sunt
3161 859 3382 914 virtutis

1795 957 1848 1003 et
1877 948 2186 1002 obstructio
2219 964 2232 1000 :
2260 945 2384 1015 jure
2415 960 2478 998 ac
2510 948 2703 1000 merito
2742 947 3105 1003 illustratione
3130 960 3380 1012 ornatur,

1795 1047 1849 1095 et
1876 1039 2114 1110 speciem
2163 1038 2506 1107 formamque
2539 1037 2677 1093 lucis
2708 1038 2906 1107 accipit
2950 1041 2997 1093 is
3041 1040 3132 1110 qui
3174 1041 3240 1095 ad
3288 1043 3385 1096 ba-

1794 1131 2056 1201 ptismum
2100 1129 2333 1194 accedit,
2361 1128 2542 1184 factus
2589 1130 2727 1186 lucis
2757 1130 2920 1196 ﬁlius,
2949 1138 3006 1184 et
3050 1133 3258 1188 semine
3287 1132 3379 1188 Dei

1794 1221 2053 1291 quodqu
2085 1228 2170 1275 est
2202 1227 2448 1289 accepto,
2482 1227 2540 1273 ut
2565 1220 2655 1272 ‘ait
2698 1220 2920 1274 divinus
2967 1219 3206 1277 Joannes
3239 1243 3251 1277 :
3287 1225 3382 1277 de-

1795 1313 1971 1369 forme
1999 1320 2179 1368 autem
2213 1312 2268 1366 id
2296 1312 2442 1383 quod
2463 1313 2520 1366 in
2545 1313 2710 1368 rebus
2738 1313 2966 1382 pulchra
2995 1325 3146 1369 caret
3177 1320 3377 1386 specie,

1793 1421 1909 1460 rem
1947 1406 2129 1474 specie
2157 1404 2474 1458 destitutam
2500 1405 2753 1470 vocavit;
2784 1420 2896 1459 non
2927 1421 3057 1460 vero
3085 1408 3229 1476 quod
3267 1422 3384 1477 spe-

1794 1499 1897 1554 ciei
1925 1499 2086 1569 plane
2127 1513 2324 1568 expers
2363 1498 2455 1563 sit,
2487 1498 2632 1553 sicut
2674 1497 2807 1551 illud
2839 1498 2984 1568 quod
3026 1508 3110 1553 est
3141 1498 3380 1572 δύσμορ-

1795 1607 1914 1660 φον,
1962 1589 2216 1658 deforme,
2264 1606 2406 1660 saepe
2442 1591 2707 1662 ἄμορφον,
2743 1592 2855 1644 sine
2893 1590 3088 1660 forma,
3122 1591 3378 1649 dicimus.

1865 1682 2192 1752 Spiritaliter
2223 1683 2661 1754 cognoscendum.
2689 1683 2955 1754 Equidem
2979 1686 3234 1740 existimo
3264 1701 3383 1740 mo-

1795 1775 1984 1831 destia:
2036 1791 2202 1832 causa
2255 1776 2415 1847 quasi
2475 1776 2816 1847 ignorantem
2873 1777 3084 1832 scilicet
3140 1777 3383 1833 tacuisse

110 1877 285 1948 μέγαν
311 1877 604 1930 Διονύσιον.
654 1879 775 1930 Ὅτι
816 1877 914 1948 μὲν
955 1877 1064 1948 γὰρ
1111 1877 1418 1948 πνεύματος
1446 1877 1692 1948 προγνώ-

1801 1883 2049 1939 magnum
2083 1869 2192 1940 62
2222 1867 2565 1939 Dionysium.
2621 1865 2692 1922 Se
2735 1867 2882 1922 enim
2927 1869 3122 1939 spiritu
3169 1857 3418 1939 plano?

108 1985 243 2032 σεως
299 1968 517 2039 ἠξίωτο,
565 1969 720 2041 δῆλον
769 1971 828 2024 ὲν
872 1973 938 2042 τῇ
990 1971 1126 2042 πρὸς
1176 1971 1266 2024 τὸν
1303 1971 1691 2042 εὐαγγελιστὴν

117 2062 372 2134 Ἰωάννην
402 2063 659 2134 ἐπιστολῇ
690 2064 1014 2134 πεποίηκεν*
1047 2063 1198 2133 ὅμως
1224 2063 1382 2116 τοῦτό
1421 2081 1510 2135 μοι
1547 2063 1694 2116 δοκεῖ

108 2153 414 2225 σημαίνειν,
443 2155 524 2207 ὅτι
556 2153 791 2225 Χριστοῦ
821 2154 1016 2207 εὐωδία
1051 2154 1200 2224 ὄντες
1239 2156 1486 2226 πανταχῆ
1513 2155 1563 2208 οί
1596 2153 1690 2208 τοῦ

108 2244 253 2299 θείου
287 2245 606 2318 Πνεῦματος
633 2245 944 2318 ἠξιωμένοι,
985 2248 1080 2300 καὶ
1125 2247 1414 2312 ἐνωθέντες
1450 2247 1596 2318 αὐτῷ
1625 2249 1689 2319 τῇ

108 2337 448 2410 καθαρότητι
498 2338 640 2392 κατὰ
696 2339 787 2393 τὸν
831 2339 1172 2404 Ἀπόστολον,
1203 2340 1546 2412 αἰσθάνονται
1594 2341 1693 2410 τῆς

107 2431 273 2484 αὐτοῦ
318 2432 640 2504 παρουσίας,
679 2433 756 2504 τῷ
797 2431 1068 2502 γλώσσαις
1112 2433 1310 2498 λαλεῖν,
1343 2435 1376 2506 ἢ
1425 2449 1694 2504 προφητι-

106 2523 196 2576 κὸν
234 2523 381 2593 ἔχειν
404 2524 668 2595 χάρισμα,
691 2523 724 2594 ἢ
756 2525 925 2587 ἰάσεις
945 2524 1206 2596 ἐνεργεῖν,
1246 2524 1341 2577 καὶ
1369 2524 1468 2576 ὅσα
1494 2524 1552 2575 ὲν
1575 2524 1693 2584 ταῖς

107 2614 349 2683 Πράξεσι
381 2614 652 2685 δηλοῦται,
704 2615 800 2669 καὶ
847 2615 999 2688 παρά
1034 2615 1112 2687 τῷ
1164 2615 1424 2685 θειοτάτῳ
1470 2613 1688 2684 Παύλῳ.

113 2707 354 2770 Ἀλλωςο
387 2707 454 2760 Οἱ
484 2707 560 2770 ὡς
587 2708 945 2778 πνευματικοὶ
981 2707 1050 2761 τά
1080 2707 1424 2778 πνευματικὰ
1449 2707 1694 2772 νοοῦντες

107 2797 194 2848 καὶ
235 2798 351 2860 τοῖς
385 2800 770 2868 πνευματικοῖς
800 2798 1198 2869 συγκρίνοντες,
1231 2798 1325 2851 καί
1367 2797 1467 2868 τὴν
1513 2796 1692 2851 ἔνθεον

106 2885 195 2938 καὶ
242 2887 620 2957 πνευματικὴν
677 2887 903 2941 εὐωδίαν
956 2886 1096 2939 οὕτω
1133 2889 1402 2959 νοήσουσι.
1454 2887 1692 2959 Χριστοῦ

111 2980 205 3048 μὲν
235 2979 349 3051 γάρ
375 2979 601 3032 εὐωδίαν
640 2981 802 3050 φησὶν
840 2976 975 3033 εἶναι
1011 2980 1239 3046 Παῦλος,
1267 2983 1394 3043 τοὺς
1421 2980 1489 3034 τά
1529 2981 1693 3050 εὐαγ-

109 3071 300 3139 γελικὰ
327 3071 717 3141 κηρύττοντας,
755 3073 832 3135 ὡς
863 3073 928 3126 ὲκ
959 3072 1102 3143 ζωῆς
1130 3073 1229 3143 τῆς
1265 3071 1502 3135 πίστεως
1529 3073 1693 3142 ἡγου-

113 3165 308 3235 μένους
354 3165 448 3217 ἐπὶ
491 3163 635 3236 ζωὴν
677 3165 777 3238 τὴν
808 3165 895 3218 διὰ
945 3165 1314 3236 βαπτίσματος
1351 3166 1563 3234 ἄφεσιν,
1601 3165 1694 3218 καὶ

109 3257 198 3310 τοῦ
240 3257 398 3326 ἁγίου
433 3255 748 3327 Πνεύματος
786 3257 960 3320 δόσιν,
1011 3258 1103 3310 καὶ
1141 3256 1412 3327 βασιλείαν
1452 3257 1695 3328 οὐρανῶν

110 3347 172 3399 δι’
195 3347 379 3417 ἔργων
407 3345 746 3417 θεοπρεπῶν,
780 3347 888 3400 τῶν
930 3348 1023 3401 καὶ
1053 3346 1275 3410 εὐωδίας
1307 3347 1505 3417 νοητῆς
1529 3346 1697 3400 ὄντων

111 3434 406 3506 δηλοῦντας
424 3452 436 3465 ⁸
471 3435 592 3489 ὅθεν
621 3436 816 3506 φιάλας
843 3435 1200 3509 θυμιαμάτων
1251 3436 1452 3507 μεστὰς
1478 3437 1578 3500 τὰς
1610 3437 1700 3489 εὐ-

113 3529 208 3599 κάς
259 3529 371 3582 τῶν
415 3529 639 3583 δικαίων
680 3529 934 3602 Ἰωάννης
973 3532 1002 3583 ὁ
1049 3529 1186 3594 θεῖος
1236 3531 1294 3583 ἐν
1338 3529 1698 3600 Ἀποκαλύψει

116 3621 310 3694 θεωρεῖ
340 3621 386 3675 ⁸.
427 3621 671 3676 Δυσωδία
709 3621 766 3674 δὲ
803 3621 898 3675 τοῦ
927 3622 1170 3676 διαϐόλου
1199 3621 1267 3676 τὰ
1292 3622 1390 3694 τῆς
1428 3623 1700 3694 ἁμαρτίας

117 3713 250 3766 εἰσὶν
291 3713 452 3785 ἔργα,
492 3713 568 3776 ὡς
604 3714 699 3767 καὶ
741 3714 800 3767 ὲν
830 3714 1077 3786 Ψαλμοῖς
1117 3716 1361 3787 εἴρηταιο
1404 3713 1701 3783 Προσὼζε-

115 3821 232 3859 σαν
281 3806 382 3859 καὶ
431 3805 758 3874 ἐσάπησαν
800 3809 856 3860 οι
892 3806 1182 3877 μοᾙωπές
1205 3826 1326 3877 μου
1367 3807 1483 3863 ἀπὸ
1515 3822 1702 3878 προσ-

113 3897 276 3952 ώπου
308 3898 423 3968 τῆς
454 3900 805 3968 ἀφροσύνης
830 3917 972 3970 μου,
1005 3903 1249 3955 τουτέστι
1294 3903 1393 3974 τῆς
1431 3902 1703 3974 ἁμαρτίας

81 4037 88 4042 ,
120 4009 236 4061 μου.
273 3994 368 4046 Διὸ
398 3994 494 4047 καὶ
521 3995 549 4046 ό
579 3994 810 4066 Χριστὸς
846 3994 1015 4066 μύρον
1044 3996 1344 4050 ὲκκενωθὲν
1373 3995 1702 4068 κεχρησμῴ-

116 4084 300 4154 δηται·
356 4087 455 4140 καὶ
498 4087 849 4158 όσφραίνεται
896 4088 1070 4160 ὀσμὴν
1115 4089 1342 4152 εὐωδίας
1380 4089 1582 4160 Κύριος
1647 4091 1702 4141 ὲν

119 4182 177 4249 τῇ
225 4182 520 4252 προσφορᾷ
566 4178 661 4233 τοῦ
710 4179 918 4235 δικαίου
981 4182 1122 4237 Νῶε.
1184 4181 1460 4234 Ἐντεῦθεν
1503 4182 1598 4236 xal.
1643 4182 1705 4234 τὸ

120 4272 450 4341 Εὐαγγέλιον
478 4275 591 4336 τοῖς
623 4273 722 4344 μὲν
746 4274 891 4346 ὀσμὴ
925 4274 1114 4346 [ζωῆς,
1147 4279 1260 4339 τοῖς
1290 4280 1498 4339 πιστοῖς
1521 4277 1706 4347 δηλον-

124 4364 220 4417 5τι·
259 4367 380 4427 τοῖς
405 4363 463 4416 δὲ
490 4364 760 4437 ἀπίστοις]
775 4365 1026 4431 θανάτου,
1057 4367 1176 4420 ἀντὶΙ
1194 4366 1288 4420 τοῦ
1317 4370 1429 4431 τοῖς
1459 4367 1707 4432 ἀπίστοις

127 4457 207 4508 ταὶ
264 4454 558 4521 ἀσεϐέσιν,
603 4455 761 4526 ὀσμὴ
804 4455 989 4512 πάλιν
1039 4461 1125 4524 εἰς
1171 4458 1426 4513 θάνατον
1455 4461 1704 4529 γίνεται,

125 4547 340 4617 ἐλέγχον
367 4547 436 4599 τὰ
459 4547 618 4618 ἔργα,
653 4549 744 4601 καὶ
772 4553 1096 4621 κατακρίνον
1127 4553 1206 4614 εἰς
1230 4551 1475 4620 γέενναν,
1503 4552 1560 4604 δν
1585 4553 1710 4625 τρόο

1723 3216 1765 3273 C

1795 1959 1962 2015 tionis
1990 1960 2213 2032 dignum
2255 1959 2557 2031 judicatum
2589 1975 2732 2024 esse,
2761 1961 2982 2029 planum
3025 1959 3153 2014 fecit
3182 1960 3238 2016 in
3266 1961 3384 2031 epi-

1794 2051 1934 2108 stola
1961 2050 2030 2105 ad
2057 2050 2323 2108 JOannem
2371 2052 2789 2122 evangelistam.
2843 2051 2957 2106 Hoc
3007 2058 3191 2107 tamen
3246 2054 3382 2108 mihi

1795 2143 2104 2214 signiﬁcare
2133 2143 2368 2208 videtur,
2399 2160 2524 2199 cum
2552 2143 2760 2199 Christi
2800 2143 2977 2200 bonus
3015 2144 3151 2199 odor
3181 2146 3294 2201 sint
3319 2145 3380 2210 ii,

1793 2237 1890 2308 qui
1932 2236 2177 2292 divinum
2217 2235 2480 2307 Spiritum
2525 2244 2875 2306 acceperunt,
2922 2245 2976 2292 et
3007 2238 3286 2307 conjuncti
3331 2237 3382 2293 ei

1793 2330 1904 2385 sint
1926 2329 2184 2399 puritate,
2217 2329 2463 2400 Apostoli
2489 2330 2788 2394 sententia,
2820 2329 2967 2398 ipsos
2989 2330 3110 2400 ejus
3139 2345 3382 2399 praesen-

1794 2420 1924 2473 tiam
1943 2421 2166 2484 sentire,
2186 2421 2333 2491 quod
2358 2421 2556 2492 linguis
2579 2421 2896 2491 loquantur,
2927 2428 2980 2475 et
3003 2423 3381 2491 propheticum

1794 2528 1998 2584 munus,
2011 2513 2266 2578 habeant,
2285 2523 2338 2568 et
2363 2525 2558 2569 curent
2589 2513 2832 2580 morbos,
2868 2523 2920 2568 et
2947 2514 3130 2568 omnia
3153 2512 3380 2578 faciant,

1795 2621 1916 2676 qua:
1966 2607 2023 2660 in
2074 2606 2227 2662 Actis
2279 2609 2655 2677 apostolorum
2702 2607 3073 2669 declarantur,
3131 2614 3186 2661 et
3239 2607 3382 2676 apud

1793 2697 2172 2754 beatissimum
2213 2697 2467 2755 Paulum.
2498 2700 2670 2756 Aliter
2703 2719 2716 2755 :
2753 2698 2857 2766 Qui
2895 2707 2955 2754 ut
2995 2700 3268 2770 spiritales
3293 2716 3382 2756 ea

1794 2806 1915 2860 quae
1953 2791 2182 2862 spiritus
2212 2800 2341 2847 sunt
2383 2793 2694 2863 intelligunt
2721 2803 2775 2848 et
2811 2793 3193 2862 spiritualibus
3231 2807 3383 2847 com-

1795 2890 2011 2953 parant,
2062 2890 2116 2939 et
2165 2883 2202 2936 ii
2247 2883 2489 2938 divinant
2535 2884 2702 2939 etiam
2751 2886 3161 2955 spiritalemque
3195 2885 3383 2938 odoris

1795 2975 2122 3030 suavitatem
2152 2975 2223 3029 ita
2255 2976 2578 3047 intelligent.
2611 2976 2987 3031 Christianum
3014 2977 3215 3030 bonum
3247 2975 3384 3030 odo-

1791 3083 1910 3122 rem
1923 3067 2055 3122 dicit
2068 3067 2268 3122 Paulus
2281 3083 2473 3123 omnes
2489 3083 2612 3123 esse
2623 3069 2716 3138 qui
2733 3069 3043 3139 evangelica
3058 3069 3380 3139 praedicant;

1798 3166 1999 3232 quippe
2029 3161 2123 3232 qui
2148 3177 2215 3217 ex
2243 3161 2356 3215 vita
2389 3159 2512 3216 ﬁdei
2543 3160 2612 3215 ad
2644 3160 2810 3214 vitam
2854 3160 3178 3230 perducant,
3203 3168 3258 3215 et
3291 3176 3382 3214 re-

1799 3255 2118 3311 missionem
2156 3270 2277 3326 qua
2318 3253 2378 3308 ﬁt
2421 3268 2519 3324 per
2540 3254 2894 3323 baptismum,
2936 3253 3111 3308 sancti
3145 3251 3384 3322 Spiritus

1798 3346 2140 3419 largitionem
2175 3360 2512 3416 regnumque
2555 3345 2820 3398 cmlornm
2860 3361 2954 3414 per
2996 3359 3161 3413 opera
3198 3344 3383 3398 divina

1797 3455 1987 3495 eorum
2011 3438 2109 3510 qui
2136 3437 2266 3494 boni
2290 3436 2476 3493 odoris
2501 3445 2650 3500 sunt,
2675 3435 2978 3491 declarant.
3007 3435 3144 3489 Hinc
3174 3435 3385 3506 phialas

1800 3535 2149 3589 incensorum
2193 3530 2421 3585 odorum
2454 3529 2665 3600 plenas,
2697 3545 2890 3599 preces
2926 3529 3201 3598 justorum
3246 3528 3389 3582 divi-

1800 3643 1906 3682 nus
1956 3625 2197 3681 Joannes
2243 3624 2297 3678 in
2341 3622 2670 3694 Apocalypsi
2712 3622 2858 3678 videt
2894 3623 2947 3677 ιι.
2995 3619 3158 3676 Teter
3203 3629 3387 3674 autem

1801 3719 2006 3776 diaboli
2031 3717 2168 3774 odor
2181 3723 2310 3774 sunt
2331 3730 2497 3786 Opera
2525 3714 2756 3786 peccati,
2785 3727 2851 3779 nt
2880 3714 3047 3769 etiam
3072 3713 3128 3769 in
3149 3711 3389 3768 Psalmis

1801 3813 2008 3868 dictum
2051 3819 2137 3868 est
2172 3831 2184 3866 :
2215 3809 2541 3864 Putruerunt
2571 3816 2622 3862 et
2653 3814 2914 3875 corruptm
2949 3814 3071 3860 sunt
3112 3805 3389 3860 cicatrices

1805 3923 1933 3961 mea:
1964 3923 1996 3959 a
2026 3906 2163 3976 facie
2187 3903 2505 3973 insipientia
2532 3917 2659 3956 mea:
2687 3900 2731 3965 ί,
2763 3899 2818 3954 id
2870 3909 2954 3955 est
2997 3898 3208 3968 peccati
3256 3895 3387 3953 mei.

1804 3998 1991 4069 Itaque
2021 3998 2274 4053 Christus
2307 4002 2644 4064 unguentum
2674 3991 2906 4047 effusum
2937 3990 3008 4044 ab
3042 3989 3266 4043 oraculo
3293 4003 3390 4042 vo-

1805 4100 1964 4147 catus
2008 4099 2113 4153 est,
2144 4096 2199 4144 et
2228 4087 2490 4143 odoratus
2528 4085 2753 4140 odorem
2801 4082 3087 4138 suavitatis
3124 4080 3388 4135 Dominus

1805 4183 1862 4238 in
1900 4182 2037 4253 justi
2090 4181 2204 4236 Noe
2256 4177 2534 4234 oblatione
2577 4184 2632 4233 et
2679 4175 2970 4231 sacriﬁcio.
3017 4172 3159 4227 Hinc
3206 4180 3388 4225 autem

1806 4275 2160 4346 Evangelium
2210 4274 2333 4329 aliis
2383 4272 2602 4344 quidem
2645 4268 2781 4324 odor
2803 4275 2888 4323 est
2939 4264 3104 4338 [vitaz
3137 4261 3394 4319 videlicet

1808 4369 2092 4436 ﬁdelibus;
2117 4376 2201 4424 est
2216 4375 2396 4422 autem
2421 4361 2751 4434 inﬁdelibus]
2773 4360 2984 4423 mortis,
3005 4373 3103 4428 pro
3124 4373 3137 4407 :
3165 4354 3390 4426 perﬁdis

1808 4474 1862 4518 et
1909 4461 2135 4533 impiis;
2191 4459 2321 4514 odor
2364 4473 2578 4512 rursum
2602 4454 2789 4510 mortis
2817 4460 2896 4506 est
2926 4463 3163 4521 arguens
3198 4461 3385 4516 opera.

1806 4555 2185 4610 condemnans
2208 4566 2374 4625 paena
2395 4542 2658 4624 gehennae
2680 4588 2697 4614 ,
2731 4542 3191 4618 quemadmodum
3222 4539 3387 4595 etiam

130 4656 213 4692 τον
249 4640 349 4692 καὶ
380 4639 444 4692 τὸ
476 4637 753 4712 ἐξαίρετον
798 4641 940 4694 πάνυ
977 4641 1145 4714 μύρον
1193 4643 1331 4697 κατὰ
1375 4645 1570 4698 ταύτὸν
1612 4645 1694 4698 καὶ

1807 4647 2069 4704 eximium
2098 4653 2432 4717 unguentum
2462 4641 2651 4699 eadem
2685 4655 2752 4695 ex
2779 4643 2933 4708 parte
2960 4643 3015 4690 et
3049 4632 3299 4689 homines
3332 4630 3389 4686 in

123 4731 443 4804 ἀνθρώπους
483 4730 663 4802 ἡδύνει
705 4733 800 4787 καὶ
841 4734 1056 4806 χοίρους
1093 4736 1324 4807 ἀναιρεῖ,
1353 4736 1413 4788 οὐ
1445 4739 1694 4809 φέροντας

1810 4738 2078 4796 suavitate
2128 4744 2308 4793 movet
2355 4727 2422 4792 et
2457 4749 2585 4791 sues
2635 4728 2921 4791 interimit,
2971 4724 3067 4796 qui
3117 4735 3389 4780 summam

120 4823 214 4893 τὴν
270 4823 448 4895 ἄκραν
492 4823 737 4878 εὐωδίαν.
779 4826 963 4879 Ταῦτα
997 4826 1244 4891 πλατέως
1277 4828 1424 4898 λέγει
1460 4829 1610 4884 κάτω
1651 4831 1694 4883 ὲκ

1809 4834 1996 4890 odoris
2025 4832 2347 4888 suavitatem
2372 4844 2480 4884 non
2511 4827 2710 4883 ferant.
2743 4821 2869 4876 Haec
2915 4816 3094 4873 fusius
3133 4823 3190 4870 et
3217 4809 3391 4885 pluri-

123 4916 404 4988 κεφαλαίῳ
433 4910 680 4989 τετάρτῳ
708 4920 788 4983 είς
810 4919 872 4972 τὸ
902 4921 1090 4992 μύρον.

391 5030 494 5085 Ἐκ
526 5029 646 5086 τῶν
667 5032 1088 5088 ἀποστολικῶν
1118 5033 1462 5099 διατάξεων.

198 5144 362 5196 Ἔστι
393 5141 575 5196 τοίνυν
603 5143 665 5196 τὸ
695 5144 792 5214 μὲν
822 5143 1101 5216 βάπτισμα
1129 5147 1207 5208 είς
1234 5145 1326 5198 τὸν
1360 5145 1587 5200 θάνατον
1617 5144 1712 5200 τοῦ

1813 4927 1918 4982 bus
1953 4925 2086 4981 dicit
2113 4923 2256 4978 infra
2290 4923 2348 4976 in
2383 4927 2581 4991 quarto
2609 4915 2789 4987 capite
2817 4913 2885 4968 de
2912 4913 3210 4980 unguento.

2136 5036 2222 5091 Ea:
2246 5033 2549 5106 apostolicis
2587 5024 3074 5084 constitutionibus.
3117 5018 3122 5022 ’

1886 5151 1984 5207 Est
2025 5166 2154 5223 ergo
2193 5150 2498 5221 baptisnius
2543 5142 2737 5200 mortis
2780 5137 2997 5195 Domini
3043 5135 3166 5190 loco
3210 5129 3394 5223 datus,

127 5234 336 5308 Κυρίου
384 5234 688 5307 διδόμενον·
735 5236 796 5289 τὸ
843 5235 898 5289 δὲ
941 5236 1084 5310 ὕδωρ
1127 5239 1246 5292 ἀντὶ
1274 5238 1372 5309 τῆς
1412 5240 1621 5312 ταφῆς·
1653 5240 1694 5293 τί

1818 5260 1958 5317 aqua
1989 5220 2441 5316 pro'sepultura;
2470 5239 2649 5294 oleum
2682 5249 2780 5307 pro
2812 5229 3024 5302 Spiritu
3063 5229 3286 5287 sancto;
3310 5220 3397 5317 si-

131 5326 308 5383 ἔλαιον
329 5329 452 5384 ἀντὶ
481 5328 577 5382 τοῦ
606 5329 1030 5400 Πνεύματοςιτοῦ
1058 5331 1242 5401 άγίου’
1277 5334 1310 5405 ἡ
1333 5333 1569 5403 σφραγὶς
1596 5334 1694 5388 ἀντ

1820 5312 2110 5409 gnum‘pro
2139 5312 2341 5402 cruce;
2386 5339 2746 5405 unguentum,
2788 5318 3150 5382 confessionis
3195 5312 3398 5371 conﬁr-

131 5421 223 5474 τοῦ
259 5421 530 5494 σταυροῦ·
563 5421 623 5474 τὸ
653 5421 822 5494 μύρον
856 5423 1146 5494 βεϐαίωσις
1170 5427 1269 5498 τῆς
1285 5426 1596 5498 ὁμολογίας.

129 5567 134 5571 ’
204 5577 439 5648 ικΔροο.
466 5593 520 5643 ν,
553 5575 607 5632 8.
694 5577 712 5620 ί
753 5573 902 5637 Ρεειί.
924 5595 1136 5648 xxxv",
1162 5580 1215 5636 6.

1821 5430 2001 5485 matio.

1092 5736 1326 5796 VARIE
1361 5735 1747 5811 LECTIONES
1776 5735 1864 5792 ΕΤ
1899 5728 2451 5792 CORRECTIONES.

201 5897 225 5929 '
246 5895 482 5960 τούτοις.
551 5895 574 5928 ⁹
600 5895 722 5967 ὁρᾷ.
