3860 6562
503 368 614 428 155

1346 514 1362 531 .
1427 475 1490 532 ll.

574 573 617 630 Ι.
652 571 1037 641 Prwceptorem
1069 474 1548 626 ιιῖῗνιῗηῗξιιοῖιιιηι.
1594 566 1860 624 Sanctum
1889 564 2086 622 Hiero-

499 667 690 722 theum
723 663 998 736 intelligit.

575 759 756 815 Sacra:
786 757 899 828 ejus
929 755 1298 826 descriptionis
1324 759 1680 826 interpretem.
1710 754 1767 810 ld
1813 764 1900 811 est
1929 768 2084 811 sacra
2180 789 2187 792 -

501 851 869 921 descriptione
897 865 1089 905 eorum
1117 864 1239 920 qua:
1264 857 1456 905 sancte
1481 848 1810 904 efﬁciuntur.

570 942 881 1001 Commune.
912 941 1010 999 Est
1033 959 1130 1014 per
1159 943 1447 1014 praesentis
1472 942 1847 998 amissionem.

567 1123 677 1195 63
706 1122 1045 1180 Communia.
1075 1122 1151 1179 De
1181 1123 1590 1179 communione.

569 1214 837 1285 Perfectio
884 1231 970 1272 ex.
1017 1215 1138 1271 Non
1187 1231 1350 1288 posse
1393 1215 1689 1288 quidquam
1744 1213 1933 1288 perﬁci
1969 1212 2088 1271 sine

498 1307 910 1363 communione.

572 1397 640 1454 In
671 1402 854 1468 capite.
886 1399 942 1454 Id
975 1407 1059 1456 est
1088 1400 1326 1456 maxime
1358 1400 1674 1457 necessaria
1705 1399 1941 1454 ratione.

572 1489 889 1563 Imperfecta
908 1493 1136 1564 quidem.
1169 1491 1382 1549 Nullam
1411 1494 1658 1564 synaxim
1681 1492 1941 1564 perﬁcere
1967 1491 2086 1548 sine

501 1583 917 1640 communione.

573 1672 644 1727 Et
671 1685 848 1746 caput.
889 1675 1066 1747 Atque
1115 1676 1221 1732 hoc
1271 1676 1440 1733 etiam
1479 1675 1601 1733 loco
1652 1675 1716 1732 τδ
1763 1675 2082 1748 κεφάλαιον,

498 1775 681 1834 caput,
713 1783 811 1837 pro
846 1768 1162 1824 necessario
1189 1775 1244 1824 et
1269 1768 1548 1840 praecipuo
1567 1777 1848 1840 acceptum
1878 1777 1984 1826 est.

1351 357 1696 416 APPENDIX
1729 357 1822 414 AD
1854 355 2086 414 OPERA
2131 353 2200 416 S.
2233 353 2531 413 DIONYSII
2570 356 3069 419 AREOPAGITAE.

2120 485 2170 544 Δ

3670 364 3786 421 136

2655 477 2765 532 ΕΙΣ
2801 478 2889 532 ΤΟ
2939 479 3189 534 ΚΕΦᾹΛ.
3231 477 3302 532 Γ.
3330 489 3342 497 “

2263 569 2309 626 ι.
2323 569 2710 639 Καθηγεμόνα
2726 570 3000 626 τελετῶν.
3016 573 3120 626 Τὸν
3144 573 3298 642 ἅγιον
3325 573 3582 646 Ἱερόθεον
3603 572 3784 646 λέγει.

2284 739 2366 815 [α]
2375 743 2799 817 ιεροπραφικῶς
2811 748 3154 824 exaggam».
3183 749 3444 804 Τουτέστι
3491 752 3631 807 κατὰ
3677 753 3782 826 τὴν

2193 835 2344 908 ἱερὰν
2371 837 2680 910 διαγραφὴν
2709 839 2818 894 τῶν
2847 840 3107 910 ἐμφανῶς
3133 842 3491 914 τελουμένων.

2269 929 2339 985 Τὸ
2405 909 2645 985 κοινόν.
2677 931 2835 986 Κατὰ
2887 934 3218 1007 παράλειψιν
3278 909 3374 990 τοῦ
3440 909 3784 1011 ὑπάρχοντός

2192 1023 2332 1080 ἐστι.

2263 1112 2343 1190 [β]
2374 1117 2671 1172 Κοινωνία
2700 1134 2784 1172 τε.
2825 1118 2963 1192 Περὶ
2997 1121 3304 1184 κοινωνίας.

2274 1207 2346 1262 Ἦ
2372 1210 2678 1276 τελείωσις
2707 1210 2776 1265 ἐκ
2808 1210 2945 1266 τῶν.
2971 1213 3092 1266 Ὅτι
3123 1213 3384 1268 ἀδύνατον
3419 1215 3707 1270 τελεθῆναι
3740 1219 3784 1250 ²⁶

2187 1302 2311 1374 δίχα
2347 1303 2449 1376 τῆς
2484 1303 2860 1376 μεταλήψεως.

2273 1394 2377 1450 Ἐν
2407 1395 2732 1466 κεφαλαίῳ.
2773 1396 3062 1452 Τουτέστιν
3093 1399 3506 1470 ἁναγκαιοτάτῳ
3532 1399 3697 1471 λόγῳ.

2275 1484 2524 1557 Ἀτελὴς
2549 1489 2687 1559 μέν.
2732 1489 2854 1543 Ὀτι
2885 1489 3110 1561 οὐδεμία
3151 1491 3371 1558 σύναξις
3415 1491 3787 1565 τελεσιουργετ

2189 1578 2318 1649 δίχα
2345 1580 2445 1650 τῆς
2479 1579 2858 1653 μεταλήψεως.

2259 1671 2370 1724 Καὶ
2420 1671 2488 1725 τὸ
2537 1672 2886 1742 κεφάλαιον.
2939 1674 3049 1727 Καὶ
3081 1675 3316 1730 ἐνταῦθα
3347 1675 3414 1729 τὸ
3446 1675 3785 1747 ’κεφάλαιον

2190 1762 2283 1817 ἐπὶ
2307 1763 2403 1817 τοῦ
2429 1765 2725 1833 ἀναγκαίου
2758 1766 2852 1818 καὶ
2878 1766 3093 1837 καιρίου
3128 1767 3401 1840 εἴληπται.

572 1858 869 1931 Cognomen
900 1861 1022 1931 ipsi.
1066 1859 1180 1916 Cur
1227 1860 1523 1919 illustratio
1565 1860 1801 1928 dicatur,
1845 1867 1902 1918 et
1939 1866 2087 1917 recte

2275 1855 2652 1927 Ἐπωνυμίαν
2681 1856 2858 1928 αὐτῇ.
2888 1858 2988 1912 Διὰ
3031 1858 3086 1912 τί
3125 1859 3342 1928 λέγεται
3375 1860 3649 1934 φώτισμα,
3688 1866 3784 1918 καὶ

499 1951 576 2007 ita
609 1953 740 2010 dici.

571 2047 661 2110 Ea;
685 2049 892 2118 effectu.
940 2047 1007 2102 Et
1047 2047 1137 2103 hic
1175 2062 1270 2119 per
1313 2046 1670 2104 amissionem
1712 2045 1864 2101 verbi
1908 2043 2088 2116 ὑπάρ-

498 2157 616 2210 χειν
651 2142 944 2212 accipitur.

571 2231 638 2288 ll.
668 2230 922 2302 Pontifex
941 2233 1172 2304 quidem.
1197 2233 1346 2290 Ordo
1371 2234 1463 2289 hic
1484 2231 1665 2290 Patris
1685 2233 1852 2304 hujus
1881 2242 2090 2305 tempo-
2136 2223 2138 2226 ’

497 2321 655 2377 ribus
689 2323 1085 2380 observabatur
1116 2324 1372 2382 fortassis
1422 2325 1478 2380 in
1523 2324 1775 2381 ecclesiis
1804 2339 1925 2394 qua:
1967 2325 2091 2379 loca

497 2410 589 2465 illa
616 2411 874 2470 distincta
909 2415 1132 2487 (quibus
1178 2417 1389 2475 scilicet
1421 2415 1900 2487 distinguebantur
1944 2422 2094 2470 cate-

2189 1950 2274 2006 ὃτι
2302 1950 2552 2015 δικαίως.

2275 2044 2376 2099 Ἐκ
2406 2045 2512 2099 τοῦ
2555 2045 2942 2116 τελουμένου.
2993 2047 3104 2102 Καὶ
3139 2048 3375 2103 ἐνταῦθα
3415 2049 3558 2106 κατὰ
3601 2052 3783 2123 παρά-

2189 2136 2366 2209 λειψιν
2392 2139 2487 2192 τοῦ
2521 2138 2787 2210 ὑπάρχειν
2814 2139 3169 2210 λαμϐάνεται.

2273 2233 2338 2285 ΙΙ.
2376 2233 2438 2285 '0
2463 2228 2893 2303 μὲνίεράρχης.
2912 2233 2975 2286 Ἡ
2999 2232 3150 2298 τάξις
3182 2233 3322 2307 αὕτη
3345 2236 3404 2290 ὲν
3422 2238 3539 2300 τοῖς
3568 2237 3783 2308 χρόνοις

2195 2323 2290 2377 τοῦ
2320 2325 2535 2396 Πατρὸς
2560 2323 2903 2382 ἐπολιτεύετο
2931 2326 3061 2390 ἴσως
3082 2327 3140 2380 ὲν
3170 2329 3291 2390 ταῖς
3319 2327 3463 2404 κατὰ
3500 2328 3663 2382 τόπον
3692 2329 3783 2381 ὲκ-

2199 2413 2468 2486 κλησίαις.

493 2504 1153 2582 chumeui,energumcni
1214 2518 1269 2566 et
1334 2509 1667 2580 pcenitentes
1724 2522 1758 2562 a
1822 2507 2049 2579 reliquis
2069 2507 2487 2580 separabantur)
2543 2507 2836 2564 habebant.
2889 2508 3040 2582 (llaec
3083 2511 3229 2568 enim
3283 2512 3467 2569 omnia
3503 2529 3601 2584 per
3642 2513 3783 2568 κατὰ

494 2597 660 2653 τόπον
719 2602 1017 2673 signiﬁcari
1046 2601 1180 2657 mihi
1204 2602 1563 2673 persuadeo.)

569 2689 858 2746 Sacrorum
931 2692 1192 2749 codicum.
1229 2691 1397 2751 Sacre
1432 2693 1670 2764 scriptos
1718 2692 1892 2748 libros
1931 2696 2092 2748 vocat

498 2783 669 2844 Vetus
693 2787 1018 2860 Navumque
1056 2788 1491 2846 Testamentum.

570 2878 641 2933 Et
669 2896 789 2934 cum
820 2882 886 2937 iis
913 2881 1265 2953 euergumeni.
1309 2877 1369 2937 ld
1399 2888 1487 2938 est
1526 2879 1596 2937 ab
1640 2880 1940 2939 immundis
1973 2881 2089 2952 spi-

497 2969 698 3026 ritibus
726 2973 928 3028 vexati.

572 3063 744 3119 Porro
787 3066 1178 3124 ministrorum.
1230 3067 1510 3126 Ministros
1551 3069 1685 3125 dicit
1731 3070 1995 3126 diaconos
2034 3075 2092 3128 et
2117 3102 2162 3163 ο

497 3167 595 3208 eos
623 3154 718 3223 qui
768 3171 917 3211 nunc
949 3159 1271 3214 subdiaconi
1300 3171 1588 3214 vocantur.

571 3242 784 3300 Setecti.
815 3245 1037 3314 Selecti,
1068 3250 1230 3320 primi
1260 3251 1479 3306 diaconi
1505 3268 1522 3320 ;
1550 3251 1864 3308 sacerdotes
1885 3260 2090 3320 autem,

496 3335 831 3408 presbyteri.

570 3429 903 3499 Proponunt.
952 3432 1068 3489 Hoc
1104 3432 1412 3490 secundum
1466 3435 1925 3492 consuetudinem
1969 3451 2094 3508 qua:

498 3519 687 3577 Romae
713 3523 877 3595 viget.
927 3523 1045 3580 Illic
1084 3525 1232 3581 enim
1282 3533 1489 3597 septem
1536 3527 1642 3582 soli
1683 3527 1901 3584 diaconi
1931 3526 2090 3583 altari

499 3611 827 3684 inserviunt,
881 3632 1020 3687 quos
1077 3618 1346 3682 selectos,
1398 3617 1659 3684 arbitror,
1711 3631 1902 3686 vacat;
1955 3620 2092 3675 alios

497 3721 632 3762 vero
672 3707 896 3780 aliquod
939 3709 1090 3765 aliud
1138 3724 1395 3766 exercere
1440 3710 1828 3778 ministerium,
1864 3717 1919 3766 et
1960 3716 2087 3764 nota

499 3801 671 3858 etiam
712 3817 780 3857 ex
832 3801 937 3857 hoc
988 3801 1112 3858 loco
1160 3803 1538 3874 antiquitatem
1582 3801 1783 3866 Patris,
1841 3807 1896 3858 et
1942 3800 2090 3872 quod

497 3910 627 3950 cum
658 3892 908 3951 diaconis
929 3895 1243 3953 sacerdotes
1271 3911 1467 3967 panem
1496 3895 1747 3953 olleraut.
1769 3892 1886 3950 Hoc
1907 3901 2089 3949 autem

498 3987 704 4057 ubique
735 3987 813 4053 lit,
859 3987 1007 4058 quod
1052 3987 1214 4058 pauci
1266 3989 1379 4045 sint
1425 3987 1678 4056 diaconi;
1725 3985 1916 4042 Romae
1960 3999 2090 4042 vero

499 4079 661 4150 plane
708 4089 854 4135 recte
892 4079 1010 4134 ﬁeri
1057 4080 1322 4145 arbitror,
1354 4090 1641 4152 propterea
1669 4079 1818 4151 quod
1854 4077 1958 4134 sali
2001 4093 2091 4133 se-

499 4179 648 4242 ptem
696 4171 882 4227 selecti
929 4174 985 4228 in
1031 4173 1191 4228 altari
1228 4162 1580 4230 ministrent:
1612 4171 1864 4228 fortassis
1906 4177 2089 4226 autem

502 4262 580 4318 illi
613 4271 824 4335 septem
851 4265 1018 4322 etiam
1046 4265 1157 4320 vita
1185 4265 1254 4322 ab
1283 4265 1408 4322 aliis
1443 4266 1633 4322 selecti
1662 4271 1813 4322 sunt.

2275 2686 2672 2759 Ἀγιογράςρων
2708 2687 2954 2744 δέλτων.
3001 2688 3395 2764 Ἀγιογράφους
3430 2693 3645 2760 δέλτους
3684 2715 3780 2752 xa-

2193 2779 2277 2834 λεῖ
2301 2782 2399 2854 τὴν
2428 2780 2671 2834 Παλαιὰν
2699 2783 2794 2836 καὶ
2823 2782 2923 2854 τὴν
2956 2782 3101 2837 Νέαν
3128 2784 3423 2857 Διαθήκην.
3541 2799 3556 2813 ⁸

2296 2873 2408 2927 Καὶ
2453 2873 2603 2942 πρὸς
2631 2873 2837 2940 αὐτοῖς
2865 2875 3297 2947 ἐνεργούμενα.
3340 2878 3630 2933 Τουτέστιν
3678 2880 3781 2934 ὑπὸ

2193 2968 2518 3040 πνευμάτων
2549 2967 2898 3039 ἀκαθάρτων.
3456 2997 3458 3000 ν

2268 3059 2390 3114 Τῶν
2417 3059 2778 3131 λειτουργῶν
2809 3059 2894 3114 δέ.
2927 3059 3289 3132 Λειτουργούς
3327 3079 3461 3134 φησι
3501 3063 3627 3127 τοὺς
3667 3063 3781 3117 δια-

2193 3153 2399 3221 κόνους,
2431 3153 2525 3208 καὶ
2553 3154 2680 3217 τοὺς
2713 3152 2810 3206 νῦν
2843 3152 3230 3217 ὑποδιακόνους
3256 3153 3600 3224 λεγομένους.

2301 3247 2616 3313 Ἕκκριτοι.
2653 3246 2932 3317 Ἐκκριτοι
2979 3245 3030 3299 οἱ
3070 3245 3277 3317 πρῶτοι
3317 3245 3576 3312 διάκονοι,
3611 3247 3779 3319 ίερετς

2190 3338 2247 3392 δὲ
2278 3339 2326 3392 οἱ
2363 3338 2746 3411 πρεσδύτεροι.

2264 3430 2630 3498 Προτιθέασι.
2671 3431 2845 3485 Τοῦτο
2885 3431 3028 3486 κατὰ
3085 3433 3184 3504 τὴν
3217 3433 3275 3486 ὲν
3323 3431 3510 3504 Ῥώμῃ
3543 3434 3779 3506 κρατοῦ-

2193 3539 2291 3577 σαν
2343 3523 2648 3596 συνήθειανο
2693 3520 2838 3578 Ἐκεῖ
2883 3524 2994 3598 γὰρ
3033 3525 3174 3579 ἑπτὰ
3223 3525 3372 3596 μόνοι
3423 3526 3661 3580 διάκονοι
3700 3519 3780 3596 τῷ

2191 3617 2560 3690 θυσιαστηρίῳ
2590 3616 3109 3690 λειτουργοῦσιν,οΐ›ς
3137 3619 3446 3690 ἐκκρίτους,
3468 3615 3642 3692 οἶμαι,
3676 3637 3780 3672 κα-

2189 3707 2299 3762 λεῖ’
2323 3710 2450 3773 τοὺς
2476 3708 2532 3761 δὲ
2565 3707 2757 3772 ἄλλους
2784 3708 2949 3780 ἄλλην
2978 3710 3101 3764 τινὰ
3132 3706 3372 3764 ἐκτελεῖν
3398 3704 3744 3782 λειτουργίαν
3761 3727 3776 3741 ⁸

2190 3801 2286 3855 καὶ
2314 3801 2618 3873 σημείωσαι
2647 3802 2940 3856 κάντεῦθεν
2961 3802 3051 3856 τὸν
3076 3802 3380 3874 ἀρχαϊσμὸν
3403 3802 3498 3856 τοῦ
3530 3803 3776 3874 Πατρός·

2190 3893 2286 3948 καὶ
2315 3894 2398 3948 ὅτι
2427 3895 2523 3951 σὺν
2549 3897 2660 3958 τοῖς
2689 3893 2955 3958 διακόνοις
2980 3895 3072 3949 τὸν
3111 3897 3274 3966 ἄρτον
3316 3895 3367 3948 al
3413 3895 3780 3968 πρεσϐύτεροι

2190 3980 2526 4058 προτιθέασι.
2555 3987 2724 4040 Τοῦτο
2768 3987 2826 4040 δὲ
2874 3989 2969 4040 καὶ
3002 3984 3280 4057 πανταχοῦ
3317 3986 3548 4054 γίνεται,
3580 3986 3779 4055 ὀλίγων

2188 4078 2356 4133 ὄντων
2387 4079 2674 4133 διακόνων·
2707 4081 2766 4132 ἐν
2815 4078 3003 4153 Ῥώμῃ
3033 4079 3110 4140 δὲ.
3142 4074 3316 4149 οἶμαι,
3353 4078 3582 4132 πάντοτε
3625 4079 3777 4131 εικό-

2187 4189 2316 4237 τως,
2363 4171 2451 4225 διὰ
2480 4172 2542 4226 τὸ
2581 4172 2775 4244 μόνους
2821 4172 2961 4226 ἑπτὰ
2991 4173 3118 4235 τοὺς
3161 4171 3450 4243 ἐκκρίτους
3481 4171 3558 4243 τῷ
3587 4171 3776 4224 θυσια-

2190 4264 2396 4336 στηρίῳ
2427 4263 2783 4336 λειτουργετνο
2816 4265 2977 4336 τυχὸν
3012 4264 3070 4318 δὲ
3105 4264 3201 4318 καὶ
3231 4263 3334 4336 βίῳ
3374 4262 3485 4317 τῶν
3515 4263 3693 4317 ἄλλων
3726 4264 3777 4316 al

2189 4355 2330 4408 ἑτι-τὰ
2354 4355 2708 4425 τυγχάνουσιν
2734 4355 2994 4428 ἔκκριτοι.

579 4443 923 4501 Universalis.
952 4443 1091 4500 Tum
1121 4447 1286 4502 etiam
1319 4446 1443 4503 ﬁdei
1474 4445 1781 4519 symbolum
1814 4443 2087 4516 quoddam

2269 4446 2383 4517 Τῆς
2412 4447 2758 4517 καθολικῆς.
2801 4449 2922 4502 Ὅτι
2964 4447 3058 4502 καὶ
3083 4447 3206 4501 τότε
3263 4447 3503 4512 πίστεώς
3553 4465 3605 4501 τι
3638 4448 3777 4518 σύμο

504 4545 631 4592 ante
676 4536 784 4592 dici
829 4540 1050 4595 solitum
1099 4538 1238 4607 fuit;
1269 4548 1364 4594 aut
1393 4539 1577 4610 potius
1605 4553 1770 4608 quam
1803 4546 1917 4592 tum
1947 4537 2087 4592 acci-

2233 4537 2348 4593 ολον
2383 4538 2704 4612 προελέγετο
2723 4557 2736 4571 ·
2755 4541 2788 4613 ἢ
2809 4539 3007 4613 μᾶλλον
3035 4541 3172 4612 ὅπερ
3198 4541 3320 4595 τότε
3349 4540 3776 4613 παρελάμὸανον

502 4629 725 4701 piebant
780 4628 1090 4686 doctrinam
1158 4639 1215 4687 et
1277 4630 1733 4688 consuetudinem
1795 4644 1893 4686 seu
1949 4630 2092 4686 ritus

505 4721 651 4777 ﬁdei.

575 4811 867 4868 Sacrorum
896 4813 1234 4869 tabularum}
1260 4812 1362 4870 Hic
1385 4829 1494 4869 non
1521 4823 1652 4870 sunt
1673 4814 1865 4884 prima:
1893 4813 2092 4870 tabulae

504 4904 644 4972 apud
672 4903 809 4973 nas';
837 4911 1086 4976 tempore
1115 4919 1247 4960 vero
1275 4903 1441 4974 hujus
1480 4904 1682 4970 Patris,
1726 4913 1849 4976 post
1883 4906 2090 4961 saluta-

503 4995 709 5050 tionem
771 4998 972 5056 tabula:
1037 4995 1448 5064 recitabantur,
1505 4997 1964 5069 quemadmodum
2033 4998 2090 5054 in

503 5085 745 5144 Oriente.

575 5179 802 5234 Diaconi
837 5179 1115 5250 prwcipui.
1160 5178 1268 5237 Eos
1315 5177 1469 5245 dicit,
1504 5181 1598 5253 qui
1627 5181 1792 5253 primi
1832 5187 1989 5237 erant
2032 5180 2089 5234 in

504 5269 774 5337 diaconis,
802 5273 950 5328 solos
979 5282 1176 5342 praesto
1207 5271 1377 5330 fuisse
1398 5273 1584 5330 divino
1605 5275 1802 5342 altari;
1836 5274 2091 5329 fortassis

505 5372 688 5419 autem
717 5371 874 5419 erant
900 5363 968 5419 ab
999 5364 1079 5421 eis
1105 5365 1293 5422 selecti
1321 5372 1375 5422 et
1402 5367 1597 5425 secreti
1626 5383 1725 5440 pro
1753 5368 1879 5423 vitae
1901 5366 2081 5439 digni-

503 5463 639 5513 tate.
2030 5453 2032 5458 ’

576 5545 688 5619 ﬂ
713 5544 782 5600 Et
827 5547 882 5601 in
923 5559 1190 5618 aspectum
1237 5552 1402 5610 ducit.
1445 5553 1502 5611 Id
1549 5561 1634 5612 est
1677 5551 1991 5610 manifestat
2018 5567 2082 5609 ea

2197 4631 2424 4705 μάθημα
2455 4633 2550 4687 καὶ
2573 4634 2919 4706 συμμάθημα
2946 4634 3046 4706 τῆς
3073 4635 3328 4699 πίστεως.

2267 4815 2389 4871 Τῶν
2418 4815 2590 4886 ιερῶν
2619 4814 2882 4885 πτυχῶν.
2922 4809 3049 4869 Ὧδε
3099 4816 3160 4869 οὐ
3201 4817 3395 4889 πρῶτα
3423 4816 3495 4870 τὰ
3537 4815 3774 4884 δίπτυχα

2192 4910 2322 4981 παρ’
2376 4909 2506 4980 ἡμῖν
2530 4947 2546 4973 ,
2601 4907 2694 4961 ἐπὶ
2731 4907 2790 4960 δὲ
2849 4904 2944 4960 τοῦ
2964 4907 3177 4978 Πατρδς
3228 4907 3419 4961 τούτου
3482 4907 3618 4980 μετὰ
3681 4907 3776 4959 τὸν

2187 5001 2478 5073 ἀσπασμὸν
2507 5000 2578 5055 τὰ
2599 5001 2834 5073 δίπτυχα
2871 5000 3108 5070 ἐλέγετο,
3138 5000 3329 5072 ὥσπερ
3372 5001 3469 5056 καὶ
3506 5003 3562 5055 ὲν
3608 5002 3772 5055 Ἀναο

2188 5094 2339 5166 τολῇ.

2263 5189 2329 5241 Ol
2359 5185 2478 5240 τῶν
2505 5183 2865 5256 λειτουργῶν
2894 5185 3170 5256 ἔκκριτοι.
3191 5185 3312 5239 ’Ότι
3340 5187 3390 5239 at
3431 5186 3633 5259 πρῶτοι
3658 5186 3774 5239 τῶν

2187 5277 2451 5334 διακόνων
2481 5277 2631 5349 μόνοι
2672 5277 3036 5350 παρίστανται
3075 5279 3154 5351 τῷ
3197 5278 3595 5352 θυσιαστηρίῳ·
3625 5279 3774 5351 τάχα

2187 5370 2246 5426 δὲ
2272 5371 2369 5427 καὶ
2399 5372 2449 5427 οι
2480 5373 2540 5426 ὲν
2568 5371 2670 5444 βίῳ
2698 5371 2902 5427 τούτων
2933 5371 3192 5446 ἔκκριτοι.

2189 5551 2301 5606 Καὶ
2339 5552 2442 5606 ὑπ’
2467 5549 2610 5618 ὄψιν
2657 5548 2806 5618 ἄγει.
2841 5550 3099 5605 Τουτέστι
3139 5550 3428 5622 σαφηνίζει
3470 5550 3538 5606 τὰ
3561 5547 3773 5623 ὑμνού-

1448 5688 1686 5747 VARUE
1722 5687 2106 5748 LECTIONES
2145 5685 2234 5743 ET
2273 5681 2825 5745 CORRECTIONES.

620 5838 668 5878 ιδ
722 5840 1055 5917 τελεσθῆναι,
