3872 6612
158 478 262 535 157

885 469 942 525 s.
979 467 1229 524 MAXIM]
1265 449 1562 525 SCHOLIA
1595 468 1660 524 IN
1694 465 1822 522 LIB.
1867 467 1953 522 ne
1986 468 2267 527 seems.
2305 469 2679 526 aususnon.

3326 472 3424 527 158

158 609 345 670 μεναο.
364 582 496 655 οἷον,
520 586 603 642 ὅτι
631 587 752 641 τόδε
783 585 882 640 καὶ
911 585 1030 639 τόδε
1057 585 1315 657 Χριστοῦο
1339 585 1434 638 καὶ
1462 585 1579 638 τόδε
1609 586 1745 656 Χρι-

1861 601 1964 655 una:
1993 586 2207 640 laudata
2235 596 2396 650 sunt,
2429 587 2578 642 velut
2623 586 2726 641 hoc
2751 593 2806 642 et
2839 584 2974 640 illud
2999 583 3208 656 Christi
3237 593 3339 649 est,
3371 600 3427 643 et

156 687 306 744 στοῦ.
367 677 746 738 ’Υποδείκνυσι
801 681 858 734 δὲ
903 680 999 734 καὶ
1040 678 1141 742 τὰς
1187 679 1280 732 ἐπὶ
1331 677 1542 742 τούτοις
1594 677 1744 741 Θείας

153 774 508 854 δωρεὰς,οῖον
532 819 546 843 ,
581 778 663 830 ὅτι
696 775 775 838 είς
807 775 999 844 ἄφεσιν
1022 772 1335 845 ἁμαρτιῶν,
1365 772 1458 826 καὶ
1487 773 1567 836 είς
1599 769 1744 842 ζωὴν

152 873 407 935 αἰώνιον,
455 870 551 922 καὶ
599 868 700 922 ὅσα
725 865 955 920 τοιαῦτα
991 864 1248 936 μυστικά.
1276 864 1430 934 Τάχα
1475 863 1532 916 δὲ
1557 861 1619 915 τὸ
1653 863 1744 915 ὑπ’

149 966 276 1035 ὄψιν
311 963 472 1017 τοῦτο
504 961 778 1032 σημαίνει,
814 959 890 1022 ὡς
919 959 1039 1011 τότε
1077 956 1608 1027 ἁποκαλυπτομένων
1637 953 1746 1007 τῶν

149 1057 330 1126 ἁγίων
368 1053 588 1126 δώρων,
627 1051 764 1124 μετὰ
802 1050 902 1114 τὰς
944 1049 1111 1120 εὐχὰς
1133 1090 1147 1114 ,
1186 1047 1453 1120 μενόντων
1490 1048 1548 1101 δὲ
1580 1064 1748 1101 κεκα-

151 1148 481 1219 λυμμένων,
519 1145 625 1208 ἓως
677 1143 873 1215 καιροῦ
933 1140 1388 1214 μεταλήψεωςοῆ
1457 1139 1599 1209 τάχα
1653 1139 1745 1192 τὸν

150 1239 461 1310 κουφισμὸν
515 1237 610 1291 καὶ
645 1237 746 1308 τὴν
791 1235 999 1306 ὔψωσιν
1035 1235 1136 1305 τῆς
1186 1235 1315 1304 μιᾶς
1353 1231 1603 1301 εὐλογίας
1649 1227 1744 1284 τοῦ

150 1331 302 1386 θείου
344 1330 511 1402 ἄρτου
553 1329 738 1401 φησὶν,
764 1328 823 1381 ὃν
857 1327 983 1398 ὑψοῖ
1009 1328 1038 1378 ὁ
1075 1327 1274 1398 ἱερεὺς,
1303 1324 1496 1394 λέγων,
1530 1322 1598 1376 τὰ
1618 1323 1747 1392 ἅγια

146 1429 267 1488 τοῖς
297 1425 504 1493 ἁγίοις·
539 1424 678 1494 ὅπερ
709 1421 804 1474 καὶ
839 1421 1038 1492 μᾶλλόν
1066 1421 1213 1473 ἐστιν
1247 1416 1475 1487 ἀληθὲς,
1507 1416 1584 1480 ὼς
1617 1415 1747 1486 περὶ

147 1518 212 1572 τὸ
243 1517 400 1581 τέλος
432 1515 526 1570 τοῦ
558 1513 857 1584 κεφαλαίου
897 1513 1152 1585 εὑρήσεις
1179 1510 1487 1582 εἰρημένον.

221 1692 316 1745 Ili.
353 1689 382 1761 §
412 1678 456 1742 l.
503 1688 613 1755 Τὰς
651 1687 890 1751 εἰκόνας
915 1685 987 1738 ἐν
1015 1682 1198 1747 τάξει.
1247 1681 1475 1745 Εἰκόνας
1521 1680 1746 1734 ἐκάλεσε

148 1786 260 1838 τῶν
291 1783 508 1853 ἀληθῶν
539 1781 608 1835 τὰ
637 1780 731 1834 νῦν
761 1777 1060 1849 τελούμενα
1087 1778 1144 1829 ὲν
1180 1779 1247 1847 τῇ
1281 1774 1518 1838 συνάξει.

233 1877 334 1942 Ὦς
366 1873 510 1929 οὐδὲ
559 1873 678 1927 τῶν
726 1871 1065 1942 συμϐόλων.
1099 1868 1218 1921 Ὀτι
1270 1866 1514 1938 σύμϐολα
1549 1864 1742 1932 ταῦτα,

149 1971 248 2025 καὶ
278 1971 382 2022 οὐκ
407 1967 651 2039 ἀλήθεια.

220 2067 295 2119 Αἱ
321 2063 444 2133 μὲν
473 2062 582 2132 γὰρ
612 2058 931 2128 ἱερώταται.
967 2056 1032 2110 Τί
1061 2056 1110 2110 oi
1138 2050 1363 2125 ψαλμοὶ,
1399 2051 1493 2106 καὶ
1519 2049 1586 2103 τὰ
1615 2050 1744 2104 ἀνα-

147 2158 477 2229 γνώσματα.

221 2254 332 2317 Εἰς
357 2249 625 2320 μνήμην.
663 2247 784 2300 Ὅτι
821 2243 958 2315 μετὰ
999 2241 1066 2294 τὸ
1105 2241 1317 2294 δεῖπνον
1349 2237 1530 2291 λαϐὼν
1559 2235 1743 2307 ἄρτον,

148 2347 246 2399 καὶ
269 2344 340 2397 τὰ
372 2342 498 2413 ἑξῆς
517 2359 531 2372 ο
564 2342 656 2394 καὶ
685 2340 765 2392 ὅτι
795 2339 823 2390 ὁ
849 2335 1078 2394 Θάνατος
1102 2330 1267 2388 αὐτοῦ
1297 2328 1744 2399 καταγγέλλεται,

149 2437 315 2507 ἄχρις
357 2431 419 2490 οὗ
465 2431 614 2507 ἔλθη,
649 2430 791 2485 κατὰ
821 2428 912 2482 τὸν
962 2426 1284 2481 Ἀπόστολον
1315 2425 1410 2478 καὶ
1448 2422 1610 2476 αὐτὸν
1656 2420 1748 2472 τὸν

148 2530 363 2600 Κύριον
423 2527 738 2596 φάσκονταο
792 2521 970 2577 Τοῦτο
1031 2518 1250 2573 ποιεῖτε
1296 2519 1382 2582 είς
1437 2515 1553 2582 τὴν
1594 2512 1749 2582 ἐμὴν
1792 2556 1800 2566 .

147 2619 525 2689 ἀνάμνησιν,
560 2615 654 2670 καὶ
701 2613 768 2668 τὰ
817 2612 961 2684 ἑξῆς.
997 2610 1109 2664 Καὶ
1157 2607 1458 2679 σημείωσαι
1482 2605 1562 2659 ὅτι
1593 2605 1749 2675 ἀρχι-

149 2715 211 2766 σύ
223 2712 428 2784 μϐολον
459 2710 562 2780 ἔφη
591 2709 652 2761 τὸ
684 2705 940 2779 μυστικὸν
981 2702 1074 2757 τοῦ
1122 2701 1329 2773 Κυρίου
1375 2699 1609 2760 δεῖπνον,
1639 2695 1747 2750 τῶν

148 2805 246 2859 νῦν
282 2804 448 2858 θείων
481 2801 794 2873 μυστηρίων
812 2816 825 2830 ο
860 2817 953 2853 και
981 2799 1064 2851 ὅτι
1091 2796 1181 2850 τὸν
1203 2793 1438 2858 αναξίως
1473 2789 1749 2862 μεταλαμ-

147 2880 391 2951 ϐάνοντα
418 2895 516 2948 τοῦ
556 2894 722 2966 ἄρτου
755 2891 967 2947 καὶτοῦ
1001 2889 1284 2960 ποτηρίου,
1324 2885 1473 2939 οὐδὲν
1516 2885 1549 2954 ή
1583 2881 1747 2953 μετά-

145 2989 318 3061 ληψις
335 2986 560 3056 ὠφελεῖ,
593 2985 790 3057 μᾶλλον
821 2985 920 3056 μὲν
949 2979 1043 3038 οὖν
1063 2982 1158 3036 καὶ
1203 2981 1483 3050 εἰςκρῖμα
1513 2974 1678 3029 αὐτοῦ
1705 2973 1744 3004 ¹¹

147 3080 408 3151 λήψεται,
434 3077 578 3132 κατὰ
615 3077 706 3130 τὸν
747 3073 1087 3129 Ἀπὸστολον.
1140 3071 1234 3126 Ἐκ
1271 3070 1328 3146 δὲ
1371 3069 1480 3121 τῶν
1509 3066 1635 3138 ἑξῆς
1661 3065 1750 3118 εύ-

146 3140 325 3235 λόγως
455 3182 542 3228 τις
571 3164 730 3236 φαίη,
776 3164 857 3217 ὅτι
893 3161 1030 3233 μετὰ
1060 3160 1122 3214 τὸ
1151 3140 1385 3223 ἐξελθεῖν
1412 3157 1504 3211 τὸν
1549 3155 1748 3209 Ἰούδαν

1847 679 1953 734 hoc
1983 687 2146 750 atque
2165 679 2299 734 illud
2329 679 2554 735 Christi.
2574 679 2825 735 Ostendit
2851 686 3034 734 autem
3053 679 3218 733 etiam
3238 678 3428 735 divina

1845 773 1988 827 dona
2025 781 2079 828 et
2120 785 2370 836 munera,
2414 781 2474 826 ut
2513 789 2576 827 ea
2625 774 2808 828 valere
2845 773 2912 827 ad
2943 780 3292 842 peccatorum
3341 787 3428 828 re-

1846 863 2163 920 missionem
2193 873 2248 920 et
2274 867 2399 920 vita:
2417 874 2634 920 aeternae
2663 865 3028 936 adeptionem,
3055 879 3286 934 quasque
3315 864 3428 920 sint

1847 957 2079 1028 mystica
2109 957 2353 1027 ejusdem
2386 958 2620 1028 generis.
2656 956 2792 1011 [llud
2839 965 3043 1021 autem,
3077 959 3255 1014 oculis
3285 959 3425 1027 obji-

1847 1049 1942 1115 cit,
1993 1047 2226 1104 fortasse
2277 1049 2382 1104 hoc
2423 1049 2667 1123 declarat
2720 1059 2832 1104 tum
2879 1050 3092 1120 aperire
3139 1049 3426 1120 detegique

1847 1148 2038 1195 sancta
2090 1140 2234 1195 dona
2288 1149 2410 1212 post
2454 1156 2672 1211 preces,
2723 1155 2945 1196 manere
2989 1150 3168 1197 autem
3211 1142 3427 1197 obtrcta

1849 1248 2022 1302 usque
2052 1232 2120 1286 ad
2151 1240 2366 1304 tempus
2397 1233 2833 1300 communionis;
2883 1240 2978 1288 aut
3024 1233 3251 1287 forsitan
3281 1233 3428 1289 lera-

1848 1325 2051 1380 tionem
2081 1327 2577 1396 exaltationemque
2621 1327 2786 1380 unius
2835 1325 3232 1381 benedictionis
3254 1325 3424 1380 divini

1847 1417 2005 1486 panis
2053 1416 2340 1488 intelligit,
2389 1433 2550 1489 quem
2591 1417 2806 1473 extoldi‘t
2859 1417 3139 1479 sacerdos.
3189 1417 3424 1471 dicens:

1849 1507 2049 1562 Sancta
2076 1511 2279 1565 sanctis
2307 1529 2320 1564 :
2353 1510 2406 1565 id
2435 1511 2579 1580 quod
2617 1516 2700 1564 est
2738 1510 2943 1573 verius,
2968 1507 3427 1579 quemadmodum

1849 1594 1902 1649 in
1937 1596 2041 1651 [ine
2074 1598 2272 1668 capitis
2300 1597 2506 1653 dictum
2546 1599 2811 1654 invenies.

1918 1685 2006 1740 ιιι.
2043 1687 2070 1760 §
2099 1687 2138 1742 l.
2174 1687 2402 1759 Figura:
2429 1689 2483 1742 in
2519 1689 2720 1744 ordine.
2774 1687 3007 1760 Figuras
3033 1703 3290 1744 verorum
3330 1703 3428 1744 vo-

1847 1778 1991 1832 cavit
2021 1794 2084 1834 ea
2113 1795 2234 1850 qua:
2258 1795 2402 1834 nunc
2427 1780 2784 1850 perﬁciuntur
2809 1781 2864 1834 in
2890 1781 3106 1852 synaxi.

1922 1868 2004 1924 Ne
2051 1871 2427 1940 symbolarum.
2463 1870 2626 1943 Signa
2657 1874 2770 1929 haec
2809 1888 2952 1949 esse,
2985 1889 3094 1930 non
3122 1876 3426 1931 veritatem.

1914 2047 1990 2103 Ac
2035 2049 2402 2105 sacratissima
2450 2048 2678 2118 quidem.
2726 2049 2869 2117 Quid
2895 2049 3091 2122 psalmi
3135 2059 3192 2108 et
3242 2051 3433 2107 lectio-

1845 2157 1963 2197 nes.

1917 2233 1985 2288 In
2024 2234 2355 2288 memoriam.
2390 2232 2550 2299 Quoi
2597 2225 2722 2305 post
2767 2250 2980 2292 caenam
3025 2235 3301 2306 accipiens
3332 2251 3430 2305 pa-

1845 2341 1991 2392 nem,
2025 2332 2079 2382 et
2099 2341 2220 2396 qua
2249 2335 2573 2397 sequuntur,
2602 2327 2857 2398 quodque
2885 2343 3034 2383 mors
3061 2329 3181 2399 ejus
3214 2343 3430 2384 annun-

1845 2419 2015 2472 tiatur
2041 2417 2216 2473 donec
2244 2418 2448 2482 veniat,
2483 2420 2784 2473 secundum
2813 2418 3136 2489 Apostolum
3165 2426 3220 2475 et
3247 2420 3426 2489 ipsum

1847 2510 2135 2567 Dominum
2162 2511 2430 2566 dicentem
2459 2530 2472 2566 :
2503 2510 2618 2566 Hoc
2649 2512 2809 2582 facile
2839 2514 2892 2566 in
2924 2529 3097 2566 meam
3117 2530 3430 2568 commemo-

1847 2604 2109 2658 rationem
2160 2602 2222 2670 i,
2274 2610 2329 2658 et
2371 2618 2494 2673 qua:
2540 2611 2863 2675 sequuntur.
2909 2602 3048 2658 Nota
3096 2605 3258 2659 etiam
3303 2619 3430 2659 eum

1845 2693 2054 2750 dixisse
2083 2694 2318 2763 primum
2354 2694 2668 2750 divinorum
2717 2695 3103 2766 mysteriorum
3135 2711 3255 2766 qua:
3281 2711 3429 2751 nunc

1847 2795 1977 2843 sunt
2028 2788 2266 2857 signum,
2321 2788 2607 2859 mysticam
2647 2787 2866 2842 Domini
2897 2803 3143 2855 cumam;
3181 2796 3344 2858 atque
3378 2789 3428 2843 ei

1846 2880 1940 2950 qui
1975 2880 2193 2950 indigne
2223 2893 2417 2950 panem
2446 2887 2500 2934 et
2527 2879 2752 2934 calicem
2798 2880 2963 2950 capit,
2999 2881 3136 2934 nihil
3168 2879 3430 2950 prodesse

1829 2966 2236 3044 ‘sumptionem,
2263 2973 2357 3028 sed
2387 2972 2569 3042 potius
2606 2973 2675 3028 ad
2716 2971 2983 3042 judicium
3014 2981 3068 3029 et
3096 2973 3428 3030 condemna-

1849 3067 2052 3121 tionem
2069 3068 2154 3122 sui
2173 3065 2370 3136 capiet,
2390 3064 2692 3121 secundum
2710 3065 3033 3135 Apostolum
3060 3065 3110 3120 κ.
3128 3064 3207 3120 Ex
3240 3065 3310 3120 iis
3330 3079 3431 3120 au-

1852 3169 1958 3215 tem
1998 3173 2120 3229 quae
2160 3167 2466 3229 sequuntur
2494 3167 2642 3214 recte
2687 3159 2886 3229 aliquis
2927 3159 3074 3215 dicat
3121 3157 3428 3221 Christum,

147 3260 214 3310 ἐκ
261 3257 363 3311 τοῦ
397 3256 616 3309 δείπνου
650 3251 964 3325 παρέδωκεν
994 3254 1022 3306 ό
1053 3250 1288 3324 Χριστὸς
1323 3253 1435 3313 τοῖς
1483 3248 1745 3320 μαθηταῖς

1861 3259 2139 3323 postquam
2165 3265 2197 3305 a
2226 3265 2383 3305 coena
2411 3249 2441 3306 J
2449 3249 2582 3307 udas
2609 3251 2964 3316 surrexisset,
2999 3248 3287 3321 discipulis
3316 3257 3431 3303 tra-

146 3349 210 3403 τὸ
245 3350 574 3422 μυστήριον.

231 3439 614 3511 Ὄμοτρόπως
644 3436 716 3492 τὰ
759 3434 904 3506 ἱερά.
939 3435 1043 3489 Τὺν
1080 3433 1278 3488 Ἰούδαν
1311 3434 1462 3504 φησί.
1503 3434 1611 3488 Καὶ
1642 3439 1745 3506 ’ση-

152 3533 419 3604 μείωσαι,
450 3531 532 3583 ὅτι
562 3529 655 3583 καὶ
684 3528 832 3600 αύτῷ
866 3526 1134 3599 μετέδωκε
1167 3525 1260 3579 τοῦ
1289 3525 1550 3597 μυστικοῦ
1578 3526 1744 3597 ἄρτου

149 3620 245 3671 καὶ
288 3616 391 3670 τοῦ
437 3615 697 3687 ποτηρίου
715 3633 731 3646 ο
775 3614 844 3669 τὰ
901 3614 958 3668 δὲ
1002 3616 1272 3686 μυστήρια
1320 3616 1432 3676 τοῖς
1481 3614 1747 3686 μαθηταῖς

151 3712 296 3782 μετὰ
334 3710 402 3764 τὸ
435 3709 673 3776 ἐξελθεῖν
711 3709 807 3762 τοῦ
848 3708 1064 3762 δείπνου
1101 3707 1194 3761 τὸν
1233 3707 1464 3772 Ἰούδαν,
1495 3707 1572 3771 ὡς
1649 3706 1744 3759 ἁν-

141 3803 296 3869 αξίου
314 3800 526 3857 τούτων
544 3801 697 3864 ὄντος
727 3799 914 3854 αὐτοῦ.

234 3898 338 3962 Ὠς
371 3896 412 3963 ὴ
445 3893 576 3948 καθ’
609 3893 759 3958 ἕξιν.
812 3892 950 3946 Καθ’
988 3890 1102 3956 ἕξιν
1147 3891 1206 3944 ὲν
1258 3891 1471 3955 τούτοις
1517 3893 1580 3946 τὸ
1625 3895 1744 3946 κατ’

145 3986 456 4054 ἐπίγνωσιν
481 3983 649 4057 δηλοῖ,
675 3982 920 4036 τουτέστι
949 3981 1012 4034 τὸ
1039 3981 1358 4045 ἐνδιαθέτως
1379 3981 1552 4046 οὕτως
1581 3982 1744 4053 ἔχειν,

143 4079 243 4131 καὶ⁵
270 4078 336 4130 οὐ
371 4075 517 4130 κατὰ
550 4074 716 4145 μόνην
744 4074 845 4145 τὴν
871 4071 1188 4144 σωματικὴν
1218 4073 1590 4146 προσέλευσιν,
1612 4075 1747 4128 ἀλλὰ

144 4171 298 4224 κατὰ
329 4171 431 4241 τὴν
482 4169 585 4240 τῆς
619 4167 857 4229 διανοίας
894 4164 982 4219 διὰ
1016 4166 1254 4230 πίστεως
1300 4166 1396 4219 καὶ
1444 4166 1747 4238 αἰσθήσεως

140 4260 559 4332 πνευματικῆς.

219 4353 250 4424 §
290 4353 358 4407 ll.
419 4352 564 4404 Ἀπὸ
607 4349 726 4402 τῶν
754 4347 1046 4404 αἱτιατῶν.
1091 4350 1348 4402 Τουτέστι
1394 4350 1455 4403 τὸ
1483 4351 1591 4404 ἀπὸ
1639 4350 1746 4404 τῶν

138 4443 368 4513 ὁρατῶν
396 4440 755 4511 τελουμένων,
771 4441 864 4493 ἐπὶ
881 4439 948 4493 τὰ
974 4441 1181 4510 ἀόρατα
1207 4443 1299 4494 καὶ
1322 4441 1580 4511 μυστικὰ,
1605 4442 1748 4515 ἅπερ

138 4539 255 4589 τῶν
289 4538 354 4589 ὲν
394 4534 646 4604 αἰσθήσει
691 4534 841 4587 αἴτιά
881 4537 986 4586 είσι
1025 4535 1119 4586 καὶ
1149 4533 1449 4604 ἀρχέτυπα.
1497 4535 1654 4588 Αἴτια
1691 4536 1746 4590 δὲ

1846 3346 2054 3404 didisse
2087 3352 2514 3400 sacramentum.

1917 3439 2108 3494 Animo
2163 3436 2409 3492 concordi
2450 3453 2625 3492 sacra.
2659 3435 2856 3493 Iudam
2895 3436 3047 3492 dicit.
3077 3435 3214 3490 Nom
3263 3436 3427 3492 etiam

1849 3548 1976 3590 eum
2029 3546 2247 3603 quoque
2303 3546 2334 3585 a
2393 3529 2624 3585 Domino
2671 3530 2992 3601 participem
3047 3529 3250 3587 factum
3304 3544 3429 3584 esse

1847 3618 2068 3694 mystiCi
2127 3619 2285 3689 panis
2339 3628 2393 3674 et
2446 3619 2636 3673 calicis
2687 3637 2703 3673 :
2765 3618 3028 3690 mysteria
3072 3625 3255 3672 autem
3311 3618 3430 3672 sive

1849 3721 2192 3768 sacramenta
2218 3712 2345 3766 data
2368 3727 2490 3768 esse
2515 3711 2800 3782 discipulis
2837 3726 2964 3767 cum
2986 3726 3017 3765 a
3044 3726 3204 3766 coena
3228 3709 3426 3774 Iudas,

1850 3813 1909 3859 ut
1940 3806 2048 3860 illis
2080 3805 2357 3877 indignus,
2393 3806 2741 3861 surrexisset.

1924 3897 1990 3952 Ut
2020 3896 2302 3952 secundum
2333 3897 2588 3953 habitum.
2624 3897 2761 3951 Καθ’
2793 3897 2924 3964 ἕξιν,
2951 3897 3007 3951 in
3042 3897 3128 3952 his
3157 3897 3339 3952 verbis
3362 3911 3429 3950 ex

1848 3990 2075 4046 scientia
2116 3991 2380 4056 declarat,
2413 3989 2468 4044 id
2496 3998 2582 4045 est
2610 3990 2794 4044 animo
2817 3991 2889 4044 ita
2924 3987 3116 4044 aﬂ'ecto
3143 3998 3196 4044 et
3219 3990 3430 4044 consti-

1848 4090 1965 4137 tuto
1994 4097 2136 4145 esse.
2168 4097 2232 4136 ac
2262 4098 2370 4136 non
2401 4084 2518 4138 solo
2555 4083 2801 4152 corporis
2844 4097 3092 4146 accessu,
3135 4081 3232 4137 sed
3259 4082 3426 4137 etiam

1847 4170 2046 4226 mentis
2083 4185 2180 4240 per
2203 4169 2364 4225 ﬁdem
2393 4177 2448 4225 et
2469 4185 2690 4226 sensum
2715 4169 3038 4240 spiritalem.

1922 4343 2047 4416 §ll.
2112 4344 2192 4398 Ab
2248 4345 2468 4414 effectis.
2528 4342 2585 4398 ld
2641 4353 2726 4400 est
2779 4345 2955 4402 abiis
2987 4363 3109 4417 qua:
3133 4346 3422 4402 visibiliter

1848 4445 2202 4510 peraguntur,
2234 4439 2300 4492 ad
2331 4454 2394 4494 ea
2423 4452 2544 4507 quae
2580 4451 2690 4490 non
2713 4436 2985 4502 videntur,
3014 4447 3068 4494 et
3087 4440 3154 4494 ad
3177 4441 3424 4511 mystica,

1849 4547 1969 4602 quae
1999 4547 2178 4587 causae
2207 4539 2335 4586 sunt
2362 4539 2416 4586 et
2438 4530 2766 4601 exemplaria
2797 4545 2984 4586 eorum
3017 4547 3139 4601 qua:
3172 4532 3276 4586 sub
3301 4548 3427 4588 sen-

138 4627 409 4695 λέγοινται
454 4623 523 4677 τὰ
583 4622 845 4695 ἑτέρωθεν
892 4624 954 4675 τὸ
995 4623 1241 4677 ὁπωσοῦν
1270 4620 1408 4678 εἶναι
1437 4626 1534 4697 τὴν
1567 4627 1744 4702 αἰτίαν

1861 4643 1970 4682 sum
1997 4625 2218 4681 cadunt.
2250 4624 2444 4681 Causa:
2471 4633 2652 4680 autem
2679 4623 2938 4678 dicuntur
2971 4639 3033 4679 ea
3061 4633 3182 4694 quae
3207 4626 3428 4681 aliunde

138 4721 350 4787 ἔχοντα
370 4735 384 4747 ο
417 4717 450 4787 ἦ
485 4715 594 4770 ἀπὸ
629 4716 736 4769 τῶν
765 4716 1020 4770 αἰτιατῶν
1064 4719 1144 4779 είς
1172 4716 1240 4770 τὰ
1272 4717 1438 4784 αἴτια,
1470 4719 1746 4772 τουτέστιν

136 4811 254 4864 ἀπὸ
285 4810 408 4863 τῶν
432 4807 706 4878 αἰσθητῶν
738 4807 1020 4879 συμϐόλων
1039 4808 1132 4861 ἐπὶ
1160 4809 1226 4861 τὰ
1247 4808 1410 4880 νοητὰ
1441 4810 1536 4863 καὶ
1563 4810 1743 4880 νοερὸν

136 4904 348 4972 ἤγουν,
377 4900 488 4954 ἀπὸ
507 4900 616 4952 τῶν
647 4898 1011 4970 ἀτελεστέρων
1039 4901 1118 4963 είς
1143 4899 1211 4953 τὰ
1243 4899 1547 4973 τελειότερα
1567 4917 1582 4932 ο
1613 4899 1745 4963 οἷον,

135 4992 253 5047 ἀπὸ
283 4991 409 5045 τῶν
439 4989 628 5043 τύπων
660 4991 752 5042 ἐπὶ
780 4989 878 5061 τὴν
910 4989 1091 5042 εἰκόνα
1110 5007 1124 5020 ·
1161 4991 1254 5042 καὶ
1287 4991 1395 5044 ἀπὸ
1425 4992 1626 5061 ταύτης
1655 4991 1746 5044 ἐπὶ

133 5086 240 5156 τὴν
275 5082 568 5154 ἀλήθειαν.
597 5081 733 5136 Σκιὰ
761 5081 868 5154 γὰρ
906 5081 974 5134 τὰ
1016 5081 1118 5152 ’τῆς
1164 5083 1433 5147 Παλαιᾶς·
1479 5083 1641 5138 είκὼν
1687 5085 1745 5138 δὲ

133 5180 205 5231 τὰ
235 5177 358 5247 τῆς
393 5175 538 5238 Νέας
567 5174 872 5248 Διαθηκης’
906 5173 1130 5246 ἀλήθεια
1157 5175 1214 5230 δὲ
1245 5177 1279 5248 ἡ
1308 5177 1413 5230 τῶν
1445 5178 1745 5248 μελλόντων

132 5271 520 5332 κατάστασις.

205 5447 401 5515 Κᾷτα
439 5446 556 5515 τὴν
599 5443 784 5515 ἱεράν.
839 5444 1003 5513 Κᾷτα
1033 5445 1438 5517 παροξυτόνωςο
1477 5447 1629 5518 δηλοί
1689 5450 1745 5504 δὲ

129 5542 215 5609 τὸ,
235 5541 352 5594 καὶ
387 5540 508 5592 τότε
526 5541 565 5594 ⁸.

213 5670 229 5708 ι
262 5656 422 5711 Luc.
449 5655 701 5721 1111,19.
739 5651 954 5712 leor.
991 5653 1178 5717 x1,29.

1852 4719 2074 4782 habent,
2100 4724 2160 4770 ut
2181 4731 2401 4786 quoquo
2441 4715 2602 4771 modo
2626 4731 2792 4771 causa
2817 4715 2960 4781 sint;
2994 4725 3088 4770 aut
3121 4717 3189 4771 ab
3220 4717 3426 4773 effectis

1854 4811 1921 4865 ad
1951 4824 2170 4873 causas,
2199 4809 2254 4864 id
2279 4817 2362 4864 est
2405 4824 2434 4862 a
2478 4809 2648 4878 signis
2673 4822 2793 4877 qua:
2825 4822 3022 4862 sensus
3049 4807 3156 4878 65
3188 4819 3424 4871 mevem,

1853 4903 1921 4957 ad
1948 4918 2012 4959 ea
2035 4917 2158 4972 qua:
2189 4909 2369 4957 mente
2397 4900 2935 4971 comprehenduntur
2961 4907 3016 4954 et
3047 4908 3176 4954 sunt
3206 4901 3429 4970 spirita-

1851 4996 1959 5051 lia:
1990 4996 2104 5050 sive
2135 4994 2203 5048 ab
2231 4995 2297 5050 iis
2339 5010 2460 5064 qua:
2491 4993 2672 5048 minus
2701 4991 2941 5062 perfecta
2985 5001 3132 5057 sunt,
3156 4992 3222 5046 ad
3251 4993 3426 5062 perfe-

1851 5086 2024 5139 ctiora
2052 5104 2065 5139 :
2096 5084 2240 5138 velut
2262 5100 2292 5137 a
2327 5083 2512 5153 ﬁguris
2537 5083 2604 5136 ad
2632 5083 2921 5154 imaginem
2951 5091 3004 5138 et
3031 5083 3099 5138 ab
3122 5083 3222 5137 hac
3247 5081 3314 5136 ad
3334 5099 3426 5137 ve-

1850 5177 2086 5231 ritatem.
2117 5175 2319 5230 Umbra
2348 5176 2494 5229 enim
2525 5182 2653 5229 sunt
2679 5189 2744 5229 ea
2774 5191 2895 5245 qua-
2925 5181 3054 5230 sunt
3082 5172 3290 5229 Vneris
3319 5171 3424 5226 Te-

1849 5269 2138 5335 stamenti;
2167 5267 2364 5338 imago,
2397 5282 2461 5322 ea
2484 5281 2606 5337 quin
2632 5265 2803 5335 Novi;
2835 5268 3070 5331 veritas,
3114 5273 3289 5322 status
3331 5279 3422 5319 re-

1848 5376 1968 5415 rum
2011 5360 2340 5414 futurarum.

1920 5453 2052 5506 Tum
2081 5468 2259 5507 sacra.
2290 5448 2447 5524 Κᾷτα
2486 5461 2712 5508 accentu
2748 5453 2802 5506 in
2830 5450 3129 5522 pcnultima
3163 5467 3179 5504 :
3211 5448 3421 5522 signiﬁ-

1847 5552 1935 5597 cat
1955 5560 2083 5599 vero
2122 5545 2235 5598 haec
2264 5543 2453 5606 dictio,
2487 5549 2648 5603 etiam
2675 5559 2816 5606 tunc.

1038 5749 1267 5804 VARUE
1324 5747 1707 5805 LECTIONES
1741 5748 1826 5803 ET
1865 5749 2354 5807 CORRECTIONE
2369 5748 2426 5806 S.

201 5864 244 5896 ιι
280 5859 500 5930 ἑαυτῷ,

119 5992 124 5996 -
199 5953 450 6019 'Quoao
480 5953 866 6023 significatum,
893 5955 1035 6011 idem
1054 5957 1194 6012 valet
1214 5954 1358 6026 quod
1383 5955 1475 6009 καὶ
1494 5955 1613 6009 τότε
1632 5998 1645 6023 ,
1672 5955 1851 6026 quoad
1874 5971 2001 6011 vero
2039 5957 2289 6028 ﬁguram,
2310 5955 2532 6026 ponitur
2553 5970 2651 6026 pro
2680 5955 2772 6009 καὶ
2789 5951 2928 6020 εἶτα,
2962 5966 3008 6009 et
3029 5966 3171 6012 tunc.
3213 5954 3416 6012 Dama.

319 6047 602 6106 ΡΑτιιοι..
637 6047 754 6108 Gn.
793 6049 900 6109 ιν.

3175 6048 3215 6111 ὃ
