3872 6562
528 400 631 456 159
1271 401 1616 462 APPENDIX
1649 399 1740 455 AD
1773 399 2005 456 OPERA
2042 401 2095 457 S.

2210 396 2437 456 ONYSII
2489 399 2977 458 AREOPAGITIE.
3690 411 3792 466 N0

593 519 622 591 ᾗ
653 517 740 574 Ill.
782 517 1227 578 Simulacrorum.
1267 521 1436 592 Signa
1467 522 1689 594 quidem
1729 521 1884 581 dicit.
1915 536 2095 577 eorum

2282 519 2311 591 §
2341 521 2432 572 Ill.
2481 519 2604 573 Τῶν
2636 518 3005 589 ἀγαλμάτων.
3051 517 3366 592 Ἀγάλματα
3395 521 3496 593 μέν
3534 539 3668 595 φησι
3697 525 3794 590 τὰς

518 627 644 682 qua:
663 627 773 666 non
797 611 1051 668 videntur
1087 620 1141 668 et
1161 613 1516 685 mysticorum
1538 614 1827 685 imagines,
1853 613 1909 668 id
1941 621 2026 670 est
2045 630 2095 670 et

2213 612 2431 676 εἰκόνας
2449 611 2558 666 τῶν
2587 611 2838 682 ἀοράτων
2866 612 2961 666 καὶ
2988 612 3287 684 μυστικῶν,
3315 613 3482 686 ἡγουν
3500 614 3571 668 τά
3598 617 3794 687 συμόο-

519 720 643 776 quae
671 721 768 776 per
795 705 951 776 signa
973 705 1361 776 perﬁciuntur.
1397 706 1646 762 Primum
1669 715 1853 763 autem
1885 707 2095 775 borum,

2213 705 2743 777 λικῶςοτελούμεναο
2778 705 2996 778 πρῶτον
3038 706 3096 760 δὲ
3141 705 3346 760 τούτων
3366 707 3432 761 τὸ
3457 707 3570 777 τῆς
3605 711 3792 765 συνά-

517 800 741 870 synaxis
766 809 1182 865 sacramentum,
1213 802 1432 856 vocavit
1459 820 1472 856 :
1506 816 1536 855 a
1560 817 1670 872 quo
1695 801 1746 856 id
1771 801 1918 872 quod
1948 801 2095 859 intel-

2212 800 2361 868 ξεως
2375 799 2708 868 μυστήριον
2723 800 3061 854 ἀπεκάλεσεν
3081 816 3094 830 ·
3107 792 3319 863 οὗτινος
3332 800 3392 853 τὸ
3402 800 3613 872 νοητὸν,
3631 802 3792 874 ἧγουν

520 889 793 962 lugendum
817 900 922 958 est,
952 894 1070 950 sive
1091 894 1143 949 id
1169 894 1316 964 quod
1357 896 1818 966 contemplatione
1855 895 2095 952 declara-

2210 895 2271 948 τὸ
2315 891 2456 947 κατὰ
2496 891 2730 965 θεωρίαν
2757 891 3108 965 δηλούμενον,
3145 892 3496 965 ἀπογυμνοῦν
3531 893 3792 965 ἐπαγγέλ-

518 993 629 1049 tur,
651 986 857 1040 nudum
880 987 1239 1057 promittitur.
1462 994 1464 996 ’

2210 987 2380 1042 λεται.

589 1076 700 1131 Illa
729 1079 890 1144 enim,
928 1096 1045 1150 qua:
1073 1080 1277 1135 cunctis
1310 1081 1600 1136 antecellit.
1632 1081 1774 1139 Ecce
1792 1099 1963 1140 unum
1997 1099 2095 1140 mo

2282 1079 2424 1134 ’Ἠτε
2443 1081 2555 1150 γὰρ
2583 1079 2736 1148 ὑπὲρ
2759 1078 2976 1134 πάντα.
3022 1079 3153 1134 Ἰδοὺ
3193 1074 3280 1143 εἷς
3309 1080 3510 1153 τρόπος
3538 1081 3638 1152 τῆς
3665 1080 3790 1136 θεω-

515 1169 645 1225 dum
679 1172 1162 1242 contemplationis
1193 1175 1480 1244 praesentis
1503 1175 1723 1246 capitis.

2211 1171 2337 1243 ρίας
2362 1171 2458 1225 τοῦ
2487 1172 2852 1244 προκειμένου
2883 1172 2926 1204 ¹²
2961 1171 3281 1242 κεφαλαίου.

535 1280 539 1285 ’
587 1261 713 1318 Νοη
741 1271 915 1320 extra.
953 1263 1093 1318 Nota
1147 1273 1353 1334 autem,
1380 1267 1634 1323 essentia;
1673 1275 1875 1323 statum
1909 1268 2095 1325 immo-

2282 1265 2404 1318 Οὺκ
2432 1263 2547 1328 ἔξω
2578 1262 2708 1332 τῆς.
2741 1263 3056 1334 Σημείωσαι
3093 1263 3193 1336 τὴν
3231 1267 3352 1318 κατ’
3379 1267 3569 1322 οὐσίαν
3609 1269 3789 1341 ἀκίνη-

514 1356 679 1413 bilem
715 1372 858 1421 esse,
900 1363 954 1412 et
1005 1355 1100 1412 Dei
1145 1357 1376 1430 ﬁguram
1405 1374 1528 1416 esse
1564 1360 1901 1431 episcopum.
1940 1360 2095 1427 Nota,

2210 1371 2296 1409 τον
2328 1354 2539 1420 στάσιν,
2571 1355 2667 1408 καὶ
2692 1355 2773 1409 ὅτι
2802 1355 2938 1408 Θεοῦ
2973 1355 3142 1423 τύπος
3163 1357 3527 1423 ὁὲπίσκοπος.
3558 1362 3787 1432 Σημείω-

513 1449 581 1503 ad
621 1455 736 1504 tres
772 1449 965 1504 modos
1024 1464 1089 1505 ea
1151 1465 1272 1520 quae
1319 1450 1386 1507 de
1435 1451 1793 1508 incendendis
1841 1453 2095 1510 odoribus

2210 1464 2320 1510 σαι,
2355 1446 2438 1500 ὅτι
2478 1445 2619 1500 κατά
2645 1448 2794 1518 τρεῖς
2821 1447 3061 1518 τρόπους
3109 1447 3372 1517 ἀνάγεται
3403 1449 3473 1504 τά
3517 1451 3648 1522 περὶ
3698 1451 3782 1505 τοῦ

513 1541 794 1605 dicuntur,
829 1541 1001 1612 redigi
1043 1550 1212 1613 atque
1257 1544 1536 1610 revocari;
1584 1544 1828 1614 pontifex
1858 1547 2003 1600 enim
2035 1551 2095 1600 al]

2210 1539 2435 1612 θυμιᾷν·
2461 1540 2570 1593 άπὸ
2606 1537 2700 1592 τοῦ
2741 1539 3128 1612 θυσιαστηρίου
3158 1542 3460 1613 ἀρχόμενον
3486 1542 3579 1595 τὸν
3611 1543 3783 1616 ἱεράρ-

514 1633 679 1688 altari
728 1634 942 1704 incipit,
969 1649 1130 1690 omne
1176 1636 1440 1706 templum
1489 1636 1681 1703 ambit,
1721 1644 1776 1693 et
1805 1638 2004 1694 iterum
2033 1640 2095 1694 ad

2210 1650 2327 1704 χην,
2359 1631 2454 1686 καὶ
2484 1631 2664 1686 πάντα
2693 1630 2784 1686 τὸν
2811 1631 2939 1686 ναὸν
2972 1631 3325 1704 περιελθόντα
3359 1634 3439 1698 είς
3469 1633 3604 1687 αὐτὸ
3634 1634 3782 1690 πάλιν

513 1725 690 1796 ipsum
713 1726 882 1783 altare
903 1727 1282 1784 constituitur.

2210 1721 2697 1776 ἀποκαθίστασθαι.

583 1818 864 1875 Similiter.
891 1818 1044 1876 Alius
1067 1821 1285 1876 modus.

2285 1813 2606 1879 Ὡσαύτως.
2639 1812 2851 1885 Τρόπος
2876 1812 3081 1887 ἕτερος.

583 1906 718 1962 Pari
767 1908 946 1974 modo,
1003 1909 1234 1965 divinus.
1282 1907 1503 1965 Tertius
1556 1910 1752 1967 modus
1804 1911 2095 1982 proposita:

2273 1907 2519 1974 Τρόπον,
2551 1908 2584 1959 ό
2613 1905 2789 1972 θεῖος.
2821 1906 3035 1979 Τρόπος
3062 1906 3244 1980 τρίτος
3279 1907 3380 1980 τῆς
3420 1910 3780 1981 προκειμένης

509 2000 1013 2072 contemplationis,
1046 2001 1325 2073 quomodo
1371 2011 1427 2056 et
1465 2002 1522 2057 in
1561 2002 1825 2074 episcopo
1884 2005 1956 2059 ab
1987 2021 2095 2059 uno

2210 1998 2456 2072 θεωρίας,
2487 1998 2607 2064 πῶς
2633 2000 2731 2055 καὶ
2760 2001 2854 2054 ἐπὶ
2883 1999 2979 2055 τοῦ
3007 2001 3306 2056 ἐπισκόπου
3343 2001 3453 2056 ἀπὺ
3486 2004 3530 2034 ¹³
3557 2003 3656 2057 τοῦ
3675 2005 3778 2066 ἑνὸς

510 2092 932 2162 multiplicatur,
983 2092 1047 2147 ab
1092 2092 1436 2163 inferioribus
1481 2111 1600 2148 vero
1635 2094 1861 2150 detineri
1890 2096 2096 2167 nequit;

508 2183 615 2238 hoc
637 2191 742 2252 est,
769 2199 881 2239 non
906 2187 1324 2240 communicans
1351 2185 1740 2244 deterioribus.

579 2274 607 2347 §
636 2274 724 2330 IV.
769 2275 941 2330 Porro
971 2277 1323 2347 psalmorum.
1349 2277 1491 2345 Quid
1514 2279 1730 2349 psalmi.
1762 2278 1901 2336 Nota
1929 2280 2093 2337 etiam

509 2366 614 2422 hoc
670 2369 898 2424 verbum
961 2371 1406 2444 συνουσιωμένη,
1473 2373 1933 2428 consubstantiata
1997 2390 2093 2431 seu

504 2463 818 2518 necessaria
851 2481 865 2516 :
895 2462 991 2519 sed
1041 2463 1103 2516 τὸ
1136 2464 1339 2534 σχεδόν,
1372 2463 1504 2532 fere,
1557 2465 1847 2536 adjunxit;
1913 2482 2093 2538 neque

503 2553 650 2607 enim
677 2553 794 2609 haec
815 2554 960 2610 inter
981 2569 1040 2610 se
1065 2571 1204 2610 nexa
1223 2567 1277 2612 et
1293 2555 1486 2626 juncta
1504 2565 1633 2612 sunt
1655 2573 1752 2628 per
1766 2560 2089 2628 essentiam;

503 2643 603 2698 sed
648 2643 753 2698 hoc
814 2644 956 2715 ipso,
1016 2647 1164 2716 quod
1193 2648 1378 2701 omnia
1420 2649 1488 2702 ad
1535 2665 1707 2703 unum
1752 2649 1915 2706 linem
1967 2666 2094 2722 per-

499 2734 699 2801 tinent,
738 2734 793 2790 id
833 2743 918 2792 est
951 2735 1023 2791 ad
1068 2737 1353 2793 hominum
1383 2740 1638 2806 salutem,
1667 2739 1806 2795 dixit
1833 2741 1938 2796 hoc
1967 2757 2092 2797 ver-

497 2827 631 2881 bum
662 2829 1070 2901 συνουσιωμένη
1105 2846 1119 2882 :
1162 2831 1393 2902 ideoque
1420 2832 1608 2888 statim
1642 2832 1752 2902 fere
1781 2833 2088 2905 subjunxit,

501 2918 784 2989 corrigens
836 2921 1130 2976 verborum
1176 2923 1594 2994 repugnantiam
1641 2942 1654 2979 :
1698 2925 1860 2995 paulo
1905 2932 2087 2981 autem

501 3009 642 3064 infra
666 3010 778 3077 ait,
806 3027 971 3066 unam
1002 3013 1415 3083 inspirationem
1435 3055 1450 3080 ,
1484 3015 1539 3070 id
1561 3022 1646 3072 est
1675 3031 1840 3071 unam
1865 3017 2087 3088 conspi-

499 3100 790 3168 rationem,
842 3103 989 3174 quod
1041 3103 1285 3160 declarat
1339 3122 1512 3161 unum
1573 3105 1737 3162 linem
1797 3122 1923 3164 esse
1967 3123 2088 3165 om-

500 3209 690 3248 mum.

2199 2089 2552 2162 πληθύνεται,
2598 2091 2725 2158 τοῖς
2770 2090 2841 2145 δὲ
2897 2092 3150 2160 ἥττοσιν
3189 2092 3604 2164 ἀκατάσχετός
3635 2095 3774 2159 ἐστι,

2196 2181 2442 2256 τουτέστι
2472 2182 2547 2254 μὴ
2566 2182 2855 2237 ὲπικοινῶν
2885 2182 2928 2214 ³⁸
2957 2186 3070 2248 τοῖς
3089 2184 3347 2256 χείροσιν.

2266 2255 2411 2345 ξίν.
2454 2273 2524 2328 Ἦ
2554 2273 2623 2327 δὲ
2652 2274 2772 2328 τῶν
2792 2272 3070 2344 ψαλμῶν.
3103 2255 3243 2328 Τιίοι
3272 2274 3496 2346 ψαλμοί.
3536 2277 3652 2330 Καὶ
3684 2292 3770 2346 ση-

2199 2366 2430 2437 μείωσαι
2444 2366 2507 2420 τὸ
2523 2367 3009 2437 συνουσιωμένη·
3025 2367 3162 2422 άλλά
3185 2369 3248 2421 τὸ
3269 2369 3312 2400 ⁸⁵
3343 2367 3570 2438 σχεδὸν
3587 2370 3772 2442 προσέ-

2195 2458 2360 2530 θηκεν
2383 2477 2396 2491 ο
2433 2460 2494 2513 οὐ
2523 2459 2633 2532 γὰρ
2672 2460 2921 2532 ἀλλήλοις
2960 2462 3167 2532 ἥνωται
3205 2462 3378 2518 ταῦτα
3415 2465 3534 2518 κατ’
3573 2464 3768 2524 οὐσίαν,

2193 2551 2329 2607 ἀλλά
2361 2552 2440 2625 τῷ
2468 2553 2606 2625 πρὸς
2637 2553 2733 2607 ἕνα
2767 2555 2969 2608 σκοπὸν
2997 2552 3069 2607 τὰ
3096 2554 3274 2608 πάντα
3303 2556 3599 2623 συντελεῖν,
3630 2573 3771 2610 τουτ-

2194 2643 2342 2697 έστιν
2358 2645 2438 2708 εἰς
2463 2643 2562 2716 τὴν
2590 2643 2696 2698 τῶν
2713 2644 3016 2717 ἀνθρώπων
3041 2647 3335 2719 σωτηρίαν,
3359 2647 3463 2719 ἔφη
3479 2646 3542 2701 τὸ
3559 2665 3769 2702 συνου-

2191 2735 2486 2805 σιωμένη·
2523 2735 2646 2790 ὅθεν
2688 2737 2852 2802 εὐθὺς
2882 2739 3137 2811 ἀπήγαγε
3167 2741 3228 2793 τὸ
3249 2740 3496 2808 σχεδὸν,
3537 2741 3766 2805 κολάζων

2189 2830 2289 2902 τὴν
2326 2829 2435 2883 ἀπὸ
2479 2830 2580 2902 τῆς
2597 2829 2796 2895 λέξεως
2820 2832 3157 2888 ἐναντίωσιν.
3207 2835 3520 2906 Κατωτέρω
3564 2835 3624 2890 δὲ
3653 2837 3765 2906 μίαν

2190 2917 2487 2990 ἔμπνευσίν
2538 2937 2692 2991 φησι,
2744 2921 2990 2975 τουτέστι
3039 2923 3168 2994 μίαν
3213 2923 3539 2997 σύμπνοιαν,
3569 2924 3601 2978 ὃ
3635 2925 3766 2998 δηλοί

2189 3010 2271 3078 τὸ,
2293 3007 2389 3065 ἕνα
2409 3010 2626 3066 πάντων
2655 3006 2794 3067 εἶναι
2825 3013 3047 3070 σκοπόν.

572 3281 760 3338 Omnis
813 3301 1038 3356 namque
1088 3303 1278 3344 sacraz.
1345 3286 1604 3345 Omnium
1661 3289 1929 3346 librorum
1984 3290 2086 3350 Ve-

2258 3275 2435 3333 Πᾶσα
2475 3278 2594 3349 μὲν
2631 3280 2744 3350 γὰρ
2795 3278 2940 3350 ἱερά.
2970 3281 3098 3337 Τῶν
3131 3283 3233 3354 τῆς
3278 3283 3523 3350 Παλαιᾶς
3551 3285 3757 3358 βιϐλίων

499 3374 631 3430 teris
663 3372 1000 3431 Testamenti
1029 3377 1211 3435 brevis
1241 3387 1296 3435 et
1329 3395 1426 3450 per
1453 3387 1807 3437 transennam
1842 3398 2088 3440 comme-

498 3467 757 3522 moratio.

571 3555 850 3625 Tristium,
884 3559 978 3616 Gr.
1021 3561 1130 3616 τῶν
1167 3562 1463 3620 ἀνιώντων.
1514 3563 1819 3622 Tristitiam
1849 3575 1904 3624 et
1931 3566 2083 3624 dolo-

497 3663 612 3703 rem
645 3650 1010 3716 aﬂ‘erentium,
1049 3661 1110 3708 ut
1133 3654 1189 3709 in
1215 3653 1340 3710 Job.

563 3744 821 3799 Amorum
841 3747 1072 3802 cantica.
1115 3746 1190 3804 De
1212 3763 1400 3806 artiore
1425 3750 1807 3810 Canticorum.

560 3921 667 3978 Aut
695 3923 895 3980 viriles.
938 3924 1078 3982 Hinc
1107 3927 1362 3985 similiter
1395 3929 1531 3985 Novi
1559 3929 1897 3990 Testamenti
1927 3950 2079 3992 sum-

487 4029 632 4069 mam
657 4017 890 4074 inducit.

558 4107 778 4164 Dilecti.
823 4110 1098 4178 Arbitror,
1149 4112 1303 4168 illum
1345 4113 1575 4175 Joannis
1632 4119 1872 4193 theologi
1928 4123 2076 4192 Apo-

487 4199 753 4270 calypsim
790 4201 975 4257 dicere
1001 4242 1016 4267 ,
1050 4211 1146 4258 aut
1167 4205 1286 4275 ejus
1319 4207 1703 4280 Evangelium;
1733 4214 1881 4284 quod
1907 4214 2073 4270 etiam

489 4305 695 4347 VCI'IUS.

557 4379 697 4451 §V.

489 4475 674 4530 traxit.

561 4567 674 4639 66
721 4569 1033 4650 Divinarum
1089 4584 1286 4632 autem.
1323 4576 1535 4649 Scopus
1587 4581 1922 4650 psalmorum
1963 4591 2068 4648 est,

490 4658 687 4727 inquit,
729 4658 898 4716 Deum
940 4649 1185 4729 laudare,
1232 4681 1297 4720 ac
1327 4682 1488 4723 veros
1518 4668 1639 4738 ejus
1671 4670 1928 4741 famulos,
1973 4674 2068 4744 qui

491 4751 682 4820 psalmi
712 4751 1098 4824 hancjubendi
1125 4764 1178 4811 et
1210 4758 1526 4836 continendi
1549 4761 1750 4817 habent
1767 4765 2064 4836 vimzqum,

488 4843 686 4913 inquit,
718 4847 1031 4902 necessario
1055 4849 1110 4903 in
1139 4831 1398 4908 omnibus
1430 4851 1519 4917 iis,
1542 4869 1664 4923 qua:
1688 4856 2066 4912 ecclesiastico

487 4952 639 4993 more
668 4939 1048 5008 perﬁciuntur,
1093 4945 1382 5015 accipitur,
1425 4947 1674 5002 stabilem
1715 4964 1906 5004 eorum
1944 4967 2066 5022 quae

487 5039 764 5087 canuntur
785 5037 1127 5103 memoriam,
1153 5037 1208 5092 in
1240 5038 1308 5095 iis
1338 5041 1431 5110 qui
1459 5049 1666 5095 canunt
1693 5040 1956 5100 eﬂiciens.

837 4384 1163 4464 conjunxit,
1291 4388 1390 4447 Gr.
1467 4393 1853 4466 συνερῤίζωσε.
1928 4395 2076 4453 Con-

556 5205 780 5263 Divinas
839 5211 1202 5279 operationes,
1253 5212 1349 5272 Gr.
1405 5213 1711 5286 θεουργίας.
1789 5214 2065 5287 Magnitu-

485 5298 659 5358 dines.

555 5391 968 5466 Divinorumque
1015 5398 1330 5452 carminum.
1380 5395 1520 5452 Nota
1588 5407 1785 5456 cantus
1823 5401 2065 5470 psalmo-

2189 3369 2308 3421 κατ’
2341 3369 2643 3444 ἐπιδρομὴν
2669 3371 2982 3445 ὲπίμνησις.

2263 3537 2386 3593 Τῶν
2413 3538 2736 3604 ἀνιών-των.
2769 3543 3122 3617 Λυπούντων,
3154 3545 3232 3612 ὡς
3257 3547 3350 3602 ἐπὶ
3379 3546 3474 3603 τοῦ
3519 3549 3661 3604 Ἰώσ.

2255 3743 2523 3811 Ἐρώτων
2569 3745 2828 3818 ᾄσματα.
2878 3749 2954 3803 Πε
2963 3749 3017 3823 ρ),
3055 3749 3149 3804 τοῦ
3193 3749 3398 3824 ἔρωτος
3439 3751 3550 3808 τῶν
3593 3753 3752 3826 ᾀσμά-

2183 3851 2292 3889 των
2320 3837 2382 3888 ¹⁶.
3371 3889 3374 3892 .

2254 3929 2332 3981 Ἦ
2367 3928 2476 3996 τὰς
2514 3930 2820 4000 ἀνδρικάς.
2863 3932 3142 3990 Ἐντεῦθεν
3189 3935 3395 4009 ὁμοίως
3435 3937 3509 3992 τὰ
3545 3937 3688 4003 Νέας
3715 3937 3749 3969 ¹¹

2181 4019 2412 4088 εἰσάγει.

2265 4111 2589 4181 Ἀγαπητοῦ
2645 4115 2765 4171 καί.
2827 4116 3054 4190 Νομίζω
3107 4119 3186 4186 ὡς
3235 4121 3338 4195 τὴν
3395 4120 3747 4193 Ἀποκάλυψιν

2176 4200 2271 4255 τοῦ
2302 4203 2445 4257 θείου
2474 4205 2724 4260 Ἰωάννου
2753 4207 2922 4280 δηλοῖ,
2955 4211 2989 4284 ἢ
3019 4211 3080 4266 τὺ
3119 4213 3454 4284 Εὐαγγέλιω
3501 4215 3686 4283 αὐτοῦ,
3724 4213 3746 4266 ὁ

2177 4294 2272 4347 καὶ
2303 4296 2520 4366 μᾶλλον.

2247 4381 2274 4452 §
2302 4381 2366 4436 V.
2397 4387 2819 4456 Συνερῤίζωσε.
2850 4391 3226 4448 Συνείλκυσεν.

2259 4583 2330 4636 Ἠ
2357 4583 2438 4652 ,δὲ
2489 4585 2607 4639 τῶν
2645 4588 2838 4643 θείων.
2892 4588 2952 4644 Ὀ
2989 4591 3190 4655 σκοπὸς
3215 4592 3326 4647 τῶν
3357 4593 3591 4666 ψαλμῶν
3621 4595 3741 4658 ἐστι,

2177 4675 2332 4745 φησι,
2375 4675 2438 4728 τὸ
2477 4677 2716 4749 ὑμνῆσαι
2753 4680 2884 4734 Θεόν
2910 4699 2971 4735 τε
3012 4685 3105 4737 καὶ
3146 4687 3272 4750 τοὺς
3307 4687 3475 4741 αὐτοῦ
3503 4689 3742 4762 γνησίους

2175 4766 2532 4839 θεράποντας,
2573 4771 3013 4848 ὑπαγορευτικὴν
3054 4778 3160 4831 τῶν
3188 4778 3446 4834 τοιούτων
3478 4783 3578 4834 καὶ
3606 4797 3741 4852 περι-

2173 4859 2395 4931 εκτικὴν
2427 4861 2659 4932 ὲχόντων
2678 4863 2905 4938 δύναμιν
2923 4885 2938 4898 ·
2968 4870 3110 4940 ἥτις,
3141 4871 3326 4943 φησὶν,
3356 4872 3666 4941 ἀναγκαίως
3694 4874 3741 4923 ἐν

2173 4951 2307 5002 πᾶσι
2329 4953 2440 5015 τοῖς
2462 4953 2752 5024 ίερατικῶς
2768 4959 3110 5029 τελουμένοις
3130 4961 3640 5034 παραλαμϐάνεται,
3660 4964 3740 5033 ἐμ·
3787 5019 3789 5027 ,

2177 5058 2335 5112 μονον
2365 5044 2466 5116 τὴν
2494 5044 2602 5099 τῶν
2630 5046 2860 5119 ψαλμῶν
2891 5053 3111 5124 μνήμην
3145 5053 3450 5126 ἐμποιοῦσα
3477 5062 3593 5122 τοῖς
3617 5057 3731 5128 ψάλ-
3785 5087 3787 5113 ι

2172 5131 2344 5188 λουσι.
3783 5167 3785 5199 ι

2245 5227 2586 5298 Θεουργίας.
2608 5232 3072 5309 Μεγαλειὸτητας.

2237 5405 2350 5459 Kal
2389 5406 2468 5476 τῇ
2493 5407 2613 5463 τῶν
2642 5411 2818 5468 θείων
2847 5414 3034 5482 ᾠδῶν.
3078 5417 3414 5493 Σημείωσαι,
3455 5424 3536 5479 ὅτι
3564 5425 3624 5480 τὸ
3647 5420 3733 5492 τῆς

1493 5625 1726 5682 VARUE
1766 5626 2152 5686 LECTIONES
2184 5631 2273 5686 ET
2308 5631 2861 5696 CORRECTIONES.

548 5817 590 5849 "
610 5822 1048 5903 προειρημένου.-
1094 5826 1144 5903 ξ’
1175 5826 1290 5903 πῶς
1322 5828 1416 5882 καὶ
1441 5829 1469 5903 ό
1497 5831 1798 5903 ἐπίσκοπος
1823 5834 1951 5891 ἀπό.
2028 5835 2073 5868 ⁸⁵
2099 5836 2193 5890 ἐπὶ
2226 5838 2527 5896 κοινωνῶν.
2597 5842 2644 5874 ⁸⁸
2673 5843 2767 5898 καί
2796 5845 2901 5903 ὅτι.

1009 5898 1048 5930 ⁸⁷
1083 5895 1381 5968 chendum
1407 5899 1476 5954 τὰ
1497 5902 1596 5972 τῆς
1609 5895 1790 5970 Νέας,⁷
1805 5905 2004 5962 scilicet
2033 5906 2332 5980 Διαθήκης.
2484 5895 2487 5896 ν
2516 5895 2521 5896 ί
2553 5904 2564 5916 ’

480 5883 696 5953 (ἔστιιίτῖ
723 5883 916 5950 εὰηἰῖε.

2971 5848 3014 5880 ³⁸
3041 5846 3288 5921 ᾅσματος
3310 5850 3420 5908 τῶν
3452 5848 3722 5925 ᾀσμάτων.
