3872 6548
168 388 275 442 141

906 389 964 448 3.
998 390 1250 450 MAXIMI
1283 393 1576 454 SCHOLIA
1615 396 1686 454 IN
1735 397 1864 455 LIB.
1901 398 1989 454 DE
2027 399 2310 462 ECCLES.
2351 403 2726 466 HIERARCH.

3338 423 3442 478 142

165 504 491 577 ψαλμῳδίας
528 506 818 580 σύμφωνον
862 508 1250 586 ὁμοφροσύνης
1286 515 1387 585 τῆς
1434 515 1572 589 πρὸς
1621 515 1742 569 Θεὸν.

1871 529 1979 568 rum
2024 527 2374 585 concentum,
2425 525 2733 581 concordia:
2771 539 2898 582 cum
2940 526 3052 586 Deo
3109 547 3175 590 ac
3227 548 3440 603 secum,

165 601 267 654 καὶ
293 601 524 664 ἑαυτοὺς
553 601 790 673 ὑπάρχει
807 604 1149 662 διδασκαλία.

239 696 722 765 Συντετμημένα.
784 699 905 754 Ὅτι
962 701 1031 756 τὰ
1100 719 1366 777 συντετμη
1376 704 1512 776 μένα
1532 745 1548 769 ,
1597 723 1756 760 τουτ-

165 786 288 840 έστι
313 787 385 842 τά
417 786 622 863 ἀσαφῆ,
655 793 744 846 διὰ
761 793 869 847 τῶν
896 796 1324 868 ἐπιτελουμένων
1345 817 1408 852 συ
1417 800 1628 871 μὸόλων
1655 819 1752 855 σα-

167 881 486 952 φηνίζεταιο
524 884 683 938 τοῦτο
727 884 837 958 γὰρ
868 886 1020 958 δηλοῖ
1054 889 1116 942 τδ
1142 891 1472 959 εὐρύνεται.
1509 894 1754 966 Σημείω-

166 989 261 1026 σαι
300 974 381 1037 δὲ,
405 975 485 1029 ὅτι
513 976 580 1030 τὰ
616 981 1089 1051 συνεσκιασμένως
1117 982 1174 1035 ἐν
1203 986 1316 1048 τοῖς
1341 984 1574 1056 ψαλμοῖς
1603 986 1755 1056 λεγό-

165 1084 334 1136 μενα,
356 1066 445 1120 διὰ
465 1069 564 1140 τῆς
577 1069 687 1124 τῶν
705 1071 940 1142 Γραφῶν
961 1073 1339 1144 ἀναγνώσεως,
1365 1078 1754 1149 σαφηνίζεσθαι

161 1159 319 1228 λέγει
357 1161 386 1213 6
414 1162 627 1233 Πατήρ.

252 1255 358 1306 Ἐν
384 1254 644 1321 ταύταις.
697 1257 784 1310 Ἐν
815 1259 1040 1322 ταύταις
1068 1258 1196 1332 γὰρ,
1231 1264 1351 1324 ταῖς
1389 1263 1631 1335 Γραφαῖς
1657 1266 1746 1339 δη-

159 1348 365 1416 λονότι,
400 1351 430 1402 6
475 1351 720 1421 ἀκριϐῶς
761 1354 984 1424 ἐνορῶν,
1034 1355 1312 1424 γινώσκει,
1357 1359 1440 1412 ὅτι
1481 1359 1538 1413 ἓν
1572 1363 1754 1417 καὶτὸ

160 1442 301 1495 αὐτὸ
321 1441 550 1513 Πνεῦμα
580 1442 761 1508 πάσας
791 1444 1042 1515 ὲλάλησε.

239 1535 642 1602 Κηρύσσεται.
695 1536 784 1601 Ὠς
813 1538 1182 1610 σαφηνίζουσα
1208 1540 1274 1594 δι’
1293 1543 1500 1615 ἑαυτῆς
1515 1545 1610 1618 τὴν
1640 1547 1753 1602 Πα-

158 1624 349 1678 λαιάν.

249 1719 322 1772 Ἦ
347 1718 466 1788 μὲν
495 1722 610 1791 ἔφη
650 1723 776 1790 τάς.
837 1724 986 1796 Ὠςή
1023 1725 1140 1798 μὲν,
1173 1727 1207 1799 ἠ
1238 1726 1456 1784 Παλαιὰ
1483 1732 1748 1808 Διαθήκη,

158 1807 269 1880 ἔφη
291 1827 306 1840 ·
329 1811 363 1880 ἠ
391 1809 448 1864 δὲ
489 1811 604 1865 Νέα
659 1813 892 1868 ἐτέλεσε.

241 1981 358 2050 Τῆς
379 1987 706 2056 θεολογίας.
740 1990 1075 2062 Σημείωσαι,
1097 1993 1177 2047 ὅτι
1203 1993 1303 2067 τὴν
1332 1995 1574 2050 Παλαιὰν
1603 1997 1748 2070 Γρα-

159 2072 273 2144 φὴν
307 2074 584 2145 θεολογίαν
612 2078 798 2134 καλεῖ·
821 2082 923 2154 τὴν
949 2082 1006 2136 δὲ
1025 2084 1232 2158 Καινὴν
1252 2085 1558 2160 θεουργίαν.

234 2257 381 2330 δνι.
429 2260 703 2314 Καθόλου
727 2261 864 2314 τῶν.
899 2263 963 2315 Oi
1004 2263 1230 2317 καθόλου
1272 2264 1608 2340 ἀκατήχητοι
1651 2269 1747 2322 καὶ

154 2353 387 2424 ἀνήκοοι
415 2351 621 2406 τούτων
644 2356 825 2424 μεῖναι
853 2353 1100 2426 ἑλόμενοι
1129 2357 1416 2422 ἑκουσίως,

237 2530 357 2601 Τῆς
383 2532 780 2601 θεοτενεσίας.
811 2532 1072 2587 Τουτέστι
1106 2532 1202 2588 τοῦ
1241 2533 1399 2601 ἁγίου
1433 2532 1743 2605 βαπτίσμα-

149 2641 272 2687 τος.
641 2675 644 2680 .

236 2718 384 2782 Τοὺς
412 2715 480 2770 δὲ
519 2715 1024 2787 κατηχουμένους.
1070 2717 1207 2790 Περὶ
1246 2717 1355 2771 τῶν
1401 2720 1739 2792 κατηχουμέ-

152 2828 288 2875 νων,
310 2809 406 2863 καὶ
438 2811 868 2882 ἐνεργουμένων,
919 2811 1015 2864 καὶ
1045 2811 1105 2864 ὲν
1146 2811 1407 2884 μετανοίᾳ
1434 2811 1622 2881 ὄντων,
1648 2812 1744 2867 καὶ

150 2902 325 2956 τίνων
359 2902 696 2974 μετέχουσιν.

242 2994 304 3051 Ἡ
325 2995 446 3066 μὲν
470 2995 584 3050 οὖν
609 2996 858 3069 ἐσχάτη.
887 2999 1009 3053 Ὀτι
1044 2998 1095 3052 οἱ
1128 2996 1547 3071 κατηχούμενοι,
1578 2998 1743 3070 ἐσχα-

152 3086 238 3140 τοί
258 3090 420 3143 εἰσιν.
673 3108 676 3111 ·

244 3181 598 3250 Ἀμέθεκτοι.
648 3182 950 3254 Ἀμέτοχοι.

224 3275 638 3346 Μαιευόμενοι.
688 3276 1160 3349 Ἀναγεννώμενοι.

239 3367 688 3438 Ἀμὸλωθρίδια.
724 3371 1084 3442 Νεκροτόκια.

239 3462 504 3530 Ἀνίερος
554 3462 673 3531 μὲν
723 3463 822 3516 καὶ
869 3462 1044 3531 αὐτή.
1087 3464 1449 3532 Ἀτελείωτος.
1493 3467 1741 3539 Σημείω-

156 3571 267 3618 σαι,
295 3554 379 3607 ὅτι
400 3557 515 3617 τοῖς
542 3555 956 3626 ένεργουμένοις
989 3557 1316 3611 κατατάττει
1347 3559 1444 3613 καὶ
1474 3562 1600 3626 τοὺς
1627 3563 1741 3626 τοῖς

156 3651 494 3719 σωματικοῖς
537 3646 875 3718 θελκτηρίοις
931 3649 1318 3722 ἀμετανοήτως
1359 3653 1736 3724 ἐπιμένοντας,

152 3738 263 3796 οἷον
298 3744 428 3806 τοὺς
458 3743 708 3814 πόρνους,
749 3742 875 3806 τοὺς
917 3742 1330 3815 φιλοθεάμονας,
1387 3746 1482 3799 καὶ
1516 3749 1643 3811 τοὺς
1669 3746 1739 3801 τά

154 3835 515 3908 παραπλήσια
547 3837 849 3907 μετιόντας,
872 3835 966 3900 οὒς
995 3835 1335 3908 ἐξονομάζων
1363 3840 1390 3891 6
1411 3838 1552 3904 θεῖος
1581 3841 1738 3893 Ἀπό-

157 3931 341 3995 στολος
370 3931 642 4002 ἐπιφέρει,
670 3931 748 4001 τῷ
773 3933 1000 4003 τοιούτῳ
1034 3933 1168 4005 μηδὲ
1199 3933 1518 3987 συνεσθίειν.
1552 3935 1737 3988 Ταῦτα

155 4021 247 4074 καὶ
292 4023 355 4074 ὲν
393 4024 508 4085 τοῖς
549 4022 677 4092 ἑξῆς
719 4023 917 4094 μᾶλλον
958 4028 1162 4096 τρανοῖ.
1225 4026 1419 4078 Ἱστέον
1461 4027 1539 4091 δὲ,
1567 4020 1664 4079 ’ὅτι
1699 4030 1732 4099 ἡ

152 4113 411 4184 ἀκρίϐεια
429 4113 570 4184 αὕτη
596 4113 690 4168 νῦν
723 4116 821 4187 τῆς
847 4115 955 4169 τῶν
981 4115 1235 4171 τοιούτων
1262 4117 1542 4188 διαστολῆς
1561 4135 1621 4171 τε
1641 4119 1736 4172 καὶ

151 4205 490 4270 διαστάσεως
516 4208 579 4260 ού
607 4207 832 4276 γίνεται.

235 4473 297 4526 '0
357 4471 625 4539 τοοιῢτός
676 4491 838 4529 ποτε.
895 4477 1227 4549 Σημείωσαι,
1263 4477 1343 4529 ὄτι
1389 4477 1417 4528 6
1445 4475 1563 4547 Θεῷ
1591 4479 1732 4549 ἡνω-

152 4562 312 4631 μένος
356 4564 460 4616 ούκ
503 4564 929 4639 ὲνεργηθήσεται
976 4568 1081 4621 ὑπὸ
1127 4567 1436 4640 ἀκαθάρτου
1489 4570 1733 4640 πνεύμα-

150 4667 247 4702 ’τοί⁵
278 4653 349 4702 ¹⁸.

165 4669 247 4714 τος
279 4669 349 4702 ιο.

165 4815 173 4820 τ
236 4743 679 4815 Ἐναγεστὰτην
715 4748 1035 4818 ἐνέργειαν.
1072 4751 1191 4804 Ὅτι
1223 4753 1364 4824 ὑπὲρ
1401 4754 1527 4816 τοὺς
1559 4770 1729 4806 κατα-

156 4836 451 4902 πίπτοντας
478 4838 804 4910 δαιμονῶσιν
833 4843 882 4894 oi
911 4843 1180 4911 ἀσελγεῖς.

227 5016 304 5069 Τὰ
323 5016 443 5085 μὲν
471 5016 676 5083 ὅντως.
721 5021 843 5072 Ὅτι
885 5020 953 5073 τὰ
1002 5020 1169 5084 ὅντως
1211 5021 1341 5076 ὄντα
1389 5023 1487 5087 τὰς
1528 5025 1729 5097 ἀρετὰς

149 5104 313 5171 Λέγει.

226 5196 347 5263 Τὴν
374 5199 711 5266 πρόσυλον.
749 5201 968 5273 Ἐπειδὴ
999 5203 1091 5257 καὶ
1111 5204 1143 5275 ἡ
1166 5204 1264 5276 ὓλη
1290 5205 1616 5272 πολυπαθῶς
1636 5208 1763 5284 (Ξιλ-⁶

132 5286 163 5337 λ
175 5287 407 5348 οιοῦται,

231 5381 337 5434 Ἔν
374 5383 499 5449 τοῖς
549 5385 908 5454 ἀλλοτρίοις.
955 5389 1288 5460 Σημείωσαι,
1335 5393 1415 5445 ὅτι
1475 5392 1728 5465 ἀλλότρια

1857 622 1982 662 esse
2014 608 2382 681 disciplinam.

1930 698 2012 754 Ea
2040 718 2158 772 qua:
2186 705 2399 760 concisa
2439 717 2581 764 sunt.
2612 710 2767 777 Quod
2796 727 2859 768 ea
2884 729 3006 786 quae
3036 709 3261 777 concisa
3290 731 3441 786 sunt,

1857 790 1962 845 hoc
1999 800 2082 848 est
2111 793 2355 852 obscura
2387 798 2563 869 signis
2601 817 2721 872 quae
2750 805 3131 874 perﬁciuntur,
3162 813 3437 884 explica".

1855 889 1966 940 tur.
2023 883 2138 940 lloc
2191 889 2339 944 enim
2389 889 2633 947 declarat
2675 896 2900 952 verbum
2941 900 3075 956 illud
3113 883 3437 962 dilaiantur.

1854 973 1996 1030 Nota
2054 993 2222 1047 vero,
2285 982 2432 1050 quod
2506 982 2668 1039 Pater
2721 986 2867 1046 dicat
2930 1006 3051 1061 quae
3114 995 3441 1053 adumbrate

1855 1066 1912 1121 in
1948 1069 2176 1138 psalmis
2213 1069 2491 1140 dicuntur,
2528 1073 2937 1148 Scripturarum
2977 1084 3210 1143 lectione
3249 1090 3439 1161 expla-

1856 1175 1998 1217 nari.
2960 1238 2962 1240 τ

1929 1253 1994 1308 1η
2044 1255 2148 1313 his.
2205 1257 2264 1313 ln
2308 1259 2395 1315 his
2425 1261 2591 1325 enim,
2639 1261 2940 1336 Scripturis
2984 1270 3215 1338 scilicet,
3257 1273 3306 1330 is
3342 1277 3435 1346 qui

1855 1347 2058 1403 acriter
2077 1350 2275 1419 aspicit
2305 1353 2557 1426 intelligit
2584 1371 2752 1411 unum
2781 1361 3142 1433 eumdcmque
3163 1361 3428 1435 Spiritum

1858 1451 2050 1494 omnes
2073 1441 2303 1498 dixisse.

1929 1532 2332 1606 Promulgatur.
2358 1535 2429 1593 Ut
2454 1555 2552 1610 per
2580 1557 2638 1598 se
2660 1539 2832 1599 Vetus
2849 1546 3171 1616 explanam.

1932 1712 2024 1768 Uti
2068 1715 2207 1769 illud
2249 1718 2376 1788 quid
2425 1717 2640 1778 dixerit.
2683 1723 2840 1789 Quod
2881 1726 2914 1797 ἡ
2965 1727 3085 1797 μέν,
3125 1729 3180 1784 id
3225 1738 3310 1787 est
3336 1730 3437 1790 Ve-

1854 1814 1944 1862 tus
1966 1804 2555 1877 Testamentum,dixit
2586 1834 2599 1869 :
2631 1817 2662 1886 ἡ
2689 1816 2766 1882 δέ,
2793 1816 2844 1872 id
2874 1826 2958 1872 est
2982 1818 3194 1876 Novum
3226 1832 3429 1891 autem.

1853 1898 2085 1968 perﬁcit.

1927 1990 2245 2062 Tlaeologiw.
2264 1991 2404 2048 Nota
2431 2011 2555 2052 eum
2576 1997 2826 2057 Vetei’ém
2851 2002 3192 2075 Scripturam
3223 2010 3434 2068 theolo-

1850 2080 2017 2150 giam,
2055 2081 2108 2136 id
2135 2091 2220 2138 est
2267 2083 2361 2141 Dei
2389 2103 2699 2147 sermonem
2723 2109 2958 2152 vocare:
2984 2096 3193 2155 Novam
3225 2113 3429 2170 autem,

1850 2173 2156 2248 θεουργίαν,
2177 2176 2232 2232 id
2253 2187 2340 2236 est
2361 2179 2456 2238 Dei
2483 2184 2878 2253 operationem.

1920 2266 1947 2338 §
1977 2266 2064 2325 Vl.
2112 2267 2334 2328 Penitus
2365 2271 2575 2330 horum.
2609 2276 2713 2342 Qui
2747 2279 2995 2347 omnino,
3039 2297 3103 2338 ac
3143 2284 3302 2354 plane
3331 2280 3431 2341 ho-

1847 2377 1969 2415 rum
2011 2364 2178 2419 rudes
2226 2380 2472 2434 manere,
2521 2383 2624 2423 nec
2661 2369 2851 2427 audire
2893 2383 3088 2444 sponte
3125 2378 3430 2434 constitue-

1848 2462 1996 2507 ruat.

1921 2543 2122 2601 Divinas
2145 2551 2520 2620 generationis.
2545 2552 2659 2609 Hoc
2681 2563 2765 2611 est
2781 2558 2964 2613 sancti
2983 2558 3264 2632 baptismi.

1919 2731 2092 2788 Porro
2111 2735 2532 2795 catechumenos.
2559 2739 2635 2796 De
2656 2742 3090 2808 catechumenis,
3113 2761 3429 2822 energume-

1848 2826 1956 2889 nis,
1976 2832 2031 2880 et
2060 2825 2129 2882 iis
2165 2828 2260 2898 qui
2284 2839 2414 2885 sunt
2437 2833 2495 2887 in
2521 2835 2846 2904 paenitentia
2874 2835 3088 2908 (dicit);
3117 2846 3172 2894 et
3192 2855 3424 2910 quorum

1845 2917 1955 2972 sint
1983 2919 2302 2992 participes.
3364 3000 3365 3003 η

1915 3011 1992 3066 Ac
2020 3024 2315 3082 postremus
2358 3018 2588 3088 quidem.
2631 3019 3072 3080 Catechumexros
3117 3034 3424 3094 postremos

1847 3118 1972 3160 esse
1996 3105 2198 3177 (dicit).

1916 3193 2193 3284 Exsortes,
2226 3196 2322 3257 Gr.
2358 3202 2671 3274 ἀμέθεκτοι.
2702 3206 2821 3264 Non
2856 3211 3175 3284 participes.

1765 3280 1812 3341 ϐ
1913 3282 2242 3356 Foveantur,
2299 3289 2394 3348 Gr.
2433 3297 2801 3372 μαιευόμενοι.
2831 3280 3052 3359 Renati.

1916 3379 2178 3445 Abortivi,
2208 3383 2303 3441 Gr.
2339 3385 2734 3462 ἁμδλωθρίδια.
2759 3392 2957 3450 Partus
2986 3396 3209 3453 mortui.

1912 3470 2185 3542 Profanus
2232 3476 2442 3547 quidem
2490 3489 2539 3534 et
2592 3480 2697 3549 hic,
2759 3482 2852 3540 Gr.
2905 3487 3119 3560 ἀνίερος
3177 3488 3277 3561 μὲν
3327 3490 3423 3544 λαὶ

1839 3563 2003 3637 αὐτή.
2035 3565 2156 3622 Non
2187 3567 2460 3627 initiatus.
2493 3571 2656 3640 Nota,
2685 3591 2813 3632 eum
2849 3578 2904 3632 in
2932 3595 3218 3635 numerum
3265 3599 3424 3639 ener-

1840 3672 2198 3726 gumenorum
2224 3662 2500 3719 ascribere
2519 3665 2681 3720 etiam
2705 3683 2802 3724 eos
2826 3670 2923 3740 qui
2953 3673 3201 3741 corporis
3235 3673 3414 3728 illece-

1839 3746 1956 3802 bris
2003 3747 2122 3804 sine
2163 3750 2334 3806 animi
2370 3755 2676 3813 mutatione
2720 3747 2775 3814 et
2805 3762 3124 3831 paenitentia
3161 3773 3419 3820 manent:

1838 3838 1987 3892 velut
2019 3849 2379 3910 scortatores,
2414 3848 2692 3906 studiosos
2722 3856 3181 3922 spectaculorum,
3227 3863 3281 3912 et
3324 3874 3420 3914 eos

1838 3930 1934 3999 qui
1968 3931 2168 3988 similia
2213 3942 2451 3992 tractant
2481 3955 2494 3991 :
2520 3957 2660 4010 quos
2693 3945 2983 3999 nominans
3018 3945 3240 4002 divinus
3273 3947 3420 4018 Apo-

1838 4021 2033 4086 stolus,
2075 4026 2320 4095 subjicit,
2346 4044 2470 4083 cum
2494 4031 2762 4100 ejusmodi
2790 4051 2890 4090 nec
2915 4035 3096 4090 cibum
3121 4053 3340 4094 sumere
3370 4035 3412 4097 1.

1837 4112 1962 4169 Haec
1994 4115 2157 4169 etiam
2191 4117 2246 4171 in
2286 4119 2372 4173 his
2411 4136 2534 4189 quae
2563 4133 2892 4192 sequuntur,
2927 4127 3102 4197 magis
3137 4130 3413 4200 explanat.

1839 4205 2132 4263 Sciendum
2175 4218 2259 4266 est
2297 4220 2504 4278 autem,
2540 4215 2666 4270 huic
2698 4216 2888 4271 talium
2917 4219 3026 4289 67
3078 4234 3260 4276 rerum
3305 4222 3415 4278 dif-

1841 4300 2087 4356 ferentiae
2140 4311 2194 4358 et
2236 4304 2540 4374 distantire,
2588 4307 2880 4380 diligentia
2929 4326 3078 4366 nunc
3135 4328 3247 4368 non
3295 4330 3416 4370 esse

1838 4392 2037 4449 locum.

1915 4484 2166 4555 Quisquis
2226 4487 2486 4557 ejusmodi
2533 4499 2632 4545 est.
2666 4490 2827 4558 Nota,
2858 4509 2983 4548 eum
3009 4494 3102 4564 qui
3130 4493 3240 4551 Deo
3279 4511 3412 4553 con-

1832 4572 2058 4641 junctus
2094 4584 2200 4637 cst,
2246 4590 2354 4631 non
2386 4586 2637 4634 vexatum
2677 4579 2744 4634 iri
2779 4581 2846 4635 ab
2869 4581 3150 4640 immundo
3191 4586 3408 4655 spiritu.

1911 4749 2391 4808 Detestabilissima
2430 4755 2745 4812 obsessione.
2774 4756 2914 4814 Nota
2950 4759 3095 4831 quod
3133 4761 3408 4819 libidinosi

1839 4857 2004 4910 supra
2045 4857 2141 4898 eos
2174 4843 2268 4913 qui
2316 4845 2371 4899 in
2416 4844 2615 4900 diaboli
2659 4848 3038 4906 obsessionem
3079 4851 3350 4906 incidunt.
3378 4867 3407 4904 a

1837 4932 2083 4990 daemone
2111 4944 2363 5006 agantur.

1910 5023 2043 5089 Qua:
2063 5038 2327 5082 veresunt.
2342 5027 2475 5084 Nota
2492 5028 2634 5098 quod
2650 5042 2715 5083 ea
2729 5044 2850 5102 qua:
2861 5047 2987 5089 vere
2999 5041 3150 5098 sunt,
3177 5032 3408 5088 virtutes

1834 5113 1986 5169 dicit.

1903 5205 2255 5262 Materialem.
2293 5207 2562 5275 Quoniam
2595 5212 2760 5268 etiam
2792 5216 3042 5281 materia,
3077 5215 3244 5270 multa
3266 5218 3407 5288 pati-

1831 5308 1942 5361 tur,
1969 5309 2024 5355 et
2062 5309 2448 5358 commutatur.

1905 5391 1970 5446 In
1990 5392 2201 5448 alienis.
2237 5392 2398 5458 Nota,
2433 5403 2659 5466 peccata
2683 5412 2806 5454 esse
2838 5398 3014 5454 aliena
3043 5412 3072 5452 a
3096 5397 3278 5470 nobis;
3308 5415 3404 5454 ne-

150 5473 308 5543 ἡμῶν
334 5475 450 5528 ἐστι
483 5476 552 5530 τὰ
580 5478 718 5550 πρὸς
751 5481 1056 5552 ἁμαρτίαν·
1091 5483 1152 5535 οὐ
1183 5483 1292 5555 γὰρ
1338 5484 1539 5556 φυσικὴ
1571 5485 1727 5556 ήμῶν

1871 5501 1935 5540 ue
1980 5485 2127 5540 enim
2168 5487 2420 5543 naturale
2455 5496 2540 5544 est
2571 5498 2874 5559 peccatum,
2919 5489 3015 5543 sed
3057 5490 3309 5561 aptitudo
3335 5491 3403 5544 ad

147 5566 301 5619 ἐστιν
327 5567 360 5637 ἡ
395 5566 660 5640 ἁμαρτία,
689 5569 804 5624 ἀλλ’
827 5573 860 5643 ή
883 5573 964 5635 εἰς
983 5575 1092 5626 πᾶν
1120 5573 1279 5646 ἔργον
1307 5575 1509 5645 ἀγαθὸν
1532 5577 1726 5649 ἐπιτη-

225 5699 246 5738 ι
277 5698 298 5752 l
326 5699 450 5758 Cor.
483 5704 657 5769 v.11.
734 5718 772 5746 ιη
799 5704 842 5761 ll
866 5706 993 5764 Cor.
1025 5724 1103 5775 Ix,
1139 5711 1209 5766 8.‘

1826 5595 1987 5635 omne
2010 5595 2148 5652 opus
2177 5581 2403 5650 bonum,
2435 5584 2736 5640 secundum
2761 5583 3082 5654 Apostolum
3105 5593 3168 5654 “,
3191 5593 3245 5641 et
3271 5585 3402 5641 illud

1037 5831 1271 5886 VARle
1314 5831 1697 5889 LECTIONES
1732 5832 1817 5887 ET
1853 5831 2404 5890 CORRECTIONES.

275 5912 313 5944 "
327 5914 408 5970 δαί
413 5935 590 5989 μονος.
