3860 6556
445 436 550 494 H5

1189 407 1532 487 AI’PENDIX
1564 428 1656 485 AD
1685 429 1913 487 OPERA
1947 429 2004 486 s.
2045 427 2344 487 DlONYSll
2375 427 2860 489 AREOPAGITIE.

3591 428 3682 483 ιιι

443 559 500 614 in
531 549 767 611 Psalmis
799 572 813 609 :
859 551 928 606 Et
958 547 1022 605 ab
1051 548 1240 603 alienis
1272 565 1430 617 parce
1469 565 1617 604 seruo
1663 559 1751 603 tuo
1792 559 1852 624 ’³.
1877 547 2010 603 Hinc

2141 550 2345 622 ἱειότης,
2398 547 2539 602 κατὰ
2572 549 2664 603 τὸν
2704 547 3043 612 ’Λπόστολον,
3088 545 3184 601 καὶ
3225 543 3289 599 τὸ
3331 546 3390 601 ἐν
3427 545 3677 619 Ψαλμοίςσ

439 651 603 706 etiam
652 645 914 715 intelligis
960 642 1014 696 id
1045 640 1191 712 quod
1224 656 1255 695 a
1283 639 1512 696 Domino
1539 641 1747 696 dictum
1779 647 1865 696 est
1902 660 1914 696 :
1957 639 2018 694 Si

437 760 559 797 vero
601 742 656 794 in
693 741 865 792 alieno
889 735 1069 806 ﬁdeles
1103 751 1208 788 non
1235 734 1431 789 inventi
1451 735 1601 800 estis,
1636 744 1862 789 vestrum
1900 733 2018 803 quis

435 833 580 889 vobis
625 831 773 885 dabit
797 829 864 882 οἳ
889 827 972 882 Ob
1006 843 1237 898 eamque
1277 823 1501 884 causam
1533 827 1710 905 aliena
1749 826 1864 880 haec
1907 841 2019 880 non

437 921 760 980 exsistentia
778 917 1191 974 dicuntur.Non
1218 920 1364 974 enim
1392 928 1605 973 natura:
1626 925 1777 982 sunt,
1796 915 1891 972 sed
1915 916 2016 970 ad-

433 1012 693 1070 ulterina.
721 1010 880 1064 Actio
915 1019 1098 1064 autem
1142 1025 1265 1080 qua:
1293 1008 1598 1065 secundum
1628 1001 1880 1062 naturam
1908 1016 2014 1074 est,

432 1121 532 1161 ens
561 1111 679 1170 est,
713 1109 768 1157 et
795 1109 985 1158 nostra
1017 1107 1122 1156 est.
1161 1101 1354 1157 Aliter.
1385 1100 1576 1156 Aliena
1606 1097 1746 1153 dixit
1793 1114 1857 1155 ea
1897 1115 2020 1170 quae

433 1196 502 1251 ad
533 1196 802 1250 mundum
824 1194 1117 1265 pertinent,
1137 1194 1283 1263 quod
1315 1208 1425 1247 non
1449 1191 1774 1263 cujusquam
1798 1191 2018 1262 pr0prie

431 1287 568 1356 sint,
619 1286 714 1342 sed
763 1287 833 1341 ab
867 1286 989 1341 aliis
1015 1284 1084 1339 ad
1117 1285 1254 1341 alios
1280 1281 1566 1340 transeant
1591 1292 1646 1340 et
1674 1281 2016 1338 transferan-

432 1387 557 1446 tur;
598 1386 693 1432 aut
721 1378 886 1433 etiam
916 1375 1066 1448 quod
1095 1391 1206 1430 non
1238 1376 1310 1431 sit
1340 1375 1519 1446 posita
1567 1374 1624 1428 in
1670 1373 1756 1428 his
1796 1373 2017 1445 penitus

430 1479 624 1528 nostra
645 1471 863 1527 vivendi
891 1469 1064 1537 ratio,
1089 1469 1184 1524 sed
1207 1469 1371 1522 aliam
1402 1468 1566 1522 vitam
1593 1474 1824 1538 spectet,
1856 1467 2016 1538 cujus

431 1563 598 1618 etiam
623 1578 792 1617 causa
817 1563 931 1616 nati
954 1577 1170 1617 sumus.

504 1654 764 1711 Hinistri.
819 1654 874 1709 Id
929 1661 1056 1719 est,
1098 1669 1168 1709 ne
1230 1651 1355 1722 quis
1421 1666 1610 1707 eorum
1659 1651 1752 1722 qui
1803 1649 2018 1722 agitan-

433 1754 526 1802 tur
563 1739 594 1801 a
627 1747 894 1810 dmone,
931 1741 1064 1816 qtiid
1095 1745 1376 1816 patiatur;
1406 1751 1466 1797 ut
1497 1742 1758 1814 deinceps
1787 1742 1943 1798 dicit.

505 1840 611 1907 Qui
658 1838 994 1910 passionibus
1045 1839 1407 1910 exagitantur.
1451 1834 1856 1892 Demonstratio
1903 1832 2016 1890 eiii-

432 1946 556 1987 cax.

506 2005 822 2076 Uti‘d'emum
859 2015 1056 2076 divino.
1109 2016 1187 2076 De
1221 2017 1418 2076 Ordine
1445 2032 1661 2085 eorum,
1695 2015 1791 2089 qui
1823 2015 2014 2072 dimit-

432 2122 646 2170 tuntur.
774 2178 778 2182 δ
1317 2181 1321 2187 ,
1392 2181 1396 2188 η

505 2206 612 2272 Qui
671 2205 872 2260 initiati
936 2221 1042 2260 non
1102 2199 1248 2261 sunt.
1312 2189 1756 2270 Ca'techumeni,
1818 2198 2010 2257 libidi-

431 2296 577 2354 nosi.
832 2357 834 2359 ,
979 2369 982 2377 ι

503 2388 610 2455 Qui
635 2383 946 2443 terroribus.
974 2387 1514 2458 Expressionumque
1540 2387 1848 2444 illusiones.

514 2479 640 2534 Prii:
668 2481 902 2550 ignavia.
940 2478 1108 2545 Nota,
1140 2479 1285 2534 unde
1320 2480 1468 2535 dicat
1509 2481 1724 2551 aliquos
1755 2479 1942 2536 ﬁdeles
1981 2494 2014 2534 a

431 2570 778 2628 daemonibus
802 2571 1020 2641 agitari.

513 2661 738 2726 Habitu,
773 2679 1071 2735 umoreque.
1104 2660 1161 2718 Id
1185 2668 1269 2717 est
1293 2660 1492 2743 (quasi)
1521 2664 1867 2741 pmnitentia.

506 2751 737 2808 Omnino
779 2754 974 2813 sancti.
1011 2749 1226 2810 Fideles
1262 2751 1505 2826 quicum
1534 2753 1644 2810 Deo
1685 2751 1740 2811 ei
1777 2756 1922 2813 inter
1951 2771 2011 2813 se

431 2847 715 2917 conjuncti
759 2855 911 2904 sunt.

503 2942 770 2997 Generati.
812 2938 1132 2996 Generalem
1175 2938 1315 2995 dixit
1343 2939 1568 2995 laudum
1602 2926 2006 3006 recitationem,

428 3042 527 3090 aut
563 3035 708 3106 quod
757 3035 827 3090 ab
863 3033 1118 3090 omnibus
1152 3023 1271 3100 'ﬁat,
1295 3041 1391 3089 aut
1422 3033 1569 3105 quod
1601 3049 1698 3106 pro
1729 3033 2012 3090 universo-

429 3141 553 3181 rum
578 3127 772 3198 gratia.

2119 642 2232 695 Καὶ
2259 641 2377 696 ἀπὸ
2406 641 2741 708 ἀλλοτρίων
2769 641 2972 711 φεῖσαι
2995 640 3102 694 τ’υῦ
3139 627 3366 693 δούλου
3400 655 3538 693 σου.
3582 642 3686 694 Ἐν-

2119 734 2210 787 θεν
2235 736 2374 796 νοεῖς
2413 732 2508 786 καὶ
2538 732 2600 785 τὸ
2635 732 2921 804 εἰρημένον
2949 729 3103 804 παρὰ
3128 730 3365 804 Κυρίουο
3408 733 3477 786 El
3522 730 3588 785 δὲ
3626 733 3687 786 ὲν

2119 824 2198 891 τῷ
2233 824 2532 891 ἀλλοτρίῳ
2571 822 2775 876 πιστοὶ
2810 825 2923 892 οὐχ
2957 822 3257 890 εὐρέθητὲ,
3306 815 3372 876 τὸ
3407 823 3573 892 ὑμῶν
3604 824 3688 890 τίς

2118 915 2261 984 ὑμῖν
2287 914 2500 979 δώσει;
2531 912 2631 967 Διὰ
2667 912 2827 966 τοῦτο
2877 915 2972 968 καὶ
3003 913 3072 967 τὰ
3113 913 3368 986 ἀλλότρια
3395 912 3567 968 ταῢτα
3596 915 3688 970 οὐκ

2117 1007 2248 1063 ὄντα
2273 1008 2523 1076 λέγεται·
2562 1008 2622 1061 οὐ
2650 1006 2759 1078 γὰρ
2790 1006 2890 1079 τῆς
2915 1005 3130 1078 φύσεώς
3161 1009 3318 1071 εἰσιν,
3355 1006 3493 1061 ἀλλὰ
3533 1007 3686 1063 νόθα⁶

2116 1100 2178 1154 τὸ
2205 1099 2263 1154 δὲ
2287 1099 2428 1155 κατὰ
2449 1100 2607 1170 φύσιν
2631 1100 2893 1173 πράττειν
2921 1101 2980 1154 δν
3010 1102 3240 1155 ἐστικαὶ
3265 1101 3551 1174 ἡμέτερον.
3569 1101 3687 1155 Ἀλ-

2117 1194 2243 1259 λως·
2280 1193 2560 1265 Ἀλλότρια
2586 1193 2688 1266 ἔφη
2717 1192 2789 1247 τὰ
2817 1193 2960 1248 κατὰ
2990 1195 3214 1266 κόσμον,
3247 1194 3324 1258 ὡς
3352 1196 3416 1249 οὐ
3442 1199 3586 1258 τινὸς
3607 1195 3692 1248 ἰδι-

2117 1287 2229 1351 κῶς
2256 1285 2434 1359 [ίδια],
2465 1286 2579 1340 ἀλλ’
2608 1286 2668 1351 ὲξ
2693 1286 2865 1341 ἄλλων
2895 1288 2976 1350 είς
3007 1287 3197 1351 ἄλλους
3229 1286 3687 1360 μεταπίπτονταῆ

2117 1382 2213 1435 καὶ
2235 1381 2312 1445 ὡς
2330 1382 2429 1435 οὐκ
2455 1379 2621 1452 οὔσης
2647 1381 2704 1434 ἐν
2732 1379 2942 1444 τούτοις
2972 1379 3060 1434 διὰ
3079 1380 3281 1444 παντὸς
3298 1380 3398 1452 τῆς
3422 1379 3689 1451 ἡμετέρας

2115 1475 2410 1546 διαγωγῆς,
2445 1472 2580 1529 ἀλλὰ
2616 1473 2754 1546 πρὸς
2784 1473 2970 1545 ἕτερον
3003 1473 3118 1544 βίον
3153 1472 3394 1545 ὁρώσης,
3424 1459 3515 1541 ’ἐφ’
3538 1463 3582 1540 ᾧ
3605 1473 3689 1526 καὶ

2116 1569 2440 1640 γεγόναμεν.

2193 1661 2302 1716 Τοῦ
2327 1660 2694 1730 λειτουργοῦ.
2723 1659 3001 1725 Τουτέστι,
3045 1659 3120 1730 μή
3142 1673 3286 1721 τινες
3312 1656 3420 1711 τῶν
3442 1658 3689 1728 ἐνεργου-

2120 1751 2295 1823 μένων
2323 1749 2641 1823 ὲμπαθῶσιν
2671 1750 2734 1818 ⁵³,
2761 1749 2836 1812 ὼς
2865 1747 2994 1818 ἑξῆς
3026 1764 3209 1818 φησιν.

2199 1844 2269 1900 Ἦ
2297 1842 2414 1898 τῶν
2438 1842 2729 1913 ἐμπαθῶς.
2765 1841 3056 1905 Ἀπόδειξις
3077 1841 3330 1913 ἐναργής.

2199 2021 2434 2095 Ἐπειδὴ
2464 2020 2534 2076 δὲ
2556 2022 2661 2078 τοῦ
2692 2022 2874 2078 θείου.
2905 2021 3043 2094 Περὶ
3073 2020 3175 2092 τῆς
3195 2019 3403 2086 τάξεως
3428 2020 3538 2076 τῶν

2113 2117 2405 2191 λυομένων.

2196 2210 2490 2279 Ἀμύητοι.
2518 2209 2584 2264 Oi
2608 2207 3025 2280 κατηχούμενοι,
3052 2208 3102 2261 οἱ
3131 2206 3397 2276 ἀσελγεῖς.

2181 2387 2432 2458 Δείματά
2457 2365 2540 2442 τε..
2584 2383 2974 2442 Ἐκτυπώσεών
2995 2403 3054 2439 τε
3078 2385 3449 2458 χλευάσματα.

2181 2477 2262 2533 Δι’
2277 2478 2625 2546 ἀνανδρίαν.
2648 2478 2980 2550 Σημείωσαι,
3007 2477 3171 2532 πόθεν
3193 2476 3357 2548 φησὶν
3387 2475 3493 2530 ὑπὸ
3509 2475 3692 2550 δαιμό-

2111 2587 2218 2626 νων
2250 2569 2583 2642 ἐνοχλεῖσθαι
2604 2586 2756 2632 τινας
2785 2569 2892 2623 τῶν
2915 2568 3146 2622 πιστῶν.

2185 2659 2353 2726 Ἐξει
2376 2661 2475 2715 καὶ
2498 2661 2687 2730 ἔρωτι.
2711 2660 2887 2714 Οίονεὶ
2916 2661 2983 2731 τῇ
3022 2658 3300 2731 μετανοίᾳ.

2175 2757 2241 2808 Ol
2273 2745 2560 2824 adriapoc.
2607 2755 2670 2809 Οἱ
2703 2755 2905 2822 πιστοὶ,
2945 2754 3041 2808 καὶ
3078 2753 3216 2826 πρὸς
3263 2753 3396 2808 Θεὸν
3435 2753 3693 2826 καὶπρὸς

2111 2845 2370 2920 ἀλλήλους
2393 2847 2684 2918 ἠνωμὲνοι.

2179 2937 2264 3012 [α]
2302 2938 2624 3009 Καθολικῇ.
2661 2937 2985 3011 ,Καθολικὴν
3017 2937 3121 3010 ἔφη
3155 2939 3255 3011 τὴν
3276 2936 3624 3011 ὕμνολογίαν,
3656 2937 3690 3009 ἢ

2107 3031 2183 3096 ὡς
2204 3031 2309 3086 ὑπὸ
2340 3032 2556 3086 πάντων
2586 3031 2872 3103 ᾁδομένην,
2911 3030 2945 3104 ἢ
2980 3032 3056 3094 ὼς
3085 3030 3226 3104 ὑπὲρ
3267 3030 3563 3102 καθολικῆς
3594 3031 3693 3102 χά-

2112 3141 2260 3198 ριτος
2276 3125 2589 3196 γινομένην.

505 3217 775 3288 Hymnam
805 3225 980 3272 autem
1013 3217 1169 3270 hunc.
1201 3215 1468 3282 Observa,
1495 3216 1563 3272 ab
1581 3232 1648 3272 eo
1677 3217 2006 3288 appellatum

2180 3217 2263 3290 [β]
2308 3218 2417 3271 Τὸν
2457 3217 2650 3285 ὕμνον
2691 3217 2759 3270 δὲ
2799 3216 3034 3271 τοῦτον.
3091 3217 3428 3288 Σημείωσαι,
3479 3217 3563 3270 δτι
3601 3215 3692 3270 τὸν

430 3323 555 3364 esse
587 3309 870 3378 hymnum,
908 3303 1240 3380 symbolum,
1272 3305 1694 3377 professionem,
1728 3316 1781 3364 et
1804 3308 2004 3380 gratia-

431 3413 556 3452 rum
578 3398 873 3452 actionem.
1809 3403 1812 3406 '

512 3487 733 3544 Videtur
766 3483 905 3544 enim
944 3487 1093 3542 mihi.
1126 3487 1207 3541 Ad
1233 3503 1393 3558 quem
1430 3487 1592 3544 ﬁnem
1620 3498 1827 3562 spectet
1861 3484 2023 3563 symi

429 3581 640 3638 bolum.

502 3670 872 3727 Substantiam
925 3670 1153 3742 quidem.
1214 3670 1331 3727 Hoc
1395 3681 1480 3728 est
1546 3675 1848 3729 secundum
1894 3671 2008 3749 68

429 3760 678 3831 Apostoli
729 3755 1059 3816 Sententiam
1096 3760 1329 3818 dicentis
1368 3780 1382 3818 :
1415 3760 1610 3819 Omnia
1636 3765 1782 3818 enim
1815 3775 2004 3820 nostra

430 3860 560 3908 sunt
589 3864 635 3908 Ρ.
668 3851 1029 3924 Primigenias
1059 3863 1239 3908 autem
1268 3862 1582 3910 venustates
1626 3856 1860 3926 appellat
1911 3873 2005 3912 eas

428 3961 553 4014 qua:
598 3935 654 3999 in
701 3943 886 3999 divina
939 3951 1134 3998 natura
1165 3942 1438 4009 videntur,
1491 3959 1722 4015 quarum
1755 3945 2004 4000 homines

427 4050 528 4105 pro
556 4040 744 4104 captu,
785 4039 840 4088 et
871 4031 1033 4087 modo
1061 4048 1161 4088 suo
1207 4032 1351 4088 Deus
1396 4048 1495 4103 pro
1536 4048 1635 4088 sua
1671 4034 2006 4106 benignitate

429 4126 724 4196 participes
760 4125 924 4192 fecit;
963 4132 1056 4179 aut
1086 4133 1233 4180 certe
1259 4126 1411 4190 dicit,
1438 4125 1490 4180 id
1513 4124 1580 4180 ad
1613 4127 1774 4197 cujus
1809 4128 2004 4199 imagi-

427 4232 552 4273 nem
583 4224 638 4272 et
665 4216 1078 4272 similitudinem
1108 4215 1236 4271 facti
1270 4225 1417 4272 sunt.

501 4307 853 4377 Prwparatis.
877 4307 994 4364 Hoc
1020 4317 1103 4364 est
1128 4308 1310 4374 bonis,
1335 4326 1456 4381 quae
1478 4312 1638 4368 nobis
1667 4313 1735 4368 ab
1764 4327 1830 4368 eo
1853 4327 1992 4367 com-

426 4409 713 4472 parantur.

499 4489 762 4560 Perfecta.
815 4492 974 4557 Nota,
1023 4493 1154 4565 qttid
1205 4495 1274 4551 de
1314 4494 1536 4551 Christo
1576 4495 1745 4560 dicat,
1791 4497 1906 4552 sive
1935 4498 2003 4553 de

2112 3309 2301 3382 ὕμνον,
2333 3309 2600 3382 σύμϐολον
2619 3311 2714 3364 καὶ
2734 3309 3042 3381 ὁμολογίαν,
3065 3309 3162 3363 καὶ
3189 3309 3540 3382 εὐχαριστίαν
3567 3309 3695 3363 ἐκά-

2107 3403 2250 3456 λεσε.

2177 3495 2353 3550 Δοκεῖ
2395 3494 2508 3566 γάρ
2548 3513 2668 3565 μοι.
2729 3494 2876 3567 Πρὸς
2935 3495 2989 3548 τί
3041 3494 3215 3568 πέρας
3271 3495 3375 3566 ὁρᾷ
3425 3491 3489 3547 τὸ
3553 3490 3692 3562 σύμ-

2108 3587 2283 3642 ϐολον.

2181 3680 2264 3754 [γ]
2309 3683 2351 3734 Τ
2347 3679 2427 3749 ὴν
2450 3678 2568 3750 μὲν
2583 3678 2822 3735 οὐσίαν.
2845 3679 3105 3733 Τουτέστι
3128 3679 3270 3734 κατὰ
3290 3679 3382 3733 τὸν
3408 3677 3506 3732 τοῦ
3541 3678 3692 3732 Ἀπο-

2107 3774 2292 3828 στόλου
2323 3773 2480 3842 λόγον
2512 3772 2778 3836 εἰπόντος·
2813 3772 2998 3826 Πάντα
3028 3771 3138 3844 γὰρ
3167 3770 3322 3842 ήμῶν
3350 3773 3519 3826 ἐστιν.
3568 3771 3691 3844 Ἀρ-

2105 3868 2312 3938 χέτυπα
2349 3866 2406 3920 δὲ
2444 3865 2615 3937 κάλλη
2645 3866 2779 3937 φησὶ
2822 3863 2890 3918 τὰ
2924 3867 2988 3936 τῇ
3023 3865 3144 3936 θεία
3171 3864 3329 3934 φύσει
3357 3864 3693 3936 ὲπιθεωρού-

2108 3976 2267 4031 μενα,
2293 3951 2368 4010 ὧν
2399 3956 2496 4028 τὴν
2525 3957 2666 4010 κατὰ
2683 3957 2742 4010 τὸ
2768 3956 3113 4028 ἐνδεκόμενον
3137 3955 3428 4027 μετουσίαν
3460 3959 3575 4019 τοῖς
3603 3957 3692 4009 ἀν·

2105 4049 2342 4123 θρώποις
2373 4050 2716 4121 ἐδωρήσαιό⁸
2752 4048 2785 4120 ἢ
2815 4048 2876 4102 τὸ
2901 4049 3021 4102 κατ’
3048 4043 3230 4102 ὲῖκόνα
3258 4047 3404 4118 λέγει
3436 4048 3531 4102 καὶ
3564 4046 3688 4102 καθ’

2103 4143 2379 4215 ὁμοίωσιν.

2175 4323 2249 4396 [δ]
2301 4323 2811 4389 Ἐπισκευαστοῗς.
2851 4321 3110 4376 Τουτέστι
3147 4323 3262 4386 τοῖς
3293 4319 3357 4388 ἐξ
3391 4321 3558 4376 αὑτοῦ
3582 4339 3687 4377 κα-

2101 4415 2588 4487 τασκευαζομένοις
2607 4414 2830 4484 ἀγαθοῖς
2858 4417 2939 4479 εἰς
2967 4416 3134 4487 ἡμᾶς.

2173 4507 2247 4580 [ε]
2273 4506 2568 4562 Παντελεῖ
2592 4504 2730 4560 τῶν.
2782 4508 3116 4578 Σημείωσαι,
3151 4507 3204 4561 τί
3228 4523 3361 4578 φησι
3396 4507 3524 4577 περὶ
3552 4509 3689 4581 Χρι-
3738 4504 3744 4508 ’

427 4584 666 4651 perfecta
695 4585 813 4652 ejus
843 4586 1216 4656 assumptione
1240 4586 1596 4643 humanitatis
1615 4588 1779 4643 etiam
1807 4597 1999 4643 contra

2141 4597 2252 4664 τοῦ,
2284 4598 2450 4668 ἤγουν
2482 4597 2580 4669 τῆς
2605 4595 2816 4659 τελείας
2846 4595 3012 4650 αὐτοῦ
3054 4597 3536 4669 ὲνανίῒρωπήσεως,
3590 4598 3689 4651 καὶ

426 4672 844 4744 Apollinarium.

503 4764 724 4820 Divinas
765 4768 943 4830 panis.
974 4769 1385 4832 Animadverte,
1408 4784 1520 4823 non
1551 4769 1728 4825 solum
1756 4767 1997 4824 divinum

425 4873 620 4928 panem
678 4859 949 4914 obtectum
1003 4863 1232 4932 proponi
1291 4862 1512 4916 solitum
1568 4862 1758 4924 fuisse,
1809 4879 1997 4918 verum

426 4950 590 5005 etiam
618 4958 866 5006 sanctum
902 4954 1162 5020 calicem;
1188 4952 1334 5024 quod
1373 4968 1519 5007 nunc
1563 4953 1786 5009 minime
1811 4955 1999 5010 obser-

428 5050 609 5095 vatur.

498 5132 525 5204 §
552 5131 689 5192 Vill.
730 5133 1073 5188 Divinissima
1103 5149 1221 5188 vero
1249 5135 1524 5191 salutatio.
1557 5135 1695 5190 Nota
1732 5154 1832 5192 cur
1859 5142 2000 5195 salu-

425 5229 560 5282 tatio
591 5227 763 5282 ﬁeret.

497 5317 850 5388 Cupiditates,
907 5333 990 5373 ex.
1033 5316 1274 5373 Observa
1325 5320 1651 5389 cupiditates
1703 5322 1886 5380 carnis
1942 5331 1998 5380 et

494 5495 526 5525 -
554 5479 699 5545 Psal.
732 5501 892 5557 xvm,
932 5488 1018 5542 tt.
1101 5493 1126 5522 ο
1159 5469 1291 5546 Luc.
1325 5488 1554 5556 xv1,l2.
1631 5502 1659 5541 p
1686 5492 1707 5546 ι
1732 5490 1860 5548 Cor.
1894 5509 1980 5561 ιιι,
2003 5493 2094 5551 22.

2105 4691 2248 4744 κατὰ
2278 4691 2562 4745 Ἀπολλινα
2569 4691 2704 4764 ρίου.
3053 4738 3055 4740 .

2188 4783 2250 4835 '0
2281 4781 2435 4848 θεῖος
2466 4782 2662 4851 ἄρτος.
2719 4785 3051 4859 Σημείωσαι,
3083 4787 3164 4840 ὅτι
3193 4785 3254 4838 οὐ
3284 4785 3444 4856 μόνον
3468 4787 3495 4838 ὁ
3528 4784 3689 4854 ἆγιος

2105 4874 2265 4946 ἄρτος
2304 4873 2714 4946 κεκαλυμμένος
2754 4877 3091 4948 προετίθετο,
3138 4875 3273 4930 ἀλλὰ
3311 4877 3405 4930 καὶ
3445 4876 3504 4930 τὸ
3541 4874 3688 4929 θεῖον

2103 4968 2362 5044 ποτήριον
2382 4983 2396 4997 ο
2430 4967 2568 5039 ὅπερ
2596 4967 2691 5021 νῦν
2717 4969 2786 5022 οὔ
2808 4969 3039 5037 γίνεται.

2174 5143 2202 5215 §
2235 5142 2367 5198 Vlll.
2397 5145 2704 5212 Θειότατος
2722 5145 3068 5213 ἀσπασμός.
3088 5145 3426 5217 Σημείωσαι,
3457 5145 3546 5200 διὰ
3577 5144 3631 5197 τί
3658 5145 3689 5196 ὁ

2101 5237 2394 5308 ἀσπασμὸς
2420 5237 2638 5292 δίδοται.

2187 5326 2553 5396 Ἐπιθυμίας,
2589 5325 2678 5391 ἐξ.
2711 5325 3047 5398 Σημείωσαι,
3081 5325 3164 5380 ὅτι
3189 5328 3247 5382 αι
3276 5325 3542 5400 ἐμπαθεῖς
3562 5322 3691 5382 ἐπι-

1338 5690 1573 5748 YARUE
1606 5693 1989 5753 LECTIONES
2019 5698 2108 5754 ΕΤ
2143 5695 2701 5758 CORRECTIONES.

573 5865 616 5897 ¹⁹
649 5864 929 5936 ἐμπαθῶς.
