3872 6558
181 456 280 510 145

960 452 1020 508 S.
1055 452 1309 508 MAXIMI
1346 451 1643 511 SCIIOLIA
1677 451 1743 507 IN
1778 449 1906 508 LIB.
1944 449 2032 504 DE
2071 448 2355 506 ECCLES.
2385 446 2761 505 HIERARCH.

3339 444 3444 500 H6

168 568 355 638 θυμίαι
391 568 647 640 μερισταί
675 569 804 630 εισι,
836 567 1152 640 μερίζουσαι
1185 571 1334 640 ἡμᾶς
1362 571 1458 624 καὶ
1486 569 1580 624 τοῦ
1614 567 1748 622 Θεοῦ

1868 568 2101 637 :orporis
2127 567 2233 622 vim
2262 565 2465 622 habere
2495 563 2797 630 dividendi,
2827 577 2952 618 cum
2980 568 3036 619 et
3058 577 3088 617 a
3107 561 3217 618 Deo
3244 576 3365 624 nos.
3391 571 3444 618 et

168 662 258 714 καὶ
290 661 569 733 ἀλλήλωνο
599 659 742 730 τάχα
770 658 830 713 δὲ
855 659 950 712 καὶ
979 659 1211 716 ἑαυτῶν.

253 840 573 914 Ὀμοειδεῖς
593 840 921 911 ἀπέχθειαι.
945 840 1204 896 Τουτέστι
1231 842 1370 914 πρὸς
1390 843 1516 907 τοὺς
1537 843 1756 914 ὁμοίους

168 935 510 1006 ἀνθρώπους.

234 1028 263 1100 §
298 1029 393 1082 IX.
428 1028 701 1099 Πτυχῶν.
731 1027 831 1083 Διά
855 1029 910 1084 τί
937 1028 1076 1101 μετά
1096 1029 1188 1083 τὸν
1209 1029 1502 1100 ἀσπασμὸν
1521 1028 1756 1104 δίπτυχα

166 1119 627 1189 ἀναγινώσκεται.

237 1213 391 1279 Τοὺς
421 1214 622 1281 ὁσίως.
647 1215 984 1287 Σημείωσαι,
1009 1216 1095 1270 ὅτι
1121 1216 1192 1270 τὰ
1220 1217 1458 1289 δίπτυχα
1491 1217 1600 1271 τῶν
1619 1217 1755 1272 ἀπο-

166 1306 438 1361 θανόντων
460 1308 555 1362 ὲπὶ
579 1309 745 1363 αὐτοῦ
769 1309 928 1383 μόνον
952 1310 1348 1380 ἀνεγινώσκετο
1375 1311 1518 1384 [οὑχ,
1539 1311 1616 1377 ὡς
1634 1309 1752 1377 νῦν,

167 1399 258 1453 καὶ
290 1399 402 1452 τῶν
422 1397 684 1473 ζώντων].
1130 1455 1137 1461 .

245 1492 322 1547 Ἠ
349 1494 626 1563 θεολογία
661 1493 836 1564 φησι.
867 1494 1054 1549 Ταῦτα
1095 1495 1161 1549 ὲκ
1187 1495 1291 1566 τῆς
1327 1495 1627 1567 λεγομένης
1653 1498 1756 1550 Σο-

166 1584 294 1654 φίας
346 1584 714 1656 Σολομῶντος·
746 1585 841 1640 καὶ
901 1588 1228 1658 σημείωσαι,
1273 1589 1355 1642 ὅτι
1401 1588 1496 1644 καὶ
1529 1584 1686 1654 οὗτος
1725 1591 1755 1642 ὁ

165 1676 322 1746 ἀγιος
350 1678 534 1750 πατὴρ
559 1677 732 1752 ταύτῃ
759 1679 1049 1751 ἐχρήσατο.

231 1770 456 1822 Σκόπει
475 1768 561 1823 δέ.
599 1769 771 1824 Τοῦτό
802 1787 989 1843 φησιν,
1019 1770 1182 1825 ὅτιτὸ
1211 1770 1506 1843 λεγόμενον
1537 1773 1597 1826 ὲν
1621 1789 1756 1844 προ-

163 1861 364 1930 φήταις
390 1860 702 1933 ἀναμνῆσαι
732 1861 964 1917 ἐνώπιον
998 1865 1226 1936 Κυρίου,
1252 1866 1351 1937 οὐχ
1384 1865 1527 1920 οὕτω
1561 1867 1642 1921 δεῖ
1676 1883 1756 1921 νο-

1859 675 1960 714 nos
1991 659 2133 714 inter
2156 673 2258 714 nos
2285 657 2564 726 dividam;
2599 657 2855 713 fortassis
2884 662 3068 712 autem
3105 663 3160 711 et
3187 670 3220 712 a
3249 653 3443 710 uobis-

1858 751 2134 823 metipsis.

1926 845 2196 900 Adversus
2218 844 2449 915 aqua!“
2472 843 2787 898 inimicitia.
2825 841 2884 898 Id
2912 850 2998 900 est
3025 857 3150 898 cum
3171 840 3443 898 similibus

1855 937 2194 993 hominibus.

1925 1031 2064 1106 §IX.
2101 1031 2452 1090 Tabularum.
2485 1029 2598 1086 Cur
2639 1036 2763 1100 post
2803 1027 3186 1083 salutationem
3220 1032 3443 1082 sancto-

1855 1141 1976 1180 rum
2009 1123 2234 1179 nomina
2268 1125 2590 1180 recitentur.

1927 1219 2034 1286 Qui
2051 1229 2252 1275 sancte.
2279 1217 2418 1274 Nota
2441 1226 2780 1272 mortuorum
2811 1223 3048 1280 tantum,
3068 1230 3133 1271 eo
3159 1213 3436 1286 pontifice.

1856 1311 2076 1366 recitari
2125 1303 2287 1368 solita
2319 1309 2492 1366 fuisse
2525 1309 2750 1366 nomina
2786 1307 2948 1382 [non,
2993 1315 3054 1364 ut
3083 1322 3248 1373 nunc,
3273 1307 3439 1362 etiam

1853 1403 2128 1478 vivorum]
2148 1445 2161 1459 .

1928 1495 2214 1567 Theologia
2269 1496 2438 1552 docet.
2487 1494 2614 1551 Haec
2661 1502 2747 1551 est
2797 1493 3107 1551 Salomonis
3159 1491 3436 1563 Sapientia

1854 1603 1977 1659 quae
2016 1588 2239 1645 dicitur.
2266 1587 2407 1644 Nota
2444 1590 2608 1645 etiam
2639 1589 2788 1644 hunc
2829 1595 3080 1645 sanctum
3111 1586 3330 1641 Patrem
3371 1600 3440 1642 ea

1856 1696 2018 1736 usum
2041 1681 2232 1737 fuisse.

1928 1773 2153 1829 Adverte
2181 1783 2378 1830 autem.
2421 1773 2537 1830 IIoc
2579 1774 2677 1841 ait,
2710 1773 2856 1845 quod
2886 1773 2941 1828 in
2970 1771 3254 1843 prophetis
3287 1769 3442 1826 dica-

1858 1873 1967 1932 tur,
1999 1866 2280 1921 recordari
2315 1881 2500 1922 coram
2531 1865 2665 1932 Deo,
2705 1865 2814 1921 non
2855 1865 2929 1920 ita
2970 1863 3351 1934 accipiendum
3385 1869 3441 1917 et

164 1954 262 2014 εἰν,
306 1951 386 2016 ώς
421 1952 523 2022 τῆς
563 1955 784 2026 μνήμης
829 1953 924 2009 τοῦ
968 1956 1104 2010 Θεοῦ
1147 1957 1548 2030 ἀνανεουμένης
1583 1959 1641 2014 ἐν
1684 1961 1751 2030 τῇ

1868 1957 2266 2030 intelligendum
2298 1974 2444 2024 esse,
2474 1959 2632 2028 quasi
2663 1957 2755 2012 Dei
2780 1956 3042 2012 memoria
3063 1962 3360 2010 renovetur
3383 1953 3444 2008 in

163 2043 438 2115 φαντασίᾳ
481 2043 574 2098 τοῦ
622 2044 988 2117 μνημονικοῦο
1031 2047 1172 2119 ὅπερ
1215 2047 1451 2103 ἐπὶτῶν
1489 2051 1549 2102 ὲν
1594 2049 1757 2120 σαρκὶ

165 2135 609 2206 προσδεδεμένων
661 2137 884 2210 νοερῶν,
924 2125 1200 2193 τουτέστιν
1225 2140 1403 2212 ἡμῶν,
1443 2141 1754 2212 συμϐαίνει,

163 2222 298 2277 ἀλλά
341 2226 527 2297 μνήμη
566 2225 702 2280 Θεοῦ
743 2227 970 2292 εἰκότως
1013 2228 1210 2298 λέγοιτ’
1242 2230 1309 2285 ἂν
1361 2232 1395 2302 ἠ
1435 2231 1636 2299 γνῶσις
1659 2231 1756 2285 τοῦ

163 2314 319 2380 Θεοῦ,
340 2315 462 2370 καθ’
484 2317 551 2388 ἢν
567 2317 828 2386 γινώσκει
847 2321 975 2383 τοὺς
997 2320 1256 2388 τελείους,
1275 2322 1525 2387 θεοειδεῖς
1539 2327 1596 2377 ὲν
1609 2323 1758 2395 αὐτῷ

163 2407 490 2479 γενομένους
509 2409 576 2463 δι’
599 2409 856 2482 ἐναρέτου
889 2411 1028 2482 βίου,
1049 2414 1144 2466 καὶ
1168 2412 1496 2478 ἀξιωθέντας
1506 2414 1607 2485 τῆς
1635 2417 1758 2469 ἀνε-

165 2499 428 2571 πιλήστου
455 2502 583 2574 περὶ
605 2501 768 2556 αὑτὸν
793 2503 1066 2572 γνώσεως.
1106 2504 1448 2580 [Σημείωσαι
1479 2507 1598 2572 πῶς
1617 2508 1757 2580 λαμ-

165 2588 314 2644 ϐάνει
349 2591 409 2644 τὸ
445 2591 607 2664 ῥητὸν
627 2591 722 2646 τοῦ
749 2592 1016 2668 ψαλμοῦ].

227 2875 576 2943 Συμϐόλων.
603 2877 710 2930 Τοῦ
744 2876 998 2948 σώματος
1026 2879 1119 2933 καὶ
1147 2879 1399 2950 αἵματος.

167 2965 262 3110 ΜΞ
284 2967 359 3020 Χ.
398 2967 608 3022 ’Υδατι
663 2967 788 3036 τάς.
839 2970 904 3024 Τί
929 2971 992 3024 τὸ
1019 2972 1275 3042 νίψασθαι
1302 2973 1400 3038 τὰς
1426 2977 1632 3062 χεῖρας,
1661 2977 1756 3031 καὶ

230 3146 450 3216 Mair,
480 3150 515 3201 ό
543 3150 937 3220 λελουμένος.
971 3152 1309 3224 Σημείωσαι,
1341 3153 1460 3218 πῶς
1490 3153 1754 3227 λαμϐάνει

1857 2065 1922 2105 ea
1952 2051 2108 2119 parte
2137 2050 2326 2114 animi,
2359 2051 2416 2105 in
2445 2065 2554 2121 qua
2577 2049 2921 2119 obiectarum
2955 2063 3144 2103 rerum
3175 2045 3440 2100 memoria

1858 2143 2244 2213 consignatur;
2276 2142 2330 2198 id
2357 2142 2503 2212 quod
2533 2142 2590 2198 in
2628 2142 2696 2196 iis
2723 2140 2816 2212 qui
2849 2140 3047 2194 mentis
3077 2145 3358 2208 compotes
3383 2137 3440 2191 in

1857 2234 2045 2288 carnis
2067 2249 2288 2290 carcere
2313 2234 2519 2306 alligati
2544 2239 2696 2297 sunt,
2731 2232 2787 2288 id
2817 2238 2902 2287 est
2930 2230 3112 2292 nobis,
3137 2229 3439 2299 contingit;

1859 2326 1954 2383 sed
1984 2325 2130 2397 quod
2168 2327 2432 2382 memoria
2470 2323 2565 2380 Dei
2609 2333 2758 2380 recte
2788 2323 3004 2378 dicatur
3048 2321 3144 2376 Dei
3181 2319 3437 2383 scientia,

1857 2435 1964 2490 qua
1995 2419 2266 2489 perfectos
2295 2418 2580 2489 cognoscit
2613 2436 2626 2472 :
2651 2417 2744 2488 qui
2776 2414 3190 2472 similitudinem
3218 2413 3312 2468 Dei
3343 2428 3440 2467 ex-

1857 2517 2180 2582 presserunt
2222 2509 2330 2564 vita
2382 2509 2572 2564 virtuti
2621 2517 3029 2575 consentanea;
3078 2514 3132 2562 et
3160 2508 3252 2577 qui
3284 2506 3436 2578 digni

1859 2603 2078 2660 fuerunt
2105 2603 2307 2658 habere
2325 2603 2446 2673 ejus
2476 2602 2726 2656 notitiam
2744 2615 2912 2676 [quae
2935 2599 3103 2655 deleri
3138 2598 3440 2654 ohliterari-

1856 2713 1964 2767 que
2009 2711 2119 2751 non
2169 2703 2369 2767 potest.
2419 2693 2581 2766 [Nota
2623 2693 2900 2765 quomodo
2947 2691 3182 2762 accipiat
3227 2690 3438 2746 dictum

1857 2787 2105 2861 psalmi.]
2503 2775 2508 2777 ’

1929 2882 2220 2953 Symbolis.
2246 2880 2510 2950 Corporis
2539 2889 2592 2936 et
2621 2880 2930 2951 sanguinis.

1927 2973 2052 3046 εχ.
2096 2973 2270 3046 Aqua.
2319 2971 2461 3039 Quid
2521 2973 2594 3028 sit
2637 2973 2862 3028 abluere
2904 2987 3123 3037 manus,
3162 2981 3214 3028 et
3257 2986 3437 3042 quan-

1895 3085 1947 3123 0.

1895 3085 1947 3123 ο.

1857 3069 1892 3125 d
1925 3160 2091 3224 Dicit,
2131 3160 2220 3231 qui
2270 3159 2408 3214 lotus
2462 3166 2559 3214 est.
2597 3155 2758 3222 Nota,
2806 3157 3080 3229 quomodo
3130 3165 3285 3230 pater
3317 3158 3438 3214 haec

166 3240 194 3292 ὁ
216 3241 400 3312 πατὴρ
420 3241 481 3293 τὸ
504 3240 600 3295 τοῦ
631 3243 836 3316 Κυρίου
871 3245 1054 3316 ῥητὸν,
1077 3245 1139 3299 τὸ
1167 3245 1345 3316 λέγον’
1385 3247 1448 3302 '0
1464 3251 1751 3320 λελουμέ-

1868 3251 2071 3308 Domini
2124 3251 2288 3308 verha
2340 3249 2616 3321 accipiat:
2666 3249 2771 3316 Qui
2817 3249 2955 3304 lotus
3003 3259 3102 3314 est,
3135 3267 3240 3304 non
3295 3249 3437 3330 iudi-

166 3348 266 3398 νος
287 3333 366 3386 οὐ
394 3333 604 3402 χρείαν
631 3334 757 3404 ἔχει
790 3335 828 3404 ἢ
860 3335 1002 3402 τοὺς
1034 3337 1224 3405 πόδας
1250 3339 1562 3408 νίψασθαι.
1600 3343 1664 3396 Ἦ
1690 3343 1748 3397 δὲ

168 3423 418 3488 σύνταξις
432 3423 539 3478 τῶν
555 3427 932 3498 προκειμένων
955 3428 1093 3500 πρὸς
1120 3430 1181 3485 τὸ
1200 3434 1627 3489 ύπαινίσσεται
1649 3435 1749 3508 τὴν

166 3514 420 3567 ἀπόδοσιν
456 3515 589 3585 ἔχει,
638 3517 702 3570 ἵν’
805 3517 1194 3590 τὸιλεγόμενον
1219 3521 1425 3587 οὕτως·
1463 3525 1531 3578 Ὄ
1559 3542 1612 3578 τι
1646 3527 1744 3597 μὲν

167 3604 276 3658 τόδε
316 3605 488 3670 ἐστὶν,
523 3607 927 3672 ὑπαινίσσεται,
955 3609 984 3662 ὁ
1005 3609 1205 3683 λουτὴρ
1237 3613 1334 3684 μὲν
1365 3616 1423 3669 ὲν
1451 3619 1516 3688 τῇ
1548 3621 1747 3691 νομικῇ

167 3695 412 3770 λατρεία,
444 3699 502 3752 ὲν
528 3699 670 3772 δὲτῇ
709 3699 833 3754 καθ’
869 3702 1016 3773 ἡμᾶς
1047 3705 1080 3774 η
1109 3703 1217 3757 τῶν
1246 3708 1444 3779 χειρῶν
1474 3709 1745 3781 άπάνιψις.

168 3791 236 3844 Τὸ
273 3791 335 3844 δὲ
371 3791 632 3861 ἄσχετος
664 3796 759 3848 καὶ
808 3795 1115 3863 ἁπόλυτος
1142 3799 1313 3871 δηλοῖ,
1362 3802 1440 3867 ὡς
1466 3807 1533 3876 τῇ
1564 3806 1750 3876 ἥττονι

167 3881 261 3935 οὐκ
314 3881 667 3955 ὲνεχθήσεται
709 3886 900 3959 ἀγωγῇ
950 3890 1043 3943 καὶ
1083 3890 1338 3946 διαθέσει.
1394 3896 1603 3960 Ἀλλως
1625 3913 1641 3928 °
1686 3899 1751 3953 Ἡ

169 3971 285 4026 καθ’
315 3972 621 4046 ὑπέρϐασιν
649 3975 750 4047 τῆς
773 3977 1076 4044 συντάξεως
1102 3981 1304 4054 ταύτης
1335 3985 1643 4054 ἀνάγνωσις
1668 3988 1754 4042 οὖ·

167 4080 270 4128 τως
298 4067 743 4139 ἅρμοσθήσεται·
775 4070 857 4125 ὅτι
888 4072 988 4143 μὲν
1021 4070 1137 4140 οῦν,
1170 4075 1246 4140 ὡς
1273 4076 1344 4130 τὰ
1373 4077 1530 4148 λόγιά
1562 4097 1748 4152 φησιν,

167 4157 194 4209 ὁ
229 4157 552 4228 λελουμένος
579 4159 642 4213 οὐ
671 4160 842 4216 δεῖταί
875 4181 1019 4226 τινος
1044 4165 1282 4241 [ἐτέρας]
1325 4170 1662 4242 καθάρσεως,
1701 4176 1750 4228 εί

172 4247 241 4319 μὴ
266 4249 369 4320 τῆς
379 4249 502 4302 οτῶν
527 4249 733 4322 ἄκρων,
758 4253 857 4308 εἴτ’
891 4251 984 4310 οὖν
1009 4258 1274 4328 ἐσχάτων,
1305 4263 1500 4317 ἑαυτοῦ
1528 4265 1747 4336 νίψεως,

168 4338 230 4391 δι’
258 4336 329 4414 ἧς
356 4343 668 4415 ἀκροτάτης
710 4347 1033 4420 καθάρσεως
1075 4353 1134 4405 ὲν
1169 4353 1432 4427 πανάγνῳ
1465 4355 1560 4411 τοῦ
1585 4358 1752 4414 θεοει-

167 4431 285 4497 δοῦς
311 4434 424 4499 ἔξει
445 4436 711 4508 ἄχραντον
733 4443 1018 4513 ποιήσεται
1041 4446 1135 4500 καὶ
1157 4446 1487 4519 άκηλίδωτον
1511 4451 1610 4525 τὴν
1631 4453 1752 4508 ἑπι-

170 4525 427 4597 στροφὴν,
460 4527 556 4582 καὶ
600 4529 737 4601 πρὸς
781 4531 850 4586 τὰ
889 4533 1116 4608 δεύτερα
1152 4537 1356 4610 προῖὼν
1391 4541 1746 4611 ἀγαθοειδῶς·

1852 3355 1955 3418 get,
1983 3345 2164 3399 nisiut
2191 3341 2503 3414 pedeslavet
2531 3352 2584 3400 ιι.
2613 3340 2970 3398 Constructio
3015 3351 3196 3396 autem
3243 3357 3434 3397 eorum

1851 3453 1973 3509 qute
2007 3427 2411 3508 proponuntur,
2472 3434 2540 3490 ad
2581 3435 2807 3490 verbum
2844 3434 3220 3488 ὑπαινίσσεται
3251 3448 3440 3503 respe-

1851 3536 2002 3584 ctum
2029 3527 2215 3592 habet,
2247 3537 2307 3581 ut
2333 3527 2406 3582 sit
2432 3526 2628 3581 horum
2649 3528 2944 3588 verborum
2971 3525 3243 3581 sententia
3260 3541 3276 3578 :
3293 3523 3439 3588 Qut-1

1852 3621 2072 3693 quidem
2106 3621 2209 3676 hoc
2237 3629 2294 3677 et
2325 3620 2458 3676 illud
2490 3619 2562 3676 sit
2590 3619 2903 3676 subindicat
2937 3637 2949 3674 :
2981 3618 3094 3690 69
3120 3619 3293 3689 pelvis
3313 3618 3437 3688 qui-

1851 3711 1974 3768 dem
1998 3713 2054 3767 in
2083 3713 2219 3784 legis
2240 3713 2392 3768 cultu
2413 3719 2467 3768 et
2495 3712 2777 3783 religione,
2809 3711 2862 3765 in
2891 3717 3080 3766 nostra
3107 3718 3286 3766 autem
3316 3725 3434 3764 ma-

1851 3820 2019 3862 nuum
2051 3805 2275 3860 lavatio.
2308 3803 2446 3859 Illud
2475 3814 2654 3859 autem
2689 3804 2895 3858 solutus
2925 3813 2976 3859 et
3013 3802 3163 3868 liber,
3193 3803 3434 3858 declarat

1851 3911 1976 3952 eum
2006 3895 2321 3951 inferiorem
2356 3895 2524 3950 vitam
2554 3903 2608 3950 et
2637 3895 2806 3949 animi
2840 3893 3288 3950 constitutionem
3321 3909 3433 3948 non

1851 4004 1975 4044 esse
2012 3999 2350 4044 secuturum.
2391 3987 2565 4044 Aliter
2589 3987 2814 4052 gLectio
2848 3987 3280 4042 constructionis
3304 4001 3427 4056 quae

1852 4081 2152 4152 hyperbato
2189 4095 2285 4134 seu
2311 4078 2749 4151 transgressione
2771 4085 3010 4143 constat,
3044 4077 3128 4134 sic
3156 4077 3438 4147 c0pulabi-

1853 4181 1980 4227 tur:
2015 4171 2286 4238 Quoniam
2328 4171 2513 4242 igitur,
2547 4177 2608 4224 ut
2637 4168 2856 4240 Scripta
2885 4169 3070 4224 divina
3114 4169 3436 4240 loquuntur,

1851 4265 1948 4336 qui
1986 4265 2132 4320 lotus
2173 4271 2257 4321 est
2303 4279 2413 4319 non
2455 4263 2664 4335 indiget
2691 4263 3025 4333 expiatione,
3063 4261 3170 4317 nisi
3201 4276 3441 4317 summa-

1853 4375 1974 4414 rum
2004 4359 2120 4414 sive
2149 4365 2518 4414 extremarum
2541 4372 2767 4414 suarum
2799 4355 3035 4427 partium
3056 4355 3349 4418 lavatione,
3368 4369 3439 4410 ex

1853 4467 2068 4508 summa
2089 4450 2405 4522 expiatione
2426 4450 2481 4504 in
2512 4448 2863 4505 sanctissimo
2894 4447 3093 4503 divina:
3127 4446 3442 4503 similitudi-

1853 4545 1940 4600 nis
1971 4544 2162 4617 habitu
2192 4550 2245 4600 et
2262 4552 2429 4605 statu.
2455 4558 2567 4598 non
2599 4541 2940 4612 inquinatam
2971 4555 3071 4596 nec
3093 4540 3438 4595 contamina-

167 4611 240 4707 ta;
293 4614 390 4668 τοῦ
449 4616 715 4684 θεοειδοῦς
761 4623 1062 4689 ἀποσώζων
1122 4628 1184 4682 τὸ
1240 4630 1449 4704 πλῆρες
1495 4636 1591 4688 και
1634 4615 1748 4690 ὀλό-

1868 4652 1962 4692 .am
1994 4636 2157 4692 faciet
2182 4637 2657 4693 conversationem
2690 4649 2870 4702 suam;
2898 4640 2951 4688 et
2980 4647 3104 4688 cum
3136 4633 3203 4687 ad
3237 4647 3438 4688 secun—

167 4703 387 4778 κληρον,
443 4711 671 4781 ἄσχετος
712 4711 866 4768 ἔσται
912 4718 1007 4771 καὶ
1045 4719 1329 4788 ἀπόλυτος,
1360 4703 1455 4790 ίώς
1490 4727 1748 4794 καθάπαξ

167 4795 401 4872 ἑνοειδὴς
439 4802 535 4856 καὶ
583 4803 720 4876 πρὸς
763 4805 825 4860 τὸ
865 4806 925 4862 ἓν
979 4805 1135 4877 αὖθις
1173 4815 1390 4882 ὲνιαίως
1433 4820 1752 4894 ἐπιστρεφό-

170 4906 348 4958 μενος.

233 5071 306 5124 ΕΙ
322 5069 410 5141 μὴ
437 5074 552 5144 τῆς
575 5077 696 5133 τῶν
729 5081 947 5152 ἄκρων.
983 5087 1050 5141 Τί
1077 5091 1193 5145 ἐστι
1219 5091 1280 5146 τὸ
1314 5093 1388 5164 μὴ
1418 5093 1626 5150 δεῖσθαι
1657 5097 1750 5150 τὸν

166 5160 494 5260 λουσάμενον
528 5172 722 5246 ἑτέρας
747 5177 965 5248 νίψεως,
1001 5183 1049 5236 εί
1087 5184 1160 5256 μὴ
1193 5184 1263 5239 τὰ
1293 5160 1440 5260 ἀκρα
1471 5187 1750 5260 νίψασθαιο

162 5252 410 5327 δεύτερα
453 5262 510 5316 δέ
562 5282 695 5337 φησι
743 5269 812 5323 τά
840 5252 1098 5345 αἰσθητὰ,
1126 5252 1207 5340 είς
1241 5275 1277 5331 ἀ
1320 5252 1407 5331 διά
1453 5252 1752 5348 φαντασίας

163 5352 508 5424 προσπάσχει
541 5358 574 5428 ἠ
607 5357 776 5432 ψυχή,

245 5442 310 5496 '0
337 5445 452 5513 μὲν
473 5451 650 5518 ἱερός.
676 5454 1013 5526 Σημείωσαι,
1049 5459 1130 5514 ὅτι
1159 5461 1222 5515 οὐ
1252 5461 1454 5536 λουτὴρ
1482 5459 1551 5536 ἦν
1579 5466 1638 5519 ὲν
1669 5465 1754 5538 τῷ

164 5533 337 5606 νόμῳ,
367 5541 458 5594 καὶ
487 5543 570 5596 ὅτι
601 5544 886 5621 σύνταγμα
919 5550 1030 5622 ἔχει
1063 5553 1190 5608 ἀλλο
1214 5555 1340 5627 περὶ
1359 5533 1458 5628 τῆς
1488 5533 1630 5612 κατά
1657 5533 1746 5613 νόλ

172 5641 267 5678 μον
301 5631 602 5706 ίεραρχίας,
633 5638 768 5712 ὅπερ
797 5643 858 5696 οὐ
896 5645 1138 5717 φέρεται.

247 5721 357 5818 Tot—3
381 5725 678 5798 ἱεράρχου.
709 5733 1019 5806 Σημείωσαι
1039 5739 1100 5794 τὸ
1132 5739 1312 5798 ἔνθεον
1332 5742 1426 5798 τοῦ
1451 5743 1638 5817 ἱερέως
1663 5744 1747 5818 [τὸ

171 5810 387 5882 ἀληθῶς
415 5819 794 5898 τελειότατον].

223 5981 251 6019 ει
285 5967 433 6030 loan.
465 5993 590 6048 xm,
629 5980 714 6036 I0.

1847 4730 1916 4786 da
1956 4728 2222 4801 prodierit
2245 4728 2465 4800 benigni
2498 4727 2592 4783 Dei
2625 4727 2949 4789 imitatione,
2978 4733 3037 4780 ιιι
3058 4724 3437 4780 (ιίνίιιωέἱιιιί-

1847 4805 2098 4881 Iitudinis
2125 4822 2514 4894 perfectionem
2549 4821 3026 4891 integritatemque
3048 4818 3312 4883 retinens,
3343 4831 3434 4872 so-

1847 4917 1998 4972 lutus
2027 4918 2132 4973 erit
2159 4933 2225 4973 ac
2261 4916 2418 4980 liber,
2443 4915 2599 4986 quasi
2622 4911 2937 4969 uniusmodi
2959 4920 3014 4969 et
3035 4912 3103 4967 ad
3132 4926 3301 4966 unum
3324 4923 3436 4964 uno

1845 4991 2226 5076 singularique
2262 5006 2424 5060 modo
2454 5011 2756 5059 revertens.

1923 5097 2048 5153 Nisi
2092 5099 2481 5154 summitatum.
2529 5095 2670 5162 Quid
2717 5095 2792 5151 sit
2833 5109 2957 5150 eum
2990 5092 3083 5164 qui
3125 5091 3279 5153 lavit,
3321 5105 3433 5144 non

1849 5206 2008 5262 cgere
2040 5191 2168 5255 alia,
2200 5191 2306 5245 nisi
2337 5197 2709 5246 extremarum
2733 5188 2970 5260 partium
3001 5186 3289 5241 Iavatione.
3338 5182 3434 5237 Sc-

1850 5283 2028 5337 cunda
2073 5289 2231 5338 vocat
2261 5297 2324 5338 ea
2370 5297 2493 5352 qua:
2535 5281 2639 5336 sub
2671 5281 2894 5336 sensum
2939 5278 3162 5341 cadunt,
3213 5276 3278 5329 ad
3310 5289 3434 5346 quae

1850 5377 2066 5432 animus
2095 5375 2279 5446 specie
2310 5390 2374 5430 ac
2401 5373 2538 5429 visis
2567 5372 2822 5429 allicitur.

1920 5467 2095 5522 Porro
2124 5483 2357 5522 sacrant.
2389 5465 2528 5521 Nota
2553 5465 2700 5536 quod
2728 5479 2834 5518 non
2859 5469 2977 5518 erat
3007 5459 3180 5532 pelvis
3205 5460 3260 5514 in
3292 5461 3431 5533 lege,

1853 5567 1908 5616 et
1937 5560 2083 5630 quod
2114 5566 2407 5614 tractatum
2437 5559 2606 5612 alium
2634 5556 2836 5611 habeat
2863 5553 2929 5608 de
2957 5552 3292 5618 hierarchia,
3314 5567 3432 5624 qua:

1853 5652 1908 5707 in
1940 5653 2056 5723 lege
2087 5658 2226 5716 erat,
2253 5651 2346 5721 qui
2374 5665 2486 5705 non
2511 5656 2708 5704 exstat.

1929 5743 2228 5813 Pontiﬁcis.
2249 5743 2386 5798 Nota
2407 5739 2654 5798 divinum
2687 5738 2923 5794 afﬂatum
2949 5739 3254 5798 sacerdotis
3284 5755 3434 5814 ﬁere

1854 5834 2366 5908 perfectissimum].
