3872 6548
456 447 551 501 ii?

1266 437 1607 495 APPENDIX
1646 437 1740 492 AD
1771 434 1997 494 OPEBA
2031 435 2090 495 Β.
2112 433 2411 493 DIONYSII
2449 431 2934 491 AREOPAGITE.
3613 427 3704 482 H8

525 557 612 614 Ad
635 556 985 627 'sacriﬁcium
1023 553 1266 623 expiatos
1312 568 1448 607 esse.
1505 549 1704 606 Divino
1731 546 2004 604 sacriﬁcio

2219 548 2581 617 Ἱερσῳγίαν
2608 543 3105 614 ἀποκεκαθάρθαι.
3152 543 3230 615 Τῇ
3265 540 3388 614 θείᾳ
3435 541 3704 614 ἱερουργίᾳ

456 653 690 708 scilicet.

528 741 874 823 Speculorum
901 738 1253 809 splendorem.
1288 735 1520 806 Specula
1554 734 1792 805 appellat
1813 739 2024 788 sancto-

457 850 578 890 rum
617 835 849 900 animos,
876 832 1023 903 quod
1052 832 1252 886 divinae
1298 830 1411 886 sint
1442 829 1582 884 lucis
1612 840 1866 897 capaces,
1897 825 2037 879 vim-

2132 641 2399 715 δηλονότι.

2216 735 2562 805 Ἐσόπτρων
2606 731 2885 802 ἀγλαΐαν.
2945 726 3229 799 Ἐσοπτρά
3272 743 3408 798 φησι
3456 724 3556 789 τὰς
3608 724 3706 778 τῶν

2134 829 2308 899 ἁγίων
2335 825 2533 897 ψυχὰς,
2566 825 2643 889 ὡς
2671 823 2766 878 τοῦ
2801 824 2948 879 θείου
2981 821 3159 893 φωτὸς
3188 819 3464 886 δεκτικὰς,
3497 819 3592 878 καὶ
3618 819 3706 888 τῆς

457 940 564 994 que
601 939 720 980 eam
760 923 1020 988 habeant,
1066 931 1128 976 ut
1177 920 1420 977 melioris
1449 915 1785 974 conditionis
1828 913 2037 970 similes

2185 922 2447 995 ρείττονος
2472 919 2677 992 λήξεως
2704 915 3131 990 ἀφομοιωτικὰς.

525 1103 814 1159 Penetrare
841 1104 1169 1173 cupientibus
1196 1144 1211 1168 ,
1246 1102 1340 1158 Gr.
1370 1101 1632 1172 ἐφιέντων
1680 1097 1890 1153 δι’ίέναι.
1925 1095 2041 1150 Hoc

2223 1101 2547 1172 Ἐεριέντων
2574 1099 2808 1154 διτέναι.
2837 1095 2949 1150 Καὶ
2966 1093 3062 1148 νῦν
3087 1090 3420 1157 Ἀττικίζων,
3452 1089 3529 1154 ὡς
3559 1087 3704 1158 Ἀθη-

456 1195 620 1250 etiam
636 1193 760 1250 loco
770 1194 951 1250 Attice
968 1196 1218 1264 loquens,
1235 1200 1294 1248 ut
1307 1193 1677 1256 Atheniensis,
1696 1191 1924 1246 verbum
1938 1188 2044 1242 hoc

2185 1197 2308 1261 ιϊος,
2343 1189 2599 1256 συνέταξε
2629 1191 2692 1244 τὸ
2720 1189 2880 1262 ῥητὸν
2912 1188 3157 1258 φάσκων,
3189 1184 3300 1239 τῶν
3335 1181 3704 1256 μαρμαρυγῶν

455 1285 767 1342 construxit
787 1283 982 1340 dicens
1009 1304 1022 1340 :
1047 1282 1170 1337 Τῶν
1188 1283 1567 1356 μαρμαρυγᾶη
1583 1281 1843 1352 ἐφιέντων
1859 1281 2043 1351 splen-

457 1376 687 1434 doribus
718 1377 1106 1446 cupientibus;
1149 1393 1272 1432 cum
1303 1377 1586 1434 debuisset
1615 1375 1798 1431 dicere
1837 1389 1936 1444 per
1965 1373 2045 1428 fe-

459 1469 701 1523 mineum
730 1465 1007 1536 ἐφιεισῶν.
1027 1466 1171 1532 Quin
1197 1466 1365 1521 etiam
1395 1481 1565 1536 supra
1593 1465 1652 1519 in
1680 1464 1824 1519 libro
1851 1462 1930 1516 De
1949 1478 2047 1517 cae-

463 1559 582 1612 lesti
609 1557 933 1622 hierarchia,
962 1572 1084 1628 cap.
1123 1558 1154 1611 7
1173 1557 1366 1614 rfusius
1395 1573 1570 1629 genus
1597 1554 2047 1612 dicendiAttico-

464 1665 584 1704 rum
618 1663 742 1704 esse
780 1647 1100 1716 docuimus;
1128 1649 1204 1703 ibi
1237 1649 1404 1721 igitur
1434 1649 1621 1720 legito.

532 1741 797 1798 Caeterum
845 1725 1110 1810 pontiﬁcis
1165 1740 1285 1796 illa.
1335 1741 1497 1804 Nota.
1557 1757 1657 1798 our
1707 1737 1956 1812 pontifex
1990 1738 2049 1792 in

461 1834 644 1899 altari,
689 1833 807 1888 sive
848 1834 906 1889 in
957 1833 1185 1900 sanctis,
1237 1832 1293 1886 id
1334 1843 1418 1888 est
1445 1843 1570 1887 ante
1624 1831 1738 1896 illa,
1772 1831 2047 1885 abluatur.

531 2027 606 2082 Et
630 2026 977 2082 summitatis.
1013 2022 1254 2078 Summae
1282 2019 1575 2076 lavationis
1607 2017 1842 2074 scilicet.

534 2207 605 2262 Et
633 2208 690 2261 in
716 2213 1008 2276 aspectum.
1046 2201 1264 2257 Diutius
1292 2208 1423 2255 tunc
1443 2199 1660 2254 obtecta
1691 2195 1880 2251 divina
1909 2193 2054 2250 dona

464 2300 780 2364 manebant,
807 2313 985 2368 usque
1013 2295 1083 2350 ad
1113 2303 1335 2365 tempus
1363 2300 1570 2349 sanctae
1598 2288 2008 2346 communionis
2036 2306 2050 2342 :

462 2393 628 2463 idque
674 2391 841 2464 paulo
873 2397 998 2462 post
1047 2388 1322 2458 explicat;
1355 2392 1451 2439 aut
1491 2389 1752 2439 accurata
1785 2384 1919 2448 haec
1963 2391 2051 2438 est

462 2485 782 2557 explicatio,
807 2484 956 2556 quod
986 2479 1230 2552 pontifex
1264 2479 1525 2534 attollens
1548 2483 1800 2533 sanctum
1830 2490 2052 2545 panem,

465 2576 797 2634 ostendebat
841 2573 1304 2636 benedictionem,
1361 2585 1461 2625 seu
1515 2575 1925 2625 sacramentum
1971 2566 2057 2620 di-

465 2685 600 2724 cens
632 2687 647 2724 :
685 2667 892 2723 Sancta
922 2664 1152 2722 sanctis.

540 2761 649 2832 70
679 2759 944 2826 Quanam
972 2773 1155 2827 porro.
1194 2753 1604 2810 Providentiam
1635 2766 1765 2823 erga
1790 2767 1891 2808 nos
1933 2750 2058 2805 uni-

467 2868 706 2920 versam,
736 2851 896 2924 pauci
945 2856 1172 2914 norunt,
1205 2857 1301 2903 aut
1347 2847 1587 2903 forsitan
1627 2860 1696 2900 ne
1725 2844 1884 2915 pauci
1930 2843 2056 2915 qui-

469 2948 592 3005 dem
622 2967 637 3004 :
673 2956 729 3005 et
756 2952 984 3018 propter
1011 2959 1176 3014 quam
1208 2941 1436 2999 oblatio.
1893 2947 1902 2956 ‘

541 3040 954 3110 Opitufatorem,
986 3036 1084 3093 Gr.
1110 3035 1346 3108 ἀρωγόν.
1382 3033 1742 3088 Auxiliarem.

544 3133 873 3191 Humanam.
908 3130 986 3186 De
1013 3130 1298 3185 hominum
1331 3129 1511 3197 lapsu.

545 3308 954 3376 Prtevaricatio,
987 3307 1083 3362 Gr.
1112 3305 1446 3380 ὑπερϐασία.
1478 3300 1898 3374 Transgressio.

546 3404 672 3461 Suis
720 3400 1185 3474 propensionibus.
1235 3398 1351 3453 Hoc
1399 3405 1483 3454 est
1528 3396 1752 3468 proprio
1802 3393 2051 3455 arbitrio.

473 3495 829 3552 Constructio
856 3494 926 3549 ad
968 3508 1034 3548 ea
1065 3506 1188 3563 quae
1216 3506 1385 3561 supra
1425 3489 1571 3545 dicta
1603 3496 1757 3552 sunt,
1787 3489 2055 3559 pertinet;

476 3589 616 3645 dixit
648 3587 798 3644 enim
827 3586 1131 3640 humanam
1162 3592 1416 3638 naturam
1450 3580 1562 3636 vita
1593 3579 1781 3636 multis
1810 3579 1972 3643 malis
2003 3587 2059 3636 et

481 3677 996 3750 perturbationibus
1025 3675 1264 3732 obnoxia
1307 3673 1534 3744 excipit.
1583 3671 1706 3726 Alia
1753 3687 1885 3727 vero
1932 3681 2062 3728 sunt

481 3769 825 3837 intermedia,
857 3769 927 3824 ab
957 3767 1268 3831 ἀκολούθως
1297 3765 1428 3838 γάρ,
1464 3779 1638 3835 usque
1663 3762 1730 3818 ad
1761 3762 1915 3818 ἔνθεν
1946 3763 2062 3817 ἐλε-

479 3865 655 3930 εινῶς.

551 3956 910 4014 Illecebrosis.
944 3953 1238 4013 Olliciosis.

555 4049 849 4122 Originem.
875 4046 1331 4119 Quandoquidem
1377 4052 1555 4101 status
1588 4043 1762 4099 nostri
1793 4041 2060 4110 originem

483 4160 516 4200 a
545 4153 693 4200 terra
724 4128 1028 4210 habemus;
1061 4155 1268 4210 corpus
1295 4141 1438 4194 enim
1469 4142 1722 4191 nostrum
1746 4149 1811 4189 ex
1841 4149 1904 4189 ea
1932 4148 2066 4188 con-

487 4243 640 4292 stat:
671 4234 795 4304 jure
828 4247 893 4292 ac
939 4232 1138 4288 merito
1185 4239 1312 4301 post
1361 4227 1863 4298 transgressionem
1903 4225 2065 4279 ﬁnem

487 4328 652 4384 etiam
693 4324 961 4396 principio
988 4332 1418 4378 consentaneum
1447 4319 1736 4373 habemus.
1770 4315 1830 4370 ln
1861 4322 2067 4370 terram

489 4420 637 4476 enim
661 4417 1010 4474 revertimur.
1037 4411 1490 4484 Quandoquidem
1515 4410 1723 4466 dictum
1753 4408 1827 4464 sit
1852 4427 1865 4462 :
1902 4406 2069 4462 Terra

489 4527 566 4578 es,
593 4519 642 4565 et
670 4510 725 4562 in
753 4518 950 4564 terram
975 4507 1249 4562 reverteris
1273 4515 1318 4560 τ.
1545 4505 1547 4508 ⁴

569 4601 778 4658 Finem.
809 4601 926 4656 Hoc
954 4609 1040 4657 est
1066 4609 1317 4654 mortem.

571 4693 695 4747 Vita
727 4710 844 4765 qua:
881 4693 949 4747 ad
981 4708 1209 4762 superna
1232 4689 1432 4754 tendat,
1465 4685 1560 4744 Gr.
1593 4685 1879 4757 ἀναγώγου
1901 4686 2065 4757 ζωῆς.

506 4778 811 4857 Ἀνάγωγον
841 4788 1010 4842 vitam
1041 4785 1176 4841 dicit
1207 4799 1326 4840 eam
1372 4795 1494 4854 quae
1522 4779 1810 4852 superiora
1837 4780 2065 4852 quaerit,

491 4896 548 4936 et
572 4879 642 4935 ad
671 4881 838 4937 Deum
875 4888 1102 4950 spectat.

563 4971 752 5029 Multis
774 4973 1109 5042 passionibus
1141 4971 1424 5027 obnoxiam
1454 4969 1897 5024 immutationem.
1922 4965 2070 5034 Quid

496 5067 570 5123 sit
599 5067 882 5130 ἀλλοίωσις
914 5067 971 5120 in
1007 5065 1356 5136 corporibus,
1386 5065 1443 5119 in
1471 5064 1614 5119 libro
1649 5061 1726 5118 De
1753 5061 1945 5116 divinis
1973 5076 2070 5115 no-

497 5155 726 5210 minibus
754 5155 1015 5212 diximus.

571 5245 863 5313 Exitiosis,
897 5246 994 5302 Gr.
1025 5247 1330 5320 δυσμενεῖς.
1365 5245 1737 5302 Ᾰίνυιηηοεὶε.

575 5337 638 5392 In
666 5348 840 5394 status
874 5341 1224 5410 privationem
1257 5341 1466 5396 misere.
1505 5340 1562 5394 lu
1591 5345 1771 5395 status
1799 5334 2065 5408 privatio-

594 5525 614 5554 '
648 5517 784 5574 Gcn.
826 5535 908 5585 Ill,
939 5519 1028 5576 i9.

2144 1289 2403 1361 ἐφιέντων
2433 1285 2532 1358 τὴν
2563 1285 2768 1339 οἰκείαν
2789 1281 2982 1352 αἴγλην
3001 1299 3016 1312 ο
3032 1280 3150 1333 δέον
3183 1277 3321 1352 πρὸς
3345 1275 3580 1349 θηλυκὸν
3608 1274 3704 1326 τῶν

2150 1381 2529 1458 μαρμαρυγῶν
2575 1378 2829 1449 ἐφιεισῶν
2860 1377 3056 1439 εἰπεῖν,
3085 1373 3115 1426 ὃ
3150 1372 3215 1444 δὴ
3248 1373 3342 1426 καὶ
3389 1370 3506 1424 ἀνω
3536 1372 3593 1422 ἐν
3623 1385 3706 1421 κε-

2146 1456 2356 1548 φαλαίῳ
2401 1473 2446 1539 ζ’
2489 1471 2583 1526 τοῦ
2633 1469 2774 1539 Περὶ
2823 1467 3110 1536 οὐρανίας
3145 1462 3462 1534 ,ἱεραρχίας
3522 1456 3710 1530 βιϐλίου

2148 1567 2483 1640 πλατύτερον
2514 1564 2812 1634 ἐδείξαμεν,
2833 1560 2909 1621 ὼς
2938 1556 3178 1612 Ἀττικὸν
3218 1555 3281 1608 τὸ
3314 1553 3525 1625 σχῆμα.
3584 1551 3712 1604 Ἐκεῖ

2148 1657 2242 1716 οὖν
2273 1658 2566 1730 ἀνάγνωθι.

2229 1754 2386 1813 Ἡδὲ
2408 1753 2518 1808 τοῦ
2557 1750 2856 1821 ίεράρχσυ.
2899 1745 3236 1819 Σημείωσαι,
3281 1739 3372 1794 διὰ
3401 1738 3455 1792 τί
3495 1737 3588 1791 ἐπὶ
3631 1735 3714 1788 τοῦ

2153 1845 2538 1921 θυσιαστηρίου
2587 1843 2835 1897 νίπτεται
2883 1842 2912 1894 ὁ
2975 1836 3257 1909 ἱεράρχης,
3306 1834 3426 1905 ἦτοι
3479 1830 3574 1884 ἐπὶ
3621 1825 3714 1880 τῶν

2156 1944 2346 2014 ἁγίων,
2385 1937 2662 1994 τουτέστιν
2693 1932 3003 2008 ἔμπροσθεν
3035 1929 3236 2005 αὐτῶν.

2224 2034 2336 2090 Καὶ
2381 2031 2492 2101 τῆς
2525 2027 2878 2098 ἀκροτάτης.
2909 2023 3028 2106 ἥΤῆς
3060 2021 3238 2094 ἀκρας
3268 2016 3594 2088 καθάρσεως
3635 2012 3716 2082 δη-

2153 2127 2307 2198 λαδή.

2225 2196 2337 2273 Καὶ
2379 2218 2480 2272 ὑπ’
2521 2215 2681 2284 ὄψιν.
2713 2211 2930 2266 Μᾶλλον
2959 2207 3081 2262 τότε
3122 2205 3314 2277 ἔμενον
3343 2196 3718 2269 κεκαλυμμένα

2156 2312 2224 2365 τὰ
2256 2311 2374 2365 θεῖα
2405 2309 2576 2381 δῶρα,
2608 2306 2714 2370 ’ἐως
2763 2301 2956 2376 καιροῦ
3006 2301 3106 2371 τῆς
3151 2297 3312 2366 ἁγίας
3348 2289 3717 2381 μεταλήψεσθε·

2156 2398 2252 2452 καὶ
2298 2397 2460 2450 τοῦτο
2487 2379 2656 2467 δηλοῖ
2708 2393 2823 2464 μετ’
2857 2390 3032 2458 ὀλίγα.
3091 2388 3162 2440 Ἢ
3209 2385 3337 2454 τόγε
3376 2381 3621 2454 ἀκριϐὲς,
3650 2379 3720 2430 ὅτι

2157 2488 2430 2560 κουφίζων
2461 2490 2490 2542 ὁ
2539 2486 2802 2561 ἱεράρχης
2832 2482 2924 2535 τὸν
2958 2481 3115 2549 ἅγιον
3160 2478 3346 2550 ἄρτον,
3383 2473 3593 2528 ἐδείκνυ
3634 2468 3718 2541 τὴν

2157 2583 2427 2652 εὐλογίαν,
2458 2579 2656 2649 λέγων·
2701 2577 2772 2631 τὰ
2805 2577 2972 2645 ’Ἅγια
3001 2575 3115 2637 τοῖς
3144 2571 3341 2640 ἁγίοις.

2234 2758 2407 2825 Τινὰς
2439 2755 2558 2827 μὲν
2597 2755 2728 2811 οὖν.
2775 2752 2889 2816 Τὰς
2933 2752 3013 2814 εἰς
3059 2750 3208 2821 ἡμᾶς
3257 2744 3518 2818 προνοίας
3563 2741 3720 2800 πάσας

2156 2851 2326 2920 ὀλίγοι
2376 2851 2554 2911 ῐσασι,
2600 2846 2742 2919 τάχα
2781 2845 2839 2899 δὲ
2884 2841 3006 2896 οὐδὲ
3036 2840 3208 2910 ὀλίγοι
3254 2838 3402 2892 ίσασι
3420 2853 3434 2867 ο
3472 2835 3570 2890 καὶ
3610 2831 3722 2904 περὶ

2155 2943 2302 3008 τινος
2331 2944 2365 3014 ἡ
2389 2939 2748 3016 προσκομιδή.

2244 3032 2518 3102 Ἀρωγόν.
2555 3020 2777 3102 Βοηθόν.

2235 3124 2356 3194 Τὴν
2388 3123 2784 3192 ἀνθρωπείαν.
2825 3118 2964 3191 Περὶ
2991 3117 3093 3189 τῆς
3121 3114 3231 3169 τῶν
3263 3109 3572 3184 ἀνθρώπων
3603 3109 3722 3164 ἀπο-

2083 3236 2126 3294 C
2159 3218 2438 3283 πτώσεως.

2241 3309 2623 3377 Ὑπερόασία.
2658 3303 3004 3381 Παραϐασία.

2235 3404 2489 3468 Οικειαις
2528 3399 2767 3469 ῥοπαῖς.
2804 3398 2872 3451 ’Ὀ
2922 3400 3070 3451 ἐστιν
3101 3393 3439 3467 αὐθαιρέτως
3475 3389 3544 3444 ὀ.
3589 3387 3650 3442 Ἦ
3675 3385 3723 3438 δὲ

2165 3495 2416 3560 σύνταξις
2449 3494 2587 3564 πρὸς
2629 3491 2699 3545 τὰ
2744 3488 2858 3545 ἅνω
2905 3487 3177 3562 εἰρημένα
3223 3485 3406 3541 ἐστίν’
3454 3479 3580 3538 εἷπε
3607 3479 3722 3550 γὰρ.

2161 3591 2244 3643 δτι
2291 3587 2391 3659 τὴν
2439 3583 2787 3656 ἀνθρωπείαν
2837 3580 2998 3652 φύσιν
3045 3581 3080 3651 ή
3132 3576 3584 3646 πολυωθεπάτη
3628 3570 3724 3650 ζωὴ

2161 3681 2480 3752 διαδέχεται.
2515 3677 2597 3730 Τὰ
2627 3676 2685 3729 δὲ
2715 3674 2850 3731 ἄλλα
2881 3671 2970 3728 διὰ
3003 3671 3191 3743 μέσου,
3225 3669 3334 3724 ἀπὸ
3363 3666 3458 3722 τοῦ
3494 3667 3725 3724 ἀκολου-

2163 3779 2278 3841 θως
2306 3774 2418 3842 γὰρ
2441 3770 2547 3833 ἐως
2577 3767 2672 3821 τοῦ
2703 3766 2880 3820 ἐνθεν
2907 3762 3202 3828 ἐλεεινῶς.

2236 3947 2599 4012 Θελκτικαῖς.
2633 3941 3083 4014 Θεραπευτικαῒς.

2239 4045 2309 4100 Τὸ
2334 4043 2444 4115 τῆς
2466 4039 2679 4111 ἀρχῆς.
2722 4033 2939 4104 Ἐπειδὴ
2972 4032 3067 4087 καὶ
3099 4027 3273 4101 ἀρχὴν
3302 4027 3402 4098 τῆς
3434 4023 3729 4080 συστάσεως

2167 4143 2233 4194 ἐκ
2261 4138 2366 4210 γῆς
2399 4112 2626 4208 ἔχομεν’
2661 4131 2723 4185 τὸ
2752 4131 2860 4203 γὰρ
2913 4123 3223 4197 σωματικὸν
3254 4119 3413 4210 ἡμῶν
3445 4116 3509 4182 ἐξ
3540 4112 3724 4210 αύτῆς⁹

2166 4206 2395 4293 είκύτως
2431 4206 2568 4299 μετὰ
2615 4223 2716 4296 τὴν
2747 4219 3058 4292 παράϐασιν
3092 4214 3186 4269 καὶ
3215 4212 3276 4266 τὸ
3305 4209 3457 4272 τέλος
3507 4206 3728 4279 πρόσφο-

2170 4341 2264 4395 ρον
2309 4321 2503 4392 ἔχομεν
2563 4319 2632 4388 τῇ
2691 4316 2834 4387 ἀρχῇ
2862 4329 2876 4342 ·
2940 4312 3020 4374 είς
3070 4307 3174 4378 γῆν
3225 4301 3334 4377 γὰρ
3391 4299 3725 4395 ἀναλύοντεςο

2168 4393 2293 4468 ἐπεὶ
2323 4411 2552 4485 ἐρρήθη,
2580 4409 2664 4464 ὅτι
2690 4405 2781 4476 Γῆ
2819 4406 2893 4471 εἴ,
2923 4402 3021 4458 καὶ
3055 4403 3142 4467 είς
3170 4399 3288 4470 γῆν
3315 4393 3646 4460 ἁπελεύσῃ.

2097 4578 2142 4634 Ῑ)
2241 4591 2453 4660 Πέρας.
2488 4584 2749 4641 Τουτέστι
2778 4580 2870 4635 τδν
2899 4577 3148 4632 θάνατον.

2258 4649 2590 4753 ’Λα-αγώγου
2623 4676 2791 4746 ζωῆς.
2849 4668 3156 4740 Ἀναγωγὺν
3343 4659 3491 4732 ζωὴν
3532 4659 3646 4753 τὴνΔ
3676 4649 3734 4705 τὰ

2178 4779 2292 4835 ἀνω
2360 4749 2629 4846 ζήτοῧσαν
2662 4809 2679 4836 ,
2744 4768 2840 4822 καὶ
2903 4764 3042 4836 πρὸς
3099 4760 3234 4815 Θεὸν
3290 4749 3733 4826 ἐπεστραμμένην

2179 4867 2796 5018 φηἕολυπαθεστάτιηίν·
2821 4943 3169 5003 ἀλλοίωσιν.
3205 4938 3271 4992 Τί
3302 4939 3450 4992 ἐστιν
3469 4931 3735 4989 ἀλλοίωσις

2178 5053 2271 5108 ἐπὶ
2317 5046 2605 5120 σωμάτων,
2657 5043 2716 5096 ἐν
2764 5037 2843 5110 τῷ
2891 5035 3031 5106 Περὶ
3085 5031 3207 5088 τῶν
3244 5028 3419 5086 θείων
3449 5021 3738 5097 ὀνομάτων

2174 5142 2538 5217 διεξήλθομεν.

2245 5231 2587 5305 Δυσμενεῖς.
2622 5221 3033 5296 Ταλαιπὼρους.

2249 5330 2353 5394 Et;
2368 5295 2752 5394 dwaapé'lac
2778 5295 3044 5385 οίκινρῶς.
3083 5311 3179 5378 Εἰς
3211 5305 3549 5383 ἀνυπαρξίαν
3579 5301 3635 5360 δὲ
3660 5295 3734 5354 διὰ

1389 5711 1622 5768 VABUE
1663 5707 2043 5767 LEGTIUNES
2077 5707 2164 5764 ET
2201 5691 2750 5762 CORRECTIONES.

573 5895 617 5928 '°
647 5911 736 5965 γρ.
775 5894 1130 5968 αὐθαιρέτως.
