3872 6562
158 443 264 499 H9

945 440 1004 500 S.
1037 440 1287 498 MAXIM]
1329 439 1624 496 SCIIOLIA
1657 439 1723 496 IN
1757 441 1887 499 LIB.
1930 442 2020 498 DE
2051 442 2331 499 ECCLES.
2368 441 2741 504 IIIERARCII.

3331 447 3430 503 150

151 559 260 627 τὴν
289 559 598 632 ἁμαρτίαν·
633 561 662 614 6
708 559 816 634 γάρ
861 560 1182 634 ἁμαρτωλὸς
1226 560 1428 632 τρόπον
1477 561 1601 615 τινὰ
1650 562 1748 634 οὐχ

1873 580 1976 620 rem
2023 571 2250 634 prepter
2293 572 2612 634 peccatum;
2660 571 2917 633 peccator
2942 559 3090 618 enim
3162 559 3432 631 quodam-

156 650 435 723 ὑπάρχει·
470 652 531 706 τὸ
563 651 672 724 γὰρ
707 653 876 706 κακὸν
903 652 1273 726 ἀνύπαρκτον.

231 739 652 814 ΓΑπειροτάτη
697 746 1128 814 φιλανθρωπία.
1169 744 1313 816 ,Περὶ
1342 744 1444 816 τῆς
1477 745 1748 818 ὲνανθρω-

155 837 403 907 πήσεως,
437 838 520 890 ὅτι
552 837 758 908 ταύτην
790 835 1189 910 φιλανθρώπως
1221 837 1574 909 ἐνήργησεν.]

249 929 600 999 Αὐτουργὸν
627 928 815 1000 ἡμῶν.
851 929 1168 1002 Σημείωσαι
1200 927 1300 1000 τὴν
1333 929 1620 1002 ἀκρίϐειαν
1643 929 1752 984 τῶν

149 1019 468 1091 δογμάτων,
502 1021 564 1076 ὲν
595 1021 969 1093 πολυπληθείᾳ
1001 1019 1200 1086 λέξεων
1235 1021 1608 1093 φραζομένην,
1658 1024 1753 1076 καὶ

153 1112 506 1184 πολεμοῦσαν
541 1113 750 1177 πάντας
782 1112 1123 1184 αἱρετικούς·
1159 1112 1221 1165 τὸ
1256 1112 1355 1183 μὲν
1386 1112 1496 1186 γάρ
1530 1113 1752 1185 αὐτουρ-

149 1205 251 1273 γὸν
282 1205 538 1274 γενέσθαι
584 1205 683 1278 τὴν
716 1206 796 1270 είς
839 1206 987 1276 ἡμᾶς
1028 1205 1287 1278 πρόνοιαν
1327 1203 1422 1258 τοῦ
1481 1204 1617 1258 Θεοῦ
1659 1205 1751 1277 δη-

149 1296 256 1361 λοῖ,
309 1297 394 1350 ὅτι
446 1297 607 1362 αὐτὸς
649 1294 717 1370 ἦν
749 1301 778 1354 6
822 1298 954 1362 Θεὸς
987 1297 1160 1366 Λόγος
1187 1314 1201 1328 ο
1253 1296 1314 1350 οὐ
1353 1294 1458 1367 μὴν
1491 1296 1648 1361 ἄλλος
1693 1299 1752 1351 ὲν

150 1390 322 1462 ἄλλῳ,
361 1389 437 1455 ὥς
469 1409 616 1456 τινες
664 1392 946 1463 μαίνονται
996 1393 1094 1444 σὺν
1144 1388 1447 1462 Νεστορίῳ.
1493 1388 1567 1442 Τὸ
1595 1389 1652 1442 δὲ
1693 1391 1752 1443 ὲν

149 1481 351 1554 ἀληθεῖ
384 1483 599 1554 μεθέξει
633 1484 853 1538 πάντων
883 1483 992 1538 τῶν
1024 1481 1307 1554 ἡμετέρων
1351 1481 1752 1553 ἀναμαρτήτως

150 1571 250 1626 καὶ
281 1573 641 1644 Μανιχαίους,
666 1575 760 1627 καὶ
779 1572 1206 1645 Εὐτυχιανιστὰς
1229 1572 1298 1636 ’⁸,
1316 1572 1410 1626 καὶ
1443 1570 1753 1624 Ἀπολλινα-

150 1663 371 1734 ριστὰς,
435 1665 530 1718 καὶ
589 1664 952 1734 Ἀκεφάλους,
1001 1665 1096 1718 καὶ
1155 1664 1365 1728 πάντας
1415 1659 1752 1728 ἁπαξαπλῶς

147 1756 282 1819 τοὺς
311 1757 686 1829 αἱρετίζοντας
719 1757 1064 1810 καταϐάλλει.

227 1847 480 1916 Ἕξεως.
529 1849 604 1902 Τὸ
647 1848 816 1915 ἕξεως
865 1849 1099 1903 ἐνταῦθα
1159 1850 1218 1904 οὐ
1269 1849 1554 1922 ποιότητος
1604 1865 1750 1912 τινος

150 1940 399 2012 ἑμμόνου
433 1941 674 2013 νοητέον,
707 1939 842 1994 ἀλλὰ
877 1939 1151 2007 καθέξεως
1183 1941 1284 1995 καὶ
1312 1941 1597 2014 διαμονῆς,
1623 1943 1750 2012 ,ήτοι

150 2033 560 2103 κατασχέσεως.

229 2130 313 2182 Οὐ
359 2128 510 2182 κατὰ
547 2127 823 2198 δύναμιν.
859 2125 1194 2198 Σημείωσαι,
1237 2125 1320 2180 ὅτι
1352 2125 1453 2180 οὐκ
1503 2128 1562 2180 ὲν
1609 2125 1754 2198 ἰσχύϊ

153 2219 411 2292 ἐνίκησεν
444 2223 472 2276 6
516 2220 749 2294 Χριστὸς
794 2219 888 2273 τὸν
935 2220 1202 2284 Σατανᾶν,
1239 2217 1375 2273 ἁλλά
1424 2219 1608 2293 κρίσει
1659 2219 1753 2272 καὶ⁵

152 2313 496 2386 δικαιοσύνῃ.
551 2312 720 2367 Τοῦτο
771 2311 865 2365 καὶ
905 2311 1204 2384 Γρηγόριος
1248 2311 1277 2365 6
1309 2309 1533 2381 Νύσσης
1585 2312 1642 2364 ὲν
1673 2309 1752 2382 τῷ

151 2403 551 2474 Κατηχητικῷ
580 2421 790 2474 φησιν.

237 2499 501 2553 Ὀλϐίου.
532 2497 816 2551 Πλουσίου.

233 2589 538 2646 ’Λνείδεον
566 2589 844 2645 κάλλεσι.
871 2589 984 2644 Καὶ
1015 2587 1275 2660 ἀνωτέρω
1323 2586 1496 2651 οὕτως
1517 2585 1747 2658 ἔφημεν,

149 2685 234 2737 δτι
264 2682 544 2738 ἀνείδεον
573 2681 635 2735 τὸ
666 2682 766 2754 τῆς
798 2681 1025 2752 ἀγνοίας
1063 2679 1257 2743 σκότος
1291 2679 1450 2750 φησί.
1486 2678 1749 2750 Σημαίνει

150 2775 208 2830 δὲ
241 2778 286 2808 ³³
315 2775 416 2847 τήν
450 2774 769 2848 ἐλευθερίαν
801 2773 980 2846 ήμῶν.

237 2863 714 2936 Ἐναγεστάτων.
750 2863 1182 2935 Μεμιασμένων.

226 2955 255 3026 ς
315 2954 431 3011 XII.
505 2955 620 3010 Ἀεὶ
675 2953 806 3021 ταῖς
852 2954 1240 3024 ἱεραρχικαῖς.
1289 2953 1405 3024 Τῆς
1451 2952 1750 3026 θεαρχικῆς

151 3048 511 3118 ἁγαθότητος,
545 3047 621 3111 ὼς
654 3046 759 3117 ἔφη
792 3048 852 3100 ὲν
883 3047 1024 3118 ἀρχῇ
1058 3044 1152 3099 τοῦ
1187 3045 1502 3115 κεφαλαίου.

233 3139 549 3210 ’Υμνήσας
597 3137 666 3192 δὲ
709 3140 828 3193 καί.
891 3137 1150 3192 Τουτέστι
1194 3137 1288 3192 τὸν
1337 3137 1500 3211 ἄρτον
1550 3138 1646 3192 καὶ
1688 3135 1750 3190 τὸ

1851 655 2015 710 modo
2061 672 2169 710 non
2212 655 2463 720 exsistit;
2497 653 2701 708 malum
2733 654 2878 708 enim
2913 653 3234 708 exsistentia
3258 660 3429 708 caret.

1924 745 2047 819 [Dei
2084 746 2396 816 principalis
2442 744 2715 800 bonitatis.
2755 743 2892 815 Agit”
2919 743 2986 799 de
3015 742 3430 812 Incarnatione;

1851 839 1998 910 quod
2028 854 2148 894 eam
2183 837 2618 892 misericorditer
2647 835 2984 908 perfecerit.]

1924 929 2030 985 Per
2057 947 2112 985 se
2151 940 2454 999 operantem
2498 929 2687 984 nostri.
2722 927 2860 984 Nota
2890 935 3206 982 accuratam
3235 929 3432 984 obser-

1850 1024 2125 1078 vationem
2170 1023 2543 1086 decretorum,
2579 1037 2702 1092 qua:
2738 1020 2795 1076 in
2839 1020 3193 1076 multitudine
3236 1020 3435 1074 dictio-

1853 1133 1984 1171 num
2031 1116 2257 1182 dicitur,
2293 1125 2683 1186 expugnatque
2723 1128 2914 1169 omnes
2944 1113 3250 1170 haereticos.
3295 1112 3432 1167 Nam

1853 1226 1950 1281 per
1973 1225 2033 1265 se
2061 1219 2377 1280 operantem
2413 1207 2581 1263 fuisse
2605 1221 2732 1277 erga
2763 1221 2864 1261 nos
2892 1204 2984 1260 Dei
3011 1204 3430 1276 providentiam,

1853 1300 2116 1366 declarat,
2152 1299 2299 1372 quod
2331 1299 2573 1356 Verbum
2622 1299 2766 1354 idem
2794 1306 2913 1354 erat
2945 1297 3118 1364 Deus;
3164 1312 3273 1351 non
3301 1312 3432 1351 vero

1853 1394 1995 1449 alius
2038 1393 2093 1447 in
2148 1393 2276 1458 alio,
2314 1399 2375 1446 ut
2418 1391 2641 1463 quidam
2677 1406 2802 1445 cum
2844 1388 3098 1446 Nestorio
3128 1389 3429 1448 insaniunt.
3499 1381 3502 1384 ’

1853 1485 1990 1540 Illud
2014 1501 2164 1549 vero,
2194 1485 2250 1540 in
2285 1499 2410 1540 vera
2441 1484 2864 1556 participatione
2899 1482 3142 1536 omnium
3171 1496 3292 1550 quae
3333 1496 3434 1534 uo-

1854 1589 1969 1635 stra
2009 1585 2139 1634 sunt
2166 1578 2285 1633 sine
2313 1588 2564 1648 peccato,
2597 1589 2651 1632 et
2696 1575 3026 1630 Manichaeos
3056 1581 3110 1628 et
3138 1571 3434 1643 Eutychia-

1853 1687 1979 1736 nos,
2013 1680 2068 1728 et
2099 1671 2470 1742 Apollinarios
2515 1679 2570 1726 et
2614 1668 2941 1740 Acephalos,
2987 1674 3042 1723 et
3070 1680 3182 1721 uno
3211 1663 3434 1720 nomine

1855 1779 2048 1819 omnes
2079 1763 2368 1819 haereticos
2402 1762 2726 1833 prosternit.

1930 1854 2134 1908 Habitu
2179 1871 2269 1908 seu
2317 1864 2484 1917 statu,
2533 1852 2630 1909 Gr.
2677 1852 2865 1918 ἕξεως.
2903 1850 3109 1918 Ἔξεως
3154 1849 3260 1904 hoc
3288 1848 3432 1911 loco,

1854 1965 1964 2003 non
1987 1947 2270 2019 qualitatis
2295 1945 2582 2017 cujusdam
2613 1945 2826 2001 stabilis
2857 1942 3267 2014 intelligendum
3295 1959 3308 1995 :
3336 1941 3431 1996 sed

1853 2039 2362 2113 comprehensionis
2388 2046 2442 2094 et
2476 2037 2753 2093 ﬁrmitatis
2783 2046 2878 2090 aut
2911 2034 3252 2090 retentionis.

1926 2131 2049 2187 Non
2089 2132 2311 2188 viribus.
2348 2130 2490 2186 Nota
2513 2129 2794 2185 Christum
2826 2143 2937 2182 non
2967 2127 3070 2197 71
3117 2121 3315 2180 robore
3350 2123 3434 2175 vi-

1852 2225 1996 2280 cisse
2033 2225 2347 2292 diaholum,;
2383 2224 2477 2280 sed
2505 2223 2714 2293 judicio
2776 2228 2829 2276 et
2856 2220 3092 2290 iustitia.
3125 2217 3239 2274 Hoc
3267 2217 3432 2273 etiam

1852 2315 2150 2389 Gregorius
2178 2314 2460 2386 Nysseuus
2487 2315 2543 2370 in
2573 2313 2903 2370 Catecketico
2934 2311 3086 2367 dicit.

1926 2493 2113 2559 Beato,
2143 2492 2239 2548 Gr.
2271 2491 2473 2546 ὀλϐίου.
2510 2490 2696 2556 Diviti,
2728 2489 2974 2561 copioso.

1925 2586 2220 2656 Informem
2241 2584 2746 2656 pulchritudinibus.
2777 2582 2956 2637 Etiam
2987 2597 3152 2652 supra
3184 2583 3256 2635 ita
3283 2581 3432 2637 dixi-

1851 2694 1998 2742 mus,
2026 2677 2173 2749 quod
2198 2678 2438 2732 ἀνείδεον
2459 2677 2820 2748 ignorationis
2844 2675 3136 2746 caliginem
3157 2673 3324 2730 dicat.
3347 2672 3438 2729 δίε

1851 2769 2074 2840 gniﬁcat
2105 2777 2286 2824 autem
2321 2768 2626 2823 libertatem
2660 2777 2929 2824 nostram.

1926 2861 2285 2917 thdissimis.
2311 2861 2832 2932 Coinquinatorum.

1925 2955 1954 3027 §
1983 2954 2100 3010 Xll.
2138 2953 2354 3024 Semper
2395 2953 2761 3009 hierarchicis.
2794 2951 3008 3007 Divina}
3031 2952 3426 3021 bonitatis,.cic-

1851 3062 1909 3107 ut
1972 3047 2113 3106 dixit
2139 3048 2197 3102 in
2231 3046 2504 3118 principio
2533 3045 2754 3117 capitis.

1923 3139 2278 3204 Collaudans,
2310 3147 2412 3194 etc.
2447 3136 2504 3192 Id
2547 3146 2653 3203 est,
2686 3152 2882 3208 panem
2911 3143 2968 3193 et
3013 3137 3242 3193 calicem
3273 3135 3432 3192 bene-

152 3230 414 3301 ποτήριον
446 3227 685 3298 εὐλογῶν
716 3228 826 3282 τῶν
867 3227 1038 3297 ἁγίων
1069 3226 1278 3300 δώρων.
1331 3227 1648 3300 Σημείωσαι
1692 3227 1748 3282 δὲ

1873 3235 2043 3291 licens
2063 3239 2380 3290 sanctorum
2407 3231 2700 3286 donorum.
2729 3229 2866 3286 Nota
2892 3245 3026 3288 vero
3052 3229 3201 3301 quod
3229 3229 3432 3300 ubique

151 3322 232 3374 ὅτι
282 3319 564 3393 πανταχοῦ
613 3320 948 3392 συμϐολικὴν
992 3319 1142 3388 λέγει
1191 3318 1294 3390 τὴν
1342 3319 1494 3374 θείαν
1529 3321 1746 3392 ἱερουρ-

152 3415 298 3483 γίαν,
336 3415 432 3469 καὶ
463 3414 532 3468 τὰ
566 3413 698 3484 ἅγια
729 3413 878 3488 δῶρα
913 3412 1160 3485 σύμϐολα
1203 3412 1312 3466 τῶν
1345 3413 1458 3468 ἀνω
1492 3413 1588 3467 καὶ
1617 3412 1748 3484 ἀλη-

154 3507 486 3580 θινωτέρων.

221 3600 338 3655 Τὸν
365 3600 477 3670 γὰρ
505 3597 1055 3670 ἐγκεκαλυμμένον.
1091 3598 1248 3654 Οῦτω
1279 3599 1375 3652 καὶ
1407 3598 1516 3664 πρὸ
1559 3597 1744 3665 ὀλίγου

154 3692 390 3765 εἴρηται,
423 3693 506 3745 ὅτι
540 3691 958 3763 κεκαλυμμένον
985 3691 1148 3762 ἔμενε
1178 3691 1244 3744 τὸ
1273 3690 1418 3744 θεῖον
1449 3689 1622 3762 δῶρον
1641 3690 1747 3755 ἓως

158 3783 352 3859 καιροῦ
390 3783 772 3855 μεταλήψεως,
807 3785 857 3836 εί
897 3784 972 3855 μὴ
1005 3783 1116 3858 ἄρα
1148 3781 1564 3854 κεκαλυμμένον
1595 3781 1749 3852 λέγε-

154 3893 241 3929 ται
272 3876 335 3929 τὸ
367 3875 478 3929 ἀπὸ
508 3875 617 3928 τῶν
644 3875 854 3929 πολλῶν
887 3875 982 3929 καὶ
1001 3875 1106 3941 ἐξω
1138 3874 1414 3941 ἑστώτων,
1441 3875 1537 3929 καὶ
1557 3874 1746 3938 ἁπλῶς

155 3964 357 4019 λαῑκῶν
389 3965 915 4038 ἀποκεκρυμμένον.

229 4049 300 4102 Τὸ
329 4050 442 4120 γὰρ
469 4051 540 4105 ἐν
567 4052 685 4116 ικαὶ
709 4053 970 4108 ἁπλοῦν.
1023 4052 1242 4126 Ἐπειδὴ
1274 4055 1388 4109 ’καὶ
1431 4054 1610 4127 ψυχὴν
1628 4071 1746 4108 νοε-

159 4142 256 4216 ρὰν
286 4145 384 4199 καὶ
409 4144 573 4216 σῶμα
602 4147 787 4218 γήϊνον
819 4145 999 4199 ἔλαϐε.
1025 4144 1152 4218 [Ἐξ
1183 4147 1342 4218 ἡμῶν
1373 4149 1745 4222 είδοποιούμε-

156 4251 262 4302 νον,
295 4237 444 4292 τοῦτ’
476 4239 592 4292 ἔστι
623 4239 685 4292 τὸ
730 4238 851 4293 καθ’
893 4241 1041 4310 ἡμᾶς
1073 4238 1233 4304 εἶδος,
1284 4241 1453 4312 ήγουν
1505 4241 1606 4313 τὴν
1646 4243 1747 4312 φύ-

160 4342 241 4380 σιν
270 4327 501 4401 λαϐών.]
535 4329 848 4401 Σημείωσαι
879 4329 936 4383 δὲ
987 4329 1105 4394 πῶς
1151 4332 1397 4384 κοινωνοὶ
1444 4331 1594 4396 θείας
1640 4333 1744 4403 φύ-

161 4435 294 4483 σεως
337 4420 604 4492 γινόμεθα
654 4422 876 4494 Χριστῷ
927 4422 1224 4494 ἑνούμενοι.
1283 4423 1596 4494 Σημείωσαι
1649 4425 1741 4478 καὶ

158 4511 226 4565 τά
254 4515 382 4585 περὶ
425 4515 526 4585 τῆς
556 4516 884 4587 οἰκονομίας,
917 4517 1012 4570 καὶ
1041 4517 1127 4580 τίς
1157 4518 1185 4570 6
1227 4516 1436 4586 φανεὶς,
1467 4517 1563 4571 καὶ
1592 4518 1674 4582 τίς
1707 4520 1740 4590 ή

159 4602 345 4668 κλάσις
373 4604 469 4658 τοῦ
499 4606 688 4678 ἄρτου,
719 4609 814 4661 καὶ
845 4607 1094 4680 διανομή.

227 4701 364 4752 Κατ’
402 4699 609 4767 ἄκρον.
647 4700 691 4752 Τ
693 4700 907 4754 ουτέστι
942 4703 1062 4755 κατ’
1096 4701 1273 4773 ἄκραν
1298 4701 1492 4756 ἕνωσιν
1526 4703 1620 4756 καὶ
1649 4721 1741 4756 τε·

159 4788 323 4854 λείαν,
358 4793 452 4845 καὶ
483 4791 714 4864 οὐσιὼδη
749 4793 869 4846 καθ’
903 4793 1200 4848 ὑπόστασιν
1232 4793 1428 4866 ἀληθῆ.

239 4966 591 5036 Ἀλωϐήτου.
637 4970 946 5035 Ἀϐλαϐοῦς.

225 5059 347 5128 Χρὴ
375 5061 486 5130 γὰρ
514 5059 692 5132 ἡμᾶς.
725 5064 1041 5136 Σημείωσαι
1069 5064 1156 5129 τίς
1187 5064 1217 5117 6
1244 5063 1448 5128 σκοπὸς
1477 5064 1572 5118 τοῦ
1587 5067 1737 5138 ζΧρι-

161 5154 470 5224 στιανισμοῦ
487 5156 555 5212 ⁸³.

241 5243 368 5297 Ὑπ⁹
396 5246 541 5315 ὄψιν
577 5246 757 5318 ἄγων.
799 5249 936 5320 Περὶ
965 5248 1061 5302 τοῦ
1100 5249 1306 5321 Κυρίου
1351 5248 1510 5320 ήμῶν
1559 5247 1735 5320 Ἰησοῦ

160 5335 394 5408 Χριστοῦ
419 5339 656 5394 ἐνταῦθά
687 5357 850 5412 φησιν
885 5341 946 5394 οὐ
984 5340 1346 5412 συμϐολικῶς,
1385 5341 1445 5394 ὃν
1485 5342 1582 5396 καὶ
1609 5359 1738 5413 νοη-

159 5426 260 5496 τὴν
305 5429 458 5500 ήμῶν
515 5431 620 5503 ἔφη
654 5431 820 5504 ζωήν.
866 5433 941 5486 Τὸ
983 5433 1040 5486 δὲ
1080 5433 1382 5500 παντελεῖ,
1422 5434 1609 5506 ἐπειδὴ
1643 5435 1737 5488 καὶ

161 5517 337 5592 ψυχήν
368 5524 580 5596 νοεράν,
611 5527 706 5580 καί
740 5526 898 5597 σῶμα
918 5528 1104 5598 γήϊνον
1128 5526 1378 5582 ἀνέλαϐε.
1414 5528 1526 5580 Καὶ
1557 5526 1737 5591 καλῶς

1851 3325 2248 3384 sacramentaie
2289 3322 2426 3378 dicit
2454 3322 2703 3378 divinum
2748 3323 3104 3387 sacriﬁcium,
3138 3329 3193 3377 et
3239 3328 3436 3376 sancta

1848 3419 1993 3475 dona
2023 3425 2371 3474 sacramenta
2399 3431 2524 3472 esse
2553 3416 2884 3482 caelestium,
2914 3423 2970 3472 et
2998 3415 3298 3472 veriorum.

1923 3595 2176 3665 Opertum
2205 3596 2366 3650 enim.
2408 3593 2502 3650 Sic
2531 3595 2698 3650 etiam
2731 3593 2896 3665 paulo
2930 3601 3056 3648 ante
3083 3591 3290 3648 dictum
3321 3601 3426 3656 est,

1847 3688 1994 3760 quod
2035 3699 2286 3760 opertum
2317 3688 2576 3743 manebat
2617 3685 2862 3741 divinum
2906 3685 3110 3740 donum
3144 3700 3320 3755 usque
3361 3685 3430 3739 ad

1847 3791 2065 3855 tempus
2095 3781 2532 3848 communionis;
2579 3779 2688 3835 nisi
2716 3778 2860 3833 forte
2905 3785 3156 3848 opertum
3187 3776 3427 3840 dicitur,

1846 3874 1900 3930 id
1925 3873 2072 3946 quod
2094 3873 2283 3930 multis
2313 3880 2369 3928 et
2394 3871 2462 3926 iis
2483 3871 2576 3942 qui
2601 3877 2758 3927 extra
2786 3875 2951 3937 stant,
2979 3876 3034 3948 et
3051 3885 3159 3924 uno
3183 3868 3426 3933 nomine,

1846 3966 2002 4022 laicis
2037 3965 2315 4021 occultum
2339 3970 2444 4019 est.

1924 4057 2148 4112 Unicum
2182 4057 2322 4112 enim
2345 4053 2505 4119 illud,
2536 4071 2600 4108 ac
2626 4054 2872 4124 simplex.
2897 4051 3348 4124 Quandoquidem
3373 4062 3430 4108 et

1847 4151 2085 4205 animam
2117 4148 2565 4213 intellectualem,
2588 4154 2643 4202 et
2665 4161 2868 4217 corpus
2887 4153 3164 4201 terrenum
3193 4146 3423 4215 accepit.

1849 4240 1950 4313 [Ex
1977 4241 2139 4295 nobis
2167 4238 2460 4303 formatus,
2490 4237 2597 4294 hoc
2620 4245 2726 4303 est,
2753 4238 2935 4308 specie
2966 4225 3063 4293 seu
3103 4244 3297 4290 natura
3323 4252 3425 4290 no-

1847 4341 1960 4386 stra
1993 4327 2321 4403 assumpta.]
2348 4327 2489 4383 Nota
2515 4343 2668 4392 vero,
2703 4325 2979 4399 quomodo
3007 4325 3303 4395 participes
3343 4325 3426 4378 di-

1844 4423 1986 4477 vinae
2031 4429 2244 4476 natura:
2286 4420 2594 4476 efﬁciamur
2620 4421 2843 4475 Christo
2875 4419 3052 4473 uniti:
3094 4425 3224 4470 nota
3263 4418 3429 4471 etiam

1844 4528 1907 4567 ea
1931 4527 2052 4582 qua:
2073 4511 2506 4566 incarnationem
2535 4511 2833 4582 attingunt,
2851 4520 2904 4566 et
2927 4509 3054 4580 quis
3077 4509 3424 4578 apparuerit:

1781 4618 1822 4672 υ
1846 4619 1968 4674 qua:
1997 4603 2070 4658 sit
2100 4603 2299 4656 fractio
2329 4601 2488 4671 panis
2519 4611 2572 4656 et
2604 4599 2945 4656 distributio.

1921 4692 2028 4747 Per
2057 4707 2342 4756 summam,
2365 4689 2461 4744 Gr.
2489 4691 2611 4742 κατ’
2643 4687 2831 4760 ἄκρον.
2860 4685 2918 4740 Id
2946 4695 3031 4739 est
3053 4697 3266 4739 summa
3295 4697 3432 4736 con-

1838 4783 2125 4854 junctione
2153 4791 2210 4840 et
2235 4783 2500 4855 perlecta,
2543 4791 2708 4852 atque
2737 4775 3087 4835 substantiali
3120 4774 3423 4829 secundum

1843 4892 2026 4932 veram
2053 4875 2486 4932 subsistentiam.

1918 4968 2313 5033 Immaculata,
2348 4965 2444 5022 Gr.
2473 4965 2776 5035 ἀλωϐήτου.
2814 4961 3088 5014 Ιηηοουω.

1921 5061 2138 5130 Oportet
2185 5062 2326 5115 enim
2373 5075 2489 5116 nos.
2537 5056 2700 5119 Nota,
2753 5055 2878 5125 quis
2923 5053 3049 5109 ﬁnis
3097 5047 3424 5106 Christiana

1844 5152 2216 5224 perfectionis.

1916 5245 2026 5302 Sub
2057 5253 2327 5314 aspectum
2358 5241 2647 5296 adducens.
2681 5239 2758 5295 De
2787 5237 3018 5294 Domino
3059 5239 3252 5288 nostro
3287 5228 3420 5284 Jcsu

1843 5337 2065 5393 Christo
2107 5337 2213 5391 hoc
2241 5335 2362 5390 loco
2390 5335 2522 5390 dicit
2551 5349 2661 5388 non
2693 5347 2789 5404 per
2817 5331 3003 5401 signa;
3052 5338 3213 5395 quem
3251 5323 3418 5377 etiam

1844 5430 2146 5501 spiritalem
2172 5429 2339 5482 vitam
2366 5435 2614 5482 nostram
2641 5441 2765 5481 esse
2783 5423 2942 5478 dixit.
2973 5418 3212 5474 Verbum
3236 5423 3416 5469 autem

1849 5521 2102 5576 παντελεῖ
2133 5520 2388 5586 adhibet;
2419 5524 2707 5588 propterea
2741 5514 2887 5585 quod
2917 5520 2970 5568 et
2997 5508 3239 5564 animum
3266 5519 3419 5560 meu-

1043 5707 1283 5766 VARIA‘I
1323 5706 1712 5766 LECTIONES
1751 5709 1838 5764 ET
1877 5705 2440 5766 CORRECTIONES.

235 5881 278 5913 "
311 5882 713 5957 Εὑτυχιανιτάς.
784 5887 828 5918 ’³
863 5885 1163 5957 σημείωσαι
1190 5885 1273 5945 δέ.
1335 5885 1748 5958 ’³Χριττιανῶν.
1783 5899 1794 5920 ι
