  <div class='ocr_page' id='page_1' title='image "/cluster/home/n/w/nwhite01/storage/ocr_20150623/4/hvd.32044014713200/083.png"; bbox 0 0 3860 6532; ppageno 0'>
   <div class='ocr_carea' id='block_1_1' title="bbox 447 387 545 442">
    <p class='ocr_par' dir='ltr' id='par_1_1' title="bbox 447 387 545 442">
     <span class='ocr_line' id='line_1_1' title="bbox 447 387 545 442; baseline 0.02 -2"><span class='ocrx_word' id='word_1_1' title='bbox 447 387 545 442; x_wconf 66' lang='grc' dir='ltr'><strong>15ῒ</strong></span> 
     </span>
    </p>
   </div>
   <div class='ocr_carea' id='block_1_2' title="bbox 1221 375 2913 454">
    <p class='ocr_par' dir='ltr' id='par_1_2' title="bbox 1221 375 2913 454">
     <span class='ocr_line' id='line_1_2' title="bbox 1221 375 2913 454; baseline -0.005 -14"><span class='ocrx_word' id='word_1_2' title='bbox 1221 376 1572 440; x_wconf 68' lang='grc' dir='ltr'><strong>ἎΡΡΕΝΒΙΧ</strong></span> <span class='ocrx_word' id='word_1_3' title='bbox 1607 385 1699 440; x_wconf 86' lang='lat' dir='ltr'><strong>AD</strong></span> <span class='ocrx_word' id='word_1_4' title='bbox 1731 379 1961 440; x_wconf 77' lang='grc' dir='ltr'><strong>ΟΡΕΒᾹ</strong></span> <span class='ocrx_word' id='word_1_5' title='bbox 1991 377 2388 454; x_wconf 82' lang='lat' dir='ltr'><strong>S._DIONYSII</strong></span> <span class='ocrx_word' id='word_1_6' title='bbox 2425 375 2913 432; x_wconf 64' lang='lat' dir='ltr'><strong>AREOPAGszE.</strong></span> 
     </span>
    </p>
   </div>
   <div class='ocr_carea' id='block_1_3' title="bbox 3622 375 3727 428">
    <p class='ocr_par' dir='ltr' id='par_1_3' title="bbox 3622 375 3727 428">
     <span class='ocr_line' id='line_1_3' title="bbox 3622 375 3727 428; baseline -0.019 0"><span class='ocrx_word' id='word_1_7' title='bbox 3622 375 3727 428; x_wconf 65' lang='grc'><strong>152</strong></span> 
     </span>
    </p>
   </div>
   <div class='ocr_carea' id='block_1_4' title="bbox 443 487 2016 574">
    <p class='ocr_par' dir='ltr' id='par_1_4' title="bbox 443 500 2016 574">
     <span class='ocr_line' id='line_1_4' title="bbox 443 500 2016 574; baseline -0.001 -19"><span class='ocrx_word' id='word_1_8' title='bbox 443 503 517 555; x_wconf 86' lang='lat' dir='ltr'><strong>tis</strong></span> <span class='ocrx_word' id='word_1_9' title='bbox 560 503 903 574; x_wconf 76' lang='lat' dir='ltr'><strong>participem,</strong></span> <span class='ocrx_word' id='word_1_10' title='bbox 947 509 1001 555; x_wconf 91' lang='lat' dir='ltr'><strong>et</strong></span> <span class='ocrx_word' id='word_1_11' title='bbox 1034 509 1313 556; x_wconf 86' lang='lat' dir='ltr'><strong>terrenum</strong></span> <span class='ocrx_word' id='word_1_12' title='bbox 1345 515 1548 571; x_wconf 83' lang='lat' dir='ltr'><strong>corpus</strong></span> <span class='ocrx_word' id='word_1_13' title='bbox 1593 501 1817 571; x_wconf 87' lang='lat' dir='ltr'><strong>accipit.</strong></span> <span class='ocrx_word' id='word_1_14' title='bbox 1851 500 2016 556; x_wconf 79' lang='lat' dir='ltr'><strong>Recte</strong></span> 
     </span>
    </p>
   </div>
   <div class='ocr_carea' id='block_1_5' title="bbox 2152 487 3728 574">
    <p class='ocr_par' dir='ltr' id='par_1_5' title="bbox 2152 487 3728 563">
     <span class='ocr_line' id='line_1_5' title="bbox 2152 487 3728 563; baseline -0.008 -12"><span class='ocrx_word' id='word_1_15' title='bbox 2152 495 2276 551; x_wconf 84' lang='grc' dir='ltr'>ἶπεν</span> <span class='ocrx_word' id='word_1_16' title='bbox 2308 494 2633 563; x_wconf 69' lang='grc' dir='ltr'>ἁσυγχύτῳ</span> <span class='ocrx_word' id='word_1_17' title='bbox 2677 489 3162 560; x_wconf 68' lang='grc' dir='ltr'>ἐνανθρωπιξσειο</span> <span class='ocrx_word' id='word_1_18' title='bbox 3216 487 3398 560; x_wconf 79' lang='grc' dir='ltr'>ἔμεινε</span> <span class='ocrx_word' id='word_1_19' title='bbox 3431 487 3542 560; x_wconf 82' lang='grc' dir='ltr'><strong>γὰρ</strong></span> <span class='ocrx_word' id='word_1_20' title='bbox 3589 487 3728 550; x_wconf 76' lang='grc' dir='ltr'>Θεὸς</span> 
     </span>
    </p>
   </div>
   <div class='ocr_carea' id='block_1_6' title="bbox 440 592 2025 661">
    <p class='ocr_par' dir='ltr' id='par_1_6' title="bbox 440 592 2025 661">
     <span class='ocr_line' id='line_1_6' title="bbox 440 592 2025 661; baseline 0.001 -15"><span class='ocrx_word' id='word_1_21' title='bbox 440 592 605 646; x_wconf 84' lang='lat' dir='ltr'><strong>ctiam</strong></span> <span class='ocrx_word' id='word_1_22' title='bbox 631 593 769 647; x_wconf 80' lang='lat' dir='ltr'><strong>dixit</strong></span> <span class='ocrx_word' id='word_1_23' title='bbox 789 592 1068 661; x_wconf 83' lang='lat' dir='ltr'><strong>inconfusa</strong></span> <span class='ocrx_word' id='word_1_24' title='bbox 1090 592 1438 646; x_wconf 85' lang='lat' dir='ltr'><strong>humanitatis</strong></span> <span class='ocrx_word' id='word_1_25' title='bbox 1457 594 1846 661; x_wconf 77' lang='lat' dir='ltr'><strong>assumptione;</strong></span> <span class='ocrx_word' id='word_1_26' title='bbox 1870 609 2025 648; x_wconf 84' lang='lat' dir='ltr'><strong>man-</strong></span> 
     </span>
    </p>
   </div>
   <div class='ocr_carea' id='block_1_7' title="bbox 442 683 2023 754">
    <p class='ocr_par' dir='ltr' id='par_1_7' title="bbox 442 683 2023 754">
     <span class='ocr_line' id='line_1_7' title="bbox 442 683 2023 754; baseline 0.001 -16"><span class='ocrx_word' id='word_1_27' title='bbox 442 683 514 738; x_wconf 89' lang='lat' dir='ltr'><strong>sit</strong></span> <span class='ocrx_word' id='word_1_28' title='bbox 542 683 687 738; x_wconf 90' lang='lat' dir='ltr'><strong>enim</strong></span> <span class='ocrx_word' id='word_1_29' title='bbox 716 683 859 738; x_wconf 88' lang='lat' dir='ltr'><strong>Deus</strong></span> <span class='ocrx_word' id='word_1_30' title='bbox 887 684 980 752; x_wconf 89' lang='lat' dir='ltr'><strong>qui</strong></span> <span class='ocrx_word' id='word_1_31' title='bbox 1006 683 1169 737; x_wconf 85' lang='lat' dir='ltr'><strong>homo</strong></span> <span class='ocrx_word' id='word_1_32' title='bbox 1193 684 1345 740; x_wconf 88' lang='lat' dir='ltr'><strong>visus</strong></span> <span class='ocrx_word' id='word_1_33' title='bbox 1367 691 1470 751; x_wconf 89' lang='lat' dir='ltr'><strong>est,</strong></span> <span class='ocrx_word' id='word_1_34' title='bbox 1503 686 1738 741; x_wconf 76' lang='lat' dir='ltr'><strong>servatis</strong></span> <span class='ocrx_word' id='word_1_35' title='bbox 1772 687 2023 754; x_wconf 87' lang='lat' dir='ltr'><strong>utrisque</strong></span> 
     </span>
    </p>
   </div>
   <div class='ocr_carea' id='block_1_8' title="bbox 440 772 2022 844">
    <p class='ocr_par' dir='ltr' id='par_1_8' title="bbox 440 772 2022 844">
     <span class='ocr_line' id='line_1_8' title="bbox 440 772 2022 844; baseline 0.003 -18"><span class='ocrx_word' id='word_1_36' title='bbox 440 781 651 826; x_wconf 67' lang='lat' dir='ltr'><strong>natura:</strong></span> <span class='ocrx_word' id='word_1_37' title='bbox 680 772 1143 844; x_wconf 72' lang='lat' dir='ltr'><strong>proprietatibus;</strong></span> <span class='ocrx_word' id='word_1_38' title='bbox 1175 780 1230 829; x_wconf 91' lang='lat' dir='ltr'><strong>ct</strong></span> <span class='ocrx_word' id='word_1_39' title='bbox 1260 781 1389 828; x_wconf 89' lang='lat' dir='ltr'><strong>nota</strong></span> <span class='ocrx_word' id='word_1_40' title='bbox 1405 781 1600 829; x_wconf 87' lang='lat' dir='ltr'><strong>contra</strong></span> <span class='ocrx_word' id='word_1_41' title='bbox 1629 774 2022 838; x_wconf 84' lang='lat' dir='ltr'><strong>Apollinarios.</strong></span> 
     </span>
    </p>
   </div>
   <div class='ocr_carea' id='block_1_9' title="bbox 513 863 2025 937">
    <p class='ocr_par' dir='ltr' id='par_1_9' title="bbox 513 863 2025 937">
     <span class='ocr_line' id='line_1_9' title="bbox 513 863 2025 937; baseline 0.001 -20"><span class='ocrx_word' id='word_1_42' title='bbox 513 863 770 918; x_wconf 80' lang='lat' dir='ltr'><strong>Nostram</strong></span> <span class='ocrx_word' id='word_1_43' title='bbox 813 865 1037 932; x_wconf 79' lang='lat' dir='ltr'><strong>speciem</strong></span> <span class='ocrx_word' id='word_1_44' title='bbox 1081 865 1405 920; x_wconf 76' lang='lat' dir='ltr'><strong>induentem.</strong></span> <span class='ocrx_word' id='word_1_45' title='bbox 1453 867 1509 928; x_wconf 81' lang='lat' dir='ltr'><strong>Id</strong></span> <span class='ocrx_word' id='word_1_46' title='bbox 1541 875 1625 923; x_wconf 86' lang='lat' dir='ltr'><strong>est</strong></span> <span class='ocrx_word' id='word_1_47' title='bbox 1656 867 1894 937; x_wconf 86' lang='lat' dir='ltr'><strong>speciem</strong></span> <span class='ocrx_word' id='word_1_48' title='bbox 1925 881 2025 919; x_wconf 81' lang='lat' dir='ltr'><strong>no-</strong></span> 
     </span>
    </p>
   </div>
   <div class='ocr_carea' id='block_1_10' title="bbox 440 959 1641 1028">
    <p class='ocr_par' dir='ltr' id='par_1_10' title="bbox 440 959 1641 1028">
     <span class='ocr_line' id='line_1_10' title="bbox 440 959 1641 1028; baseline 0.001 -15"><span class='ocrx_word' id='word_1_49' title='bbox 440 967 606 1014; x_wconf 85' lang='lat' dir='ltr'><strong>stram</strong></span> <span class='ocrx_word' id='word_1_50' title='bbox 635 959 749 1014; x_wconf 89' lang='lat' dir='ltr'><strong>sive</strong></span> <span class='ocrx_word' id='word_1_51' title='bbox 780 965 1034 1013; x_wconf 87' lang='lat' dir='ltr'><strong>naturam</strong></span> <span class='ocrx_word' id='word_1_52' title='bbox 1067 972 1192 1012; x_wconf 92' lang='lat' dir='ltr'><strong>cum</strong></span> <span class='ocrx_word' id='word_1_53' title='bbox 1224 959 1641 1028; x_wconf 88' lang='lat' dir='ltr'><strong>assumpsissct.</strong></span> 
     </span>
    </p>
   </div>
   <div class='ocr_carea' id='block_1_11' title="bbox 506 1048 2024 1120">
    <p class='ocr_par' dir='ltr' id='par_1_11' title="bbox 506 1048 2024 1120">
     <span class='ocr_line' id='line_1_11' title="bbox 506 1048 2024 1120; baseline 0.001 -17"><span class='ocrx_word' id='word_1_54' title='bbox 506 1049 801 1118; x_wconf 86' lang='lat' dir='ltr'><strong>Participes</strong></span> <span class='ocrx_word' id='word_1_55' title='bbox 841 1049 953 1104; x_wconf 90' lang='lat' dir='ltr'><strong>Dei.</strong></span> <span class='ocrx_word' id='word_1_56' title='bbox 993 1049 1152 1112; x_wconf 74' lang='lat' dir='ltr'><strong>Nota,</strong></span> <span class='ocrx_word' id='word_1_57' title='bbox 1187 1050 1462 1119; x_wconf 90' lang='lat' dir='ltr'><strong>quomodo</strong></span> <span class='ocrx_word' id='word_1_58' title='bbox 1492 1048 1792 1120; x_wconf 85' lang='lat' dir='ltr'><strong>participes</strong></span> <span class='ocrx_word' id='word_1_59' title='bbox 1822 1048 2024 1104; x_wconf 72' lang='lat' dir='ltr'><strong>divina:</strong></span> 
     </span>
    </p>
   </div>
   <div class='ocr_carea' id='block_1_12' title="bbox 436 1143 1557 1212">
    <p class='ocr_par' dir='ltr' id='par_1_12' title="bbox 436 1143 1557 1212">
     <span class='ocr_line' id='line_1_12' title="bbox 436 1143 1557 1212; baseline 0 -14"><span class='ocrx_word' id='word_1_60' title='bbox 436 1153 644 1199; x_wconf 66' lang='lat' dir='ltr'><strong>naturae</strong></span> <span class='ocrx_word' id='word_1_61' title='bbox 668 1144 957 1207; x_wconf 80' lang='lat' dir='ltr'><strong>ellicimur,</strong></span> <span class='ocrx_word' id='word_1_62' title='bbox 991 1143 1214 1198; x_wconf 88' lang='lat' dir='ltr'><strong>Christo</strong></span> <span class='ocrx_word' id='word_1_63' title='bbox 1244 1143 1557 1212; x_wconf 88' lang='lat' dir='ltr'><strong>conjuncti.</strong></span> 
     </span>
    </p>
   </div>
   <div class='ocr_carea' id='block_1_13' title="bbox 507 1234 2021 1308">
    <p class='ocr_par' dir='ltr' id='par_1_13' title="bbox 507 1234 2021 1308">
     <span class='ocr_line' id='line_1_13' title="bbox 507 1234 2021 1308; baseline -0.006 -14"><span class='ocrx_word' id='word_1_64' title='bbox 507 1237 614 1306; x_wconf 79' lang='lat'><strong>72</strong></span> <span class='ocrx_word' id='word_1_65' title='bbox 649 1235 676 1308; x_wconf 84' lang='lat'>§</span> <span class='ocrx_word' id='word_1_66' title='bbox 722 1235 864 1292; x_wconf 81' lang='lat' dir='ltr'><strong>XIV.</strong></span> <span class='ocrx_word' id='word_1_67' title='bbox 896 1234 963 1290; x_wconf 84' lang='lat' dir='ltr'><strong>In</strong></span> <span class='ocrx_word' id='word_1_68' title='bbox 993 1238 1295 1307; x_wconf 77' lang='lat' dir='ltr'><strong>gratiarum</strong></span> <span class='ocrx_word' id='word_1_69' title='bbox 1335 1236 1617 1301; x_wconf 75' lang='lat' dir='ltr'><strong>actionem,</strong></span> <span class='ocrx_word' id='word_1_70' title='bbox 1670 1235 1766 1298; x_wconf 85' lang='grc' dir='ltr'><strong>Εἰς</strong></span> <span class='ocrx_word' id='word_1_71' title='bbox 1798 1234 2021 1307; x_wconf 84' lang='grc' dir='ltr'>εὐχαρι-</span> 
     </span>
    </p>
   </div>
   <div class='ocr_carea' id='block_1_14' title="bbox 439 1327 1286 1384">
    <p class='ocr_par' dir='ltr' id='par_1_14' title="bbox 439 1327 1286 1384">
     <span class='ocr_line' id='line_1_14' title="bbox 439 1327 1286 1384; baseline 0.001 -2"><span class='ocrx_word' id='word_1_72' title='bbox 439 1328 610 1382; x_wconf 76' lang='grc' dir='ltr'>στίαν.</span> <span class='ocrx_word' id='word_1_73' title='bbox 649 1328 726 1384; x_wconf 91' lang='lat' dir='ltr'><strong>De</strong></span> <span class='ocrx_word' id='word_1_74' title='bbox 756 1327 1096 1384; x_wconf 84' lang='lat' dir='ltr'><strong>eucliaristia</strong></span> <span class='ocrx_word' id='word_1_75' title='bbox 1129 1327 1286 1383; x_wconf 85' lang='lat' dir='ltr'><strong>dicit.</strong></span> 
     </span>
    </p>
   </div>
   <div class='ocr_carea' id='block_1_15' title="bbox 511 1417 2021 1489">
    <p class='ocr_par' dir='ltr' id='par_1_15' title="bbox 511 1417 2021 1489">
     <span class='ocr_line' id='line_1_15' title="bbox 511 1417 2021 1489; baseline -0.001 -16"><span class='ocrx_word' id='word_1_76' title='bbox 511 1418 945 1473; x_wconf 82' lang='lat' dir='ltr'><strong>Distributionem</strong></span> <span class='ocrx_word' id='word_1_77' title='bbox 970 1418 1250 1473; x_wconf 81' lang='lat' dir='ltr'><strong>antecedit.</strong></span> <span class='ocrx_word' id='word_1_78' title='bbox 1286 1417 1666 1474; x_wconf 89' lang='lat' dir='ltr'><strong>Communiler</strong></span> <span class='ocrx_word' id='word_1_79' title='bbox 1693 1420 1904 1489; x_wconf 80' lang='grc' dir='ltr'>ἡγεῖται</span> <span class='ocrx_word' id='word_1_80' title='bbox 1922 1431 2021 1487; x_wconf 86' lang='lat' dir='ltr'><strong>pro</strong></span> 
     </span>
    </p>
   </div>
   <div class='ocr_carea' id='block_1_16' title="bbox 436 1510 2020 1584">
    <p class='ocr_par' dir='ltr' id='par_1_16' title="bbox 436 1510 2020 1584">
     <span class='ocr_line' id='line_1_16' title="bbox 436 1510 2020 1584; baseline 0 -20"><span class='ocrx_word' id='word_1_81' title='bbox 436 1514 760 1584; x_wconf 84' lang='grc' dir='ltr'>προηγεῖται</span> <span class='ocrx_word' id='word_1_82' title='bbox 790 1511 1050 1583; x_wconf 86' lang='lat' dir='ltr'><strong>ponitur;</strong></span> <span class='ocrx_word' id='word_1_83' title='bbox 1081 1510 1227 1582; x_wconf 90' lang='lat' dir='ltr'><strong>quod</strong></span> <span class='ocrx_word' id='word_1_84' title='bbox 1252 1511 1490 1582; x_wconf 88' lang='lat' dir='ltr'><strong>primum</strong></span> <span class='ocrx_word' id='word_1_85' title='bbox 1517 1519 1733 1580; x_wconf 85' lang='lat' dir='ltr'><strong>oportet</strong></span> <span class='ocrx_word' id='word_1_86' title='bbox 1763 1511 2020 1566; x_wconf 88' lang='lat' dir='ltr'><strong>sacerdo-</strong></span> 
     </span>
    </p>
   </div>
   <div class='ocr_carea' id='block_1_17' title="bbox 436 1601 2017 1676">
    <p class='ocr_par' dir='ltr' id='par_1_17' title="bbox 436 1601 2017 1676">
     <span class='ocr_line' id='line_1_17' title="bbox 436 1601 2017 1676; baseline 0.001 -19"><span class='ocrx_word' id='word_1_87' title='bbox 436 1613 487 1659; x_wconf 97' lang='lat' dir='ltr'><strong>te</strong></span> <span class='ocrx_word' id='word_1_88' title='bbox 511 1621 540 1658; x_wconf 85' lang='grc' dir='ltr'><strong>ιι</strong></span> <span class='ocrx_word' id='word_1_89' title='bbox 574 1616 812 1669; x_wconf 77' lang='lat' dir='ltr'><strong>sumere,</strong></span> <span class='ocrx_word' id='word_1_90' title='bbox 849 1613 1014 1675; x_wconf 89' lang='lat' dir='ltr'><strong>atque</strong></span> <span class='ocrx_word' id='word_1_91' title='bbox 1045 1605 1118 1658; x_wconf 87' lang='lat' dir='ltr'><strong>ita</strong></span> <span class='ocrx_word' id='word_1_92' title='bbox 1150 1605 1580 1666; x_wconf 79' lang='lat' dir='ltr'><strong>communicare,</strong></span> <span class='ocrx_word' id='word_1_93' title='bbox 1628 1601 1880 1675; x_wconf 90' lang='lat' dir='ltr'><strong>Sumptio</strong></span> <span class='ocrx_word' id='word_1_94' title='bbox 1911 1604 2017 1676; x_wconf 80' lang='lat' dir='ltr'><strong>igi-</strong></span> 
     </span>
    </p>
   </div>
   <div class='ocr_carea' id='block_1_18' title="bbox 436 1696 2019 1769">
    <p class='ocr_par' dir='ltr' id='par_1_18' title="bbox 436 1696 2019 1769">
     <span class='ocr_line' id='line_1_18' title="bbox 436 1696 2019 1769; baseline 0.001 -17"><span class='ocrx_word' id='word_1_95' title='bbox 436 1710 525 1752; x_wconf 89' lang='lat' dir='ltr'><strong>tur</strong></span> <span class='ocrx_word' id='word_1_96' title='bbox 552 1707 606 1753; x_wconf 88' lang='lat' dir='ltr'><strong>et</strong></span> <span class='ocrx_word' id='word_1_97' title='bbox 635 1698 948 1753; x_wconf 87' lang='lat' dir='ltr'><strong>communio</strong></span> <span class='ocrx_word' id='word_1_98' title='bbox 993 1697 1116 1767; x_wconf 90' lang='lat' dir='ltr'><strong>ejus</strong></span> <span class='ocrx_word' id='word_1_99' title='bbox 1159 1698 1254 1769; x_wconf 86' lang='lat' dir='ltr'><strong>qui</strong></span> <span class='ocrx_word' id='word_1_100' title='bbox 1299 1697 1521 1758; x_wconf 86' lang='lat' dir='ltr'><strong>obtulit,</strong></span> <span class='ocrx_word' id='word_1_101' title='bbox 1555 1696 1844 1769; x_wconf 85' lang='lat' dir='ltr'><strong>mysticam</strong></span> <span class='ocrx_word' id='word_1_102' title='bbox 1890 1698 2019 1753; x_wconf 89' lang='lat' dir='ltr'><strong>reli-</strong></span> 
     </span>
    </p>
   </div>
   <div class='ocr_carea' id='block_1_19' title="bbox 433 1790 1473 1862">
    <p class='ocr_par' dir='ltr' id='par_1_19' title="bbox 433 1790 1473 1862">
     <span class='ocr_line' id='line_1_19' title="bbox 433 1790 1473 1862; baseline 0 -16"><span class='ocrx_word' id='word_1_103' title='bbox 433 1807 669 1862; x_wconf 89' lang='lat' dir='ltr'><strong>quorum</strong></span> <span class='ocrx_word' id='word_1_104' title='bbox 701 1790 1146 1847; x_wconf 88' lang='lat' dir='ltr'><strong>distributionem</strong></span> <span class='ocrx_word' id='word_1_105' title='bbox 1176 1790 1473 1847; x_wconf 87' lang='lat' dir='ltr'><strong>antecedit.</strong></span> 
     </span>
    </p>
   </div>
   <div class='ocr_carea' id='block_1_20' title="bbox 2127 579 3729 661">
    <p class='ocr_par' dir='ltr' id='par_1_20' title="bbox 2127 579 3729 661">
     <span class='ocr_line' id='line_1_20' title="bbox 2127 579 3729 661; baseline -0.006 -18"><span class='ocrx_word' id='word_1_106' title='bbox 2127 589 2410 661; x_wconf 83' lang='grc' dir='ltr'>ἄνθρωπος</span> <span class='ocrx_word' id='word_1_107' title='bbox 2455 585 2661 657; x_wconf 71' lang='grc' dir='ltr'>ὀφθεὶς,</span> <span class='ocrx_word' id='word_1_108' title='bbox 2714 585 2808 639; x_wconf 74' lang='grc' dir='ltr'>καὶ</span> <span class='ocrx_word' id='word_1_109' title='bbox 2841 584 3111 656; x_wconf 74' lang='grc' dir='ltr'><strong>ἑκατέρας</strong></span> <span class='ocrx_word' id='word_1_110' title='bbox 3147 582 3363 652; x_wconf 81' lang='grc' dir='ltr'>φύσεως</span> <span class='ocrx_word' id='word_1_111' title='bbox 3416 581 3608 645; x_wconf 79' lang='grc' dir='ltr'>σώζων</span> <span class='ocrx_word' id='word_1_112' title='bbox 3654 579 3729 634; x_wconf 83' lang='grc' dir='ltr'><strong>τά</strong></span> 
     </span>
    </p>
   </div>
   <div class='ocr_carea' id='block_1_21' title="bbox 2131 673 3636 752">
    <p class='ocr_par' dir='ltr' id='par_1_21' title="bbox 2131 673 3636 752">
     <span class='ocr_line' id='line_1_21' title="bbox 2131 673 3636 752; baseline -0.005 -17"><span class='ocrx_word' id='word_1_113' title='bbox 2131 679 2425 752; x_wconf 74' lang='grc' dir='ltr'>ἰδιώματαο</span> <span class='ocrx_word' id='word_1_114' title='bbox 2466 677 2562 733; x_wconf 72' lang='grc' dir='ltr'><strong>καὶ</strong></span> <span class='ocrx_word' id='word_1_115' title='bbox 2593 679 2900 751; x_wconf 87' lang='grc' dir='ltr'>σημείωσαι</span> <span class='ocrx_word' id='word_1_116' title='bbox 2932 677 3075 738; x_wconf 72' lang='grc' dir='ltr'>κατὰ</span> <span class='ocrx_word' id='word_1_117' title='bbox 3122 673 3636 747; x_wconf 81' lang='grc' dir='ltr'>Ἀπολλιναριστῶν.</span> 
     </span>
    </p>
   </div>
   <div class='ocr_carea' id='block_1_22' title="bbox 2207 853 3729 931">
    <p class='ocr_par' dir='ltr' id='par_1_22' title="bbox 2207 853 3729 931">
     <span class='ocr_line' id='line_1_22' title="bbox 2207 853 3729 931; baseline -0.008 -14"><span class='ocrx_word' id='word_1_118' title='bbox 2207 861 2311 927; x_wconf 77' lang='grc' dir='ltr'><strong>Ἐξ</strong></span> <span class='ocrx_word' id='word_1_119' title='bbox 2336 859 2508 931; x_wconf 74' lang='grc' dir='ltr'>ἡμῶν</span> <span class='ocrx_word' id='word_1_120' title='bbox 2527 858 3039 928; x_wconf 78' lang='grc' dir='ltr'>είδοποιούμενον.</span> <span class='ocrx_word' id='word_1_121' title='bbox 3062 855 3322 909; x_wconf 88' lang='grc' dir='ltr'>Τουτέστι</span> <span class='ocrx_word' id='word_1_122' title='bbox 3348 854 3409 908; x_wconf 81' lang='grc' dir='ltr'>τὸ</span> <span class='ocrx_word' id='word_1_123' title='bbox 3430 853 3554 908; x_wconf 83' lang='grc' dir='ltr'>καθ’</span> <span class='ocrx_word' id='word_1_124' title='bbox 3574 853 3729 924; x_wconf 77' lang='grc' dir='ltr'>ἡμᾶς</span> 
     </span>
    </p>
   </div>
   <div class='ocr_carea' id='block_1_23' title="bbox 2125 949 3097 1026">
    <p class='ocr_par' dir='ltr' id='par_1_23' title="bbox 2125 949 3097 1026">
     <span class='ocr_line' id='line_1_23' title="bbox 2125 949 3097 1026; baseline -0.007 -18"><span class='ocrx_word' id='word_1_125' title='bbox 2125 949 2283 1018; x_wconf 76' lang='grc' dir='ltr'>εἶδος,</span> <span class='ocrx_word' id='word_1_126' title='bbox 2318 955 2487 1026; x_wconf 73' lang='grc' dir='ltr'>ἤγουν</span> <span class='ocrx_word' id='word_1_127' title='bbox 2519 953 2620 1025; x_wconf 81' lang='grc' dir='ltr'><strong>τὴν</strong></span> <span class='ocrx_word' id='word_1_128' title='bbox 2651 951 2814 1022; x_wconf 83' lang='grc' dir='ltr'>φύσιν</span> <span class='ocrx_word' id='word_1_129' title='bbox 2845 950 3097 1004; x_wconf 82' lang='grc' dir='ltr'>λαϐόντα.</span> 
     </span>
    </p>
   </div>
   <div class='ocr_carea' id='block_1_24' title="bbox 2196 1041 3725 1116">
    <p class='ocr_par' dir='ltr' id='par_1_24' title="bbox 2196 1041 3725 1116">
     <span class='ocr_line' id='line_1_24' title="bbox 2196 1041 3725 1116; baseline -0.005 -15"><span class='ocrx_word' id='word_1_130' title='bbox 2196 1047 2480 1101; x_wconf 78' lang='grc' dir='ltr'>Κοινωνοὶ</span> <span class='ocrx_word' id='word_1_131' title='bbox 2544 1045 2712 1101; x_wconf 84' lang='grc' dir='ltr'><strong>Θεοῦ.</strong></span> <span class='ocrx_word' id='word_1_132' title='bbox 2761 1043 3075 1116; x_wconf 80' lang='grc' dir='ltr'>Σημείωσαι</span> <span class='ocrx_word' id='word_1_133' title='bbox 3113 1042 3232 1108; x_wconf 86' lang='grc' dir='ltr'><strong>πῶς</strong></span> <span class='ocrx_word' id='word_1_134' title='bbox 3271 1041 3519 1097; x_wconf 79' lang='grc' dir='ltr'>κοινωνοὶ</span> <span class='ocrx_word' id='word_1_135' title='bbox 3567 1041 3725 1104; x_wconf 89' lang='grc' dir='ltr'>θείας</span> 
     </span>
    </p>
   </div>
   <div class='ocr_carea' id='block_1_25' title="bbox 2125 1137 3240 1210">
    <p class='ocr_par' dir='ltr' id='par_1_25' title="bbox 2125 1137 3240 1210">
     <span class='ocr_line' id='line_1_25' title="bbox 2125 1137 3240 1210; baseline -0.001 -17"><span class='ocrx_word' id='word_1_136' title='bbox 2125 1139 2338 1210; x_wconf 81' lang='grc' dir='ltr'>φύσεως</span> <span class='ocrx_word' id='word_1_137' title='bbox 2365 1139 2649 1210; x_wconf 77' lang='grc' dir='ltr'><strong>γινόμεθα,</strong></span> <span class='ocrx_word' id='word_1_138' title='bbox 2685 1137 2905 1210; x_wconf 82' lang='grc' dir='ltr'>Χριστῷ</span> <span class='ocrx_word' id='word_1_139' title='bbox 2939 1138 3240 1209; x_wconf 80' lang='grc' dir='ltr'>ὲνούμενοι.</span> 
     </span>
    </p>
   </div>
   <div class='ocr_carea' id='block_1_26' title="bbox 2198 1228 3544 1307">
    <p class='ocr_par' dir='ltr' id='par_1_26' title="bbox 2198 1228 3544 1307">
     <span class='ocr_line' id='line_1_26' title="bbox 2198 1228 3544 1307; baseline -0.004 -19"><span class='ocrx_word' id='word_1_140' title='bbox 2198 1234 2226 1307; x_wconf 65' lang='grc' dir='ltr'><strong>ς</strong></span> <span class='ocrx_word' id='word_1_141' title='bbox 2256 1234 2396 1290; x_wconf 80' lang='lat' dir='ltr'><strong>XIV.</strong></span> <span class='ocrx_word' id='word_1_142' title='bbox 2428 1238 2532 1301; x_wconf 76' lang='grc' dir='ltr'><strong>Εἰς</strong></span> <span class='ocrx_word' id='word_1_143' title='bbox 2555 1233 2968 1303; x_wconf 84' lang='grc' dir='ltr'>εὐχαριστίαν.</span> <span class='ocrx_word' id='word_1_144' title='bbox 3006 1230 3141 1302; x_wconf 75' lang='grc' dir='ltr'>Περὶ</span> <span class='ocrx_word' id='word_1_145' title='bbox 3171 1228 3544 1302; x_wconf 81' lang='grc' dir='ltr'><strong>εὐχαριστίας.</strong></span> 
     </span>
    </p>
   </div>
   <div class='ocr_carea' id='block_1_27' title="bbox 2195 1408 3721 1481">
    <p class='ocr_par' dir='ltr' id='par_1_27' title="bbox 2195 1408 3721 1481">
     <span class='ocr_line' id='line_1_27' title="bbox 2195 1408 3721 1481; baseline -0.003 -16"><span class='ocrx_word' id='word_1_146' title='bbox 2195 1409 2585 1477; x_wconf 84' lang='grc' dir='ltr'>Μεταδόσεως</span> <span class='ocrx_word' id='word_1_147' title='bbox 2635 1409 2882 1481; x_wconf 76' lang='grc' dir='ltr'>ἡγεῖται.</span> <span class='ocrx_word' id='word_1_148' title='bbox 2933 1409 3094 1464; x_wconf 81' lang='grc' dir='ltr'>Κατὰ</span> <span class='ocrx_word' id='word_1_149' title='bbox 3140 1409 3322 1464; x_wconf 87' lang='grc' dir='ltr'>κοινοῦ</span> <span class='ocrx_word' id='word_1_150' title='bbox 3355 1408 3417 1464; x_wconf 78' lang='grc' dir='ltr'>τὸ</span> <span class='ocrx_word' id='word_1_151' title='bbox 3449 1408 3721 1478; x_wconf 78' lang='grc' dir='ltr'>ἡγεῖται,</span> 
     </span>
    </p>
   </div>
   <div class='ocr_carea' id='block_1_28' title="bbox 2122 1500 3723 1575">
    <p class='ocr_par' dir='ltr' id='par_1_28' title="bbox 2122 1500 3723 1575">
     <span class='ocr_line' id='line_1_28' title="bbox 2122 1500 3723 1575; baseline -0.001 -20"><span class='ocrx_word' id='word_1_152' title='bbox 2122 1502 2290 1573; x_wconf 73' lang='grc' dir='ltr'>ἤγουν</span> <span class='ocrx_word' id='word_1_153' title='bbox 2324 1505 2676 1574; x_wconf 87' lang='grc' dir='ltr'>προηγεῖται·</span> <span class='ocrx_word' id='word_1_154' title='bbox 2725 1503 2807 1557; x_wconf 82' lang='grc' dir='ltr'>ὅτι</span> <span class='ocrx_word' id='word_1_155' title='bbox 2841 1503 3058 1575; x_wconf 84' lang='grc' dir='ltr'>πρῶτον</span> <span class='ocrx_word' id='word_1_156' title='bbox 3091 1501 3173 1555; x_wconf 85' lang='grc' dir='ltr'><strong>δεῖ</strong></span> <span class='ocrx_word' id='word_1_157' title='bbox 3203 1501 3294 1555; x_wconf 85' lang='grc' dir='ltr'>τὸν</span> <span class='ocrx_word' id='word_1_158' title='bbox 3344 1500 3498 1574; x_wconf 83' lang='grc' dir='ltr'>ἱερέα</span> <span class='ocrx_word' id='word_1_159' title='bbox 3551 1518 3723 1572; x_wconf 89' lang='grc' dir='ltr'>μετα-</span> 
     </span>
    </p>
   </div>
   <div class='ocr_carea' id='block_1_29' title="bbox 2120 1593 3722 1667">
    <p class='ocr_par' dir='ltr' id='par_1_29' title="bbox 2120 1593 3722 1667">
     <span class='ocr_line' id='line_1_29' title="bbox 2120 1593 3722 1667; baseline -0.002 -20"><span class='ocrx_word' id='word_1_160' title='bbox 2120 1593 2440 1665; x_wconf 77' lang='grc' dir='ltr'>λαμϐάνειν,</span> <span class='ocrx_word' id='word_1_161' title='bbox 2470 1597 2564 1650; x_wconf 78' lang='grc' dir='ltr'>καὶ</span> <span class='ocrx_word' id='word_1_162' title='bbox 2594 1595 2737 1649; x_wconf 77' lang='grc' dir='ltr'>οὕτω</span> <span class='ocrx_word' id='word_1_163' title='bbox 2779 1594 3140 1667; x_wconf 84' lang='grc' dir='ltr'><strong>μεταδιδόναι.</strong></span> <span class='ocrx_word' id='word_1_164' title='bbox 3177 1593 3389 1648; x_wconf 80' lang='grc' dir='ltr'>Οὐκοῦν</span> <span class='ocrx_word' id='word_1_165' title='bbox 3441 1594 3476 1664; x_wconf 86' lang='grc' dir='ltr'>ἡ</span> <span class='ocrx_word' id='word_1_166' title='bbox 3515 1593 3722 1664; x_wconf 83' lang='grc' dir='ltr'>μετοχὴ</span> 
     </span>
    </p>
   </div>
   <div class='ocr_carea' id='block_1_30' title="bbox 2120 1685 3723 1759">
    <p class='ocr_par' dir='ltr' id='par_1_30' title="bbox 2120 1685 3723 1759">
     <span class='ocr_line' id='line_1_30' title="bbox 2120 1685 3723 1759; baseline 0.001 -21"><span class='ocrx_word' id='word_1_167' title='bbox 2120 1685 2355 1757; x_wconf 82' lang='grc' dir='ltr'>ἡγεῖται,</span> <span class='ocrx_word' id='word_1_168' title='bbox 2392 1688 2552 1759; x_wconf 79' lang='grc' dir='ltr'>καὶὴ</span> <span class='ocrx_word' id='word_1_169' title='bbox 2600 1687 2908 1759; x_wconf 75' lang='grc' dir='ltr'><strong>μετάληψις</strong></span> <span class='ocrx_word' id='word_1_170' title='bbox 2950 1686 3045 1740; x_wconf 82' lang='grc' dir='ltr'>τοῦ</span> <span class='ocrx_word' id='word_1_171' title='bbox 3095 1687 3572 1759; x_wconf 84' lang='grc' dir='ltr'>προσκομίσαντος</span> <span class='ocrx_word' id='word_1_172' title='bbox 3619 1686 3723 1756; x_wconf 86' lang='grc' dir='ltr'>τῆς</span> 
     </span>
    </p>
   </div>
   <div class='ocr_carea' id='block_1_31' title="bbox 2123 1778 3196 1852">
    <p class='ocr_par' dir='ltr' id='par_1_31' title="bbox 2123 1778 3196 1852">
     <span class='ocr_line' id='line_1_31' title="bbox 2123 1778 3196 1852; baseline 0.003 -23"><span class='ocrx_word' id='word_1_173' title='bbox 2123 1778 2396 1848; x_wconf 79' lang='grc' dir='ltr'><strong>μυστικῆς</strong></span> <span class='ocrx_word' id='word_1_174' title='bbox 2425 1779 2797 1852; x_wconf 85' lang='grc' dir='ltr'><strong>διανεμήσεως</strong></span> <span class='ocrx_word' id='word_1_175' title='bbox 2828 1779 2938 1833; x_wconf 85' lang='grc' dir='ltr'>τῶν</span> <span class='ocrx_word' id='word_1_176' title='bbox 2970 1779 3196 1832; x_wconf 83' lang='grc' dir='ltr'>λοιπῶν.</span> 
     </span>
    </p>
   </div>
   <div class='ocr_carea' id='block_1_32' title="bbox 505 1852 2016 1960">
    <p class='ocr_par' dir='ltr' id='par_1_32' title="bbox 505 1886 2016 1960">
     <span class='ocr_line' id='line_1_32' title="bbox 505 1886 2016 1960; baseline 0.001 -19"><span class='ocrx_word' id='word_1_177' title='bbox 505 1887 712 1943; x_wconf 78' lang='lat' dir='ltr'><strong>Divinis</strong></span> <span class='ocrx_word' id='word_1_178' title='bbox 744 1888 1086 1960; x_wconf 76' lang='lat' dir='ltr'><strong>magisteriis.</strong></span> <span class='ocrx_word' id='word_1_179' title='bbox 1121 1887 1350 1956; x_wconf 82' lang='lat' dir='ltr'><strong>Qualem</strong></span> <span class='ocrx_word' id='word_1_180' title='bbox 1391 1895 1640 1958; x_wconf 85' lang='lat' dir='ltr'><strong>oporteat</strong></span> <span class='ocrx_word' id='word_1_181' title='bbox 1675 1886 2016 1945; x_wconf 85' lang='lat' dir='ltr'><strong>sacerdotem</strong></span> 
     </span>
    </p>
   </div>
   <div class='ocr_carea' id='block_1_33' title="bbox 2152 1852 3721 1960">
    <p class='ocr_par' dir='ltr' id='par_1_33' title="bbox 2152 1865 3721 1960">
     <span class='ocr_line' id='line_1_33' title="bbox 2152 1865 3721 1960; baseline -0.001 -41"><span class='ocrx_word' id='word_1_182' title='bbox 2152 1951 2174 1960; x_wconf 69' lang='lat'><strong>_</strong></span> <span class='ocrx_word' id='word_1_183' title='bbox 2194 1866 2326 1934; x_wconf 83' lang='grc' dir='ltr'>Ταῖς</span> <span class='ocrx_word' id='word_1_184' title='bbox 2356 1867 2585 1936; x_wconf 78' lang='grc' dir='ltr'><strong>ἐνθέοις</strong></span> <span class='ocrx_word' id='word_1_185' title='bbox 2607 1867 3048 1937; x_wconf 75' lang='grc' dir='ltr'>διδασκαλίαις.</span> <span class='ocrx_word' id='word_1_186' title='bbox 3079 1870 3293 1924; x_wconf 84' lang='grc' dir='ltr'>Ὀποῖον</span> <span class='ocrx_word' id='word_1_187' title='bbox 3332 1867 3415 1921; x_wconf 78' lang='grc' dir='ltr'><strong>δεῖ</strong></span> <span class='ocrx_word' id='word_1_188' title='bbox 3433 1867 3527 1920; x_wconf 79' lang='grc' dir='ltr'>τὸν</span> <span class='ocrx_word' id='word_1_189' title='bbox 3564 1865 3721 1937; x_wconf 87' lang='grc' dir='ltr'>ἱερέα</span> 
     </span>
    </p>
   </div>
   <div class='ocr_carea' id='block_1_34' title="bbox 432 1998 573 2038">
    <p class='ocr_par' dir='ltr' id='par_1_34' title="bbox 432 1998 573 2038">
     <span class='ocr_line' id='line_1_34' title="bbox 432 1998 573 2038; baseline 0 0"><span class='ocrx_word' id='word_1_190' title='bbox 432 1998 573 2038; x_wconf 88' lang='lat' dir='ltr'><strong>esse.</strong></span> 
     </span>
    </p>
   </div>
   <div class='ocr_carea' id='block_1_35' title="bbox 503 2071 2021 2144">
    <p class='ocr_par' dir='ltr' id='par_1_35' title="bbox 503 2071 2021 2144">
     <span class='ocr_line' id='line_1_35' title="bbox 503 2071 2021 2144; baseline -0.001 -16"><span class='ocrx_word' id='word_1_191' title='bbox 503 2076 608 2142; x_wconf 76' lang='lat' dir='ltr'><strong>Qui</strong></span> <span class='ocrx_word' id='word_1_192' title='bbox 645 2085 835 2132; x_wconf 83' lang='lat' dir='ltr'><strong>temere</strong></span> <span class='ocrx_word' id='word_1_193' title='bbox 864 2076 1178 2131; x_wconf 87' lang='lat' dir='ltr'><strong>abutuntur.</strong></span> <span class='ocrx_word' id='word_1_194' title='bbox 1211 2073 1368 2143; x_wconf 86' lang='lat' dir='ltr'><strong>Quod</strong></span> <span class='ocrx_word' id='word_1_195' title='bbox 1401 2074 1477 2129; x_wconf 87' lang='lat' dir='ltr'><strong>ait</strong></span> <span class='ocrx_word' id='word_1_196' title='bbox 1505 2083 1590 2131; x_wconf 90' lang='lat' dir='ltr'><strong>est</strong></span> <span class='ocrx_word' id='word_1_197' title='bbox 1621 2073 1924 2144; x_wconf 80' lang='lat' dir='ltr'><strong>ejusmodi:</strong></span> <span class='ocrx_word' id='word_1_198' title='bbox 1949 2071 2021 2129; x_wconf 89' lang='lat' dir='ltr'><strong>Ut</strong></span> 
     </span>
    </p>
   </div>
   <div class='ocr_carea' id='block_1_36' title="bbox 432 2166 2021 2240">
    <p class='ocr_par' dir='ltr' id='par_1_36' title="bbox 432 2166 2021 2240">
     <span class='ocr_line' id='line_1_36' title="bbox 432 2166 2021 2240; baseline -0.001 -17"><span class='ocrx_word' id='word_1_199' title='bbox 432 2168 689 2224; x_wconf 86' lang='lat' dir='ltr'><strong>sacerdos</strong></span> <span class='ocrx_word' id='word_1_200' title='bbox 718 2169 812 2239; x_wconf 85' lang='lat' dir='ltr'><strong>qui</strong></span> <span class='ocrx_word' id='word_1_201' title='bbox 843 2184 954 2224; x_wconf 89' lang='lat' dir='ltr'><strong>non</strong></span> <span class='ocrx_word' id='word_1_202' title='bbox 983 2170 1195 2240; x_wconf 88' lang='lat' dir='ltr'><strong>primus</strong></span> <span class='ocrx_word' id='word_1_203' title='bbox 1223 2169 1374 2239; x_wconf 79' lang='lat' dir='ltr'><strong>capit</strong></span> <span class='ocrx_word' id='word_1_204' title='bbox 1398 2183 1460 2223; x_wconf 89' lang='lat' dir='ltr'><strong>ea</strong></span> <span class='ocrx_word' id='word_1_205' title='bbox 1493 2182 1615 2238; x_wconf 67' lang='lat' dir='ltr'><strong>qua:</strong></span> <span class='ocrx_word' id='word_1_206' title='bbox 1639 2166 1860 2230; x_wconf 87' lang='lat' dir='ltr'><strong>obtulit,</strong></span> <span class='ocrx_word' id='word_1_207' title='bbox 1891 2181 2021 2236; x_wconf 92' lang='lat' dir='ltr'><strong>pro-</strong></span> 
     </span>
    </p>
   </div>
   <div class='ocr_carea' id='block_1_37' title="bbox 433 2257 2018 2333">
    <p class='ocr_par' dir='ltr' id='par_1_37' title="bbox 433 2257 2018 2333">
     <span class='ocr_line' id='line_1_37' title="bbox 433 2257 2018 2333; baseline -0.001 -20"><span class='ocrx_word' id='word_1_208' title='bbox 433 2260 594 2317; x_wconf 82' lang='lat' dir='ltr'><strong>fanus</strong></span> <span class='ocrx_word' id='word_1_209' title='bbox 637 2270 757 2329; x_wconf 89' lang='lat' dir='ltr'><strong>est;</strong></span> <span class='ocrx_word' id='word_1_210' title='bbox 791 2263 872 2318; x_wconf 91' lang='lat' dir='ltr'><strong>sic</strong></span> <span class='ocrx_word' id='word_1_211' title='bbox 913 2261 951 2315; x_wconf 90' lang='lat' dir='ltr'><strong>ii</strong></span> <span class='ocrx_word' id='word_1_212' title='bbox 978 2263 1073 2333; x_wconf 83' lang='lat' dir='ltr'><strong>qui</strong></span> <span class='ocrx_word' id='word_1_213' title='bbox 1121 2261 1326 2316; x_wconf 87' lang='lat' dir='ltr'><strong>audent</strong></span> <span class='ocrx_word' id='word_1_214' title='bbox 1367 2260 1565 2316; x_wconf 88' lang='lat' dir='ltr'><strong>docere</strong></span> <span class='ocrx_word' id='word_1_215' title='bbox 1596 2261 1755 2328; x_wconf 89' lang='lat' dir='ltr'><strong>alios,</strong></span> <span class='ocrx_word' id='word_1_216' title='bbox 1798 2274 1902 2314; x_wconf 88' lang='lat' dir='ltr'><strong>nec</strong></span> <span class='ocrx_word' id='word_1_217' title='bbox 1933 2257 2018 2312; x_wconf 85' lang='lat' dir='ltr'><strong>fa-</strong></span> 
     </span>
    </p>
   </div>
   <div class='ocr_carea' id='block_1_38' title="bbox 430 2351 2019 2424">
    <p class='ocr_par' dir='ltr' id='par_1_38' title="bbox 430 2351 2019 2424">
     <span class='ocr_line' id='line_1_38' title="bbox 430 2351 2019 2424; baseline 0 -18"><span class='ocrx_word' id='word_1_218' title='bbox 430 2354 585 2407; x_wconf 87' lang='lat' dir='ltr'><strong>ciunt</strong></span> <span class='ocrx_word' id='word_1_219' title='bbox 623 2370 746 2424; x_wconf 77' lang='lat' dir='ltr'><strong>quae</strong></span> <span class='ocrx_word' id='word_1_220' title='bbox 788 2354 1020 2418; x_wconf 90' lang='lat' dir='ltr'><strong>docent,</strong></span> <span class='ocrx_word' id='word_1_221' title='bbox 1073 2353 1290 2424; x_wconf 85' lang='lat' dir='ltr'><strong>profani</strong></span> <span class='ocrx_word' id='word_1_222' title='bbox 1321 2361 1471 2421; x_wconf 60' lang='lat' dir='ltr'><strong>,sunt</strong></span> <span class='ocrx_word' id='word_1_223' title='bbox 1511 2370 1526 2408; x_wconf 89' lang='lat'>:</span> <span class='ocrx_word' id='word_1_224' title='bbox 1575 2351 1884 2407; x_wconf 84' lang='lat' dir='ltr'><strong>faciendum</strong></span> <span class='ocrx_word' id='word_1_225' title='bbox 1933 2359 2019 2406; x_wconf 85' lang='lat' dir='ltr'><strong>est</strong></span> 
     </span>
    </p>
   </div>
   <div class='ocr_carea' id='block_1_39' title="bbox 428 2446 2018 2518">
    <p class='ocr_par' dir='ltr' id='par_1_39' title="bbox 428 2446 2018 2518">
     <span class='ocr_line' id='line_1_39' title="bbox 428 2446 2018 2518; baseline 0 -17"><span class='ocrx_word' id='word_1_226' title='bbox 428 2447 600 2513; x_wconf 89' lang='lat' dir='ltr'><strong>enim,</strong></span> <span class='ocrx_word' id='word_1_227' title='bbox 632 2458 796 2518; x_wconf 89' lang='lat' dir='ltr'><strong>atque</strong></span> <span class='ocrx_word' id='word_1_228' title='bbox 826 2449 899 2503; x_wconf 90' lang='lat' dir='ltr'><strong>ita</strong></span> <span class='ocrx_word' id='word_1_229' title='bbox 937 2448 1268 2511; x_wconf 87' lang='lat' dir='ltr'><strong>docendum,</strong></span> <span class='ocrx_word' id='word_1_230' title='bbox 1317 2447 1623 2503; x_wconf 87' lang='lat' dir='ltr'><strong>secundum</strong></span> <span class='ocrx_word' id='word_1_231' title='bbox 1661 2446 1797 2501; x_wconf 90' lang='lat' dir='ltr'><strong>illud</strong></span> <span class='ocrx_word' id='word_1_232' title='bbox 1838 2462 1870 2500; x_wconf 89' lang='lat' dir='ltr'><strong>a</strong></span> <span class='ocrx_word' id='word_1_233' title='bbox 1912 2446 2018 2501; x_wconf 58' lang='lat' dir='ltr'><strong>Dov</strong></span> 
     </span>
    </p>
   </div>
   <div class='ocr_carea' id='block_1_40' title="bbox 431 2538 2016 2610">
    <p class='ocr_par' dir='ltr' id='par_1_40' title="bbox 431 2538 2016 2610">
     <span class='ocr_line' id='line_1_40' title="bbox 431 2538 2016 2610; baseline 0 -17"><span class='ocrx_word' id='word_1_234' title='bbox 431 2540 578 2593; x_wconf 91' lang='lat' dir='ltr'><strong>mino</strong></span> <span class='ocrx_word' id='word_1_235' title='bbox 608 2539 816 2595; x_wconf 86' lang='lat' dir='ltr'><strong>dictum</strong></span> <span class='ocrx_word' id='word_1_236' title='bbox 848 2560 861 2595; x_wconf 90' lang='lat'>:</span> <span class='ocrx_word' id='word_1_237' title='bbox 899 2541 1005 2606; x_wconf 79' lang='lat' dir='ltr'><strong>Qui</strong></span> <span class='ocrx_word' id='word_1_238' title='bbox 1050 2540 1232 2610; x_wconf 78' lang='lat' dir='ltr'><strong>fecerit</strong></span> <span class='ocrx_word' id='word_1_239' title='bbox 1281 2548 1332 2594; x_wconf 82' lang='lat' dir='ltr'><strong>et</strong></span> <span class='ocrx_word' id='word_1_240' title='bbox 1369 2538 1627 2604; x_wconf 87' lang='lat' dir='ltr'><strong>docuerit,</strong></span> <span class='ocrx_word' id='word_1_241' title='bbox 1671 2539 1755 2592; x_wconf 82' lang='lat' dir='ltr'><strong>hic</strong></span> <span class='ocrx_word' id='word_1_242' title='bbox 1794 2555 2016 2610; x_wconf 87' lang='lat' dir='ltr'><strong>magnus</strong></span> 
     </span>
    </p>
   </div>
   <div class='ocr_carea' id='block_1_41' title="bbox 429 2630 770 2686">
    <p class='ocr_par' dir='ltr' id='par_1_41' title="bbox 429 2630 770 2686">
     <span class='ocr_line' id='line_1_41' title="bbox 429 2630 770 2686; baseline 0.006 -2"><span class='ocrx_word' id='word_1_243' title='bbox 429 2630 703 2685; x_wconf 82' lang='lat' dir='ltr'><strong>uocabitur</strong></span> <span class='ocrx_word' id='word_1_244' title='bbox 724 2643 770 2686; x_wconf 72' lang='grc'>³.</span> 
     </span>
    </p>
   </div>
   <div class='ocr_carea' id='block_1_42' title="bbox 507 2723 1415 2798">
    <p class='ocr_par' dir='ltr' id='par_1_42' title="bbox 507 2723 1415 2798">
     <span class='ocr_line' id='line_1_42' title="bbox 507 2723 1415 2798; baseline 0.006 -21"><span class='ocrx_word' id='word_1_245' title='bbox 507 2723 697 2778; x_wconf 81' lang='lat' dir='ltr'><strong>Divina</strong></span> <span class='ocrx_word' id='word_1_246' title='bbox 725 2727 1012 2781; x_wconf 81' lang='lat' dir='ltr'><strong>sententia.</strong></span> <span class='ocrx_word' id='word_1_247' title='bbox 1049 2726 1242 2781; x_wconf 88' lang='lat' dir='ltr'><strong>Divina</strong></span> <span class='ocrx_word' id='word_1_248' title='bbox 1277 2727 1415 2798; x_wconf 78' lang='lat' dir='ltr'><strong>lege.</strong></span> 
     </span>
    </p>
   </div>
   <div class='ocr_carea' id='block_1_43' title="bbox 503 2816 1569 2880">
    <p class='ocr_par' dir='ltr' id='par_1_43' title="bbox 503 2816 1569 2880">
     <span class='ocr_line' id='line_1_43' title="bbox 503 2816 1569 2880; baseline 0.005 -11"><span class='ocrx_word' id='word_1_249' title='bbox 503 2816 724 2872; x_wconf 82' lang='lat' dir='ltr'><strong>Minime</strong></span> <span class='ocrx_word' id='word_1_250' title='bbox 753 2818 1080 2880; x_wconf 79' lang='lat' dir='ltr'><strong>audendum.</strong></span> <span class='ocrx_word' id='word_1_251' title='bbox 1113 2820 1294 2878; x_wconf 81' lang='grc' dir='ltr'>Μειιιε</span> <span class='ocrx_word' id='word_1_252' title='bbox 1321 2819 1569 2876; x_wconf 90' lang='lat' dir='ltr'><strong>omnino.</strong></span> 
     </span>
    </p>
   </div>
   <div class='ocr_carea' id='block_1_44' title="bbox 499 2909 2018 2985">
    <p class='ocr_par' dir='ltr' id='par_1_44' title="bbox 499 2909 2018 2985">
     <span class='ocr_line' id='line_1_44' title="bbox 499 2909 2018 2985; baseline 0.004 -24"><span class='ocrx_word' id='word_1_253' title='bbox 499 2909 826 2977; x_wconf 86' lang='lat' dir='ltr'><strong>Aptatorem,</strong></span> <span class='ocrx_word' id='word_1_254' title='bbox 863 2909 956 2966; x_wconf 85' lang='lat' dir='ltr'><strong>Gr.</strong></span> <span class='ocrx_word' id='word_1_255' title='bbox 981 2913 1283 2985; x_wconf 84' lang='grc' dir='ltr'>ἁρμοστήν.</span> <span class='ocrx_word' id='word_1_256' title='bbox 1317 2911 1374 2969; x_wconf 87' lang='lat' dir='ltr'><strong>Id</strong></span> <span class='ocrx_word' id='word_1_257' title='bbox 1405 2921 1491 2971; x_wconf 78' lang='lat' dir='ltr'><strong>est</strong></span> <span class='ocrx_word' id='word_1_258' title='bbox 1532 2928 1858 2984; x_wconf 84' lang='lat' dir='ltr'><strong>congruum.</strong></span> <span class='ocrx_word' id='word_1_259' title='bbox 1900 2913 2018 2985; x_wconf 79' lang='grc' dir='ltr'><strong>Ἀρ-</strong></span> 
     </span>
    </p>
   </div>
   <div class='ocr_carea' id='block_1_45' title="bbox 433 3004 2017 3078">
    <p class='ocr_par' dir='ltr' id='par_1_45' title="bbox 433 3004 2017 3078">
     <span class='ocr_line' id='line_1_45' title="bbox 433 3004 2017 3078; baseline 0.006 -24"><span class='ocrx_word' id='word_1_260' title='bbox 433 3004 634 3075; x_wconf 86' lang='grc' dir='ltr'>μοστήν</span> <span class='ocrx_word' id='word_1_261' title='bbox 676 3004 930 3060; x_wconf 84' lang='lat' dir='ltr'><strong>dicebant</strong></span> <span class='ocrx_word' id='word_1_262' title='bbox 971 3005 1370 3063; x_wconf 68' lang='lat' dir='ltr'><strong>Lacedaemonii</strong></span> <span class='ocrx_word' id='word_1_263' title='bbox 1411 3023 1537 3062; x_wconf 90' lang='lat' dir='ltr'><strong>eum</strong></span> <span class='ocrx_word' id='word_1_264' title='bbox 1586 3007 1679 3078; x_wconf 89' lang='lat' dir='ltr'><strong>qui</strong></span> <span class='ocrx_word' id='word_1_265' title='bbox 1723 3006 2017 3077; x_wconf 49' lang='lat' dir='ltr'><strong>praefectus</strong></span> 
     </span>
    </p>
   </div>
   <div class='ocr_carea' id='block_1_46' title="bbox 427 3096 2016 3170">
    <p class='ocr_par' dir='ltr' id='par_1_46' title="bbox 427 3096 2016 3170">
     <span class='ocr_line' id='line_1_46' title="bbox 427 3096 2016 3170; baseline 0.005 -22"><span class='ocrx_word' id='word_1_266' title='bbox 427 3103 546 3148; x_wconf 87' lang='lat' dir='ltr'><strong>erat</strong></span> <span class='ocrx_word' id='word_1_267' title='bbox 575 3096 644 3150; x_wconf 90' lang='lat' dir='ltr'><strong>ab</strong></span> <span class='ocrx_word' id='word_1_268' title='bbox 670 3096 804 3166; x_wconf 85' lang='lat' dir='ltr'><strong>ipsis</strong></span> <span class='ocrx_word' id='word_1_269' title='bbox 834 3098 1065 3154; x_wconf 87' lang='lat' dir='ltr'><strong>urbibus</strong></span> <span class='ocrx_word' id='word_1_270' title='bbox 1095 3108 1149 3155; x_wconf 92' lang='lat' dir='ltr'><strong>et</strong></span> <span class='ocrx_word' id='word_1_271' title='bbox 1183 3100 1421 3170; x_wconf 89' lang='lat' dir='ltr'><strong>oppidis,</strong></span> <span class='ocrx_word' id='word_1_272' title='bbox 1451 3116 1572 3170; x_wconf 70' lang='lat' dir='ltr'><strong>qua:</strong></span> <span class='ocrx_word' id='word_1_273' title='bbox 1609 3115 1800 3156; x_wconf 88' lang='lat' dir='ltr'><strong>eorum</strong></span> <span class='ocrx_word' id='word_1_274' title='bbox 1852 3100 2016 3156; x_wconf 87' lang='lat' dir='ltr'><strong>ditio-</strong></span> 
     </span>
    </p>
   </div>
   <div class='ocr_carea' id='block_1_47' title="bbox 429 3187 2084 3264">
    <p class='ocr_par' dir='ltr' id='par_1_47' title="bbox 429 3187 2084 3264">
     <span class='ocr_line' id='line_1_47' title="bbox 429 3187 2084 3264; baseline 0.006 -23"><span class='ocrx_word' id='word_1_275' title='bbox 429 3187 516 3242; x_wconf 89' lang='lat' dir='ltr'><strong>nis</strong></span> <span class='ocrx_word' id='word_1_276' title='bbox 555 3196 746 3255; x_wconf 88' lang='lat' dir='ltr'><strong>erant,</strong></span> <span class='ocrx_word' id='word_1_277' title='bbox 791 3191 862 3244; x_wconf 89' lang='lat' dir='ltr'><strong>ab</strong></span> <span class='ocrx_word' id='word_1_278' title='bbox 901 3192 1200 3262; x_wconf 76' lang='grc' dir='ltr'>ἁρμόζειν,</span> <span class='ocrx_word' id='word_1_279' title='bbox 1246 3195 1302 3248; x_wconf 89' lang='lat' dir='ltr'><strong>id</strong></span> <span class='ocrx_word' id='word_1_280' title='bbox 1353 3201 1438 3249; x_wconf 89' lang='lat' dir='ltr'><strong>est</strong></span> <span class='ocrx_word' id='word_1_281' title='bbox 1491 3195 1729 3264; x_wconf 89' lang='lat' dir='ltr'><strong>aptando</strong></span> <span class='ocrx_word' id='word_1_282' title='bbox 1779 3209 1876 3250; x_wconf 86' lang='lat' dir='ltr'><strong>eos</strong></span> <span class='ocrx_word' id='word_1_283' title='bbox 1922 3195 2016 3264; x_wconf 86' lang='lat' dir='ltr'><strong>qui</strong></span> <span class='ocrx_word' id='word_1_284' title='bbox 2043 3200 2084 3258; x_wconf 88' lang='lat' dir='ltr'><strong><em>C</em></strong></span> 
     </span>
    </p>
   </div>
   <div class='ocr_carea' id='block_1_48' title="bbox 430 3284 2018 3359">
    <p class='ocr_par' dir='ltr' id='par_1_48' title="bbox 430 3284 2018 3359">
     <span class='ocr_line' id='line_1_48' title="bbox 430 3284 2018 3359; baseline 0.006 -27"><span class='ocrx_word' id='word_1_285' title='bbox 430 3288 642 3350; x_wconf 89' lang='lat' dir='ltr'><strong>parcnt,</strong></span> <span class='ocrx_word' id='word_1_286' title='bbox 689 3291 748 3335; x_wconf 90' lang='lat' dir='ltr'><strong>ut</strong></span> <span class='ocrx_word' id='word_1_287' title='bbox 786 3284 974 3338; x_wconf 82' lang='lat' dir='ltr'><strong>vivant</strong></span> <span class='ocrx_word' id='word_1_288' title='bbox 1002 3301 1069 3340; x_wconf 78' lang='lat' dir='ltr'><strong>ex</strong></span> <span class='ocrx_word' id='word_1_289' title='bbox 1098 3287 1331 3356; x_wconf 85' lang='lat' dir='ltr'><strong>legibus.</strong></span> <span class='ocrx_word' id='word_1_290' title='bbox 1370 3287 1510 3342; x_wconf 84' lang='lat' dir='ltr'><strong>Hinc</strong></span> <span class='ocrx_word' id='word_1_291' title='bbox 1550 3289 1714 3343; x_wconf 88' lang='lat' dir='ltr'><strong>etiam</strong></span> <span class='ocrx_word' id='word_1_292' title='bbox 1745 3289 2018 3359; x_wconf 85' lang='grc' dir='ltr'>ἁρμοστῆ-</span> 
     </span>
    </p>
   </div>
   <div class='ocr_carea' id='block_1_49' title="bbox 431 3378 2009 3450">
    <p class='ocr_par' dir='ltr' id='par_1_49' title="bbox 431 3378 2009 3450">
     <span class='ocr_line' id='line_1_49' title="bbox 431 3378 2009 3450; baseline 0.006 -26"><span class='ocrx_word' id='word_1_293' title='bbox 431 3390 532 3446; x_wconf 88' lang='grc' dir='ltr'><strong>ρας</strong></span> <span class='ocrx_word' id='word_1_294' title='bbox 571 3389 794 3430; x_wconf 89' lang='lat' dir='ltr'><strong>rnrsum</strong></span> <span class='ocrx_word' id='word_1_295' title='bbox 838 3378 1186 3448; x_wconf 87' lang='lat' dir='ltr'><strong>appellabant</strong></span> <span class='ocrx_word' id='word_1_296' title='bbox 1223 3381 1589 3436; x_wconf 85' lang='lat' dir='ltr'><strong>Athenienses</strong></span> <span class='ocrx_word' id='word_1_297' title='bbox 1627 3397 1761 3445; x_wconf 89' lang='lat' dir='ltr'><strong>eos,</strong></span> <span class='ocrx_word' id='word_1_298' title='bbox 1804 3383 1899 3450; x_wconf 91' lang='lat' dir='ltr'><strong>qui</strong></span> <span class='ocrx_word' id='word_1_299' title='bbox 1945 3379 2009 3434; x_wconf 87' lang='lat' dir='ltr'><strong>ad</strong></span> 
     </span>
    </p>
   </div>
   <div class='ocr_carea' id='block_1_50' title="bbox 430 3463 2014 3541">
    <p class='ocr_par' dir='ltr' id='par_1_50' title="bbox 430 3463 2014 3541">
     <span class='ocr_line' id='line_1_50' title="bbox 430 3463 2014 3541; baseline 0.006 -26"><span class='ocrx_word' id='word_1_300' title='bbox 430 3463 568 3517; x_wconf 89' lang='lat' dir='ltr'><strong>bene</strong></span> <span class='ocrx_word' id='word_1_301' title='bbox 599 3463 892 3520; x_wconf 81' lang='lat' dir='ltr'><strong>vivendum</strong></span> <span class='ocrx_word' id='word_1_302' title='bbox 938 3469 1074 3523; x_wconf 86' lang='lat' dir='ltr'><strong>alios</strong></span> <span class='ocrx_word' id='word_1_303' title='bbox 1117 3469 1454 3540; x_wconf 81' lang='lat' dir='ltr'><strong>dirigebant;</strong></span> <span class='ocrx_word' id='word_1_304' title='bbox 1501 3479 1561 3524; x_wconf 93' lang='lat' dir='ltr'><strong>ut</strong></span> <span class='ocrx_word' id='word_1_305' title='bbox 1591 3472 1752 3541; x_wconf 79' lang='lat' dir='ltr'><strong>plane</strong></span> <span class='ocrx_word' id='word_1_306' title='bbox 1793 3471 1926 3526; x_wconf 89' lang='lat' dir='ltr'><strong>dicit</strong></span> <span class='ocrx_word' id='word_1_307' title='bbox 1956 3470 2014 3525; x_wconf 83' lang='lat' dir='ltr'><strong>in</strong></span> 
     </span>
    </p>
   </div>
   <div class='ocr_carea' id='block_1_51' title="bbox 428 3554 2015 3635">
    <p class='ocr_par' dir='ltr' id='par_1_51' title="bbox 428 3554 2015 3635">
     <span class='ocr_line' id='line_1_51' title="bbox 428 3554 2015 3635; baseline 0.007 -28"><span class='ocrx_word' id='word_1_308' title='bbox 428 3554 676 3612; x_wconf 80' lang='lat' dir='ltr'><strong>drainate</strong></span> <span class='ocrx_word' id='word_1_309' title='bbox 715 3558 924 3630; x_wconf 78' lang='lat' dir='ltr'><strong>Legatis</strong></span> <span class='ocrx_word' id='word_1_310' title='bbox 973 3561 1127 3616; x_wconf 90' lang='lat' dir='ltr'><strong>Plato</strong></span> <span class='ocrx_word' id='word_1_311' title='bbox 1167 3564 1433 3619; x_wconf 88' lang='lat' dir='ltr'><strong>comicus.</strong></span> <span class='ocrx_word' id='word_1_312' title='bbox 1481 3563 1597 3620; x_wconf 82' lang='lat' dir='ltr'><strong>Hoc</strong></span> <span class='ocrx_word' id='word_1_313' title='bbox 1636 3565 1804 3635; x_wconf 79' lang='lat' dir='ltr'><strong>igitur</strong></span> <span class='ocrx_word' id='word_1_314' title='bbox 1846 3564 2015 3619; x_wconf 89' lang='lat' dir='ltr'><strong>etiam</strong></span> 
     </span>
    </p>
   </div>
   <div class='ocr_carea' id='block_1_52' title="bbox 432 3649 2018 3729">
    <p class='ocr_par' dir='ltr' id='par_1_52' title="bbox 432 3649 2018 3729">
     <span class='ocr_line' id='line_1_52' title="bbox 432 3649 2018 3729; baseline 0.006 -28"><span class='ocrx_word' id='word_1_315' title='bbox 432 3649 550 3703; x_wconf 88' lang='lat' dir='ltr'><strong>loco</strong></span> <span class='ocrx_word' id='word_1_316' title='bbox 582 3651 877 3725; x_wconf 85' lang='lat' dir='ltr'><strong>Dionysius</strong></span> <span class='ocrx_word' id='word_1_317' title='bbox 916 3657 1199 3729; x_wconf 84' lang='grc' dir='ltr'>ἁρμοστήν</span> <span class='ocrx_word' id='word_1_318' title='bbox 1229 3658 1546 3728; x_wconf 85' lang='lat' dir='ltr'><strong>episcopum</strong></span> <span class='ocrx_word' id='word_1_319' title='bbox 1579 3658 1840 3715; x_wconf 71' lang='lat' dir='ltr'><strong>Ecclesiae</strong></span> <span class='ocrx_word' id='word_1_320' title='bbox 1870 3659 2018 3728; x_wconf 83' lang='lat' dir='ltr'><strong>prin-</strong></span> 
     </span>
    </p>
   </div>
   <div class='ocr_carea' id='block_1_53' title="bbox 428 3744 1469 3818">
    <p class='ocr_par' dir='ltr' id='par_1_53' title="bbox 428 3744 1469 3818">
     <span class='ocr_line' id='line_1_53' title="bbox 428 3744 1469 3818; baseline 0.015 -23"><span class='ocrx_word' id='word_1_321' title='bbox 428 3744 477 3796; x_wconf 89' lang='lat' dir='ltr'><strong>ci</strong></span> <span class='ocrx_word' id='word_1_322' title='bbox 484 3759 605 3813; x_wconf 90' lang='lat' dir='ltr'><strong>pem</strong></span> <span class='ocrx_word' id='word_1_323' title='bbox 639 3749 861 3818; x_wconf 85' lang='lat' dir='ltr'><strong>proprie</strong></span> <span class='ocrx_word' id='word_1_324' title='bbox 885 3753 1211 3810; x_wconf 86' lang='lat' dir='ltr'><strong>nominavit.</strong></span> <span class='ocrx_word' id='word_1_325' title='bbox 1465 3807 1469 3812; x_wconf 84' lang='lat'><strong>.</strong></span> 
     </span>
    </p>
   </div>
   <div class='ocr_carea' id='block_1_54' title="bbox 501 3838 2014 3916">
    <p class='ocr_par' dir='ltr' id='par_1_54' title="bbox 501 3838 2014 3916">
     <span class='ocr_line' id='line_1_54' title="bbox 501 3838 2014 3916; baseline 0.004 -23"><span class='ocrx_word' id='word_1_326' title='bbox 501 3838 766 3903; x_wconf 83' lang='lat' dir='ltr'><strong>Quoniam</strong></span> <span class='ocrx_word' id='word_1_327' title='bbox 804 3844 896 3914; x_wconf 73' lang='lat' dir='ltr'><strong>qui</strong></span> <span class='ocrx_word' id='word_1_328' title='bbox 917 3854 1127 3901; x_wconf 87' lang='lat' dir='ltr'><strong>sancta.</strong></span> <span class='ocrx_word' id='word_1_329' title='bbox 1160 3844 1298 3899; x_wconf 90' lang='lat' dir='ltr'><strong>Nota</strong></span> <span class='ocrx_word' id='word_1_330' title='bbox 1325 3845 1456 3916; x_wconf 78' lang='lat' dir='ltr'><strong>quid</strong></span> <span class='ocrx_word' id='word_1_331' title='bbox 1481 3846 1551 3901; x_wconf 88' lang='lat' dir='ltr'><strong>sit</strong></span> <span class='ocrx_word' id='word_1_332' title='bbox 1584 3843 1828 3912; x_wconf 79' lang='lat' dir='ltr'><strong>Gustate,</strong></span> <span class='ocrx_word' id='word_1_333' title='bbox 1860 3856 1908 3900; x_wconf 87' lang='lat' dir='ltr'><strong>et</strong></span> <span class='ocrx_word' id='word_1_334' title='bbox 1934 3847 2014 3899; x_wconf 84' lang='lat' dir='ltr'><strong>vi-</strong></span> 
     </span>
    </p>
   </div>
   <div class='ocr_carea' id='block_1_55' title="bbox 427 3931 608 3988">
    <p class='ocr_par' dir='ltr' id='par_1_55' title="bbox 427 3931 608 3988">
     <span class='ocr_line' id='line_1_55' title="bbox 427 3931 608 3988; baseline 0.022 -4"><span class='ocrx_word' id='word_1_335' title='bbox 427 3931 543 3988; x_wconf 83' lang='lat' dir='ltr'><strong>dete</strong></span> <span class='ocrx_word' id='word_1_336' title='bbox 567 3941 608 3988; x_wconf 73' lang='grc' dir='ltr'><strong>ι.</strong></span> 
     </span>
    </p>
   </div>
   <div class='ocr_carea' id='block_1_56' title="bbox 1017 4032 1412 4090">
    <p class='ocr_par' dir='ltr' id='par_1_56' title="bbox 1017 4032 1412 4090">
     <span class='ocr_line' id='line_1_56' title="bbox 1017 4032 1412 4090; baseline 0.005 -4"><span class='ocrx_word' id='word_1_337' title='bbox 1017 4032 1086 4087; x_wconf 81' lang='lat' dir='ltr'><strong>IN</strong></span> <span class='ocrx_word' id='word_1_338' title='bbox 1121 4032 1277 4090; x_wconf 80' lang='lat' dir='ltr'><strong>CAP.</strong></span> <span class='ocrx_word' id='word_1_339' title='bbox 1321 4032 1412 4088; x_wconf 83' lang='lat' dir='ltr'><strong>IV.</strong></span> 
     </span>
    </p>
   </div>
   <div class='ocr_carea' id='block_1_57' title="bbox 501 4121 2008 4195">
    <p class='ocr_par' dir='ltr' id='par_1_57' title="bbox 501 4121 2008 4195">
     <span class='ocr_line' id='line_1_57' title="bbox 501 4121 2008 4195; baseline 0.005 -19"><span class='ocrx_word' id='word_1_340' title='bbox 501 4121 530 4194; x_wconf 57' lang='grc' dir='ltr'>ᾗ</span> <span class='ocrx_word' id='word_1_341' title='bbox 559 4124 602 4178; x_wconf 93' lang='grc'>1.</span> <span class='ocrx_word' id='word_1_342' title='bbox 639 4123 756 4180; x_wconf 85' lang='lat' dir='ltr'><strong>Hoc</strong></span> <span class='ocrx_word' id='word_1_343' title='bbox 785 4128 942 4183; x_wconf 83' lang='lat' dir='ltr'><strong>modo</strong></span> <span class='ocrx_word' id='word_1_344' title='bbox 979 4128 1049 4182; x_wconf 82' lang='lat' dir='ltr'><strong>ad</strong></span> <span class='ocrx_word' id='word_1_345' title='bbox 1080 4128 1213 4183; x_wconf 85' lang='lat' dir='ltr'><strong>illud</strong></span> <span class='ocrx_word' id='word_1_346' title='bbox 1237 4143 1420 4183; x_wconf 80' lang='lat' dir='ltr'><strong>unum.</strong></span> <span class='ocrx_word' id='word_1_347' title='bbox 1447 4127 1562 4184; x_wconf 80' lang='lat' dir='ltr'><strong>Hoc</strong></span> <span class='ocrx_word' id='word_1_348' title='bbox 1577 4137 1684 4195; x_wconf 85' lang='lat' dir='ltr'><strong>est,</strong></span> <span class='ocrx_word' id='word_1_349' title='bbox 1711 4130 1779 4184; x_wconf 91' lang='lat' dir='ltr'><strong>ad</strong></span> <span class='ocrx_word' id='word_1_350' title='bbox 1812 4129 2008 4185; x_wconf 84' lang='lat' dir='ltr'><strong>intelli-</strong></span> 
     </span>
    </p>
   </div>
   <div class='ocr_carea' id='block_1_58' title="bbox 429 4216 1007 4289">
    <p class='ocr_par' dir='ltr' id='par_1_58' title="bbox 429 4216 1007 4289">
     <span class='ocr_line' id='line_1_58' title="bbox 429 4216 1007 4289; baseline 0.021 -23"><span class='ocrx_word' id='word_1_351' title='bbox 429 4216 595 4285; x_wconf 75' lang='lat' dir='ltr'><strong>gibile</strong></span> <span class='ocrx_word' id='word_1_352' title='bbox 617 4226 672 4272; x_wconf 89' lang='lat' dir='ltr'><strong>et</strong></span> <span class='ocrx_word' id='word_1_353' title='bbox 701 4220 1007 4289; x_wconf 87' lang='lat' dir='ltr'><strong>spirituale.</strong></span> 
     </span>
    </p>
   </div>
   <div class='ocr_carea' id='block_1_59' title="bbox 495 4307 2014 4388">
    <p class='ocr_par' dir='ltr' id='par_1_59' title="bbox 495 4307 2014 4388">
     <span class='ocr_line' id='line_1_59' title="bbox 495 4307 2014 4388; baseline 0.006 -26"><span class='ocrx_word' id='word_1_354' title='bbox 495 4307 628 4362; x_wconf 86' lang='lat' dir='ltr'><strong>Cum</strong></span> <span class='ocrx_word' id='word_1_355' title='bbox 687 4312 866 4368; x_wconf 84' lang='lat' dir='ltr'><strong>odoris</strong></span> <span class='ocrx_word' id='word_1_356' title='bbox 908 4315 1213 4387; x_wconf 80' lang='lat' dir='ltr'><strong>fragrantia</strong></span> <span class='ocrx_word' id='word_1_357' title='bbox 1267 4320 1621 4388; x_wconf 83' lang='lat' dir='ltr'><strong>processione.</strong></span> <span class='ocrx_word' id='word_1_358' title='bbox 1686 4317 1826 4382; x_wconf 85' lang='lat' dir='ltr'><strong>Pro,</strong></span> <span class='ocrx_word' id='word_1_359' title='bbox 1889 4333 2014 4372; x_wconf 88' lang='lat' dir='ltr'><strong>cum</strong></span> 
     </span>
    </p>
   </div>
   <div class='ocr_carea' id='block_1_60' title="bbox 425 4402 2012 4483">
    <p class='ocr_par' dir='ltr' id='par_1_60' title="bbox 425 4402 2012 4483">
     <span class='ocr_line' id='line_1_60' title="bbox 425 4402 2012 4483; baseline 0.006 -28"><span class='ocrx_word' id='word_1_360' title='bbox 425 4402 721 4475; x_wconf 87' lang='lat' dir='ltr'><strong>episcopus</strong></span> <span class='ocrx_word' id='word_1_361' title='bbox 751 4415 923 4464; x_wconf 87' lang='lat' dir='ltr'><strong>totum</strong></span> <span class='ocrx_word' id='word_1_362' title='bbox 967 4412 1234 4483; x_wconf 84' lang='lat' dir='ltr'><strong>templum</strong></span> <span class='ocrx_word' id='word_1_363' title='bbox 1269 4413 1516 4468; x_wconf 88' lang='lat' dir='ltr'><strong>incensis</strong></span> <span class='ocrx_word' id='word_1_364' title='bbox 1555 4412 1821 4468; x_wconf 87' lang='lat' dir='ltr'><strong>odoribus</strong></span> <span class='ocrx_word' id='word_1_365' title='bbox 1859 4427 2012 4466; x_wconf 91' lang='lat' dir='ltr'><strong>com-</strong></span> 
     </span>
    </p>
   </div>
   <div class='ocr_carea' id='block_1_61' title="bbox 425 4496 674 4564">
    <p class='ocr_par' dir='ltr' id='par_1_61' title="bbox 425 4496 674 4564">
     <span class='ocr_line' id='line_1_61' title="bbox 425 4496 674 4564; baseline 0.024 -16"><span class='ocrx_word' id='word_1_366' title='bbox 425 4496 674 4564; x_wconf 77' lang='lat' dir='ltr'><strong>pleverit.</strong></span> 
     </span>
    </p>
   </div>
   <div class='ocr_carea' id='block_1_62' title="bbox 2122 1951 2282 2012">
    <p class='ocr_par' dir='ltr' id='par_1_62' title="bbox 2122 1951 2282 2012">
     <span class='ocr_line' id='line_1_62' title="bbox 2122 1951 2282 2012; baseline 0.006 -2"><span class='ocrx_word' id='word_1_367' title='bbox 2122 1951 2282 2012; x_wconf 75' lang='grc' dir='ltr'>εἶναι.</span> 
     </span>
    </p>
   </div>
   <div class='ocr_carea' id='block_1_63' title="bbox 2197 2051 3720 2126">
    <p class='ocr_par' dir='ltr' id='par_1_63' title="bbox 2197 2051 3720 2126">
     <span class='ocr_line' id='line_1_63' title="bbox 2197 2051 3720 2126; baseline 0.006 -22"><span class='ocrx_word' id='word_1_368' title='bbox 2197 2053 2263 2105; x_wconf 80' lang='grc' dir='ltr'><em>Οἱ</em></span> <span class='ocrx_word' id='word_1_369' title='bbox 2319 2051 2628 2123; x_wconf 75' lang='grc' dir='ltr'>τολμηρῶς</span> <span class='ocrx_word' id='word_1_370' title='bbox 2681 2054 3180 2126; x_wconf 81' lang='grc' dir='ltr'>ἀποκεχρημένοι.</span> <span class='ocrx_word' id='word_1_371' title='bbox 3240 2057 3306 2110; x_wconf 86' lang='grc' dir='ltr'><strong>Ὅ</strong></span> <span class='ocrx_word' id='word_1_372' title='bbox 3355 2054 3505 2125; x_wconf 83' lang='grc' dir='ltr'>λέγει</span> <span class='ocrx_word' id='word_1_373' title='bbox 3556 2058 3720 2113; x_wconf 77' lang='grc' dir='ltr'>τοῦτό</span> 
     </span>
    </p>
   </div>
   <div class='ocr_carea' id='block_1_64' title="bbox 2121 2142 3721 2219">
    <p class='ocr_par' dir='ltr' id='par_1_64' title="bbox 2121 2142 3721 2219">
     <span class='ocr_line' id='line_1_64' title="bbox 2121 2142 3721 2219; baseline 0.005 -24"><span class='ocrx_word' id='word_1_374' title='bbox 2121 2142 2498 2216; x_wconf 61' lang='grc' dir='ltr'>ἐστινῶσπερ</span> <span class='ocrx_word' id='word_1_375' title='bbox 2528 2145 2557 2197; x_wconf 83' lang='grc' dir='ltr'>ὁ</span> <span class='ocrx_word' id='word_1_376' title='bbox 2584 2145 2765 2217; x_wconf 81' lang='grc' dir='ltr'>ἱερεὺς</span> <span class='ocrx_word' id='word_1_377' title='bbox 2786 2146 2861 2219; x_wconf 85' lang='grc' dir='ltr'>μὴ</span> <span class='ocrx_word' id='word_1_378' title='bbox 2894 2146 3112 2219; x_wconf 84' lang='grc' dir='ltr'>πρῶτος</span> <span class='ocrx_word' id='word_1_379' title='bbox 3147 2146 3580 2219; x_wconf 74' lang='grc' dir='ltr'>μεταλαμϐάνων</span> <span class='ocrx_word' id='word_1_380' title='bbox 3604 2151 3721 2204; x_wconf 82' lang='grc' dir='ltr'><strong>τῶν</strong></span> 
     </span>
    </p>
   </div>
   <div class='ocr_carea' id='block_1_65' title="bbox 2121 2234 3720 2310">
    <p class='ocr_par' dir='ltr' id='par_1_65' title="bbox 2121 2234 3720 2310">
     <span class='ocr_line' id='line_1_65' title="bbox 2121 2234 3720 2310; baseline 0.006 -23"><span class='ocrx_word' id='word_1_381' title='bbox 2121 2234 2212 2288; x_wconf 83' lang='grc' dir='ltr'>ὑπ’</span> <span class='ocrx_word' id='word_1_382' title='bbox 2232 2235 2397 2289; x_wconf 78' lang='grc' dir='ltr'>αὑτοῦ</span> <span class='ocrx_word' id='word_1_383' title='bbox 2425 2237 2962 2310; x_wconf 82' lang='grc' dir='ltr'>προσκομισθέντων,</span> <span class='ocrx_word' id='word_1_384' title='bbox 2986 2238 3200 2308; x_wconf 82' lang='grc' dir='ltr'>άνίερός</span> <span class='ocrx_word' id='word_1_385' title='bbox 3231 2241 3406 2292; x_wconf 73' lang='grc' dir='ltr'>ἐστιν·</span> <span class='ocrx_word' id='word_1_386' title='bbox 3443 2239 3590 2294; x_wconf 75' lang='grc' dir='ltr'>οὕτω</span> <span class='ocrx_word' id='word_1_387' title='bbox 3618 2242 3720 2296; x_wconf 83' lang='grc' dir='ltr'>καὶ</span> 
     </span>
    </p>
   </div>
   <div class='ocr_carea' id='block_1_66' title="bbox 2119 2327 3718 2404">
    <p class='ocr_par' dir='ltr' id='par_1_66' title="bbox 2119 2327 3718 2404">
     <span class='ocr_line' id='line_1_66' title="bbox 2119 2327 3718 2404; baseline 0.006 -24"><span class='ocrx_word' id='word_1_388' title='bbox 2119 2329 2168 2380; x_wconf 80' lang='grc' dir='ltr'>οἱ</span> <span class='ocrx_word' id='word_1_389' title='bbox 2201 2327 2509 2398; x_wconf 84' lang='grc' dir='ltr'>τολμῶντες</span> <span class='ocrx_word' id='word_1_390' title='bbox 2540 2329 2813 2385; x_wconf 84' lang='grc' dir='ltr'>διδάσκειν</span> <span class='ocrx_word' id='word_1_391' title='bbox 2845 2330 3057 2396; x_wconf 81' lang='grc' dir='ltr'>ἄλλους,</span> <span class='ocrx_word' id='word_1_392' title='bbox 3096 2332 3170 2402; x_wconf 80' lang='grc' dir='ltr'>μὴ</span> <span class='ocrx_word' id='word_1_393' title='bbox 3206 2331 3538 2404; x_wconf 83' lang='grc' dir='ltr'>πράττοντες</span> <span class='ocrx_word' id='word_1_394' title='bbox 3569 2334 3606 2388; x_wconf 83' lang='grc' dir='ltr'>ἃ</span> <span class='ocrx_word' id='word_1_395' title='bbox 3636 2335 3718 2388; x_wconf 87' lang='grc' dir='ltr'>δι-</span> 
     </span>
    </p>
   </div>
   <div class='ocr_carea' id='block_1_67' title="bbox 2117 2417 3718 2496">
    <p class='ocr_par' dir='ltr' id='par_1_67' title="bbox 2117 2417 3718 2496">
     <span class='ocr_line' id='line_1_67' title="bbox 2117 2417 3718 2496; baseline 0.004 -25"><span class='ocrx_word' id='word_1_396' title='bbox 2117 2417 2430 2482; x_wconf 77' lang='grc' dir='ltr'>δάσκουσιν,</span> <span class='ocrx_word' id='word_1_397' title='bbox 2477 2419 2684 2492; x_wconf 84' lang='grc' dir='ltr'>άνίεροί</span> <span class='ocrx_word' id='word_1_398' title='bbox 2727 2421 2860 2475; x_wconf 78' lang='grc' dir='ltr'>εἰσι·</span> <span class='ocrx_word' id='word_1_399' title='bbox 2895 2422 2978 2475; x_wconf 86' lang='grc' dir='ltr'>δεῖ</span> <span class='ocrx_word' id='word_1_400' title='bbox 3021 2422 3130 2496; x_wconf 82' lang='grc' dir='ltr'>γὰρ</span> <span class='ocrx_word' id='word_1_401' title='bbox 3180 2429 3374 2491; x_wconf 86' lang='grc' dir='ltr'>ποιεῖν,</span> <span class='ocrx_word' id='word_1_402' title='bbox 3426 2426 3523 2480; x_wconf 78' lang='grc' dir='ltr'>καὶ</span> <span class='ocrx_word' id='word_1_403' title='bbox 3569 2425 3718 2479; x_wconf 74' lang='grc' dir='ltr'>οὕτω</span> 
     </span>
    </p>
   </div>
   <div class='ocr_carea' id='block_1_68' title="bbox 2118 2508 3710 2587">
    <p class='ocr_par' dir='ltr' id='par_1_68' title="bbox 2118 2508 3710 2587">
     <span class='ocr_line' id='line_1_68' title="bbox 2118 2508 3710 2587; baseline 0.003 -25"><span class='ocrx_word' id='word_1_404' title='bbox 2118 2508 2389 2563; x_wconf 81' lang='grc' dir='ltr'>διδάσκειν</span> <span class='ocrx_word' id='word_1_405' title='bbox 2412 2551 2426 2575; x_wconf 93' lang='grc'><strong>,</strong></span> <span class='ocrx_word' id='word_1_406' title='bbox 2464 2510 2605 2565; x_wconf 78' lang='grc' dir='ltr'>κατὰ</span> <span class='ocrx_word' id='word_1_407' title='bbox 2654 2511 2716 2565; x_wconf 88' lang='grc' dir='ltr'>τὸ</span> <span class='ocrx_word' id='word_1_408' title='bbox 2770 2511 3063 2584; x_wconf 78' lang='grc' dir='ltr'>εἰρημένον</span> <span class='ocrx_word' id='word_1_409' title='bbox 3111 2513 3216 2567; x_wconf 83' lang='grc' dir='ltr'><strong>ὑπὸ</strong></span> <span class='ocrx_word' id='word_1_410' title='bbox 3242 2514 3289 2546; x_wconf 76' lang='grc'><strong>²¹¹⁵</strong></span> <span class='ocrx_word' id='word_1_411' title='bbox 3320 2516 3415 2568; x_wconf 74' lang='grc' dir='ltr'>τοῦ</span> <span class='ocrx_word' id='word_1_412' title='bbox 3452 2514 3665 2587; x_wconf 79' lang='grc' dir='ltr'>Κυρίου</span> <span class='ocrx_word' id='word_1_413' title='bbox 3695 2531 3710 2546; x_wconf 75' lang='grc' dir='ltr'><strong>ο</strong></span> 
     </span>
    </p>
   </div>
   <div class='ocr_carea' id='block_1_69' title="bbox 2131 2599 3712 2678">
    <p class='ocr_par' dir='ltr' id='par_1_69' title="bbox 2131 2599 3712 2678">
     <span class='ocr_line' id='line_1_69' title="bbox 2131 2599 3712 2678; baseline 0.006 -25"><span class='ocrx_word' id='word_1_414' title='bbox 2131 2599 2194 2653; x_wconf 86' lang='lat'><strong>&#39;0</strong></span> <span class='ocrx_word' id='word_1_415' title='bbox 2216 2601 2478 2670; x_wconf 79' lang='grc' dir='ltr'>ποιήσας</span> <span class='ocrx_word' id='word_1_416' title='bbox 2503 2605 2601 2658; x_wconf 81' lang='grc' dir='ltr'>καὶ</span> <span class='ocrx_word' id='word_1_417' title='bbox 2624 2604 2891 2673; x_wconf 81' lang='grc' dir='ltr'>διδάξας,</span> <span class='ocrx_word' id='word_1_418' title='bbox 2908 2606 3086 2673; x_wconf 85' lang='grc' dir='ltr'>οὗτος</span> <span class='ocrx_word' id='word_1_419' title='bbox 3100 2606 3292 2678; x_wconf 75' lang='grc' dir='ltr'>μέγας</span> <span class='ocrx_word' id='word_1_420' title='bbox 3314 2607 3712 2676; x_wconf 72' lang='grc' dir='ltr'>κληθήσεται.</span> 
     </span>
    </p>
   </div>
   <div class='ocr_carea' id='block_1_70' title="bbox 2193 2691 3158 2767">
    <p class='ocr_par' dir='ltr' id='par_1_70' title="bbox 2193 2691 3158 2767">
     <span class='ocr_line' id='line_1_70' title="bbox 2193 2691 3158 2767; baseline 0.007 -25"><span class='ocrx_word' id='word_1_421' title='bbox 2193 2691 2618 2759; x_wconf 84' lang='grc' dir='ltr'>Θεσμοθεσιας.</span> <span class='ocrx_word' id='word_1_422' title='bbox 2651 2693 2757 2746; x_wconf 82' lang='grc' dir='ltr'>Τοῦ</span> <span class='ocrx_word' id='word_1_423' title='bbox 2790 2693 2937 2748; x_wconf 85' lang='grc' dir='ltr'>Θείου</span> <span class='ocrx_word' id='word_1_424' title='bbox 2969 2694 3158 2767; x_wconf 88' lang='grc' dir='ltr'>νόμου.</span> 
     </span>
    </p>
   </div>
   <div class='ocr_carea' id='block_1_71' title="bbox 2195 2786 3705 2860">
    <p class='ocr_par' dir='ltr' id='par_1_71' title="bbox 2195 2786 3705 2860">
     <span class='ocr_line' id='line_1_71' title="bbox 2195 2786 3705 2860; baseline 0.003 -20"><span class='ocrx_word' id='word_1_425' title='bbox 2195 2789 2276 2840; x_wconf 84' lang='grc' dir='ltr'><em>Οὐ</em></span> <span class='ocrx_word' id='word_1_426' title='bbox 2299 2787 2646 2856; x_wconf 78' lang='grc' dir='ltr'>τολμητέον.</span> <span class='ocrx_word' id='word_1_427' title='bbox 2682 2786 2953 2860; x_wconf 78' lang='grc' dir='ltr'>Φοϐήθητι</span> <span class='ocrx_word' id='word_1_428' title='bbox 2988 2789 3147 2842; x_wconf 87' lang='grc' dir='ltr'>πάνυ.</span> <span class='ocrx_word' id='word_1_429' title='bbox 3696 2838 3705 2849; x_wconf 76' lang='grc'><strong>,</strong></span> 
     </span>
    </p>
   </div>
   <div class='ocr_carea' id='block_1_72' title="bbox 2204 2879 3711 2952">
    <p class='ocr_par' dir='ltr' id='par_1_72' title="bbox 2204 2879 3711 2952">
     <span class='ocr_line' id='line_1_72' title="bbox 2204 2879 3711 2952; baseline 0.003 -20"><span class='ocrx_word' id='word_1_430' title='bbox 2204 2879 2562 2950; x_wconf 83' lang='grc' dir='ltr'>Ἀρμοστὴν.</span> <span class='ocrx_word' id='word_1_431' title='bbox 2585 2879 2878 2933; x_wconf 84' lang='grc' dir='ltr'>Τουτέστιν</span> <span class='ocrx_word' id='word_1_432' title='bbox 2906 2881 3184 2952; x_wconf 83' lang='grc' dir='ltr'>ἁρμόδιον.</span> <span class='ocrx_word' id='word_1_433' title='bbox 3219 2880 3562 2952; x_wconf 76' lang='grc' dir='ltr'>Ἀρμοστὴν</span> <span class='ocrx_word' id='word_1_434' title='bbox 3587 2882 3711 2937; x_wconf 80' lang='grc' dir='ltr'>ἕλε-</span> 
     </span>
    </p>
   </div>
   <div class='ocr_carea' id='block_1_73' title="bbox 2117 2970 3716 3044">
    <p class='ocr_par' dir='ltr' id='par_1_73' title="bbox 2117 2970 3716 3044">
     <span class='ocr_line' id='line_1_73' title="bbox 2117 2970 3716 3044; baseline 0.003 -21"><span class='ocrx_word' id='word_1_435' title='bbox 2117 2987 2212 3039; x_wconf 89' lang='grc' dir='ltr'><strong>γον</strong></span> <span class='ocrx_word' id='word_1_436' title='bbox 2245 2971 2294 3023; x_wconf 78' lang='grc' dir='ltr'>οἱ</span> <span class='ocrx_word' id='word_1_437' title='bbox 2327 2970 2764 3041; x_wconf 88' lang='grc' dir='ltr'>Λακεδαιμόνιοι,</span> <span class='ocrx_word' id='word_1_438' title='bbox 2799 2970 2892 3024; x_wconf 88' lang='grc' dir='ltr'>τὸν</span> <span class='ocrx_word' id='word_1_439' title='bbox 2926 2970 3323 3044; x_wconf 79' lang='grc' dir='ltr'>καθιστάμενον</span> <span class='ocrx_word' id='word_1_440' title='bbox 3387 2973 3485 3025; x_wconf 85' lang='grc' dir='ltr'><strong>ὑπ’</strong></span> <span class='ocrx_word' id='word_1_441' title='bbox 3528 2973 3716 3030; x_wconf 79' lang='grc' dir='ltr'>αὐτῶν</span> 
     </span>
    </p>
   </div>
   <div class='ocr_carea' id='block_1_74' title="bbox 2119 3062 3714 3138">
    <p class='ocr_par' dir='ltr' id='par_1_74' title="bbox 2119 3062 3714 3138">
     <span class='ocr_line' id='line_1_74' title="bbox 2119 3062 3714 3138; baseline 0.001 -21"><span class='ocrx_word' id='word_1_442' title='bbox 2119 3063 2357 3136; x_wconf 83' lang='grc' dir='ltr'>ἄρχοντα</span> <span class='ocrx_word' id='word_1_443' title='bbox 2405 3062 2512 3117; x_wconf 79' lang='grc' dir='ltr'><strong>τῶν</strong></span> <span class='ocrx_word' id='word_1_444' title='bbox 2568 3062 2945 3133; x_wconf 77' lang='grc' dir='ltr'>ὑποκειμένων</span> <span class='ocrx_word' id='word_1_445' title='bbox 2999 3065 3185 3128; x_wconf 77' lang='grc' dir='ltr'>αὐτοῖς</span> <span class='ocrx_word' id='word_1_446' title='bbox 3250 3065 3496 3130; x_wconf 89' lang='grc' dir='ltr'>πόλεων,</span> <span class='ocrx_word' id='word_1_447' title='bbox 3558 3064 3714 3138; x_wconf 77' lang='grc' dir='ltr'>παρὰ</span> 
     </span>
    </p>
   </div>
   <div class='ocr_carea' id='block_1_75' title="bbox 2117 3156 3708 3231">
    <p class='ocr_par' dir='ltr' id='par_1_75' title="bbox 2117 3156 3708 3231">
     <span class='ocr_line' id='line_1_75' title="bbox 2117 3156 3708 3231; baseline -0.001 -19"><span class='ocrx_word' id='word_1_448' title='bbox 2117 3159 2178 3212; x_wconf 84' lang='grc' dir='ltr'>τὸ</span> <span class='ocrx_word' id='word_1_449' title='bbox 2197 3156 2470 3228; x_wconf 78' lang='grc' dir='ltr'>ἁρμόζειν</span> <span class='ocrx_word' id='word_1_450' title='bbox 2495 3157 2621 3220; x_wconf 76' lang='grc' dir='ltr'>τοὺς</span> <span class='ocrx_word' id='word_1_451' title='bbox 2641 3157 2979 3230; x_wconf 77' lang='grc' dir='ltr'>ἀρχομένους</span> <span class='ocrx_word' id='word_1_452' title='bbox 3011 3159 3109 3231; x_wconf 78' lang='grc' dir='ltr'><strong>ζῇν</strong></span> <span class='ocrx_word' id='word_1_453' title='bbox 3143 3156 3284 3212; x_wconf 86' lang='grc' dir='ltr'>κατὰ</span> <span class='ocrx_word' id='word_1_454' title='bbox 3320 3159 3445 3220; x_wconf 78' lang='grc' dir='ltr'>τοὺς</span> <span class='ocrx_word' id='word_1_455' title='bbox 3489 3157 3708 3229; x_wconf 86' lang='grc' dir='ltr'>νόμους,</span> 
     </span>
    </p>
   </div>
   <div class='ocr_carea' id='block_1_76' title="bbox 2120 3248 3713 3320">
    <p class='ocr_par' dir='ltr' id='par_1_76' title="bbox 2120 3248 3713 3320">
     <span class='ocr_line' id='line_1_76' title="bbox 2120 3248 3713 3320; baseline -0.001 -16"><span class='ocrx_word' id='word_1_456' title='bbox 2120 3250 2242 3304; x_wconf 77' lang='grc' dir='ltr'>ὅθεν</span> <span class='ocrx_word' id='word_1_457' title='bbox 2304 3251 2398 3304; x_wconf 75' lang='grc' dir='ltr'>καὶ</span> <span class='ocrx_word' id='word_1_458' title='bbox 2455 3248 2844 3320; x_wconf 79' lang='grc' dir='ltr'>ἀρμοστῆρας</span> <span class='ocrx_word' id='word_1_459' title='bbox 2911 3250 3073 3304; x_wconf 87' lang='grc' dir='ltr'>πάλιν</span> <span class='ocrx_word' id='word_1_460' title='bbox 3139 3249 3369 3303; x_wconf 76' lang='grc' dir='ltr'>ἐκάλουν</span> <span class='ocrx_word' id='word_1_461' title='bbox 3436 3248 3713 3320; x_wconf 78' lang='grc' dir='ltr'>Ἀθηναῖοι</span> 
     </span>
    </p>
   </div>
   <div class='ocr_carea' id='block_1_77' title="bbox 2117 3342 3711 3418">
    <p class='ocr_par' dir='ltr' id='par_1_77' title="bbox 2117 3342 3711 3418">
     <span class='ocr_line' id='line_1_77' title="bbox 2117 3342 3711 3418; baseline -0.003 -18"><span class='ocrx_word' id='word_1_462' title='bbox 2117 3347 2245 3412; x_wconf 79' lang='grc' dir='ltr'>τοὺς</span> <span class='ocrx_word' id='word_1_463' title='bbox 2283 3348 2362 3410; x_wconf 83' lang='grc' dir='ltr'><strong>εἰς</strong></span> <span class='ocrx_word' id='word_1_464' title='bbox 2393 3345 2455 3398; x_wconf 79' lang='grc' dir='ltr'>τὸ</span> <span class='ocrx_word' id='word_1_465' title='bbox 2489 3342 2547 3400; x_wconf 80' lang='grc' dir='ltr'>εὖ</span> <span class='ocrx_word' id='word_1_466' title='bbox 2583 3345 2680 3418; x_wconf 79' lang='grc' dir='ltr'>ζῇν</span> <span class='ocrx_word' id='word_1_467' title='bbox 2713 3347 3117 3412; x_wconf 86' lang='grc' dir='ltr'>διατάττοντας,</span> <span class='ocrx_word' id='word_1_468' title='bbox 3150 3346 3225 3409; x_wconf 83' lang='grc' dir='ltr'>ὡς</span> <span class='ocrx_word' id='word_1_469' title='bbox 3259 3343 3447 3413; x_wconf 73' lang='grc' dir='ltr'>σαφῶς</span> <span class='ocrx_word' id='word_1_470' title='bbox 3483 3343 3711 3396; x_wconf 85' lang='grc' dir='ltr'>Πλάτων</span> 
     </span>
    </p>
   </div>
   <div class='ocr_carea' id='block_1_78' title="bbox 2117 3437 3713 3510">
    <p class='ocr_par' dir='ltr' id='par_1_78' title="bbox 2117 3437 3713 3510">
     <span class='ocr_line' id='line_1_78' title="bbox 2117 3437 3713 3510; baseline -0.002 -18"><span class='ocrx_word' id='word_1_471' title='bbox 2117 3441 2145 3492; x_wconf 87' lang='grc' dir='ltr'>ὁ</span> <span class='ocrx_word' id='word_1_472' title='bbox 2179 3439 2424 3510; x_wconf 85' lang='grc' dir='ltr'>κωμικὸς</span> <span class='ocrx_word' id='word_1_473' title='bbox 2455 3437 2606 3510; x_wconf 87' lang='grc' dir='ltr'>δηλοῖ</span> <span class='ocrx_word' id='word_1_474' title='bbox 2639 3440 2696 3492; x_wconf 81' lang='grc' dir='ltr'>ὲν</span> <span class='ocrx_word' id='word_1_475' title='bbox 2728 3438 3027 3507; x_wconf 76' lang='grc' dir='ltr'>Πρέσϐεσι</span> <span class='ocrx_word' id='word_1_476' title='bbox 3060 3437 3137 3509; x_wconf 84' lang='grc' dir='ltr'>τῷ</span> <span class='ocrx_word' id='word_1_477' title='bbox 3186 3437 3444 3509; x_wconf 82' lang='grc' dir='ltr'>δράματι.</span> <span class='ocrx_word' id='word_1_478' title='bbox 3483 3438 3592 3490; x_wconf 77' lang='grc' dir='ltr'><strong>Καὶ</strong></span> <span class='ocrx_word' id='word_1_479' title='bbox 3623 3439 3713 3489; x_wconf 83' lang='grc' dir='ltr'>έν-</span> 
     </span>
    </p>
   </div>
   <div class='ocr_carea' id='block_1_79' title="bbox 2116 3529 3712 3604">
    <p class='ocr_par' dir='ltr' id='par_1_79' title="bbox 2116 3529 3712 3604">
     <span class='ocr_line' id='line_1_79' title="bbox 2116 3529 3712 3604; baseline -0.001 -21"><span class='ocrx_word' id='word_1_480' title='bbox 2116 3531 2292 3585; x_wconf 77' lang='grc' dir='ltr'>ταῦθα</span> <span class='ocrx_word' id='word_1_481' title='bbox 2316 3531 2496 3584; x_wconf 83' lang='grc' dir='ltr'>τοίνυν</span> <span class='ocrx_word' id='word_1_482' title='bbox 2523 3531 2860 3601; x_wconf 75' lang='grc' dir='ltr'>ἁρμοστὴν,</span> <span class='ocrx_word' id='word_1_483' title='bbox 2885 3532 2975 3585; x_wconf 82' lang='grc' dir='ltr'>τὸν</span> <span class='ocrx_word' id='word_1_484' title='bbox 3006 3531 3246 3604; x_wconf 76' lang='grc' dir='ltr'>ἄρχοντα</span> <span class='ocrx_word' id='word_1_485' title='bbox 3265 3531 3363 3602; x_wconf 80' lang='grc' dir='ltr'>τῆς</span> <span class='ocrx_word' id='word_1_486' title='bbox 3379 3529 3712 3602; x_wconf 85' lang='grc' dir='ltr'>Ἐκκλησίας</span> 
     </span>
    </p>
   </div>
   <div class='ocr_carea' id='block_1_80' title="bbox 2117 3623 2966 3696">
    <p class='ocr_par' dir='ltr' id='par_1_80' title="bbox 2117 3623 2966 3696">
     <span class='ocr_line' id='line_1_80' title="bbox 2117 3623 2966 3696; baseline 0.002 -20"><span class='ocrx_word' id='word_1_487' title='bbox 2117 3624 2415 3677; x_wconf 80' lang='grc' dir='ltr'>ἐπίσκοπον</span> <span class='ocrx_word' id='word_1_488' title='bbox 2447 3624 2666 3688; x_wconf 82' lang='grc' dir='ltr'>οἰκείως</span> <span class='ocrx_word' id='word_1_489' title='bbox 2693 3623 2966 3696; x_wconf 79' lang='grc' dir='ltr'>ὠνόμασε.</span> 
     </span>
    </p>
   </div>
   <div class='ocr_carea' id='block_1_81' title="bbox 2193 3773 3708 3848">
    <p class='ocr_par' dir='ltr' id='par_1_81' title="bbox 2193 3773 3708 3848">
     <span class='ocr_line' id='line_1_81' title="bbox 2193 3773 3708 3848; baseline -0.003 -17"><span class='ocrx_word' id='word_1_490' title='bbox 2193 3777 2271 3846; x_wconf 79' lang='grc' dir='ltr'><strong>Τῇ</strong></span> <span class='ocrx_word' id='word_1_491' title='bbox 2297 3776 2406 3846; x_wconf 78' lang='grc' dir='ltr'>γὰρ</span> <span class='ocrx_word' id='word_1_492' title='bbox 2435 3773 2581 3844; x_wconf 72' lang='grc' dir='ltr'>ἱερᾷ.</span> <span class='ocrx_word' id='word_1_493' title='bbox 2601 3775 2914 3848; x_wconf 87' lang='grc' dir='ltr'>Σημείωσαι</span> <span class='ocrx_word' id='word_1_494' title='bbox 2937 3776 2991 3829; x_wconf 88' lang='grc' dir='ltr'><strong>τί</strong></span> <span class='ocrx_word' id='word_1_495' title='bbox 3016 3775 3132 3829; x_wconf 77' lang='grc' dir='ltr'>ἐστι</span> <span class='ocrx_word' id='word_1_496' title='bbox 3151 3775 3240 3829; x_wconf 85' lang='grc' dir='ltr'>τό·</span> <span class='ocrx_word' id='word_1_497' title='bbox 3258 3775 3582 3830; x_wconf 81' lang='grc' dir='ltr'>Γεύσασθε</span> <span class='ocrx_word' id='word_1_498' title='bbox 3608 3774 3708 3828; x_wconf 70' lang='grc' dir='ltr'>καὶ</span> 
     </span>
    </p>
   </div>
   <div class='ocr_carea' id='block_1_82' title="bbox 2119 3871 2295 3928">
    <p class='ocr_par' dir='ltr' id='par_1_82' title="bbox 2119 3871 2295 3928">
     <span class='ocr_line' id='line_1_82' title="bbox 2119 3871 2295 3928; baseline 0.017 -4"><span class='ocrx_word' id='word_1_499' title='bbox 2119 3871 2295 3928; x_wconf 78' lang='grc' dir='ltr'>ἴδετε.</span> 
     </span>
    </p>
   </div>
   <div class='ocr_carea' id='block_1_83' title="bbox 2139 4045 3212 4121">
    <p class='ocr_par' dir='ltr' id='par_1_83' title="bbox 2139 4045 3212 4121">
     <span class='ocr_line' id='line_1_83' title="bbox 2139 4045 3212 4121; baseline -0.001 -23"><span class='ocrx_word' id='word_1_500' title='bbox 2139 4117 2142 4121; x_wconf 16' lang='grc' dir='ltr'><strong><em>ι</em></strong></span> <span class='ocrx_word' id='word_1_501' title='bbox 2595 4045 2706 4098; x_wconf 80' lang='lat' dir='ltr'><strong>En:</strong></span> <span class='ocrx_word' id='word_1_502' title='bbox 2736 4045 2824 4097; x_wconf 91' lang='lat' dir='ltr'><strong>T0</strong></span> <span class='ocrx_word' id='word_1_503' title='bbox 2857 4045 3107 4099; x_wconf 79' lang='grc' dir='ltr'><strong>ΚΕΦΑΔ.</strong></span> <span class='ocrx_word' id='word_1_504' title='bbox 3139 4045 3212 4097; x_wconf 82' lang='lat' dir='ltr'><strong>A&#39;.</strong></span> 
     </span>
    </p>
   </div>
   <div class='ocr_carea' id='block_1_84' title="bbox 2193 4133 3712 4210">
    <p class='ocr_par' dir='ltr' id='par_1_84' title="bbox 2193 4133 3712 4210">
     <span class='ocr_line' id='line_1_84' title="bbox 2193 4133 3712 4210; baseline -0.001 -19"><span class='ocrx_word' id='word_1_505' title='bbox 2193 4137 2221 4210; x_wconf 64' lang='grc' dir='ltr'><strong>ς</strong></span> <span class='ocrx_word' id='word_1_506' title='bbox 2253 4138 2294 4192; x_wconf 92' lang='lat' dir='ltr'><strong>I.</strong></span> <span class='ocrx_word' id='word_1_507' title='bbox 2341 4137 2507 4192; x_wconf 83' lang='grc' dir='ltr'>Οὕτω</span> <span class='ocrx_word' id='word_1_508' title='bbox 2536 4138 2687 4206; x_wconf 83' lang='grc' dir='ltr'>πρὸς</span> <span class='ocrx_word' id='word_1_509' title='bbox 2727 4137 2794 4191; x_wconf 84' lang='grc' dir='ltr'>τὸ</span> <span class='ocrx_word' id='word_1_510' title='bbox 2837 4137 2926 4192; x_wconf 79' lang='grc' dir='ltr'>ἓν.</span> <span class='ocrx_word' id='word_1_511' title='bbox 2962 4137 3219 4190; x_wconf 87' lang='grc' dir='ltr'>Τουτέστι</span> <span class='ocrx_word' id='word_1_512' title='bbox 3254 4137 3393 4208; x_wconf 82' lang='grc' dir='ltr'>πρὸς</span> <span class='ocrx_word' id='word_1_513' title='bbox 3429 4136 3492 4190; x_wconf 85' lang='grc' dir='ltr'><strong>τὺ</strong></span> <span class='ocrx_word' id='word_1_514' title='bbox 3519 4133 3712 4207; x_wconf 77' lang='grc' dir='ltr'>νοητὸν</span> 
     </span>
    </p>
   </div>
   <div class='ocr_carea' id='block_1_85' title="bbox 2118 4231 3016 4302">
    <p class='ocr_par' dir='ltr' id='par_1_85' title="bbox 2118 4231 3016 4302">
     <span class='ocr_line' id='line_1_85' title="bbox 2118 4231 3016 4302; baseline -0.001 -18"><span class='ocrx_word' id='word_1_515' title='bbox 2118 4233 2211 4284; x_wconf 60' lang='grc' dir='ltr'><strong>καὶ⁸</strong></span> <span class='ocrx_word' id='word_1_516' title='bbox 2244 4231 2628 4302; x_wconf 80' lang='grc' dir='ltr'>πνευματικόν.</span> <span class='ocrx_word' id='word_1_517' title='bbox 3012 4284 3016 4288; x_wconf 75' lang='grc'><strong>,</strong></span> 
     </span>
    </p>
   </div>
   <div class='ocr_carea' id='block_1_86' title="bbox 2186 4319 3711 4394">
    <p class='ocr_par' dir='ltr' id='par_1_86' title="bbox 2186 4319 3711 4394">
     <span class='ocr_line' id='line_1_86' title="bbox 2186 4319 3711 4394; baseline -0.001 -18"><span class='ocrx_word' id='word_1_518' title='bbox 2186 4324 2469 4392; x_wconf 79' lang='grc' dir='ltr'>Εὺόσμου</span> <span class='ocrx_word' id='word_1_519' title='bbox 2500 4321 2892 4394; x_wconf 71' lang='grc' dir='ltr'>περιαγωγῆς.</span> <span class='ocrx_word' id='word_1_520' title='bbox 2928 4322 3074 4376; x_wconf 77' lang='grc' dir='ltr'>’Δντὶ</span> <span class='ocrx_word' id='word_1_521' title='bbox 3099 4319 3194 4374; x_wconf 81' lang='grc' dir='ltr'><strong>τοῦ</strong></span> <span class='ocrx_word' id='word_1_522' title='bbox 3227 4320 3595 4392; x_wconf 86' lang='grc' dir='ltr'>θυμιάσαντος</span> <span class='ocrx_word' id='word_1_523' title='bbox 3612 4319 3711 4374; x_wconf 75' lang='grc' dir='ltr'><strong>τοῦ</strong></span> 
     </span>
    </p>
   </div>
   <div class='ocr_carea' id='block_1_87' title="bbox 2119 4415 3120 4490">
    <p class='ocr_par' dir='ltr' id='par_1_87' title="bbox 2119 4415 3120 4490">
     <span class='ocr_line' id='line_1_87' title="bbox 2119 4415 3120 4490; baseline 0.001 -21"><span class='ocrx_word' id='word_1_524' title='bbox 2119 4415 2422 4469; x_wconf 80' lang='grc' dir='ltr'>ἐπισκόπου</span> <span class='ocrx_word' id='word_1_525' title='bbox 2457 4417 2639 4468; x_wconf 85' lang='grc' dir='ltr'>πᾶσαν</span> <span class='ocrx_word' id='word_1_526' title='bbox 2671 4417 2771 4488; x_wconf 80' lang='grc' dir='ltr'>τὴν</span> <span class='ocrx_word' id='word_1_527' title='bbox 2803 4415 3120 4490; x_wconf 71' lang='grc' dir='ltr'>ἐκκλησίαν.</span> 
     </span>
    </p>
   </div>
   <div class='ocr_carea' id='block_1_88' title="bbox 531 4577 2016 4683">
    <p class='ocr_par' dir='ltr' id='par_1_88' title="bbox 531 4587 2014 4665">
     <span class='ocr_line' id='line_1_88' title="bbox 531 4587 2014 4665; baseline 0.006 -22"><span class='ocrx_word' id='word_1_528' title='bbox 531 4587 834 4647; x_wconf 82' lang='lat' dir='ltr'><strong>Canticum.</strong></span> <span class='ocrx_word' id='word_1_529' title='bbox 859 4595 1069 4664; x_wconf 66' lang='lat' dir='ltr'><strong>&quot;Aytog,</strong></span> <span class='ocrx_word' id='word_1_530' title='bbox 1115 4598 1170 4653; x_wconf 78' lang='grc' dir='ltr'>ιὰ</span> <span class='ocrx_word' id='word_1_531' title='bbox 1219 4607 1305 4654; x_wconf 90' lang='lat' dir='ltr'><strong>est</strong></span> <span class='ocrx_word' id='word_1_532' title='bbox 1337 4596 1599 4665; x_wconf 86' lang='lat' dir='ltr'><strong>Sanctus,</strong></span> <span class='ocrx_word' id='word_1_533' title='bbox 1654 4597 2014 4665; x_wconf 87' lang='lat' dir='ltr'><strong>scilicet;aut</strong></span> 
     </span>
    </p>
   </div>
   <div class='ocr_carea' id='block_1_89' title="bbox 2152 4577 3710 4683">
    <p class='ocr_par' dir='ltr' id='par_1_89' title="bbox 2191 4595 3710 4683">
     <span class='ocr_line' id='line_1_89' title="bbox 2191 4595 3710 4683; baseline 0 -32"><span class='ocrx_word' id='word_1_534' title='bbox 2191 4596 2638 4683; x_wconf 50' lang='lat' dir='ltr'><strong>Me.lq36nya..To</strong></span> <span class='ocrx_word' id='word_1_535' title='bbox 2677 4596 2863 4666; x_wconf 79' lang='grc' dir='ltr'>’Ἄγιος</span> <span class='ocrx_word' id='word_1_536' title='bbox 2891 4597 3144 4669; x_wconf 60' lang='grc' dir='ltr'>ίδηλονότι</span> <span class='ocrx_word' id='word_1_537' title='bbox 3167 4639 3182 4664; x_wconf 92' lang='grc'><strong>,</strong></span> <span class='ocrx_word' id='word_1_538' title='bbox 3217 4596 3250 4668; x_wconf 83' lang='grc' dir='ltr'><strong>ἢ</strong></span> <span class='ocrx_word' id='word_1_539' title='bbox 3285 4596 3380 4652; x_wconf 73' lang='grc' dir='ltr'>καὶ</span> <span class='ocrx_word' id='word_1_540' title='bbox 3410 4596 3474 4651; x_wconf 77' lang='grc' dir='ltr'>τὸ</span> <span class='ocrx_word' id='word_1_541' title='bbox 3518 4595 3710 4670; x_wconf 80' lang='grc' dir='ltr'>Ἀλλη-</span> 
     </span>
    </p>
   </div>
   <div class='ocr_carea' id='block_1_90' title="bbox 424 4679 678 4739">
    <p class='ocr_par' dir='ltr' id='par_1_90' title="bbox 424 4679 678 4739">
     <span class='ocr_line' id='line_1_90' title="bbox 424 4679 678 4739; baseline 0.016 -5"><span class='ocrx_word' id='word_1_542' title='bbox 424 4679 678 4739; x_wconf 81' lang='lat' dir='ltr'><strong>Alleluia.</strong></span> 
     </span>
    </p>
   </div>
   <div class='ocr_carea' id='block_1_91' title="bbox 497 4773 2006 4857">
    <p class='ocr_par' dir='ltr' id='par_1_91' title="bbox 497 4773 2006 4857">
     <span class='ocr_line' id='line_1_91' title="bbox 497 4773 2006 4857; baseline 0.007 -28"><span class='ocrx_word' id='word_1_543' title='bbox 497 4773 568 4830; x_wconf 88' lang='lat' dir='ltr'><strong><em>Et</em></strong></span> <span class='ocrx_word' id='word_1_544' title='bbox 590 4793 747 4847; x_wconf 87' lang='lat' dir='ltr'><strong>super</strong></span> <span class='ocrx_word' id='word_1_545' title='bbox 773 4797 851 4836; x_wconf 88' lang='lat' dir='ltr'><strong>eo.</strong></span> <span class='ocrx_word' id='word_1_546' title='bbox 879 4779 984 4838; x_wconf 83' lang='lat' dir='ltr'><strong>Per</strong></span> <span class='ocrx_word' id='word_1_547' title='bbox 1014 4782 1192 4852; x_wconf 90' lang='lat' dir='ltr'><strong>ipsum</strong></span> <span class='ocrx_word' id='word_1_548' title='bbox 1221 4785 1366 4840; x_wconf 87' lang='lat' dir='ltr'><strong>enim</strong></span> <span class='ocrx_word' id='word_1_549' title='bbox 1387 4802 1548 4841; x_wconf 87' lang='lat' dir='ltr'><strong>omne</strong></span> <span class='ocrx_word' id='word_1_550' title='bbox 1577 4785 1726 4857; x_wconf 87' lang='lat' dir='ltr'><strong>quod</strong></span> <span class='ocrx_word' id='word_1_551' title='bbox 1754 4793 2006 4840; x_wconf 87' lang='lat' dir='ltr'><strong>sanctum</strong></span> 
     </span>
    </p>
   </div>
   <div class='ocr_carea' id='block_1_92' title="bbox 423 4871 865 4940">
    <p class='ocr_par' dir='ltr' id='par_1_92' title="bbox 423 4871 865 4940">
     <span class='ocr_line' id='line_1_92' title="bbox 423 4871 865 4940; baseline 0.016 -18"><span class='ocrx_word' id='word_1_552' title='bbox 423 4877 529 4934; x_wconf 87' lang='lat' dir='ltr'><strong>est,</strong></span> <span class='ocrx_word' id='word_1_553' title='bbox 565 4871 865 4940; x_wconf 77' lang='lat' dir='ltr'><strong>perficitur.</strong></span> 
     </span>
    </p>
   </div>
   <div class='ocr_carea' id='block_1_93' title="bbox 497 4959 2004 5034">
    <p class='ocr_par' dir='ltr' id='par_1_93' title="bbox 497 4959 2004 5034">
     <span class='ocr_line' id='line_1_93' title="bbox 497 4959 2004 5034; baseline 0.007 -21"><span class='ocrx_word' id='word_1_554' title='bbox 497 4959 582 5014; x_wconf 91' lang='lat' dir='ltr'><strong>Ill.</strong></span> <span class='ocrx_word' id='word_1_555' title='bbox 635 4961 662 5033; x_wconf 86' lang='lat'>§</span> <span class='ocrx_word' id='word_1_556' title='bbox 711 4962 753 5019; x_wconf 88' lang='grc' dir='ltr'>Ι.</span> <span class='ocrx_word' id='word_1_557' title='bbox 801 4965 1039 5022; x_wconf 86' lang='lat' dir='ltr'><strong>Sanctis.</strong></span> <span class='ocrx_word' id='word_1_558' title='bbox 1085 4969 1225 5024; x_wconf 86' lang='lat' dir='ltr'><strong>Nota</strong></span> <span class='ocrx_word' id='word_1_559' title='bbox 1273 4986 1400 5025; x_wconf 78' lang='lat' dir='ltr'><strong>vere</strong></span> <span class='ocrx_word' id='word_1_560' title='bbox 1445 4970 1692 5024; x_wconf 90' lang='lat' dir='ltr'><strong>divinum</strong></span> <span class='ocrx_word' id='word_1_561' title='bbox 1746 4971 2004 5034; x_wconf 84' lang='lat' dir='ltr'><strong>verbum,</strong></span> 
     </span>
    </p>
   </div>
   <div class='ocr_carea' id='block_1_94' title="bbox 423 5054 2007 5126">
    <p class='ocr_par' dir='ltr' id='par_1_94' title="bbox 423 5054 2007 5126">
     <span class='ocr_line' id='line_1_94' title="bbox 423 5054 2007 5126; baseline 0.007 -20"><span class='ocrx_word' id='word_1_562' title='bbox 423 5054 566 5122; x_wconf 84' lang='lat' dir='ltr'><strong>quod</strong></span> <span class='ocrx_word' id='word_1_563' title='bbox 599 5064 817 5126; x_wconf 81' lang='lat' dir='ltr'><strong>Oportet</strong></span> <span class='ocrx_word' id='word_1_564' title='bbox 856 5059 1076 5116; x_wconf 86' lang='lat' dir='ltr'><strong>divinos</strong></span> <span class='ocrx_word' id='word_1_565' title='bbox 1106 5063 1256 5118; x_wconf 87' lang='lat' dir='ltr'><strong>viros</strong></span> <span class='ocrx_word' id='word_1_566' title='bbox 1287 5063 1531 5119; x_wconf 83' lang='lat' dir='ltr'><strong>occultas</strong></span> <span class='ocrx_word' id='word_1_567' title='bbox 1558 5063 1759 5117; x_wconf 89' lang='lat' dir='ltr'><strong>habere</strong></span> <span class='ocrx_word' id='word_1_568' title='bbox 1797 5079 1828 5116; x_wconf 90' lang='lat' dir='ltr'><strong>a</strong></span> <span class='ocrx_word' id='word_1_569' title='bbox 1868 5079 2007 5117; x_wconf 82' lang='lat' dir='ltr'><strong>vana</strong></span> 
     </span>
    </p>
   </div>
   <div class='ocr_carea' id='block_1_95' title="bbox 423 5145 1139 5212">
    <p class='ocr_par' dir='ltr' id='par_1_95' title="bbox 423 5145 1139 5212">
     <span class='ocr_line' id='line_1_95' title="bbox 423 5145 1139 5212; baseline 0.013 -17"><span class='ocrx_word' id='word_1_570' title='bbox 423 5145 589 5212; x_wconf 77' lang='lat' dir='ltr'><strong>gloria</strong></span> <span class='ocrx_word' id='word_1_571' title='bbox 623 5146 842 5202; x_wconf 88' lang='lat' dir='ltr'><strong>virtutis</strong></span> <span class='ocrx_word' id='word_1_572' title='bbox 874 5150 1139 5204; x_wconf 88' lang='lat' dir='ltr'><strong>actiones.</strong></span> 
     </span>
    </p>
   </div>
   <div class='ocr_carea' id='block_1_96' title="bbox 497 5236 1530 5313">
    <p class='ocr_par' dir='ltr' id='par_1_96' title="bbox 497 5236 1530 5313">
     <span class='ocr_line' id='line_1_96' title="bbox 497 5236 1530 5313; baseline 0.008 -23"><span class='ocrx_word' id='word_1_573' title='bbox 497 5236 885 5303; x_wconf 81' lang='lat' dir='ltr'><strong>Simulacmm,</strong></span> <span class='ocrx_word' id='word_1_574' title='bbox 923 5241 1020 5295; x_wconf 86' lang='lat' dir='ltr'><strong>Gr.</strong></span> <span class='ocrx_word' id='word_1_575' title='bbox 1051 5242 1292 5313; x_wconf 81' lang='grc' dir='ltr'>ἄγαλμα.</span> <span class='ocrx_word' id='word_1_576' title='bbox 1327 5242 1530 5313; x_wconf 77' lang='lat' dir='ltr'><strong>Imago.</strong></span> 
     </span>
    </p>
   </div>
   <div class='ocr_carea' id='block_1_97' title="bbox 497 5329 1547 5404">
    <p class='ocr_par' dir='ltr' id='par_1_97' title="bbox 497 5329 1547 5404">
     <span class='ocr_line' id='line_1_97' title="bbox 497 5329 1547 5404; baseline 0.01 -24"><span class='ocrx_word' id='word_1_577' title='bbox 497 5329 556 5382; x_wconf 85' lang='lat' dir='ltr'><strong>Si</strong></span> <span class='ocrx_word' id='word_1_578' title='bbox 577 5332 659 5399; x_wconf 77' lang='lat' dir='ltr'><strong>[ns</strong></span> <span class='ocrx_word' id='word_1_579' title='bbox 701 5343 801 5397; x_wconf 88' lang='lat' dir='ltr'><strong>est,</strong></span> <span class='ocrx_word' id='word_1_580' title='bbox 828 5332 920 5387; x_wconf 83' lang='lat' dir='ltr'><strong>Gr.</strong></span> <span class='ocrx_word' id='word_1_581' title='bbox 952 5336 999 5386; x_wconf 84' lang='grc' dir='ltr'>εἰ</span> <span class='ocrx_word' id='word_1_582' title='bbox 1033 5333 1207 5404; x_wconf 82' lang='grc' dir='ltr'>Θέμις.</span> <span class='ocrx_word' id='word_1_583' title='bbox 1243 5333 1547 5404; x_wconf 80' lang='lat' dir='ltr'><strong>Sijnstum.</strong></span> 
     </span>
    </p>
   </div>
   <div class='ocr_carea' id='block_1_98' title="bbox 499 5422 2004 5504">
    <p class='ocr_par' dir='ltr' id='par_1_98' title="bbox 499 5422 2004 5504">
     <span class='ocr_line' id='line_1_98' title="bbox 499 5422 2004 5504; baseline 0.009 -28"><span class='ocrx_word' id='word_1_584' title='bbox 499 5422 565 5476; x_wconf 84' lang='lat' dir='ltr'><strong>In</strong></span> <span class='ocrx_word' id='word_1_585' title='bbox 591 5427 841 5496; x_wconf 82' lang='lat' dir='ltr'><strong>imagine.</strong></span> <span class='ocrx_word' id='word_1_586' title='bbox 873 5427 987 5482; x_wconf 84' lang='lat' dir='ltr'><strong>Etsi</strong></span> <span class='ocrx_word' id='word_1_587' title='bbox 1017 5428 1356 5483; x_wconf 86' lang='lat' dir='ltr'><strong>immutatam</strong></span> <span class='ocrx_word' id='word_1_588' title='bbox 1390 5439 1552 5502; x_wconf 77' lang='lat' dir='ltr'><strong>atque</strong></span> <span class='ocrx_word' id='word_1_589' title='bbox 1577 5438 1723 5490; x_wconf 85' lang='lat' dir='ltr'><strong>omni</strong></span> <span class='ocrx_word' id='word_1_590' title='bbox 1751 5453 1816 5492; x_wconf 77' lang='lat' dir='ltr'><strong>ex</strong></span> <span class='ocrx_word' id='word_1_591' title='bbox 1852 5443 2004 5504; x_wconf 83' lang='lat' dir='ltr'><strong>parte</strong></span> 
     </span>
    </p>
   </div>
   <div class='ocr_carea' id='block_1_99' title="bbox 498 5561 1632 5639">
    <p class='ocr_par' dir='ltr' id='par_1_99' title="bbox 498 5561 1632 5639">
     <span class='ocr_line' id='line_1_99' title="bbox 498 5561 1632 5639; baseline 0.013 -24"><span class='ocrx_word' id='word_1_592' title='bbox 498 5574 518 5599; x_wconf 75' lang='grc' dir='ltr'><strong>ἰ</strong></span> <span class='ocrx_word' id='word_1_593' title='bbox 556 5563 745 5618; x_wconf 75' lang='lat' dir='ltr'><strong>Matth.</strong></span> <span class='ocrx_word' id='word_1_594' title='bbox 782 5585 834 5631; x_wconf 71' lang='grc' dir='ltr'><strong>ν,</strong></span> <span class='ocrx_word' id='word_1_595' title='bbox 872 5567 955 5622; x_wconf 84' lang='lat' dir='ltr'><strong>I9.</strong></span> <span class='ocrx_word' id='word_1_596' title='bbox 1041 5571 1058 5604; x_wconf 69' lang='grc' dir='ltr'>ί</span> <span class='ocrx_word' id='word_1_597' title='bbox 1088 5567 1230 5626; x_wconf 84' lang='lat' dir='ltr'><strong>Psal.</strong></span> <span class='ocrx_word' id='word_1_598' title='bbox 1268 5588 1463 5639; x_wconf 61' lang='grc' dir='ltr'>χχχιιι,</span> <span class='ocrx_word' id='word_1_599' title='bbox 1495 5574 1547 5629; x_wconf 85' lang='grc'>9.</span> <span class='ocrx_word' id='word_1_600' title='bbox 1622 5561 1632 5570; x_wconf 67' lang='grc'><em>’</em></span> 
     </span>
    </p>
   </div>
   <div class='ocr_carea' id='block_1_100' title="bbox 2119 4695 2289 4743">
    <p class='ocr_par' dir='ltr' id='par_1_100' title="bbox 2119 4695 2289 4743">
     <span class='ocr_line' id='line_1_100' title="bbox 2119 4695 2289 4743; baseline 0 -1"><span class='ocrx_word' id='word_1_601' title='bbox 2119 4695 2289 4743; x_wconf 76' lang='grc' dir='ltr'>λούῖα.</span> 
     </span>
    </p>
   </div>
   <div class='ocr_carea' id='block_1_101' title="bbox 2193 4782 3714 4856">
    <p class='ocr_par' dir='ltr' id='par_1_101' title="bbox 2193 4782 3714 4856">
     <span class='ocr_line' id='line_1_101' title="bbox 2193 4782 3714 4856; baseline -0.001 -19"><span class='ocrx_word' id='word_1_602' title='bbox 2193 4785 2302 4837; x_wconf 78' lang='grc' dir='ltr'><strong>Καὶ</strong></span> <span class='ocrx_word' id='word_1_603' title='bbox 2336 4784 2449 4852; x_wconf 77' lang='grc' dir='ltr'><strong>τὴν</strong></span> <span class='ocrx_word' id='word_1_604' title='bbox 2473 4783 2566 4837; x_wconf 79' lang='grc' dir='ltr'><strong>ἐπ’</strong></span> <span class='ocrx_word' id='word_1_605' title='bbox 2594 4784 2774 4850; x_wconf 85' lang='grc' dir='ltr'>αὐτῷ.</span> <span class='ocrx_word' id='word_1_606' title='bbox 2807 4785 2884 4836; x_wconf 81' lang='grc' dir='ltr'><strong>Δι’</strong></span> <span class='ocrx_word' id='word_1_607' title='bbox 2917 4782 3083 4837; x_wconf 79' lang='grc' dir='ltr'>αὑτοῦ</span> <span class='ocrx_word' id='word_1_608' title='bbox 3112 4783 3221 4856; x_wconf 81' lang='grc' dir='ltr'><strong>γάρ</strong></span> <span class='ocrx_word' id='word_1_609' title='bbox 3253 4785 3400 4838; x_wconf 85' lang='grc' dir='ltr'>ἆπαν</span> <span class='ocrx_word' id='word_1_610' title='bbox 3435 4784 3591 4853; x_wconf 77' lang='grc' dir='ltr'>ἅγιον</span> <span class='ocrx_word' id='word_1_611' title='bbox 3620 4800 3714 4836; x_wconf 86' lang='grc' dir='ltr'>τε-</span> 
     </span>
    </p>
   </div>
   <div class='ocr_carea' id='block_1_102' title="bbox 2115 4875 2372 4932">
    <p class='ocr_par' dir='ltr' id='par_1_102' title="bbox 2115 4875 2372 4932">
     <span class='ocr_line' id='line_1_102' title="bbox 2115 4875 2372 4932; baseline 0.008 -4"><span class='ocrx_word' id='word_1_612' title='bbox 2115 4875 2372 4932; x_wconf 85' lang='grc' dir='ltr'>λειοῦται.</span> 
     </span>
    </p>
   </div>
   <div class='ocr_carea' id='block_1_103' title="bbox 2186 4967 3710 5042">
    <p class='ocr_par' dir='ltr' id='par_1_103' title="bbox 2186 4967 3710 5042">
     <span class='ocr_line' id='line_1_103' title="bbox 2186 4967 3710 5042; baseline -0.002 -20"><span class='ocrx_word' id='word_1_613' title='bbox 2186 4967 2273 5024; x_wconf 87' lang='lat' dir='ltr'><strong>IlI.</strong></span> <span class='ocrx_word' id='word_1_614' title='bbox 2303 4970 2387 5042; x_wconf 83' lang='lat' dir='ltr'><strong>§I.</strong></span> <span class='ocrx_word' id='word_1_615' title='bbox 2427 4970 2553 5037; x_wconf 86' lang='grc' dir='ltr'>Τοῖς</span> <span class='ocrx_word' id='word_1_616' title='bbox 2577 4971 2770 5038; x_wconf 81' lang='grc' dir='ltr'>ἱεροῖς.</span> <span class='ocrx_word' id='word_1_617' title='bbox 2792 4969 3106 5042; x_wconf 85' lang='grc' dir='ltr'>Σημείωσαι</span> <span class='ocrx_word' id='word_1_618' title='bbox 3123 4967 3338 5040; x_wconf 83' lang='grc' dir='ltr'>άληθῶς</span> <span class='ocrx_word' id='word_1_619' title='bbox 3359 4967 3502 5020; x_wconf 83' lang='grc' dir='ltr'>θεῖον</span> <span class='ocrx_word' id='word_1_620' title='bbox 3529 4967 3710 5036; x_wconf 85' lang='grc' dir='ltr'>λόγον,</span> 
     </span>
    </p>
   </div>
   <div class='ocr_carea' id='block_1_104' title="bbox 2115 5059 3714 5136">
    <p class='ocr_par' dir='ltr' id='par_1_104' title="bbox 2115 5059 3714 5136">
     <span class='ocr_line' id='line_1_104' title="bbox 2115 5059 3714 5136; baseline -0.002 -21"><span class='ocrx_word' id='word_1_621' title='bbox 2115 5064 2196 5115; x_wconf 81' lang='grc' dir='ltr'>ὅτι</span> <span class='ocrx_word' id='word_1_622' title='bbox 2229 5063 2311 5116; x_wconf 91' lang='grc' dir='ltr'>δεῖ</span> <span class='ocrx_word' id='word_1_623' title='bbox 2352 5064 2480 5128; x_wconf 75' lang='grc' dir='ltr'>τοὺς</span> <span class='ocrx_word' id='word_1_624' title='bbox 2513 5063 2691 5128; x_wconf 80' lang='grc' dir='ltr'>θείους</span> <span class='ocrx_word' id='word_1_625' title='bbox 2727 5063 2926 5136; x_wconf 79' lang='grc' dir='ltr'>ἄνδρας</span> <span class='ocrx_word' id='word_1_626' title='bbox 2968 5062 3391 5133; x_wconf 80' lang='grc' dir='ltr'>κεκαλυμμένας</span> <span class='ocrx_word' id='word_1_627' title='bbox 3423 5062 3568 5132; x_wconf 71' lang='grc' dir='ltr'>ἔχειν</span> <span class='ocrx_word' id='word_1_628' title='bbox 3599 5059 3714 5113; x_wconf 75' lang='grc' dir='ltr'><strong>ἀπὸ</strong></span> 
     </span>
    </p>
   </div>
   <div class='ocr_carea' id='block_1_105' title="bbox 2113 5152 3241 5230">
    <p class='ocr_par' dir='ltr' id='par_1_105' title="bbox 2113 5152 3241 5230">
     <span class='ocr_line' id='line_1_105' title="bbox 2113 5152 3241 5230; baseline 0.002 -23"><span class='ocrx_word' id='word_1_629' title='bbox 2113 5153 2270 5226; x_wconf 79' lang='grc' dir='ltr'>δόξης</span> <span class='ocrx_word' id='word_1_630' title='bbox 2303 5157 2465 5227; x_wconf 80' lang='grc' dir='ltr'>κενῆς</span> <span class='ocrx_word' id='word_1_631' title='bbox 2496 5156 2596 5219; x_wconf 85' lang='grc' dir='ltr'>τὰς</span> <span class='ocrx_word' id='word_1_632' title='bbox 2624 5156 2725 5227; x_wconf 83' lang='grc' dir='ltr'>τῆς</span> <span class='ocrx_word' id='word_1_633' title='bbox 2759 5157 2959 5230; x_wconf 82' lang='grc' dir='ltr'>ἀρετῆς</span> <span class='ocrx_word' id='word_1_634' title='bbox 2990 5152 3241 5229; x_wconf 78' lang='grc' dir='ltr'>πράξεις.</span> 
     </span>
    </p>
   </div>
   <div class='ocr_carea' id='block_1_106' title="bbox 2187 5247 2707 5320">
    <p class='ocr_par' dir='ltr' id='par_1_106' title="bbox 2187 5247 2707 5320">
     <span class='ocr_line' id='line_1_106' title="bbox 2187 5247 2707 5320; baseline -0.004 -18"><span class='ocrx_word' id='word_1_635' title='bbox 2187 5249 2254 5303; x_wconf 73' lang='grc' dir='ltr'><strong>’Ἃ</strong></span> <span class='ocrx_word' id='word_1_636' title='bbox 2263 5252 2477 5320; x_wconf 74' lang='grc' dir='ltr'>γαλμα.</span> <span class='ocrx_word' id='word_1_637' title='bbox 2511 5247 2707 5302; x_wconf 82' lang='grc' dir='ltr'>Εἰκών.</span> 
     </span>
    </p>
   </div>
   <div class='ocr_carea' id='block_1_107' title="bbox 2182 5341 2813 5410">
    <p class='ocr_par' dir='ltr' id='par_1_107' title="bbox 2182 5341 2813 5410">
     <span class='ocr_line' id='line_1_107' title="bbox 2182 5341 2813 5410; baseline -0.002 -15"><span class='ocrx_word' id='word_1_638' title='bbox 2182 5345 2250 5395; x_wconf 83' lang='lat' dir='ltr'><strong>El</strong></span> <span class='ocrx_word' id='word_1_639' title='bbox 2284 5341 2465 5410; x_wconf 75' lang='grc' dir='ltr'>θέμις.</span> <span class='ocrx_word' id='word_1_640' title='bbox 2494 5344 2555 5394; x_wconf 78' lang='lat' dir='ltr'><strong>Ei</strong></span> <span class='ocrx_word' id='word_1_641' title='bbox 2588 5342 2813 5394; x_wconf 87' lang='grc' dir='ltr'>δίκαιον.</span> 
     </span>
    </p>
   </div>
   <div class='ocr_carea' id='block_1_108' title="bbox 2202 5419 3706 5509">
    <p class='ocr_par' dir='ltr' id='par_1_108' title="bbox 2202 5419 3706 5509">
     <span class='ocr_line' id='line_1_108' title="bbox 2202 5419 3706 5509; baseline -0.001 -21"><span class='ocrx_word' id='word_1_642' title='bbox 2202 5437 2303 5488; x_wconf 86' lang='grc' dir='ltr'>Ἐν</span> <span class='ocrx_word' id='word_1_643' title='bbox 2326 5435 2398 5504; x_wconf 73' lang='grc' dir='ltr'>τῇ</span> <span class='ocrx_word' id='word_1_644' title='bbox 2420 5437 2628 5492; x_wconf 71' lang='grc' dir='ltr'>εἰκόνι.</span> <span class='ocrx_word' id='word_1_645' title='bbox 2662 5436 2725 5490; x_wconf 81' lang='lat' dir='ltr'><strong>Ei</strong></span> <span class='ocrx_word' id='word_1_646' title='bbox 2756 5436 2850 5490; x_wconf 71' lang='grc' dir='ltr'><strong>καὶ</strong></span> <span class='ocrx_word' id='word_1_647' title='bbox 2881 5434 2943 5488; x_wconf 80' lang='grc' dir='ltr'><strong>τὸ</strong></span> <span class='ocrx_word' id='word_1_648' title='bbox 2963 5419 3383 5509; x_wconf 73' lang='grc' dir='ltr'>ἀπαράλλακτον</span> <span class='ocrx_word' id='word_1_649' title='bbox 3419 5436 3706 5491; x_wconf 64' lang='grc' dir='ltr'>καὶπάντνη</span> 
     </span>
    </p>
   </div>
   <div class='ocr_carea' id='block_1_109' title="bbox 1317 5729 2692 5793">
    <p class='ocr_par' dir='ltr' id='par_1_109' title="bbox 1317 5729 2692 5793">
     <span class='ocr_line' id='line_1_109' title="bbox 1317 5729 2692 5793; baseline 0.003 -7"><span class='ocrx_word' id='word_1_650' title='bbox 1317 5731 1553 5790; x_wconf 60' lang='grc' dir='ltr'><strong>ΥᾹΒΙλΕ</strong></span> <span class='ocrx_word' id='word_1_651' title='bbox 1588 5735 1976 5793; x_wconf 76' lang='lat' dir='ltr'><strong>LECTIONES</strong></span> <span class='ocrx_word' id='word_1_652' title='bbox 2013 5734 2100 5790; x_wconf 84' lang='lat' dir='ltr'><strong>ET</strong></span> <span class='ocrx_word' id='word_1_653' title='bbox 2136 5729 2692 5793; x_wconf 76' lang='lat' dir='ltr'><strong>CORRECTIONES.</strong></span> 
     </span>
    </p>
   </div>
   <div class='ocr_carea' id='block_1_110' title="bbox 495 5857 736 5925">
    <p class='ocr_par' dir='ltr' id='par_1_110' title="bbox 495 5857 736 5925">
     <span class='ocr_line' id='line_1_110' title="bbox 495 5857 736 5925; baseline 0.017 -17"><span class='ocrx_word' id='word_1_654' title='bbox 495 5859 540 5889; x_wconf 77' lang='grc'><strong>³⁸</strong></span> <span class='ocrx_word' id='word_1_655' title='bbox 563 5857 736 5925; x_wconf 79' lang='grc' dir='ltr'>παρὰ.</span> 
     </span>
    </p>
   </div>
  </div>
