3860 6530
96 399 167 456 153
801 389 860 446 8.
899 386 1147 444 MAXIM!
1179 385 1475 444 SCHOLIA
1511 385 1581 441 IN
1615 384 1744 441 LIB.
1779 383 1869 439 DE
1901 379 2188 439 ECCLES.
2227 374 2604 436 HIERARCH.

3239 372 3343 428 156

91 525 229 591 ὅμοιον
257 513 360 585 ἔχει
388 512 421 583 ή
454 508 642 564 εἰκὼν
696 509 842 584 πρὸς
877 509 938 563 τὸ
969 510 1302 581 ἀρχέτυπον,
1336 508 1452 562 ἀλλ’
1489 511 1522 580 ἡ
1566 510 1650 563 ού-

1771 504 2064 576 perfcctam
2119 500 2538 559 similitudinem
2589 493 2758 579 habet
2805 493 3010 564 imago,
3045 491 3112 546 ad
3157 506 3344 546 exem-

95 614 172 674 σία,
199 607 332 679 φησὶ,
363 605 674 674 διάφοροςο
699 606 738 676 ἡ
765 605 864 676 μὲν
897 602 1004 676 γὰρ
1037 601 1268 673 ἄψυχος·
1294 603 1355 656 τὸ
1385 603 1442 657 δὲ
1472 603 1648 674 ἔμψυ-

92 722 179 778 χον’
207 702 286 756 καὶ
313 699 370 752 τὸ
403 697 503 769 μὲν
547 696 833 768 ἀληθινὸν
878 695 1012 760 ζῶον
1061 693 1329 766 ἔμπνουν*
1372 695 1433 747 τὸ
1464 695 1520 748 δὲ
1552 694 1648 748 τοῦ

93 795 318 866 ζωγράφου
349 791 507 862 ἔργον
527 789 609 842 ὲκ
637 788 823 860 κηροῦ
845 790 939 841 καὶ
959 788 1265 859 χρωμάτων
1287 790 1332 822 ’³
1351 806 1363 819 ·
1391 790 1448 842 ὲν
1473 787 1650 858 τούτῳ

93 889 222 941 τοίνυν
261 883 352 954 τῆς
390 883 683 954 διαφορᾶς
737 879 1150 951 θεωρουμένης,
1199 881 1232 951 ἡ
1279 879 1546 950 ταυτότης
1592 881 1650 932 ἐν

93 979 354 1052 ἀμφοτέροις
383 979 450 1049 τῇ
484 975 800 1048 ὁμοιότητι
831 973 1113 1047 διάφορος.

142 1152 410 1221 Ἰνδαλμιι.
455 1149 516 1204 '0
525 1150 686 1222 μοίω
693 1169 799 1224 μα.

142 1247 371 1310 Εἰκότως.
402 1244 556 1316 Πρὸς
589 1243 661 1296 τὸ
696 1243 844 1298 θεῖον
872 1243 1067 1308 κάλλος
1092 1243 1357 1316 δηλονότι.

137 1335 306 1405 Apim.
336 1337 599 1407 Πράττου
609 1353 728 1390 σιν.

139 1432 216 1495 Ε’ίς
243 1431 297 1483 τὸ
326 1428 653 1498 θεαθῆναι.
689 1429 1032 1503 Σημείωσαι,
1064 1427 1184 1493 πῶς
1211 1428 1545 1502 ἐκλαμϐάνει
1587 1430 1650 1486 τὸ

93 1521 142 1591 μὴ
161 1521 246 1574 δεῖν
269 1521 415 1593 ἡμῶν
443 1522 552 1586 τὰς
583 1522 852 1586 εὐποιίας
877 1523 1267 1596 ὲκπομπεύειν.

137 1614 277 1667 Εἰσὶν
303 1613 588 1680 εὐωδίας.
626 1615 966 1669 Τουτέστιν’
995 1617 1025 1669 ὁ
1053 1614 1186 1679 Θεὸς
1226 1611 1420 1687 (τοῦτο
1456 1614 1566 1686 γὰρ
1607 1613 1647 1683 ἠ

89 1705 292 1776 εὐωδία),
335 1706 395 1759 τὸ
439 1706 688 1779 ἀληθῶς
737 1705 902 1760 καλὸν
939 1707 1032 1776 ἀφ’
1075 1704 1268 1760 ἑαυτοῦ
1318 1704 1518 1769 ποιῶν,
1568 1705 1650 1768 είς

90 1801 274 1862 ἅπαντας
315 1799 412 1851 ούκ
455 1798 899 1867 ἐπιστρέφεται,
945 1797 1221 1850 τουτέστιν
1264 1796 1327 1849 ού
1375 1795 1649 1868 φροντίζει

1759 599 1880 668 plar
1907 616 1919 651 :
1947 595 2052 667 73
2078 604 2260 649 tamen
2283 591 2568 650 dissimilis
2591 577 2694 652 est,
2715 586 2920 656 inquit,
2949 583 3225 650 essentia;
3251 583 3343 637 illa

1758 691 1904 746 enim
1949 688 2270 750 inanimata,
2305 687 2411 739 hoc
2441 697 2570 737 vero
2610 681 2950 744 animatum;
2981 685 3036 731 et
3079 678 3182 731 hoc
3222 680 3344 746 qui-

1758 781 1884 837 dem
1927 795 2118 836 verunt
2150 777 2353 832 animal
2384 774 2707 836 animatum,
2741 771 2834 825 illa
2887 776 3070 824 autem
3119 767 3346 838 pictoris
3398 771 3417 794 ‘

1756 891 1898 948 opus
1926 891 1993 932 ex
2021 888 2152 928 cera
2184 879 2239 927 et
2269 868 2572 924 coloribus.
2604 864 2742 919 Cum
2784 863 2952 933 igitur
2984 859 3175 924 inboc
3199 859 3348 913 dill‘e-

1755 969 1932 1025 rentia
1959 973 2242 1028 cernatur,
2272 963 2491 1017 diversa
2521 965 2607 1014 est
2639 954 2999 1012 similitudine
3024 952 3081 1006 in
3111 958 3346 1022 utroque

1757 1070 1818 1116 ut
1848 1061 1925 1114 ita
1950 1059 2134 1114 dicam
2164 1054 2454 1110 identitas.

1830 1150 2139 1220 Impressio,
2171 1145 2266 1201 Gr.
2305 1144 2550 1216 ἷνδαλμα.
2593 1139 2924 1197 Similitudo.

1825 1242 2042 1298 Merito.
2083 1240 2168 1295 Ad
2196 1238 2440 1294 divinam
2469 1232 2939 1306 pulchritudinem
2969 1227 3203 1286 scilicet.

1829 1333 2114 1398 Formam,
2149 1330 2244 1386 Gr.
2279 1329 2468 1402 δρῶσι.
2512 1326 2764 1382 Faciunt.

1833 1427 1900 1482 Ut
1933 1427 2232 1483 videantur.
2270 1421 2436 1486 Nota,
2467 1418 2748 1491 quomodo
2779 1415 3037 1491 accipiat,
3070 1426 3180 1467 non
3223 1423 3346 1465 esse

1758 1539 1788 1579 a
1811 1522 1972 1578 nobis
2006 1519 2187 1592 palam
2215 1489 2566 1587 prmdicanda
2597 1518 2748 1566 recte
2775 1509 2920 1563 facta
2958 1489 3171 1562 nostra.

1827 1613 1966 1670 Sunt
1995 1611 2118 1666 boni
2152 1609 2353 1665 odoris.
2395 1605 2512 1660 Hoc
2553 1613 2638 1658 est
2669 1621 2682 1657 :
2723 1600 2904 1662 Deus,
2939 1599 3046 1654 hoc
3084 1593 3231 1651 enim
3261 1591 3354 1645 bo-

1755 1725 1854 1764 nus
1885 1705 2036 1768 odor,
2088 1702 2236 1774 quod
2281 1715 2408 1755 vere
2451 1699 2658 1752 bonum
2686 1709 2717 1747 a
2760 1707 2820 1748 se
2863 1692 2983 1762 ipso
3012 1687 3251 1752 faciens;
3283 1686 3352 1739 ad

1757 1813 1950 1854 omnes
1978 1810 2088 1850 non
2115 1790 2478 1856 convertitur,
2511 1788 2564 1843 id
2595 1794 2702 1850 est,
2722 1799 2835 1840 non
2866 1787 3024 1836 curat
3053 1778 3204 1834 inani
3235 1777 3356 1848 glo-

89 1890 316 1957 κενοδόξως
357 1891 468 1945 τῶν
515 1891 603 1964 μὴ
660 1889 1084 1960 ἀποδεχομένων
1125 1887 1236 1942 ἔσθ’
1265 1887 1354 1942 ὅτε
1397 1887 1496 1952 τὰς
1525 1888 1650 1961 παρ’

1771 1893 1843 1947 ria
1869 1890 2070 1944 ductus
2103 1901 2220 1953 eos,
2246 1884 2340 1958 qui
2367 1880 2662 1955 aliquando
2692 1895 2801 1935 non
2834 1874 3148 1944 suscipiunt
3177 1871 3354 1942 ipsius

89 1981 206 2035 αὑτοῦ
236 1985 458 2055 κρίσεις,
499 1984 638 2038 οὐδὲ
671 1982 987 2053 ἐπιτηδεύει
1026 1981 1178 2046 δόξαν
1206 1981 1350 2052 ἔχειν
1379 1981 1531 2054 παρὰ
1557 1981 1654 2036 ἀν-

90 2074 289 2142 Opi-32mg.

136 2169 219 2238 ςῐι.
235 2170 320 2236 Ὠς
351 2170 667 2240 κρυφίων.
704 2169 972 2234 Πολλάκις
999 2169 1056 2223 ὲν
1072 2171 1153 2242 τῷ
1172 2169 1315 2239 Περὶ
1335 2169 1508 2225 θείων
1527 2169 1655 2223 ὀνο-

83 2260 232 2328 μάτων
241 2261 623 2334 ἐδηλώσαμεν,
641 2262 702 2315 τί
718 2262 940 2331 νοητὸν
954 2262 1047 2316 καὶ
1061 2264 1114 2316 τί
1129 2260 1542 2331 νοερόν.Τοῦτο
1556 2259 1650 2316 οὖν

86 2354 148 2405 11‘.
169 2355 376 2408 ἐνταῦθά
403 2372 586 2426 φησιν
611 2373 626 2385 ’
665 2356 753 2409 ὅτι
785 2355 863 2426 τῷ
891 2356 1196 2427 ἐπισκόπῳ,
1228 2343 1370 2426 ἀγίῳ
1399 2356 1535 2419 ὄντι,
1575 2356 1652 2420 ὡς

87 2451 280 2515 σδγγενεῖ
303 2449 396 2501 τοῦ
428 2447 592 2502 θείου
627 2448 814 2517 φωτὸς
843 2447 1218 2502 ἀποκαλύπτει
1253 2450 1282 2502 ὁ
1312 2449 1464 2516 Θεὸς,
1493 2449 1553 2502 ού
1583 2448 1650 2502 δι’

82 2540 221 2610 ἐτέρου
245 2540 739 2605 διδασκάλου,ἀλλ’
768 2541 932 2606 αὐτὸς
960 2543 1119 2596 αὐτὸν
1149 2541 1422 2612 φωτίζων,
1453 2541 1517 2595 τὸ
1551 2559 1654 2613 μυ-

85 2632 249 2702 στήριον
286 2634 383 2706 τῆς
428 2633 690 2705 θεωρίας
733 2635 829 2687 καὶ
867 2633 961 2688 τοῦ
1003 2634 1212 2706 μύρου·
1259 2634 1340 2688 διὸ
1385 2633 1534 2705 αὐτῷ
1574 2633 1650 2706 τῷ

80 2726 308 2798 ὶπισκόπῳ
361 2728 425 2782 οὐ
482 2729 817 2800 περίκειται
866 2727 1128 2799 κάλυμμα
1179 2727 1323 2782 κατά
1362 2726 1457 2782 τοῦ
1506 2727 1650 2781 θείου

83 2817 284 2888 pigris“,
326 2820 444 2873 ἀλλ’
488 2819 1016 2890 ἀνακεκαλυμμένῳ
1057 2819 1336 2891 προσώπῳ
1379 2818 1520 2874 κατὰ
1560 2820 1653 2874 τὸν

89 2911 351 2966 Ἀπόστολον
377 2913 593 2985 θεωρεῖ
621 2911 695 2966 τά
728 2913 1003 2984 μυστήρια
1025 2929 1038 2942 ·
1068 2916 1181 2976 τοῖς
1207 2913 1264 2966 δὲ
1298 2913 1372 2986 μὴ
1402 2911 1650 2976 τελείοις,

79 3004 193 3071 χρεία
221 3007 505 3076 συμϐόλων
535 3023 549 3036 ·
591 3005 677 3057 διὸ
704 3008 827 3068 ταῖς
855 3003 1080 3077 πτέρυξι
1112 3005 1530 3078 κεκαλυμμένον
1569 3006 1655 3076 γίο

76 3115 186 3150 νεῖαι
207 3100 262 3152 τὸ
289 3099 448 3168 ἅγιον
487 3097 673 3170 μύρον
704 3095 802 3149 τοῦ
831 3095 968 3150 Θεοῦ
996 3097 1083 3152 διά
1110 3096 1206 3151 τοῦ
1255 3097 1511 3170 ίεράρχου
1559 3117 1655 3171 με-

1753 1985 2008 2047 decreta,
2053 1994 2233 2050 neque
2278 1975 2462 2034 studet
2503 1973 2736 2046 gloriam
2786 1970 2856 2025 ab
2902 1966 3222 2024 hominibus
3252 1963 3354 2018 ba-

1753 2077 1903 2133 bere.
2075 2119 2080 2122 .

1824 2169 1852 2242 §
1881 2167 1945 2224 ll.
1995 2165 2184 2236 Utpote
2208 2161 2443 2218 arcanis.
2489 2159 2646 2230 Saepe
2677 2156 2736 2212 in
2759 2156 2904 2211 libro
2933 2152 3010 2207 De
3032 2150 3227 2206 divinis
3250 2165 3351 2204 no-

1755 2261 1983 2316 minibus
2023 2257 2441 2330 explanavimus
2469 2251 2603 2322 quid
2645 2249 2717 2305 sit
2742 2246 2952 2320 νοητόν,
2985 2254 3041 2301 et
3068 2242 3202 2314 quid
3229 2258 3350 2296 νοε-

1755 2355 1872 2428 ρόν,
1917 2352 1973 2408 id
2018 2359 2104 2407 est
2154 2347 2500 2418 intelligibile
2540 2353 2595 2400 et
2633 2341 2971 2412 intelligens.
3017 2336 3134 2391 Hoc
3182 2335 3351 2406 igitur

1753 2426 1918 2506 etiam
1943 2447 2035 2502 hic
2060 2445 2195 2500 dicit
2218 2441 2364 2513 quod
2399 2442 2661 2510 episcopo
2681 2475 2696 2499 ,
2727 2440 2920 2490 sancto
2949 2426 3258 2504 exsistenti,
3289 2433 3350 2480 ut

1755 2540 1900 2596 aliini
1949 2538 2120 2594 divini
2165 2533 2392 2591 luminis
2435 2530 2643 2586 revelat
2671 2527 2839 2590 Deus,
2871 2537 2983 2578 non
3029 2535 3130 2592 per
3179 2518 3347 2573 alium

1753 2641 2146 2710 praeceptorem
2177 2673 2192 2698 ,
2245 2627 2341 2686 sed
2364 2628 2496 2697 ,ipse
2550 2624 2729 2694 ipsum
2775 2591 3088 2674 illustrans.
3145 2591 3388 2684 mystex

1755 2730 1898 2785 rium
1925 2705 2406 2794 Contemplationis
2437 2728 2491 2774 et
2520 2713 2838 2779 unctionis;
2871 2724 3041 2781 quare
3083 2707 3190 2777 ipsi
3233 2705 3352 2775 epi-

1756 2837 1925 2892 scopo
1952 2835 2064 2874 non
2095 2814 2454 2884 circumjacet
2481 2810 2662 2865 velum
2711 2806 2768 2859 in
2813 2803 3001 2859 divino
3027 2793 3310 2869 unguento
3333 2813 3347 2860 ;

1757 2888 1871 2976 sed
1883 2913 2121 2971 revelata
2153 2909 2293 2963 facie
2321 2903 2625 2962 secundum
2652 2895 2975 2968 Apostolum
3006 2888 3350 2958 contempla-

1755 3017 1847 3065 tur
1869 3005 2194 3080 mysteria“;
2229 3015 2339 3056 non
2364 2993 2624 3069 perfectis
2647 2997 2852 3056 autem,
2870 2999 3009 3056 opus
3039 2993 3124 3038 est
3150 2979 3345 3052 signis;

1757 3102 1880 3158 ideo
1928 3099 2030 3154 alis
2061 3096 2300 3152 velatum
2331 3098 2417 3146 est
2444 3087 2691 3144 divinum
2720 3085 3063 3152 unguentum
3095 3089 3191 3145 per
3231 3071 3350 3142 epi-

79 3189 249 3255 σοῐιντος
271 3195 347 3256 είς
376 3193 453 3246 τὰ
485 3192 636 3263 πρὸς
665 3190 802 3243 Θεὸν
847 3191 942 3244 καὶ
983 3191 1076 3244 τὸν
1114 3191 1263 3255 λαὸν,
1294 3192 1389 3245 κα.)⁸
1429 3191 1518 3246 διὰ

1771 3209 1986 3266 scopum
2029 3194 2369 3260 sequestrem
2401 3183 2544 3237 inter
2570 3178 2745 3234 Deum
2771 3184 2824 3231 et
2851 3170 3135 3244 populum,
3167 3174 3221 3222 et
3253 3178 3340 3236 pm

76 3281 319 3352 ἑρμηνείας
361 3283 860 3346 ἀνακαλύπτοντος
893 3281 962 3336 τὰ
1010 3282 1272 3355 σύμϐολα.
1305 3283 1570 3352 Θεωροὺς
1597 3283 1650 3337 δὲ

1771 3264 2178 3360 :xplicationem
2211 3277 2504 3336 revelantis
2544 3273 2722 3343 signa.
2753 3264 3004 3338 Θεωρούς
3035 3275 3163 3316 vero
3189 3266 3352 3313 vocat

76 3373 192 3426 καλεῖ
212 3378 328 3440 τοὺς
359 3376 736 3438 ἐπισκόπους,
766 3374 952 3447 ἐπειδὴ
982 3376 1076 3430 καὶ
1104 3378 1234 3448 παρ’
1261 3375 1488 3447 Ἕλλησι
1520 3375 1656 3430 θεω-

76 3468 136 3534 psi
157 3468 443 3523 ἐκαλοῦντο
470 3471 523 3522 οἱ
559 3467 992 3540 προϐαλλόμενοι
1022 3469 1173 3541 παρά
1201 3469 1419 3532 πάντων
1444 3470 1656 3542 ἐπερω-

74 3560 146 3626 τᾷν
165 3561 243 3612 τὸν
269 3562 406 3615 Θεὸν
439 3563 575 3633 περὶ
605 3560 934 3632 μελλόντων,
960 3562 1055 3615 καὶ
1084 3561 1277 3625 Θυσίας
1305 3561 1447 3633 ὑπὲρ
1475 3562 1653 3616 αὐτῶν

74 3655 503 3726 προσφέρειν,καὶ
520 3654 866 3722 ὲξιλεοῦσθαι
895 3655 1034 3726 ὑπὲρ
1063 3654 1263 3710 αὐτῶν.
1304 3655 1653 3725 Ἀνομοίους

73 3744 115 3796 δὲ
148 3747 286 3802 καλεί
322 3751 459 3813 τοὺς
498 3749 719 3812 ἀτελεῖς
765 3746 860 3800 τοῦ
922 3748 1053 3801 λαοῦ
1087 3766 1102 3779 ο
1153 3746 1312 3801 τοῦτο
1347 3747 1458 3820 γὰρ
1501 3746 1651 3819 αύτῷ

72 3836 178 3902 ἔθος.
209 3839 381 3912 [Οὐδὲ
411 3847 528 3912 γὰρ
559 3842 1010 3909 ἀποκρύπτεται
1035 3840 1179 3908 τοὺς
1209 3841 1479 3910 νοεροὺς,
1510 3826 1652 3896 ἀλλ’

71 3929 270 3998 ἀφανής
300 3934 441 3988 ἐστι
473 3931 603 3998 τοῖς
628 3931 942 4004 βιϐλίοις.]

123 4026 498 4094 Αὶνιτμάτων.
543 4026 625 4078 Δι’
677 4024 1016 4096 αἰνιγμάτων
1055 4024 1167 4098 γὰρ
1210 4025 1306 4080 καὶ
1364 4026 1652 4097 συμϐόλων

71 4113 180 4183 πρὸς
203 4117 300 4188 τὴν
331 4117 544 4174 ἑαυτῶν
581 4116 872 4172 ἀσθένειαν
902 4109 1062 4173 αὗται
1092 4119 1149 4177 ai
1176 4118 1361 4184 τάξεις
1389 4117 1650 4187 φωτίζον-

72 4221 157 4259 ται.

124 4303 147 4369 §
171 4302 257 4356 III.
302 4301 418 4370 Τῆς
448 4302 571 4357 τῶν
601 4301 974 4372 ἱεραρχικῶν.
1015 4303 1227 4361 Τελειοῖ
1253 4303 1363 4376 γὰρ
1387 4302 1566 4362 πάντα
1585 4301 1648 4356 τὸ

72 4388 186 4444 θεῖον
233 4394 400 4465 μύρον
445 4393 858 4467 ἐπιχριόμενον,
887 4393 1078 4469 ὥσπερ
1119 4397 1153 4467 ἡ
1201 4395 1505 4468 μετάληψις
1548 4394 1647 4450 τοῦ

71 4484 201 4550 ἁγίου
231 4487 485 4558 σώματος
514 4488 613 4541 καὶ
641 4487 896 4558 αἵματος.
957 4515 962 4520 ο

1757 3352 2084 3452 episcopos;
2107 3375 2236 3448 quia
2265 3372 2432 3428 etiam
2464 3366 2609 3440 apud
2635 3363 2857 3432 Graecos
2893 3357 3123 3432 gentiles
3156 3352 3350 3425 θεωροί

1757 3447 2169 3545 appellabantur
2218 3465 2311 3538 qui
2368 3459 2638 3536 propositi
2671 3462 2831 3532 erant
2862 3453 2931 3507 ab
2959 3447 3240 3508 omnibus.
3289 3455 3350 3499 ut

1756 3538 2162 3636 interrogarent
2191 3561 2361 3616 Deum
2389 3557 2459 3613 de
2491 3552 2714 3617 futuris,
2751 3557 2805 3605 et
2837 3545 3052 3604 hostias
3079 3558 3180 3614 pro
3213 3538 3350 3612 ipsis

1754 3633 2038 3722 oll'errent,
2073 3665 2128 3713 et
2156 3651 2457 3727 propitium
2489 3646 2782 3703 redderent
2817 3654 2984 3710 super
3019 3633 3352 3708 ipsos.'Avo-

1758 3753 1944 3825 μοίους
1986 3724 2175 3805 autem
2203 3751 2366 3801 vocat
2398 3741 2583 3796 minus
2613 3735 2888 3810 perfectos
2933 3731 2987 3785 in
3029 3725 3267 3802 populo;
3304 3724 3350 3777 is

1753 3815 1897 3900 enim
1929 3843 1979 3898 ei
2011 3856 2132 3897 mos
2163 3845 2270 3895 est.
2309 3833 2463 3910 [Non
2503 3832 2643 3888 enim
2690 3830 2817 3883 latet
2851 3825 3226 3894 intelligentes,
3259 3815 3351 3873 sed

1752 3936 2007 3987 Obscurus
2036 3937 2113 3983 est
2145 3929 2199 3982 in
2227 3925 2430 3994 libris.j

1823 4024 2027 4092 Quibus
2073 4021 2259 4091 signis,
2314 4017 2408 4073 Gr.
2460 4012 2819 4085 αἰνιγμάτων.
2876 4007 2982 4063 Per
3032 4005 3346 4076 mnigmata,

1751 4117 1949 4186 inquit.
1984 4122 2039 4170 et
2066 4114 2222 4184 signa
2255 4109 2310 4164 hi
2341 4107 2566 4163 ordines
2595 4100 3010 4159 accommodate
3055 4095 3121 4151 ad
3151 4109 3347 4151 eorum

1749 4209 2125 4265 inﬁrmitatem
2157 4205 2532 4260 illustrantur.

1822 4302 1850 4375 §
1885 4299 1974 4356 lll.
1999 4297 2458 4354 Hierarchiarum.
2480 4289 2699 4346 Perﬁcit
2719 4287 2865 4342 enim
2888 4285 3071 4340 omnia
3093 4281 3346 4338 divinum

1749 4373 2086 4466 unguentum
2115 4406 2240 4446 cum
2265 4386 2584 4447 eli‘unditur,
2603 4376 3065 4455 quemadmodum
3093 4373 3334 4444 sumptio

1748 4487 1927 4546 sancti
1959 4483 2209 4556 corporis
2239 4489 2294 4537 et
2328 4477 2638 4550 sanguinis.
2691 4483 2698 4490 '

131 4575 243 4628 Τῶν
269 4579 456 4633 θείων.
487 4577 704 4641 Πάντες
730 4576 839 4647 γὰρ
861 4577 910 4629 oi
930 4576 1350 4648 εύωδιαζὸμενοι
1369 4577 1472 4648 τῆς
1488 4577 1641 4640 θείας

1815 4579 2151 4634 Divinarum.
2194 4573 2400 4631 Omnes
2428 4571 2575 4627 enim
2603 4569 2750 4624 bono
2769 4564 2880 4638 74
2909 4564 3079 4619 odore
3112 4558 3345 4632 perfusi,

73 4669 311 4740 μυστικῆς
336 4670 566 4734 εὐωδίας
605 4669 1125 4742 μεταλαμϐάνουσιν
1161 4671 1463 4742 ἀναλόγως.

135 4848 614 4921 Ἑνερτυυμένων.
657 4849 780 4904 Τῶν
807 4849 1188 4922 δαιμονῶντων
1220 4853 1316 4906 καί⁵
1359 4854 1441 4918 εἰς
1479 4853 1644 4908 ἀσέλ-

69 4956 203 5004 γειαν
229 4946 642 5017 τετραμμένων,
671 4944 803 5016 περὶ
845 4937 921 5017 ὧν
963 4947 1059 4999 καὶ
1111 4945 1168 4997 ὲν
1207 4944 1288 5015 τῷ
1316 4946 1422 5017 πρὸ
1450 4948 1642 5000 τούτου

1743 4672 1915 4729 divini
1959 4685 2025 4726 ac
2067 4667 2287 4740 mystici
2338 4663 2528 4721 odoris
2565 4659 2877 4723 suavitate,
2921 4670 3021 4727 pro
3045 4663 3210 4724 captu
3245 4664 3352 4706 suo

1749 4763 2103 4837 participant.
2135 4785 2144 4824 ς

1820 4853 2331 4929 Energumenorunt.
2389 4845 2435 4900 A
2483 4839 2826 4900 daemonibus
2880 4836 3242 4906 agitatorum.
3295 4835 3351 4886 et

1748 4948 1816 5003 ad
1848 4945 2130 5002 libidinem
2160 4925 2554 4998 conversorum
2589 4955 2602 4990 :
2639 4934 2708 4988 de
2733 4930 2938 5002 quibus
2972 4927 3137 4983 etiam
3164 4925 3218 4980 in
3251 4939 3346 4979 su-

65 5015 330 5108 κεφαλαίῳ
357 5015 510 5109 mea.
548 5015 757 5091 Πτοίαν
789 5035 848 5092 δὲ
875 5015 1042 5120 λέγει,
1072 5037 1238 5102 οἱονεὶ
1266 5015 1516 5114 θόρνδονν
1550 5038 1648 5108 φά-

1771 5040 1962 5095 ieriore
1989 5036 2171 5107 capite
2201 5034 2357 5090 dicit.
2383 5030 2586 5086 Πτοίαν
2607 5041 2743 5086 vero
2772 5023 2930 5089 dicit,
2949 5020 3110 5093 quasi
3135 5015 3348 5073 tumul—
3410 5020 3416 5027 '

70 5123 173 5186 εον,
205 5130 442 5201 πτόησιν,
470 5130 725 5202 ἀπάτην.

139 5219 258 5287 Τοῖς
279 5222 344 5275 δὲ
366 5226 453 5290 εἰς
483 5223 660 5278 γοῦν.
702 5221 803 5277 Διά
831 5223 958 5288 τοὺς
979 5227 1040 5283 ἐν
1072 5225 1335 5298 μετανοίᾳ
1363 5224 1550 5297 φησίν.

132 5313 413 5381 Ἄγουσιν.
454 5315 741 5385 Εὖτακτος
771 5316 1084 5383 ἀκολουθία,
1118 5318 1212 5373 καὶ
1242 5317 1508 5381 ἀνάϐασις
1536 5318 1649 5379 τοῖς

68 5404 235 5472 ἁγίοις
262 5409 610 5484 κατάλληλος.

142 5574 170 5600 ιι
206 5562 241 5617 ΙΙ
261 5565 384 5624 Cor.
420 5583 507 5633 ιιι,
543 5568 636 5622 l8.

1747 5139 1888 5196 tum,
1925 5136 2152 5194 metum,
2189 5135 2480 5188 terrorem,
2515 5120 2727 5175 dolum.

1824 5225 1901 5280 Iis
1933 5240 2052 5278 vero
2080 5220 2172 5291 qui
2193 5218 2262 5273 ad
2288 5226 2533 5272 mentem.
2559 5212 2790 5284 Pmpter
2820 5206 3150 5281 pcenitentes
3185 5198 3340 5255 dicit.

1826 5290 2171 5371 Promovent.
2239 5307 2408 5363 Recte
2462 5305 2727 5374 disposita
2796 5290 3192 5367 consequentia
3287 5292 3345 5344 et

1757 5424 2026 5467 ascensus
2057 5405 2268 5461 sanctis
2297 5408 2724 5459 consentaneus.

949 5725 1192 5784 VARIAB
1227 5723 1620 5782 LECTIO‘NES
1649 5723 1740 5779 ET
1775 5719 2334 5782 CORRECTIONES.

144 5882 182 5913 "
210 5887 543 5960 γραφόμενον
581 5885 743 5958 ἔργον
777 5887 844 5942 ὲκ
870 5883 1201 5962 χρωμάτων.

1274 5883 1345 5963 ,³⁸
1376 5879 1435 5936 τὸ
1469 5881 1614 5938 θεῖον
1645 5879 1838 5953 μύρον.
