3860 6538
498 448 604 505 I55
645 442 648 446 ’

1295 431 1641 489 APPENDIX
1675 429 1767 485 AD
1800 421 2030 484 OPEBA
2065 424 2122 480 S.
2157 417 2455 478 DIONYSII
2504 414 2986 472 AREOPAGITAS.

3680 399 3792 456 156

573 557 1029 629 Uniformitatem,
1059 551 1156 607 Gr.
1186 550 1435 614 ὲνοειδές.
1489 546 1747 610 Ἐνοειδές
1773 545 1906 600 dicit
1929 559 2081 598 men-

2261 539 2331 594 Τὸ
2382 535 2659 602 ἐνοειδές.
2715 534 2789 587 Τὸ
2836 529 3063 592 ἐνοειδές
3111 543 3246 599 φησι
3291 523 3352 578 τὸ
3395 522 3536 594 πρὸς
3587 519 3651 573 τὸ
3705 520 3792 621 ἓν,

499 661 608 706 tem
639 651 834 720 ipsam,
861 660 982 715 qua:
1012 659 1206 706 unum,
1239 642 1294 697 id
1343 648 1428 697 est
1473 639 1646 694 Deum
1687 639 1834 692 videt
1867 658 1880 692 :
1918 651 2081 706 quam

423 760 442 781 ο
498 745 662 799 etiam
708 738 857 795 uniri
903 738 980 791 ait
1021 750 1148 790 cum
1178 749 1288 790 uno
1328 734 1470 804 ipso,
1503 738 1668 801 atque
1708 730 1828 800 ejus
1867 727 2086 797 explere

499 835 781 888 unionem.

572 924 599 995 §
634 921 724 976 IV.
768 919 910 988 Quid
932 935 1113 988 porro,
1139 918 1234 974 Gr.
1260 918 1312 970 τί
1339 916 1418 972 δέ.
1459 915 1564 972 Per
1592 913 1819 969 modum
1849 911 2086 966 interro-

496 1015 659 1087 gandi
694 1014 812 1084 lege
841 1014 992 1067 hunc
1023 1013 1225 1067 locum.

568 1108 628 1162 Si
657 1107 794 1160 enim
828 1122 1022 1160 rerum.
1065 1103 1274 1156 Bonum
1317 1100 1541 1156 odorem
1583 1097 1919 1162 sensibilem,
1955 1111 2082 1150 sen-

497 1215 620 1256 sum
645 1199 815 1263 alere,
841 1198 997 1262 dicit,
1031 1203 1084 1251 et
1113 1194 1315 1258 facere,
1350 1201 1409 1248 ut
1442 1193 1579 1247 bene
1610 1193 1681 1247 sit
1712 1190 1963 1244 allectus.

565 1289 771 1343 Judicii
816 1289 1010 1357 vigore,
1045 1284 1140 1340 Gr.
1177 1281 1444 1356 κριτικοῦ.
1486 1281 1744 1355 Κριτικόν
1793 1279 1926 1334 dicit
1979 1276 2083 1331 vim

498 1381 697 1436 animae
725 1377 1159 1449 dijudicativam,
1188 1392 1283 1430 seu
1326 1374 1750 1437 intellectivam;
1781 1384 1944 1441 quam
1977 1367 2084 1421 nisi

499 1490 530 1528 a
564 1473 928 1546 propensione
960 1470 1030 1524 ad
1060 1471 1265 1524 malum
1321 1477 1603 1538 purgetur,
1640 1479 1927 1533 nunquam
1959 1477 2086 1516 sen-

498 1581 619 1620 sum
649 1564 822 1620 divini
850 1563 980 1618 boni
1009 1562 1196 1616 odoris
1232 1567 1610 1631 percepturam
1645 1557 1802 1614 dicit.

575 1656 815 1721 Uberem,
845 1654 940 1711 Gr.
975 1655 1151 1710 δλδον.
1191 1653 1446 1709 Divitias.

570 1750 812 1805 Suaviter
852 1749 1075 1818 a/fectw,
1119 1746 1217 1805 Gr.
1256 1747 1526 1819 ἡδόμενοι.
1567 1743 1675 1799 Pro
1723 1743 1871 1797 bono
1916 1738 2087 1793 odore

499 1841 756 1912 perfusae.
1649 1890 1654 1896 .

563 1930 603 2006 Β
631 1932 698 1990 ν.
743 1933 889 1988 Illud
915 1931 1200 1987 secundum
1233 1938 1478 1986 mentem.
1518 1926 1635 1981 Hoc
1665 1925 1734 1980 de
1761 1923 1935 1995 angeli

499 2026 876 2096 telligendum.

570 2117 638 2172 In
681 2118 783 2172 alis
832 2117 1108 2172 duodecim
1152 2115 1509 2186 signiﬁcatur.
1550 2109 1723 2181 Cujus
1751 2116 1916 2181 typus
1945 2105 2084 2160 duo-

498 2210 674 2266 decim
704 2227 915 2281 pennae.
945 2210 1083 2265 Nota
1112 2224 1243 2264 vero
1271 2204 1702 2278 magnitudinem
1732 2200 2030 2271 seraphim.

571 2302 932 2373 Theologiam.
977 2301 1236 2364 Sanctus,
1269 2307 1520 2362 sanctus,
1551 2303 1800 2350 sanctus.

571 2393 730 2449 Omni
759 2411 876 2465 quae
897 2394 1107 2447 malitia
1132 2391 1314 2446 simul.
1353 2389 1516 2454 Nota,
1550 2386 1698 2459 quod
1728 2401 1840 2440 non
1873 2391 2084 2440 tantum

497 2484 642 2553 vitii,
673 2486 768 2541 sed
801 2486 966 2540 etiam
993 2484 1291 2541 oblivionis
1335 2488 1589 2552 expertes
1631 2478 1888 2534 caelestes
1917 2480 2086 2531 virtu-

500 2585 584 2632 tes
607 2577 751 2632 dicat
784 2575 967 2632 Pater.

572 2669 884 2726 Scientiam.
924 2669 1093 2726 Recte
1125 2685 1248 2726 cum
1285 2667 1515 2724 scientia
1559 2664 1845 2736 conjunxit
1884 2661 2086 2717 intelli-

499 2763 774 2832 gentiam;
808 2772 1070 2817 accurata
1102 2761 1251 2818 enim
1294 2759 1541 2832 cujusvis
1588 2758 1668 2814 rei
1717 2754 2087 2814 consideratio

501 2852 622 2922 ejus
655 2851 942 2908 scientiam
975 2852 1170 2924 gignit.

570 2940 715 3013 §Vl.
760 2943 874 2998 Has
903 2945 1089 3014 igitur.
1131 2943 1264 3010 Quae
1293 2943 1367 2999 sit
1407 2941 1716 3014 proprietas
1765 2941 2085 3011 seraphim;

499 3045 554 3090 et
582 3037 729 3106 quod
761 3037 902 3092 hanc
937 3053 1102 3107 supra
1132 3036 1287 3092 dixit.

572 3125 1052 3194 Superccelestium.
1091 3125 1150 3181 In
1179 3132 1418 3180 tractatu
1447 3124 1525 3180 De
1555 3124 1754 3180 caelesti
1787 3124 2088 3180 hierarchia

501 3218 656 3274 dicit.

578 3309 607 3380 §
640 3308 750 3365 VII.
790 3310 864 3363 Τδ
890 3310 986 3381 μὲν
1014 3303 1129 3364 οῦν.
1169 3310 1571 3381 Contemplatio
1587 3319 1905 3368 sanctorum
1937 3326 2090 3366 sera-

503 3403 689 3473 phim;
737 3413 868 3458 nota
924 3403 1199 3474 integrum
1231 3403 1434 3468 locum,
1466 3404 1744 3474 quomodo
1780 3404 1836 3458 in
1865 3419 1930 3458 eo
1959 3419 2092 3458 con-

503 3492 670 3557 cedit,
719 3508 820 3548 nos
867 3493 1173 3564 intelligere
1199 3508 1322 3564 quae
1344 3491 1412 3550 de
1440 3493 1758 3550 caelestibus
1794 3492 2092 3548 virtutibus

504 3585 709 3656 scripta
739 3592 870 3639 sunt
903 3584 959 3639 in
991 3585 1301 3656 prophetis.

523 3680 526 3684 ’
577 3677 933 3746 Sextuplicem
957 3678 1293 3748 positionem,
1327 3677 1422 3733 Gr.
1455 3676 1690 3749 ἐξαπλῆν
1717 3677 1887 3732 θέσιν.
1941 3675 2094 3743 Ἐξα-

503 3769 647 3838 πλῆν
679 3769 849 3836 Θέσιν,
886 3787 982 3828 sex
1013 3771 1130 3826 alas
1160 3753 1282 3826 esse
1311 3769 1466 3824 dicit.

577 3859 794 3914 Primus
818 3870 868 3915 et
895 3861 1117 3916 medias.
1160 3859 1378 3915 Dictum
1407 3867 1492 3916 est
1522 3859 1578 3913 in
1612 3859 1895 3929 superiore
1926 3859 2089 3922 libro.

503 3953 778 4022 quomodo
811 3953 1146 4024 accipienda:
1195 3953 1306 4007 sint
1351 3951 1561 4021 primae,
1594 3957 1649 4006 et
1691 3951 1905 4017 medim,
1937 3958 2092 4022 post-

504 4058 774 4112 remaque
803 4043 1038 4098 virtutes
1067 4042 1513 4112 intelligentium.

577 4133 684 4203 75
724 4133 1071 4203 E/ﬁctionem.
1113 4134 1225 4189 Nec
1256 4135 1403 4189 enim
1436 4149 1595 4188 veras
1623 4134 1740 4188 alas
1772 4133 1999 4190 habent.

576 4223 822 4279 Alarum.
862 4223 1002 4278 Nota
1038 4233 1241 4289 autem,
1274 4225 1549 4296 quomodo
1571 4225 1784 4293 accepit
1815 4241 1877 4280 ea
1899 4226 1966 4280 de
1987 4227 2090 4283 alis

507 4315 804 4386 seraphim,
839 4325 892 4372 et
923 4318 1068 4386 quod
1099 4319 1325 4372 omnino
1353 4318 1472 4387 ipsa
1499 4317 1779 4380 volabant,
1810 4317 1950 4370 nihil
1993 4319 2091 4372 ha-

505 4408 691 4464 bentia
722 4409 1057 4466 submissum
1093 4418 1147 4465 et
1176 4410 1403 4465 humile.

581 4497 610 4570 ς
645 4497 784 4554 VIII.
828 4499 981 4566 Quod
1011 4501 1060 4554 si
1089 4501 1274 4568 facies.
1312 4499 1451 4554 Nota
1494 4498 1920 4568 pulcherrimam
1951 4515 2088 4554 con-

2187 635 2354 706 ῆγουν
2381 631 2472 684 τὸν
2491 628 2598 703 [τὸ]
2628 629 2780 680 Θεῖον
2807 625 3018 697 ὁρῶντα
3044 621 3208 675 αὑτὸν
3240 617 3386 680 νοῦν,
3415 616 3474 668 δν
3501 613 3599 668 xui
3631 611 3795 666 ἐνοῦ-

2187 703 2311 778 σθαι
2339 722 2487 791 λέγει
2511 720 2648 791 πρὸς
2674 717 2806 772 αὐτὸ
2825 716 2887 769 τὸ
2915 715 2996 780 ἓν,
3045 713 3140 767 xui
3165 711 3269 781 τῆς
3301 707 3492 761 τούτου
3526 703 3794 773 ἀποπλη-

2189 814 2282 887 ροῦ
2290 814 2413 867 σθαι
2446 809 2712 872 ἐνώσεως.

2257 905 2284 978 §
2316 903 2404 960 IV.
2452 903 2512 957 Τί
2543 901 2629 958 δέ.
2669 903 2806 956 Κατ’
2839 898 3110 972 ἐρώτησιν
3141 891 3416 963 ἀνάγνωθι
3461 890 3522 943 τὸ
3555 886 3789 960 χωρίον.

2251 1082 2320 1134 El
2348 1078 2458 1149 γὰρ
2485 1077 2524 1146 ἡ
2551 1075 2690 1131 τῶν.
2734 1075 2856 1127 ’Ότι
2898 1074 2932 1144 ἡ
2970 1071 3201 1142 αἰσθητὴ
3235 1068 3431 1123 εὐωδία
3462 1065 3655 1138 τρέφει
3688 1062 3792 1133 τὴν

2185 1171 2456 1243 αἴσθησιν,
2487 1168 2582 1223 xui
2612 1167 2855 1220 εὐεκτεῖν
2869 1163 3111 1217 ’τ’ποιεῖ.

2256 1260 2554 1330 Κριτικοῦ.
2595 1255 2858 1329 Κριτικόν
2891 1272 3023 1327 φησι
3065 1253 3125 1306 τὸ
3169 1253 3268 1325 τῆς
3299 1250 3482 1321 ψυχῆς
3509 1249 3790 1318 διακριτι-

2186 1354 2302 1416 κὸν,
2333 1353 2450 1423 ἦτοι
2479 1351 2539 1403 τὸ
2569 1349 2775 1420 νοερὸν,
2805 1348 2942 1417 ὅπερ
2968 1347 3016 1398 εἰ
3047 1345 3119 1416 μὴ
3147 1343 3247 1413 τῆς
3277 1342 3370 1394 ἐπὶ
3396 1341 3458 1393 τὸ
3483 1342 3669 1411 χεῖρον
3697 1341 3791 1410 ῥο-

2187 1445 2298 1516 πῆς
2325 1442 2640 1514 καθαρεύοι,
2672 1441 2772 1494 οὐκ
2803 1439 2870 1493 ἂν
2898 1439 2957 1491 ἐν
2989 1437 3237 1508 αἰσθήσει
3257 1436 3356 1507 τῆς
3380 1433 3530 1496 θείας
3553 1431 3789 1494 εὐωδίας

2188 1536 2508 1607 γενήσεσθαι
2536 1534 2704 1604 λέγει.

2264 1631 2367 1682 Ὄλ
2377 1631 2501 1682 ϐον.
2543 1625 2800 1679 Πλοῦτον.

2270 1721 2589 1791 Ἠδόμενοι.
2644 1719 2789 1772 Ἀντὶ
2818 1717 2912 1772 τοῦ
2943 1715 3378 1786 εὐωδιαξόμενοι.

1942 1938 1969 1976 s
1995 1921 2083 1975 in_
2112 1904 2159 1965 Β
2215 1889 2227 1898 ’
2258 1895 2286 1968 §
2317 1894 2378 1950 ν.
2425 1893 2538 1964 Τῆς
2565 1891 2716 1948 κατὰ
2733 1891 2902 1947 νοῦν.
2944 1889 3018 1942 Τὸ
3048 1887 3188 1943 κατὰ
3213 1887 3358 1952 νοῦν,
3392 1884 3486 1937 ἐπὶ
3509 1882 3791 1952 ἀγγέλων.

2255 2097 2672 2154 Δυοκαιδεκάδι
2713 2097 3082 2167 σημαίνεται.
3133 2094 3288 2156 Τίνος
3334 2090 3567 2154 τύπος²⁸
3609 2091 3670 2142 αἱ
3728 2075 3792 2142 ιϐ’

2185 2192 2476 2264 πτέρυγες.
2508 2190 2820 2262 Σημείωσαι
2851 2189 2907 2242 δὲ
2936 2190 2996 2242 τὺ
3027 2186 3255 2259 μέγεθος
3282 2185 3391 2238 τῶν
3425 2183 3700 2256 σεραφίμ.

2259 2285 2601 2354 Θεολογίαν.
2645 2283 2857 2351 Ἀγιος,
2888 2281 3063 2349 ἅγιος,
3095 2280 3266 2347 ἅγιος.

2255 2376 2478 2440 Κακίας
2503 2392 2566 2428 τε
2594 2374 2730 2444 ἅμα.
2773 2373 3085 2444 Σημείωσαι
3126 2371 3207 2423 δτι
3247 2370 3309 2423 οὒ
3358 2368 3520 2440 μόνον
3563 2367 3794 2434 κακίας,

2187 2467 2322 2520 ἀλλὰ
2350 2468 2444 2520 xui
2473 2465 2644 2538 λήθης
2673 2465 2977 2537 άμετόχους
3007 2463 3109 2526 τὰς
3138 2463 3248 2517 ἄνω
3278 2461 3542 2532 δυνάμεις
3573 2460 3749 2529 φησὶν
3767 2459 3796 2509 ό

2187 2559 2400 2630 Πατήρ.

2272 2649 2660 2720 Ἐπιστήμην.
2714 2647 2910 2712 Καλῶς
2966 2646 3170 2716 συνῆψε
3228 2647 3296 2717 τῇ
3345 2645 3629 2716 ἐπιστήμῃ
3694 2643 3796 2714 τὴν

2187 2745 2368 2817 νόησιν
2387 2762 2400 2775 ·
2433 2747 2466 2816 ἡ
2496 2743 2605 2815 γὰρ
2634 2741 2866 2815 ἀκριϐὴς
2895 2742 3022 2813 περὶ
3047 2738 3270 2793 ὁτουοῦν
3301 2738 3632 2808 κατανόησις
3664 2738 3793 2789 ἐπι-

2190 2837 2288 2908 στή
2298 2852 2404 2906 μην
2431 2834 2620 2887 τούτου
2649 2831 2959 2905 ἐργάζεται.

2263 2925 2290 2997 §
2323 2923 2412 2980 Vl.
2459 2923 2567 2990 Τὰς
2588 2923 2707 2994 μὲν
2733 2922 2864 2976 οὖν.
2906 2921 3002 2985 Τίς
3041 2922 3075 2992 ἡ
3130 2919 3328 2991 ἰδιότης
3354 2917 3464 2972 τῶν
3519 2917 3793 2988 σεραφὶμ,

2191 3015 2286 3070 xui
2313 3017 2394 3068 ότι
2425 3019 2629 3085 ταύτην
2659 3017 2906 3085 προεῖπε.

2264 3106 2386 3160 Τῶν
2415 3105 2880 3174 ὐπερουρανίων.
2933 3103 3022 3156 Ἐν
3050 3105 3116 3174 τῇ
3150 3101 3288 3170 Περὶ
3337 3098 3450 3168 τῆς
3499 3099 3797 3168 οὐρανίας

2191 3198 2490 3267 ἱεραρχίας
2517 3195 2867 3269 πραγματείᾳ
2896 3194 3048 3266 φησί.

2269 3287 2297 3358 §
2331 3286 2440 3342 VII.
2489 3287 2558 3340 Τὸ
2583 3286 2701 3356 μὲν
2723 3287 2854 3340 οὖν.
2896 3285 3108 3358 Θεωρία
3151 3282 3260 3337 τῶν
3307 3282 3480 3350 ἁγίων
3521 3282 3793 3354 σεραφίμ.

2195 3379 2508 3450 Σημείωσαι
2535 3378 2655 3432 ὅλον
2681 3378 2742 3431 τὸ
2774 3377 2993 3450 χωρίον,
3024 3377 3174 3439 ὅπως
3203 3373 3482 3428 ἐκδίδωσιν
3529 3375 3588 3426 ὲν
3637 3372 3802 3442 αὐτῷ

2195 3473 2334 3524 νοεῖν
2371 3472 2521 3542 ἡμᾶς
2561 3470 2630 3524 τὰ
2671 3471 2797 3542 περὶ
2836 3469 2945 3523 τῶν
2973 3469 3085 3523 ἄνω
3111 3466 3394 3536 δυνάμεων
3423 3464 3799 3536 γεγραμμένα

2195 3562 2254 3615 ἐν
2280 3567 2394 3626 τοῖς
2422 3564 2748 3635 προφήταις.
3216 3559 3222 3565 ”

2279 3654 2592 3724 Ἑξαπλῆν
2623 3654 2812 3708 θέσιν.
2865 3650 3136 3722 Ἑξαπλῆν
3158 3648 3306 3702 θέσιν
3336 3649 3397 3700 τὸ
3418 3647 3481 3714 ἒξ
3499 3643 3644 3701 εἶναι
3665 3645 3800 3699 πτέ-

2197 3749 2369 3822 ρυγάς
2397 3765 2550 3821 φησι.

2264 3841 2472 3909 Πρῶτα
2500 3840 2596 3894 καὶ
2621 3839 2802 3909 μέσα.
2843 3837 3072 3909 Εἴρηται
3095 3837 3151 3888 ἐν
3169 3835 3282 3896 τοῖς
3306 3831 3412 3904 πρὸ
3431 3832 3648 3894 τούτου,
3678 3829 3798 3891 πῶς

2193 3931 2300 4002 χρὴ
2328 3930 2641 4001 ἐκδέχεσθαι
2686 3929 2786 3994 τὰς
2816 3927 3061 4001 πρώτας,
3093 3925 3189 3979 xui
3233 3924 3427 3996 μέσας,
3469 3925 3566 3976 καὶ
3602 3923 3797 3976 τελευ-

2192 4024 2350 4086 ταίας
2387 4022 2642 4093 δυνάμεις
2673 4019 2781 4074 τῶν
2810 4019 3032 4091 νοερῶν.
3339 4053 3342 4056 ~

2263 4115 2618 4170 Διάπλασιν.
2657 4113 2732 4166 Οὐ
2761 4113 2870 4184 γὰρ
2889 4111 3066 4183 άληθῆ
3088 4107 3265 4181 πτερὰ
3293 4107 3501 4179 ἔχουσι.

2266 4207 2396 4262 Τῶν
2423 4205 2673 4274 πτερῶν.
2713 4205 3026 4275 Σημείωσαι
3067 4201 3148 4265 δὲ,
3179 4200 3298 4263 πῶς
3346 4198 3508 4251 ἔλαϐε
3550 4197 3618 4250 τά
3664 4198 3801 4269 περὶ

2191 4299 2299 4353 τῶν
2327 4299 2615 4371 πτερύγων
2661 4297 2769 4350 τῶν
2801 4296 3063 4367 σεραφὶμ,
3091 4294 3184 4348 xui.
3211 4294 3292 4346 ὅτι
3321 4291 3444 4345 καθ’
3485 4290 3606 4344 ὅλον
3652 4293 3800 4344 αὑτὰ

2193 4394 2416 4449 ἴπταντο
2445 4392 2608 4463 μηδὲν
2636 4389 2884 4461 ἐχοντα¹⁹
2917 4386 3205 4458 ὑφειμένον
3235 4386 3329 4438 xui
3354 4385 3610 4438 ταπεινόν
3627 4425 3640 4437 .

2263 4484 2458 4557 §VIII.
2500 4485 2571 4537 Ei
2599 4483 2668 4535 δὲ
2708 4482 2781 4536 τὰ
2809 4482 3118 4548 πρόσωπα.
3161 4477 3477 4547 Σημείωσαι
3521 4475 3803 4547 ὡραιοτά-

507 4589 910 4658 templationem
942 4598 996 4646 et
1025 4607 1255 4657 novam;
1287 4606 1460 4660 quare
1502 4591 1779 4660 seraphim
1821 4591 2008 4660 facies,
2037 4601 2081 4646 et

2255 4594 2289 4643 ,ν
2329 4573 2562 4646 Θεωρίαν
2593 4573 2687 4626 xui.
2715 4572 2894 4642 ξένην,
2925 4571 3014 4625 διὰ
3043 4571 3098 4623 τί
3126 4572 3174 4622 οἱ
3205 4570 3450 4640 σεραφὶμ
3474 4567 3544 4620 τὰ
3576 4567 3804 4638 πρόσω-

509 4682 674 4753 pedes
697 4682 961 4753 obtegunt
986 4683 1108 4746 alis,
1148 4689 1203 4738 et
1229 4682 1425 4738 mediis
1459 4683 1662 4738 volant.

581 4837 608 4907 ς
648 4835 738 4891 IX.
783 4837 922 4902 Quia
939 4839 1100 4892 etiam
1119 4837 1235 4892 hoc.
1273 4837 1654 4908 Interpretatio
1678 4839 1976 4908 seraphim.

581 4930 610 5000 ς
649 4927 715 4983 Χ.
758 4927 969 4982 Statum
999 4929 1316 4984 naturalem.
1355 4928 1414 4983 In
1447 4929 1586 4984 libro
1615 4929 1694 4984 De
1720 4931 1918 4986 cmlesti
1947 4933 2089 4989 hier-

507 5019 692 5074 archia
722 5019 1055 5089 explicatum
1085 5027 1190 5084 est,
1223 5004 1357 5090 quid
1401 5020 1472 5076 sit
1509 5021 1566 5075 in
1594 5022 1802 5093 angelis
1831 5025 2090 5080 essentia-

507 5113 577 5166 lis
608 5111 850 5177 habitus,
889 5112 945 5166 in
977 5113 1210 5182 septimo
1240 5113 1438 5183 capite.

581 5201 706 5256 Non
731 5203 1033 5273 ignorabat.
1075 5203 1232 5270 Quod
1285 5212 1342 5260 et
1402 5206 1580 5261 sancti
1643 5207 1823 5278 angeli
1882 5208 2086 5274 sciunt,

509 5295 658 5365 quod
703 5294 866 5352 Jesus
910 5297 1262 5354 sanctiﬁcans
1290 5298 1454 5354 etiam
1485 5301 1857 5358 sanctificatus
1888 5311 1994 5371 est,
2034 5312 2090 5358 et

512 5387 756 5458 quando,
787 5396 842 5444 et
869 5387 1165 5461 quomodo.

591 5479 949 5540 Descendisse.
989 5480 1104 5538 Hoc
1129 5487 1215 5538 est
1244 5481 1520 5540 hominem
1553 5484 1779 5542 factum.

2196 4686 2275 4722 πα
2303 4669 2398 4721 xui
2427 4667 2553 4729 τοὺς
2599 4665 2766 4729 πόδας
2795 4664 3128 4718 καλύπτουσι
3155 4664 3266 4725 τοῖς
3300 4663 3544 4731 πτεροῖς,
3581 4664 3703 4723 τοῖς
3745 4659 3805 4711 δὲ

2198 4759 2386 4831 μέσοις
2407 4758 2690 4812 πέτανται.

2269 4851 2296 4922 §
2327 4849 2418 4904 IX.
2457 4850 2567 4904 Καὶ
2596 4849 2770 4904 τοῦτο
2797 4849 2883 4904 δέ.
2935 4845 3230 4919 Ἐρμηνεία
3259 4846 3367 4898 τῶν
3398 4842 3663 4916 σεραφίμ.

2269 4943 2297 5010 §
2331 4942 2401 5002 Χ.
2444 4941 2564 5012 Τῆς
2618 4940 2968 5006 οὺσιώδους.
3023 4940 3111 4992 Ἐν
3151 4937 3230 5009 τῷ
3276 4937 3419 5004 Περὶ
3463 4934 3576 5003 τῆς
3611 4936 3806 5001 οὐρα-

2194 5037 2330 5102 νίας
2362 5037 2661 5105 ἱεραρχίας
2689 5035 2831 5106 λόγῳ
2857 5032 3220 5104 ἐσαφηνίσθη,
3249 5031 3301 5084 τί
3329 5032 3479 5083 ἐστιν
3501 5030 3593 5083 ἐπὶ
3623 5029 3807 5098 ἀγγέ-

2194 5122 2300 5175 λων
2328 5121 2590 5193 οὑσιώδης
2617 5121 2748 5186 ἕξις,
2779 5125 2836 5175 ὲν
2867 5122 3078 5192 ἑϐδόμῳ
3100 5119 3400 5189 κεφαλαίῳ.

2268 5209 2350 5283 [α]
2396 5215 2516 5265 Οὐκ
2556 5213 2879 5282 ἠγνόησεν.
2926 5211 3162 5264 Ὅτικαὶ
3185 5210 3240 5263 oi
3260 5210 3408 5277 ἅγιοι
3435 5209 3660 5278 ἄγγελοι
3685 5211 3806 5262 lcru-

2197 5319 2302 5367 σιν,
2323 5303 2406 5356 ὅτι
2432 5305 2461 5356 ὁ
2487 5303 2728 5372 ἁγιάζων
2757 5301 2965 5376 Ἰησοῦς
2993 5302 3090 5356 xui
3111 5301 3374 5375 ἡγιάσθη,
3397 5303 3494 5354 xui
3516 5301 3673 5364 πότε,
3702 5303 3804 5355 καὶ

2195 5410 2332 5459 πως.

2265 5489 2745 5557 Κατεληλυθότα.
2785 5486 3071 5542 Τουτέστιν
3103 5485 3389 5558 ἄνθρωπον
3421 5484 3747 5557 γενόμενον.

1411 5664 1646 5740 vannis
1682 5683 2067 5745 LECTIONES
2101 5686 2189 5744 ET
2221 5687 2774 5748 CORRECTIONES.

598 5881 642 5913 "'
677 5896 765 5950 γρ.
802 5884 1032 5941 εὐκτεῖν.
1134 5889 1175 5920 ³⁸
1208 5904 1294 5960 γρ.
1329 5888 1506 5944 τύποι.
1575 5893 1618 5924 ’ν
1654 5907 1740 5964 γρ.
1777 5890 2009 5964 ἔχοντες,
