3872 6550
74 451 181 506 157

834 443 892 500 S.
928 441 1176 498 MAXIM]
1211 436 1502 497 SCBOLIA
1537 436 1606 491 ΙΝ
1655 434 1670 493 1

1821 431 1910 487 DE
1948 429 2228 488 ECCLES.
2269 405 2642 484 HIERARCH.

3225 415 3350 478 ,158

146 563 235 639 [β]
291 564 451 636 Πρὸς
486 563 593 620 τοῦ
620 561 869 632 Πατρός.
910 560 1080 616 Τοῦτό
1127 575 1261 632 φησι
1305 557 1395 611 διὰ
1434 558 1496 611 τὸ
1545 555 1670 626 μίαν

1847 549 1891 603 Α
1943 548 2128 604 Patre.
2167 541 2283 600 Hoc
2331 545 2487 610 dicit,
2541 546 2831 614 propterea
2878 537 3026 610 quod
3068 536 3228 592 unica
3277 537 3350 590 sit

71 657 219 716 εἶναι
252 660 355 731 τῆς
379 657 541 728 ἁγίας
568 655 794 730 Τριὰδος
820 653 918 726 τὴν
947 653 1248 724 ἐνέργειαν.
1279 649 1588 722 Σημείωσαι
1615 648 1671 702 δὲ

72 755 177 826 τὴν
213 751 599 824 ἀπαράϐλητον
639 747 944 820 όρθοδοξίαν
975 745 1068 800 τοῦ
1105 743 1340 816 μεγάλου
1370 741 1668 804 Διονυσίου,

73 845 174 897 καὶ
218 842 336 906 πῶς
379 840 612 911 ἐφύλαξε
650 837 751 908 τῆς
796 837 1050 908 θεότητος
1085 833 1180 888 τοῦ
1223 832 1427 905 Κυρίου
1473 828 1670 900 Ἰησοῦ,

75 939 173 991 καὶ
205 939 308 1009 τῆς
336 937 534 1011 σαρκὸς
561 937 660 1008 τὴν
677 932 938 1006 διαφοράν
957 949 970 962 ⁸
988 933 1017 984 ὁ
1039 930 1148 1002 γὰρ
1167 926 1410 997 ἁγιάζων
1440 921 1669 996 Ἰησοῦς,

76 1031 154 1092 ὡς
188 1031 341 1095 Θεὸς,
371 1031 570 1092 πάντα,
594 1028 686 1082 καὶ
714 1026 876 1089 αὐτὸς
903 1025 978 1088 ὡς
1006 1023 1290 1094 ἄνθρωπος
1309 1017 1543 1090 ἡγιάσθη
1568 1015 1672 1069 ὑπό

80 1141 141 1178 τε
182 1123 278 1178 τοῦ
310 1125 543 1195 Πατρὸς,
574 1123 668 1176 καὶ
715 1122 803 1190 ὑφ’
834 1117 1054 1181 ἑαυτοῦ,
1085 1117 1207 1169 ἐπεὶ
1253 1116 1348 1168 καὶ
1391 1112 1544 1176 Θεὸς,
1577 1112 1672 1165 καὶ

83 1216 190 1269 ὑπὸ
216 1215 311 1268 τοῦ
350 1214 508 1284 ἁγίου
539 1211 876 1284 Πνεῦματος,
909 1207 1120 1262 είδυιῶν
1150 1207 1243 1261 καὶ
1270 1205 1379 1258 τῶν
1404 1203 1672 1275 οὐρανίων

81 1307 291 1374 τάξεων
330 1307 430 1377 τὴν
475 1303 609 1358 ίδίαν
641 1303 838 1375 ἀρχὴν,
870 1300 1136 1364 τουτέστι,
1167 1299 1258 1351 τὸν
1296 1297 1465 1352 αἴτιον
1493 1295 1672 1349 αὐτῶν

82 1399 181 1452 καὶ
223 1397 315 1450 τὸν
356 1395 684 1467 δημιουργὸν
722 1393 815 1446 τὸν
857 1391 1088 1463 Ἰησοῦν,
1119 1392 1198 1444 ὅτι
1229 1389 1330 1443 κᾶν
1358 1388 1670 1458 ἀγιάζηται,

80 1489 196 1541 ἀλλ’
230 1485 324 1541 οὖν
355 1488 450 1541 καὶ
479 1485 651 1548 οὕτως
678 1484 790 1556 ἔχει
817 1483 878 1537 τὸ
914 1484 1034 1537 κατ’
1062 1481 1251 1536 οὐσίαν
1292 1479 1668 1534 ἀναλλοίωτον

77 1583 215 1645 Θεὸς
245 1581 374 1652 γάρ.
408 1580 719 1652 Σημείωσαι
761 1579 818 1632 δὲ
859 1579 941 1632 ὅτι
981 1576 1078 1648 τὴν
1105 1575 1312 1630 οἰκείαν
1338 1570 1479 1628 οἶδεν
1499 1573 1673 1645 ἀρχὴν

78 1674 144 1726 ἐκ
171 1671 274 1741 τῆς
304 1671 593 1742 θεουργίας
622 1666 809 1722 αὑτοῦ.

150 1763 226 1835 [δ]
265 1763 530 1832 Σεραφὶμ
579 1762 938 1829 περιίστησι.
981 1757 1326 1828 Σημείωσαι,
1371 1752 1459 1807 διὰ
1497 1752 1550 1806 τί
1595 1751 1674 1824 τῷ

79 1858 210 1930 θείῳ
241 1857 400 1929 μύρῳ
426 1859 799 1929 περιίστανται
832 1856 900 1908 τὰ
927 1854 1292 1924 ὲξαπτέρυγα.
1326 1848 1664 1922 Ἀπαράλλα-

1773 651 1978 701 sanctae
2005 641 2294 697 Trinitatis
2325 640 2544 711 energia
2578 654 2675 694 seu
2704 635 2944 692 inﬂuxus
2974 634 3030 688 in
3059 647 3218 702 opus.
3236 627 3349 683 No-

1772 745 1827 792 ta
1855 751 2005 799 vero,
2038 731 2523 803 incomparabilem
2553 729 2735 800 magni
2769 725 3014 798 Dionysii
3042 718 3247 778 rectam
3281 722 3350 776 de

1774 823 1878 879 ﬁde
1904 823 2252 886 sententiam,
2279 827 2334 874 et
2353 818 2630 890 quomodo
2651 816 2885 872 servavit
2913 811 3217 868 divinitatis
3243 809 3353 863 Do-

1772 917 1904 970 mini
1934 913 2086 980 Jesu,
2118 904 2181 970 ef
2201 911 2387 968 carnis
2416 909 2812 976 differentiam;
2852 906 3014 962 Jesus
3041 905 3186 960 enim
3221 917 3351 957 san-

1773 1007 2040 1072 ctiﬁcans,
2066 1013 2128 1061 ut
2173 1005 2339 1069 Deus,
2373 1003 2650 1064 universa,
2687 999 2830 1054 idem
2861 997 3025 1053 etiam
3076 1002 3137 1048 ut
3184 993 3354 1049 homo

1773 1099 2152 1157 sanctiﬁcatus
2187 1104 2270 1154 est
2310 1103 2426 1150 tum
2457 1111 2488 1149 a
2518 1093 2702 1156 Patre,
2731 1099 2848 1144 tum
2877 1104 2906 1142 a
2935 1089 3146 1158 seipso;
3173 1101 3351 1156 quan-

1773 1191 2260 1263 doquidem'etiam
2293 1187 2458 1251 Deus,
2486 1194 2540 1241 et
2568 1199 2599 1237 a
2634 1182 2842 1253 Spiritu
2875 1187 3096 1243 sancto;
3128 1175 3351 1232 scienti-

1773 1286 1876 1341 bus
1906 1299 2125 1356 quoque
2154 1280 2476 1338 cmlestibus
2505 1276 2789 1333 ordinibus
2828 1272 3106 1344 pr0prium
3146 1267 3352 1338 princiv

1772 1378 1944 1448 pium,
1976 1377 2031 1431 id
2059 1383 2145 1430 est
2176 1383 2456 1428 auctorem
2503 1384 2663 1427 suum
2711 1375 2766 1422 et
2809 1373 3110 1420 creatorem
3140 1360 3349 1423 Jesum,

1773 1470 1918 1542 quod
1950 1469 2053 1525 etsi
2087 1467 2482 1531 sanctiﬁcetur,
2517 1471 2698 1517 tamen
2721 1460 2886 1515 etiam
2937 1457 3019 1512 sic
3063 1454 3227 1509 habet
3255 1467 3354 1506 na-

1773 1573 1912 1618 tura:
1936 1559 2465 1625 immutabiiitatem;
2498 1556 2642 1611 Deus
2685 1555 2851 1610 enim.
2886 1551 3026 1606 Nota
3047 1563 3178 1605 vero
3207 1545 3352 1617 quod

1774 1656 2056 1730 proprium
2082 1653 2301 1724 agnovit
2326 1649 2657 1721 principium
2681 1664 2744 1702 ex
2777 1661 2876 1702 sua
2899 1643 3083 1698 divina
3117 1642 3351 1712 actione.

1849 1745 2130 1815 Seraphim
2152 1742 2386 1812 apponit.
2425 1739 2564 1794 Nota
2615 1753 2718 1792 cur
2767 1734 3045 1804 seraphim
3095 1747 3192 1787 sex
3241 1731 3356 1784 ala-

1775 1855 1898 1895 rum
1948 1839 2472 1892 circumstatnantur
2519 1832 2703 1888 divino
2744 1837 3041 1899 unguento.
3085 1823 3358 1895 Ἀπαράλ-

81 1917 207 2004 κτον
316 1917 469 2002 εἶπεν
539 1947 615 2010 ὡς
635 1947 772 2018 πρὸς
797 1947 858 2000 τὸ
877 1917 1016 1999 κατὰ
1045 1917 1223 1998 πάντα
1248 1944 1347 2014 τῆς
1374 1917 1493 1996 καθ’
1511 1943 1659 2012 ἡμᾶς

1788 1948 1974 1996 ακτον,
2007 1946 2118 1985 non
2163 1936 2345 1984 autem
2381 1925 2704 1982 dissimilem
2733 1924 2903 1986 dixit,
2931 1927 3025 1975 aut
3056 1917 3201 1989 quod
3233 1931 3332 1987 per

82 2041 298 2111 φύσεως
337 2013 832 2111 ὁμοιωθῆναινήμῖν
872 2039 1042 2109 χωρὶς
1068 2013 1376 2107 ἁμαρτίαςο
1415 2035 1448 2106 ἢ
1477 2034 1553 2098 ὡς
1587 2032 1661 2104 μὴ

1788 2025 1944 2079 ιιῐιηὶε
1975 2031 2186 2078 natura:
2206 2027 2410 2076 nostra:
2441 2017 2638 2075 similis
2664 2016 2844 2072 iactus
2868 2021 2952 2070 est
2975 2013 3192 2068 sublato
3218 2025 3347 2081 pec-

81 2132 453 2204 ὑπομείναντα
473 2130 846 2203 παραλλαγὴν,
869 2129 902 2200 ἢ
923 2129 1132 2201 τροπῆς
1150 2127 1502 2198 ἀποσκίασμα
1520 2123 1662 2179 κατὰ

80 2225 176 2295 τὴν
223 2223 473 2293 θεότητα,
503 2224 561 2274 ὲν
590 2220 668 2292 τῷ
696 2220 1021 2292 προσλαϐεῖν
1061 2220 1123 2272 τὸ
1163 2217 1521 2290 ἀνθρώπινον.
1560 2218 1664 2289 Ση-

85 2315 314 2385 μείωσαι
339 2313 397 2366 δὲ
429 2313 528 2384 τὴν
553 2313 740 2384 ὁλικὴν
769 2308 1322 2384 ὲνανθρώπησιν,μδιὰ
1343 2311 1471 2372 τοὺς
1503 2310 1664 2365 ἄνουν

83 2405 240 2459 αὑτὸν
273 2406 557 2474 λέγοντας.

151 2583 226 2656 [ε]
269 2583 389 2637 Τὸν
427 2582 830 2653 ἁτιαζόμενον.
872 2582 1086 2636 Μᾶλλον
1103 2582 1224 2636 τότε
1243 2581 1416 2646 οὕτως
1443 2581 1668 2654 ἐφέρετο

85 2676 140 2729 ὲν
183 2678 249 2746 τῇ
298 2675 437 2746 πρὸς
476 2675 789 2747 Ἐϐραίους·
835 2675 898 2728 Ὅ
940 2691 1006 2728 τε
1046 2674 1156 2746 τὰρ
1197 2672 1448 2745 ἁγιάζων
1489 2673 1587 2728 καὶ
1635 2676 1668 2728 ὀ

85 2764 484 2834 ἁγιαζόμενος.

154 2852 229 2907 Τὸ
263 2855 480 2922 μύρον.
520 2853 620 2908 Διὰ
661 2854 717 2908 τί
763 2852 1122 2924 σταυροειδῶς
1163 2852 1225 2906 τὸ
1272 2851 1443 2925 μύρον
1467 2853 1548 2910 ,ἐν
1590 2850 1670 2922 τῷ

89 2945 458 3018 βαπτιστηρίῳ
478 2948 741 3018 ἐκχεῖται.

163 3039 282 3093 Ὑπθ
315 3040 462 3110 ὄψιν
486 3041 634 3110 ἄγει.
693 3042 838 3097 Ἀντ)⁸
867 3041 962 3096 τοῦ
1004 3041 1256 3113 φανερῶς
1282 3040 1561 3113 κηρύττει.

152 3136 548 3206 Geo-[eradere
577 3137 1094 3206 καταδεόμενονδο.
1150 3135 1372 3206 Ἀνέστη
1389 3134 1499 3207 γὰρ
1517 3135 1672 3207 τριή-

94 3248 270 3303 μερος,
305 3232 381 3303 μὴ
408 3230 706 3304 κρατηθεὶς
735 3230 842 3285 ὑπὸ
868 3229 964 3284 τοῦ
995 3229 1248 3285 θανάτου.

161 3409 514 3478 Ἀκρατήτῳ.
569 3409 791 3482 Ἀνέστη
821 3409 930 3482 γὰρ
949 3411 1247 3483 τριήμερος
1265 3409 1339 3482 μὴ
1356 3409 1671 3483 κρατηθείς.

152 3499 307 3566 Τοὺς
334 3503 423 3566 εις
458 3500 568 3554 τὸν
593 3499 872 3555 θάνατον.
915 3502 1071 3555 Ἔστι
1117 3500 1227 3572 γὰρ
1271 3501 1590 3574 ἀπόκρυφος
1635 3503 1670 3573 ἡ

94 3590 379 3659 αίτιολογία
415 3593 530 3654 τοῖς
573 3590 786 3655 πολλοῖς
812 3591 909 3645 τοῦ
953 3592 1278 3663 μυστηρίου,
1309 3591 1397 3644 διὰ
1423 3591 1476 3644 τί
1504 3592 1566 3645 τὸ
1594 3594 1674 3656 είς

95 3679 316 3751 Χριστὸν
344 3679 648 3752 βάπτισμα,
681 3679 872 3752 ὅτιπερ
899 3682 981 3744 είς
1007 3681 1097 3734 τὸν
1127 3680 1353 3736 θάνατον
1386 3680 1552 3734 αὐτοῦ
1577 3679 1674 3752 βα-

98 3772 411 3842 πτιζόμεθα.

162 3863 188 3935 ς
216 3863 308 3920 XI.
365 3864 916 3934 Ἀνθρωποπρεπῶς.
958 3866 1268 3938 Σημείωσαι
1289 3865 1382 3920 καὶ
1398 3867 1670 3935 ἐντεῦθεν,

99 3955 124 4006 ὸ
148 3956 396 4026 Χριστὸς,
435 3956 529 4010 καὶ
556 3956 632 4020 ὡς
666 3957 974 4029 ἄνθρωπος,
1003 3957 1215 4029 δέχεται
1258 3959 1319 4012 τὸ
1358 3958 1585 4030 Πνεῦμα
1611 3957 1673 4012 τὸ

102 4044 240 4113 ἅγιον
266 4045 628 4117 ἀγιαζόμενος
646 4063 660 4076 ο
693 4049 788 4101 καὶ
831 4048 908 4112 ὡς
941 4048 1095 4115 Θεὸς,
1125 4033 1336 4102 δίδωσιν
1381 4049 1532 4103 αὐτό.
1561 4050 1671 4122 Ση-

105 4137 317 4207 μείωσαι
361 4139 455 4192 καὶ
498 4137 559 4191 τὸ
606 4137 715 4206 τῆς
762 4138 1095 4208 οὐσιώδους
1139 4142 1435 4209 θεότητος,
1466 4144 1562 4196 καὶ
1589 4143 1672 4195 ὅτι

102 4226 490 4295 ἀναλλοίωτος
515 4231 768 4298 ἔμεινεν.

169 4316 322 4380 Ἥξει
351 4316 420 4370 τὸ
450 4319 770 4372 θειότατον.
813 4321 896 4386 Ei,
928 4320 1021 4373 ἐπὶ
1051 4320 1159 4374 τῶν
1204 4322 1450 4391 ἀγγέλων
1477 4323 1671 4377 οὐσιώ-

103 4403 202 4469 δεις
225 4407 363 4473 ἔξεις
390 4408 699 4474 ἀκούοντες,
722 4410 783 4463 οὐ
810 4412 1103 4482 ποιότητας
1142 4411 1336 4478 ἔξωθεν
1365 4413 1504 4468 κατὰ
1533 4431 1671 4486 συμ-

107 4495 317 4569 ϐεϐηκὸς
342 4500 723 4571 ὲπιγινομένας
741 4501 992 4575 νοοῦμεν,
1022 4505 1098 4568 ὡς
1125 4505 1220 4558 καὶ
1251 4505 1358 4578 πρὸ
1387 4506 1565 4576 ὀλίγου
1594 4508 1672 4560 εί-

1695 3260 1742 3324 C

1763 2125 1908 2182 cato,
1951 2122 2045 2170 aut
2091 2114 2237 2185 quod
2272 2129 2382 2168 non
2431 2111 2718 2182 pertulerit
2747 2110 3105 2163 mutationem
3136 2105 3224 2160 vel
3253 2107 3341 2158 vi-

1764 2208 2104 2265 cissitudinis
2128 2205 2603 2260 obumbrationem
2640 2201 2942 2258 secundum
2977 2197 3346 2259 divinitatem,

1764 2313 1890 2353 cum
1937 2305 2192 2351 naturam
2236 2296 2533 2350 humanam
2573 2292 2893 2364 assumpsit.
2926 2289 3066 2344 Nota
3107 2304 3237 2344 vero
3269 2295 3357 2341 to-

1765 2395 1877 2444 tam
1926 2397 2141 2443 naturaa
2174 2385 2627 2456 assumptionem,
2662 2388 2888 2453 propter
2915 2397 3011 2436 eos
3043 2380 3135 2451 qui
3174 2379 3355 2450 ipsum

1765 2479 2048 2535 Christum
2079 2479 2279 2533 mentis
2307 2483 2585 2546 expertem
2615 2490 2735 2530 esse
2763 2475 2980 2530 dicunt.

1839 2568 2271 2638 Sanctiﬁcatum.
2312 2565 2452 2620 Tum
2501 2564 2676 2636 magis
2709 2564 2810 2618 hoc
2841 2562 3004 2616 modo
3057 2560 3334 2615 ferebatur

1768 2661 1825 2716 in
1873 2660 2114 2730 Epistola
2143 2660 2212 2714 ad
2254 2657 2595 2714 HebrmoS':
2631 2656 2739 2724 Qui
2762 2655 2902 2710 enim
2932 2651 3259 2722 sanctiﬁcat,
3290 2659 3347 2705 et

1771 2753 1862 2826 qui
1887 2752 2279 2820 sanctiﬁcatur.

1846 2842 2200 2914 Unguentum.
2241 2841 2355 2896 Cur
2375 2840 2559 2897 crucis
2595 2839 2778 2912 specie
2806 2845 3140 2912 unguentum
3169 2836 3226 2891 in
3255 2836 3358 2892 ba-

1769 2936 1972 3008 ptismo
2001 2933 2322 2991 effunditur.

1839 3027 1948 3082 Sub
1975 3035 2242 3096 aspectum
2271 3025 2440 3095 ponit.
2479 3023 2800 3096 Pro,palam
2831 3023 3110 3094 praedicat.

1843 3121 1952 3192 76
1990 3119 2100 3173 Pro
2155 3117 2336 3173 divina
2373 3117 2705 3188 generatione
2751 3115 3040 3170 demersus.
3074 3111 3358 3167 Excitatus

1771 3219 1858 3278 est
1904 3211 2051 3266 enim
2107 3210 2274 3266 tertio
2319 3208 2428 3276 die,
2474 3223 2586 3262 non
2630 3206 2886 3263 detentus
2944 3213 3038 3259 aut
3085 3203 3268 3258 victus
3326 3215 3358 3256 a

1777 3313 1972 3359 morte.

1847 3395 2227 3466 lnsuperabili.
2271 3393 2522 3450 Surrexit
2545 3392 2692 3449 enim
2716 3391 2882 3448 tertio
2911 3390 3000 3445 die
3024 3404 3132 3443 non
3156 3387 3356 3443 victus.

1848 3489 1956 3545 Eos
1984 3491 2074 3560 qui
2105 3491 2159 3544 in
2189 3497 2378 3544 morte.
2418 3486 2514 3543 Est
2536 3485 2680 3542 enim
2705 3485 2960 3540 abstrusa
2983 3481 3171 3537 multis
3189 3495 3356 3534 causa

1774 3584 2043 3655 mysterii,
2062 3598 2164 3637 cur
2191 3581 2398 3638 Christi
2429 3581 2736 3652 baptismus
2765 3577 2946 3644 detur,
2979 3575 3126 3647 quod
3157 3574 3208 3628 in
3236 3573 3358 3644 eius

1772 3683 1948 3733 morte
1975 3676 2344 3748 baptizamur.

1845 3857 1874 3930 §
1907 3855 2001 3912 XI.
2035 3857 2284 3910 Humano
2308 3869 2471 3908 more.
2503 3851 2664 3915 Nota,
2697 3850 2864 3905 etiam
2895 3849 2999 3904 hoc
3023 3849 3166 3915 loco,
3195 3848 3356 3902 Chri-

1773 3958 1940 4015 stum,
1970 3958 2024 4004 et
2070 3955 2130 4002 ut
2182 3946 2457 4001 hominem
2497 3943 2745 4012 accipere
2784 3941 3047 4010 Spiritum
3100 3948 3352 3993 sanctum

1772 4059 1897 4098 cum
1945 4041 2336 4102 sanctificatur,
2386 4044 2441 4092 et
2498 4045 2559 4090 ut
2597 4034 2790 4098 Deum,
2835 4049 2959 4088 eum
3009 4033 3174 4086 dare.‘
3209 4030 3351 4084 Nota

1771 4137 1918 4194 enim
1973 4154 1987 4190 :
2040 4131 2336 4189 essentialis
2397 4129 2724 4192 divinitatis,
2779 4133 2834 4182 et
2892 4125 3040 4197 quod
3103 4125 3356 4178 immuta-

1773 4228 1893 4282 bilis
1922 4226 2136 4282 mansit.

1843 4319 2002 4376 Statu
2029 4317 2346 4372 divinitatis.
2388 4313 2449 4370 Si
2478 4329 2601 4369 cutn
2631 4313 2686 4367 in
2718 4311 2924 4382 angelis
2966 4307 3357 4366 substantiales

1769 4413 1992 4469 habitus
2017 4411 2292 4474 audimus,
2312 4425 2423 4463 non
2453 4406 2747 4478 qualitates
2769 4404 3112 4458 extrinsecus
3147 4417 3244 4471 per
3263 4417 3356 4458 ac-

1771 4505 1961 4563 cidens
2017 4503 2371 4559 advenientes
2438 4497 2836 4568 intelligimus,
2897 4491 3354 4565 quemadmodum

111 4607 274 4662 ρηται,
305 4596 396 4648 καὶ
440 4595 499 4647 ὲν
528 4593 604 4665 τῷ
657 4595 798 4663 Περὶ
858 4595 970 4665 τῆς
1028 4598 1312 4666 οὐρανίας
1369 4599 1670 4669 ἱεραρχίας

1788 4599 1936 4666 paulo
1982 4603 2109 4650 ante
2150 4594 2355 4649 dictum
2417 4599 2522 4658 est,
2557 4599 2610 4645 et
2640 4591 2696 4643 in
2733 4589 2876 4643 lihro
2909 4585 3208 4640 De‘caelesti
3246 4583 3356 4637 hie-

110 4679 237 4755 λόγῳ
280 4685 555 4756 κεφαλαίῳ
595 4684 805 4756 ἑϐδόμῳ
855 4684 1292 4758 διεσαφήσαμενο
1323 4686 1504 4758 πολλῷ
1541 4687 1677 4758 μᾶλ-

109 4773 190 4829 λον
227 4779 314 4832 ἐπὶ
351 4779 447 4833 τοῦ
481 4780 575 4833 καὶ
603 4780 743 4851 ὑπὲρ
769 4779 959 4833 οὐσίαν
988 4781 1193 4852 κυρίως
1231 4780 1383 4844 ὄντος
1411 4780 1545 4834 Θεοῦ
1573 4781 1675 4852 τὴν

108 4863 210 4930 ἕξιν
252 4871 312 4924 οὐ
350 4871 612 4943 ποιότητα
650 4869 933 4942 δεξόμεθα,
963 4870 1061 4943 τὴν
1107 4873 1200 4925 ἐπὶ
1243 4864 1357 4936 τοῖς
1400 4871 1675 4937 συνθέτοις

112 4959 511 5030 συμϐαίνουσαν,
542 4962 656 5015 ἀλλ’
680 4961 792 5027 ἕξιν
823 4961 1112 5026 οὐσιώδους
1138 4962 1408 5033 θεότητος,
1443 4963 1542 5034 τὴν
1573 4981 1675 5032 φυ-

112 5052 262 5116 σικῶς
287 5054 512 5125 ἔχουσαν
541 5053 602 5118 ἐξ
629 5055 798 5124 αὐτῆς
836 5054 905 5107 τὰ
945 5055 1044 5126 τῆς
1074 5054 1407 5126 ἁγαθότητος
1435 5055 1668 5110 ἅπαντα.

109 5139 246 5207 Τὲως
286 5144 340 5198 δὲ
384 5146 662 5218 σημαίνει,
692 5147 774 5200 ὅτι
823 5147 916 5200 καὶ
959 5148 992 5218 ἡ
1039 5146 1229 5219 θεότης
1256 5147 1355 5202 οὐκ
1382 5147 1672 5202 αὐτοουσία

111 5231 219 5286 ἐστὶ
243 5236 332 5289 τοῦ
357 5237 514 5304 Θεοῦ,
545 5237 682 5291 ἀλλὰ
707 5239 807 5310 τῆς
834 5238 1023 5303 οὐσίας
1047 5237 1192 5304 δόξα.

181 5322 337 5394 5X1].
380 5331 843 5399 Θυσιαστηρίου.
890 5333 1010 5385 Ὅτι
1054 5333 1149 5386 καλ⁸
1190 5333 1252 5386 τὸ
1287 5332 1670 5406 θυσιαστήριον

123 5414 263 5487 μύρῳ
287 5419 602 5484 τελειοῦται,
624 5423 718 5476 καὶ
744 5419 832 5476 διὰ
855 5423 933 5486 τί,
959 5454 979 5482 ν

185 5580 212 5611 '
241 5574 362 5648 Cap.
399 5596 462 5644 ιι,
496 5598 550 5637 v.
585 5582 671 5637 ll.

1776 4690 1989 4745 rarchia
2034 4679 2213 4758 capite
2263 4685 2498 4757 septimo
2541 4682 2896 4754 exposuimus
2932 4700 2944 4734 :
2977 4679 3150 4732 multo
3177 4678 3354 4747 magis

1777 4783 1832 4837 in
1867 4782 1998 4846 Deo,
2029 4781 2122 4850 qui
2149 4779 2313 4835 etiam
2343 4777 2565 4848 proprie
2595 4774 2891 4831 essentiam
2929 4771 3166 4834 excedit,
3197 4769 3356 4824 habi-

1775 4881 1889 4928 tum
1921 4888 2030 4928 non
2060 4871 2380 4943 qualitatem
2411 4868 2743 4938 accipiemus
2780 4863 3104 4934 compositis
3151 4877 3354 4916 conve-

1773 4966 2047 5030 nientem;
2091 4964 2187 5020 sed
2236 4963 2484 5018 habitum
2540 4957 2854 5015 essentialis
2899 4955 3225 5018 divinitatis,
3257 4953 3351 5024 qui

1774 5059 2098 5115 naturaliter
2143 5073 2211 5113 ex
2253 5057 2373 5127 ipsa
2411 5054 2609 5109 habeat
2638 5066 2761 5123 quae
2789 5059 2917 5106 sunt
2943 5047 3205 5104 bonitatis
3233 5061 3352 5100 om-

1772 5152 1883 5206 nia.
1911 5148 2134 5204 Interim
2163 5163 2294 5204 vero
2324 5154 2474 5211 nota,
2505 5145 2669 5201 etiam
2701 5134 3066 5208 divinitatem,
3089 5155 3199 5194 non
3227 5151 3351 5210 esse

1773 5242 2068 5298 essentiam
2103 5242 2277 5312 ipsam
2307 5239 2423 5302 Dei,
2459 5238 2554 5294 sed
2583 5237 2840 5294 essentia:
2863 5235 3195 5307 opinionem.

1845 5334 1874 5405 §
1901 5332 2014 5387 Xll.
2057 5333 2280 5388 Altaris.
2321 5330 2478 5398 Quod
2505 5329 2668 5386 etiam
2701 5329 2873 5385 altare
2901 5328 3180 5398 unguento
3207 5333 3346 5376 con-

1773 5433 2042 5491 secretur,
2075 5432 2129 5481 et
2157 5424 2534 5496 quamobrem.
2608 5438 2612 5442 '

997 5740 1226 5797 VARIIE
1259 5740 1642 5800 LECTIONES
1671 5740 1769 5806 ,ΕΤ
1802 5738 2355 5802 CORRECTIONES-
2425 5759 2432 5766 '

215 5894 252 5928 ”
277 5916 357 5972 γρ.
398 5903 810 5974 καταδυόμενον.
