3860 6558
521 421 621 477 159

582 533 773 614 {litare
810 529 992 584 Iesus.
1033 524 1190 593 Quod
1236 522 1398 578 Jesus
1447 527 1533 576 est
1583 519 1753 573 altare
1805 534 1820 571 :

520 610 948 698 magnitudinem
975 627 1029 675 et
1060 615 1404 673 altitudinem
1427 611 1699 684 ejusmodi
1727 607 1938 671 altaris,
1960 603 2106 676 quod

517 721 735 791 quidem
764 714 1022 772 Christus
1047 719 1150 767 cst.

589 810 812 880 Mystice
861 806 1076 862 omnino
1119 799 1464 858 concremati.
1505 797 1757 853 lnnuitur
1785 791 1913 854 ﬁnis
1945 790 2108 862 quin-

517 901 818 976 quagesimi
855 897 1074 970 psalmi.
1685 891 1707 907 ’“

593 993 855 1064 Unguenti
899 991 1229 1062 mysterium.
1273 986 1430 1054 Quod
1473 981 1738 1057 unguenti
1790 993 2108 1037 sacramen-

516 1093 632 1139 tum
666 1094 921 1140 vocatum
954 1090 1039 1140 est
1061 1127 1075 1149 ,
1104 1093 1158 1137 et
1193 1081 1572 1152 quamobrem.

587 1179 854 1232 Divinitus
878 1185 1089 1231 cuncta.
1131 1174 1289 1241 Quod
1312 1173 1388 1226 ait
1412 1179 1496 1226 est
1518 1165 1820 1240 ejusmodi:
1838 1162 2106 1231 Quoniam

516 1273 696 1328 omnis
734 1271 920 1326 divina
949 1267 1221 1340 apparitio
1269 1273 1324 1320 et
1371 1261 1619 1333 operatio
1650 1257 1823 1328 signis
1862 1253 2108 1311 ostendi-

516 1374 628 1431 tur,
661 1379 898 1435 sequcns
926 1369 1123 1417 cantus
1156 1358 1546 1430 prophetarum
1593 1351 1814 1408 alleluia
1863 1348 2104 1421 signum,

516 1457 807 1514 considera
837 1453 970 1526 quid
998 1453 1258 1508 declaret.

588 1552 757 1606 Aiunt
784 1549 841 1605 Ιιὶ
867 1549 958 1620 qui
989 1546 1269 1602 Hebraice.
1310 1540 1452 1598 Nota
1486 1539 1603 1594 haec
1632 1542 1827 1594 contra
1859 1533 2110 1605 Acepha-

516 1646 621 1700 los.
2075 1701 2078 1704 ξ

589 1737 688 1792 Dei
735 1732 1110 1812 apparitionis.
1149 1728 1285 1796 Quis
1343 1727 1589 1799 psalmus
1609 1723 1836 1788 dicitur,
1880 1727 1936 1777 et
1985 1733 2110 1792 per-

518 1831 770 1902 spicuum
800 1828 947 1901 quod
981 1841 1124 1883 unus
1157 1823 1552 1893 inscriptorum
1586 1820 1842 1877 Alleluia.

1116 1939 1186 1994 1N
1233 1937 1391 1995 CAP.
1426 1935 1495 1992 V.

596 2037 691 2110 §l.
733 2037 1174 2093 Distributiones.
1211 2033 1542 2088 Sortitiones
1589 2029 1694 2085 has
1740 2033 1921 2092 vocat,
1978 2024 2106 2096 quia

515 2131 901 2201 unusquisque
945 2128 1083 2184 ordo
1136 2123 1551 2210 ecclesiasticus
1596 2119 1894 2192 separatim
1945 2117 2108 2171 habet

515 2222 892 2278 ecclesiastica
923 2221 1033 2293 77
1056 2217 1386 2282 ministeria,
1418 2221 1479 2271 ut
1510 2213 1614 2272 sibi
1641 2222 1790 2268 sorte
1817 2211 2103 2274 attributa,

514 2331 638 2386 qua:
665 2314 946 2387 praeterire
972 2313 1193 2385 nequit;
1224 2307 1578 2366 manifestum
1601 2313 1688 2363 est
1713 2305 1858 2362 enim
1886 2301 2106 2359 diaconi

514 2408 775 2473 cilicium,
813 2413 868 2464 et
913 2407 1146 2462 aliorum
1190 2403 1467 2460 similiter.
1517 2398 1765 2464 Virtutes
1812 2405 1993 2451 autem
2053 2405 2109 2452 et

515 2501 825 2557 activitates
856 2500 912 2554 in
939 2499 1050 2564 his,
1085 2499 1214 2554 licet
1245 2495 1467 2569 quidem
1512 2495 1568 2550 in
1607 2509 1718 2572 uno
1764 2505 1931 2572 sensu
1962 2488 2109 2544 acci-

517 2607 666 2664 pere,
698 2607 823 2646 cum
863 2590 1004 2646 idem
1037 2589 1319 2646 declarent
1353 2607 1367 2644 :
1396 2588 1508 2642 vim
1557 2584 1704 2664 enim
1755 2580 2025 2656 purgandi
2054 2587 2110 2636 et

515 2657 862 2740 illuminandi
891 2681 1143 2738 docendo
1173 2682 1374 2736 habere
1399 2657 1662 2734 dicuntur
1688 2676 1726 2730 ii
1757 2676 1849 2747 qui
1883 2675 1998 2729 haec
2021 2672 2106 2729 ef-

517 2778 679 2834 ficere
725 2777 1169 2846 permittuntur:
1209 2775 1338 2830 licet
1388 2781 1569 2828 autem
1616 2751 1786 2848 etiam
1818 2764 1976 2823 aliter
1995 2762 2110 2818 dis-

521 2869 801 2938 tinguere,
845 2877 905 2923 ut
930 2867 1161 2922 virtutes
1193 2866 1417 2937 quidem
1460 2847 2108 2940 accipiamusspiritalia

515 2961 660 3016 dona
707 2968 761 3016 et
812 2959 1044 3028 merita;
1079 2959 1391 3014 activitates
1422 2935 1946 3030 vero,7minlisteria;
1984 2966 2110 3023 per-

515 3049 782 3107 fectiones
804 3052 974 3115 cnim,
1005 3048 1319 3122 manifeste,
1354 3049 1497 3122 sicut
1527 3041 1583 3102 in
1616 3042 2109 3122 constitutionibus

516 3161 613 3200 seu
641 3143 1081 3198 ordinationibus
1113 3118 1468 3212 accipiemus.
1807 3119 1812 3130 ’

1333 404 1677 463 APPENDIX
1710 401 1803 458 AD
1834 399 2064 458 OPERA
2094 398 2154 456 S.
2186 390 2489 452 DlONYSll
2526 389 3016 447 AREOPAGITIE.

1871 521 1926 570 et
1978 520 2106 568 nota
2139 521 2182 574 Α
2283 504 2727 574 Θυσιαστήριον
2765 505 3025 573 Ἰησοῦς.
3071 502 3193 568 Ὀτι
3237 496 3445 569 Ἰησοῦς
3475 495 3595 547 ἐστι
3624 507 3692 548 το
3723 492 3805 545 θυι

3711 376 3806 432 160

2209 601 2554 671 σιαστήριον·
2586 599 2679 652 καὶ
2708 596 3013 668 σημείωσαι
3059 592 3121 647 τὸ
3161 589 3390 666 μέγεθος
3434 583 3533 670 καὶ
3581 585 3646 638 τὸ
3675 582 3805 654 ὕψος

2205 693 2301 748 τοῦ
2328 690 2572 746 τοιούτου
2607 689 3025 760 θυσιαστηρίου,
3057 686 3194 754 ὅπερ
3224 683 3371 734 ἐστὶν
3400 683 3429 734 ὁ
3450 676 3718 752 Χριστός.

2275 781 2592 848 Μυστικῶς
2619 781 3146 850 ὀλοκαυτούμενοι.
3186 775 3262 829 Τὸ
3307 773 3461 835 τέλος
3503 770 3804 824 αἰνίττεται

2198 877 2299 950 ’τοῦ
2329 870 2694 947 πεντηκοποῦ
2727 870 2967 946 ψαλμοῦ.

2275 971 2482 1038 Μύρου
2508 964 2782 1034 τελετήν.
2827 967 2952 1019 Ὀτι
3003 963 3177 1037 μύρου
3222 958 3413 1032 τελετὴ
3442 957 3682 1029 ἐκλήθη.
3717 954 3804 1009 καὶ

2206 1063 2296 1120 διὰ
2321 1063 2395 1117 τί.

2279 1152 2642 1234 Θεουργικῶς
2670 1151 2925 1208 ἅπαντα.
2969 1150 3038 1202 '0
3084 1165 3218 1219 φησι
3259 1144 3420 1200 τοῦτὸ
3478 1143 3634 1196 ἐστι’
3699 1141 3805 1194 Πά-

2210 1267 2311 1321 σης
2354 1249 2504 1312 θείας
2548 1246 2870 1316 θεοφανείας
2885 1245 2928 1276 ³¹
2959 1243 3054 1297 καὶ
3084 1241 3351 1314 ἐργασίας
3385 1237 3475 1292 διὰ
3519 1234 3803 1308 συμϐόλων

2206 1337 2584 1413 δεικνυμένης,
2616 1336 2910 1393 ἀκόλουθον
2954 1334 3049 1389 τοῦ
3085 1332 3379 1404 ἁλληλούῖα
3408 1330 3506 1384 τοῦ
3532 1329 3644 1382 τῶν
3676 1344 3805 1400 προο

2208 1435 2394 1508 φητῶν
2424 1433 2616 1505 μέλους
2642 1431 2704 1485 τὸ
2737 1428 3026 1500 σύμϐολον,
3060 1423 3336 1497 θεωρῆσαι
3353 1422 3415 1476 ντί
3443 1421 3616 1493 δηλοῖ.

2283 1525 2477 1583 Φασὶν
2505 1527 2561 1580 ol
2583 1523 2657 1579 τὰ
2696 1520 3002 1600 Ἐϐραίων.
3045 1517 3362 1589 Σημείωσαι
3390 1513 3537 1570 κατὰ
3569 1507 3795 1580 Ἀκεφά-

2208 1621 2339 1677 λων.

2283 1710 2664 1782 Θεοφανειας.
2703 1708 2864 1771 Ποῖος
2895 1705 3113 1775 λέγεται
3145 1702 3380 1775 ψαλμὺς,
3403 1701 3498 1757 καὶ
3535 1698 3702 1772 δῆλον
3729 1698 3805 1751 ὅτι

2211 1800 2291 1870 εἷς
2315 1803 2424 1881 τῶν
2445 1799 2939 1880 ξπιγεγραμμένων
2965 1795 3349 1877 Ἀλληλούϊῳ

2703 1915 2813 1970 ΕΙΣ
2849 1913 2937 1976 ΤΟ
2975 1911 3226 1968 ΚΕΦΑΛ.
3263 1911 3339 1964 E'.

2283 2010 2385 2084 ξι.
2440 2006 2938 2077 Ἀποκληρώσεις.
2993 2000 3432 2074 Ἀποκληρώσεις
3474 1997 3689 2064 ταύτας
3716 2013 3807 2051 κα-

2207 2104 2290 2158 λεῖ
2332 2102 2422 2156 διὰ
2466 2101 2528 2155 τὸ
2585 2101 2824 2172 ἑκάστην
2870 2098 3025 2166 τάξιν
3072 2095 3352 2168 ἱερατικὴν
3401 2091 3806 2165 ἀφωρισμένως

2208 2195 2353 2267 ἔχειν
2404 2193 2680 2267 ἱερατείας
2732 2191 3059 2264 ὑπηρεσίας,
3108 2185 3221 2243 οἷον
3265 2184 3808 2257 ἀποκεκληρωμένας

2207 2289 2367 2360 αὐτῇ,
2397 2287 2466 2352 ἃς
2506 2285 2818 2359 ὑπερϐῆναι
2857 2286 2920 2340 οὐ
2962 2283 3214 2338 δύναται⁹
3248 2281 3404 2360 δῆλον
3433 2280 3544 2352 γάρ
3589 2281 3713 2332 ἐστι
3753 2277 3808 2331 τὸ

2210 2382 2371 2454 ἔργον
2407 2379 2502 2434 τοῦ
2541 2378 2817 2441 διακόνου,
2841 2375 2938 2431 καὶ
2965 2375 3073 2428 τῶν
3094 2374 3268 2429 ἄλλων
3294 2372 3518 2446 ὁμοίως.
3539 2371 3810 2442 Δυνάμεις

2208 2476 2266 2528 δὲ
2291 2474 2386 2529 καὶ
2414 2471 2694 2545 ἐνεργείας
2721 2472 2779 2523 ὲν
2807 2469 3037 2533 τούτοις,
3073 2467 3188 2520 ἔστι
3222 2467 3320 2538 μὲν
3357 2465 3545 2518 λαϐεῖν
3579 2466 3668 2534 ἐφ’
3697 2462 3808 2526 ἐνὸς

2208 2569 2498 2639 νοήματος,
2532 2563 2594 2619 τὸ
2639 2563 2773 2619 αὐτὸ
2813 2559 3143 2634 δηλούντων·
3177 2560 3277 2630 τὴν
3324 2557 3436 2630 γὰρ
3471 2556 3570 2610 τοῦ
3617 2556 3808 2610 καθαί-

2213 2676 2326 2732 ρειν
2353 2659 2448 2714 καὶ
2476 2656 2735 2728 φωτίζειν
2765 2652 3162 2716 διδασκαλικῶς
3192 2651 3422 2722 δύναμιν
3452 2649 3600 2721 ἔχειν
3632 2648 3808 2717 λέγον-

2208 2772 2299 2808 ται
2330 2755 2381 2807 οἱ
2409 2752 2582 2806 ταῦτα
2613 2751 2854 2822 ἐνεργεῖν
2881 2747 3165 2818 ἀφιέμενοι
3186 2761 3200 2775 ο
3234 2743 3350 2796 ἔστι
3377 2742 3436 2796 δὲ
3473 2742 3572 2795 καὶ
3607 2741 3809 2811 ἑτέρως

2207 2843 2628 2909 διαστείλασθαι,
2658 2844 2735 2905 ῶς
2762 2839 3023 2912 δυνάμεις
3055 2837 3153 2910 μὲν
3188 2835 3373 2889 λαϐεῖν
3417 2833 3520 2898 τὰς
3567 2849 3807 2903 πνευμα-

2207 2924 2369 3002 τικάς
2406 2935 2617 3009 δωρεὰς
2663 2935 2760 2987 καὶ
2803 2931 2991 3000 ἀξίας’
3024 2928 3307 3000 ἐνεργείας
3334 2927 3392 2981 δὲ
3429 2926 3534 2990 τὰς
3568 2925 3810 2995 λειτουρ-

2208 3031 2331 3100 γίας
2349 3047 2363 3062 ⁸
2395 3025 2495 3094 τὰς
2525 3026 2635 3100 γὰρ
2663 3024 2993 3091 τελειώσεις,
3024 3021 3310 3095 πρόδηλον,
3342 3019 3420 3084 ὡς
3449 3019 3546 3072 ἐπὶ
3573 3018 3688 3073 τῶν
3715 3035 3808 3070 κα-

2208 3121 2542 3187 ταστάσεων,
2574 3119 2742 3190 ἤγουν
2771 3115 3118 3189 χειροτονιῶν
3149 3113 3524 3185 ὲκληψόμεθα.

592 3237 666 3289 Ac
699 3237 962 3305 triplicem
1006 3204 1527 3307 quoque.-Deinceps
1556 3232 1817 3303 explicat,
1862 3243 1985 3301 quae
2030 3226 2103 3283 sit

2277 3213 2388 3266 Καὶ
2421 3211 2537 3280 τὴν
2562 3209 2699 3280 μέν.
2744 3208 2905 3280 Ἑξῆς
2938 3207 3246 3278 σαφηνίζει,
3275 3206 3364 3269 τίς
3394 3222 3458 3259 τε
3485 3207 3520 3277 ἡ
3556 3204 3809 3277 τριαδικὴ

518 3328 720 3400 triplex
755 3329 976 3392 divisio,
1011 3335 1064 3384 et
1095 3329 1219 3399 quis
1253 3329 1325 3383 sit
1355 3327 1535 3384 ternio
1566 3325 1915 3402 superiorum
1960 3320 2108 3378 ordi-

519 3439 676 3488 num,
702 3422 769 3479 de
791 3423 994 3495 quibus
1018 3423 1180 3478 etiam
1211 3423 1374 3494 paulo
1400 3429 1530 3477 ante
1558 3419 1815 3492 exposuit
1842 3418 1901 3472 in
1928 3415 2109 3486 primo

518 3517 698 3586 capite
736 3516 862 3572 libri
901 3515 1067 3584 hujus
1100 3533 1113 3569 :
1147 3521 1201 3570 et
1244 3523 1395 3580 nota,
1439 3513 1588 3588 quod
1630 3513 1687 3578 in
1729 3509 2108 3588 ecclesiastica

520 3583 831 3664 hierarchia
859 3583 1057 3678 triplex
1086 3606 1284 3663 divisio
1309 3615 1415 3672 est,
1448 3583 1504 3663 et
1532 3583 1757 3684 qualis;

855 3786 1024 3842 Sacra
1047 3794 1236 3844 nostra
1265 3786 1487 3841 traditio
1519 3783 1783 3840 dividitur

523 3877 593 3933 In
617 3880 928 3949 mysterium
955 3895 972 3934 .'
1230 3879 1300 3933 In
1345 3879 1573 3933 initian-

521 3972 620 4028 ltac
685 3974 827 4027 enim
889 3981 969 4028 est
1232 3981 1355 4028 tem.

519 4075 933 4122 sacramentum.

589 4156 710 4230 §ll.
746 4158 1102 4213 Sanctissima
1139 4149 1370 4231 quidem.
1402 4155 1663 4224 Quaenam
1699 4156 1758 4211 in
1805 4153 1964 4211 cmlis
1989 4153 2108 4210 hie-

520 4251 762 4315 rarchia,
792 4259 846 4307 et
878 4252 1027 4323 quod
1067 4259 1478 4308 sacramentum
1508 4249 1753 4305 cmlestis
1781 4247 2109 4303 hierarchiaa

522 4345 616 4408 sit,
656 4342 747 4400 Dei
777 4360 876 4415 pro
904 4345 1115 4400 viribus
1152 4344 1396 4417 cognitio
1419 4350 1474 4399 et
1502 4342 1746 4396 habitus.
1793 4338 2107 4396 lnitiatores

521 4446 701 4492 autem
734 4438 922 4508 hujus,
951 4438 1177 4494 ordines
1205 4437 1367 4508 primi
1391 4436 1486 4506 qui
1521 4433 1634 4489 Deo
1671 4434 1980 4499 assistunt;
2011 4433 2105 4501 qui

522 4528 884 4599 perﬁciuntur
925 4537 1132 4597 autem,
1165 4529 1204 4583 ii
1251 4529 1347 4600 qui
1377 4537 1685 4598 sequuntur
1717 4526 1787 4580 ab
1818 4524 1954 4595 ipsis
1997 4524 2106 4578 ini-

521 4622 641 4677 tiati
677 4630 731 4678 et
767 4622 915 4678 docti
945 4621 1193 4678 ordines.

592 4715 893 4772 Secundum
921 4716 1096 4772 illam.
1114 4715 1249 4783 Quae
1276 4713 1348 4772 sit
1376 4712 1682 4796 secundum
1710 4711 1850 4778 duos
1875 4711 2109 4784 populos

520 4809 856 4865 hierarchia.

591 4903 858 4975 Legalem.
885 4904 962 4960 De
995 4902 1307 4960 hierarchia
1335 4917 1458 4974 quae
1485 4901 1543 4957 in
1571 4901 1690 4972 lege
1718 4909 1859 4957 erat.

1823 3872 1892 3929 In
1915 3872 2107 3927 initia-

1819 3974 1916 4026 808.

598 5084 711 5142 Nec
730 5087 808 5140 ita
834 5084 1049 5154 facilem
1071 5080 1392 5148 diiudicata.
1416 5079 1578 5147 Nota,
1603 5094 1729 5137 eum
1754 5093 1866 5134 non
1889 5075 2105 5132 facilem

524 5181 832 5246 intellectu,
864 5192 1042 5247 neque
1090 5175 1305 5232 facilem
1349 5175 1614 5232 distinctu
1658 5173 1914 5245 legalium
1958 5169 2110 5226 ordi-

526 5291 660 5332 num
695 5271 1216 5341 contemplationem
1246 5280 1299 5327 et
1329 5270 1646 5341 allegoriam
1686 5268 1894 5344 dicere.

606 5368 783 5437 Hujus
822 5374 998 5419 autem
1047 5365 1255 5437 legalis.
1301 5363 1433 5432 Quae
1470 5361 1737 5436 perfectio
1780 5376 1880 5417 seu
1918 5373 2112 5430 sacram

528 5469 776 5518 mentum
809 5458 864 5512 in
886 5459 1026 5530 lege.

607 5551 893 5607 lnitiatore
921 5569 984 5606 ac
1013 5553 1163 5610 duce.
1196 5552 1380 5626 Moyse
1405 5551 1681 5609 videlicet.

2210 3305 2490 3377 διαίρεσις,
2513 3303 2609 3356 καὶ
2629 3301 2713 3366 τίς
2735 3303 2768 3374 ἠ
2791 3300 2950 3374 τριὰς
2969 3300 3078 3354 τῶν
3100 3296 3555 3370 ὑπερϐεϐηκυιῶν
3578 3297 3809 3364 τάξεων,

2211 3396 2340 3470 περὶ
2367 3387 2443 3451 ὧν
2471 3391 2567 3450 καὶ
2597 3393 2920 3466 προεξέθετο
2957 3394 3015 3446 ὲν
3045 3390 3124 3463 τῷ
3152 3389 3356 3462 πρώτῳ
3397 3389 3688 3460 κεφαλαίῳ
3717 3387 3810 3442 τοῦ

2210 3489 2478 3561 παρόντος
2502 3488 2686 3557 λόγου.
2717 3487 2830 3542 Καὶ
2869 3483 3175 3556 σημείωσαι
3197 3481 3291 3535 ’ὅτι
3334 3482 3428 3536 ἐπὶ
3469 3482 3578 3552 τῆς
3605 3482 3810 3550 ἐκκλη-

2212 3582 2498 3654 σιαπικῆς
2553 3579 2837 3654 ἱεραρχίας
2884 3576 3136 3650 τριαδικὴ
3184 3573 3449 3646 διαίρεσίς
3501 3576 3660 3642 ἐστι,
3720 3573 3812 3628 καὶ

2209 3675 2388 3731 ὁποία.
2809 3667 2816 3710 ἓ

2401 3768 2467 3823 Ἦ
2489 3767 2609 3823 καθ’
2647 3768 2796 3839 ἡμᾶς
2837 3763 2961 3837 ἱερὰ
2995 3765 3297 3838 παράδοσις
3321 3764 3618 3836 διαιρεῖται

2207 3865 2296 3930 είς
2320 3847 2663 3932 μυστήριον
2682 3875 2697 3890 ·
2733 3848 2910 3913 ’τοῦτο
3041 3860 3130 3924 εὶς
3154 3859 3273 3929 μύ-
3417 3859 3508 3922 εὶς
3535 3852 3808 3926 μυουμέι

2208 3957 2320 4027 γὰρ
2351 3956 2391 4025 ἠ
2424 3952 2635 4022 τελετή
2661 3970 2677 3986 ο
3049 3967 3231 4022 amr,
3419 3967 3598 4016 ⁴γους.

2215 4155 2218 4160 ’
2279 4153 2393 4226 §lI.
2429 4153 2502 4208 Ἦ
2507 4151 2626 4222 μὲν
2638 4149 2953 4223 ἁγιωτάτῃ.
2975 4147 3076 4212 Τίς
3104 4149 3138 4219 ή
3157 4148 3214 4200 ὲν
3237 4146 3492 4217 οὐρανοῖς
3517 4141 3778 4216 ίεραρχία
3794 4158 3809 4174 ο

2208 4248 2304 4302 καὶ
2342 4247 2425 4300 ὃτι
2462 4246 2650 4317 τελετή
2693 4246 2811 4298 ἐστι
2851 4244 2952 4315 τῆς
2989 4240 3246 4312 οὐρανίας
3277 4237 3586 4310 ἱεραρχίας,
3632 4238 3668 4307 ἡ
3715 4234 3808 4288 τοῦ

2207 4338 2343 4392 Θεοῦ
2372 4337 2516 4392 κατὰ
2542 4337 2770 4408 δύναμιν
2799 4335 3002 4404 γνῶσις
3026 4333 3121 4386 καὶ
3147 4330 3281 4396 ἕξις.
3315 4329 3539 4384 Μῦσται
3566 4328 3624 4382 δὲ
3671 4325 3809 4380 ταύ-

2207 4451 2307 4505 της
2339 4433 2396 4485 αἱ
2439 4431 2568 4503 περὶ
2602 4430 2735 4484 Θεὸν
2760 4428 2995 4501 ,πρῶται
3033 4424 3218 4491 τάξεις
3241 4441 3254 4454 ·
3291 4421 3618 4493 τελούμεναι
3662 4421 3725 4474 δὲ
3757 4420 3808 4472 αἱ

2215 4527 2332 4598 μετ’
2360 4523 2530 4589 αὐτὰς
2568 4525 2698 4596 παρ’
2733 4521 2913 4577 αὐτῶν
2945 4517 3251 4593 μυούμεναι
3290 4517 3386 4571 καὶ
3415 4514 3812 4586 διδασκόμεναι

2211 4617 2412 4684 τάξεις.

2279 4712 2419 4766 Μετ’
2449 4709 2711 4780 ἐκείνην.
2746 4709 2845 4775 Τίς
2875 4709 2910 4783 ἠ
2939 4705 3086 4762 κατὰ
3124 4705 3253 4773 τοὺς
3295 4702 3392 4759 δύο
3419 4700 3589 4765 λαοὺς
3621 4699 3814 4772 ἱεραρ-

2249 4803 2320 4858 ία.

2249 4822 2320 4858 ια.

2210 4822 2244 4876 χ
2288 4896 2407 4966 Τὴν
2449 4897 2600 4982 κατά
2647 4897 2854 4967 νόμον.
2895 4894 3034 4966 Περὶ
3073 4893 3176 4964 τῆς
3216 4887 3362 4946 κατὰ
3405 4885 3575 4961 νόμον
3618 4885 3814 4957 ἱεραρ-

2213 4988 2359 5061 χίας.

2289 5082 2409 5135 Οὐκ
2452 5079 2844 5150 εὐδιάκριτον.
2891 5077 3228 5149 Σημείωσαι,
3274 5075 3356 5128 ὅτι
3397 5072 3501 5152 οὐκ
3537 5071 3815 5143 εὔληπτον

2212 5171 2362 5241 λέγει
2403 5174 2498 5227 καὶ
2544 5171 2881 5243 εὐδιάκριτον
2923 5169 3022 5240 τὴν
3069 5167 3176 5221 τῶν
3221 5165 3466 5238 νομικῶν
3505 5163 3814 5230 διατάξεων

2213 5264 2446 5338 θεωρίαν
2472 5265 2567 5319 καὶ
2595 5263 2950 5336 ἀλληγορίαν.
3293 5257 3304 5262 ’

2289 5358 2478 5428 Ταύτῃ
2499 5357 2568 5412 δὲ
2597 5357 2672 5427 τῇ
2705 5356 2854 5410 κατὰ
2884 5355 3092 5426 νόμον.
3117 5353 3215 5418 Τίς
3248 5353 3282 5425 ή
3311 5352 3508 5425 τελετὴ
3535 5351 3578 5383 ³¹
3600 5346 3722 5403 τῶν
3755 5347 3784 5400 ὲ

2213 5451 2272 5506 νό
2279 5469 2383 5506 μω.

2335 5470 2383 5505 ι).

2279 5469 2534 5598 ιὶῗῖἒύστόυ
2566 5543 2662 5596 καὶ
2692 5544 2730 5610 ἡ
2741 5541 3004 5613 γεμόνος.
3032 5539 3279 5606 Μωσέως
3305 5539 3535 5612 δηλαδή.

1419 5730 1654 5814 VARUE
1693 5725 2083 5785 LECTIONES
2114 5723 2203 5780 ET
2237 5718 2789 5785 CORRECTIONES.

598 5889 637 5924 ³¹
677 5888 1016 5959 ἐπιφανείας.
1088 5888 1131 5922 ³¹
1161 5888 1194 5960 ἢ
1225 5885 1366 5943 κατὰ
1393 5885 1557 5957 νόμον
1575 5882 1791 5954 τελετή.
