  <div class='ocr_page' id='page_1' title='image "/cluster/home/n/w/nwhite01/storage/ocr_20150623/4/hvd.32044014713200/088.png"; bbox 0 0 3874 6532; ppageno 0'>
   <div class='ocr_carea' id='block_1_1' title="bbox 107 378 2658 455">
    <p class='ocr_par' dir='ltr' id='par_1_1' title="bbox 107 378 2658 455">
     <span class='ocr_line' id='line_1_1' title="bbox 107 378 2658 455; baseline -0.005 0"><span class='ocrx_word' id='word_1_1' title='bbox 107 400 187 455; x_wconf 77' lang='lat' dir='ltr'><strong>itii</strong></span> <span class='ocrx_word' id='word_1_2' title='bbox 863 387 921 445; x_wconf 89' lang='lat' dir='ltr'><strong>S.</strong></span> <span class='ocrx_word' id='word_1_3' title='bbox 954 386 1202 445; x_wconf 76' lang='lat' dir='ltr'><strong>MAXIM]</strong></span> <span class='ocrx_word' id='word_1_4' title='bbox 1232 378 1526 444; x_wconf 74' lang='lat' dir='ltr'><strong>SCHOLIA</strong></span> <span class='ocrx_word' id='word_1_5' title='bbox 1563 382 1631 440; x_wconf 87' lang='lat' dir='ltr'><strong>IN</strong></span> <span class='ocrx_word' id='word_1_6' title='bbox 1670 383 1799 442; x_wconf 86' lang='lat' dir='ltr'><strong>LIB.</strong></span> <span class='ocrx_word' id='word_1_7' title='bbox 1833 380 1925 441; x_wconf 83' lang='lat' dir='ltr'><strong>DE</strong></span> <span class='ocrx_word' id='word_1_8' title='bbox 1955 383 2239 441; x_wconf 83' lang='lat' dir='ltr'><strong>ECCLES.</strong></span> <span class='ocrx_word' id='word_1_9' title='bbox 2280 384 2658 442; x_wconf 78' lang='lat' dir='ltr'><strong>HlERARCH.</strong></span> 
     </span>
    </p>
   </div>
   <div class='ocr_carea' id='block_1_2' title="bbox 3267 385 3375 444">
    <p class='ocr_par' dir='ltr' id='par_1_2' title="bbox 3267 385 3375 444">
     <span class='ocr_line' id='line_1_2' title="bbox 3267 385 3375 444; baseline -0.019 0"><span class='ocrx_word' id='word_1_10' title='bbox 3267 385 3375 444; x_wconf 69' lang='lat'><strong>162</strong></span> 
     </span>
    </p>
   </div>
   <div class='ocr_carea' id='block_1_3' title="bbox 173 495 1679 580">
    <p class='ocr_par' dir='ltr' id='par_1_3' title="bbox 173 495 1679 580">
     <span class='ocr_line' id='line_1_3' title="bbox 173 495 1679 580; baseline -0.01 -14"><span class='ocrx_word' id='word_1_11' title='bbox 173 495 582 580; x_wconf 62' lang='grc' dir='ltr'>ἰερογφαςρῶν</span> <span class='ocrx_word' id='word_1_12' title='bbox 630 499 766 569; x_wconf 80' lang='grc' dir='ltr'>τήν.</span> <span class='ocrx_word' id='word_1_13' title='bbox 819 501 976 557; x_wconf 78' lang='grc' dir='ltr'><strong>Κατὰ</strong></span> <span class='ocrx_word' id='word_1_14' title='bbox 1021 504 1085 556; x_wconf 82' lang='grc' dir='ltr'><strong>τὸ</strong></span> <span class='ocrx_word' id='word_1_15' title='bbox 1135 498 1429 574; x_wconf 77' lang='grc' dir='ltr'>εἰρημένον</span> <span class='ocrx_word' id='word_1_16' title='bbox 1452 517 1467 532; x_wconf 91' lang='grc'><strong>·</strong></span> <span class='ocrx_word' id='word_1_17' title='bbox 1523 499 1679 573; x_wconf 75' lang='grc' dir='ltr'>Ὅρα,</span> 
     </span>
    </p>
   </div>
   <div class='ocr_carea' id='block_1_4' title="bbox 1802 495 3373 580">
    <p class='ocr_par' dir='ltr' id='par_1_4' title="bbox 1862 499 3373 568">
     <span class='ocr_line' id='line_1_4' title="bbox 1862 499 3373 568; baseline 0.003 -12"><span class='ocrx_word' id='word_1_18' title='bbox 1862 499 2057 556; x_wconf 88' lang='lat' dir='ltr'><strong>Sancte</strong></span> <span class='ocrx_word' id='word_1_19' title='bbox 2083 500 2401 557; x_wconf 73' lang='lat' dir='ltr'><strong>describens.</strong></span> <span class='ocrx_word' id='word_1_20' title='bbox 2424 500 2591 556; x_wconf 78' lang='lat' dir='ltr'><strong>Juxta</strong></span> <span class='ocrx_word' id='word_1_21' title='bbox 2611 501 2853 556; x_wconf 84' lang='lat' dir='ltr'><strong>dictum:</strong></span> <span class='ocrx_word' id='word_1_22' title='bbox 2881 499 3023 568; x_wconf 86' lang='lat' dir='ltr'><strong>vide,</strong></span> <span class='ocrx_word' id='word_1_23' title='bbox 3052 500 3222 561; x_wconf 81' lang='lat' dir='ltr'><strong>facies</strong></span> <span class='ocrx_word' id='word_1_24' title='bbox 3258 521 3373 560; x_wconf 83' lang='lat' dir='ltr'><strong>om-</strong></span> 
     </span>
    </p>
   </div>
   <div class='ocr_carea' id='block_1_5' title="bbox 102 592 1689 679">
    <p class='ocr_par' dir='ltr' id='par_1_5' title="bbox 102 592 1689 679">
     <span class='ocr_line' id='line_1_5' title="bbox 102 592 1689 679; baseline -0.008 -20"><span class='ocrx_word' id='word_1_25' title='bbox 102 610 350 679; x_wconf 76' lang='grc' dir='ltr'>ποτὴσεις</span> <span class='ocrx_word' id='word_1_26' title='bbox 362 600 573 654; x_wconf 79' lang='grc' dir='ltr'>πάντα</span> <span class='ocrx_word' id='word_1_27' title='bbox 593 598 747 652; x_wconf 81' lang='grc' dir='ltr'><strong>κατὰ</strong></span> <span class='ocrx_word' id='word_1_28' title='bbox 766 595 871 650; x_wconf 83' lang='grc' dir='ltr'><strong>τὸν</strong></span> <span class='ocrx_word' id='word_1_29' title='bbox 900 596 1093 649; x_wconf 79' lang='grc' dir='ltr'>τύπον</span> <span class='ocrx_word' id='word_1_30' title='bbox 1119 593 1228 647; x_wconf 80' lang='grc' dir='ltr'><strong>τὸν</strong></span> <span class='ocrx_word' id='word_1_31' title='bbox 1247 592 1558 663; x_wconf 78' lang='grc' dir='ltr'><strong>δειχθέντα</strong></span> <span class='ocrx_word' id='word_1_32' title='bbox 1588 610 1689 646; x_wconf 88' lang='grc' dir='ltr'><strong>σοι</strong></span> 
     </span>
    </p>
   </div>
   <div class='ocr_carea' id='block_1_6' title="bbox 99 694 459 762">
    <p class='ocr_par' dir='ltr' id='par_1_6' title="bbox 99 694 459 762">
     <span class='ocr_line' id='line_1_6' title="bbox 99 694 459 762; baseline -0.014 -11"><span class='ocrx_word' id='word_1_33' title='bbox 99 699 163 751; x_wconf 81' lang='grc' dir='ltr'>ἐν</span> <span class='ocrx_word' id='word_1_34' title='bbox 191 694 270 761; x_wconf 79' lang='grc' dir='ltr'><strong>τῷ</strong></span> <span class='ocrx_word' id='word_1_35' title='bbox 303 694 459 762; x_wconf 80' lang='grc' dir='ltr'>ὄρει.</span> 
     </span>
    </p>
   </div>
   <div class='ocr_carea' id='block_1_7' title="bbox 169 775 1690 854">
    <p class='ocr_par' dir='ltr' id='par_1_7' title="bbox 169 775 1690 854">
     <span class='ocr_line' id='line_1_7' title="bbox 169 775 1690 854; baseline -0.009 -13"><span class='ocrx_word' id='word_1_36' title='bbox 169 786 284 854; x_wconf 78' lang='grc' dir='ltr'><strong>Τὴν</strong></span> <span class='ocrx_word' id='word_1_37' title='bbox 323 782 738 851; x_wconf 72' lang='grc' dir='ltr'><strong>τελειοτέραν.</strong></span> <span class='ocrx_word' id='word_1_38' title='bbox 784 779 919 853; x_wconf 75' lang='grc' dir='ltr'>Περὶ</span> <span class='ocrx_word' id='word_1_39' title='bbox 968 780 1069 851; x_wconf 86' lang='grc' dir='ltr'>τῆς</span> <span class='ocrx_word' id='word_1_40' title='bbox 1116 777 1245 841; x_wconf 79' lang='grc' dir='ltr'>νέας</span> <span class='ocrx_word' id='word_1_41' title='bbox 1276 776 1559 849; x_wconf 76' lang='grc' dir='ltr'>ἱεραρχίας</span> <span class='ocrx_word' id='word_1_42' title='bbox 1588 775 1690 846; x_wconf 82' lang='grc' dir='ltr'>τῆς</span> 
     </span>
    </p>
   </div>
   <div class='ocr_carea' id='block_1_8' title="bbox 100 868 1691 949">
    <p class='ocr_par' dir='ltr' id='par_1_8' title="bbox 100 868 1691 949">
     <span class='ocr_line' id='line_1_8' title="bbox 100 868 1691 949; baseline -0.006 -16"><span class='ocrx_word' id='word_1_43' title='bbox 100 882 151 933; x_wconf 80' lang='grc' dir='ltr'>ὲν</span> <span class='ocrx_word' id='word_1_44' title='bbox 190 877 498 949; x_wconf 79' lang='grc' dir='ltr'>Ἐκκλησία</span> <span class='ocrx_word' id='word_1_45' title='bbox 539 876 709 944; x_wconf 86' lang='grc' dir='ltr'><strong>λέγει,</strong></span> <span class='ocrx_word' id='word_1_46' title='bbox 743 875 824 927; x_wconf 84' lang='grc' dir='ltr'>ὅτι</span> <span class='ocrx_word' id='word_1_47' title='bbox 858 868 1134 944; x_wconf 77' lang='grc' dir='ltr'>κλήρωσίς</span> <span class='ocrx_word' id='word_1_48' title='bbox 1162 871 1209 903; x_wconf 82' lang='grc'>⁸⁸</span> <span class='ocrx_word' id='word_1_49' title='bbox 1243 870 1359 924; x_wconf 74' lang='grc' dir='ltr'>ἐστι</span> <span class='ocrx_word' id='word_1_50' title='bbox 1402 869 1510 922; x_wconf 84' lang='grc' dir='ltr'><strong>τῶν</strong></span> <span class='ocrx_word' id='word_1_51' title='bbox 1548 869 1691 923; x_wconf 85' lang='grc' dir='ltr'>κατὰ</span> 
     </span>
    </p>
   </div>
   <div class='ocr_carea' id='block_1_9' title="bbox 98 961 1691 1044">
    <p class='ocr_par' dir='ltr' id='par_1_9' title="bbox 98 961 1691 1044">
     <span class='ocr_line' id='line_1_9' title="bbox 98 961 1691 1044; baseline -0.008 -18"><span class='ocrx_word' id='word_1_52' title='bbox 98 974 265 1044; x_wconf 84' lang='grc' dir='ltr'>νόμον.</span> <span class='ocrx_word' id='word_1_53' title='bbox 295 971 496 1024; x_wconf 80' lang='grc' dir='ltr'>Ταῦτα</span> <span class='ocrx_word' id='word_1_54' title='bbox 523 971 582 1023; x_wconf 79' lang='grc' dir='ltr'>δὲ</span> <span class='ocrx_word' id='word_1_55' title='bbox 615 972 644 1022; x_wconf 84' lang='grc' dir='ltr'>ὁ</span> <span class='ocrx_word' id='word_1_56' title='bbox 685 966 1003 1029; x_wconf 84' lang='grc' dir='ltr'>Ἀπόστολος</span> <span class='ocrx_word' id='word_1_57' title='bbox 1037 966 1097 1017; x_wconf 81' lang='grc' dir='ltr'>ὲν</span> <span class='ocrx_word' id='word_1_58' title='bbox 1128 963 1195 1035; x_wconf 73' lang='grc' dir='ltr'><strong>τῇ</strong></span> <span class='ocrx_word' id='word_1_59' title='bbox 1231 961 1369 1033; x_wconf 76' lang='grc' dir='ltr'>πρὸς</span> <span class='ocrx_word' id='word_1_60' title='bbox 1409 962 1691 1033; x_wconf 79' lang='grc' dir='ltr'>Ἐϐραίους</span> 
     </span>
    </p>
   </div>
   <div class='ocr_carea' id='block_1_10' title="bbox 98 1054 1691 1137">
    <p class='ocr_par' dir='ltr' id='par_1_10' title="bbox 98 1054 1691 1137">
     <span class='ocr_line' id='line_1_10' title="bbox 98 1054 1691 1137; baseline -0.008 -18"><span class='ocrx_word' id='word_1_61' title='bbox 98 1066 241 1137; x_wconf 71' lang='grc' dir='ltr'>φησὶ,</span> <span class='ocrx_word' id='word_1_62' title='bbox 285 1064 385 1117; x_wconf 80' lang='grc' dir='ltr'>καὶ</span> <span class='ocrx_word' id='word_1_63' title='bbox 436 1065 468 1116; x_wconf 86' lang='grc' dir='ltr'><strong>ὁ</strong></span> <span class='ocrx_word' id='word_1_64' title='bbox 511 1061 753 1133; x_wconf 82' lang='grc' dir='ltr'>Κύριος·</span> <span class='ocrx_word' id='word_1_65' title='bbox 798 1057 919 1112; x_wconf 82' lang='grc' dir='ltr'><strong>Οὐκ</strong></span> <span class='ocrx_word' id='word_1_66' title='bbox 963 1058 1157 1127; x_wconf 73' lang='grc' dir='ltr'>ἦλθον</span> <span class='ocrx_word' id='word_1_67' title='bbox 1201 1055 1539 1110; x_wconf 74' lang='grc' dir='ltr'>καταλῦσαι</span> <span class='ocrx_word' id='word_1_68' title='bbox 1582 1054 1691 1108; x_wconf 78' lang='grc' dir='ltr'>τὸν</span> 
     </span>
    </p>
   </div>
   <div class='ocr_carea' id='block_1_11' title="bbox 97 1144 858 1229">
    <p class='ocr_par' dir='ltr' id='par_1_11' title="bbox 97 1144 858 1229">
     <span class='ocr_line' id='line_1_11' title="bbox 97 1144 858 1229; baseline -0.012 -16"><span class='ocrx_word' id='word_1_69' title='bbox 97 1160 291 1229; x_wconf 80' lang='grc' dir='ltr'>νόμον,</span> <span class='ocrx_word' id='word_1_70' title='bbox 318 1156 495 1211; x_wconf 69' lang='grc' dir='ltr'><em>ἀλλὰ</em></span> <span class='ocrx_word' id='word_1_71' title='bbox 518 1144 858 1222; x_wconf 72' lang='grc' dir='ltr'>πληρῶσαι.</span> 
     </span>
    </p>
   </div>
   <div class='ocr_carea' id='block_1_12' title="bbox 164 1240 1689 1319">
    <p class='ocr_par' dir='ltr' id='par_1_12' title="bbox 164 1240 1689 1319">
     <span class='ocr_line' id='line_1_12' title="bbox 164 1240 1689 1319; baseline -0.009 -13"><span class='ocrx_word' id='word_1_72' title='bbox 164 1250 241 1319; x_wconf 79' lang='grc' dir='ltr'><strong>Τῇ</strong></span> <span class='ocrx_word' id='word_1_73' title='bbox 267 1249 592 1319; x_wconf 83' lang='grc' dir='ltr'><strong>μεσότητι.</strong></span> <span class='ocrx_word' id='word_1_74' title='bbox 634 1245 962 1318; x_wconf 82' lang='grc' dir='ltr'>Σημείωσαι,</span> <span class='ocrx_word' id='word_1_75' title='bbox 999 1243 1117 1307; x_wconf 80' lang='grc' dir='ltr'><strong>πῶς</strong></span> <span class='ocrx_word' id='word_1_76' title='bbox 1150 1242 1289 1313; x_wconf 80' lang='grc' dir='ltr'>μέση</span> <span class='ocrx_word' id='word_1_77' title='bbox 1327 1241 1475 1294; x_wconf 70' lang='grc' dir='ltr'><strong>ἐστὶν</strong></span> <span class='ocrx_word' id='word_1_78' title='bbox 1522 1240 1689 1312; x_wconf 81' lang='grc' dir='ltr'>οὐρα-</span> 
     </span>
    </p>
   </div>
   <div class='ocr_carea' id='block_1_13' title="bbox 98 1332 1691 1414">
    <p class='ocr_par' dir='ltr' id='par_1_13' title="bbox 98 1332 1691 1414">
     <span class='ocr_line' id='line_1_13' title="bbox 98 1332 1691 1414; baseline -0.009 -16"><span class='ocrx_word' id='word_1_79' title='bbox 98 1344 204 1408; x_wconf 84' lang='grc' dir='ltr'>νίας</span> <span class='ocrx_word' id='word_1_80' title='bbox 232 1341 550 1414; x_wconf 79' lang='grc' dir='ltr'>ίεραρχίας,</span> <span class='ocrx_word' id='word_1_81' title='bbox 584 1339 679 1392; x_wconf 78' lang='grc' dir='ltr'>καὶ</span> <span class='ocrx_word' id='word_1_82' title='bbox 706 1340 805 1409; x_wconf 80' lang='grc' dir='ltr'>τῆς</span> <span class='ocrx_word' id='word_1_83' title='bbox 834 1336 1064 1408; x_wconf 82' lang='grc' dir='ltr'><strong>νομικῆς</strong></span> <span class='ocrx_word' id='word_1_84' title='bbox 1096 1336 1130 1405; x_wconf 86' lang='grc' dir='ltr'><strong>ή</strong></span> <span class='ocrx_word' id='word_1_85' title='bbox 1160 1332 1584 1405; x_wconf 81' lang='grc' dir='ltr'>ὲκκλησιαστικὴ</span> <span class='ocrx_word' id='word_1_86' title='bbox 1617 1333 1691 1384; x_wconf 85' lang='grc' dir='ltr'>ίε-</span> 
     </span>
    </p>
   </div>
   <div class='ocr_carea' id='block_1_14' title="bbox 100 1422 1690 1508">
    <p class='ocr_par' dir='ltr' id='par_1_14' title="bbox 100 1422 1690 1508">
     <span class='ocr_line' id='line_1_14' title="bbox 100 1422 1690 1508; baseline -0.008 -21"><span class='ocrx_word' id='word_1_87' title='bbox 100 1435 306 1508; x_wconf 84' lang='grc' dir='ltr'>ραρχία,</span> <span class='ocrx_word' id='word_1_88' title='bbox 340 1434 443 1487; x_wconf 74' lang='grc' dir='ltr'>καὶ</span> <span class='ocrx_word' id='word_1_89' title='bbox 470 1432 593 1494; x_wconf 82' lang='grc' dir='ltr'><strong>πῶς</strong></span> <span class='ocrx_word' id='word_1_90' title='bbox 624 1432 742 1493; x_wconf 82' lang='grc' dir='ltr'>ταῖς</span> <span class='ocrx_word' id='word_1_91' title='bbox 764 1429 857 1483; x_wconf 82' lang='grc' dir='ltr'>δύο</span> <span class='ocrx_word' id='word_1_92' title='bbox 887 1430 1153 1490; x_wconf 83' lang='grc' dir='ltr'>κοινωνεῖ,</span> <span class='ocrx_word' id='word_1_93' title='bbox 1186 1429 1251 1497; x_wconf 83' lang='grc' dir='ltr'><strong>τῇ</strong></span> <span class='ocrx_word' id='word_1_94' title='bbox 1280 1427 1376 1497; x_wconf 82' lang='grc' dir='ltr'>μὲν</span> <span class='ocrx_word' id='word_1_95' title='bbox 1404 1424 1482 1496; x_wconf 83' lang='grc' dir='ltr'><strong>τῷ</strong></span> <span class='ocrx_word' id='word_1_96' title='bbox 1525 1422 1690 1476; x_wconf 77' lang='grc' dir='ltr'>πνεύ-</span> 
     </span>
    </p>
   </div>
   <div class='ocr_carea' id='block_1_15' title="bbox 100 1517 1691 1597">
    <p class='ocr_par' dir='ltr' id='par_1_15' title="bbox 100 1517 1691 1597">
     <span class='ocr_line' id='line_1_15' title="bbox 100 1517 1691 1597; baseline -0.006 -18"><span class='ocrx_word' id='word_1_97' title='bbox 100 1543 251 1597; x_wconf 67' lang='grc' dir='ltr'>ματι*</span> <span class='ocrx_word' id='word_1_98' title='bbox 304 1527 375 1597; x_wconf 76' lang='grc' dir='ltr'><strong>τῇ</strong></span> <span class='ocrx_word' id='word_1_99' title='bbox 425 1523 486 1576; x_wconf 80' lang='grc' dir='ltr'>δὲ</span> <span class='ocrx_word' id='word_1_100' title='bbox 538 1522 619 1593; x_wconf 82' lang='grc' dir='ltr'>τῷ</span> <span class='ocrx_word' id='word_1_101' title='bbox 668 1520 977 1593; x_wconf 78' lang='grc' dir='ltr'><strong>γράμματι,</strong></span> <span class='ocrx_word' id='word_1_102' title='bbox 1023 1520 1292 1587; x_wconf 80' lang='grc' dir='ltr'><strong>τουτέστι,</strong></span> <span class='ocrx_word' id='word_1_103' title='bbox 1338 1521 1452 1582; x_wconf 88' lang='grc' dir='ltr'>τοῖς</span> <span class='ocrx_word' id='word_1_104' title='bbox 1495 1517 1691 1589; x_wconf 78' lang='grc' dir='ltr'>συμϐό-</span> 
     </span>
    </p>
   </div>
   <div class='ocr_carea' id='block_1_16' title="bbox 97 1619 215 1681">
    <p class='ocr_par' dir='ltr' id='par_1_16' title="bbox 97 1619 215 1681">
     <span class='ocr_line' id='line_1_16' title="bbox 97 1619 215 1681; baseline 0.008 -11"><span class='ocrx_word' id='word_1_105' title='bbox 97 1619 215 1681; x_wconf 82' lang='grc' dir='ltr'>λοις.</span> 
     </span>
    </p>
   </div>
   <div class='ocr_carea' id='block_1_17' title="bbox 165 1703 1683 1779">
    <p class='ocr_par' dir='ltr' id='par_1_17' title="bbox 165 1703 1683 1779">
     <span class='ocr_line' id='line_1_17' title="bbox 165 1703 1683 1779; baseline -0.003 -15"><span class='ocrx_word' id='word_1_106' title='bbox 165 1710 231 1764; x_wconf 82' lang='grc' dir='ltr'><strong>Τὸ</strong></span> <span class='ocrx_word' id='word_1_107' title='bbox 276 1704 566 1779; x_wconf 76' lang='grc' dir='ltr'>τρισσόν.</span> <span class='ocrx_word' id='word_1_108' title='bbox 599 1707 725 1771; x_wconf 85' lang='grc' dir='ltr'><strong>Πῶς</strong></span> <span class='ocrx_word' id='word_1_109' title='bbox 767 1707 803 1779; x_wconf 78' lang='grc' dir='ltr'><strong>η</strong></span> <span class='ocrx_word' id='word_1_110' title='bbox 850 1707 933 1770; x_wconf 81' lang='grc' dir='ltr'><strong>εὶς</strong></span> <span class='ocrx_word' id='word_1_111' title='bbox 969 1703 1097 1778; x_wconf 88' lang='grc' dir='ltr'>τρία</span> <span class='ocrx_word' id='word_1_112' title='bbox 1139 1703 1407 1774; x_wconf 81' lang='grc' dir='ltr'>διαίρεσις</span> <span class='ocrx_word' id='word_1_113' title='bbox 1446 1705 1557 1759; x_wconf 78' lang='grc' dir='ltr'>τῶν</span> <span class='ocrx_word' id='word_1_114' title='bbox 1592 1704 1683 1759; x_wconf 85' lang='grc' dir='ltr'><strong>τά-</strong></span> 
     </span>
    </p>
   </div>
   <div class='ocr_carea' id='block_1_18' title="bbox 100 1802 241 1867">
    <p class='ocr_par' dir='ltr' id='par_1_18' title="bbox 100 1802 241 1867">
     <span class='ocr_line' id='line_1_18' title="bbox 100 1802 241 1867; baseline 0 -11"><span class='ocrx_word' id='word_1_115' title='bbox 100 1802 241 1867; x_wconf 79' lang='grc' dir='ltr'>ξεων.</span> 
     </span>
    </p>
   </div>
   <div class='ocr_carea' id='block_1_19' title="bbox 1789 591 3373 664">
    <p class='ocr_par' dir='ltr' id='par_1_19' title="bbox 1789 591 3373 664">
     <span class='ocr_line' id='line_1_19' title="bbox 1789 591 3373 664; baseline 0.004 -18"><span class='ocrx_word' id='word_1_116' title='bbox 1789 592 1881 647; x_wconf 89' lang='lat' dir='ltr'><strong><em>nia</em></strong></span> <span class='ocrx_word' id='word_1_117' title='bbox 1909 591 2194 647; x_wconf 81' lang='lat' dir='ltr'><strong>secundum</strong></span> <span class='ocrx_word' id='word_1_118' title='bbox 2214 593 2504 662; x_wconf 78' lang='lat' dir='ltr'><strong>exemplar,</strong></span> <span class='ocrx_word' id='word_1_119' title='bbox 2533 591 2673 664; x_wconf 89' lang='lat' dir='ltr'><strong>quod</strong></span> <span class='ocrx_word' id='word_1_120' title='bbox 2708 602 3062 647; x_wconf 76' lang='lat' dir='ltr'><strong>monstratum</strong></span> <span class='ocrx_word' id='word_1_121' title='bbox 3086 607 3165 649; x_wconf 80' lang='lat' dir='ltr'><strong>est</strong></span> <span class='ocrx_word' id='word_1_122' title='bbox 3196 596 3292 651; x_wconf 86' lang='lat' dir='ltr'><strong>tibi</strong></span> <span class='ocrx_word' id='word_1_123' title='bbox 3315 599 3373 653; x_wconf 85' lang='lat' dir='ltr'><strong><em>in</em></strong></span> 
     </span>
    </p>
   </div>
   <div class='ocr_carea' id='block_1_20' title="bbox 1789 668 2309 740">
    <p class='ocr_par' dir='ltr' id='par_1_20' title="bbox 1789 668 2309 740">
     <span class='ocr_line' id='line_1_20' title="bbox 1789 668 2309 740; baseline 0.006 -3"><span class='ocrx_word' id='word_1_124' title='bbox 1789 693 1963 739; x_wconf 87' lang='lat' dir='ltr'><strong>monte</strong></span> <span class='ocrx_word' id='word_1_125' title='bbox 1997 698 2046 740; x_wconf 71' lang='grc' dir='ltr'><strong>ι.</strong></span> <span class='ocrx_word' id='word_1_126' title='bbox 2302 668 2309 677; x_wconf 33' lang='grc'><strong><em>⁸</em></strong></span> 
     </span>
    </p>
   </div>
   <div class='ocr_carea' id='block_1_21' title="bbox 1861 775 3373 849">
    <p class='ocr_par' dir='ltr' id='par_1_21' title="bbox 1861 775 3373 849">
     <span class='ocr_line' id='line_1_21' title="bbox 1861 775 3373 849; baseline 0.006 -18"><span class='ocrx_word' id='word_1_127' title='bbox 1861 777 2259 847; x_wconf 84' lang='lat' dir='ltr'><strong>Perfectiorem.</strong></span> <span class='ocrx_word' id='word_1_128' title='bbox 2290 775 2368 833; x_wconf 92' lang='lat' dir='ltr'><strong>De</strong></span> <span class='ocrx_word' id='word_1_129' title='bbox 2389 792 2529 833; x_wconf 89' lang='lat' dir='ltr'><strong>nova</strong></span> <span class='ocrx_word' id='word_1_130' title='bbox 2559 777 2867 833; x_wconf 89' lang='lat' dir='ltr'><strong>hierarcbia</strong></span> <span class='ocrx_word' id='word_1_131' title='bbox 2897 793 3020 849; x_wconf 68' lang='lat' dir='ltr'><strong>qua:</strong></span> <span class='ocrx_word' id='word_1_132' title='bbox 3048 779 3104 834; x_wconf 91' lang='lat' dir='ltr'><strong>in</strong></span> <span class='ocrx_word' id='word_1_133' title='bbox 3124 779 3373 840; x_wconf 83' lang='lat' dir='ltr'><strong>Ecclesia</strong></span> 
     </span>
    </p>
   </div>
   <div class='ocr_carea' id='block_1_22' title="bbox 1788 870 3367 946">
    <p class='ocr_par' dir='ltr' id='par_1_22' title="bbox 1788 870 3367 946">
     <span class='ocr_line' id='line_1_22' title="bbox 1788 870 3367 946; baseline 0.005 -22"><span class='ocrx_word' id='word_1_134' title='bbox 1788 877 1873 925; x_wconf 89' lang='lat' dir='ltr'><strong>est</strong></span> <span class='ocrx_word' id='word_1_135' title='bbox 1926 871 2057 940; x_wconf 85' lang='lat' dir='ltr'><strong>agit,</strong></span> <span class='ocrx_word' id='word_1_136' title='bbox 2100 870 2249 941; x_wconf 91' lang='lat' dir='ltr'><strong>quod</strong></span> <span class='ocrx_word' id='word_1_137' title='bbox 2290 870 2574 941; x_wconf 74' lang='lat' dir='ltr'><strong>plenitudo</strong></span> <span class='ocrx_word' id='word_1_138' title='bbox 2613 878 2701 927; x_wconf 84' lang='lat' dir='ltr'><strong>est</strong></span> <span class='ocrx_word' id='word_1_139' title='bbox 2740 886 2930 926; x_wconf 89' lang='lat' dir='ltr'><strong>eorum</strong></span> <span class='ocrx_word' id='word_1_140' title='bbox 2975 874 3097 942; x_wconf 74' lang='lat' dir='ltr'><strong>quai</strong></span> <span class='ocrx_word' id='word_1_141' title='bbox 3137 872 3196 927; x_wconf 89' lang='lat' dir='ltr'><strong>in</strong></span> <span class='ocrx_word' id='word_1_142' title='bbox 3226 876 3367 946; x_wconf 83' lang='lat' dir='ltr'><strong>lege.</strong></span> 
     </span>
    </p>
   </div>
   <div class='ocr_carea' id='block_1_23' title="bbox 1790 962 3371 1034">
    <p class='ocr_par' dir='ltr' id='par_1_23' title="bbox 1790 962 3371 1034">
     <span class='ocr_line' id='line_1_23' title="bbox 1790 962 3371 1034; baseline 0.001 -17"><span class='ocrx_word' id='word_1_143' title='bbox 1790 962 1915 1018; x_wconf 69' lang='lat' dir='ltr'><strong>Haec</strong></span> <span class='ocrx_word' id='word_1_144' title='bbox 1970 962 2267 1034; x_wconf 76' lang='lat' dir='ltr'><strong>Apostolus</strong></span> <span class='ocrx_word' id='word_1_145' title='bbox 2308 964 2363 1017; x_wconf 91' lang='lat' dir='ltr'><strong>in</strong></span> <span class='ocrx_word' id='word_1_146' title='bbox 2393 963 2637 1034; x_wconf 88' lang='lat' dir='ltr'><strong>Epistola</strong></span> <span class='ocrx_word' id='word_1_147' title='bbox 2683 963 2752 1018; x_wconf 89' lang='lat' dir='ltr'><strong>ad</strong></span> <span class='ocrx_word' id='word_1_148' title='bbox 2796 962 3057 1019; x_wconf 62' lang='lat' dir='ltr'><strong>Hebrasos</strong></span> <span class='ocrx_word' id='word_1_149' title='bbox 3106 964 3273 1033; x_wconf 91' lang='lat' dir='ltr'><strong>dicit;</strong></span> <span class='ocrx_word' id='word_1_150' title='bbox 3315 976 3371 1020; x_wconf 85' lang='lat' dir='ltr'><strong>et</strong></span> 
     </span>
    </p>
   </div>
   <div class='ocr_carea' id='block_1_24' title="bbox 1791 1053 3368 1127">
    <p class='ocr_par' dir='ltr' id='par_1_24' title="bbox 1791 1053 3368 1127">
     <span class='ocr_line' id='line_1_24' title="bbox 1791 1053 3368 1127; baseline 0.004 -19"><span class='ocrx_word' id='word_1_151' title='bbox 1791 1053 2057 1112; x_wconf 82' lang='lat' dir='ltr'><strong>Dominus</strong></span> <span class='ocrx_word' id='word_1_152' title='bbox 2089 1074 2103 1111; x_wconf 89' lang='lat'><strong>:</strong></span> <span class='ocrx_word' id='word_1_153' title='bbox 2138 1055 2263 1111; x_wconf 87' lang='lat' dir='ltr'><strong>Non</strong></span> <span class='ocrx_word' id='word_1_154' title='bbox 2292 1057 2406 1111; x_wconf 80' lang='lat' dir='ltr'><strong><em>veni</em></strong></span> <span class='ocrx_word' id='word_1_155' title='bbox 2438 1057 2636 1112; x_wconf 80' lang='lat' dir='ltr'><strong>solvere</strong></span> <span class='ocrx_word' id='word_1_156' title='bbox 2668 1057 2850 1127; x_wconf 86' lang='lat' dir='ltr'><strong><em>legem,</em></strong></span> <span class='ocrx_word' id='word_1_157' title='bbox 2875 1056 2965 1111; x_wconf 80' lang='lat' dir='ltr'><strong>sed</strong></span> <span class='ocrx_word' id='word_1_158' title='bbox 2997 1056 3285 1126; x_wconf 85' lang='lat' dir='ltr'><strong>adimplere</strong></span> <span class='ocrx_word' id='word_1_159' title='bbox 3313 1066 3368 1114; x_wconf 70' lang='grc'>1.</span> 
     </span>
    </p>
   </div>
   <div class='ocr_carea' id='block_1_25' title="bbox 1861 1230 3365 1302">
    <p class='ocr_par' dir='ltr' id='par_1_25' title="bbox 1861 1230 3365 1302">
     <span class='ocr_line' id='line_1_25' title="bbox 1861 1230 3365 1302; baseline 0.005 -17"><span class='ocrx_word' id='word_1_160' title='bbox 1861 1231 2059 1286; x_wconf 84' lang='lat' dir='ltr'><strong>Medio.</strong></span> <span class='ocrx_word' id='word_1_161' title='bbox 2093 1230 2253 1298; x_wconf 88' lang='lat' dir='ltr'><strong>Nota,</strong></span> <span class='ocrx_word' id='word_1_162' title='bbox 2287 1231 2564 1302; x_wconf 88' lang='lat' dir='ltr'><strong>quomodo</strong></span> <span class='ocrx_word' id='word_1_163' title='bbox 2592 1234 2770 1289; x_wconf 89' lang='lat' dir='ltr'><strong>media</strong></span> <span class='ocrx_word' id='word_1_164' title='bbox 2799 1235 2872 1290; x_wconf 89' lang='lat' dir='ltr'><strong>sit</strong></span> <span class='ocrx_word' id='word_1_165' title='bbox 2903 1234 3046 1291; x_wconf 89' lang='lat' dir='ltr'><strong>inter</strong></span> <span class='ocrx_word' id='word_1_166' title='bbox 3086 1238 3365 1293; x_wconf 60' lang='lat' dir='ltr'><strong>caelestem</strong></span> 
     </span>
    </p>
   </div>
   <div class='ocr_carea' id='block_1_26' title="bbox 1790 1322 3369 1395">
    <p class='ocr_par' dir='ltr' id='par_1_26' title="bbox 1790 1322 3369 1395">
     <span class='ocr_line' id='line_1_26' title="bbox 1790 1322 3369 1395; baseline 0.002 -17"><span class='ocrx_word' id='word_1_167' title='bbox 1790 1322 2153 1378; x_wconf 84' lang='lat' dir='ltr'><strong>hierarchiam</strong></span> <span class='ocrx_word' id='word_1_168' title='bbox 2199 1331 2254 1378; x_wconf 89' lang='lat' dir='ltr'><strong>et</strong></span> <span class='ocrx_word' id='word_1_169' title='bbox 2290 1323 2538 1393; x_wconf 83' lang='lat' dir='ltr'><strong>legalem,</strong></span> <span class='ocrx_word' id='word_1_170' title='bbox 2587 1325 2697 1395; x_wconf 73' lang='lat'><strong>78</strong></span> <span class='ocrx_word' id='word_1_171' title='bbox 2740 1326 3116 1381; x_wconf 86' lang='lat' dir='ltr'><strong>ecclesiastica</strong></span> <span class='ocrx_word' id='word_1_172' title='bbox 3156 1327 3369 1383; x_wconf 84' lang='lat' dir='ltr'><strong>hierar—</strong></span> 
     </span>
    </p>
   </div>
   <div class='ocr_carea' id='block_1_27' title="bbox 1789 1414 3362 1491">
    <p class='ocr_par' dir='ltr' id='par_1_27' title="bbox 1789 1414 3362 1491">
     <span class='ocr_line' id='line_1_27' title="bbox 1789 1414 3362 1491; baseline 0.004 -24"><span class='ocrx_word' id='word_1_173' title='bbox 1789 1414 2367 1485; x_wconf 85' lang='lat' dir='ltr'><strong>chia,etquomododc</strong></span> <span class='ocrx_word' id='word_1_174' title='bbox 2385 1422 2616 1485; x_wconf 89' lang='lat' dir='ltr'><strong>utraque</strong></span> <span class='ocrx_word' id='word_1_175' title='bbox 2653 1418 2943 1488; x_wconf 76' lang='lat' dir='ltr'><strong>participat</strong></span> <span class='ocrx_word' id='word_1_176' title='bbox 2973 1438 2988 1474; x_wconf 89' lang='lat'><strong>:</strong></span> <span class='ocrx_word' id='word_1_177' title='bbox 3022 1419 3089 1475; x_wconf 91' lang='lat' dir='ltr'><strong>de</strong></span> <span class='ocrx_word' id='word_1_178' title='bbox 3122 1420 3214 1474; x_wconf 91' lang='lat' dir='ltr'><strong>illa</strong></span> <span class='ocrx_word' id='word_1_179' title='bbox 3237 1421 3362 1491; x_wconf 89' lang='lat' dir='ltr'><strong>qui-</strong></span> 
     </span>
    </p>
   </div>
   <div class='ocr_carea' id='block_1_28' title="bbox 1788 1504 3201 1582">
    <p class='ocr_par' dir='ltr' id='par_1_28' title="bbox 1788 1504 3201 1582">
     <span class='ocr_line' id='line_1_28' title="bbox 1788 1504 3201 1582; baseline 0.006 -22"><span class='ocrx_word' id='word_1_180' title='bbox 1788 1505 1911 1560; x_wconf 87' lang='lat' dir='ltr'><strong><em>dem</em></strong></span> <span class='ocrx_word' id='word_1_181' title='bbox 1936 1505 2156 1575; x_wconf 75' lang='lat' dir='ltr'><strong>spiritu,</strong></span> <span class='ocrx_word' id='word_1_182' title='bbox 2186 1504 2253 1559; x_wconf 91' lang='lat' dir='ltr'><strong>de</strong></span> <span class='ocrx_word' id='word_1_183' title='bbox 2279 1506 2383 1559; x_wconf 87' lang='lat' dir='ltr'><strong>hac</strong></span> <span class='ocrx_word' id='word_1_184' title='bbox 2416 1522 2548 1562; x_wconf 87' lang='lat' dir='ltr'><strong>vero</strong></span> <span class='ocrx_word' id='word_1_185' title='bbox 2577 1508 2781 1576; x_wconf 83' lang='lat' dir='ltr'><strong>littera,</strong></span> <span class='ocrx_word' id='word_1_186' title='bbox 2817 1509 2871 1564; x_wconf 89' lang='lat' dir='ltr'><strong>id</strong></span> <span class='ocrx_word' id='word_1_187' title='bbox 2906 1519 2993 1566; x_wconf 87' lang='lat' dir='ltr'><strong>est</strong></span> <span class='ocrx_word' id='word_1_188' title='bbox 3025 1512 3201 1582; x_wconf 82' lang='lat' dir='ltr'><strong>signis</strong></span> 
     </span>
    </p>
   </div>
   <div class='ocr_carea' id='block_1_29' title="bbox 1864 1682 3234 1753">
    <p class='ocr_par' dir='ltr' id='par_1_29' title="bbox 1864 1682 3234 1753">
     <span class='ocr_line' id='line_1_29' title="bbox 1864 1682 3234 1753; baseline 0.008 -17"><span class='ocrx_word' id='word_1_189' title='bbox 1864 1682 2166 1753; x_wconf 82' lang='lat' dir='ltr'><strong>Triplicem.</strong></span> <span class='ocrx_word' id='word_1_190' title='bbox 2193 1683 2478 1750; x_wconf 87' lang='lat' dir='ltr'><strong>Quomodo</strong></span> <span class='ocrx_word' id='word_1_191' title='bbox 2504 1685 2561 1740; x_wconf 91' lang='lat' dir='ltr'><strong>in</strong></span> <span class='ocrx_word' id='word_1_192' title='bbox 2594 1687 2697 1741; x_wconf 85' lang='lat' dir='ltr'><strong>tria</strong></span> <span class='ocrx_word' id='word_1_193' title='bbox 2726 1687 2926 1745; x_wconf 83' lang='lat' dir='ltr'><strong>divisio</strong></span> <span class='ocrx_word' id='word_1_194' title='bbox 2954 1690 3234 1747; x_wconf 88' lang='lat' dir='ltr'><strong>ordinum.</strong></span> 
     </span>
    </p>
   </div>
   <div class='ocr_carea' id='block_1_30' title="bbox 165 1889 1679 1978">
    <p class='ocr_par' dir='ltr' id='par_1_30' title="bbox 165 1889 1679 1962">
     <span class='ocr_line' id='line_1_30' title="bbox 165 1889 1679 1962; baseline -0.003 -13"><span class='ocrx_word' id='word_1_195' title='bbox 165 1894 453 1961; x_wconf 79' lang='grc' dir='ltr'>Θεοειδεῖς</span> <span class='ocrx_word' id='word_1_196' title='bbox 502 1891 624 1946; x_wconf 80' lang='grc' dir='ltr'>τῶν</span> <span class='ocrx_word' id='word_1_197' title='bbox 668 1890 859 1960; x_wconf 75' lang='grc' dir='ltr'>ιερῶν.</span> <span class='ocrx_word' id='word_1_198' title='bbox 891 1889 1201 1957; x_wconf 86' lang='grc' dir='ltr'>Τουτέστιν,</span> <span class='ocrx_word' id='word_1_199' title='bbox 1240 1890 1320 1954; x_wconf 84' lang='grc' dir='ltr'><strong>είς</strong></span> <span class='ocrx_word' id='word_1_200' title='bbox 1353 1889 1504 1962; x_wconf 79' lang='grc' dir='ltr'>ἱερὰν</span> <span class='ocrx_word' id='word_1_201' title='bbox 1546 1890 1679 1961; x_wconf 83' lang='grc' dir='ltr'><strong>γνῶ-</strong></span> 
     </span>
    </p>
   </div>
   <div class='ocr_carea' id='block_1_31' title="bbox 1802 1889 3365 1978">
    <p class='ocr_par' dir='ltr' id='par_1_31' title="bbox 1861 1892 3365 1978">
     <span class='ocr_line' id='line_1_31' title="bbox 1861 1892 3365 1978; baseline 0.008 -28"><span class='ocrx_word' id='word_1_202' title='bbox 1861 1896 2157 1967; x_wconf 74' lang='lat' dir='ltr'><strong>Deiformes</strong></span> <span class='ocrx_word' id='word_1_203' title='bbox 2200 1914 2496 1964; x_wconf 84' lang='lat' dir='ltr'><strong>sacrorum,</strong></span> <span class='ocrx_word' id='word_1_204' title='bbox 2524 1897 2619 1955; x_wconf 86' lang='lat' dir='ltr'><strong>Gr.</strong></span> <span class='ocrx_word' id='word_1_205' title='bbox 2652 1900 2905 1968; x_wconf 82' lang='grc' dir='ltr'>θεοειδεῖς</span> <span class='ocrx_word' id='word_1_206' title='bbox 2932 1896 3042 1960; x_wconf 84' lang='grc' dir='ltr'>τῶν</span> <span class='ocrx_word' id='word_1_207' title='bbox 3082 1892 3263 1978; x_wconf 74' lang='grc' dir='ltr'>ίερῶν.</span> <span class='ocrx_word' id='word_1_208' title='bbox 3306 1908 3365 1963; x_wconf 83' lang='lat' dir='ltr'><strong>Id</strong></span> 
     </span>
    </p>
   </div>
   <div class='ocr_carea' id='block_1_32' title="bbox 102 1982 1325 2055">
    <p class='ocr_par' dir='ltr' id='par_1_32' title="bbox 102 1982 1325 2055">
     <span class='ocr_line' id='line_1_32' title="bbox 102 1982 1325 2055; baseline -0.002 -17"><span class='ocrx_word' id='word_1_209' title='bbox 102 2003 195 2052; x_wconf 85' lang='grc' dir='ltr'>σιν,</span> <span class='ocrx_word' id='word_1_210' title='bbox 225 1985 320 2039; x_wconf 77' lang='grc' dir='ltr'>καὶ</span> <span class='ocrx_word' id='word_1_211' title='bbox 347 1984 735 2052; x_wconf 78' lang='grc' dir='ltr'><strong>διδασκάλους,</strong></span> <span class='ocrx_word' id='word_1_212' title='bbox 767 1984 862 2039; x_wconf 76' lang='grc' dir='ltr'>καὶ</span> <span class='ocrx_word' id='word_1_213' title='bbox 884 1982 1325 2055; x_wconf 77' lang='grc' dir='ltr'><strong>διδασκομένους.</strong></span> 
     </span>
    </p>
   </div>
   <div class='ocr_carea' id='block_1_33' title="bbox 167 2158 1105 2231">
    <p class='ocr_par' dir='ltr' id='par_1_33' title="bbox 167 2158 1105 2231">
     <span class='ocr_line' id='line_1_33' title="bbox 167 2158 1105 2231; baseline -0.002 -13"><span class='ocrx_word' id='word_1_214' title='bbox 167 2158 285 2218; x_wconf 72' lang='grc' dir='ltr'><strong>Τῶν</strong></span> <span class='ocrx_word' id='word_1_215' title='bbox 309 2164 445 2217; x_wconf 76' lang='grc' dir='ltr'>καθ’</span> <span class='ocrx_word' id='word_1_216' title='bbox 479 2160 661 2231; x_wconf 62' lang='grc' dir='ltr'>ἡμᾶς.</span> <span class='ocrx_word' id='word_1_217' title='bbox 685 2162 806 2215; x_wconf 84' lang='grc' dir='ltr'><strong>Τῶν</strong></span> <span class='ocrx_word' id='word_1_218' title='bbox 836 2160 1105 2230; x_wconf 81' lang='grc' dir='ltr'>ἀγγέλων.</span> 
     </span>
    </p>
   </div>
   <div class='ocr_carea' id='block_1_34' title="bbox 326 2251 1430 2325">
    <p class='ocr_par' dir='ltr' id='par_1_34' title="bbox 326 2251 1430 2325">
     <span class='ocr_line' id='line_1_34' title="bbox 326 2251 1430 2325; baseline 0 -18"><span class='ocrx_word' id='word_1_219' title='bbox 326 2256 640 2323; x_wconf 85' lang='grc' dir='ltr'>Διαιρεῖται</span> <span class='ocrx_word' id='word_1_220' title='bbox 684 2254 717 2325; x_wconf 79' lang='grc' dir='ltr'>ἡ</span> <span class='ocrx_word' id='word_1_221' title='bbox 749 2253 857 2306; x_wconf 84' lang='grc' dir='ltr'>τῶν</span> <span class='ocrx_word' id='word_1_222' title='bbox 881 2252 1113 2308; x_wconf 84' lang='grc' dir='ltr'><strong>τελετῶν</strong></span> <span class='ocrx_word' id='word_1_223' title='bbox 1145 2251 1430 2325; x_wconf 77' lang='grc' dir='ltr'>ἱερουργία</span> 
     </span>
    </p>
   </div>
   <div class='ocr_carea' id='block_1_35' title="bbox 444 2345 1332 2416">
    <p class='ocr_par' dir='ltr' id='par_1_35' title="bbox 444 2345 1332 2416">
     <span class='ocr_line' id='line_1_35' title="bbox 444 2345 1332 2416; baseline 0.001 -17"><span class='ocrx_word' id='word_1_224' title='bbox 444 2348 539 2411; x_wconf 76' lang='grc' dir='ltr'>εἷς</span> <span class='ocrx_word' id='word_1_225' title='bbox 571 2345 675 2399; x_wconf 79' lang='grc' dir='ltr'><strong>κά-</strong></span> <span class='ocrx_word' id='word_1_226' title='bbox 774 2346 1030 2416; x_wconf 75' lang='grc' dir='ltr'>μύησιν,</span> <span class='ocrx_word' id='word_1_227' title='bbox 1140 2345 1332 2400; x_wconf 75' lang='grc' dir='ltr'>τελεί-</span> 
     </span>
    </p>
   </div>
   <div class='ocr_carea' id='block_1_36' title="bbox 442 2442 1302 2506">
    <p class='ocr_par' dir='ltr' id='par_1_36' title="bbox 442 2442 1302 2506">
     <span class='ocr_line' id='line_1_36' title="bbox 442 2442 1302 2506; baseline 0 -13"><span class='ocrx_word' id='word_1_228' title='bbox 442 2442 686 2506; x_wconf 77' lang='grc' dir='ltr'>θαρσιν,</span> <span class='ocrx_word' id='word_1_229' title='bbox 1133 2444 1302 2493; x_wconf 73' lang='grc' dir='ltr'>ωσιν.</span> 
     </span>
    </p>
   </div>
   <div class='ocr_carea' id='block_1_37' title="bbox 379 2530 1373 2604">
    <p class='ocr_par' dir='ltr' id='par_1_37' title="bbox 379 2530 1373 2604">
     <span class='ocr_line' id='line_1_37' title="bbox 379 2530 1373 2604; baseline -0.001 -20"><span class='ocrx_word' id='word_1_230' title='bbox 379 2555 387 2563; x_wconf 95' lang='grc'>·</span> <span class='ocrx_word' id='word_1_231' title='bbox 438 2532 507 2584; x_wconf 87' lang='grc' dir='ltr'><strong>Ἦ</strong></span> <span class='ocrx_word' id='word_1_232' title='bbox 540 2531 648 2584; x_wconf 84' lang='grc' dir='ltr'>τῶν</span> <span class='ocrx_word' id='word_1_233' title='bbox 688 2530 988 2604; x_wconf 85' lang='grc' dir='ltr'>ίερουργῶν</span> <span class='ocrx_word' id='word_1_234' title='bbox 1014 2530 1373 2601; x_wconf 82' lang='grc' dir='ltr'>διακόσμησις</span> 
     </span>
    </p>
   </div>
   <div class='ocr_carea' id='block_1_38' title="bbox 98 2610 1643 2692">
    <p class='ocr_par' dir='ltr' id='par_1_38' title="bbox 98 2610 1643 2692">
     <span class='ocr_line' id='line_1_38' title="bbox 98 2610 1643 2692; baseline 0.001 -16"><span class='ocrx_word' id='word_1_235' title='bbox 98 2625 177 2689; x_wconf 80' lang='grc' dir='ltr'><strong>είς</strong></span> <span class='ocrx_word' id='word_1_236' title='bbox 205 2610 502 2691; x_wconf 70' lang='grc' dir='ltr'>κάθαρσιν</span> <span class='ocrx_word' id='word_1_237' title='bbox 680 2625 768 2689; x_wconf 84' lang='grc' dir='ltr'>εὶς</span> <span class='ocrx_word' id='word_1_238' title='bbox 791 2639 1065 2692; x_wconf 59' lang='lat' dir='ltr'><strong>gemam)-</strong></span> <span class='ocrx_word' id='word_1_239' title='bbox 1207 2625 1296 2689; x_wconf 81' lang='grc' dir='ltr'>εὶς</span> <span class='ocrx_word' id='word_1_240' title='bbox 1329 2625 1643 2679; x_wconf 74' lang='grc' dir='ltr'>τελείωσιν</span> 
     </span>
    </p>
   </div>
   <div class='ocr_carea' id='block_1_39' title="bbox 98 2713 1677 2786">
    <p class='ocr_par' dir='ltr' id='par_1_39' title="bbox 98 2713 1677 2786">
     <span class='ocr_line' id='line_1_39' title="bbox 98 2713 1677 2786; baseline 0.002 -18"><span class='ocrx_word' id='word_1_241' title='bbox 98 2715 207 2771; x_wconf 79' lang='grc' dir='ltr'>τῶν</span> <span class='ocrx_word' id='word_1_242' title='bbox 234 2715 440 2770; x_wconf 73' lang='grc' dir='ltr'>ἀτελέ-</span> <span class='ocrx_word' id='word_1_243' title='bbox 682 2716 821 2786; x_wconf 80' lang='grc' dir='ltr'>τίαν</span> <span class='ocrx_word' id='word_1_244' title='bbox 833 2713 953 2769; x_wconf 84' lang='grc' dir='ltr'>τῶν</span> <span class='ocrx_word' id='word_1_245' title='bbox 982 2733 1090 2771; x_wconf 79' lang='grc' dir='ltr'>κα·</span> <span class='ocrx_word' id='word_1_246' title='bbox 1198 2716 1317 2769; x_wconf 83' lang='grc' dir='ltr'><strong>τῶν</strong></span> <span class='ocrx_word' id='word_1_247' title='bbox 1348 2716 1677 2786; x_wconf 76' lang='grc' dir='ltr'>φωτισθέν-</span> 
     </span>
    </p>
   </div>
   <div class='ocr_carea' id='block_1_40' title="bbox 96 2806 1347 2876">
    <p class='ocr_par' dir='ltr' id='par_1_40' title="bbox 96 2806 1347 2876">
     <span class='ocr_line' id='line_1_40' title="bbox 96 2806 1347 2876; baseline 0 -14"><span class='ocrx_word' id='word_1_248' title='bbox 96 2823 268 2875; x_wconf 82' lang='grc' dir='ltr'>στων,</span> <span class='ocrx_word' id='word_1_249' title='bbox 686 2806 1023 2876; x_wconf 82' lang='grc' dir='ltr'>θαρθέντων</span> <span class='ocrx_word' id='word_1_250' title='bbox 1047 2848 1063 2874; x_wconf 86' lang='grc'><strong>,</strong></span> <span class='ocrx_word' id='word_1_251' title='bbox 1210 2818 1347 2862; x_wconf 73' lang='grc' dir='ltr'>των.</span> 
     </span>
    </p>
   </div>
   <div class='ocr_carea' id='block_1_41' title="bbox 457 2986 1325 3059">
    <p class='ocr_par' dir='ltr' id='par_1_41' title="bbox 457 2986 1325 3059">
     <span class='ocr_line' id='line_1_41' title="bbox 457 2986 1325 3059; baseline -0.001 -16"><span class='ocrx_word' id='word_1_252' title='bbox 457 2989 528 3043; x_wconf 85' lang='grc' dir='ltr'><strong>Ἦ</strong></span> <span class='ocrx_word' id='word_1_253' title='bbox 572 2986 684 3042; x_wconf 85' lang='grc' dir='ltr'>τῶν</span> <span class='ocrx_word' id='word_1_254' title='bbox 712 2987 1055 3059; x_wconf 77' lang='grc' dir='ltr'>τελουμένων</span> <span class='ocrx_word' id='word_1_255' title='bbox 1094 2988 1325 3059; x_wconf 84' lang='grc' dir='ltr'>δύναμις</span> 
     </span>
    </p>
   </div>
   <div class='ocr_carea' id='block_1_42' title="bbox 228 3080 1555 3152">
    <p class='ocr_par' dir='ltr' id='par_1_42' title="bbox 228 3080 1555 3152">
     <span class='ocr_line' id='line_1_42' title="bbox 228 3080 1555 3152; baseline -0.002 -14"><span class='ocrx_word' id='word_1_256' title='bbox 228 3087 311 3151; x_wconf 84' lang='grc' dir='ltr'>εις</span> <span class='ocrx_word' id='word_1_257' title='bbox 338 3087 548 3139; x_wconf 83' lang='grc' dir='ltr'>καθαι-</span> <span class='ocrx_word' id='word_1_258' title='bbox 686 3083 776 3149; x_wconf 79' lang='grc' dir='ltr'>εις</span> <span class='ocrx_word' id='word_1_259' title='bbox 807 3080 1041 3152; x_wconf 74' lang='grc' dir='ltr'>φωτιζο-</span> <span class='ocrx_word' id='word_1_260' title='bbox 1182 3084 1270 3148; x_wconf 81' lang='grc' dir='ltr'>εις</span> <span class='ocrx_word' id='word_1_261' title='bbox 1297 3084 1555 3136; x_wconf 73' lang='grc' dir='ltr'>τελειου-</span> 
     </span>
    </p>
   </div>
   <div class='ocr_carea' id='block_1_43' title="bbox 226 3171 1423 3247">
    <p class='ocr_par' dir='ltr' id='par_1_43' title="bbox 226 3171 1423 3247">
     <span class='ocr_line' id='line_1_43' title="bbox 226 3171 1423 3247; baseline 0 -17"><span class='ocrx_word' id='word_1_262' title='bbox 226 3176 549 3247; x_wconf 52' lang='grc' dir='ltr'>ρομένουςλ,</span> <span class='ocrx_word' id='word_1_263' title='bbox 688 3172 935 3245; x_wconf 48' lang='grc' dir='ltr'>μένους</span> <span class='ocrx_word' id='word_1_264' title='bbox 1176 3171 1423 3245; x_wconf 67' lang='lat' dir='ltr'><strong>perduc.</strong></span> 
     </span>
    </p>
   </div>
   <div class='ocr_carea' id='block_1_44' title="bbox 170 3348 1676 3426">
    <p class='ocr_par' dir='ltr' id='par_1_44' title="bbox 170 3348 1676 3426">
     <span class='ocr_line' id='line_1_44' title="bbox 170 3348 1676 3426; baseline -0.001 -18"><span class='ocrx_word' id='word_1_265' title='bbox 170 3353 197 3426; x_wconf 82' lang='lat'><strong>§</strong></span> <span class='ocrx_word' id='word_1_266' title='bbox 229 3356 316 3408; x_wconf 83' lang='lat' dir='ltr'><strong>Ill.</strong></span> <span class='ocrx_word' id='word_1_267' title='bbox 351 3355 622 3422; x_wconf 81' lang='grc' dir='ltr'>Δύναμιν</span> <span class='ocrx_word' id='word_1_268' title='bbox 651 3354 768 3425; x_wconf 80' lang='grc' dir='ltr'>τὴν</span> <span class='ocrx_word' id='word_1_269' title='bbox 799 3348 984 3419; x_wconf 78' lang='grc' dir='ltr'>ἱεράν.</span> <span class='ocrx_word' id='word_1_270' title='bbox 1032 3350 1120 3403; x_wconf 87' lang='grc' dir='ltr'>Ἐν</span> <span class='ocrx_word' id='word_1_271' title='bbox 1161 3350 1372 3417; x_wconf 80' lang='grc' dir='ltr'>τούτοις</span> <span class='ocrx_word' id='word_1_272' title='bbox 1403 3352 1676 3425; x_wconf 85' lang='grc' dir='ltr'>σκόπησον</span> 
     </span>
    </p>
   </div>
   <div class='ocr_carea' id='block_1_45' title="bbox 101 3441 1679 3518">
    <p class='ocr_par' dir='ltr' id='par_1_45' title="bbox 101 3441 1679 3518">
     <span class='ocr_line' id='line_1_45' title="bbox 101 3441 1679 3518; baseline 0 -20"><span class='ocrx_word' id='word_1_273' title='bbox 101 3446 355 3517; x_wconf 54' lang='lat' dir='ltr'><strong>cauponii);</strong></span> <span class='ocrx_word' id='word_1_274' title='bbox 390 3443 755 3516; x_wconf 81' lang='grc' dir='ltr'>δεικνυμὲνην</span> <span class='ocrx_word' id='word_1_275' title='bbox 787 3441 888 3515; x_wconf 69' lang='grc' dir='ltr'><strong>τὴν</strong></span> <span class='ocrx_word' id='word_1_276' title='bbox 926 3442 1211 3515; x_wconf 80' lang='grc' dir='ltr'>τριαδικην</span> <span class='ocrx_word' id='word_1_277' title='bbox 1251 3444 1351 3516; x_wconf 84' lang='grc' dir='ltr'>τῆς</span> <span class='ocrx_word' id='word_1_278' title='bbox 1398 3444 1679 3518; x_wconf 84' lang='grc' dir='ltr'>ῐεραρχίας</span> 
     </span>
    </p>
   </div>
   <div class='ocr_carea' id='block_1_46' title="bbox 100 3540 368 3611">
    <p class='ocr_par' dir='ltr' id='par_1_46' title="bbox 100 3540 368 3611">
     <span class='ocr_line' id='line_1_46' title="bbox 100 3540 368 3611; baseline 0.004 -19"><span class='ocrx_word' id='word_1_279' title='bbox 100 3540 368 3611; x_wconf 79' lang='grc' dir='ltr'>διαίρεσιν.</span> 
     </span>
    </p>
   </div>
   <div class='ocr_carea' id='block_1_47' title="bbox 175 3627 1511 3701">
    <p class='ocr_par' dir='ltr' id='par_1_47' title="bbox 175 3627 1511 3701">
     <span class='ocr_line' id='line_1_47' title="bbox 175 3627 1511 3701; baseline -0.003 -14"><span class='ocrx_word' id='word_1_280' title='bbox 175 3632 241 3687; x_wconf 87' lang='grc' dir='ltr'>Ἡ</span> <span class='ocrx_word' id='word_1_281' title='bbox 268 3631 334 3684; x_wconf 81' lang='grc' dir='ltr'>δὲ</span> <span class='ocrx_word' id='word_1_282' title='bbox 365 3632 488 3685; x_wconf 85' lang='grc' dir='ltr'><strong>τῶν</strong></span> <span class='ocrx_word' id='word_1_283' title='bbox 519 3628 860 3701; x_wconf 73' lang='grc' dir='ltr'>ίερουργῶν.</span> <span class='ocrx_word' id='word_1_284' title='bbox 888 3628 1028 3701; x_wconf 59' lang='grc' dir='ltr'><strong>Περὶ⁵</strong></span> <span class='ocrx_word' id='word_1_285' title='bbox 1055 3628 1166 3682; x_wconf 84' lang='grc' dir='ltr'><strong>τῶν</strong></span> <span class='ocrx_word' id='word_1_286' title='bbox 1192 3627 1511 3684; x_wconf 81' lang='grc' dir='ltr'>τελούντων.</span> 
     </span>
    </p>
   </div>
   <div class='ocr_carea' id='block_1_48' title="bbox 175 3720 1678 3794">
    <p class='ocr_par' dir='ltr' id='par_1_48' title="bbox 175 3720 1678 3794">
     <span class='ocr_line' id='line_1_48' title="bbox 175 3720 1678 3794; baseline -0.002 -16"><span class='ocrx_word' id='word_1_287' title='bbox 175 3723 596 3792; x_wconf 76' lang='grc' dir='ltr'>Ἁποκαθαίρει.</span> <span class='ocrx_word' id='word_1_288' title='bbox 632 3723 696 3775; x_wconf 91' lang='grc' dir='ltr'>Τί</span> <span class='ocrx_word' id='word_1_289' title='bbox 729 3724 875 3776; x_wconf 76' lang='grc' dir='ltr'>ἐστιν</span> <span class='ocrx_word' id='word_1_290' title='bbox 912 3720 1304 3794; x_wconf 73' lang='grc' dir='ltr'>ἀποκαθαίρειν</span> <span class='ocrx_word' id='word_1_291' title='bbox 1333 3722 1398 3788; x_wconf 64' lang='grc'><strong>³⁸,</strong></span> <span class='ocrx_word' id='word_1_292' title='bbox 1421 3722 1517 3775; x_wconf 80' lang='grc' dir='ltr'>καὶ</span> <span class='ocrx_word' id='word_1_293' title='bbox 1536 3721 1590 3774; x_wconf 89' lang='grc' dir='ltr'>τί</span> <span class='ocrx_word' id='word_1_294' title='bbox 1618 3720 1678 3775; x_wconf 83' lang='grc' dir='ltr'><strong>τὸ</strong></span> 
     </span>
    </p>
   </div>
   <div class='ocr_carea' id='block_1_49' title="bbox 103 3808 1678 3886">
    <p class='ocr_par' dir='ltr' id='par_1_49' title="bbox 103 3808 1678 3886">
     <span class='ocr_line' id='line_1_49' title="bbox 103 3808 1678 3886; baseline -0.004 -14"><span class='ocrx_word' id='word_1_295' title='bbox 103 3819 360 3886; x_wconf 70' lang='grc' dir='ltr'>φωτίζειν,</span> <span class='ocrx_word' id='word_1_296' title='bbox 396 3818 495 3871; x_wconf 67' lang='grc' dir='ltr'>καὶ</span> <span class='ocrx_word' id='word_1_297' title='bbox 523 3816 575 3869; x_wconf 89' lang='grc' dir='ltr'>τί</span> <span class='ocrx_word' id='word_1_298' title='bbox 614 3816 677 3869; x_wconf 81' lang='grc' dir='ltr'><strong>τὸ</strong></span> <span class='ocrx_word' id='word_1_299' title='bbox 700 3814 959 3882; x_wconf 81' lang='grc' dir='ltr'>τελειοῦν,</span> <span class='ocrx_word' id='word_1_300' title='bbox 990 3808 1145 3867; x_wconf 76' lang='grc' dir='ltr'>εἶπεν</span> <span class='ocrx_word' id='word_1_301' title='bbox 1177 3813 1235 3866; x_wconf 82' lang='grc' dir='ltr'>ὲν</span> <span class='ocrx_word' id='word_1_302' title='bbox 1281 3812 1359 3885; x_wconf 81' lang='grc' dir='ltr'><strong>τῷ</strong></span> <span class='ocrx_word' id='word_1_303' title='bbox 1392 3813 1535 3881; x_wconf 80' lang='grc' dir='ltr'>Περὶ</span> <span class='ocrx_word' id='word_1_304' title='bbox 1566 3812 1678 3881; x_wconf 84' lang='grc' dir='ltr'>τῆς</span> 
     </span>
    </p>
   </div>
   <div class='ocr_carea' id='block_1_50' title="bbox 101 3903 1677 3985">
    <p class='ocr_par' dir='ltr' id='par_1_50' title="bbox 101 3903 1677 3985">
     <span class='ocr_line' id='line_1_50' title="bbox 101 3903 1677 3985; baseline -0.004 -21"><span class='ocrx_word' id='word_1_305' title='bbox 101 3910 165 3963; x_wconf 77' lang='grc' dir='ltr'>ἐν</span> <span class='ocrx_word' id='word_1_306' title='bbox 217 3911 495 3979; x_wconf 77' lang='grc' dir='ltr'>οὐρανοῖς</span> <span class='ocrx_word' id='word_1_307' title='bbox 523 3908 595 3985; x_wconf 40' lang='grc'><strong>,³⁸</strong></span> <span class='ocrx_word' id='word_1_308' title='bbox 650 3906 949 3977; x_wconf 84' lang='grc' dir='ltr'>ιεραρχίας</span> <span class='ocrx_word' id='word_1_309' title='bbox 996 3904 1276 3975; x_wconf 79' lang='grc' dir='ltr'>κεφαλαίῳ</span> <span class='ocrx_word' id='word_1_310' title='bbox 1329 3911 1378 3973; x_wconf 85' lang='grc' dir='ltr'><strong>γ’</strong></span> <span class='ocrx_word' id='word_1_311' title='bbox 1435 3903 1565 3976; x_wconf 77' lang='grc' dir='ltr'>περὶ</span> <span class='ocrx_word' id='word_1_312' title='bbox 1615 3904 1677 3958; x_wconf 78' lang='grc' dir='ltr'><strong>τὸ</strong></span> 
     </span>
    </p>
   </div>
   <div class='ocr_carea' id='block_1_51' title="bbox 100 3994 1545 4073">
    <p class='ocr_par' dir='ltr' id='par_1_51' title="bbox 100 3994 1545 4073">
     <span class='ocr_line' id='line_1_51' title="bbox 100 3994 1545 4073; baseline -0.003 -18"><span class='ocrx_word' id='word_1_313' title='bbox 100 4002 257 4068; x_wconf 77' lang='grc' dir='ltr'>τέλος,</span> <span class='ocrx_word' id='word_1_314' title='bbox 280 4005 373 4057; x_wconf 74' lang='grc' dir='ltr'>καὶ</span> <span class='ocrx_word' id='word_1_315' title='bbox 396 3999 506 4057; x_wconf 79' lang='grc' dir='ltr'><strong>ὧδε</strong></span> <span class='ocrx_word' id='word_1_316' title='bbox 532 3997 739 4073; x_wconf 79' lang='grc' dir='ltr'>προῖὼν</span> <span class='ocrx_word' id='word_1_317' title='bbox 773 3998 911 4072; x_wconf 78' lang='grc' dir='ltr'>[ἐρεῖ</span> <span class='ocrx_word' id='word_1_318' title='bbox 930 4015 945 4030; x_wconf 78' lang='grc' dir='ltr'><strong><em>ο</em></strong></span> <span class='ocrx_word' id='word_1_319' title='bbox 980 3998 1134 4066; x_wconf 84' lang='grc' dir='ltr'>αὕτη</span> <span class='ocrx_word' id='word_1_320' title='bbox 1158 3996 1228 4050; x_wconf 82' lang='grc' dir='ltr'>δὲ</span> <span class='ocrx_word' id='word_1_321' title='bbox 1258 3997 1298 4066; x_wconf 76' lang='grc' dir='ltr'>ἡ</span> <span class='ocrx_word' id='word_1_322' title='bbox 1330 3994 1545 4069; x_wconf 85' lang='grc' dir='ltr'>τριάς].</span> 
     </span>
    </p>
   </div>
   <div class='ocr_carea' id='block_1_52' title="bbox 169 4087 1677 4165">
    <p class='ocr_par' dir='ltr' id='par_1_52' title="bbox 169 4087 1677 4165">
     <span class='ocr_line' id='line_1_52' title="bbox 169 4087 1677 4165; baseline -0.006 -16"><span class='ocrx_word' id='word_1_323' title='bbox 169 4097 576 4151; x_wconf 71' lang='grc' dir='ltr'>Τελειὼσεσιν.</span> <span class='ocrx_word' id='word_1_324' title='bbox 611 4090 841 4165; x_wconf 82' lang='grc' dir='ltr'>Πρώτην</span> <span class='ocrx_word' id='word_1_325' title='bbox 873 4090 935 4144; x_wconf 77' lang='grc' dir='ltr'><strong>τὸ</strong></span> <span class='ocrx_word' id='word_1_326' title='bbox 964 4090 1245 4163; x_wconf 87' lang='grc' dir='ltr'>καθαίρειν</span> <span class='ocrx_word' id='word_1_327' title='bbox 1288 4090 1419 4153; x_wconf 84' lang='grc' dir='ltr'>τοὺς</span> <span class='ocrx_word' id='word_1_328' title='bbox 1454 4087 1677 4144; x_wconf 80' lang='grc' dir='ltr'>ἀτελέσ-</span> 
     </span>
    </p>
   </div>
   <div class='ocr_carea' id='block_1_53' title="bbox 100 4180 1677 4261">
    <p class='ocr_par' dir='ltr' id='par_1_53' title="bbox 100 4180 1677 4261">
     <span class='ocr_line' id='line_1_53' title="bbox 100 4180 1677 4261; baseline -0.004 -20"><span class='ocrx_word' id='word_1_329' title='bbox 100 4204 215 4252; x_wconf 82' lang='grc' dir='ltr'>τους</span> <span class='ocrx_word' id='word_1_330' title='bbox 235 4206 250 4221; x_wconf 92' lang='grc'><strong>·</strong></span> <span class='ocrx_word' id='word_1_331' title='bbox 288 4190 462 4261; x_wconf 82' lang='grc' dir='ltr'><strong>μέσην</strong></span> <span class='ocrx_word' id='word_1_332' title='bbox 489 4186 611 4240; x_wconf 83' lang='grc' dir='ltr'>καθ’</span> <span class='ocrx_word' id='word_1_333' title='bbox 642 4186 710 4258; x_wconf 77' lang='grc' dir='ltr'>ὴν</span> <span class='ocrx_word' id='word_1_334' title='bbox 742 4184 935 4249; x_wconf 77' lang='grc' dir='ltr'>ἄλλους</span> <span class='ocrx_word' id='word_1_335' title='bbox 966 4183 1194 4256; x_wconf 83' lang='grc' dir='ltr'>μυοῦσιν</span> <span class='ocrx_word' id='word_1_336' title='bbox 1213 4198 1230 4214; x_wconf 76' lang='grc' dir='ltr'><strong><em>ο</em></strong></span> <span class='ocrx_word' id='word_1_337' title='bbox 1265 4182 1503 4255; x_wconf 76' lang='grc' dir='ltr'><strong>ἐσχάτην</strong></span> <span class='ocrx_word' id='word_1_338' title='bbox 1527 4181 1586 4236; x_wconf 82' lang='grc' dir='ltr'>δὲ</span> <span class='ocrx_word' id='word_1_339' title='bbox 1616 4180 1677 4235; x_wconf 83' lang='grc' dir='ltr'>τὸ</span> 
     </span>
    </p>
   </div>
   <div class='ocr_carea' id='block_1_54' title="bbox 99 4280 663 4352">
    <p class='ocr_par' dir='ltr' id='par_1_54' title="bbox 99 4280 663 4352">
     <span class='ocr_line' id='line_1_54' title="bbox 99 4280 663 4352; baseline 0 -21"><span class='ocrx_word' id='word_1_340' title='bbox 99 4280 442 4352; x_wconf 81' lang='grc' dir='ltr'>τελειωθῆναι</span> <span class='ocrx_word' id='word_1_341' title='bbox 479 4280 663 4351; x_wconf 77' lang='grc' dir='ltr'>μόνον.</span> 
     </span>
    </p>
   </div>
   <div class='ocr_carea' id='block_1_55' title="bbox 175 4364 1676 4442">
    <p class='ocr_par' dir='ltr' id='par_1_55' title="bbox 175 4364 1676 4442">
     <span class='ocr_line' id='line_1_55' title="bbox 175 4364 1676 4442; baseline -0.005 -15"><span class='ocrx_word' id='word_1_342' title='bbox 175 4374 239 4427; x_wconf 83' lang='grc' dir='ltr'><em>Ἡ</em></span> <span class='ocrx_word' id='word_1_343' title='bbox 266 4373 467 4442; x_wconf 80' lang='grc' dir='ltr'>πρώτη</span> <span class='ocrx_word' id='word_1_344' title='bbox 497 4373 633 4442; x_wconf 81' lang='grc' dir='ltr'>μέν.</span> <span class='ocrx_word' id='word_1_345' title='bbox 677 4366 824 4425; x_wconf 58' lang='grc' dir='ltr'>Ἀντί</span> <span class='ocrx_word' id='word_1_346' title='bbox 849 4369 943 4424; x_wconf 82' lang='grc' dir='ltr'>τοῦ</span> <span class='ocrx_word' id='word_1_347' title='bbox 984 4371 1020 4440; x_wconf 79' lang='grc' dir='ltr'><strong>η</strong></span> <span class='ocrx_word' id='word_1_348' title='bbox 1046 4367 1206 4441; x_wconf 82' lang='grc' dir='ltr'>τριὰς</span> <span class='ocrx_word' id='word_1_349' title='bbox 1248 4367 1358 4422; x_wconf 85' lang='grc' dir='ltr'>τῶν</span> <span class='ocrx_word' id='word_1_350' title='bbox 1404 4364 1676 4437; x_wconf 75' lang='grc' dir='ltr'>ὑποϐεϐη-</span> 
     </span>
    </p>
   </div>
   <div class='ocr_carea' id='block_1_56' title="bbox 107 4466 521 4530">
    <p class='ocr_par' dir='ltr' id='par_1_56' title="bbox 107 4466 521 4530">
     <span class='ocr_line' id='line_1_56' title="bbox 107 4466 521 4530; baseline -0.005 -11"><span class='ocrx_word' id='word_1_351' title='bbox 107 4467 255 4520; x_wconf 73' lang='grc' dir='ltr'>ιυιῶν</span> <span class='ocrx_word' id='word_1_352' title='bbox 284 4466 521 4530; x_wconf 80' lang='grc' dir='ltr'>τάξεων.</span> 
     </span>
    </p>
   </div>
   <div class='ocr_carea' id='block_1_57' title="bbox 176 4553 1565 4627">
    <p class='ocr_par' dir='ltr' id='par_1_57' title="bbox 176 4553 1565 4627">
     <span class='ocr_line' id='line_1_57' title="bbox 176 4553 1565 4627; baseline -0.004 -12"><span class='ocrx_word' id='word_1_353' title='bbox 176 4560 240 4614; x_wconf 85' lang='grc' dir='ltr'>Ἡ</span> <span class='ocrx_word' id='word_1_354' title='bbox 267 4557 515 4627; x_wconf 76' lang='grc' dir='ltr'>τρισσή.</span> <span class='ocrx_word' id='word_1_355' title='bbox 549 4556 645 4620; x_wconf 89' lang='grc' dir='ltr'><strong>Τίς</strong></span> <span class='ocrx_word' id='word_1_356' title='bbox 677 4558 711 4626; x_wconf 84' lang='grc' dir='ltr'>ἡ</span> <span class='ocrx_word' id='word_1_357' title='bbox 735 4556 930 4627; x_wconf 81' lang='grc' dir='ltr'>τρισσὴ</span> <span class='ocrx_word' id='word_1_358' title='bbox 958 4553 1187 4626; x_wconf 87' lang='grc' dir='ltr'>δύναμις</span> <span class='ocrx_word' id='word_1_359' title='bbox 1214 4554 1323 4608; x_wconf 86' lang='grc' dir='ltr'>τῶν</span> <span class='ocrx_word' id='word_1_360' title='bbox 1354 4554 1565 4626; x_wconf 82' lang='grc' dir='ltr'>ἱερέων.</span> 
     </span>
    </p>
   </div>
   <div class='ocr_carea' id='block_1_58' title="bbox 166 4647 1455 4719">
    <p class='ocr_par' dir='ltr' id='par_1_58' title="bbox 166 4647 1455 4719">
     <span class='ocr_line' id='line_1_58' title="bbox 166 4647 1455 4719; baseline -0.006 -12"><span class='ocrx_word' id='word_1_361' title='bbox 166 4652 495 4717; x_wconf 80' lang='grc' dir='ltr'>Συνάξεως.</span> <span class='ocrx_word' id='word_1_362' title='bbox 544 4650 677 4702; x_wconf 78' lang='grc' dir='ltr'>Ἀπὸ</span> <span class='ocrx_word' id='word_1_363' title='bbox 704 4647 883 4702; x_wconf 83' lang='grc' dir='ltr'>κοινοῦ</span> <span class='ocrx_word' id='word_1_364' title='bbox 917 4648 997 4714; x_wconf 81' lang='grc' dir='ltr'>τὸ,</span> <span class='ocrx_word' id='word_1_365' title='bbox 1026 4647 1455 4719; x_wconf 82' lang='grc' dir='ltr'>ἀποδειχθείσης.</span> 
     </span>
    </p>
   </div>
   <div class='ocr_carea' id='block_1_59' title="bbox 167 4738 1674 4813">
    <p class='ocr_par' dir='ltr' id='par_1_59' title="bbox 167 4738 1674 4813">
     <span class='ocr_line' id='line_1_59' title="bbox 167 4738 1674 4813; baseline -0.005 -14"><span class='ocrx_word' id='word_1_366' title='bbox 167 4745 287 4799; x_wconf 80' lang='grc' dir='ltr'><strong>Νῦν</strong></span> <span class='ocrx_word' id='word_1_367' title='bbox 315 4744 383 4798; x_wconf 83' lang='grc' dir='ltr'>δὲ</span> <span class='ocrx_word' id='word_1_368' title='bbox 414 4744 555 4809; x_wconf 83' lang='grc' dir='ltr'>τήν.</span> <span class='ocrx_word' id='word_1_369' title='bbox 596 4743 690 4795; x_wconf 84' lang='grc' dir='ltr'>Ἐκ</span> <span class='ocrx_word' id='word_1_370' title='bbox 722 4740 831 4813; x_wconf 80' lang='grc' dir='ltr'><strong>γὰρ</strong></span> <span class='ocrx_word' id='word_1_371' title='bbox 868 4741 977 4793; x_wconf 86' lang='grc' dir='ltr'>τῶν</span> <span class='ocrx_word' id='word_1_372' title='bbox 1018 4738 1177 4794; x_wconf 89' lang='grc' dir='ltr'>θείων</span> <span class='ocrx_word' id='word_1_373' title='bbox 1210 4740 1443 4812; x_wconf 86' lang='grc' dir='ltr'>Γραφῶν</span> <span class='ocrx_word' id='word_1_374' title='bbox 1480 4739 1674 4794; x_wconf 86' lang='grc' dir='ltr'>καθαι-</span> 
     </span>
    </p>
   </div>
   <div class='ocr_carea' id='block_1_60' title="bbox 106 4832 1673 4913">
    <p class='ocr_par' dir='ltr' id='par_1_60' title="bbox 106 4832 1673 4913">
     <span class='ocr_line' id='line_1_60' title="bbox 106 4832 1673 4913; baseline -0.005 -20"><span class='ocrx_word' id='word_1_375' title='bbox 106 4838 294 4909; x_wconf 77' lang='grc' dir='ltr'>ρόμεθα</span> <span class='ocrx_word' id='word_1_376' title='bbox 316 4839 413 4893; x_wconf 75' lang='grc' dir='ltr'><strong>καὶ</strong></span> <span class='ocrx_word' id='word_1_377' title='bbox 434 4833 824 4907; x_wconf 79' lang='grc' dir='ltr'>ὲλλαμπόμεθα</span> <span class='ocrx_word' id='word_1_378' title='bbox 850 4835 985 4906; x_wconf 84' lang='grc' dir='ltr'>πρὸς</span> <span class='ocrx_word' id='word_1_379' title='bbox 1002 4832 1100 4904; x_wconf 84' lang='grc' dir='ltr'><strong>τὴν</strong></span> <span class='ocrx_word' id='word_1_380' title='bbox 1125 4832 1274 4913; x_wconf 78' lang='grc' dir='ltr'>ἱερὰν</span> <span class='ocrx_word' id='word_1_381' title='bbox 1296 4832 1635 4903; x_wconf 84' lang='grc' dir='ltr'>θεογενεσίαν</span> <span class='ocrx_word' id='word_1_382' title='bbox 1657 4848 1673 4865; x_wconf 79' lang='grc' dir='ltr'><strong><em>ο</em></strong></span> 
     </span>
    </p>
   </div>
   <div class='ocr_carea' id='block_1_61' title="bbox 104 4924 1677 5003">
    <p class='ocr_par' dir='ltr' id='par_1_61' title="bbox 104 4924 1677 5003">
     <span class='ocr_line' id='line_1_61' title="bbox 104 4924 1677 5003; baseline -0.004 -20"><span class='ocrx_word' id='word_1_383' title='bbox 104 4933 165 4984; x_wconf 83' lang='grc' dir='ltr'>ὲκ</span> <span class='ocrx_word' id='word_1_384' title='bbox 190 4934 281 5003; x_wconf 82' lang='grc' dir='ltr'>τῆς</span> <span class='ocrx_word' id='word_1_385' title='bbox 312 4930 588 4998; x_wconf 79' lang='grc' dir='ltr'>συνάξεως</span> <span class='ocrx_word' id='word_1_386' title='bbox 612 4928 669 4981; x_wconf 84' lang='grc' dir='ltr'><strong>δὲ</strong></span> <span class='ocrx_word' id='word_1_387' title='bbox 702 4927 798 4981; x_wconf 73' lang='grc' dir='ltr'>καὶ</span> <span class='ocrx_word' id='word_1_388' title='bbox 825 4927 925 4999; x_wconf 86' lang='grc' dir='ltr'>τῆς</span> <span class='ocrx_word' id='word_1_389' title='bbox 951 4924 1046 4979; x_wconf 77' lang='grc' dir='ltr'><strong>τοῦ</strong></span> <span class='ocrx_word' id='word_1_390' title='bbox 1081 4925 1252 4997; x_wconf 84' lang='grc' dir='ltr'>μύρου</span> <span class='ocrx_word' id='word_1_391' title='bbox 1291 4924 1515 4995; x_wconf 82' lang='grc' dir='ltr'>τελετῆς</span> <span class='ocrx_word' id='word_1_392' title='bbox 1556 4926 1677 4977; x_wconf 78' lang='grc' dir='ltr'>επι-</span> 
     </span>
    </p>
   </div>
   <div class='ocr_carea' id='block_1_62' title="bbox 106 5016 1674 5096">
    <p class='ocr_par' dir='ltr' id='par_1_62' title="bbox 106 5016 1674 5096">
     <span class='ocr_line' id='line_1_62' title="bbox 106 5016 1674 5096; baseline -0.004 -20"><span class='ocrx_word' id='word_1_393' title='bbox 106 5025 373 5096; x_wconf 85' lang='grc' dir='ltr'>στημόνως</span> <span class='ocrx_word' id='word_1_394' title='bbox 430 5021 805 5092; x_wconf 85' lang='grc' dir='ltr'>τελειούμεθα.</span> <span class='ocrx_word' id='word_1_395' title='bbox 883 5019 1198 5090; x_wconf 80' lang='grc' dir='ltr'>Σημείωσαι</span> <span class='ocrx_word' id='word_1_396' title='bbox 1273 5018 1368 5071; x_wconf 75' lang='grc' dir='ltr'><strong>καὶ</strong></span> <span class='ocrx_word' id='word_1_397' title='bbox 1439 5016 1674 5071; x_wconf 74' lang='grc' dir='ltr'>ἐνταῦθα</span> 
     </span>
    </p>
   </div>
   <div class='ocr_carea' id='block_1_63' title="bbox 103 5109 1387 5186">
    <p class='ocr_par' dir='ltr' id='par_1_63' title="bbox 103 5109 1387 5186">
     <span class='ocr_line' id='line_1_63' title="bbox 103 5109 1387 5186; baseline -0.003 -18"><span class='ocrx_word' id='word_1_398' title='bbox 103 5116 290 5186; x_wconf 82' lang='grc' dir='ltr'>ὁμοίως</span> <span class='ocrx_word' id='word_1_399' title='bbox 314 5114 654 5186; x_wconf 77' lang='grc' dir='ltr'>δηλουμένην</span> <span class='ocrx_word' id='word_1_400' title='bbox 678 5112 777 5185; x_wconf 82' lang='grc' dir='ltr'>τὴν</span> <span class='ocrx_word' id='word_1_401' title='bbox 798 5111 1081 5183; x_wconf 84' lang='grc' dir='ltr'>τριαδικὴν</span> <span class='ocrx_word' id='word_1_402' title='bbox 1106 5109 1387 5181; x_wconf 79' lang='grc' dir='ltr'>διαίρεσιν.</span> 
     </span>
    </p>
   </div>
   <div class='ocr_carea' id='block_1_64' title="bbox 108 5194 1673 5280">
    <p class='ocr_par' dir='ltr' id='par_1_64' title="bbox 108 5194 1673 5280">
     <span class='ocr_line' id='line_1_64' title="bbox 108 5194 1673 5280; baseline -0.004 -20"><span class='ocrx_word' id='word_1_403' title='bbox 108 5206 254 5280; x_wconf 77' lang='grc' dir='ltr'>[Περὶ</span> <span class='ocrx_word' id='word_1_404' title='bbox 280 5210 511 5275; x_wconf 79' lang='grc' dir='ltr'>τάξεων,</span> <span class='ocrx_word' id='word_1_405' title='bbox 531 5208 649 5277; x_wconf 67' lang='grc' dir='ltr'>ἢτοι</span> <span class='ocrx_word' id='word_1_406' title='bbox 683 5202 812 5274; x_wconf 71' lang='grc' dir='ltr'>περὶ</span> <span class='ocrx_word' id='word_1_407' title='bbox 840 5203 948 5256; x_wconf 86' lang='grc' dir='ltr'><strong>τῶν</strong></span> <span class='ocrx_word' id='word_1_408' title='bbox 982 5201 1271 5273; x_wconf 84' lang='grc' dir='ltr'>ἱερατικῶν</span> <span class='ocrx_word' id='word_1_409' title='bbox 1295 5194 1673 5276; x_wconf 66' lang='grc' dir='ltr'>τελεᾰῦσεων</span> 
     </span>
    </p>
   </div>
   <div class='ocr_carea' id='block_1_65' title="bbox 366 5293 1403 5370">
    <p class='ocr_par' dir='ltr' id='par_1_65' title="bbox 366 5293 1403 5370">
     <span class='ocr_line' id='line_1_65' title="bbox 366 5293 1403 5370; baseline -0.007 -17"><span class='ocrx_word' id='word_1_410' title='bbox 366 5302 664 5370; x_wconf 82' lang='grc' dir='ltr'>Διαιρεῖται</span> <span class='ocrx_word' id='word_1_411' title='bbox 696 5299 729 5367; x_wconf 86' lang='grc' dir='ltr'>ὴ</span> <span class='ocrx_word' id='word_1_412' title='bbox 766 5295 1013 5368; x_wconf 81' lang='grc' dir='ltr'>ἱερατικὴ</span> <span class='ocrx_word' id='word_1_413' title='bbox 1044 5293 1403 5365; x_wconf 81' lang='grc' dir='ltr'>διακόσμησις</span> 
     </span>
    </p>
   </div>
   <div class='ocr_carea' id='block_1_66' title="bbox 105 5385 1670 5463">
    <p class='ocr_par' dir='ltr' id='par_1_66' title="bbox 105 5385 1670 5463">
     <span class='ocr_line' id='line_1_66' title="bbox 105 5385 1670 5463; baseline -0.003 -19"><span class='ocrx_word' id='word_1_414' title='bbox 105 5393 188 5457; x_wconf 83' lang='grc' dir='ltr'><strong>είς</strong></span> <span class='ocrx_word' id='word_1_415' title='bbox 214 5396 481 5463; x_wconf 82' lang='grc' dir='ltr'>καθαρτι-</span> <span class='ocrx_word' id='word_1_416' title='bbox 691 5387 1078 5459; x_wconf 71' lang='grc' dir='ltr'>φωτιστικὴν,</span> <span class='ocrx_word' id='word_1_417' title='bbox 1275 5385 1670 5454; x_wconf 55' lang='grc' dir='ltr'>τεπιωταῆν.</span> 
     </span>
    </p>
   </div>
   <div class='ocr_carea' id='block_1_67' title="bbox 108 5483 239 5555">
    <p class='ocr_par' dir='ltr' id='par_1_67' title="bbox 108 5483 239 5555">
     <span class='ocr_line' id='line_1_67' title="bbox 108 5483 239 5555; baseline 0.015 -2"><span class='ocrx_word' id='word_1_418' title='bbox 108 5483 239 5555; x_wconf 66' lang='grc' dir='ltr'>κήν.</span> 
     </span>
    </p>
   </div>
   <div class='ocr_carea' id='block_1_68' title="bbox 176 5634 1202 5701">
    <p class='ocr_par' dir='ltr' id='par_1_68' title="bbox 176 5634 1202 5701">
     <span class='ocr_line' id='line_1_68' title="bbox 176 5634 1202 5701; baseline -0.005 -5"><span class='ocrx_word' id='word_1_419' title='bbox 176 5652 203 5682; x_wconf 79' lang='grc' dir='ltr'><strong><em>ι</em></strong></span> <span class='ocrx_word' id='word_1_420' title='bbox 228 5640 395 5698; x_wconf 70' lang='lat' dir='ltr'><strong>Exod.</strong></span> <span class='ocrx_word' id='word_1_421' title='bbox 433 5655 566 5701; x_wconf 75' lang='lat' dir='ltr'><strong>xxv,</strong></span> <span class='ocrx_word' id='word_1_422' title='bbox 593 5635 680 5693; x_wconf 67' lang='grc'><strong>40.</strong></span> <span class='ocrx_word' id='word_1_423' title='bbox 738 5645 767 5687; x_wconf 70' lang='grc' dir='ltr'><strong><em>γ</em></strong></span> <span class='ocrx_word' id='word_1_424' title='bbox 794 5634 985 5691; x_wconf 81' lang='lat' dir='ltr'><strong>Matth.</strong></span> <span class='ocrx_word' id='word_1_425' title='bbox 1019 5651 1075 5700; x_wconf 77' lang='grc' dir='ltr'><strong>ν,</strong></span> <span class='ocrx_word' id='word_1_426' title='bbox 1114 5634 1202 5691; x_wconf 83' lang='lat' dir='ltr'><strong>l7.</strong></span> 
     </span>
    </p>
   </div>
   <div class='ocr_carea' id='block_1_69' title="bbox 1786 1990 3367 2072">
    <p class='ocr_par' dir='ltr' id='par_1_69' title="bbox 1786 1990 3367 2072">
     <span class='ocr_line' id='line_1_69' title="bbox 1786 1990 3367 2072; baseline 0.007 -28"><span class='ocrx_word' id='word_1_427' title='bbox 1786 1990 1956 2046; x_wconf 90' lang='lat' dir='ltr'><strong>estin</strong></span> <span class='ocrx_word' id='word_1_428' title='bbox 1986 2005 2201 2046; x_wconf 87' lang='lat' dir='ltr'><strong>sacram</strong></span> <span class='ocrx_word' id='word_1_429' title='bbox 2250 1990 2568 2059; x_wconf 84' lang='lat' dir='ltr'><strong>scientiam,</strong></span> <span class='ocrx_word' id='word_1_430' title='bbox 2592 1997 2646 2048; x_wconf 91' lang='lat' dir='ltr'><strong>et</strong></span> <span class='ocrx_word' id='word_1_431' title='bbox 2685 1996 3006 2066; x_wconf 79' lang='lat' dir='ltr'><strong>magistros.</strong></span> <span class='ocrx_word' id='word_1_432' title='bbox 3028 2004 3080 2054; x_wconf 88' lang='lat' dir='ltr'><strong>et</strong></span> <span class='ocrx_word' id='word_1_433' title='bbox 3121 2000 3367 2072; x_wconf 88' lang='lat' dir='ltr'><strong>discipu-</strong></span> 
     </span>
    </p>
   </div>
   <div class='ocr_carea' id='block_1_70' title="bbox 1784 2082 1886 2139">
    <p class='ocr_par' dir='ltr' id='par_1_70' title="bbox 1784 2082 1886 2139">
     <span class='ocr_line' id='line_1_70' title="bbox 1784 2082 1886 2139; baseline 0.02 -2"><span class='ocrx_word' id='word_1_434' title='bbox 1784 2082 1886 2139; x_wconf 91' lang='lat' dir='ltr'><strong>los.</strong></span> 
     </span>
    </p>
   </div>
   <div class='ocr_carea' id='block_1_71' title="bbox 1854 2176 2937 2256">
    <p class='ocr_par' dir='ltr' id='par_1_71' title="bbox 1854 2176 2937 2256">
     <span class='ocr_line' id='line_1_71' title="bbox 1854 2176 2937 2256; baseline 0.011 -27"><span class='ocrx_word' id='word_1_435' title='bbox 1854 2176 1991 2244; x_wconf 61' lang='lat' dir='ltr'><strong>Quae</strong></span> <span class='ocrx_word' id='word_1_436' title='bbox 2022 2187 2208 2232; x_wconf 79' lang='lat' dir='ltr'><strong>nostra</strong></span> <span class='ocrx_word' id='word_1_437' title='bbox 2232 2178 2363 2235; x_wconf 62' lang='lat' dir='ltr'><strong>haec.</strong></span> <span class='ocrx_word' id='word_1_438' title='bbox 2396 2180 2454 2237; x_wconf 83' lang='lat' dir='ltr'><strong>id</strong></span> <span class='ocrx_word' id='word_1_439' title='bbox 2488 2191 2574 2241; x_wconf 86' lang='lat' dir='ltr'><strong>est</strong></span> <span class='ocrx_word' id='word_1_440' title='bbox 2598 2180 2937 2256; x_wconf 78' lang='lat' dir='ltr'><strong>angelorum.</strong></span> 
     </span>
    </p>
   </div>
   <div class='ocr_carea' id='block_1_72' title="bbox 2097 2269 3070 2332">
    <p class='ocr_par' dir='ltr' id='par_1_72' title="bbox 2097 2269 3070 2332">
     <span class='ocr_line' id='line_1_72' title="bbox 2097 2269 3070 2332; baseline 0.008 -9"><span class='ocrx_word' id='word_1_441' title='bbox 2097 2269 2368 2327; x_wconf 82' lang='lat' dir='ltr'><strong>Dividitur</strong></span> <span class='ocrx_word' id='word_1_442' title='bbox 2398 2274 2647 2331; x_wconf 90' lang='lat' dir='ltr'><strong>initiandi</strong></span> <span class='ocrx_word' id='word_1_443' title='bbox 2671 2291 2829 2331; x_wconf 86' lang='lat' dir='ltr'><strong>sacra</strong></span> <span class='ocrx_word' id='word_1_444' title='bbox 2861 2275 3070 2332; x_wconf 83' lang='lat' dir='ltr'><strong>functio</strong></span> 
     </span>
    </p>
   </div>
   <div class='ocr_carea' id='block_1_73' title="bbox 1782 2363 2730 2433">
    <p class='ocr_par' dir='ltr' id='par_1_73' title="bbox 1782 2363 2730 2433">
     <span class='ocr_line' id='line_1_73' title="bbox 1782 2363 2730 2433; baseline 0.008 -17"><span class='ocrx_word' id='word_1_445' title='bbox 1782 2363 1838 2416; x_wconf 88' lang='lat' dir='ltr'><strong><em>in</em></strong></span> <span class='ocrx_word' id='word_1_446' title='bbox 1896 2364 2173 2433; x_wconf 88' lang='lat' dir='ltr'><strong>purgatio-</strong></span> <span class='ocrx_word' id='word_1_447' title='bbox 2466 2368 2730 2424; x_wconf 86' lang='lat' dir='ltr'><strong>eruditio--</strong></span> 
     </span>
    </p>
   </div>
   <div class='ocr_carea' id='block_1_74' title="bbox 1785 2472 1920 2520">
    <p class='ocr_par' dir='ltr' id='par_1_74' title="bbox 1785 2472 1920 2520">
     <span class='ocr_line' id='line_1_74' title="bbox 1785 2472 1920 2520; baseline 0.007 -12"><span class='ocrx_word' id='word_1_448' title='bbox 1785 2472 1920 2520; x_wconf 85' lang='lat' dir='ltr'><strong><em>nem,</em></strong></span> 
     </span>
    </p>
   </div>
   <div class='ocr_carea' id='block_1_75' title="bbox 3080 2370 3362 2438">
    <p class='ocr_par' dir='ltr' id='par_1_75' title="bbox 3080 2370 3362 2438">
     <span class='ocr_line' id='line_1_75' title="bbox 3080 2370 3362 2438; baseline 0.011 -16"><span class='ocrx_word' id='word_1_449' title='bbox 3080 2370 3362 2438; x_wconf 77' lang='lat' dir='ltr'><strong>perfectio-</strong></span> 
     </span>
    </p>
   </div>
   <div class='ocr_carea' id='block_1_76' title="bbox 2473 2476 3218 2525">
    <p class='ocr_par' dir='ltr' id='par_1_76' title="bbox 2473 2476 3218 2525">
     <span class='ocr_line' id='line_1_76' title="bbox 2473 2476 3218 2525; baseline 0.001 -11"><span class='ocrx_word' id='word_1_450' title='bbox 2473 2476 2613 2525; x_wconf 86' lang='lat' dir='ltr'><strong><em>nem,</em></strong></span> <span class='ocrx_word' id='word_1_451' title='bbox 3081 2478 3218 2517; x_wconf 86' lang='lat' dir='ltr'><strong>nem.</strong></span> 
     </span>
    </p>
   </div>
   <div class='ocr_carea' id='block_1_77' title="bbox 2031 2546 3087 2623">
    <p class='ocr_par' dir='ltr' id='par_1_77' title="bbox 2031 2546 3087 2623">
     <span class='ocr_line' id='line_1_77' title="bbox 2031 2546 3087 2623; baseline 0.008 -22"><span class='ocrx_word' id='word_1_452' title='bbox 2031 2546 2233 2603; x_wconf 84' lang='lat' dir='ltr'><strong>Eorum</strong></span> <span class='ocrx_word' id='word_1_453' title='bbox 2271 2550 2366 2622; x_wconf 88' lang='lat' dir='ltr'><strong>qui</strong></span> <span class='ocrx_word' id='word_1_454' title='bbox 2411 2567 2568 2607; x_wconf 88' lang='lat' dir='ltr'><strong>sacra</strong></span> <span class='ocrx_word' id='word_1_455' title='bbox 2606 2551 2915 2623; x_wconf 75' lang='lat' dir='ltr'><strong>perficiunt,</strong></span> <span class='ocrx_word' id='word_1_456' title='bbox 2952 2555 3087 2611; x_wconf 88' lang='lat' dir='ltr'><strong>ordo</strong></span> 
     </span>
    </p>
   </div>
   <div class='ocr_carea' id='block_1_78' title="bbox 1783 2639 3366 2719">
    <p class='ocr_par' dir='ltr' id='par_1_78' title="bbox 1783 2639 3366 2719">
     <span class='ocr_line' id='line_1_78' title="bbox 1783 2639 3366 2719; baseline 0.007 -27"><span class='ocrx_word' id='word_1_457' title='bbox 1783 2639 1839 2693; x_wconf 88' lang='lat' dir='ltr'><strong><em>in</em></strong></span> <span class='ocrx_word' id='word_1_458' title='bbox 1904 2654 2105 2710; x_wconf 80' lang='lat' dir='ltr'><strong>purga-</strong></span> <span class='ocrx_word' id='word_1_459' title='bbox 2350 2644 2410 2697; x_wconf 81' lang='lat' dir='ltr'><strong><em>in</em></strong></span> <span class='ocrx_word' id='word_1_460' title='bbox 2473 2645 2719 2700; x_wconf 82' lang='lat' dir='ltr'><strong>illustra-</strong></span> <span class='ocrx_word' id='word_1_461' title='bbox 2968 2649 3025 2702; x_wconf 90' lang='lat' dir='ltr'><strong><em>in</em></strong></span> <span class='ocrx_word' id='word_1_462' title='bbox 3085 2640 3366 2719; x_wconf 76' lang='lat' dir='ltr'><strong>perfectio-</strong></span> 
     </span>
    </p>
   </div>
   <div class='ocr_carea' id='block_1_79' title="bbox 1784 2732 3363 2804">
    <p class='ocr_par' dir='ltr' id='par_1_79' title="bbox 1784 2732 3363 2804">
     <span class='ocr_line' id='line_1_79' title="bbox 1784 2732 3363 2804; baseline 0.006 -19"><span class='ocrx_word' id='word_1_463' title='bbox 1784 2732 1975 2787; x_wconf 88' lang='lat' dir='ltr'><strong>tionem</strong></span> <span class='ocrx_word' id='word_1_464' title='bbox 2006 2750 2096 2789; x_wconf 89' lang='lat' dir='ltr'><strong>eo-</strong></span> <span class='ocrx_word' id='word_1_465' title='bbox 2348 2737 2543 2792; x_wconf 81' lang='lat' dir='ltr'><strong>tionem</strong></span> <span class='ocrx_word' id='word_1_466' title='bbox 2625 2756 2716 2794; x_wconf 88' lang='lat' dir='ltr'><strong>eo-</strong></span> <span class='ocrx_word' id='word_1_467' title='bbox 2966 2758 3083 2797; x_wconf 89' lang='lat' dir='ltr'><strong>nem</strong></span> <span class='ocrx_word' id='word_1_468' title='bbox 3108 2762 3113 2767; x_wconf 95' lang='grc'>·</span> <span class='ocrx_word' id='word_1_469' title='bbox 3136 2759 3318 2795; x_wconf 87' lang='lat' dir='ltr'><strong>eorum</strong></span> <span class='ocrx_word' id='word_1_470' title='bbox 3346 2781 3363 2804; x_wconf 95' lang='lat'><strong>,</strong></span> 
     </span>
    </p>
   </div>
   <div class='ocr_carea' id='block_1_80' title="bbox 1781 2827 3364 2903">
    <p class='ocr_par' dir='ltr' id='par_1_80' title="bbox 1781 2827 3364 2903">
     <span class='ocr_line' id='line_1_80' title="bbox 1781 2827 3364 2903; baseline 0.006 -26"><span class='ocrx_word' id='word_1_471' title='bbox 1781 2841 1898 2877; x_wconf 88' lang='lat' dir='ltr'><strong>rum</strong></span> <span class='ocrx_word' id='word_1_472' title='bbox 1924 2865 1939 2890; x_wconf 98' lang='lat'><strong>,</strong></span> <span class='ocrx_word' id='word_1_473' title='bbox 2006 2827 2098 2894; x_wconf 85' lang='lat' dir='ltr'><strong>qui</strong></span> <span class='ocrx_word' id='word_1_474' title='bbox 2349 2846 2492 2894; x_wconf 89' lang='lat' dir='ltr'><strong>rum,</strong></span> <span class='ocrx_word' id='word_1_475' title='bbox 2518 2830 2609 2900; x_wconf 90' lang='lat' dir='ltr'><strong>qui</strong></span> <span class='ocrx_word' id='word_1_476' title='bbox 2633 2847 2727 2885; x_wconf 69' lang='grc' dir='ltr'>εξε-</span> <span class='ocrx_word' id='word_1_477' title='bbox 2974 2834 3066 2903; x_wconf 88' lang='lat' dir='ltr'><strong>qui</strong></span> <span class='ocrx_word' id='word_1_478' title='bbox 3103 2832 3364 2886; x_wconf 76' lang='lat' dir='ltr'><strong>illustrati</strong></span> 
     </span>
    </p>
   </div>
   <div class='ocr_carea' id='block_1_81' title="bbox 1781 2915 3116 2988">
    <p class='ocr_par' dir='ltr' id='par_1_81' title="bbox 1781 2915 3116 2988">
     <span class='ocr_line' id='line_1_81' title="bbox 1781 2915 3116 2988; baseline 0.007 -19"><span class='ocrx_word' id='word_1_479' title='bbox 1781 2915 1938 2972; x_wconf 76' lang='lat' dir='ltr'><strong>rudes</strong></span> <span class='ocrx_word' id='word_1_480' title='bbox 1952 2924 2095 2971; x_wconf 78' lang='lat' dir='ltr'><strong>sunt.</strong></span> <span class='ocrx_word' id='word_1_481' title='bbox 2348 2921 2485 2988; x_wconf 87' lang='lat' dir='ltr'><strong>piati</strong></span> <span class='ocrx_word' id='word_1_482' title='bbox 2515 2922 2660 2979; x_wconf 64' lang='lat' dir='ltr'><strong>sum.</strong></span> <span class='ocrx_word' id='word_1_483' title='bbox 2969 2933 3116 2978; x_wconf 82' lang='lat' dir='ltr'><strong>sunt.</strong></span> 
     </span>
    </p>
   </div>
   <div class='ocr_carea' id='block_1_82' title="bbox 2254 3010 2882 3085">
    <p class='ocr_par' dir='ltr' id='par_1_82' title="bbox 2254 3010 2882 3085">
     <span class='ocr_line' id='line_1_82' title="bbox 2254 3010 2882 3085; baseline 0.01 -19"><span class='ocrx_word' id='word_1_484' title='bbox 2254 3010 2601 3068; x_wconf 85' lang='lat' dir='ltr'><strong>lnitiatorum</strong></span> <span class='ocrx_word' id='word_1_485' title='bbox 2640 3022 2882 3085; x_wconf 84' lang='lat' dir='ltr'><strong>potestas</strong></span> 
     </span>
    </p>
   </div>
   <div class='ocr_carea' id='block_1_83' title="bbox 1780 3104 3364 3180">
    <p class='ocr_par' dir='ltr' id='par_1_83' title="bbox 1780 3104 3364 3180">
     <span class='ocr_line' id='line_1_83' title="bbox 1780 3104 3364 3180; baseline 0.004 -21"><span class='ocrx_word' id='word_1_486' title='bbox 1780 3104 1833 3160; x_wconf 89' lang='lat' dir='ltr'><strong><em>in</em></strong></span> <span class='ocrx_word' id='word_1_487' title='bbox 1875 3121 1962 3160; x_wconf 80' lang='lat' dir='ltr'><strong>eos</strong></span> <span class='ocrx_word' id='word_1_488' title='bbox 1987 3105 2076 3175; x_wconf 81' lang='lat' dir='ltr'><strong>qui</strong></span> <span class='ocrx_word' id='word_1_489' title='bbox 2096 3120 2227 3175; x_wconf 85' lang='lat' dir='ltr'><strong>pur—</strong></span> <span class='ocrx_word' id='word_1_490' title='bbox 2442 3106 2496 3159; x_wconf 88' lang='lat' dir='ltr'><strong><em>in</em></strong></span> <span class='ocrx_word' id='word_1_491' title='bbox 2525 3122 2614 3161; x_wconf 85' lang='lat' dir='ltr'><strong>eos</strong></span> <span class='ocrx_word' id='word_1_492' title='bbox 2659 3107 2750 3176; x_wconf 86' lang='lat' dir='ltr'><strong>qui</strong></span> <span class='ocrx_word' id='word_1_493' title='bbox 2775 3106 2844 3161; x_wconf 89' lang='lat' dir='ltr'><strong>il—</strong></span> <span class='ocrx_word' id='word_1_494' title='bbox 3057 3108 3113 3163; x_wconf 88' lang='lat' dir='ltr'><strong><em>in</em></strong></span> <span class='ocrx_word' id='word_1_495' title='bbox 3150 3126 3238 3165; x_wconf 79' lang='lat' dir='ltr'><strong>eos</strong></span> <span class='ocrx_word' id='word_1_496' title='bbox 3273 3125 3364 3180; x_wconf 74' lang='lat' dir='ltr'><strong>qui</strong></span> 
     </span>
    </p>
   </div>
   <div class='ocr_carea' id='block_1_84' title="bbox 1776 3198 3364 3273">
    <p class='ocr_par' dir='ltr' id='par_1_84' title="bbox 1776 3198 3364 3273">
     <span class='ocr_line' id='line_1_84' title="bbox 1776 3198 3364 3273; baseline 0.005 -23"><span class='ocrx_word' id='word_1_497' title='bbox 1776 3206 1990 3267; x_wconf 88' lang='lat' dir='ltr'><strong>gantur.</strong></span> <span class='ocrx_word' id='word_1_498' title='bbox 2448 3198 2771 3256; x_wconf 82' lang='lat' dir='ltr'><strong>lustrantur.</strong></span> <span class='ocrx_word' id='word_1_499' title='bbox 3059 3204 3317 3273; x_wconf 78' lang='lat' dir='ltr'><strong>perficiun</strong></span> <span class='ocrx_word' id='word_1_500' title='bbox 3339 3235 3364 3245; x_wconf 93' lang='lat'><strong>-</strong></span> 
     </span>
    </p>
   </div>
   <div class='ocr_carea' id='block_1_85' title="bbox 3074 3286 3182 3329">
    <p class='ocr_par' dir='ltr' id='par_1_85' title="bbox 3074 3286 3182 3329">
     <span class='ocr_line' id='line_1_85' title="bbox 3074 3286 3182 3329; baseline 0.019 -2"><span class='ocrx_word' id='word_1_501' title='bbox 3074 3286 3182 3329; x_wconf 86' lang='lat' dir='ltr'><strong>tur.</strong></span> 
     </span>
    </p>
   </div>
   <div class='ocr_carea' id='block_1_86' title="bbox 1849 3359 3367 3433">
    <p class='ocr_par' dir='ltr' id='par_1_86' title="bbox 1849 3359 3367 3433">
     <span class='ocr_line' id='line_1_86' title="bbox 1849 3359 3367 3433; baseline 0.007 -19"><span class='ocrx_word' id='word_1_502' title='bbox 1849 3360 1877 3433; x_wconf 84' lang='lat'>§</span> <span class='ocrx_word' id='word_1_503' title='bbox 1908 3359 1997 3417; x_wconf 91' lang='lat' dir='ltr'><strong>Ill.</strong></span> <span class='ocrx_word' id='word_1_504' title='bbox 2036 3361 2298 3417; x_wconf 86' lang='lat' dir='ltr'><strong>Virtutem</strong></span> <span class='ocrx_word' id='word_1_505' title='bbox 2347 3372 2612 3419; x_wconf 80' lang='lat' dir='ltr'><strong>sanctam.</strong></span> <span class='ocrx_word' id='word_1_506' title='bbox 2648 3365 2707 3420; x_wconf 89' lang='lat' dir='ltr'><strong>In</strong></span> <span class='ocrx_word' id='word_1_507' title='bbox 2742 3366 2832 3423; x_wconf 87' lang='lat' dir='ltr'><strong>his</strong></span> <span class='ocrx_word' id='word_1_508' title='bbox 2875 3367 3169 3423; x_wconf 78' lang='lat' dir='ltr'><strong>constdera</strong></span> <span class='ocrx_word' id='word_1_509' title='bbox 3215 3376 3367 3424; x_wconf 79' lang='lat' dir='ltr'><strong>recte</strong></span> 
     </span>
    </p>
   </div>
   <div class='ocr_carea' id='block_1_87' title="bbox 1776 3455 3084 3527">
    <p class='ocr_par' dir='ltr' id='par_1_87' title="bbox 1776 3455 3084 3527">
     <span class='ocr_line' id='line_1_87' title="bbox 1776 3455 3084 3527; baseline 0.008 -22"><span class='ocrx_word' id='word_1_510' title='bbox 1776 3461 2055 3508; x_wconf 83' lang='lat' dir='ltr'><strong>ostensam</strong></span> <span class='ocrx_word' id='word_1_511' title='bbox 2082 3455 2352 3527; x_wconf 87' lang='lat' dir='ltr'><strong>triplicem</strong></span> <span class='ocrx_word' id='word_1_512' title='bbox 2384 3455 2710 3513; x_wconf 74' lang='lat' dir='ltr'><strong>hierarchiae</strong></span> <span class='ocrx_word' id='word_1_513' title='bbox 2735 3458 3084 3515; x_wconf 84' lang='lat' dir='ltr'><strong>divisionem.</strong></span> 
     </span>
    </p>
   </div>
   <div class='ocr_carea' id='block_1_88' title="bbox 1848 3628 3245 3711">
    <p class='ocr_par' dir='ltr' id='par_1_88' title="bbox 1848 3628 3245 3711">
     <span class='ocr_line' id='line_1_88' title="bbox 1848 3628 3245 3711; baseline 0.01 -28"><span class='ocrx_word' id='word_1_514' title='bbox 1848 3628 2138 3686; x_wconf 85' lang='lat' dir='ltr'><strong>Sacrorum</strong></span> <span class='ocrx_word' id='word_1_515' title='bbox 2170 3634 2557 3695; x_wconf 75' lang='lat' dir='ltr'><strong>ministrorum.</strong></span> <span class='ocrx_word' id='word_1_516' title='bbox 2596 3637 2672 3695; x_wconf 89' lang='lat' dir='ltr'><strong>De</strong></span> <span class='ocrx_word' id='word_1_517' title='bbox 2702 3638 2771 3695; x_wconf 87' lang='lat' dir='ltr'><strong>iis</strong></span> <span class='ocrx_word' id='word_1_518' title='bbox 2796 3640 2894 3711; x_wconf 88' lang='lat' dir='ltr'><strong>qui</strong></span> <span class='ocrx_word' id='word_1_519' title='bbox 2929 3640 3245 3711; x_wconf 79' lang='lat' dir='ltr'><strong>perﬁciunt.</strong></span> 
     </span>
    </p>
   </div>
   <div class='ocr_carea' id='block_1_89' title="bbox 1852 3722 3365 3802">
    <p class='ocr_par' dir='ltr' id='par_1_89' title="bbox 1852 3722 3365 3802">
     <span class='ocr_line' id='line_1_89' title="bbox 1852 3722 3365 3802; baseline 0.011 -27"><span class='ocrx_word' id='word_1_520' title='bbox 1852 3722 2071 3793; x_wconf 81' lang='lat' dir='ltr'><strong>Expiat.</strong></span> <span class='ocrx_word' id='word_1_521' title='bbox 2107 3724 2251 3792; x_wconf 85' lang='lat' dir='ltr'><strong>Quid</strong></span> <span class='ocrx_word' id='word_1_522' title='bbox 2282 3728 2355 3784; x_wconf 89' lang='lat' dir='ltr'><strong>sit</strong></span> <span class='ocrx_word' id='word_1_523' title='bbox 2402 3730 2647 3800; x_wconf 79' lang='lat' dir='ltr'><strong>expiare,</strong></span> <span class='ocrx_word' id='word_1_524' title='bbox 2695 3738 2751 3786; x_wconf 90' lang='lat' dir='ltr'><strong>et</strong></span> <span class='ocrx_word' id='word_1_525' title='bbox 2791 3732 2924 3802; x_wconf 91' lang='lat' dir='ltr'><strong>quid</strong></span> <span class='ocrx_word' id='word_1_526' title='bbox 2975 3734 3276 3802; x_wconf 85' lang='lat' dir='ltr'><strong>illustrare,</strong></span> <span class='ocrx_word' id='word_1_527' title='bbox 3308 3746 3365 3791; x_wconf 91' lang='lat' dir='ltr'><strong>et</strong></span> 
     </span>
    </p>
   </div>
   <div class='ocr_carea' id='block_1_90' title="bbox 1776 3817 3361 3888">
    <p class='ocr_par' dir='ltr' id='par_1_90' title="bbox 1776 3817 3361 3888">
     <span class='ocr_line' id='line_1_90' title="bbox 1776 3817 3361 3888; baseline 0.008 -17"><span class='ocrx_word' id='word_1_528' title='bbox 1776 3817 1910 3887; x_wconf 90' lang='lat' dir='ltr'><strong>quid</strong></span> <span class='ocrx_word' id='word_1_529' title='bbox 1952 3817 2238 3888; x_wconf 84' lang='lat' dir='ltr'><strong>perﬁcere,</strong></span> <span class='ocrx_word' id='word_1_530' title='bbox 2288 3819 2428 3874; x_wconf 80' lang='lat' dir='ltr'><strong>dixit</strong></span> <span class='ocrx_word' id='word_1_531' title='bbox 2470 3822 2526 3876; x_wconf 92' lang='lat' dir='ltr'><strong>in</strong></span> <span class='ocrx_word' id='word_1_532' title='bbox 2556 3822 2699 3878; x_wconf 87' lang='lat' dir='ltr'><strong>libro</strong></span> <span class='ocrx_word' id='word_1_533' title='bbox 2722 3823 2801 3879; x_wconf 87' lang='lat' dir='ltr'><strong>De</strong></span> <span class='ocrx_word' id='word_1_534' title='bbox 2833 3824 3033 3880; x_wconf 77' lang='lat' dir='ltr'><strong>cwlesti</strong></span> <span class='ocrx_word' id='word_1_535' title='bbox 3060 3826 3361 3884; x_wconf 81' lang='lat' dir='ltr'><strong>hierarchia</strong></span> 
     </span>
    </p>
   </div>
   <div class='ocr_carea' id='block_1_91' title="bbox 1777 3908 3357 3991">
    <p class='ocr_par' dir='ltr' id='par_1_91' title="bbox 1777 3908 3357 3991">
     <span class='ocr_line' id='line_1_91' title="bbox 1777 3908 3357 3991; baseline 0.008 -28"><span class='ocrx_word' id='word_1_536' title='bbox 1777 3908 1956 3979; x_wconf 87' lang='lat' dir='ltr'><strong>capite</strong></span> <span class='ocrx_word' id='word_1_537' title='bbox 1987 3910 2151 3965; x_wconf 86' lang='lat' dir='ltr'><strong>tertio</strong></span> <span class='ocrx_word' id='word_1_538' title='bbox 2175 3910 2322 3965; x_wconf 86' lang='lat' dir='ltr'><strong>circa</strong></span> <span class='ocrx_word' id='word_1_539' title='bbox 2357 3911 2558 3979; x_wconf 85' lang='lat' dir='ltr'><strong>ﬁnem,</strong></span> <span class='ocrx_word' id='word_1_540' title='bbox 2595 3921 2651 3970; x_wconf 89' lang='lat' dir='ltr'><strong>et</strong></span> <span class='ocrx_word' id='word_1_541' title='bbox 2692 3915 2781 3970; x_wconf 89' lang='lat' dir='ltr'><strong>hic</strong></span> <span class='ocrx_word' id='word_1_542' title='bbox 2821 3917 3178 3988; x_wconf 67' lang='lat' dir='ltr'><strong>progrediens</strong></span> <span class='ocrx_word' id='word_1_543' title='bbox 3209 3918 3310 3991; x_wconf 89' lang='lat' dir='ltr'><strong>[ait</strong></span> <span class='ocrx_word' id='word_1_544' title='bbox 3342 3940 3357 3976; x_wconf 90' lang='lat'><strong><em>:</em></strong></span> 
     </span>
    </p>
   </div>
   <div class='ocr_carea' id='block_1_92' title="bbox 1777 4002 2330 4077">
    <p class='ocr_par' dir='ltr' id='par_1_92' title="bbox 1777 4002 2330 4077">
     <span class='ocr_line' id='line_1_92' title="bbox 1777 4002 2330 4077; baseline 0.007 -21"><span class='ocrx_word' id='word_1_545' title='bbox 1777 4002 1895 4072; x_wconf 78' lang='lat' dir='ltr'><strong>ipsa</strong></span> <span class='ocrx_word' id='word_1_546' title='bbox 1934 4010 2108 4056; x_wconf 87' lang='lat' dir='ltr'><strong>autem</strong></span> <span class='ocrx_word' id='word_1_547' title='bbox 2149 4003 2330 4077; x_wconf 80' lang='lat' dir='ltr'><strong>trias].</strong></span> 
     </span>
    </p>
   </div>
   <div class='ocr_carea' id='block_1_93' title="bbox 1852 4092 3357 4174">
    <p class='ocr_par' dir='ltr' id='par_1_93' title="bbox 1852 4092 3357 4174">
     <span class='ocr_line' id='line_1_93' title="bbox 1852 4092 3357 4174; baseline 0.007 -26"><span class='ocrx_word' id='word_1_548' title='bbox 1852 4092 2294 4163; x_wconf 80' lang='lat' dir='ltr'><strong>Perfectionibus.</strong></span> <span class='ocrx_word' id='word_1_549' title='bbox 2346 4095 2637 4165; x_wconf 82' lang='lat' dir='ltr'><strong>Primam,</strong></span> <span class='ocrx_word' id='word_1_550' title='bbox 2670 4115 2909 4170; x_wconf 85' lang='lat' dir='ltr'><strong>purgare</strong></span> <span class='ocrx_word' id='word_1_551' title='bbox 2951 4116 3046 4157; x_wconf 90' lang='lat' dir='ltr'><strong>eos</strong></span> <span class='ocrx_word' id='word_1_552' title='bbox 3101 4104 3195 4174; x_wconf 89' lang='lat' dir='ltr'><strong>qui</strong></span> <span class='ocrx_word' id='word_1_553' title='bbox 3244 4117 3357 4159; x_wconf 90' lang='lat' dir='ltr'><strong>non</strong></span> 
     </span>
    </p>
   </div>
   <div class='ocr_carea' id='block_1_94' title="bbox 1776 4189 3355 4265">
    <p class='ocr_par' dir='ltr' id='par_1_94' title="bbox 1776 4189 3355 4265">
     <span class='ocr_line' id='line_1_94' title="bbox 1776 4189 3355 4265; baseline 0.004 -20"><span class='ocrx_word' id='word_1_554' title='bbox 1776 4198 1907 4245; x_wconf 88' lang='lat' dir='ltr'><strong>sunt</strong></span> <span class='ocrx_word' id='word_1_555' title='bbox 1935 4189 2168 4257; x_wconf 85' lang='lat' dir='ltr'><strong>initiati;</strong></span> <span class='ocrx_word' id='word_1_556' title='bbox 2202 4190 2460 4259; x_wconf 89' lang='lat' dir='ltr'><strong>mediam,</strong></span> <span class='ocrx_word' id='word_1_557' title='bbox 2495 4190 2552 4247; x_wconf 89' lang='lat' dir='ltr'><strong>in</strong></span> <span class='ocrx_word' id='word_1_558' title='bbox 2583 4206 2693 4263; x_wconf 90' lang='lat' dir='ltr'><strong>qua</strong></span> <span class='ocrx_word' id='word_1_559' title='bbox 2715 4193 2853 4248; x_wconf 89' lang='lat' dir='ltr'><strong>alios</strong></span> <span class='ocrx_word' id='word_1_560' title='bbox 2885 4192 3119 4263; x_wconf 87' lang='lat' dir='ltr'><strong>docent;</strong></span> <span class='ocrx_word' id='word_1_561' title='bbox 3144 4206 3355 4265; x_wconf 87' lang='lat' dir='ltr'><strong>postre-</strong></span> 
     </span>
    </p>
   </div>
   <div class='ocr_carea' id='block_1_95' title="bbox 1778 4281 2424 4352">
    <p class='ocr_par' dir='ltr' id='par_1_95' title="bbox 1778 4281 2424 4352">
     <span class='ocr_line' id='line_1_95' title="bbox 1778 4281 2424 4352; baseline 0.003 -16"><span class='ocrx_word' id='word_1_562' title='bbox 1778 4296 1947 4347; x_wconf 78' lang='lat' dir='ltr'><strong>mam,</strong></span> <span class='ocrx_word' id='word_1_563' title='bbox 1973 4281 2162 4352; x_wconf 83' lang='lat' dir='ltr'><strong>perﬁci</strong></span> <span class='ocrx_word' id='word_1_564' title='bbox 2187 4290 2424 4339; x_wconf 91' lang='lat' dir='ltr'><strong>tantum.</strong></span> 
     </span>
    </p>
   </div>
   <div class='ocr_carea' id='block_1_96' title="bbox 1850 4372 3353 4443">
    <p class='ocr_par' dir='ltr' id='par_1_96' title="bbox 1850 4372 3353 4443">
     <span class='ocr_line' id='line_1_96' title="bbox 1850 4372 3353 4443; baseline 0.005 -15"><span class='ocrx_word' id='word_1_565' title='bbox 1850 4372 2041 4428; x_wconf 87' lang='lat' dir='ltr'><strong><em>Prima</em></strong></span> <span class='ocrx_word' id='word_1_566' title='bbox 2083 4372 2312 4443; x_wconf 86' lang='lat' dir='ltr'><strong>quidem.</strong></span> <span class='ocrx_word' id='word_1_567' title='bbox 2344 4372 2474 4441; x_wconf 87' lang='lat' dir='ltr'><strong>Pro,</strong></span> <span class='ocrx_word' id='word_1_568' title='bbox 2509 4373 2691 4431; x_wconf 89' lang='lat' dir='ltr'><strong>ternio</strong></span> <span class='ocrx_word' id='word_1_569' title='bbox 2716 4374 3041 4433; x_wconf 81' lang='lat' dir='ltr'><strong>inferiorum</strong></span> <span class='ocrx_word' id='word_1_570' title='bbox 3075 4378 3353 4436; x_wconf 91' lang='lat' dir='ltr'><strong>ordinum.</strong></span> 
     </span>
    </p>
   </div>
   <div class='ocr_carea' id='block_1_97' title="bbox 1704 4558 2991 4639">
    <p class='ocr_par' dir='ltr' id='par_1_97' title="bbox 1704 4558 2991 4639">
     <span class='ocr_line' id='line_1_97' title="bbox 1704 4558 2991 4639; baseline 0.005 -28"><span class='ocrx_word' id='word_1_571' title='bbox 1704 4584 1751 4639; x_wconf 71' lang='grc' dir='ltr'><strong>ι)</strong></span> <span class='ocrx_word' id='word_1_572' title='bbox 1851 4558 2088 4629; x_wconf 74' lang='lat' dir='ltr'><strong>Triplex.</strong></span> <span class='ocrx_word' id='word_1_573' title='bbox 2120 4558 2255 4625; x_wconf 71' lang='lat' dir='ltr'><strong>Quae</strong></span> <span class='ocrx_word' id='word_1_574' title='bbox 2282 4559 2366 4615; x_wconf 82' lang='lat' dir='ltr'><strong>vis</strong></span> <span class='ocrx_word' id='word_1_575' title='bbox 2393 4559 2591 4631; x_wconf 77' lang='lat' dir='ltr'><strong>triplex</strong></span> <span class='ocrx_word' id='word_1_576' title='bbox 2620 4560 2991 4617; x_wconf 87' lang='lat' dir='ltr'><strong>sacerdotum.</strong></span> 
     </span>
    </p>
   </div>
   <div class='ocr_carea' id='block_1_98' title="bbox 1854 4648 3296 4725">
    <p class='ocr_par' dir='ltr' id='par_1_98' title="bbox 1854 4648 3296 4725">
     <span class='ocr_line' id='line_1_98' title="bbox 1854 4648 3296 4725; baseline 0.002 -21"><span class='ocrx_word' id='word_1_577' title='bbox 1854 4648 2150 4721; x_wconf 74' lang='lat' dir='ltr'><strong>Synaxeos.</strong></span> <span class='ocrx_word' id='word_1_578' title='bbox 2186 4650 2390 4721; x_wconf 88' lang='lat' dir='ltr'><strong>Supple</strong></span> <span class='ocrx_word' id='word_1_579' title='bbox 2419 4652 2851 4725; x_wconf 81' lang='grc' dir='ltr'>ἀποδειχθείσης,</span> <span class='ocrx_word' id='word_1_580' title='bbox 2883 4654 3296 4710; x_wconf 62' lang='lat' dir='ltr'><strong>demonstrata».</strong></span> 
     </span>
    </p>
   </div>
   <div class='ocr_carea' id='block_1_99' title="bbox 1857 4743 3357 4817">
    <p class='ocr_par' dir='ltr' id='par_1_99' title="bbox 1857 4743 3357 4817">
     <span class='ocr_line' id='line_1_99' title="bbox 1857 4743 3357 4817; baseline 0.001 -20"><span class='ocrx_word' id='word_1_581' title='bbox 1857 4743 2015 4799; x_wconf 85' lang='lat' dir='ltr'><strong>Nunc</strong></span> <span class='ocrx_word' id='word_1_582' title='bbox 2050 4753 2244 4798; x_wconf 87' lang='lat' dir='ltr'><strong>autem.</strong></span> <span class='ocrx_word' id='word_1_583' title='bbox 2278 4743 2486 4800; x_wconf 87' lang='lat' dir='ltr'><strong>Divinis</strong></span> <span class='ocrx_word' id='word_1_584' title='bbox 2533 4746 2679 4800; x_wconf 90' lang='lat' dir='ltr'><strong>enim</strong></span> <span class='ocrx_word' id='word_1_585' title='bbox 2713 4743 3014 4815; x_wconf 90' lang='lat' dir='ltr'><strong>Scripturis</strong></span> <span class='ocrx_word' id='word_1_586' title='bbox 3056 4761 3357 4817; x_wconf 78' lang='lat' dir='ltr'><strong>purgamur</strong></span> 
     </span>
    </p>
   </div>
   <div class='ocr_carea' id='block_1_100' title="bbox 1780 4835 3355 4909">
    <p class='ocr_par' dir='ltr' id='par_1_100' title="bbox 1780 4835 3355 4909">
     <span class='ocr_line' id='line_1_100' title="bbox 1780 4835 3355 4909; baseline -0.002 -16"><span class='ocrx_word' id='word_1_587' title='bbox 1780 4844 1834 4893; x_wconf 91' lang='lat' dir='ltr'><strong>et</strong></span> <span class='ocrx_word' id='word_1_588' title='bbox 1866 4838 2207 4892; x_wconf 88' lang='lat' dir='ltr'><strong>illustramur</strong></span> <span class='ocrx_word' id='word_1_589' title='bbox 2238 4835 2306 4890; x_wconf 86' lang='lat' dir='ltr'><strong>ad</strong></span> <span class='ocrx_word' id='word_1_590' title='bbox 2334 4851 2548 4891; x_wconf 88' lang='lat' dir='ltr'><strong>sacram</strong></span> <span class='ocrx_word' id='word_1_591' title='bbox 2577 4835 2670 4891; x_wconf 90' lang='lat' dir='ltr'><strong>Dei</strong></span> <span class='ocrx_word' id='word_1_592' title='bbox 2700 4836 3105 4909; x_wconf 76' lang='lat' dir='ltr'><strong>generationem</strong></span> <span class='ocrx_word' id='word_1_593' title='bbox 3140 4855 3153 4890; x_wconf 92' lang='lat'><strong>:</strong></span> <span class='ocrx_word' id='word_1_594' title='bbox 3189 4852 3355 4907; x_wconf 81' lang='lat' dir='ltr'><strong>syna-</strong></span> 
     </span>
    </p>
   </div>
   <div class='ocr_carea' id='block_1_101' title="bbox 1780 4928 3345 5000">
    <p class='ocr_par' dir='ltr' id='par_1_101' title="bbox 1780 4928 3345 5000">
     <span class='ocr_line' id='line_1_101' title="bbox 1780 4928 3345 5000; baseline -0.001 -16"><span class='ocrx_word' id='word_1_595' title='bbox 1780 4944 1914 4985; x_wconf 79' lang='lat' dir='ltr'><strong>xeos</strong></span> <span class='ocrx_word' id='word_1_596' title='bbox 1951 4943 2081 4983; x_wconf 86' lang='lat' dir='ltr'><strong>vero</strong></span> <span class='ocrx_word' id='word_1_597' title='bbox 2108 4937 2161 4984; x_wconf 88' lang='lat' dir='ltr'><strong>et</strong></span> <span class='ocrx_word' id='word_1_598' title='bbox 2190 4928 2457 5000; x_wconf 90' lang='lat' dir='ltr'><strong>unguenti</strong></span> <span class='ocrx_word' id='word_1_599' title='bbox 2486 4935 2830 4985; x_wconf 85' lang='lat' dir='ltr'><strong>sacramento</strong></span> <span class='ocrx_word' id='word_1_600' title='bbox 2862 4928 3101 4984; x_wconf 87' lang='lat' dir='ltr'><strong>scienter</strong></span> <span class='ocrx_word' id='word_1_601' title='bbox 3136 4929 3345 4998; x_wconf 81' lang='lat' dir='ltr'><strong>perlici-</strong></span> 
     </span>
    </p>
   </div>
   <div class='ocr_carea' id='block_1_102' title="bbox 1779 5018 3353 5091">
    <p class='ocr_par' dir='ltr' id='par_1_102' title="bbox 1779 5018 3353 5091">
     <span class='ocr_line' id='line_1_102' title="bbox 1779 5018 3353 5091; baseline -0.001 -17"><span class='ocrx_word' id='word_1_602' title='bbox 1779 5036 1925 5075; x_wconf 90' lang='lat' dir='ltr'><strong>mur.</strong></span> <span class='ocrx_word' id='word_1_603' title='bbox 1958 5018 2096 5075; x_wconf 82' lang='lat' dir='ltr'><strong>Nota</strong></span> <span class='ocrx_word' id='word_1_604' title='bbox 2127 5021 2291 5075; x_wconf 88' lang='lat' dir='ltr'><strong>etiam</strong></span> <span class='ocrx_word' id='word_1_605' title='bbox 2324 5020 2415 5075; x_wconf 89' lang='lat' dir='ltr'><strong>hic</strong></span> <span class='ocrx_word' id='word_1_606' title='bbox 2434 5021 2687 5076; x_wconf 84' lang='lat' dir='ltr'><strong>similiter</strong></span> <span class='ocrx_word' id='word_1_607' title='bbox 2715 5020 3048 5077; x_wconf 87' lang='lat' dir='ltr'><strong>declaratam</strong></span> <span class='ocrx_word' id='word_1_608' title='bbox 3083 5020 3353 5091; x_wconf 88' lang='lat' dir='ltr'><strong>triplicem</strong></span> 
     </span>
    </p>
   </div>
   <div class='ocr_carea' id='block_1_103' title="bbox 1780 5111 2813 5166">
    <p class='ocr_par' dir='ltr' id='par_1_103' title="bbox 1780 5111 2813 5166">
     <span class='ocr_line' id='line_1_103' title="bbox 1780 5111 2813 5166; baseline 0 0"><span class='ocrx_word' id='word_1_609' title='bbox 1780 5111 2126 5166; x_wconf 86' lang='lat' dir='ltr'><strong>divisionem.</strong></span> <span class='ocrx_word' id='word_1_610' title='bbox 2807 5112 2813 5118; x_wconf 86' lang='grc'><em>’</em></span> 
     </span>
    </p>
   </div>
   <div class='ocr_carea' id='block_1_104' title="bbox 1782 5198 3355 5278">
    <p class='ocr_par' dir='ltr' id='par_1_104' title="bbox 1782 5198 3355 5278">
     <span class='ocr_line' id='line_1_104' title="bbox 1782 5198 3355 5278; baseline -0.003 -19"><span class='ocrx_word' id='word_1_611' title='bbox 1782 5206 1893 5278; x_wconf 80' lang='lat'><strong>&#39;79</strong></span> <span class='ocrx_word' id='word_1_612' title='bbox 1923 5204 2021 5277; x_wconf 90' lang='lat' dir='ltr'><strong>[De</strong></span> <span class='ocrx_word' id='word_1_613' title='bbox 2052 5206 2373 5270; x_wconf 87' lang='lat' dir='ltr'><strong>ordinibus,</strong></span> <span class='ocrx_word' id='word_1_614' title='bbox 2409 5221 2506 5261; x_wconf 89' lang='lat' dir='ltr'><strong>seu</strong></span> <span class='ocrx_word' id='word_1_615' title='bbox 2546 5206 2614 5261; x_wconf 90' lang='lat' dir='ltr'><strong>de</strong></span> <span class='ocrx_word' id='word_1_616' title='bbox 2656 5206 2832 5263; x_wconf 88' lang='lat' dir='ltr'><strong>sacris</strong></span> <span class='ocrx_word' id='word_1_617' title='bbox 2875 5198 3355 5276; x_wconf 84' lang='lat' dir='ltr'><strong>perfectionibus.]</strong></span> 
     </span>
    </p>
   </div>
   <div class='ocr_carea' id='block_1_105' title="bbox 2134 5296 3000 5356">
    <p class='ocr_par' dir='ltr' id='par_1_105' title="bbox 2134 5296 3000 5356">
     <span class='ocr_line' id='line_1_105' title="bbox 2134 5296 3000 5356; baseline 0.003 -7"><span class='ocrx_word' id='word_1_618' title='bbox 2134 5296 2409 5352; x_wconf 89' lang='lat' dir='ltr'><strong>Dividitur</strong></span> <span class='ocrx_word' id='word_1_619' title='bbox 2434 5299 2849 5356; x_wconf 86' lang='lat' dir='ltr'><strong>ecclesiasticus</strong></span> <span class='ocrx_word' id='word_1_620' title='bbox 2866 5299 3000 5355; x_wconf 88' lang='lat' dir='ltr'><strong>ordo</strong></span> 
     </span>
    </p>
   </div>
   <div class='ocr_carea' id='block_1_106' title="bbox 1958 5388 2287 5457">
    <p class='ocr_par' dir='ltr' id='par_1_106' title="bbox 1958 5388 2287 5457">
     <span class='ocr_line' id='line_1_106' title="bbox 1958 5388 2287 5457; baseline 0 -16"><span class='ocrx_word' id='word_1_621' title='bbox 1958 5388 2013 5441; x_wconf 89' lang='lat' dir='ltr'><strong><em>in</em></strong></span> <span class='ocrx_word' id='word_1_622' title='bbox 2056 5388 2287 5457; x_wconf 72' lang='lat' dir='ltr'><strong>expiati-</strong></span> 
     </span>
    </p>
   </div>
   <div class='ocr_carea' id='block_1_107' title="bbox 1956 5496 2099 5548">
    <p class='ocr_par' dir='ltr' id='par_1_107' title="bbox 1956 5496 2099 5548">
     <span class='ocr_line' id='line_1_107' title="bbox 1956 5496 2099 5548; baseline -0.007 -14"><span class='ocrx_word' id='word_1_623' title='bbox 1956 5496 2099 5548; x_wconf 80' lang='lat' dir='ltr'><strong>vum,</strong></span> 
     </span>
    </p>
   </div>
   <div class='ocr_carea' id='block_1_108' title="bbox 2994 5389 3209 5457">
    <p class='ocr_par' dir='ltr' id='par_1_108' title="bbox 2994 5389 3209 5457">
     <span class='ocr_line' id='line_1_108' title="bbox 2994 5389 3209 5457; baseline 0 -18"><span class='ocrx_word' id='word_1_624' title='bbox 2994 5389 3209 5457; x_wconf 74' lang='lat' dir='ltr'><strong>&#39;perfec-</strong></span> 
     </span>
    </p>
   </div>
   <div class='ocr_carea' id='block_1_109' title="bbox 3008 5479 3192 5533">
    <p class='ocr_par' dir='ltr' id='par_1_109' title="bbox 3008 5479 3192 5533">
     <span class='ocr_line' id='line_1_109' title="bbox 3008 5479 3192 5533; baseline -0.005 0"><span class='ocrx_word' id='word_1_625' title='bbox 3008 5479 3192 5533; x_wconf 68' lang='lat' dir='ltr'><strong>tivum.</strong></span> 
     </span>
    </p>
   </div>
   <div class='ocr_carea' id='block_1_110' title="bbox 2500 5389 2776 5443">
    <p class='ocr_par' dir='ltr' id='par_1_110' title="bbox 2500 5389 2776 5443">
     <span class='ocr_line' id='line_1_110' title="bbox 2500 5389 2776 5443; baseline 0 0"><span class='ocrx_word' id='word_1_626' title='bbox 2500 5389 2776 5443; x_wconf 83' lang='lat' dir='ltr'><strong><em>illumina-</em></strong></span> 
     </span>
    </p>
   </div>
   <div class='ocr_carea' id='block_1_111' title="bbox 2509 5482 2693 5547">
    <p class='ocr_par' dir='ltr' id='par_1_111' title="bbox 2509 5482 2693 5547">
     <span class='ocr_line' id='line_1_111' title="bbox 2509 5482 2693 5547; baseline -0.005 -11"><span class='ocrx_word' id='word_1_627' title='bbox 2509 5482 2693 5547; x_wconf 86' lang='lat' dir='ltr'><strong>tivum,</strong></span> 
     </span>
    </p>
   </div>
   <div class='ocr_carea' id='block_1_112' title="bbox 986 5724 2360 5806">
    <p class='ocr_par' dir='ltr' id='par_1_112' title="bbox 986 5724 2360 5806">
     <span class='ocr_line' id='line_1_112' title="bbox 986 5724 2360 5806; baseline -0.001 0"><span class='ocrx_word' id='word_1_628' title='bbox 986 5739 1221 5806; x_wconf 63' lang='lat' dir='ltr'><strong>unum</strong></span> <span class='ocrx_word' id='word_1_629' title='bbox 1255 5745 1647 5803; x_wconf 76' lang='lat' dir='ltr'><strong>LEGTIONES</strong></span> <span class='ocrx_word' id='word_1_630' title='bbox 1679 5744 1768 5802; x_wconf 84' lang='lat' dir='ltr'><strong>ET</strong></span> <span class='ocrx_word' id='word_1_631' title='bbox 1809 5724 2360 5805; x_wconf 74' lang='lat' dir='ltr'><strong>CORBECTIONES.</strong></span> 
     </span>
    </p>
   </div>
   <div class='ocr_carea' id='block_1_113' title="bbox 187 5864 1447 5939">
    <p class='ocr_par' dir='ltr' id='par_1_113' title="bbox 187 5864 1447 5939">
     <span class='ocr_line' id='line_1_113' title="bbox 187 5864 1447 5939; baseline 0.013 -28"><span class='ocrx_word' id='word_1_632' title='bbox 187 5866 225 5899; x_wconf 76' lang='grc' dir='ltr'><strong>ῑι</strong></span> <span class='ocrx_word' id='word_1_633' title='bbox 244 5869 522 5937; x_wconf 67' lang='grc' dir='ltr'>πλήρωσις</span> <span class='ocrx_word' id='word_1_634' title='bbox 628 5866 669 5899; x_wconf 65' lang='grc'><strong>⁸⁵</strong></span> <span class='ocrx_word' id='word_1_635' title='bbox 704 5864 1005 5939; x_wconf 79' lang='grc' dir='ltr'>καθαίρειν.</span> <span class='ocrx_word' id='word_1_636' title='bbox 1093 5864 1142 5896; x_wconf 84' lang='grc'><strong>³⁸</strong></span> <span class='ocrx_word' id='word_1_637' title='bbox 1170 5864 1447 5933; x_wconf 71' lang='grc' dir='ltr'>οὐρανίοιςο</span> 
     </span>
    </p>
   </div>
  </div>
