3860 6562
535 364 641 420 163

1261 421 1264 425 .
1307 367 1661 424 ἈΡΡΕΝΒΙΧ
1694 368 1786 424 AD
1817 368 2046 464 OPEBA
2069 371 2130 432 S.
2166 373 2464 433 DIONYSII
2497 375 2985 437 AREOPAGITE.

3705 381 3803 437 £63

599 479 628 552 §
656 479 762 537 IV.
797 481 881 536 Au
915 498 1020 538 non
1042 498 1259 554 qucque
1287 483 1582 539 seusibiles.
1615 482 1686 538 Ut
1712 483 1769 563 in
1798 485 2108 556 vitroquod

2291 490 2320 563 δ
2367 489 2457 544 IV;
2493 493 2581 546 ‘H
2616 493 2754 564 οὐχὶ
2803 493 2902 548 καὶ
2951 493 3060 561 τὰς
3089 493 3418 563 ἀὶσθητάς.
3465 493 3554 557 Ὠς
3585 493 3682 548 ἐπὶ
3711 496 3804 568 τῆς

526 575 700 630 solem
733 577 963 646 recipit,
999 576 1145 646 quod
1182 575 1346 631 etiam
1379 592 1546 647 supra
1571 577 1741 644 dixit;
1781 576 1946 648 atque
1977 588 2037 634 ut
2064 580 2122 636 in

527 665 654 736 igne
685 675 782 721 aut
814 666 1024 722 lumine
1064 668 1304 738 perspici
1337 669 1506 733 licet,
1553 661 1678 724 cum
1723 670 1855 724 illud
1900 670 2122 740 quidem

528 773 627 828 per
653 759 841 814 tenuia
870 765 924 813 et
955 759 1236 829 perlucida
1265 775 1502 831 corpora
1531 761 1822 826 colluceat,
1839 771 1896 817 et
1915 763 2121 818 crassis

525 859 582 906 et
609 852 901 920 obscuris;
937 853 1082 923 ignis
1127 861 1310 908 autem
1353 869 1450 924 per
1480 855 1767 910 materiam
1809 870 1930 925 quae
1962 854 2122 912 facile

527 945 778 1000 comburi
806 943 1007 1016 potest,
1040 946 1206 1001 etiam
1236 946 1419 1003 minus
1442 953 1599 1019 aptas
1615 946 1682 1002 ad
1699 962 1822 1002 eum
1853 945 2122 1018 recipien-

526 1039 659 1094 dum
691 1046 923 1095 naturas
947 1045 1163 1094 exurat.

604 1132 901 1187 Illucescit.
933 1131 1186 1186 Eﬁicacia
1215 1130 1456 1202 episcopi
1490 1129 1763 1185 videlicet.

606 1224 842 1280 Istorum
870 1225 1035 1295 igitur
1056 1233 1155 1278 est.
1182 1223 1264 1278 Ex
1292 1223 1592 1287 communi,
1621 1222 1833 1278 scilicet
1853 1223 2117 1294 loquendi

527 1317 712 1382 modo,
727 1317 1055 1372 sumendum
1079 1326 1164 1372 est
1183 1317 1406 1371 verbum
1422 1314 1540 1368 ἐστί
1557 1330 1571 1380 ;
1593 1313 1918 1371 subauditur
1935 1317 2081 1372 enim
2099 1336 2114 1373 :

535 1411 592 1464 in
629 1410 888 1466 omnibus
917 1425 1038 1480 qua:
1068 1416 1197 1464 sunt
1226 1409 1278 1462 in
1311 1409 1460 1467 loco.

598 1505 705 1570 Qui
755 1503 927 1557 Deum
981 1511 1224 1566 cernunt,
1265 1502 1328 1555 τὸ
1377 1504 1509 1564 τοῖς.
1562 1500 1704 1556 Nota
1732 1541 1748 1568 ,
1801 1500 2114 1572 pontiﬁcem

525 1595 705 1663 primo
743 1594 930 1648 divina
961 1594 1174 1650 visione
1205 1593 1502 1659 collucere,
1537 1591 1737 1647 deinde
1773 1607 1891 1648 eam
1926 1593 2116 1662 largiri

525 1689 596 1744 iis
639 1689 842 1759 quibus
890 1696 1111 1759 praeest,
1167 1695 1445 1758 postremo
1496 1687 1599 1741 hos
1649 1686 1865 1756 perﬁcit
1913 1686 2114 1758 quibus

525 1781 954 1838 illustrationem
985 1780 1377 1837 communicat.

595 1872 623 1945 §
673 1873 739 1928 ν.
792 1873 1011 1930 Primus
1065 1871 1787 1944 quidemgest.»Notandum,
1838 1871 2112 1943 quomodo

523 1966 668 2024 idem
705 1967 842 2022 ordo
874 1966 945 2031 sit
976 1966 1190 2037 primus
1218 1972 1274 2021 et
1300 1972 1635 2036 postremus.

596 2058 934 2113 Hierarcltici
964 2067 1162 2113 autem.
1190 2057 1266 2113 De
1297 2059 1351 2112 vi
1379 2057 1636 2113 ordinum
1680 2056 1834 2113 dicit.
1871 2056 1950 2111 Ita
1979 2071 2112 2112 vero

523 2159 739 2222 oportet
771 2166 835 2207 ea
869 2151 1153 2222 proposita
1191 2151 1442 2221 intelligi,
1471 2150 1619 2221 quod
1642 2150 1825 2206 omnia
1848 2150 2112 2206 ecclesia-

523 2244 665 2298 stico
699 2259 853 2300 more
899 2242 1167 2313 perfecta,
1207 2243 1275 2297 ad
1309 2241 1624 2313 pontiﬁcem
1655 2241 2008 2310 referuntur;
2053 2251 2112 2297 ut

522 2336 613 2405 qui
640 2350 705 2390 ea
726 2351 825 2405 per
845 2351 977 2391 suos
991 2335 1212 2391 ordines
1233 2341 1514 2404 operatur,
1531 2335 1734 2406 quibus
1759 2335 1991 2406 praebuit
2015 2351 2112 2406 po-

519 2433 772 2482 testatem
812 2428 927 2482 haec
953 2427 1186 2498 agendi;
1218 2427 1315 2483 sed
1340 2434 1520 2483 tamen
1542 2427 1817 2498 praecipue
1840 2427 2106 2498 pontiﬁci,

522 2529 580 2573 ut
599 2519 830 2589 ipsemet
857 2526 1102 2589 peragat,
1129 2527 1184 2574 et
1203 2535 1316 2574 non
1339 2535 1437 2590 per
1457 2519 1692 2575 aliorum
1715 2520 2105 2586 ministerium,

518 2611 784 2666 attributa
824 2618 910 2668 est
939 2611 1201 2682 unguenti
1231 2611 1619 2680 sanctiﬁcatio,
1652 2620 1708 2668 et
1740 2612 1933 2669 altaris
1973 2628 2110 2671 con-

519 2705 782 2769 secratio,
814 2713 868 2761 et
893 2704 1394 2760 ecclesiasticorum
1426 2704 1703 2759 ordinatio
1746 2724 1758 2758 :
1791 2720 1913 2776 quae
1942 2705 2108 2761 etiam

519 2797 872 2866 perfectionis
919 2795 1226 2852 effectrices
1275 2795 1545 2867 imagines
1584 2796 1786 2852 divina:
1817 2797 2108 2868 potestatis

518 2890 779 2957 vocavit._
809 2888 1071 2960 Ὀλότητα
1147 2904 1406 2943 summam
1489 2895 1672 2945 autem
1713 2889 1846 2945 dicit
1887 2890 2107 2947 univer-

517 2995 611 3037 sos
643 2981 889 3045 ordines,
925 2980 1208 3042 utstatim
1237 2981 1481 3052 exponit.

2224 584 2380 637 ὑέλου
2411 584 2709 656 δεχομένης
2737 586 2830 639 τὸν
2860 587 3031 659 ἥλιον,
3057 587 3196 660 ὅπερ
3226 588 3323 642 καὶ
3353 587 3616 658 ἀνωτέρω
3647 584 3766 642 εἷπε
3787 607 3800 621 ο

2222 678 2318 730 zeal
2347 672 2457 730 οἷον
2489 676 2581 730 ἐπὶ
2610 675 2705 731 τοῦ
2738 679 2911 750 πυρὸς
2940 680 2974 748 ἢ
3006 679 3101 734 τοῦ
3135 677 3310 750 φωτὸς
3344 679 3492 734 ἔστιν
3529 679 3680 747 ίδείν,
3715 681 3803 736 τοῦ

2225 767 2321 838 μὲν
2364 767 2453 822 διὰ
2479 769 2590 821 τῶν
2620 769 2955 841 ἀραιῶνηκαὶ
2993 770 3268 842 διαφανῶν
3319 773 3590 844 σωμάτων
3645 789 3808 827 κατα-

2220 859 2527 932 λάμποντος
2568 861 2664 916 καὶ
2711 862 2781 916 τὰ
2829 864 3112 938 παχύτερα
3159 865 3257 919 zeal.
3306 865 3576 937 ἀλαμπῆι
3610 865 3709 919 τοῦ
3754 867 3806 920 δὲ

2175 993 2180 996 .
2219 951 2394 1024 πυρὸς
2423 953 2514 1007 διὰ
2541 955 2640 1026 τῆς
2670 955 3122 1030 εὐκαταπρήστου
3155 958 3306 1030 ὕλης,
3341 959 3438 1012 zeal.
3467 958 3570 1022 τάς
3621 959 3807 1012 ἀνεπι-

2216 1047 2466 1118 τηδείους
2497 1048 2635 1120 πρὸς
2669 1051 2960 1119 μετουσίαν
2992 1052 3156 1106 αὐτοῦ
3188 1051 3563 1124 ὲκπυροῦντος
3598 1052 3804 1122 φύσεις.

2304 1136 2649 1207 Ἐλλάμπει.
2668 1139 2732 1193 Ἡ
2764 1138 3015 1212 ἐνέργεια
3045 1140 3139 1194 τοῦ
3174 1142 3430 1214 ἱεράρχου
3462 1142 3737 1214 δηλονότι.

2297 1228 2528 1282 Τούτων
2557 1229 2670 1284 οὖν
2699 1230 2851 1284 ἐστι.
2887 1229 3045 1285 Κατὰ
3075 1232 3255 1286 κοινοῦ
3287 1232 3524 1304 ληπτέον
3547 1233 3611 1286 τὸ
3635 1232 3771 1287 ἐστι
3790 1251 3803 1265 ·

2221 1321 2701 1390 προσυπακούεται
2733 1321 2843 1394 γὰρ
2874 1322 2968 1376 ἐπὶ
2999 1323 3135 1379 ὅλων
3165 1324 3273 1377 τῶν
3304 1325 3362 1377 ὲν
3394 1324 3473 1395 τῷ
3496 1325 3675 1396 τόπῳ.

2291 1498 2646 1563 Θεοπτικῶν,
2681 1499 2747 1553 τὸ
2778 1499 2922 1567 τοῖς.
2957 1501 3292 1572 Σημείωσαι,
3327 1502 3410 1555 ὅτι
3442 1501 3752 1566 θεοπτικῶς
3777 1505 3804 1556 ὁ

2220 1589 2480 1662 ίεράρχης
2511 1591 2726 1663 πρῶτον
2757 1592 3124 1664 ὲλλάμπεταιο
3159 1590 3276 1648 εἶτα
3321 1593 3646 1665 μεταδίδωσι
3698 1598 3802 1658 τοῖς

2217 1681 2308 1732 ὑπ’
2341 1681 2504 1736 αὐτόν
2526 1699 2541 1716 ο
2575 1678 2696 1737 εἶτα
2724 1683 2921 1738 τελειοῖ
2949 1684 3194 1749 τούτους,
3229 1681 3311 1750 οἷς
3347 1684 3678 1756 μεταδίδωσι
3710 1685 3804 1756 τῆς

2215 1769 2556 1843 ὲλλάμψεως.

2145 1845 2186 1900 3
2285 1862 2312 1935 ς
2343 1861 2409 1918 ν,
2444 1865 2649 1935 Πρώτη
2676 1866 2794 1936 μέν
2831 1867 2982 1922 ἐστι.
3017 1869 3381 1942 Σημειωτέον,
3417 1868 3538 1932 πῶς
3584 1869 3619 1940 ή
3667 1868 3804 1940 αὖτῆ

2214 1954 2408 2027 πρώτη
2441 1958 2535 2010 καὶ
2565 1959 2769 2030 ἐσχάτη
2801 1960 2974 2026 τάξις.

2293 2048 2364 2100 Ἡ
2391 2047 2461 2102 δὲ
2490 2049 2601 2118 τῆς
2632 2053 2993 2123 ίεραρχικῆς.
3028 2053 3168 2126 Περὶ
3197 2054 3297 2126 τῆς
3328 2054 3438 2106 τῶν
3471 2052 3688 2119 τάξεων
3719 2053 3806 2106 δυ-

2211 2138 2448 2211 νάμεως.
2483 2140 2640 2195 Οὖτω
2686 2144 2742 2198 δὲ
2789 2146 2894 2216 χρὴ
2925 2145 3136 2217 ’νοῆσαι
3185 2146 3254 2200 τὰ
3297 2146 3666 2217 προκείμενα,
3729 2144 3808 2196 ὅτι

2214 2232 2391 2288 πάντα
2426 2237 2523 2306 μὲν
2551 2235 2622 2290 τὰ
2655 2237 2945 2310 ίερατικῶς
2983 2238 3303 2310 τελούμενα,
3339 2241 3422 2304 είς
3466 2239 3560 2292 τὸν
3616 2238 3807 2311 ίεράρ-

2213 2343 2314 2397 χην
2344 2327 2444 2397 τὴν
2477 2329 2754 2400 ἀναφορὰν
2787 2329 2919 2400 ἔχει,
2952 2331 3030 2395 ὼς
3061 2331 3225 2385 αὐτοῦ
3257 2331 3345 2386 διὰ
3374 2331 3486 2386 τῶν
3529 2331 3677 2404 [ὑπ’]
3713 2334 3808 2386 αὑο

2210 2419 2304 2473 τοῦ
2344 2421 2640 2491 ταγμάτων
2679 2421 2851 2476 ταῦτα
2899 2423 3268 2496 ἐνεργοῦντος,
3303 2419 3386 2490 οἷς
3417 2426 3516 2479 καὶ
3557 2426 3805 2498 παρέσχε

2211 2515 2309 2586 τὴν
2353 2513 2579 2587 δύναμιν
2626 2515 2721 2569 τοῦ
2753 2515 2925 2569 ταῦτα
2955 2517 3196 2588 ἐνεργεῖν
3215 2533 3228 2546 ·
3264 2517 3416 2588 ὅμως
3447 2518 3507 2570 ὲν
3539 2516 3808 2589 ἐξαιρέτῳ

2211 2607 2288 2679 τῷ
2321 2608 2554 2682 ίεράρχῃ
2583 2609 2722 2682 πρὸς
2753 2610 3102 2682 αὐτουργίαν,
3125 2610 3218 2664 zeal
3249 2611 3311 2663 οὐ
3342 2609 3434 2664 διὰ
3463 2611 3568 2682 τῆς
3599 2611 3807 2683 ἑτέρων

2211 2701 2514 2772 ὑπουργίας
2558 2701 3013 2774 ἀποκεκλήρωται
3055 2703 3084 2756 ὁ
3127 2701 3220 2756 τοῦ
3274 2701 3449 2775 μύρου
3507 2703 3805 2774 ἁγιασμὸς,

2211 2795 2306 2847 zeal.
2339 2795 2372 2866 ή
2405 2794 2499 2847 τοῦ
2526 2793 2910 2865 θυσιαστηρίου
2934 2794 3280 2867 καθιέρωσις,
3304 2795 3401 2850 καὶ
3433 2797 3468 2868 ἡ
3504 2797 3617 2850 τῶν
3653 2796 3808 2869 ἱερα-

2209 2887 2376 2941 τικῶν
2418 2887 2720 2958 χειροτονία
2745 2904 2758 2916 ·
2812 2886 2969 2940 ἅτινα
3000 2887 3095 2942 zeal.
3124 2888 3544 2960 τελεσιουργοὺς
3587 2890 3806 2953 εἰκόνας

2209 2980 2306 3050 τῆς
2336 2978 2486 3043 Θείας
2529 2979 2811 3050 δυνάμεως
2853 2979 3190 3034 ἅπεκάλεσεν
3213 2997 3228 3012 ο
3263 2982 3528 3050 όλότητα
3557 2981 3617 3035 δέ
3674 2999 3809 3054 φησι

2209 3071 2393 3136 πάσας
2423 3070 2524 3136 τὰς
2553 3071 2756 3138 τάξεις,
2789 3071 2865 3135 ὡς
2895 3071 3060 3137 εὐθὺς
3089 3072 3460 3145 ὲπεξηγεῖται.

591 3158 692 3214 Ila:
722 3169 899 3213 autem
932 3168 1082 3216 sunt.
1108 3160 1166 3216 ld
1210 3169 1318 3225 est,
1352 3175 1474 3232 quae
1508 3161 1804 3232 perﬁciunt
1849 3172 2104 3219 sanctum

2280 3163 2467 3218 Αὗται
2495 3163 2564 3218 δέ
2592 3166 2730 3219 εἱσι.
2769 3165 3058 3219 Τουτέστιν
3088 3167 3145 3219 αἱ
3173 3165 3476 3221 τελειοῦσαι
3507 3167 3603 3222 τὸν
3647 3166 3809 3238 ἅγιον

518 3265 715 3321 panem
756 3252 813 3305 in
853 3267 1056 3322 corpus
1100 3252 1330 3320 Christi,
1369 3261 1424 3310 et
1468 3254 1696 3310 calicem
1743 3257 1802 3310 in
1849 3265 2105 3314 sanctum

519 3343 865 3413 sanguinem,
900 3351 955 3400 et
996 3359 1194 3414 aquam
1242 3346 1296 3403 in
1338 3354 1586 3402 sanctam
1625 3347 2016 3418 expiationem,
2049 3357 2107 3406 et

517 3450 644 3490 eum
669 3437 763 3506 qui
797 3452 910 3492 non
941 3449 1026 3493 est
1055 3439 1366 3495 illustratus
1396 3440 1454 3495 in
1481 3440 1862 3511 adoptionem;
1887 3450 2108 3500 caetera-

516 3543 627 3598 que
657 3528 845 3582 omnia
879 3529 1069 3584 eodem
1095 3532 1280 3589 modo.

588 3619 737 3674 Licet
766 3620 906 3674 enim
935 3638 968 3674 a
995 3622 1383 3679 sacerdotibus.
1418 3624 1558 3680 Nota
1580 3633 1634 3681 et
1663 3639 2014 3692 consecrare,
2049 3635 2105 3683 et

515 3711 792 3768 conficere
834 3721 1223 3783 unguentum,
1272 3734 1383 3772 non
1433 3733 1558 3773 esse
1620 3717 2100 3788 presbyterorum,

515 3819 658 3875 quos
709 3805 874 3860 etiam
927 3808 1241 3864 sacerdotes
1294 3809 1570 3879 appellat;
1604 3810 1740 3878 quin
1787 3825 1890 3864 nec
1932 3811 2105 3868 altare

501 3911 867 3972 .ccnsecrare,
900 3898 1118 3954 etiamsi
1157 3901 1310 3956 ineo
1353 3900 1621 3967 offerant;
1658 3915 1760 3955 nec
1796 3915 1928 3955 vero
1955 3902 2104 3956 ordi-

496 4006 671 4064 nare.
704 3989 831 4046 Hmc
869 3991 1014 4046 enim
1045 3993 1199 4048 solus
1236 3993 1482 4064 pontifex
1513 3991 1749 4062 perﬁcit,
1781 4003 1938 4048 extra
1981 4009 2103 4064 quae

515 4077 825 4154 presbyter,
867 4100 971 4140 nec
1010 4085 1336 4156 baptizabit,
1367 4099 1470 4140 nec
1512 4083 1738 4150 offeret;
1770 4086 1884 4156 80
1910 4087 2006 4142 sed
2046 4088 2100 4142 in

515 4176 584 4232 iis
606 4191 728 4244 qua:
752 4177 904 4245 prius
933 4193 962 4230 a
993 4177 1602 4247 pontiﬁceqconsecrata
1628 4176 1852 4244 fuerint,
1882 4193 2100 4235 sacrum

513 4268 704 4324 faciet.

584 4363 1098 4434 Sanctiﬁcationem.
1141 4360 1234 4417 Gr.
1283 4361 1585 4430 ἁγιστείαν.
1629 4358 1756 4416 Sive
1799 4360 2102 4419 ordinatio-

512 4472 656 4511 nem.

2207 3257 2372 3330 ἄρτον
2404 3260 2485 3322 είς
2516 3258 2676 3331 σῶμα
2706 3258 2966 3330 Χριστοῦ,
3001 3259 3095 3312 zeal
3123 3258 3185 3311 τὸ
3229 3258 3493 3330 ποτήριον
3531 3261 3615 3324 είς
3647 3260 3807 3329 am

2208 3345 2369 3422 αἷμα,
2393 3351 2569 3405 καὶτὸ
2596 3349 2741 3424 ὕδωρ
2772 3353 2852 3415 είς
2884 3351 3045 3420 ἁγίαν
3073 3350 3362 3423 κάθαρσιν,
3397 3353 3492 3405 καί
3521 3352 3616 3406 τὸν
3649 3351 3810 3423 ἀφώ-

2204 3459 2386 3498 τιστον
2417 3446 2500 3508 εἰς
2539 3444 2840 3500 υἱοθεσίαν·
2871 3442 3013 3517 [καὶ]
3055 3443 3234 3498 πάντα
3265 3441 3336 3497 τὰ
3365 3443 3534 3498 λοιπὰ
3571 3445 3805 3516 ὁμοίως.

2273 3629 2345 3682 El
2375 3625 2486 3696 γὰρ
2516 3625 2614 3679 καὶ
2646 3624 2798 3692 πρὸς
2827 3623 2946 3677 τῶν
2976 3623 3170 3692 ἱερῶν.
3206 3622 3548 3694 Σημείωσαι,
3581 3623 3672 3676 ὅτι
3712 3625 3809 3677 καὶ

2206 3719 2451 3787 ἁγιάσαι,
2485 3718 2580 3772 zeal.
2618 3716 2903 3770 τελειιῖισαι
2933 3716 2993 3769 τὸ
3043 3716 3233 3787 μύρον,
3266 3717 3368 3769 οὐκ
3399 3715 3517 3782 ἔστι
3556 3715 3810 3788 πρεσϐυ-

2203 3811 2398 3881 τέρων,
2431 3809 2526 3874 οὓς
2556 3809 2652 3864 zeal.
2683 3811 2848 3881 ίερεῖς
2879 3807 3035 3862 καλεῖ
3057 3825 3070 3838 ·
3107 3807 3220 3862 ἀλλ’
3251 3806 3376 3860 οὕτε
3405 3807 3807 3880 θυσιαστήριον

2202 3903 2504 3968 τελειῶσαι,
2538 3903 2627 3956 ἵνα
2658 3902 2753 3956 zeal
2785 3900 3126 3973 προσενέγκῃ
3154 3901 3239 3953 ἐπ’
3271 3901 3438 3954 αὑτοῦ
3459 3918 3474 3932 °
3510 3900 3640 3954 οὔτε
3698 3902 3808 3972 μὴν

2203 3997 2600 4068 χειροτονῆσαι.
2627 3993 2812 4048 Ταῦτα
2842 3992 2951 4064 γὰρ
2986 3992 3144 4064 μόνος
3173 3994 3202 4046 ὁ
3235 3992 3504 4066 ίεράρχης
3550 3995 3706 4046 ποιεῖ
3739 3993 3804 4055 ³⁶.

2201 4081 2276 4142 ὧν
2307 4087 2463 4151 ἐκτὸς
2493 4090 2521 4140 ὁ
2553 4084 2940 4159 πρεσϐύτερος,
2985 4083 3108 4138 οὔτε
3143 4082 3416 4154 βαπτίσει,
3450 4083 3584 4138 οὔτε
3627 4100 3808 4156 προσ-

2197 4176 2359 4247 οίσει,
2397 4179 2512 4234 ἀλλ’
2545 4181 2626 4242 είς
2651 4178 2720 4231 τὰ
2753 4174 3182 4248 προτελεσθέντα
3215 4176 3323 4231 ὑπὸ
3349 4176 3450 4232 τοῦ
3487 4177 3805 4232 ἐπισκόπου

2205 4275 2350 4345 ἱερου
2360 4274 2570 4344 ργήσει.

2285 4365 2640 4444 ’ᾼτιστειαπ
2681 4365 2838 4417 Ἤτοι
2868 4360 3218 4436 χειροτονίαν.

585 4547 966 4620 Singulariter,
999 4547 1095 4603 Gr.
1135 4547 1372 4610 ὲνιαίως.
1421 4544 1481 4600 In
1511 4545 1747 4601 solidum
1791 4562 1887 4603 seu
1915 4549 2097 4618 priva-

2288 4549 2573 4612 Ἐνιαίως.
2607 4522 2962 4617 Μονομερῶς.

511 4639 628 4693 tim.

590 4731 881 4787 Scientias.
925 4732 1050 4786 Vim
1101 4738 1157 4786 et
1198 4729 1515 4785 facultatem
1554 4729 1789 4786 docendi
1835 4734 2094 4804 mysteria

514 4825 871 4894 pontiﬁcibus
897 4824 1220 4879 convenire.

583 4918 612 4990 ς
655 4917 746 4971 Vl.
784 4917 1134 4973 Sacerdotum
1171 4926 1369 4969 autem.
1420 4913 1557 4982 Quis
1603 4915 1949 4972 sacerdotum
1999 4934 2096 4976 seu

514 5010 962 5080 presbyterorum
995 5008 1068 5060 sit
1089 5005 1244 5061 ordo.

588 5104 712 5174 Ipse
743 5103 894 5170 facit.
927 5094 1288 5154 Sacerdotum
1323 5099 1534 5155 scilicet
1565 5100 1722 5157 ordo.

586 5195 964 5250 Hinistrorum
1004 5207 1143 5246 vero.
1178 5191 1313 5258 Quis
1337 5192 1408 5249 sit
1438 5192 1822 5250 ministrorum
1849 5193 2005 5262 ordo,
2038 5195 2093 5252 id

510 5296 600 5343 est
620 5287 1001 5341 diaconorum.

589 5376 806 5443 Expiet.
840 5373 1124 5441 Quomodo
1147 5375 1366 5434 diaconi
1395 5379 1635 5450 expient.

589 5465 779 5535 Itaque
805 5465 860 5518 in
887 5475 1096 5520 sancta.
1122 5465 1523 5540 Contemplatio
1553 5469 1904 5541 expiationis.
1956 5467 2095 5523 Nota

2278 4725 2389 4790 Τὰς
2419 4722 2772 4792 ἐπιστήμας.
2810 4718 2933 4776 Ὅτι
2964 4721 2998 4789 ὴ
3028 4717 3384 4791 διδασκαλικὴ
3421 4718 3540 4775 τῶν
3585 4737 3812 4796 μυστη-

2203 4815 2333 4888 ρίων
2360 4815 2586 4885 δύναμις
2615 4816 2728 4877 τοῖς
2753 4812 3031 4885 ίεράρχαις
3057 4811 3306 4883 ἁρμόζει.

2271 4909 2300 4981 §
2328 4908 2417 4964 VI.
2464 4909 2535 4963 'H
2559 4906 2629 4959 δὲ
2658 4905 2777 4959 τῶν
2807 4904 3026 4973 ἱερέων.
3049 4905 3142 4968 Τίς
3174 4906 3206 4975 ἠ
3239 4903 3350 4958 τῶν
3385 4905 3584 4978 ἱερέων
3619 4907 3810 4975 τάξις,

2198 5003 2364 5074 ἡγουν
2391 5001 2498 5055 τῶν
2531 5017 2634 5072 πρε
2642 4996 2802 5050 σὸυτέ
2809 5014 2935 5068 ρων.

2263 5091 2427 5159 Αὐτὴ
2454 5088 2585 5160 δρᾷ.
2624 5089 2692 5143 Ἥ
2717 5086 2825 5140 τῶν
2860 5086 3048 5158 ἱερέων
3080 5086 3235 5152 τάξις
3265 5087 3536 5160 δηλονότι.

2225 5234 2231 5240 .
2277 5185 2349 5240 Ἠ
2375 5183 2443 5238 δὲ
2474 5182 2593 5236 τῶν
2638 5177 3023 5248 λειτουργῶν.
3057 5178 3154 5241 Τίς
3209 5180 3244 5249 ἡ
3293 5179 3404 5234 τῶν
3455 5181 3812 5256 λειτουργῶν

2192 5276 2366 5343 τάξις,
2397 5275 2640 5329 τουτέστι
2677 5272 2786 5326 τῶν
2813 5270 3096 5324 διακόνων.

2265 5367 2707 5433 Ἀποκαθαζρει.
2742 5361 2868 5426 Πῶς
2915 5360 3386 5434 ἀποκαθαίρουσιν
3429 5365 3484 5419 oi
3524 5364 3805 5421 διάκονοι.

2265 5461 2445 5515 Ὅθεν
2489 5458 2587 5511 ἐπὶ
2635 5454 2747 5523 τῆς
2796 5451 2977 5522 ἱερᾶς.
3021 5453 3236 5526 Θεωρία
3285 5455 3391 5527 τῆς
3434 5458 3806 5531 καθάρσεως.

512 5567 672 5620 vero,
701 5552 1058 5610 diaconorum
1086 5572 1209 5614 esse
1237 5573 1438 5616 exuere
1466 5569 1648 5616 vestes
1680 5567 1734 5615 et
1759 5558 1968 5614 tibialia
1996 5559 2094 5613 ba-

2231 5551 2503 5624 ημείωσαι
2525 5549 2714 5622 δὲ,“ὅτι
2739 5545 2848 5600 τῶν
2875 5545 3137 5601 διακόνων
3167 5547 3284 5602 ἐστὶ
3314 5548 3378 5604 τὸ
3407 5549 3680 5609 ἀποδύειν
3705 5553 3808 5607 καὶ

1401 5690 1637 5748 VARUS
1675 5689 2064 5750 LECTIONES
2094 5687 2180 5743 ET
2223 5681 2778 5744 CORRECTIONES.

566 5827 614 5860 ⁸⁸
646 5827 880 5898 ποιήσει.
