3872 6588
108 445 218 499 165

880 435 939 493 S.
975 436 1226 493 MAXIMI
1258 433 1556 492 SCIIOLIA
1592 432 1661 489 IN
1695 432 1824 490 LIB.
1865 430 1955 487 DE
1984 428 2269 487 ECCLES.
2306 428 2685 487 HIERARCH.

3296 428 3397 487 166

109 554 375 611 ὑπολύειν
388 555 516 619 τοὺς
544 549 994 625 βαπτιζομένους,
1015 553 1111 607 καὶ
1138 552 1275 623 πρὸς
1292 551 1505 623 δυσμὰς
1531 552 1705 623 ἱστᾷν,

1856 546 2095 602 tizandis
2113 587 2129 612 ,
2166 553 2222 602 et
2249 546 2318 601 ad
2346 562 2606 604 occasum
2632 547 2852 612 sistere,
2884 559 2949 601 ac
2988 560 3184 603 rursus
3211 545 3281 601 ad
3301 561 3394 601 or-

110 651 211 703 καὶ
243 646 405 711 αὖθις
433 646 569 719 πρὸς
589 646 852 718 ἀνατολὴν
880 647 1173 717 μετάγειν.»

188 741 289 795 Διὸ
316 738 417 793 καὶ
450 737 582 804 ταῖς
617 737 823 806 ἱεραῖς.
865 738 1179 808 Σημείωσαι
1201 777 1216 802 ,
1259 737 1343 790 ὅτι
1378 736 1429 790 οἱ
1474 735 1710 790 διάκονοι

110 834 237 886 τότε
256 832 361 895 τὰς
388 830 558 901 θύρας
586 826 731 901 εἶχον
755 847 769 861 ο
803 829 897 883 νῦν
927 831 986 883 δὲ
1013 830 1064 883 οἱ
1094 829 1458 883 ὑποδιὰκονοι.

190 926 221 998 §
259 924 383 979 νυ.
433 923 731 1002 Δέδεικται
761 924 989 977 τοίνυν.
1038 923 1557 993 Ἀνακεφαλαίωσις.

190 1106 436 1175 Δηλαδὴ
458 1106 569 1174 τῆς
600 1103 963 1175 ὶεραρχικῆς.
989 1105 1113 1157 Ὅτι
1143 1106 1172 1157 ό
1197 1103 1498 1167 ἐπίσκοπος
1530 1103 1624 1157 καὶ¹
1642 1102 1713 1157 τὰ

112 1202 228 1254 τῶν
252 1200 562 1271 ὑφειμένων
583 1201 748 1262 ποιεῖ,
771 1198 866 1251 καὶ
893 1198 943 1250 οἱ
976 1196 1183 1268 πρῶτοι
1212 1195 1281 1248 τὰ
1305 1195 1416 1247 τῶν
1443 1195 1713 1267 δευτέρων

113 1295 217 1346 καὶ
241 1286 357 1345 τῶν
404 1293 521 1362 μετ’
552 1292 751 1353 αὐτοὺς
797 1288 1042 1342 ποιοῦσιν
1067 1305 1080 1318 ⁸
1117 1290 1219 1341 οὐκ
1250 1287 1520 1342 ἀνάπαλιν
1547 1288 1625 1351 δὲ,
1662 1289 1712 1341 οἱ

114 1386 366 1457 δεύτεροι
393 1384 463 1437 τὰ
489 1383 599 1437 τῶν
632 1381 888 1455 πρώτων.

206 1478 536 1547 Ἐγχειρεῖν
564 1473 937 1536 ἀλαζονείαν.
974 1477 1098 1527 ’Ότι
1120 1474 1350 1527 ἕκαστον
1381 1474 1488 1546 χρὴ
1519 1474 1594 1546 μὴ
1623 1492 1716 1528 κα-

117 1570 403 1642 τατολμᾷν
435 1570 542 1623 τῶν
575 1569 853 1640 μειζόνων.

188 1664 445 1727 Είκόνες
486 1664 545 1716 al
597 1660 904 1729 ἱερατικαί.
940 1660 1096 1723 Τίνος
1137 1658 1298 1713 τύποι
1333 1659 1389 1712 αἱ
1442 1658 1713 1729 ἱερατικαὶ

116 1754 331 1819 τάξεις,
360 1755 429 1808 τὰ
458 1753 612 1826 παρὰ
637 1753 732 1807 τοῦ
751 1751 887 1806 Θεοῦ
916 1753 1045 1824 περὶ
1068 1752 1195 1815 τοὺς
1222 1749 1544 1823 ἀνθρώπους
1566 1752 1716 1823 ἐνερ-

118 1863 344 1914 γουσαι.

1821 649 1939 696 tum
1971 640 2257 695 reducere.

1876 732 2104 801 Propter
2123 732 2263 803 quod
2293 734 2485 789 sacris.
2512 732 2651 788 Nota
2681 732 2826 803 quod
2856 731 3077 788 diaconi
3101 738 3218 786 tum
3249 729 3399 787 fores

1813 823 2241 892 custodierunt;
2278 840 2427 879 nunc
2459 840 2589 880 vero
2616 824 2961 881 subdiaconi.

1887 919 1914 988 ᾗ
1946 917 2061 973 VII.
2097 917 2533 972 Demonstratum
2555 928 2633 973 est
2656 919 2841 988 igitur.
2867 916 3271 989 Recapitulatio
3300 931 3399 973 seu

1812 1011 2242 1080 praecedentium
2262 1011 2539 1082 repetitio.

1886 1103 2214 1173 Pontiﬁcum
2248 1118 2448 1171 nempe.
2480 1101 2813 1173 Episcopum
2862 1117 2926 1157 ea
2959 1101 3124 1157 etiam
3156 1116 3279 1172 quae
3309 1101 3400 1157 in-

1816 1194 2078 1251 feriorum
2124 1202 2255 1250 sunt
2298 1194 2501 1260 facere,
2533 1196 2851 1265 primosque
2894 1196 3083 1249 munia
3127 1194 3401 1250 secundo-

1814 1302 1960 1353 rum,
2011 1296 2066 1343 et
2107 1304 2299 1344 eorum
2342 1289 2438 1359 qui
2485 1288 2587 1343 hos
2632 1295 2961 1359 sequuntur,
2998 1288 3253 1358 exsequi;
3303 1288 3402 1344 sed

1814 1396 1926 1435 non
1946 1388 2161 1445 contra,
2194 1381 2469 1437 secundos
2500 1381 2591 1435 illa
2622 1397 2743 1452 qua:
2775 1390 2905 1437 sunt
2933 1384 3255 1451 primorum.

1890 1474 2229 1533 Proteruiam
2258 1492 2537 1545 usurpare.
2572 1473 3032 1546 Unumquemque
3061 1490 3171 1530 non
3201 1474 3403 1530 debere

1816 1568 1920 1625 sibi
1953 1584 2017 1625 ea
2051 1583 2173 1639 quae
2202 1576 2333 1624 sunt
2370 1569 2664 1638 majorum,
2695 1576 3236 1624 temere-assumere.

1889 1661 2155 1733 Imagines
2177 1662 2569 1717 ecclesiasticae.
2601 1660 2776 1730 Cujus
2806 1660 2915 1731 sint
2937 1659 3122 1730 ﬁgura:
3143 1659 3404 1716 ecclesia-

1817 1753 1942 1811 stici
1983 1755 2228 1821 ordines,
2268 1755 2363 1826 qui
2408 1769 2473 1810 ea
2504 1770 2625 1826 quae
2654 1752 2751 1810 Dei
2782 1760 2936 1818 sunt,
2968 1754 3112 1809 inter
3154 1753 3405 1811 homines

1817 1856 2032 1918 gerunt.

208 1937 455 2006 Ἐπειδὴ
487 1938 618 2008 γάρ.
645 1938 782 2011 Περὶ
813 1937 922 1991 τῶν
950 1936 1220 2009 οὐρανίων
1256 1936 1298 1969 ³⁷
1333 1934 1561 2001 τάξεων,
1597 1935 1715 2000 πῶς

1886 1939 2021 1995 Cum
2050 1940 2211 1994 enim.
2244 1938 2321 1995 De
2354 1940 2674 1997 cmlestibus
2704 1938 2993 1995 ordinibus
3029 1944 3084 1993 et
3122 1938 3403 2003 humanis,

118 2030 233 2084 ὑπὸ
251 2030 391 2083 Θεοῦ
425 2030 838 2102 ἱερουργοῦνται
866 2030 932 2084 ³⁸.

194 2120 261 2175 II.
279 2122 345 2174 '0
350 2121 468 2191 μὲν
487 2120 786 2191 ἱεράρχης.
803 2121 1122 2194 Χειροτονία
1141 2121 1463 2188 ἐπισκόπου,
1480 2121 1715 2195 πρεσϐυ-

113 2215 182 2268 τέ
189 2232 287 2287 pou
322 2214 419 2268 καὶ
444 2215 717 2269 διακόνου.

201 2309 415 2377 ’Ἄμφω
446 2306 526 2360 τὼ
554 2309 722 2361 πόδε.
751 2307 867 2361 Νῦν
891 2301 1101 2379 ἑτέρως
1136 2306 1481 2361 ἐπιτελεῖται.

196 2401 357 2454 Ἕνα
386 2399 506 2455 τῶν
534 2400 755 2454 ποδῶν.
793 2400 1022 2471 ’Ἄδηλον
1050 2400 1108 2453 δὲ
1140 2403 1290 2453 ποῖον
1325 2400 1460 2453 πόδα
1492 2400 1642 2472 φησί.

190 2496 338 2548 Καθ’
367 2493 647 2547 ἕκαστον.
684 2492 1018 2564 Σημείωσαι,
1065 2492 1147 2545 ὅτι
1185 2492 1292 2564 χρὴ
1342 2490 1551 2555 πάντας
1593 2492 1720 2555 τοὺς

117 2587 180 2639 ἐν
213 2585 297 2656 τῷ
331 2586 583 2658 ἱερατείῳ
614 2586 706 2639 τὸν
736 2584 1213 2657 χειροτονούμενον
1244 2584 1610 2649 ἀσπάζεσθαι.

192 2679 289 2734 ΠΙ.
327 2676 355 2747 §
386 2677 427 2731 I.
474 2677 830 2747 Ἀνάρρησις
862 2677 1007 2745 ἱερά.
1057 2677 1384 2750 Ἀνάρρησις
1410 2679 1573 2731 οἱονεὶ
1616 2679 1719 2751 κή-

119 2771 280 2841 ρυξις
332 2773 390 2837 ἐξ
430 2771 695 2843 ὀνόματος
718 2789 731 2801 ο
766 2770 1081 2841 σφραγίςων
1127 2769 1237 2842 γὰρ
1265 2769 1429 2823 αὐτὸν
1460 2771 1719 2845 όιχειρο-

115 2863 297 2917 τονὼν
330 2863 638 2934 ἀρχιερεὺς,
666 2862 726 2929 ἐξ
754 2862 1015 2933 ὀνόματος
1044 2862 1242 2932 φάσκει
1261 2881 1273 2894 ο
1302 2861 1669 2933 ἃρραγίζεται
1692 2860 1721 2914 ὁ

117 2957 274 3009 δεῖνα
326 2955 435 3009 ἀπὸ
485 2955 861 3027 πρεσϐυτέρου
908 2956 988 3017 εἰς
1036 2954 1333 3007 ἐπίσκοπον
1393 2954 1452 3006 ὲν
1496 2952 1720 3024 ὀνόματι

119 3050 365 3121 Πατρὺς,
399 3050 495 3103 καὶ
527 3048 680 3112 Υἱοῦ,
713 3050 807 3103 καὶ
836 3049 994 3117 ἁγίου
1023 3049 1358 3120 Πνεύματος·
1395 3046 1596 3119 ὁμοίως
1626 3048 1721 3101 καὶ

121 3143 220 3195 ἐπὶ
249 3142 629 3213 πρεσϐυτέρου
659 3143 753 3196 καὶ
784 3141 1055 3195 διακόνου.

208 3236 611 3301 ’Υπόπτωσιᾳ
665 3234 1011 3297 ’Υπόπτωσις
1038 3235 1071 3305 ἡ
1100 3232 1443 3303 γονυκλισία·
1478 3232 1720 3305 ἀνάρρη-

1818 2033 2094 2103 quomodo
2133 2047 2162 2087 a
2198 2032 2312 2089 Deo
2340 2034 2691 2090 ordinantur.

1892 2124 1957 2182 ll.
1993 2126 2246 2196 Pontifex
2276 2125 2508 2198 quidem.
2538 2126 2827 2184 Ordinatio
2860 2124 3128 2198 episcopi,
3169 2126 3404 2199 presby-

1820 2218 1942 2284 teri,
1976 2226 2031 2273 et
2061 2218 2303 2274 diaconi.

1896 2309 2129 2382 Utroque
2156 2328 2307 2382 genu.
2344 2310 2460 2367 Hoc
2489 2326 2635 2367 nunc
2666 2312 2776 2366 alio
2809 2310 2974 2366 modo
3003 2311 3309 2380 perﬁcitur.
3354 2358 3357 2363 .

1897 2402 2069 2458 Unum
2090 2421 2241 2474 genu.
2278 2404 2552 2458 Incertum
2586 2414 2670 2459 est
2697 2410 2879 2458 utrum
2905 2402 3097 2473 pedem
3128 2402 3298 2457 dicat.

1893 2495 2243 2568 Singillatim.
2281 2494 2420 2550 Nota
2456 2495 2602 2551 enim
2642 2497 2735 2566 qui
2770 2495 3077 2559 ordinatur,
3110 2495 3311 2551 debere
3335 2495 3406 2549 ab

1819 2589 2081 2644 omnibus
2106 2589 2160 2642 in
2186 2588 2435 2643 sacrario
2458 2586 2710 2643 salutari.

1892 2678 1982 2735 III.
2010 2679 2038 2751 ᾗ
2066 2680 2108 2733 ῐ.
2139 2679 2483 2734 Prwdicatio.
2523 2679 2867 2751 Ἀνάρῤησις.
2897 2677 3065 2749 Quasi
3092 2677 3408 2749 praedicatio

1819 2789 1887 2830 ex
1915 2773 2138 2829 nomine
2174 2791 2186 2827 :
2218 2772 2557 2840 consignans
2585 2772 2734 2826 enim
2776 2787 2902 2828 eum
2938 2770 3188 2843 pontifex
3236 2770 3284 2826 is
3313 2770 3406 2842 qui

1819 2867 2060 2929 ordinat,
2093 2882 2161 2921 ex
2210 2866 2435 2922 nomine
2478 2866 2613 2920 dicit
2635 2865 3045 2936 :Consignatur
3070 2865 3162 2919 hic
3192 2865 3316 2920 talis
3341 2880 3410 2920 ex

1818 2959 2140 3029 presbytero
2162 2960 2217 3013 in
2242 2958 2587 3029 episcopum,
2620 2957 2677 3013 in
2704 2958 2930 3013 nomine
2949 2956 3150 3021 Patris,
3180 2966 3235 3011 et
3261 2955 3406 3019 Filii,

1818 3060 1873 3105 et
1899 3050 2139 3121 Spiritus
2178 3052 2387 3120 sancti;
2421 3051 2674 3108 similiter
2707 3052 2871 3107 etiam
2914 3051 2972 3106 in
3014 3050 3320 3122 presbyteri
3354 3056 3411 3105 et

1820 3143 2037 3199 diaconi
2066 3143 2435 3199 ordinatione.

1890 3237 1997 3307 ει
2030 3235 2361 3307 Genuﬂexio,
2388 3236 2484 3292 Gr.
2509 3236 2842 3300 ὑπόπτωσις.
2868 3234 3190 3291 Cenuﬂexio
3212 3253 3224 3289 :
3243 3234 3412 3306 ἀνάρ-

124 3344 210 3391 σις
252 3327 335 3392 δὲ,
365 3327 505 3399 ὅπερ
531 3326 626 3381 νῦν
654 3324 912 3381 καλοῦσιν
941 3324 1265 3397 ἐπικήρυξιν
1294 3325 1327 3397 ἢ
1357 3324 1714 3397 ἁνακήρυξιν.

1854 3348 1981 3402 ιησις
2010 3338 2191 3385 autem
2222 3330 2368 3402 quod
2404 3346 2553 3385 nunc
2587 3337 2788 3385 vocant
2825 3329 3295 3384 annuntiationem
3325 3328 3413 3383 vel

206 3506 281 3561 Ἠ
307 3503 662 3573 ἀνάρῤησις.
715 3506 782 3559 Ἡ
810 3505 904 3558 ἐπὶ
929 3504 1039 3557 τῶν
1067 3502 1413 3577 χειροτονιῶν
1442 3502 1721 3573 ἀνακηρυ-

124 3597 227 3664 ξις,
258 3591 375 3650 οἷον
421 3597 517 3650 ἐπὶ
542 3598 641 3668 τῆς
670 3596 765 3650 τοῦ
794 3596 1096 3650 ἐπισκόπου
1120 3612 1133 3626 °
1178 3594 1358 3663 Ὑπὲρ
1401 3594 1509 3647 τοῦ
1548 3593 1721 3662 ἁγίου

122 3691 355 3759 πατρὸς
400 3691 739 3745 ἐπισκόπου
790 3691 991 3745 τοῦδε.
1036 3689 1159 3743 Ἐπὶ
1211 3689 1270 3743 δὲ
1323 3687 1717 3760 πρεσϐυτέρουο

136 3781 325 3850 ’Υπὲρ
354 3782 534 3837 τοῦδε
565 3782 991 3851 πρεσϐυτέρου.
1010 3782 1132 3835 Ἐπὶ
1159 3781 1217 3834 δὲ
1246 3779 1493 3834 διακόνου
1510 3796 1523 3809 ·
1542 3777 1721 3847 ’Υπὲρ

120 3875 234 3928 τοῦ
266 3874 541 3944 ἀδελφοῦ
573 3875 742 3945 ήμῶν
768 3875 942 3930 τοῦδε
972 3874 1276 3929 διακόνου.
1308 3865 1448 3926 Τόδε
1478 3872 1723 3944 ἀναῤῥη-

126 3964 218 4019 σίν
268 3984 438 4037 φησιν
482 3967 611 4021 ὅταν
662 3969 721 4020 ἐν
758 3966 906 4039 αὐτῷ
946 3966 1025 4038 τῷ
1052 3968 1378 4038 χειροτονεῖν
1434 3964 1681 4038 κηρύττῃ
1705 3982 1718 3995 ·

130 4058 245 4110 1'3,-
277 4060 814 4129 χειροτονούμενον
844 4062 883 4129 ἡ
913 4060 1043 4114 θεία
1086 4059 1262 4129 χάρις
1301 4057 1723 4129 προχειρίζεται

123 4151 305 4204 τόνδε
337 4154 427 4219 εις
458 4152 651 4206 τόνδε.

214 4243 286 4295 Ἠ
307 4244 426 4312 μὲν
457 4244 590 4298 οὖν.
630 4244 865 4315 Θεωρία.

200 4338 309 4401 Εἰς
335 4336 453 4403 τὴν
483 4335 795 4405 ἀνδρικήν.
836 4335 1150 4406 Σημείωσαι
1170 4334 1269 4407 τὴν
1289 4333 1550 4406 ἀνδρικὴν
1577 4330 1723 4405 ζωὴν

124 4428 226 4485 τοῦ
258 4427 461 4498 Ἰησοῦ,
496 4429 592 4482 καὶ
623 4427 922 4499 θεαρχικὴν
952 4426 1390 4499 ἀναμαρτησίαν.

217 4519 591 4590 Ἇνάῤῥησιν.
633 4520 730 4583 Τίς
758 4522 792 4591 ἡ
818 4520 1141 4593 ἀνάῤῥησις.

204 4613 359 4667 Οὐδὲ
390 4613 681 4681 ἀδελφόν.
733 4613 966 4684 Ὠραῖον,
997 4614 1093 4666 καὶ
1122 4610 1262 4665 πάνυ
1291 4611 1611 4680 ἀναγκαῖον,
1629 4612 1725 4665 καὶ

166 4709 392 4775 σφαλὲς,
427 4709 512 4762 ὅτι
540 4706 663 4760 οὺδέ
690 4707 917 4777 ἀδελφὸν
942 4707 1113 4778 χωρὶς
1141 4704 1278 4761 Θεοῦ
1308 4706 1482 4759 ἐποίει
1511 4723 1614 4769 τις.

216 4885 672 4954 Ἱεροτελεστής.
723 4886 809 4948 Ὠς
854 4885 1160 4955 ἄνθρωπος,
1192 4884 1287 4938 καὶ
1313 4883 1602 4956 ἀρχιερεὺς
1630 4882 1725 4952 γέ-

123 4998 293 5050 γονεν
328 4985 355 5035 ό
384 4980 640 5052 Χριστός.
674 4979 987 5051 Σημείωσαι
1032 4975 1193 5031 τοῦτο
1234 4975 1375 5029 κατὰ
1416 4974 1728 5044 Ἀκεφάλων

124 5076 231 5128 καὶ
264 5072 658 5145 Νεστοριανῶν.

202 5166 307 5219 Διό
343 5166 443 5221 καὶ
472 5167 676 5232 αὐτός.
715 5162 1027 5236 Σημείωσαι
1065 5162 1196 5215 πότε
1238 5160 1726 5233 ἐχειροτονήθησαν

126 5261 309 5332 ἱερεῖς
347 5262 395 5314 οἱ
442 5259 702 5331 μαθηταὶ,
734 5258 829 5311 καὶ
872 5258 956 5310 ὅτι
997 5252 1226 5328 Ἰησοῦς,
1259 5254 1438 5307 καίτοι
1464 5252 1596 5316 Θεὸς
1626 5252 1724 5315 ὢν,

124 5350 307 5414 αὐτὸς
348 5352 446 5406 οὐκ
483 5351 907 5423 ἐχειροτόνησεν,
937 5348 1050 5403 ἀλλ’
1078 5346 1445 5419 ἐπηγγείλατο
1484 5345 1725 5415 πέμπειν

122 5444 247 5496 ἀπὸ
281 5442 371 5496 τοῦ
398 5444 613 5516 Πατρὸς
640 5443 704 5496 τὸ
732 5442 955 5513 Πνεῦμα
983 5442 1045 5496 τὸ
1070 5442 1248 5512 ἅγιον,
1278 5441 1366 5494 ὅτε
1397 5440 1473 5505 ὡς
1500 5439 1726 5513 πύριναι

122 5535 384 5606 γλῶσσαι
409 5536 685 5609 ἐφάνησαν
714 5535 915 5599 αὐτοῖς.

1822 3422 2305 3477 renuntiationem.

1890 3512 2173 3569 Recitatio.
2216 3514 2576 3570 Renuntiatio
2604 3516 2659 3570 in
2692 3515 3154 3583 ordinationibus,
3179 3515 3324 3572 sicut
3355 3514 3411 3569 in

1820 3605 2166 3663 ordinatione
2193 3608 2439 3679 episcopi
2474 3627 2487 3665 :
2528 3609 2698 3679 Super
2744 3619 2929 3664 saneto
2975 3618 3129 3677 patre
3172 3609 3412 3678 episcopo

1820 3693 1936 3748 hoc.
1966 3696 2025 3750 In
2053 3697 2360 3769 presbyteri
2399 3707 2579 3754 autem
2615 3720 2626 3755 :
2668 3698 2838 3769 Super
2864 3700 2960 3753 hoc
2998 3699 3319 3770 presbytero.
3352 3697 3414 3754 In

1821 3787 2039 3843 diaconi
2066 3805 2197 3845 vero
2223 3809 2236 3845 :
2270 3788 2441 3859 Super
2469 3790 2638 3859 fratre
2666 3798 2847 3845 nostra
2884 3790 2981 3845 hoc
3022 3788 3248 3844 diacono
3271 3788 3408 3843 :hoc

1821 3895 1987 3949 porro
2018 3882 2395 3937 recitationem
2417 3881 2571 3946 dicit,
2603 3880 2823 3953 quando
2845 3881 2900 3936 in
2924 3881 3043 3952 ipsa
3067 3879 3416 3935 ordinatione

1822 3970 2189 4039 pronuntiat:
2224 3969 2417 4024 Divina
2445 3968 2812 4040 gratia/tune
2862 3971 2955 4043 qui
3005 3970 3289 4025 ordinatur
3343 3968 3413 4024 ad

1822 4061 1959 4117 hunc
1988 4061 2227 4117 ordinem
2254 4072 2542 4133 promovet.

1898 4239 2107 4310 Itaque.
2149 4239 2572 4311 Contemplatio.

1903 4329 1963 4384 In
2010 4332 2232 4385 virilem.
2276 4330 2437 4396 Nota,
2472 4333 2685 4390 virilem
2713 4331 2844 4390 Jesu
2872 4333 3044 4389 vitam
3076 4341 3132 4390 et
3169 4331 3413 4391 divmam

1826 4424 2091 4496 peccandi
2123 4424 2508 4495 privationem.
3406 4422 3407 4425 “

1896 4517 2407 4587 Promulgationem.
2447 4517 2579 4584 Quae
2609 4517 2681 4573 sit
2711 4518 2985 4575 recitatio.

1900 4606 2081 4679 Neque
2102 4608 2344 4678 fratrem.
2390 4607 2690 4663 Pulchrum
2736 4616 2822 4665 est
2868 4616 2925 4665 et
2967 4608 3124 4665 valde
3157 4623 3415 4665 necessao

1755 4684 1800 4739 Ῐ)
1830 4703 1971 4757 rium
2000 4715 2065 4755 ac
2098 4709 2298 4765 tutum,
2331 4701 2479 4771 quod
2522 4715 2593 4756 ne
2632 4700 2856 4758 fratrem
2888 4701 3109 4773 quidem
3154 4700 3274 4758 sine
3318 4700 3415 4757 Dei

1830 4794 2110 4850 voluntate
2135 4794 2425 4863 quisquam
2453 4790 2707 4850 faciebat.

1905 4885 2167 4941 Ordinum
2192 4885 2437 4939 collator.
2481 4883 2551 4939 Ut
2580 4884 2764 4948 homo,
2782 4886 2946 4941 etiam
2970 4885 3212 4958 pontifex
3237 4885 3416 4942 factus

1828 4991 1913 5034 est
1944 4976 2199 5033 Christus
2238 4996 2250 5032 :
2284 4984 2415 5033 nota
2444 4977 2547 5033 hoc
2574 4986 2765 5033 contra
2796 4976 3105 5050 Acephalos
3134 4988 3189 5035 et
3216 4978 3414 5035 Nesto-

1827 5072 2037 5127 rianos.

1902 5162 2235 5229 Quapropter
2262 5161 2424 5215 etiam
2452 5162 2579 5231 ipse.
2624 5160 2785 5231 Nota,
2808 5160 3030 5235 quando
3053 5160 3305 5232 discipuli
3331 5176 3416 5215 or-

1828 5252 1998 5307 dinati
2021 5258 2150 5307 sunt
2173 5251 2510 5319 sacerdotes,
2532 5259 2586 5307 et
2606 5251 2815 5317 Jesum,
2837 5254 2943 5309 etsi
2972 5252 3115 5309 Deus
3144 5260 3282 5316 erat,
3304 5266 3415 5305 non

1830 5354 2012 5399 tamen
2058 5343 2239 5413 ipsum
2288 5358 2388 5401 eos
2435 5344 2752 5413 ordinasse;
2790 5345 2888 5401 sed
2938 5344 3239 5417 pollicitum
3290 5358 3416 5398 esse

1829 5438 2133 5493 missurum
2182 5453 2242 5493 se
2293 5434 2556 5508 Spiritum
2602 5445 2853 5493 sanctum
2904 5452 2933 5492 a
2982 5436 3163 5504 Patre,
3194 5435 3416 5510 quando

1830 5533 1977 5589 velut
2009 5533 2179 5602 ignea:
2203 5531 2403 5603 tinguat
2433 5532 2514 5589 eis
2547 5524 2940 5604 apparuerunt.

1033 5732 1269 5790 VARIIE
1304 5728 1694 5789 LECTIONES
1727 5729 1816 5785 ET
1851 5728 2410 5790 CORRECTIONES.

202 5896 256 5929 ⁸³
292 5894 435 5952 Adde
452 5914 513 5954 ex
536 5897 791 5967 Pathum.
830 5898 921 5953 καὶ
942 5894 1316 5967 ἀνθρωπίνων.
1371 5893 1428 5967 ,³⁸
1456 5891 1857 5966 ἱεραρχοῦνται.
