3874 6552
501 415 604 470 167

571 529 860 585 Sacrorum
903 534 1190 581 auctorem.
1233 521 1525 577 Dominum
1574 537 1644 576 ex
1683 520 1966 576 divinitate
2003 520 2088 575 di-
2116 523 2158 579 Α

495 622 592 677 cit.

568 711 983 783 Discipulorum.
1028 707 1264 764 Sanctus
1294 706 1492 763 Petrus
1514 704 1723 762 scilicet
1752 720 1876 760 cum
1920 712 2081 760 caete-

494 806 597 873 ris,
622 805 842 878 quando
871 801 1158 856 Mattltiam
1188 800 1244 855 in
1281 801 1590 870 apostolum
1620 797 1804 869 elegit.

569 985 641 1039 De
669 985 847 1039 diuina
879 992 1077 1038 autem.
1117 980 1277 1044 Nota,
1306 979 1437 1051 quid
1469 979 1616 1034 dicat
1652 979 1722 1034 de
1761 984 1910 1034 sorte
1957 993 2080 1050 qua:

493 1077 733 1132 Mattbize
759 1075 976 1146 obtigit,
1006 1080 1061 1128 et
1089 1073 1221 1146 quid
1252 1073 1392 1128 banc
1423 1088 1546 1130 esse
1573 1073 1861 1145 intelligat.

573 1257 790 1312 Videtur
830 1256 1105 1323 Scriptura
1131 1255 1279 1310 mihi.
1321 1253 1477 1322 Quod
1531 1249 1585 1309 in
1616 1254 1770 1310 Actis
1799 1257 2078 1327 apostolo-

488 1366 611 1404 rum
661 1350 729 1406 de
773 1350 858 1404 his
901 1349 1144 1404 oraculis
1180 1347 1421 1414 exsistit,
1451 1347 1508 1401 in
1547 1348 1828 1404 nonnullis
1855 1349 2075 1419 quidem

487 1441 646 1497 libris
693 1443 874 1496 inveni
908 1442 982 1496 ita
1014 1442 1218 1497 habere
1251 1458 1265 1497 :
1301 1439 1371 1494 Et
1409 1439 1662 1495 dederunt
1707 1451 1875 1496 sortes
1922 1443 2071 1512 ipsis.

486 1534 548 1586 ln
585 1532 908 1600 quibusdam
935 1548 1067 1609 vero
1102 1551 1116 1588 :
1151 1530 1222 1585 Et
1267 1531 1522 1586 dederunt
1571 1540 1738 1585 sortes
1790 1532 2027 1601 ipsorum
2055 1549 2075 1587 :

1310 401 1654 460 APPENDIX
1687 402 1781 458 AD
1813 401 2042 464 OPERA

2210 399 2474 459 llONYSll
2505 398 2990 456 ΑΒΕΟΡΑΕΙΤᾸΞ.
3663 397 3756 454 188

2277 516 2667 586 Τελετάρχην.
2738 517 2843 570 Τὸν
2903 514 3108 586 Κύριον
3167 511 3314 568 κατὰ
3382 515 3486 584 τὴν
3542 510 3757 584 θεότητα

2183 610 2356 665 καλεῖ.

2265 703 2318 755 Ὁ
2344 702 2464 756 τῶν
2489 701 2793 771 μαθητῶν.
2845 703 2904 755 '0
2932 702 3085 770 ἅγιος
3116 701 3324 772 Πέτρος
3359 698 3606 772 δηλονότι
3634 699 3757 769 μετὰ

2180 795 2288 848 τῶν
2316 794 2540 860 λοιπῶν,
2560 796 2648 849 ὅτε
2677 796 2770 848 τὸν
2798 794 3048 850 Ματθίαν
3077 794 3504 866 προύχειρίσατο
3531 794 3611 856 είς
3637 793 3756 846 ἀπό-

2183 884 2383 940 στολον.

2253 981 2395 1050 Περὶ
2425 978 2494 1034 δὲ
2525 978 2630 1033 τοῦ
2665 979 2853 1033 Θείου.
2898 978 3214 1050 Σημείωσαι
3255 976 3309 1031 τί
3349 994 3482 1048 φησι
3511 977 3639 1049 περὶ
3672 976 3754 1030 τοῦ

2179 1077 2384 1149 κλήρου
2408 1073 2503 1128 τοῦ
2535 1073 2792 1137 πεσόντος
2823 1073 2915 1126 ἐπὶ
2946 1072 3219 1136 Ματθίαν,
3249 1071 3346 1124 καὶ
3390 1070 3444 1123 τί
3489 1072 3604 1122 νοεῖ
3643 1068 3753 1122 τοῦ-

2179 1188 2269 1225 τον
2276 1212 2288 1224 .

2247 1259 2420 1316 Δοκεῖ
2443 1257 2555 1330 γάρ
2581 1275 2684 1329 μοι
2715 1257 2790 1312 τὰ
2819 1255 3014 1327 λόγια.
3054 1255 3130 1308 Τδ
3157 1256 3215 1308 ὲν
3245 1255 3365 1318 ταῖς
3392 1253 3630 1326 Πράξεσι
3659 1252 3755 1307 τῶν

2177 1353 2491 1408 ἀποστόλων
2521 1350 2700 1420 λόγιον
2738 1349 2868 1421 περὶ
2895 1347 3102 1401 τούτων
3131 1348 3190 1400 ὲν
3227 1348 3326 1418 μὲν
3356 1347 3520 1410 ἐνίοις
3550 1344 3753 1415 βιϐλίοις

2177 1440 2333 1518 εὗρον
2359 1443 2533 1506 οὓτως
2561 1443 2684 1513 ἔχον
2704 1458 2719 1473 ο
2750 1440 2864 1495 Καὶ
2902 1439 3136 1495 ἔδωκαν
3163 1437 3430 1506 κλήρους
3452 1437 3680 1503 αὐτοῖς’
3705 1439 3753 1490 ἐν

2175 1536 2234 1590 δέ
2263 1552 2401 1590 τισι·
2451 1535 2563 1589 Καὶ
2593 1535 2826 1588 ἔδωκαν
2874 1531 3141 1599 κλήρους
3181 1529 3403 1585 αὐτῶν.
3439 1529 3514 1582 Τὸ
3548 1529 3644 1600 μὲν
3673 1524 3754 1582 οὖν

486 1622 623 1677 illud
667 1623 887 1694 quidem
934 1626 1118 1688 αὐτοῖς
1157 1631 1438 1679 concertat
1469 1638 1569 1694 pro
1597 1638 1664 1679 eo
1689 1623 1835 1694 quod
1868 1640 2014 1679 nunc
2044 1641 2070 1679 a

2210 1628 2380 1695 ιῠτοῖς
2403 1627 2828 1696 συναγωνίζεται
2853 1624 2931 1696 τῷ
2959 1624 3057 1678 νῦν
3083 1625 3204 1695 είρη
3214 1623 3359 1694 μένῳ
3383 1623 3491 1676 ὑπὸ
3508 1621 3602 1675 τοῦ
3622 1620 3752 1674 θείου

416 1775 424 1778 _
485 1713 673 1768 divino
725 1712 985 1785 Dionysio
1025 1714 1237 1769 dictum
1293 1721 1397 1777 est.
1451 1714 1611 1784 quasi
1661 1723 1810 1770 sorte
1857 1716 2070 1786 signum

2210 1721 2474 1785 .ιονυσίου,
2510 1721 2586 1784 ὡς
2617 1720 2712 1773 τοῦ
2745 1719 2949 1790 κλήρου
2981 1716 3252 1788 σύμϐολόν
3287 1733 3338 1768 τι
3371 1714 3673 1786 δηλοῦντος,
3703 1713 3754 1778 ἐξ

485 1805 761 1874 quoddam
809 1806 1152 1876 designante,
1183 1821 1252 1862 ex
1305 1806 1641 1862 revelatione
1691 1806 1946 1862 fortassis
1979 1815 2070 1862 aut

2210 1812 2574 1883 ιποκαλύψεως
2622 1814 2754 1875 ἴσως
2796 1810 2830 1882 ἢ
2863 1811 3234 1882 ὲνεργήματος
3265 1809 3359 1862 τοῦ
3393 1809 3550 1877 ἁγίου
3594 1809 3752 1860 Ilvati-

483 1898 801 1967 operatione
833 1897 1066 1968 Spiritus
1095 1898 1298 1967 sancti,
1327 1899 1556 1955 cadente
1586 1899 1640 1953 in
1670 1916 1794 1955 eum
1827 1899 1920 1970 qui
1947 1912 2070 1954 sor-

2210 1920 2368 1972 ιατος,
2400 1905 2692 1967 πίπτοντος
2724 1903 2818 1956 ἐπὶ
2843 1903 2936 1956 τὸν
2967 1901 3366 1974 κληρούμενον·
3399 1899 3522 1954 ὅθεν
3556 1900 3647 1953 καὶ
3669 1917 3753 1952 πε-

485 1989 757 2056 tiebatur;
793 1991 938 2046 unde
963 1993 1128 2046 etiam
1161 1991 1230 2047 de
1256 1989 1519 2047 lscariote
1544 1992 1680 2047 dicit
1707 2007 1936 2062 magnus
1965 1989 2070 2046 Pe-

2210 2001 2234 2054 i.
2276 1997 2372 2052 τοῦ
2428 1996 2777 2069 Ἰσκαριώτου
2829 1995 2994 2068 φησὶν
3040 1996 3070 2049 ὁ
3119 1993 3375 2065 μέγιστος
3401 1992 3629 2065 Πέτρος,
3657 1994 3748 2045 ὅτι·

483 2091 603 2137 trus
635 2101 648 2136 :
685 2082 790 2148 Qui
833 2084 1054 2138 sortitus
1104 2096 1218 2138 erat
1247 2084 1520 2138 nobiscum
1551 2095 1744 2138 sortem
1791 2085 2074 2139 ministerii

484 2174 645 2243 hujus
692 2184 714 2211 ι
745 2216 758 2230 .
797 2175 1121 2246 Quanquam
1153 2185 1416 2231 consueta
1457 2175 1620 2231 nobis
1658 2191 1782 2232 sors
1826 2192 1937 2230 non
1969 2176 2072 2231 luit

486 2266 736 2321 adhibita
783 2281 814 2321 a
845 2267 1088 2334 Christo,
1118 2283 1243 2324 cum
1277 2269 1477 2340 delegit
1506 2269 1808 2341 apostolos.

552 2447 806 2518 Pontifex
843 2466 984 2506 vero.
1026 2449 1104 2505 De
1148 2452 1431 2522 episcopo,
1477 2464 1579 2507 cur
1627 2450 1679 2506 ei
1725 2449 1830 2506 soli
1879 2459 2070 2507 sancta

481 2540 774 2612 Evangelia
804 2542 1178 2612 imponantur.

550 2635 662 2704 82
703 2634 899 2703 Deique
944 2645 1057 2689 tum
1087 2638 1461 2704 operationem,
1507 2644 1618 2690 tum
1661 2639 2066 2707 apparitionem.

480 2721 1039 2782 Pratsubaudiendum
1082 2734 1168 2783 est
1214 2727 1548 2800 ὑπάρχοντα,
1581 2730 1939 2799 exsistentia;
1982 2747 2071 2788 se-

479 2817 718 2873 cundum
750 2819 1266 2890 praetermissionem
1289 2821 1433 2875 enim
1459 2822 1633 2886 verbi,
1670 2838 1813 2894 saepe
1831 2831 1914 2880 est
1937 2839 2070 2880 con-

479 2909 732 2965 structio.
778 2909 918 2964 Nota
948 2924 1102 2976 vero,
1134 2919 1397 2983 quantam
1430 2913 1726 2985 participet
1769 2915 2066 2988 episcopus

477 3001 721 3057 divinam
756 3002 992 3073 cOpiam.

555 3095 846 3150 Sacrorum
891 3096 1244 3166 eloquiorum,
1271 3096 1368 3156 Gr.
1403 3097 1760 3171 Ἱερολογιῶν.
1815 3098 1930 3156 lloc
1977 3110 2067 3158 est

488 3186 1020 3256 interpretationum.

549 3277 927 3334 Sacerdotibus
962 3289 1158 3333 autem.
1201 3279 1277 3337 De
1306 3281 1662 3354 presbyteris.

551 3369 842 3425 Inclinatio
867 3371 1098 3442 quidem.
1141 3372 1286 3439 Quid
1313 3373 1596 3430 inclinatio
1625 3375 1892 3433 declaret.

553 3461 581 3535 §
626 3459 764 3518 νιῐι.
815 3462 944 3518 Tres
992 3466 1162 3519 sacris
1215 3467 1567 3536 operantium.
1624 3468 1748 3522 Τῶν
1802 3470 2070 3543 ίεροτελε-

478 3554 640 3609 στῶν.
684 3553 800 3610 Hoc
828 3563 912 3612 est
939 3557 1283 3627 pontiﬁcum,
1311 3558 1683 3627 sacerdotum,
1701 3568 1757 3617 et
1784 3563 2064 3620 ministro-
2111 3565 2113 3567 ’

479 3662 618 3707 tum.

549 3738 741 3794 Tribus
771 3755 953 3794 eorum
979 3741 1071 3812 qui
1091 3741 1392 3797 initiantur.
1435 3741 1552 3798 Hoc
1575 3755 1659 3801 est
1686 3756 2062 3818 purgatorum,

476 3831 898 3899 illustratorum,
924 3841 979 3889 et
1012 3834 1476 3905 contemplatione
1508 3837 1898 3906 perfectorum.

543 4009 917 4066 Hinisterialis
962 4011 1114 4068 ordo.
1156 4012 1234 4069 De
1262 4013 1497 4072 diacono
1526 4033 1699 4074 unum
1739 4021 1934 4092 pedem
1963 4023 2061 4080 ﬂe-

475 4112 676 4163 Qtente.

546 4194 854 4250 Sacerdotes
887 4212 1028 4251 vero.
1070 4194 1212 4264 Quid
1264 4198 1338 4253 sit
1383 4199 1738 4274 presbyteros
1767 4213 2062 4278 utrumque

475 4285 666 4357 pedem
699 4285 997 4342 inﬂectere.

549 4375 838 4448 Utrumque
881 4396 1034 4450 genu.
1105 4381 1247 4449 Quid
1299 4382 1372 4437 sit
1415 4385 1730 4456 pontiﬁcem
1784 4389 2060 4450 inﬂectere

2179 2094 2405 2160 ’Έλαχε
2436 2090 2559 2144 σὺν
2577 2089 2723 2160 ἡμῖν
2751 2088 2860 2142 τὸν
2889 2087 3120 2155 κλῆρον
3149 2085 3260 2155 τῆς
3287 2085 3596 2151 διακονίας
3624 2087 3750 2138 ταύ-

2174 2203 2299 2254 τηςο
2353 2187 2529 2240 καίτοι
2577 2182 2817 2254 συνήθης
2859 2183 2990 2252 ἡμῖν
3042 2180 3246 2251 κλῆρος
3281 2179 3384 2232 οὐκ
3429 2173 3500 2249 ἦν
3539 2177 3752 2231 ἐπὶτῶν

2173 2277 2488 2332 ἀποστόλων
2534 2273 2775 2346 γεγονὼς
2825 2273 2967 2345 ὑπὲρ
3018 2272 3226 2344 Κυρίου
3270 2269 3365 2324 τοῦ
3400 2269 3749 2341 ὲκλεξαμένου

2173 2371 2389 2434 αὐτούς.

2253 2464 2309 2516 '0
2340 2461 2410 2517 δὲ
2435 2459 2732 2532 ίεράρχης.
2775 2458 2915 2531 Περὶ
2961 2455 3056 2512 τοῦ
3094 2457 3416 2519 ἐπισκόπου,
3443 2453 3532 2510 διὰ
3563 2454 3614 2508 τί
3641 2455 3750 2506 ἑπι-

2170 2555 2377 2610 τίθεται
2411 2555 2556 2627 μόνῳ
2584 2553 2732 2625 αύτῷ
2759 2551 2828 2606 τὰ
2851 2551 2982 2621 ἅγια
3012 2548 3343 2619 Εὑαγγέλια.

2244 2648 2567 2717 Θεουργίας
2590 2686 2606 2712 ,
2668 2645 3042 2716 θεοερανείας.
3112 2641 3635 2716 Προσυπακουστέον
3697 2639 3752 2692 τὸ

2169 2739 2520 2811 ὑπάρχοντα
2541 2757 2555 2771 ο
2589 2739 2731 2794 κατὰ
2761 2738 3086 2812 παράλειψιν
3108 2737 3218 2810 γὰρ
3239 2736 3334 2790 τοῦ
3365 2737 3609 2810 ῥήματος
3636 2732 3753 2787 πολ-

2168 2832 2386 2903 λάκιςή
2423 2831 2691 2899 σύνταξις.
2728 2831 3042 2904 Σημείωσαι
3090 2829 3147 2883 δὲ
3180 2829 3362 2884 πόσων
3410 2827 3749 2900 μεταλαμϐά-

2168 2943 2252 2982 νει
2282 2929 2312 2983 ό
2338 2928 2638 2990 ἐπίσκοπος
2669 2925 2828 2979 θείων
2859 2923 3369 2996 πλεονεκτημάτων.

2253 3103 2632 3174 ἰεροιίοτιῶν.
2661 3103 2954 3157 Τουτέστιν
2987 3100 3313 3175 ὲρμηνειῶν.

2247 3281 2376 3348 Τοῖς
2403 3281 2474 3335 δὲ
2503 3282 2748 3350 ἱερεῦσι.
2789 3281 2926 3354 Περὶ
2958 3279 3367 3353 πρεσϐυτέρων.

2251 3375 2316 3430 Ἡ
2339 3373 2457 3444 μὲν
2485 3373 2600 3428 οὖν
2627 3375 2851 3440 κλίσις.
2889 3373 2955 3426 Τί
2985 3375 3019 3444 ἡ
3047 3371 3222 3436 κλίσις
3251 3371 3420 3441 δηλοῖ.

2241 3464 2436 3539 §VllL
2490 3467 2561 3520 Αί
2610 3465 2766 3534 τρεῖς
2804 3465 2926 3519 τῶν
2973 3461 3421 3534 ίεροτελεστνῶνν.
3471 3457 3748 3515 Τωτέστιν

2171 3559 2463 3632 ῑεραρχῶν,
2501 3558 2712 3630 ίερέων,
2742 3559 2837 3612 καὶ
2865 3555 3219 3630 λειτουργῶν.

2244 3740 2378 3807 Ταῖς
2407 3739 2565 3808 τρισί
2608 3739 2728 3793 τῶν
2769 3734 3164 3809 τελουμένων.
3205 3735 3464 3789 Τουτέστι
3499 3734 3607 3788 τῶν
3650 3750 3749 3787 κα-

2167 3833 2527 3906 θαιρομένων,
2555 3831 2666 3886 τῶν
2711 3830 3112 3901 φωτιζομένων,
3139 3828 3234 3882 καὶ
3264 3827 3374 3882 τῶν
3407 3825 3750 3897 θεωρητικῶς

2163 3925 2320 3980 τελου
2329 3925 2524 3997 μένων.

2248 4018 2310 4074 Ἡ
2336 4015 2712 4086 λειτουργίκὴ
2759 4014 2948 4082 τάξις.
3003 4013 3142 4086 Περὶ
3183 4013 3434 4067 διακόνου
3476 4011 3573 4065 ἕνα
3616 4008 3748 4063 πόδα

2164 4112 2452 4176 κλίνοντος.

2239 4208 2302 4260 Ol
2332 4204 2400 4258 δὲ
2431 4203 2624 4272 ἱερεῖς.
2663 4202 2729 4255 Τί
2759 4202 2820 4255 τὸ
2860 4201 2987 4264 τοὺς
3023 4199 3119 4255 δύο
3170 4199 3337 4262 πόδας
3383 4197 3583 4251 κλίνειν
3623 4197 3748 4258 τοὺς

2162 4297 2586 4370 πρεσϐυτέρους.

2236 4393 2434 4461 Ἄμφω
2465 4388 2546 4443 τὼ
2577 4388 2744 4442 πόδε.
2785 4387 2852 4441 Τί
2880 4387 2941 4439 τὸ
2971 4386 3100 4449 τοὺς
3119 4384 3213 4438 δύο
3244 4380 3412 4448 πόδας
3436 4383 3632 4437 κλίνειν
3659 4380 3747 4433 τὸν

472 4467 612 4523 riuos
642 4469 831 4538 pedes,
858 4478 914 4525 et
958 4485 1058 4526 cur
1087 4471 1387 4543 Scriptura:
1416 4491 1584 4546 super
1613 4487 1778 4548 caput
1812 4480 1932 4550 ejus
1961 4497 2058 4552 po-

2210 4484 2449 4556 .ράρχην,
2477 4483 2573 4537 καὶ
2601 4481 2692 4536 διὰ
2711 4481 2764 4534 τί
2788 4483 2843 4534 at
2867 4479 3084 4551 Γραφαὶ
3103 4473 3434 4532 ἐπιτίθενται
3453 4480 3518 4548 τῇ
3539 4473 3747 4544 κεφαλῇ

474 4569 698 4618 nuntur.

1074 4675 1143 4729 IN
1183 4677 1338 4734 CAP.
1375 4678 1467 4734 Vl.

542 4761 586 4818 Ι.
631 4765 845 4834 Triplex
866 4783 1026 4837 genus
1049 4769 1459 4828 initiandorum.
1501 4772 1642 4832 Tres
1672 4792 1796 4833 esse
1832 4779 2055 4837 ordines

472 4856 568 4926 qui
598 4858 978 4926 perﬁciuntur.
1295 4876 1300 4880 '

546 4946 644 5018 ξι.
686 4945 923 5003 Dicimus
946 4950 1128 5020 igitur.
1169 4949 1405 5018 Quinam
1440 4956 1550 5011 sint
1597 4957 1634 5012 ii
1683 4959 1773 5030 qui
1823 4978 2055 5035 purgau-

475 5048 586 5103 tur,
615 5047 666 5093 et
691 5040 983 5109 quomodo.

549 5129 755 5186 Turbas
805 5130 930 5184 illas
958 5149 1073 5202 qua!
1102 5143 1462 5206 segregantur.
1504 5137 1620 5194 Hoc
1663 5151 1748 5198 est
1795 5147 2054 5202 catechu-

474 5225 641 5288 meni,
682 5223 1032 5294 pmnitentes,
1065 5234 1119 5280 et
1171 5225 1204 5280 a
1245 5227 1492 5286 daemone
1532 5237 1752 5304 vexati;
1800 5238 2058 5293 ditl'eren-

473 5315 606 5368 tiam
653 5325 834 5371 autem
883 5313 1074 5373 eorum
1099 5321 1239 5391 quos
1265 5322 1535 5380 scelerum
1565 5329 1815 5398 poenitet,
1845 5330 2055 5387 inducit

475 5407 533 5462 in
569 5408 950 5480 sequentibus.

552 5637 578 5668 ι
611 5628 734 5685 Act.
767 5643 810 5696 ι,
835 5628 926 5688 17.

2164 4578 2328 4633 αὐτοῦ
2353 4577 2418 4632 ³³.

2627 4690 2738 4744 E12
2776 4688 2864 4741 T0
2900 4685 3152 4741 ΚΕΦΑΛ.
3196 4687 3286 4752 ς’.

2231 4789 2273 4840 l.
2321 4785 2531 4854 Τριάδα
2561 4783 2680 4837 τῶν
2710 4778 3105 4849 τελουμένων.
3148 4779 3270 4830 Ὀτι
3298 4779 3446 4848 τρεῖς
3475 4776 3528 4828 αί
3559 4773 3750 4827 τελού-

2163 4896 2321 4950 μεναι
2347 4877 2548 4942 τάξεις.

2231 4970 2327 5041 §I.
2368 4969 2632 5039 Λέγομεν
2660 4967 2887 5020 τοίνυν.
2929 4963 3087 5028 Τίνες
3123 4964 3173 5017 oi
3215 4962 3621 5033 καθαιρόμενοι,
3657 4959 3750 5012 καὶ

2161 5079 2297 5125 πως.

2245 5150 2870 5220 Ἀποδιαστελλόμεναι
2898 5150 3184 5216 πληθύες.
3227 5147 3516 5201 Το-ετέστιν
3548 5144 3595 5197 οἱ
3620 5160 3756 5198 κατ-

2161 5245 2455 5321 ηχούμενος
2489 5284 2503 5307 ,
2536 5245 2584 5296 oi
2627 5245 2685 5296 ὲν
2727 5241 3003 5315 μετανοίᾳ,
3037 5243 3132 5296 καὶ
3173 5239 3565 5312 ἐνοχλούμενοι.
3613 5242 3750 5288 Δια-

2159 5339 2332 5410 φορὰν
2358 5339 2416 5392 δὲ
2444 5339 2745 5408 εἰσηγεῖται
2771 5336 2880 5391 τῶν
2912 5336 2970 5390 ὲν
3000 5335 3260 5409 μετανοίᾳ
3286 5336 3345 5390 ὲν
3373 5335 3484 5398 τοῖς
3509 5329 3661 5402 ἑξῆς.

1384 5791 1621 5852 VARUE
1659 5794 2041 5856 LECTIONES
2074 5799 2162 5856 ET
2195 5796 2743 5859 CORRECTIONES.

550 5947 586 5983 ’τ
611 5949 792 6005 ἐπάνω
823 5950 917 6024 τῆς
950 5954 1188 6032 κεφαλῆς
1221 5955 1407 6010 αὐτοῦ.
