3872 6550
173 387 279 442 169

899 383 958 440 S.
993 381 1244 439 MAXIM!
1283 380 1576 438 SCHOLIA
1615 385 1682 440 IN
1720 384 1849 442 LIB.
1885 385 1972 440 DE
2009 386 2296 443 ECCLES.
2335 385 2712 446 HIERARCH.

3339 393 3443 449 £70

246 499 364 569 Τῆς
394 499 482 566 δὲ,
515 500 614 566 ὡς.
654 499 776 553 Τῶν
819 500 876 555 ὲν
924 503 1183 575 μετανοίᾳ
1223 505 1360 575 μετὰ
1385 507 1446 559 τὸ
1480 505 1742 579 βάπτισμι

1941 506 2096 560 Alius
2141 504 2350 576 quidem
2395 508 2554 585 quod.
2595 505 2987 562 Paenitentiam
3019 515 3144 578 post
3174 507 3449 580 baptisma-

167 592 609 666 ἁμαρτανοντων.

245 687 363 756 Τῆς
393 685 482 755 δὲ,
515 689 594 752 ὠς
625 689 730 742 ἐτι.
772 689 892 742 Τῶν
923 689 1338 762 χειμαζομένων
1373 695 1466 747 καὶ
1500 696 1755 767 ἐνεργου-

150 787 221 854 μέ
243 797 372 833 νων.

246 870 362 939 Τῆς
394 868 482 939 δὲ,
515 872 597 938 ὡς
621 872 708 926 ἐτι
741 873 910 941 πρός.
953 873 1072 927 Τῶν
1103 874 1210 928 ἀπὸ
1238 877 1520 948 αἱρέσεων,
1543 879 1570 950 ἦ
1596 879 1755 932 ἀσελ-

167 981 232 1032 γε
241 965 357 1018 ιῶν.

246 1056 364 1125 Τῆς
408 1057 496 1119 δὲ,
533 1058 614 1123 ὡς
653 1059 1074 1128 μεταχθείσης.
1117 1061 1236 1114 Τῶν
1293 1062 1366 1133 μὴ
1420 1063 1640 1126 τελείως
1697 1065 1755 1132 ἐξ

160 1149 458 1219 ἀσελγείας
485 1151 928 1224 ἐπιστρεψάντων
954 1156 1034 1218 είς
1063 1155 1352 1226 άγιασμὸν,
1384 1155 1417 1226 ἦ
1447 1155 1555 1209 τῶν
1583 1173 1755 1227 κατη-

163 1261 264 1313 χου
272 1242 340 1312 μέ
346 1260 453 1295 νων
461 1285 474 1297 .

235 1333 264 1405 §
298 1336 364 1388 II.
405 1335 577 1402 Μέση
606 1333 674 1387 δὲ
703 1335 890 1402 τάξις.
944 1337 1000 1390 '0
1032 1338 1221 1402 πιστὸς
1249 1338 1395 1403 λαός.

245 1427 307 1480 Ἠ
336 1426 697 1495 καθαρθεῖσα
723 1428 947 1498 πάσης.
989 1431 1102 1501 Τὴν
1137 1433 1316 1485 πᾶσαν
1355 1431 1624 1504 κάθαρσιν
1659 1431 1755 1488 τοῦ

162 1517 320 1572 λαοῦ.

223 1611 298 1664 Δί
325 1609 718 1682 καθαιρόμεναι
750 1613 934 1677 τάξεις
954 1613 1288 1687 διαιροῦνται

520 1705 616 1768 Εἰς
645 1707 774 1769 τοὺς
801 1706 1230 1778 ὲκσαλλομένους
1258 1708 1366 1762 τῶν
1399 1709 1578 1781 ἱερῶν,

521 1800 617 1864 Εἰς
645 1800 734 1852 τὸν
766 1800 954 1854 πιστὸν
986 1800 1137 1864 λαὸν,

523 1894 618 1956 Εἰς
648 1893 933 1963 μοναχοὺς,
961 1893 1077 1964 ἤτοι
1105 1891 1460 1964 θεραπευτάς.

239 1987 360 2055 Τὴν
391 1987 497 2041 τοῦ
547 1985 707 2055 ιεροῦ
737 1985 912 2039 λαοῦ.
956 1985 1265 2057 Σημείωσαι
1306 1988 1387 2042 ὅτι
1432 1989 1604 2061 μέσην
1651 1992 1748 2044 τά-

161 2081 246 2145 ξιν
291 2080 384 2134 τὸν
433 2078 576 2150 ἱερὸν
626 2077 753 2131 λαὸν
801 2077 1085 2140 ἀποκαλεῖ,
1117 2078 1282 2149 ἤγουν
1316 2081 1443 2144 τοὺς
1478 2083 1534 2134 ὲν
1575 2082 1748 2154 λαῖκῷ

156 2171 408 2242 τάγματι
432 2171 494 2224 τὺ
525 2169 715 2241 ὁλόχλη
725 2186 815 2241 ρον
842 2169 961 2240 ἦτοι
989 2169 1048 2223 τὸ
1073 2170 1458 2243 ἀνεπιτίμητον
1489 2173 1707 2244 ἔχοντας
1731 2192 1742 2203 ’

156 2264 291 2327 τοὺς
315 2264 373 2318 δὲ
409 2263 694 2334 μοναχοὺς,
723 2261 842 2333 ἤτοι
879 2263 1004 2326 τοὺς
1032 2260 1387 2334 Θεραπευτὰς,
1419 2264 1518 2336 τὴν
1559 2267 1748 2320 πασῶν

156 2354 522 2428 ὗψηλοτέραν.

231 2447 384 2521 5m.
438 2450 502 2504 Ἡ
525 2447 642 2502 τῶν
662 2448 967 2519 μοναχῶν.
1005 2449 1198 2521 Μέτρα
1242 2449 1542 2521 μοναχικῆς
1583 2469 1748 2504 κατα-

158 2541 430 2604 στάσεως.

234 2635 303 2687 οι
329 2632 468 2702 μὲν,
503 2632 884 2702 θεραπευτάς,
927 2631 1026 2686 Διὰ
1052 2632 1106 2685 τί
1134 2632 1184 2686 οί
1212 2633 1455 2702 μοναχοὶ,
1483 2631 1747 2704 Θεραπευ-

155 2725 252 2778 ταὶ
281 2724 612 2796 ἐκλήθησαν.

229 2816 346 2871 Kal
387 2816 632 2883 ἐνιαίας.
674 2816 740 2870 Τί
786 2812 1042 2889 [μονάς]
1091 2816 1387 2888 ἀμέριστος
1431 2817 1524 2870 καὶ
1570 2818 1748 2872 ὲνιαία

155 2907 299 2980 ζωή.

233 3000 360 3056 Τῶν
396 3000 700 3069 διαιρετῶν
740 3002 942 3072 ἱεραῖς.
1001 3004 1255 3072 Διαιρετά
1305 3019 1437 3073 φησι
1491 3003 1562 3056 τά
1617 3003 1744 3074 βιω-

151 3094 308 3147 τικά.

1860 607 2165 668 peccatum.

1929 689 2083 743 Alius
2113 707 2231 744 vero
2257 689 2396 762 quod
2423 693 2732 748 etiamnum.
2773 692 2972 748 Eorum
3023 691 3119 764 qui
3170 693 3437 765 agitantur

1858 796 1889 835 a
1920 782 2187 846 daemone,
2220 796 2274 838 et
2307 786 2361 837 in
2392 785 2593 854 quibus
2621 785 2894 842 daemones
2925 797 3244 857 operantur.

1929 877 2082 932 Alius
2108 895 2226 932 vero
2263 877 2420 949 quod.
2461 876 2660 932 Eorum
2691 879 2784 949 qui
2809 879 2878 933 ab
2899 880 3222 946 haeresibus,
3255 889 3350 934 aut
3377 879 3444 934 li-

1860 968 2160 1028 bidinibus.

1931 1063 2084 1115 Alius
2112 1061 2252 1132 quod
2279 1061 2394 1132 iam
2427 1064 2726 1118 traductus.
2770 1063 2969 1118 Eorum
3003 1066 3096 1136 qui
3140 1082 3250 1121 non
3281 1068 3445 1138 plane

1857 1169 1922 1207 ex
1954 1153 2178 1208 libidine
2206 1154 2489 1210 redierunt
2511 1155 2578 1209 ad
2603 1157 3044 1220 sanctimoniam,
3070 1159 3156 1213 vel
3182 1160 3442 1214 catechu-

1859 1262 2166 1301 menorum.

1932 1338 1959 1410 ᾗ
1993 1338 2056 1394 ll.
2099 1338 2308 1394 Medius
2340 1351 2515 1396 autem
2545 1342 2698 1400 ora'o.
2738 1341 2942 1400 Fidelis
2971 1345 3224 1414 populus.

1931 1429 2194 1500 [fx-piatas
2240 1433 2305 1486 ab
2347 1435 2510 1489 omni.
2555 1432 2879 1490 Universam
2925 1436 3290 1507 expiationem
3343 1451 3441 1506 po-

1854 1523 1995 1596 puli.
2647 1517 2652 1520 ’

1927 1617 2164 1676 Ordines
2201 1619 2294 1690 qui
2330 1627 2635 1690 purgantur
2661 1619 2984 1676 dividuntur
3106 1634 3124 1665 κ

2209 1713 2267 1767 1η
2300 1729 2396 1769 eos
2423 1714 2516 1784 qui
2543 1728 2611 1769 ex
2639 1714 2860 1784 templis
2886 1715 3260 1785 expelluntur,

2210 1805 2268 1860 In
2302 1807 2514 1862 ﬁdelem
2545 1808 2832 1878 populum,

2207 1902 2268 1954 In
2301 1901 2622 1966 monachos,
2651 1901 2767 1956 sive
2793 1901 3057 1957 cultores.

1921 1990 2134 2047 Sancta:
2161 1992 2349 2062 plebis.
2391 1992 2549 2059 Nota,
2583 1993 2729 2064 quod
2765 1993 3004 2050 medium
3042 1994 3292 2049 ordinem
3339 2011 3436 2065 ap-

1849 2081 2012 2152 pellet
2043 2097 2263 2137 sacrum
2293 2083 2577 2154 populum,
2599 2083 2716 2138 sive
2743 2097 2838 2138 eos
2863 2083 2956 2153 qui
2987 2085 3041 2136 in
3076 2084 3216 2139 laico
3245 2085 3437 2140 ordine

1846 2173 1956 2245 83
1988 2175 2352 2246 integritatem
2383 2175 2498 2231 sive
2529 2175 3168 2246 irreprehensibilitatem
3203 2177 3428 2242 habent;

1850 2267 2154 2323 monachos
2201 2274 2420 2334 autem,
2471 2267 2588 2324 sive
2632 2267 2902 2332 cultores,
2951 2269 3197 2323 omnium
3241 2285 3436 2341 supre-

1850 2374 1901 2412 m
1909 2374 1997 2412 m1
2008 2401 2020 2413 .

1919 2452 1946 2523 §
1987 2454 2076 2508 Ill.
2128 2451 2534 2509 Monaehorum.
2603 2451 2846 2508 Termini
2895 2459 3072 2509 status
3134 2454 3434 2509 monacho-

1849 2560 1994 2600 rum.

1919 2637 2026 2690 Alii
2045 2636 2254 2708 quidem
2275 2636 2631 2701 therapeutas.
2645 2635 2760 2692 Cur
2781 2636 3034 2692 monachi
3058 2645 3322 2692 vocentur
3347 2637 3436 2692 0:.-

1849 2729 2140 2801 ραπευταί,
2182 2729 2441 2785 cultores.

1921 2820 1990 2874 Et
2013 2821 2296 2892 singulari.
2339 2819 2480 2886 Quid
2517 2817 2828 2893 [solitudo]
2859 2819 3160 2882 individua,
3189 2820 3434 2892 singula-

1849 2915 2036 2985 risque
2065 2915 2196 2969 vita.

1919 3007 2133 3062 Sanctis
2164 3022 2336 3060 rerum
2371 3004 2729 3062 dividuarum.
2771 3004 3002 3062 Dividua
3032 3017 3212 3062 autem
3245 3007 3432 3076 appel-

1849 3100 1924 3153 lat
1952 3115 2038 3161 ea,
2071 3113 2192 3168 qua:
2228 3099 2296 3152 ad
2324 3100 2490 3151 vitam
2524 3097 2844 3152 saecularem
2877 3098 3170 3168 pertinent.

229 3185 475 3258 Θεσειδῆ
497 3188 749 3258 μονάδα.
776 3188 901 3251 Πῶς
925 3186 1282 3241 τελειοῦταιίνο
1309 3191 1338 3242 ὁ
1367 3188 1633 3260 μονάζων,
1658 3191 1742 3244 καὶ

1927 3191 2248 3262 Deiformem
2278 3191 2554 3246 unitatem.
2597 3189 2884 3256 Quomodo
2930 3198 3283 3246 consecretur
3316 3206 3432 3244 mo-

151 3279 245 3334 διὰ
268 3279 325 3339 τί
359 3281 535 3352 ἰδικὴν
562 3281 843 3335 τελείωσιν
863 3280 957 3333 καὶ
976 3279 1266 3350 ἐπίκλησιν
1294 3281 1389 3334 καὶ
1411 3280 1742 3335 κατάστασιν

151 3371 270 3442 ἔχει
303 3375 331 3426 ὁ
363 3373 614 3444 μοναχός.

223 3467 295 3518 ll.
349 3465 405 3519 '0
426 3467 545 3535 μὲν
584 3468 794 3535 ἱερεύς.
850 3468 1167 3538 Σημείωσαι
1213 3467 1323 3530 ὅτι,
1355 3469 1387 3518 ὀ
1406 3465 1524 3536 μὲν
1554 3467 1744 3534 ἱερεύς

150 3574 310 3628 φησι,
334 3559 429 3611 καὶ
469 3559 566 3629 οὑχ
605 3558 957 3628 όίεράρχης,
997 3561 1088 3612 καὶ
1129 3560 1212 3612 ὅτι
1259 3557 1399 3611 κατὰ
1435 3558 1622 3611 τοῦτον
1648 3555 1743 3610 τοῦ

153 3651 372 3721 Πατρδς
405 3650 498 3703 τὸν
529 3650 708 3720 λόγον,
741 3652 803 3704 οὑ
841 3651 922 3704 δεῖ
949 3653 1136 3723 σχῆμα
1171 3649 1407 3722 μοναχοῦ
1446 3651 1745 3703 ἐπίσκοπον

151 3741 373 3807 διδόναι,
408 3742 546 3796 ἀλλὰ
577 3744 736 3814 μόνον
762 3744 1151 3816 πρεσϐύτερον.

229 3835 364 3902 Ταῖς
393 3835 730 3905 διαιρεταῖς.
773 3838 906 3900 Ταῖς
934 3837 1214 3907 βιωτικαῖς
1234 3838 1328 3890 καὶ
1346 3836 1740 3906 πολυσχιδέσιν,

151 3921 264 3980 οἷον
290 3927 584 3999 ἐμπορίαις
623 3929 785 3999 φημὶ,
815 3930 910 3981 καὶ
949 3932 1060 3992 τοῖς
1095 3929 1272 3993 ἄλλοις
1313 3927 1738 4000 συναλλάγμασι.

151 4020 519 4086 Muciam
538 4019 626 4082 δὲ,
654 4021 897 4073 τουτέστι
942 4025 1062 4084 ταῖς
1103 4021 1245 4074 κατὰ
1287 4021 1522 4075 διάνοιαν
1555 4021 1741 4074 ἐπιϐυ-

153 4110 307 4180 μίαις
338 4113 436 4164 καὶ
460 4104 576 4164 τῶν
603 4110 792 4165 παθῶν
821 4110 1256 4166 ἀνατυπὼσεσιν.

233 4293 573 4364 Ἇποκείρει.
613 4294 738 4358 Πῶς
762 4294 1005 4366 κείρεται
1037 4295 1064 4347 ὁ
1101 4293 1350 4365 μοναχός.

228 4386 345 4455 Τὴν
396 4385 676 4455 τρισσήν.
721 4388 1031 4459 Σημείωσαι
1079 4387 1137 4440 δὲ
1183 4387 1282 4458 τὴν
1329 4386 1555 4457 τρισσὴν
1608 4387 1740 4440 ὑπό-

151 4494 364 4533 στασιν.

1847 3284 2082 3346 nachus,
2113 3291 2168 3339 et
2216 3298 2315 3338 cur
2361 3282 2639 3353 propriam
2679 3285 3153 3340 consecrationem
3193 3294 3247 3341 et
3277 3285 3433 3340 inro—

1848 3376 2140 3439 cationem,
2176 3383 2228 3431 et
2263 3384 2464 3431 statum
2496 3374 2692 3430 habeat
2722 3377 3046 3432 monachus.

1916 3467 1980 3521 li.
2021 3466 2277 3522 Sacerdos
2302 3465 2528 3538 quidem.
2565 3466 2705 3521 Nota
2750 3469 2898 3538 quod
2949 3469 3115 3532 dicat,
3149 3471 3429 3534 sacerdos,

1846 3566 1901 3613 et
1930 3573 2040 3614 non
2057 3559 2322 3629 pontifex,
2338 3566 2389 3614 et
2406 3558 2705 3614 secundum
2728 3559 2872 3613 hunc
2893 3558 3073 3615 Patris
3097 3575 3427 3627 sermonem,

1848 3666 1957 3704 non
2005 3651 2322 3722 episcopum
2375 3649 2472 3706 sed
2519 3650 2696 3706 solum
2745 3653 3125 3724 presbyterum
3176 3654 3428 3707 monachi

1847 3743 2092 3798 habitum
2122 3743 2253 3799 dare
2281 3744 2498 3799 debere.

1920 3834 2183 3890 Dividuis.
2225 3834 2358 3901 Qua:
2400 3837 2468 3890 ad
2507 3837 2671 3890 vitam
2700 3835 3100 3889 mundanorum
3133 3838 3426 3906 pertinent,

1847 3936 1901 3981 et
1951 3929 2005 3982 in
2037 3930 2238 3984 multas
2272 3937 2456 3999 partes
2485 3929 2675 3983 divisae
2706 3928 2867 3981 sunt?
2896 3936 2954 3981 ut
2987 3939 3113 3982 sunt
3156 3937 3430 3983 mercatu-

1845 4035 1939 4085 rae,
1977 4030 2030 4074 et
2075 4021 2166 4073 alii
2218 4028 2555 4075 contractus.
2616 4018 3095 4088 Imaginationibus
3143 4029 3340 4084 autem,
3373 4019 3425 4072 id

1847 4119 1929 4166 est
1973 4105 2179 4167 mentis’
2216 4111 2613 4182 cupiditatibus
2641 4119 2695 4164 ct
2722 4110 3195 4179 perturbationum
3233 4110 3426 4180 imagi-

1844 4206 2029 4260 nibus.

1920 4295 2191 4351 Detondet.
2234 4295 2519 4362 Quomodo
2545 4295 2844 4349 monachus
2874 4293 3181 4348 tondeatur.

1918 4393 2226 4462 Triplicem.
2269 4389 2409 4445 Nota
2449 4389 2721 4459 triplicem
2754 4388 3188 4444 subsistentiam.

223 4574 312 4626 Ill.
338 4573 364 4645 ᾗ
397 4574 436 4626 Ι.
468 4571 554 4645 [α]
594 4571 945 4642 Μοναχικὴν
977 4571 1167 4636 τάξιν.
1192 4571 1289 4625 Διὰ
1320 4573 1372 4624 τί
1397 4571 1611 4640 λέγεται
1644 4591 1740 4643 μο-

1911 4571 2001 4627 111.
2039 4570 2066 4641 §
2098 4569 2138 4624 1.
2180 4567 2536 4623 Monasticum
2565 4567 2816 4622 ordinem.
2859 4567 2972 4622 Cur
3008 4567 3308 4624 monachus
3335 4569 3417 4622 di-

144 4665 336 4734 ναχδς,
384 4668 481 4720 καὶ
529 4666 615 4730 τίς
665 4668 699 4736 ἡ
755 4667 1020 4737 μοναχικὴ
1066 4665 1397 4728 κατάστασις
1431 4666 1524 4718 καὶ
1555 4665 1741 4736 ἐπιτή-

144 4756 348 4820 δευσις.

220 4847 252 4919 §
282 4851 348 4904 ll.
401 4850 705 4920 Ἀποταγή.
748 4851 845 4914 Τίς
871 4853 904 4922 ἡ
936 4851 1203 4920 ἀποταγή.

224 5025 304 5100 [β]
325 5031 420 5085 Διὸ
443 5028 550 5084 καὶ
576 5029 796 5085 πολλὰ.
821 5031 1134 5102 Σημείωσαι
1157 5032 1297 5085 κατὰ
1314 5034 1729 5104 Λαμπετιανῶν,

139 5123 272 5190 ἤτοι
304 5123 690 5178 Μεσσαλιανῶν
732 5124 765 5194 ἢ
815 5125 1196 5195 Ἀδελφιανῶν,
1226 5127 1420 5180 ταύτὸν
1461 5127 1516 5180 δὲ
1560 5130 1731 5180 είπεῖν

137 5213 572 5284 Μαρκιανιστῶν
595 5233 607 5246 ·
637 5216 851 5281 οἵτινες,
875 5217 1114 5288 τριετίαν
1148 5217 1306 5288 μόνον
1356 5219 1540 5290 ἄκρως
1561 5219 1732 5290 ἀσκή-

139 5321 364 5371 σαντες,
393 5307 529 5377 μετὰ
549 5307 722 5361 ταῦτα
750 5309 841 5362 ἐπὶ
864 5309 1117 5362 τοσοῦτον
1146 5309 1493 5381 ἀδιαφοροῦσι
1514 5310 1603 5363 τὸν
1626 5311 1732 5364 λοι-

136 5399 258 5450 πδν
310 5399 404 5470 τῆς
455 5400 668 5454 ἑαυτῶν
711 5401 857 5472 ζωῆς
907 5402 1118 5472 χρόνον,
1152 5402 1229 5466 ὡς
1276 5404 1456 5456 πᾶσαν
1502 5402 1730 5455 ἀτοπίαν

137 5488 409 5561 πράττειν
452 5492 623 5556 ἀδεῶς
646 5510 662 5523 ·
699 5493 964 5564 μοιχείαις
991 5493 1118 5566 γὰρ,
1150 5495 1243 5548 καὶ
1273 5495 1596 5564 ἀσελγείαις,
1630 5514 1730 5566 γα-

138 5586 558 5655 στριμαργίαις,
590 5584 686 5639 καὶ
717 5583 1157 5658 άλληλογαμίαις,
1190 5587 1284 5642 καὶ
1319 5589 1650 5655 ἁπαξαπλῶς
1670 5591 1727 5642 ἐν

1842 4676 2034 4731 catur;
2064 4664 2187 4734 quis
2221 4663 2292 4718 sit
2319 4662 2454 4716 ordo
2491 4661 2884 4716 monachorum
2915 4679 2929 4728 ;
2972 4661 3226 4732 quodque
3272 4663 3422 4718 insti-

1840 4765 2036 4810 tutum.

1918 4846 2036 4919 ςιι.
2079 4846 2441 4911 Renuntialio,
2475 4845 2569 4902 Gr.
2614 4847 2884 4917 άποταγή.
2929 4843 3188 4912 Quanam
3229 4847 3299 4901 sit
3335 4864 3418 4902 re-

1841 4940 2139 4995 nuntiatio.

1911 5033 2264 5099 Quamobrem
2291 5030 2631 5087 multa.Nota
2659 5041 2850 5086 contra
2882 5029 3282 5103 Lampetianos,
3303 5031 3417 5087 sive

1838 5124 2218 5186 Messalianos,
2254 5131 2345 5176 aut
2375 5122 2761 5194 Adelphianos,
2792 5124 2874 5179 vel
2908 5124 3052 5194 quod
3085 5124 3224 5179 idem
3253 5125 3412 5188 valet,

1839 5215 2166 5277 Marcianos,
2191 5215 2282 5284 qui
2316 5214 2534 5284 quidem
2564 5231 2685 5270 cmn
2718 5215 3012 5270 triennium
3039 5204 3414 5268 tantummodo

1837 5309 2048 5363 duriter
2081 5307 2134 5360 in
2166 5306 2561 5361 monachorum
2591 5307 2694 5361 vita
2719 5314 3197 5378 consumpserunt,
3224 5314 3413 5377 postea

1835 5416 1931 5471 per
1956 5400 2224 5469 reliquum
2256 5401 2380 5453 vita:
2411 5415 2522 5453 sum
2548 5405 2764 5469 tempus
2788 5399 2922 5453 adeo
2947 5405 3074 5452 sunt
3095 5397 3410 5460 dissimiles,

1835 5501 1896 5547 ut
1930 5492 2098 5547 libere
2125 5490 2307 5546 omnia
2340 5491 2545 5546 scelera
2577 5489 2866 5543 admittant
2901 5509 2914 5542 :
2949 5489 3001 5541 in
3032 5489 3236 5557 stupris
3265 5491 3410 5546 enim

1835 5597 1888 5642 ct
1912 5584 2255 5652 libidinibus,
2295 5582 2350 5638 in
2385 5583 2622 5654 ingluvie
2653 5593 2704 5637 et
2735 5581 2938 5635 mutuis
2981 5579 3287 5646 adulteriis,
3327 5591 3407 5637 at-

1072 5723 1307 5781 VARl/E
1343 5723 1724 5781 LECTIONES
1758 5721 1845 5777 ET
1868 5717 2430 5778 .CORRECTIONES.

237 5877 285 5914 δι’
309 5880 546 5935 τελεῖται.

324 5977 584 6038 Pauor.
623 5978 742 6039 Gn.
779 5976 852 6036 IV
