3874 6540
432 409 528 465 171

1268 409 1605 468 APPENDIX
1642 413 1734 468 AD
1763 411 1994 469 OPERA
2030 411 2086 468 S.
2125 410 2423 469 DIO'NYSH
2454 409 2938 469 ΑΒΕΟΡΑΟΙΤΕ.

3616 407 3717 463 ιτς

432 543 542 602 que
586 539 697 581 uno
772 532 973 588 nomine
1022 529 1080 586 in
1129 529 1392 588 omnibus
1435 528 1658 603 ﬂagitiis
1689 531 1942 596 volutati.
1972 547 2032 588 se

2159 531 2336 594 πάσαις
2361 528 2624 594 ἀσωτίαις
2651 525 3142 598 ὲγκαλινδούμενοι,
3173 523 3243 578 τά
3285 521 3510 578 τοιαῦτα
3546 523 3719 596 πράτ-

435 618 709 693 ejusmodi
744 628 863 682 sine
882 627 1161 696 voluptate
1182 627 1432 697 corporis
1457 642 1619 698 agere
1649 626 1787 682 falso
1806 627 2026 682 dicunt:

2131 642 2243 679 τειν
2291 622 2517 687 ἀπαθῶς
2547 621 2926 695 τερατεύονται
2949 635 2962 648 ·
3000 619 3095 672 καὶ
3131 616 3472 688 ἀναισθήτως
3499 614 3709 669 νοσοῦν.

405 726 492 826 ἦρι
521 729 646 770 cum
687 721 806 776 sine
840 736 1027 784 sensu,
1057 720 1250 775 morbo
1282 721 1713 791 perturbationis
1763 735 1828 774 ac
1874 721 2032 775 volu-

444 806 608 826 _.-.._
680 811 799 826 ..._
880 818 891 826 .
1149 810 1159 820 .
1222 825 1225 826 ν
1488 825 1496 826 ,
1605 810 1616 822 .
1691 810 1724 826 .,
1772 819 1813 826 _.
1976 809 2011 826 ν.

2159 734 2222 780 ες
2262 716 2362 788 τὴν
2408 713 2736 786 ὲμπάθειαν,
2766 713 2861 768 καὶ
2903 711 3223 783 ἀναλγήτως
3256 712 3344 780 ὐφ’
3373 709 3582 764 ἑαυτῶν
3614 709 3714 764 πάι

2159 825 2163 826 ,
2272 825 2349 826 ,,,
2540 805 2639 826 κο..
2679 807 2732 826 1,.
2773 806 2950 826 ML-.-
3304 801 3568 826 ,,,,,ι,,,,,,
3617 800 3694 826 μ.-

427 806 612 878 ptatls
643 811 991 872 amictentur,
1026 826 1091 864 ac
1116 810 1236 865 sine
1263 810 1452 865 dolore
1479 825 1509 863 a
1540 810 1736 881 seipsis
1764 819 1929 882 atque
1964 809 2032 864 ab

439 899 514 956 iis
547 905 641 976 qui
669 919 764 960 eos
799 904 1106 959 inhabitant
1138 903 1479 959 daemonibus
1515 905 1815 975 patiantur,
1851 913 2031 959 tamen

445 1013 600 1054 more
626 1012 818 1052 eorum
842 997 936 1067 qui
968 997 1221 1066 phrenesi
1244 996 1518 1062 laborant,
1545 995 1800 1050 lzetantur
1825 997 2028 1067 potius,

445 1097 503 1147 et
530 1106 640 1145 non
667 1105 812 1161 aegre
843 1089 1044 1145 ferunt.

519 1179 813 1236 Interdicta
850 1189 992 1234 sunt.
1034 1178 1171 1235 Nota
1209 1181 1379 1236 multa
1411 1181 1696 1238 monachis
1739 1180 2031 1236 interdicta

445 1289 589 1336 esse,
625 1289 748 1344 qua:
780 1273 938 1328 laicis
971 1272 1190 1343 impune
1221 1274 1345 1328 licet
1370 1273 1583 1330 facere:
1613 1282 1671 1329 ut
1689 1274 2029 1344 conjugium,

446 1373 502 1420 et
534 1365 591 1420 in
626 1364 823 1420 militia
853 1372 1275 1435 mcrcaturaque
1299 1365 1530 1430 versari,
1560 1370 1614 1420 et
1652 1364 1711 1418 in
1762 1364 1884 1419 aliis
1913 1378 2034 1436 quas

447 1456 591 1512 laico
622 1472 732 1512 non
763 1456 966 1512 dantur
994 1455 1244 1512 crimini.

519 1637 633 1711 84
671 1637 809 1712 §lll.
856 1640 1093 1692 Tonsura
1115 1635 1448 1705 capillorum.
1491 1635 1750 1701 Quaenam
1772 1641 1918 1689 esset
1937 1632 2033 1688 dc-

452 1735 659 1789 tonsio.

528 1826 557 1898 ς
590 1824 678 1881 lV.
722 1823 929 1880 Prioris
957 1832 1150 1878 autem.
1192 1821 1336 1889 Quid
1363 1829 1574 1877 mutare
1603 1819 1724 1888 eius
1750 1826 1978 1876 vestem.

529 2007 558 2078 ς
592 2003 660 2062 V.
702 2004 771 2059 Et
800 2020 998 2060 omnes.
1040 2001 1180 2069 Quid
1215 2001 1492 2056 salutatio.

526 2097 608 2149 Ad
655 2097 977 2167 prwcipuam
1028 2095 1175 2148 illam
1222 2092 1334 2148 Dei.
1374 2092 1488 2147 Cur
1515 2092 1698 2148 statim
1727 2091 2033 2146 communi-

454 2197 603 2246 cent.

525 2280 609 2336 Ad
629 2281 1067 2337 communionem.
1109 2277 1222 2334 Cur
1268 2278 1305 2332 ii
1347 2277 1441 2348 qui
1469 2275 1816 2342 ordinantur,
1850 2276 2034 2330 statim

453 2374 882 2430 communicent.

523 2465 837 2522 Communia
860 2463 1110 2518 traditur.
1152 2460 1356 2517 Omnes
1401 2459 1546 2516 enim
1587 2475 1761 2530 reque,
1793 2468 1918 2530 post
1947 2476 2037 2515 or-

456 2559 813 2622 dinationem,
854 2558 1057 2613 divinis
1111 2556 1408 2628 dignantur
1454 2555 1754 2626 mysteriis,
1800 2553 1856 2608 id
1891 2552 2037 2624 quod

457 2668 581 2708 cum
619 2650 728 2706 Deo
759 2650 1181 2704 familiaritatem
1207 2650 1574 2718 unionemque
1597 2646 1856 2702 declarat.

530 2745 890 2809 Initiaﬁones,
934 2743 1201 2814 purgatio.
1243 2741 1387 2808 Quid
1439 2741 1778 2796 initiationes
1831 2737 2040 2811 signiﬁ-

455 2845 605 2895 cent.

529 2932 697 2988 Ordo.
739 2930 855 2986 Hoc
899 2930 1064 2987 etiam
1118 2930 1172 2984 in
1208 2930 1331 2984 loco
1375 2927 1596 3000 planius
1634 2927 1822 2984 docuit
1856 2926 2037 2993 Pater,

456 3027 549 3096 qui
603 3028 715 3080 sint
770 3025 1087 3096 superiores
1140 3024 1390 3088 ordines,
1423 3037 1658 3094 quorum
1694 3035 1860 3092 supra
1911 3020 2043 3077 fecit

457 3119 818 3174 mentionem.
1357 3158 1362 3163 .

531 3209 559 3281 §
591 3207 678 3264 Vl.
721 3207 824 3264 Sed
849 3207 1084 3277 objicies.
1123 3205 1246 3261 Non
1287 3221 1412 3262 esse
1460 3205 1518 3262 in
1565 3205 1706 3263 cmlo
1731 3206 1824 3277 qui
1855 3206 2042 3277 expie-

457 3308 552 3356 tur
583 3321 596 3355 :
627 3306 682 3355 et
709 3299 775 3355 de
804 3299 1036 3370 angelis.

531 3393 804 3448 leeslem
826 3393 1154 3463 quampiam.
1195 3389 1334 3445 Nota
1364 3406 1474 3444 non
1505 3405 1628 3445 esse
1666 3389 1834 3443 ullam
1865 3388 2041 3444 labem

457 3487 513 3542 in
543 3501 740 3558 quavrs
777 3492 1100 3540 naturarum
1134 3484 1462 3547 cmlestium,
1493 3483 1637 3554 quod
1671 3491 1824 3552 putat
1855 3480 2046 3552 Orige—

459 3594 581 3642 nes,
608 3585 772 3647 atque
817 3577 854 3630 ii
899 3577 991 3646 qui
1025 3585 1152 3632 sunt
1181 3576 1235 3631 in
1259 3575 1447 3632 eadem
1477 3577 1768 3644 sententia,
1800 3574 2044 3631 dicentes

460 3672 608 3740 quod
651 3672 808 3738 juxta
857 3670 1266 3740 proportionem
1310 3669 1638 3740 aversionis,
1668 3668 2045 3740 unusquisque

461 3764 769 3818 cmlestium
800 3762 1077 3828 ordinum,
1110 3763 1274 3818 talem
1327 3763 1750 3833 appellationem
1799 3770 1854 3818 et
1897 3763 2045 3818 ordi-

462 3869 586 3910 nem
624 3855 872 3919 sortitus,
907 3865 960 3909 et
991 3854 1319 3926 corporibus
1355 3854 1612 3924 alligatus
1663 3855 1736 3908 sit
1775 3854 2046 3910 tenuiori-

461 3946 568 4002 bus
600 3945 656 4000 in
688 3946 1107 4017 castigationem
1141 3961 1254 4002 suae
1285 3944 1354 4000 ad
1390 3946 1664 4001 deteriora
1700 3947 2003 4004 aversionis
2029 3967 2044 4015 ;

463 4040 559 4096 sed
595 4040 933 4098 sanctissimi
979 4048 1110 4097 sunt
1156 4039 1402 4112 profecto
1433 4047 1485 4096 et
1516 4040 1768 4113 corporis
1796 4053 2050 4113 expertes

463 4143 699 4202 mentes,
745 4135 889 4191 sicut
933 4135 1208 4206 principio
1251 4133 1422 4190 creati
1471 4143 1619 4191 sunt.
1654 4134 1812 4201 Quod
1867 4144 2046 4191 autem

463 4241 746 4297 corporea:
788 4227 900 4282 sint
927 4228 1186 4283 cmlestes
1215 4227 1470 4294 virtutes,
1507 4227 1841 4285 excellenter
1874 4229 2050 4300 legisti

465 4318 522 4372 in
554 4318 946 4376 anterioribus.
980 4319 1173 4374 Aliter.
1201 4317 1403 4376 Verum
1437 4323 1588 4377 nulla
1622 4337 1781 4376 mens
1811 4323 2049 4379 celestis

464 4415 592 4481 post
620 4409 929 4465 daemonum
962 4410 1247 4480 delapsum
1296 4427 1538 4482 unquam
1590 4414 1646 4469 in
1690 4424 1910 4483 peccato
1955 4416 2050 4472 de-

465 4504 742 4575 prehensa
769 4510 890 4571 est;
924 4503 1028 4558 hoc
1054 4504 1201 4558 enim
1231 4519 1410 4572 neque
1440 4519 1506 4559 ex
1535 4504 1724 4560 divina
1769 4504 2048 4576 Scriptura

2133 825 2374 879 σχοντες,
2406 808 2501 860 καὶ
2532 805 2641 860 τῶν
2677 807 2734 859 ἐν
2765 806 2951 868 αὐτοῖς
2977 803 3270 858 οἰκούντων
3301 801 3590 874 δαιμόνων,
3615 800 3719 855 ῶσ-

2132 917 2238 971 περ
2270 901 2320 952 οί
2357 898 2619 970 φρενίτιδι
2655 896 3012 968 κατεχόμενοι
3045 893 3208 965 νόσῳ,
3241 892 3563 963 ἀγάλλονται
3595 891 3718 964 μᾶλο

2133 990 2222 1045 λον
2251 991 2348 1044 καὶ
2379 992 2480 1044 οὐκ
2508 989 2791 1046 ἀνιῶνται.

2203 1171 2289 1244 [γ]
2344 1171 2670 1240 Ἀπείρηται
2688 1208 2704 1223 .
2742 1167 3056 1242 Σημείωσαι
3096 1168 3178 1222 ὅτι
3207 1166 3377 1221 πολλά
3407 1167 3672 1221 κωλύεται
3691 1169 3718 1221 ὁ

2136 1265 2365 1337 μοναχὸς
2391 1257 2674 1327 ποιεῖν,ὧν
2695 1264 2746 1316 οἱ
2773 1262 2952 1317 λαῖκοὶ
2973 1265 3073 1333 τὴν
3103 1261 3405 1333 ἐπιτροπὴν
3435 1261 3531 1315 καὶ
3573 1260 3719 1327 ἐξου-

2135 1360 2255 1413 σίαν
2282 1359 2528 1430 ἔχουσιν·
2562 1353 2673 1411 οἷον
2700 1359 2728 1410 ὁ
2760 1355 2958 1428 γάμος,
2989 1355 3083 1409 καὶ
3111 1355 3173 1408 τὸ
3214 1355 3523 1425 στρατείαις
3558 1354 3590 1425 ἢ
3621 1355 3718 1424 ἐμ-

2135 1452 2353 1524 πορίαις
2381 1451 2611 1524 ὁμιλεῖν,
2653 1449 2750 1505 καὶ
2789 1449 3018 1521 ἑτέροις,
3057 1450 3113 1503 ἐν
3145 1443 3227 1513 οἷς
3262 1451 3291 1503 ὁ
3320 1448 3507 1511 λαῖκδς
3533 1449 3595 1502 οὐ
3623 1466 3722 1501 κασ

2137 1545 2474 1616 τακρίνεται.

2204 1638 2232 1710 §
2261 1639 2354 1692 Ill.
2402 1635 2623 1706 Τριχῶν
2647 1636 3002 1704 ἀπόκαρσις.
3044 1634 3141 1699 Τίς
3172 1633 3205 1706 ἡ
3233 1632 3560 1704 ἀπόκαρσις.

2205 1813 2232 1886 §
2261 1813 2350 1869 Ν·
2388 1813 2448 1868 Ἡ
2473 1811 2542 1867 δέ
2569 1811 2680 1882 τῆς
2699 1809 3008 1881 προτέρας·
3049 1811 3116 1864 Τί
3149 1809 3210 1864 τὸ
3243 1808 3716 1882 μεταλλάσσεινδυ

2069 1889 2114 1946 Β
2138 1909 2236 1980 τὴν
2260 1907 2466 1979 ἐσθῆτα
2492 1905 2680 1961 αὐτοῦ.

2204 1997 2231 2070 §
2262 1997 2325 2052 V.
2353 1999 2467 2053 Καὶ
2493 1998 2732 2065 πάντες.
2774 1996 2841 2050 Τί
2865 2000 2894 2052 ὁ
2921 1997 3228 2069 ἀσπασμός.

2205 2113 2248 2146 ιι
2292 2113 2417 2167 ἐπὶ
2449 2113 2563 2182 τὴν
2592 2110 2930 2198 θεαρχικήν.
2964 2111 3028 2165 Τί
3047 2112 3106 2166 τὸ
3135 2112 3294 2177 εὐθὺς
3323 2115 3618 2169 κοινωνεῖν.

2221 2300 2345 2353 Ἐπί
2383 2299 2498 2368 τὴν
2517 2299 2880 2369 μετάληψιν.
2921 2299 3020 2354 Διά
3068 2300 3121 2354 τί
3167 2300 3218 2354 οἱ
3259 2299 3720 2372 χειροτονούμενοι

2139 2395 2340 2457 εὐθέως
2367 2393 2707 2450 κοινωνοῦσι.

2207 2484 2599 2539 Μεταὸίδοται
2630 2486 2800 2554 πρός.
2844 2483 3054 2549 Πάντες
3085 2485 3192 2558 γάρ
3231 2486 3434 2558 ὁμοίως
3465 2486 3602 2558 μετά
3630 2485 3719 2557 τὴν

2139 2578 2472 2650 χειροτονίαν
2513 2578 2622 2632 τῶν
2669 2578 2828 2633 θείων
2871 2577 3147 2644 ἀξιοῦνται
3197 2580 3544 2651 μυστηρίων,
3591 2580 3720 2652 ὅπερ

2139 2671 2391 2742 ἐμφαίνει
2416 2673 2515 2742 τὴν
2543 2673 2681 2743 πρὸς
2700 2671 2834 2725 Θεὸν
2860 2670 3170 2743 οἰκειότητά
3195 2689 3255 2724 τε
3285 2673 3378 2725 καὶ
3401 2671 3618 2725 ἕνωσιν.

2219 2762 2474 2829 Talem),
2505 2763 2814 2831 κάθαρσις.
2856 2761 2920 2815 Τί
2949 2763 3006 2832 αί
3037 2761 3249 2816 τελειςαῖ⁹
3278 2762 3520 2835 δηλοῦσι.

2220 2934 2410 3010 Τάξις.
2465 2943 2594 2998 Ἰδοὺ
2641 2943 2734 2997 καί
2777 2944 3027 2999 ἐνταῦθα’
3057 2944 3388 3019 σαφέστερον
3430 2946 3665 3015 ἐδίδαξεν
3697 2952 3723 3001 ὁ

2143 3038 2356 3109 Πατὴρ,
2387 3037 2532 3100 τίνες
2576 3038 2632 3090 αἱ
2674 3037 3102 3111 ὐπρόεὸηκυῖαι
3139 3038 3344 3107 τάξεις,
3367 3031 3442 3095 ὧν
3473 3041 3723 3113 ἀνωτέρω

2145 3128 2413 3200 ἐμνήσθη.

2215 3222 2242 3294 §
2273 3221 2361 3276 Vl.
2418 3223 2569 3279 Ἀλλ’
2596 3224 2750 3295 ἐρεῖς
2775 3225 2883 3282 ὅτι.
2928 3225 3086 3301 [Καὶ]
3115 3229 3196 3283 ὃτι
3225 3230 3326 3286 οὐκ
3354 3231 3502 3287 ἐστιν
3538 3233 3598 3286 ἐν
3635 3232 3718 3286 οὐο

2148 3314 2293 3386 ρανῷ
2315 3315 2726 3389 καθαιρόμενος·
2757 3320 2851 3373 καὶ⁵
2879 3322 3008 3392 περὶ
3029 3321 3296 3391 ἀγγέλων.

2219 3407 2387 3460 Ἔστι
2415 3425 2502 3473 τις
2532 3409 2800 3477 οὐρανία.
2840 3412 3153 3482 Σημείωσαι
3204 3415 3286 3468 ὅτι
3331 3414 3561 3487 οὐδεμία
3583 3415 3721 3490 λώϐη

2143 3496 2400 3566 τυγχάνει
2433 3497 2489 3550 ἐν
2528 3515 2632 3552 τινι
2677 3499 2784 3554 τῶν
2828 3503 3097 3573 οὐρανίων
3131 3502 3434 3575 δυνάμεων,
3467 3506 3496 3560 ὃ
3520 3505 3725 3575 δοξάζει

2160 3589 2459 3662 Ὠριγένης,
2493 3591 2586 3645 καὶ
2616 3592 2666 3645 οἱ
2697 3592 2767 3646 τὰ
2805 3595 2996 3648 τούτου
3027 3593 3370 3667 φρονοῦντες,
3409 3597 3722 3667 φάσκοντες,

2145 3681 2226 3735 ὃτι
2249 3681 2390 3736 κατά
2417 3683 2516 3755 τὴν
2545 3683 2832 3755 ἀναλογίαν
2860 3686 2958 3758 τῆς
2986 3687 3347 3760 παρατροπῆς
3365 3689 3598 3744 ἕκαστον
3621 3690 3726 3746 τῶν

2146 3775 2416 3847 οὐρανίων
2445 3777 2740 3848 ταγμάτων
2775 3776 2874 3850 τὴν
2904 3778 3113 3832 τοιάνδε
3155 3781 3250 3834 καὶ⁵
3297 3781 3597 3852 ὀνομασίαν
3637 3781 3727 3836 καὶ

2147 3866 2298 3931 τάξιν
2325 3866 2695 3940 ἐκληρώσατο,
2727 3871 2822 3924 καὶ
2855 3869 3102 3941 σώμασιν
3135 3871 3456 3944 ὲνεδέθησαν
3482 3871 3740 3928 λεπτοτέ-

2149 3977 2284 4030 ροις,
2311 3961 2392 4024 εἰς
2421 3961 2669 4015 παιδείαν
2697 3963 2796 4034 τῆς
2824 3961 3032 4016 ἑαυτῶν
3054 3961 3145 4016 ἐπὶ
3163 3964 3224 4016 τὸ
3246 3966 3428 4035 χεῖρον
3452 3981 3727 4038 παρατρο-

2150 4051 2284 4123 πῆςο
2335 4051 2473 4107 ἀλλά
2531 4054 2796 4124 πάναγνοί
2850 4057 2953 4108 εἰσι
3006 4055 3250 4128 δηλονότι
3307 4057 3404 4111 καὶ
3451 4059 3727 4131 ἀσώματοι

2147 4145 2292 4211 νόες,
2354 4146 2430 4211 ὡς
2476 4146 2537 4212 ἐξ
2579 4148 2756 4219 ἀρχῆς
2799 4148 3145 4220 ἐκτίσθησανο
3205 4151 3286 4204 ὅτι
3335 4151 3392 4205 δὲ
3451 4152 3725 4225 ἀσώματοι

2150 4239 2285 4291 εἰσιν
2345 4239 2402 4292 αἱ
2465 4238 2714 4310 οὐράνιαι
2774 4239 3070 4312 δυνάμεις,
3131 4241 3406 4314 διαφόρως
3455 4243 3626 4313 ἔγνως
3670 4247 3722 4298 ὲν

2147 4331 2258 4392 τοῖς
2313 4328 2638 4401 ἔμπροσθεν.
2696 4331 2921 4395 ΙἈλλως.
2998 4333 3134 4386 Ἀλλ’
3194 4335 3371 4399 οὐδεὶς
3405 4337 3586 4392 αὐτῶν
3623 4338 3723 4392 τῶν

2148 4421 2416 4493 οὐρανίων
2461 4422 2598 4475 νοῶν
2648 4422 2787 4494 μετά
2836 4425 2935 4496 τὴν
2977 4425 3086 4479 τῶν
3123 4427 3393 4499 δαιμόνων
3420 4430 3728 4484 ἀπόπτωσιν

2151 4511 2294 4566 ἑάλω
2335 4513 2494 4567 τωτέ·
2523 4513 2682 4566 τοῦτο
2712 4514 2821 4586 γὰρ
2847 4515 2969 4569 οὐδὲ
3001 4517 3154 4590 παρά
3193 4518 3293 4589 τῆς
3333 4519 3488 4585 Θείας
3514 4523 3729 4594 Γραφῆς

466 4596 849 4666 cognovimus,
881 4611 1059 4665 neque.
1101 4595 1303 4666 aliquis
1330 4611 1395 4651 ex
1426 4596 1747 4668 theosophis
1791 4597 2042 4655 Patribus

2159 4603 2417 4675 ἔγνωμεν,
2461 4605 2580 4657 οὐδέ
2627 4622 2711 4669 τις
2754 4605 2861 4660 τῶν
2916 4606 3188 4679 θεοσόφων
3231 4610 3419 4682 εἴρηκε
3452 4614 3726 4686 Πατέρων.

465 4687 626 4742 dixit.
680 4685 782 4742 Hic
839 4693 1021 4743 autem
1085 4697 1310 4743 sanctus
1365 4687 1452 4743 vir
1494 4704 1590 4760 per
1634 4691 2047 4748 concessionem

467 4779 572 4834 hoc
607 4778 787 4850 ipsum
820 4778 916 4844 ait,
949 4785 1008 4832 ut
1035 4778 1236 4850 aliquis
1270 4779 1490 4846 dixerit,
1527 4781 1912 4838 sanctissimos
1935 4783 2049 4853 qui-

467 4871 592 4925 dem
622 4881 717 4926 eos
745 4885 888 4934 esse,
917 4879 972 4926 et
998 4871 1262 4941 integros,
1295 4887 1396 4928 nec
1424 4874 1752 4945 expiationis
1785 4876 2047 4948 indigere;

467 4963 563 5018 sed
607 4963 656 5018 si
702 4961 897 5018 demus
929 4963 984 5016 in
1015 4963 1198 5034 aliquo
1232 4979 1419 5020 eorum
1459 4966 1636 5024 labem
1669 4966 1859 5032 fuisse,
1892 4969 2051 5038 plane

469 5055 538 5111 ad
570 5057 880 5112 contrarias
909 5057 1141 5112 virtutes
1174 5073 1233 5113 se
1261 5058 1596 5126 conferebat,
1631 5068 1691 5114 ut
1721 5061 1943 5132 reliqua:
1970 5061 2050 5116 si-

468 5164 539 5203 ne
578 5147 705 5203 labe
735 5146 926 5202 eodem
956 5147 1119 5202 modo
1149 5149 1404 5216 habeant,
1433 5162 1486 5208 et
1515 5154 1773 5211 similiter
1801 5171 1912 5210 non
1959 5155 2048 5209 in-

466 5240 695 5311 digeant
720 5240 1069 5310 expiationis.
1097 5241 1270 5313 Atque
1311 5245 1364 5299 id
1405 5246 1480 5300 ita
1505 5257 1630 5303 esse
1657 5248 1818 5316 plane
1839 5247 2046 5304 docuit.

466 5329 611 5386 Cum
643 5331 789 5384 enim
817 5329 883 5382 ad
929 5329 981 5383 id
1012 5331 1159 5400 quod
1189 5334 1460 5404 objectum
1489 5347 1630 5402 erat,
1665 5339 1717 5391 id
1750 5339 1897 5409 quod
1925 5355 2052 5394 sen-

467 5422 665 5484 tiebat,
706 5429 874 5491 utque
913 5431 1051 5490 erat,
1089 5428 1482 5496 respondisset,
1516 5429 1754 5499 subjecit
1788 5430 1920 5484 illud
1949 5449 1963 5485 :
1989 5429 2052 5484 Si

469 5515 588 5584 quis
638 5514 810 5579 enim;
859 5531 978 5586 pro,
1011 5518 1154 5588 quod
1203 5521 1250 5576 si
1293 5522 1417 5592 quis
1466 5521 1631 5578 etiam
1682 5521 1774 5576 det
1816 5523 2053 5593 aliquem

2155 4692 2324 4758 Οὗτος
2363 4695 2420 4749 δὲ
2459 4697 2489 4748 ὁ
2529 4694 2682 4764 ἅγιος
2719 4697 2862 4750 κατά
2900 4699 3243 4773 συγχώρησιν
3282 4703 3414 4758 αὐτό
3449 4722 3632 4776 φησιν,
3661 4706 3729 4770 ὡς

2154 4786 2220 4840 ἀν
2245 4789 2387 4841 εἴποι
2413 4803 2517 4852 τις,
2550 4787 2631 4841 ὅτι
2655 4788 2917 4859 πάναγνοι
2954 4791 3052 4862 μέν
3081 4795 3188 4847 είσι
3213 4795 3308 4848 καὶ
3336 4794 3730 4868 ἀλώσητοι,καὶ

2154 4879 2217 4932 οὐ
2245 4879 2452 4932 δέονται
2481 4878 2823 4954 καθάρσεωςο
2857 4881 3014 4953 πλὴν,
3047 4886 3096 4937 εί
3137 4885 3232 4939 καὶ
3277 4885 3503 4959 δοίημεν
3547 4887 3604 4943 ἐν
3631 4905 3726 4942 τινι

2156 4968 2304 5040 λώϐῃ
2326 4969 2370 5000 δ’
2407 4969 2656 5037 γενέσθαι
2700 4971 2878 5026 αὐτῶν
2923 4991 3066 5039 τινα,
3096 4974 3312 5040 πάντως
3339 4979 3422 5040 είς
3456 4978 3560 5042 τὰς
3587 4981 3731 5033 sva»-

2154 5063 2275 5124 τίας
2304 5059 2499 5132 ἐχώρει
2539 5062 2827 5134 δυνάμεις·
2859 5065 3000 5118 ὥστε
3027 5067 3125 5132 τάς
3148 5067 3340 5131 λοιπάς
3373 5069 3435 5122 τὸ
3461 5069 3731 5142 ἀλώὸητον

2155 5152 2418 5217 ὼσαύτως
2454 5153 2614 5225 ἔχειν,
2659 5158 2754 5211 καὶ
2790 5157 2990 5229 ὁμοίως
3034 5159 3107 5232 μὴ
3149 5160 3352 5216 δεῖσθαι
3395 5163 3729 5236 καθάρσεως.

2156 5247 2265 5300 Καὶ
2295 5247 2376 5300 ὅτι
2404 5245 2562 5299 τοῦτο
2601 5249 2739 5311 ἐστι,
2775 5248 2959 5319 σαφῶς
2997 5248 3228 5316 ἔδειξεν⁸
3261 5253 3431 5307 εἰπὼν
3461 5255 3572 5326 γὰρ
3604 5255 3731 5327 πρὸς

2159 5339 2257 5409 τὴν
2287 5337 2556 5391 ἀντίθεσιν
2581 5341 2681 5411 τὴν
2713 5341 2850 5394 ίδίαν
2881 5340 3104 5415 γνώμην
3143 5346 3236 5400 καὶ
3261 5346 3459 5420 ἀληθῆ,
3492 5351 3732 5420 ἐπήγαγε

2157 5430 2240 5488 τὸ,
2268 5432 2339 5483 Et
2366 5429 2477 5498 γάρ
2508 5447 2616 5497 τις,
2647 5433 2768 5485 ἀντὶ
2795 5433 2912 5498 τοῦ,
2944 5435 2994 5488 εί
3021 5435 3078 5490 δὲ
3106 5439 3197 5492 καί
3224 5456 3309 5502 τις
3333 5440 3454 5511 δοίη
3480 5441 3602 5494 τινὰ
3628 5457 3730 5493 πα-

2165 5523 2530 5594 ρατραπῆναι.
2547 5524 2641 5578 τοῦ
2673 5526 2834 5598 χοροῦ
2861 5530 3064 5585 τούτων
3092 5532 3350 5598 ἐξέπεσεν
3373 5535 3440 5602 ⁸³,
3468 5536 3605 5608 ὅπερ
3627 5532 3732 5604 ἐγὼ

1389 5660 1626 5716 VARUE
1666 5659 2053 5715 LECTIONES
2086 5660 2173 5714 ΕΤ
2212 5661 2774 5719 CORRECTIONES.

557 5794 1008 5879 1":nuara6glew
1033 5799 1135 5879 ,καὶ
1170 5799 1578 5869 μεταλλάσσιιν.
1647 5798 1689 5828 ⁸⁸
1723 5796 1926 5852 Horum
1964 5813 2042 5853 vel

2159 5813 2260 5852 'um
2303 5799 2450 5854 nulla
2509 5808 2688 5856 exstat
2733 5800 3109 5874 interpretatio
3166 5806 3310 5879 apud
3360 5805 3722 5866 Lansseliam.

479 5866 524 5897 “
553 5863 750 5937 λώϐην.
839 5869 883 5901 ⁸³
913 5863 1285 5924 ἐκπέπτωκεν.
