3874 6558
218 394 322 455 ιη

963 392 1021 449 S.
1060 390 1305 449 MAXIM!
1340 389 1631 448 SCHOLIA
1661 391 1730 450 IN
1763 391 1891 451 UB.
1934 392 2024 449 DE
2055 392 2335 477 ECCLES.
2367 392 2741 458 HIERARCH.

3354 408 3454 466 174

218 512 277 564 οὗ
319 508 485 578 λέγω,
514 509 704 579 φησὶν,
736 507 870 562 ἀλλά
904 507 1231 571 τούναντίον,
1262 508 1344 560 ὅτι
1376 505 1639 574 πάναγνοι
1676 506 1777 593 διαέ

1898 519 2150 559 aversum
2176 506 2366 571 fuisse,
2396 509 2444 566 is
2473 518 2622 567 certe
2669 526 2735 567 ex
2782 512 2977 570 horum
3025 519 3193 576 choro
3221 521 3456 593 decidit;

223 602 470 673 μένουσιν
500 602 695 666 εἰσαεὶ,
719 600 841 653 ἐπεὶ
870 599 1156 668 ἐκπέσοιμι
1185 596 1278 650 τοῦ
1311 594 1668 657 καθεστῶτος.
1700 591 1792 665 Μὴ

222 690 307 745 οὖν
351 709 435 754 τις
488 692 601 743 τῶν
669 689 976 759 Ὡριγένους
1011 686 1225 757 μυστῶν
1263 684 1455 737 οίέσθω
1516 682 1578 735 τὸ
1619 682 1792 753 παρὸν

226 782 379 854 ῥητὸν
406 786 733 853 συνηγορεῖν
754 784 819 852 τῇ
855 778 1165 847 κακοπίστῳ
1196 774 1359 829 αὐτοῦ
1381 774 1525 845 δόξῒῠ
1546 773 1789 842 φάσκωνθ

223 876 297 927 ὃτι
334 875 419 927 ἀεὶ
466 874 679 937 πτῶσις
722 874 814 925 καὶ
847 870 1146 932 ἀνάκλισις,
1180 868 1274 921 καὶ
1307 867 1647 938 μετάπτωσις
1682 863 1791 916 τῶν

222 968 482 1038 οὐρανίων
531 966 739 1034 γίνεται
771 964 925 1025 νοῶν,
955 962 1029 1025 ῶς
1061 978 1221 1032 φησιν
1262 959 1537 1030 Ὠριγένης
1590 957 1684 1027 μὲν
1733 956 1791 1008 ὲν

222 1058 294 1128 τῷ
319 1057 462 1125 Περὶ
489 1056 694 1126 ἀρχῶν
719 1054 915 1127 πρώτῳ
941 1053 1101 1123 λόγῳ,
1132 1050 1301 1114 οὕτως
1319 1067 1332 1080 ’
1370 1070 1389 1101 ί
1412 1052 1468 1102 '0
1496 1048 1672 1101 τοίνυν
1701 1046 1789 1099 λό-

223 1167 330 1219 γος,
368 1145 547 1219 οἶμαι,
585 1148 824 1201 δείκνυσι
874 1148 1000 1211 πᾶς,
1035 1146 1141 1197 πᾶν
1192 1146 1220 1196 ὅ
1271 1160 1324 1195 τι
1374 1140 1503 1192 ποτὲ
1550 1139 1784 1206 λογικὸν,

223 1242 323 1294 ἀπὸ
356 1241 562 1303 παντὸς
593 1239 897 1292 οὑτινοσοῦν
922 1236 1138 1305 λογικοῦ
1163 1234 1418 1288 δύνασθαι
1447 1230 1694 1301 γενέσθαι
1719 1248 1732 1260 ·
1763 1249 1781 1282 ι

222 1334 312 1387 ml
336 1334 474 1404 μετά
509 1332 718 1403 βραχέα
743 1331 934 1399 ἐπάγει
964 1329 1135 1396 λέγων
1153 1345 1165 1358 ·
1206 1347 1223 1377 ε
1244 1325 1397 1381 Μετά
1440 1324 1499 1376 τὸ
1529 1323 1619 1375 ἐπὶ
1653 1325 1787 1376 πᾶσι

221 1425 384 1487 τέλος,
418 1424 584 1477 πάλιν
617 1423 941 1494 ἀπόρρευσις
978 1421 1074 1473 καὶ
1118 1420 1459 1479 κατάπτωσις
1496 1416 1722 1484 γίνεται.
1762 1433 1781 1465 ι

223 1518 485 1588 Εὑάγριος
513 1516 573 1568 δὲ
601 1516 659 1568 ὲν
690 1514 767 1585 τῶ
794 1510 1173 1583 ἑϐδομηκοστῷ
1204 1509 1372 1578 ὀγδόῳ
1404 1508 1504 1577 τῆς
1529 1505 1787 1575 δευτέρας

224 1605 573 1668 ἑκατοντάδος
595 1602 873 1673 κεφαλαίῳ
899 1601 1039 1655 οῦτω
1060 1600 1219 1672 φησίν
1235 1617 1248 1631 ·
1278 1601 1577 1652 «Ἔκαστον
1603 1596 1788 1665 τάγμα

221 1696 322 1749 τῶν
354 1696 628 1766 οὐρανίων
655 1694 952 1764 δυνάμεων,
984 1693 1017 1764 ἢ
1044 1692 1162 1745 ὅλον
1190 1694 1255 1744 ὲκ
1279 1691 1384 1744 τῶν
1415 1689 1584 1755 κάτω,
1613 1687 1786 1759 ἢὸλον

222 1790 281 1840 ὲκ
305 1788 411 1840 τῶν
439 1788 574 1848 ἄνω,
596 1786 630 1857 ἢ
656 1787 720 1838 ὲκ
746 1785 851 1837 τῶν
884 1785 994 1838 ἀνω
1020 1784 1113 1836 καὶ
1141 1785 1205 1836 ἑκ
1225 1782 1329 1835 τῶν
1355 1781 1504 1834 κάτω
1530 1778 1785 1849 συνέστη-

1897 596 2039 665 quod
2069 598 2410 688 quideni.ego
2437 617 2545 656 non
2575 602 2719 669 dico,
2753 605 2950 676 inquit,
2979 613 3073 666 sed
3099 618 3457 687 contrarium,

1894 702 2108 758 nempe,
2137 704 2232 745 eos
2267 694 2644 750 sanctissimos
2672 714 2885 768 semper
2911 717 3254 774 permanere;
3284 725 3452 778 quan—

1892 779 2182 849 doquidem
2216 782 2520 839 aberrarem
2552 800 2582 839 a
2602 792 2902 857 supposito.
2936 790 3014 847 Ne
3038 796 3162 864 quis
3183 814 3311 869 ergo
3336 798 3456 854 Ori-

1892 872 2044 939 genis
2076 872 2466 944 discipulorum
2499 885 2651 947 putet
2690 880 2804 935 haec
2834 884 2997 937 verba
3039 887 3157 955 ejus
3188 890 3296 962 85
3328 909 3453 962 per—

1890 977 2059 1017 versa:
2105 965 2229 1020 ﬁdei
2274 970 2596 1023 sententiam
2647 972 2954 1037 defendere,
2984 958 3454 1053 dicensfs‘etnper

1892 1068 2132 1119 causam,
2167 1065 2221 1109 et
2268 1057 2704 1123 declinationem,
2730 1066 3186 1137 mutationemque
3208 1069 3321 1124 ﬁeri
3342 1089 3452 1129 ca:-

1890 1143 2103 1199 lestium
2134 1150 2413 1212 mentium,
2437 1160 2495 1204 ut
2524 1152 2653 1207 dicit
2681 1152 2939 1225 Origenes
2964 1160 3177 1227 quidem
3201 1162 3253 1215 in
3280 1166 3451 1234 primo

1889 1235 2027 1290 libro
2053 1237 2129 1291 De
2149 1241 2439 1307 principiis,
2461 1243 2562 1297 hoc
2583 1245 2744 1299 modo
2768 1265 2780 1300 :
2812 1265 2828 1298 ι
2857 1247 3043 1305 Omnis
3065 1267 3212 1322 ergo,
3237 1264 3295 1308 ut
3314 1258 3452 1311 arbi-

1889 1334 2024 1390 tror,
2059 1330 2199 1383 ratio
2226 1331 2404 1397 docet,
2436 1348 2596 1389 omne
2626 1336 2766 1405 quod
2800 1341 3025 1397 rationis
3047 1352 3130 1397 cst
3155 1346 3445 1416 particeps,

1890 1416 1959 1471 ah
2000 1420 2147 1472 omni
2183 1422 2327 1489 quod
2372 1424 2637 1480 rationem
2690 1427 2906 1493 habeat,
2942 1447 3103 1500 posse
3152 1435 3301 1490 oriri.
3329 1455 3347 1487 ι
3386 1437 3447 1492 Et

1889 1509 2051 1577 paulo
2081 1510 2221 1565 infra
2256 1514 2476 1569 adducit
2514 1517 2628 1571 hate
2664 1520 2827 1574 verba
2862 1540 2876 1576 ε
2913 1540 2931 1573 ι
2959 1522 3089 1578 Post
3136 1524 3292 1581 ﬁnem
3332 1544 3445 1582 om-

1888 1601 2060 1667 nium,
2095 1619 2287 1660 rursus
2315 1606 2540 1663 ellluxus
2571 1617 2625 1664 et
2653 1625 2813 1666 casus
2849 1614 3083 1671 exsistit.
3115 1634 3135 1668 ι
3187 1616 3447 1689 Evagrius

1887 1699 2070 1745 autem
2101 1692 2157 1745 in
2187 1699 2587 1766 septuagesimo
2616 1708 2811 1754 octavo
2833 1703 3009 1772 capite
3040 1707 3290 1763 secunda:
3318 1725 3447 1765 cen-

1886 1785 2065 1849 turiae,
2094 1785 2176 1839 sic
2201 1784 2331 1840 dicit
2370 1806 2382 1841 :
2421 1806 2439 1839 ι
2468 1788 2853 1862 Unusquisque
2880 1795 3015 1849 ordo
3041 1796 3300 1851 virtutum
3334 1814 3452 1854 cm-

223 1896 300 1934 κε.
339 1897 357 1930 ι
392 1878 507 1932 Καὶ
534 1879 593 1929 ὲν
622 1876 699 1947 τῷ
729 1876 790 1929 ιθ¹
837 1877 936 1946 τῆς
968 1882 1007 1927 ε’
1040 1874 1390 1936 ἑκατοντάδος
1423 1872 1566 1939 λέγει
1594 1869 1777 1932 οὕτως·

1890 1875 2127 1937 lcstium,
2159 1884 2257 1930 aut
2290 1884 2438 1937 totus
2467 1896 2532 1935 ex
2565 1859 2933 1950 inferioribus,
2969 1896 3062 1941 aut
3089 1895 3237 1944 totus
3264 1906 3328 1946 ex
3352 1908 3447 1947 su-

226 1989 244 2021 t
281 1971 367 2036 Ἐξ
394 1969 699 2039 ἀγγελικῆς
721 1969 1099 2030 καταστάσεως
1128 1967 1220 2019 καὶ
1247 1963 1664 2036 άρχαγγελικῆς,
1688 1961 1789 2029 ψυ-

225 2064 340 2133 χικὴ
373 2061 713 2123 κατάστασις
741 2060 975 2127 γίνεται’
1012 2062 1076 2112 ὲκ
1102 2058 1157 2111 δὲ
1195 2058 1292 2127 τῆς
1326 2056 1575 2125 ψυχικῆς,
1599 2053 1786 2122 δαιμο-

220 2154 408 2226 νιώδης
436 2155 535 2206 καὶ
562 2152 873 2224 ἀνθρωπίνη
893 2168 905 2179 °
936 2152 1001 2204 ὲκ
1028 2150 1083 2203 δὲ
1104 2150 1204 2219 τῆς
1229 2147 1588 2219 ἀνθρωπίνης,
1618 2146 1783 2212 ἀγγε-

220 2250 291 2300 λοι
323 2246 486 2301 πάλιν
521 2246 620 2298 καὶ
651 2244 900 2315 δαίμονες
927 2244 1184 2311 γίνονται.
1212 2261 1231 2293 ι
1664 2256 1673 2263 ν

284 2512 416 2577 Ταῖς
438 2509 806 2580 ὑφειμέναις.
835 2508 970 2561 Ποία
996 2508 1142 2560 ἐστὶν
1173 2509 1204 2576 ή
1234 2507 1340 2559 τῶν
1386 2504 1651 2575 οὐρανίων
1683 2502 1782 2555 κά-

217 2603 400 2674 θαρσις
422 2604 524 2656 καὶ
550 2602 923 2672 διακόσμησις.
959 2600 1183 2661 Ἀλλως.
1224 2600 1343 2650 Ὀτι
1376 2596 1641 2667 κάθαρσις
1676 2594 1783 2647 τῶν

215 2696 477 2766 οὐρανίων
521 2692 804 2763 δυνάμεων
850 2694 994 2745 ἐστιν
1030 2694 1062 2761 ἡ
1096 2692 1187 2744 ἐπὶ
1227 2688 1554 2758 τελεωτέραν
1585 2686 1783 2755 γνῶσιν

216 2786 475 2857 ἑλλαμψις
494 2802 509 2815 ο
545 2786 642 2839 καὶ
668 2784 967 2855 σημείωσαι
996 2785 1076 2836 ὅτι
1107 2781 1503 2853 προκόπτουσιν
1528 2778 1619 2831 ἐπὶ
1642 2777 1783 2845 γνῶ-

220 2896 327 2941 σιν,
368 2880 463 2931 καὶ
488 2879 574 2930 ὅτι
605 2877 859 2946 δαίμονας
907 2875 966 2927 οὐ
999 2875 1212 2943 λέγουσι
1271 2869 1621 2941 καθαίρεσθαι
1643 2909 1658 2935 ,
1696 2868 1784 2922 διὰ

217 2970 334 3032 τοὺς
368 2969 687 3037 φάσκοντας
706 2967 1014 3033 καὶμύτοὺς
1042 2968 1099 3019 ἑν
1114 2968 1179 3036 τῇ
1205 2966 1335 3035 παρ’
1365 2963 1540 3018 αὐτῶν
1562 2962 1784 3033 μυθευο-

222 3058 348 3131 μὲνῃ
373 3058 839 3123 ἀποκαταστάσει,
874 3057 1135 3121 σώζεσθαι
1166 3055 1301 3127 μετὰ
1326 3054 1433 3107 τῶν
1458 3054 1644 3123 ἀγίων.

1887 1964 2217 2031 perioribus,
2249 1968 2334 2021 vel
2362 1984 2429 2023 ex
2459 1971 2833 2040 superioribus
2859 1983 2912 2029 et
2942 1976 3291 2038 inferioribus
3312 1999 3444 2039 con-

1887 2063 2013 2109 stat.
2045 2075 2065 2109 ι
2102 2057 2160 2111 In
2187 2058 2395 2114 decimo
2426 2077 2571 2116 nono
2599 2063 2761 2118 etiam
2793 2067 2993 2135 quintae
3018 2074 3274 2127 centuria:
3313 2076 3445 2130 dicit

1886 2144 1972 2201 his
2002 2147 2226 2204 verbis:
2271 2170 2291 2202 ‹
2337 2151 2413 2204 Ex
2454 2155 2695 2223 angelico
2736 2158 2927 2211 ordine
2967 2168 3019 2214 et
3043 2162 3440 2235 archangelico,

1888 2237 2138 2292 animalis
2167 2240 2301 2295 ordo
2329 2243 2542 2299 exsistit
2572 2263 2585 2298 :
2617 2260 2681 2299 ex
2705 2247 2922 2302 animali
2950 2259 3127 2305 autem
3153 2253 3444 2309 daemonia-

1885 2343 1984 2382 cns
2013 2337 2065 2383 et
2090 2330 2396 2401 humanus;
2425 2351 2488 2391 ex
2522 2336 2761 2394 humano
2790 2350 2991 2408 autem,
3032 2347 3206 2415 angeli
3253 2363 3443 2403 rursus

1884 2419 2263 2492 daemonesque
2299 2425 2453 2482 fiunt.

1956 2509 2324 2580 Inferioribus.
2358 2518 2615 2583 Quasnam
2648 2523 2720 2578 sit
2766 2525 3070 2579 caelestium
3113 2529 3361 2599 purgatio
3387 2539 3442 2584 et

1884 2602 2190 2671 diSpositio.
2222 2610 2429 2665 Aliter:
2463 2614 2606 2682 quod
2629 2617 2887 2685 purgatio
2916 2620 3221 2674 caelestium
3272 2622 3443 2675 virtu-

1884 2701 1999 2749 tt-m
2039 2698 2109 2751 sit
2139 2700 2205 2754 ad
2229 2701 2607 2771 perfectiorem
2631 2709 2996 2778 cognitionem
3032 2711 3355 2768 illustratio:
3392 2725 3442 2769 et

1884 2796 2014 2841 nota
2053 2791 2199 2859 quod
2234 2794 2521 2862 proﬁciant
2552 2796 2606 2851 in
2632 2802 2962 2869 cognitione,
2989 2809 3043 2857 et
3067 2804 3213 2873 quod
3240 2806 3441 2860 daemo-

1882 2892 1981 2933 nes
2002 2895 2109 2933 non
2136 2881 2281 2936 dicat
2309 2888 2550 2956 purgari,
2578 2898 2799 2959 propter
2832 2907 2927 2947 eos
2950 2894 3042 2963 qui
3083 2894 3246 2949 etiam
3292 2898 3440 2965 ipsos

1882 2967 1940 3022 in
1974 2986 2037 3025 ea
2062 2976 2455 3032 restauratione
2477 2995 2597 3048 qua:
2626 2981 2693 3035 ab
2726 2983 2834 3037 illis
2871 2982 3112 3055 fingitur,
3149 3002 3273 3041 cum
3309 3004 3438 3043 san-

1880 3061 1987 3116 ctis
2016 3064 2244 3120 salutem
2279 3067 2589 3137 adepturos,
2622 3071 2829 3129 dicunt.

285 3151 446 3204 Οὕτω
474 3150 576 3203 zeal
620 3148 1014 3218 φωτιζόμεναι.
1055 3147 1360 3217 Σημείωσαι
1390 3146 1459 3199 τά
1495 3146 1624 3217 περὶ
1670 3144 1777 3198 τῶν

1952 3150 2043 3206 Sic
2076 3165 2125 3207 et
2146 3156 2235 3219 qui
2261 3156 2623 3217 illustrantur.
2679 3161 2815 3218 Nota
2872 3181 2993 3236 quae
3047 3169 3268 3239 angelos
3316 3186 3438 3242 spe-

216 3241 477 3315 ἀγγέλων,
517 3241 637 3303 πῶς
662 3241 999 3308 φωτίζονται,
1024 3240 1114 3292 καὶ
1139 3237 1485 3291 τελειοῦνται.

663 3354 770 3406 ΕΙΣ
815 3354 903 3406 ΤΟ
949 3351 1201 3405 ΚΕΦΑΛ.
1252 3354 1323 3406 Z'.

282 3447 325 3501 Ι.
358 3447 385 3517 ς
414 3450 457 3501 ῐ.
501 3446 667 3500 Οὕτω
688 3446 783 3497 καὶ
815 3446 981 3512 πρός.
1008 3446 1127 3497 ’Ότι
1157 3444 1257 3497 οὐκ
1286 3445 1344 3495 ὲν
1367 3446 1477 3506 τοῖς
1492 3443 1673 3504 αὐτοῖς
1687 3441 1776 3493 τό-

216 3554 331 3601 ποις
347 3539 658 3606 ἀπάγονται
687 3538 734 3588 οἱ
758 3534 1108 3597 τελευτῶντες
1140 3534 1357 3597 πάντες·
1375 3534 1471 3587 καὶ
1498 3533 1625 3604 περὶ
1651 3534 1780 3585 ἀνα·-

219 3630 469 3692 στάσεως.

291 3719 537 3787 Ὀλικῆς
564 3717 971 3783 ἀναστάσεως.
990 3719 1099 3789 Τῆς
1133 3718 1269 3788 μετὰ
1294 3717 1388 3771 τοῦ
1422 3716 1669 3787 σώματος
1683 3716 1776 3787 δη-

214 3808 401 3862 λονότι.

281 3899 347 3948 Al
369 3897 489 3965 μὲν
519 3892 650 3964 γάρ.
691 3894 827 3964 Περὶ
847 3894 1065 3947 δικαίων
1095 3894 1261 3962 λέγει.

286 3989 360 4041 Τὰ
388 3987 457 4040 δὲ
477 3986 707 4053 καθαρὰ
734 3984 868 4039 τῶν.
893 3987 1028 4054 Περὶ
1046 3986 1389 4047 ἀναστάσεως
1433 3985 1718 4055 σωμάτων.

414 4078 540 4131 Τῶν
583 4077 908 4141 δοξαζόντων
939 4077 1230 4130 ἀνάστασιν
1268 4078 1360 4129 καὶ
1383 4076 1582 4147 κρίσιν,

966 4258 1021 4308 οἱ
1057 4254 1127 4307 δὲ
1289 4256 1342 4307 οἱ
1400 4252 1467 4305 δὲ
1514 4253 1639 4321 μετ’
1666 4250 1775 4304 ἅλ-

1290 4348 1413 4398 λων
1493 4341 1777 4410 σωμάτων

1287 4436 1495 4499 ξένων,
1513 4436 1607 4488 καὶ
1633 4434 1777 4497 ,ϐίον

217 4260 268 4312 οἱ
286 4259 400 4329 μὲν
419 4258 577 4328 μετὰ
601 4258 720 4311 τῶν
732 4260 839 4312 αὺ-

214 4349 328 4404 τῶν
373 4349 666 4419 σωμάτων
691 4350 838 4419 ἑτεί-
968 4347 1107 4415 δίχα

208 4446 415 4507 psallat
483 4441 602 4508 τὴν
636 4440 847 4509 ψυχήν
976 4439 1173 4508 σώμα-

214 4546 413 4599 ερασιν,
429 4534 513 4598 ὼς
526 4531 866 4600 Χριστιανοι
882 4547 896 4561 ⁸
974 4547 1093 4595 τος·

704 4645 826 4698 Τῶν
855 4643 1284 4715 κεκοιμημένων,

214 4740 264 4791 o.'
281 4740 397 4808 μέν
426 4741 590 4791 εἰσιν
618 4737 778 4804 ίεροί’
1307 4736 1358 4785 ol
1410 4730 1478 4783 δὲ
1529 4730 1767 4796 ἁνίεροι.

291 4829 615 4883 Ὲνωθέντα
646 4826 775 4897 γάρ.
802 4826 921 4879 ’Ότι
953 4826 1165 4879 ἑνοῦται
1194 4828 1311 4887 ταῖς
1345 4824 1541 4893 ψυχαῖς
1567 4820 1634 4872 τά
1669 4819 1773 4872 σώ-

214 4931 697 5078 ματαίΣημείωσαι
722 5004 775 5058 δὲ
810 5004 902 5057 καὶ
934 5004 1033 5074 τὴν
1077 5005 1261 5075 ὁλικὴν
1285 5000 1631 5073 ἀνάστασιν.]

281 5098 308 5169 §
334 5102 402 5151 ll.
439 5097 565 5151 Τῶν
591 5096 658 5149 δὲ
687 5096 952 5165 ἀνιέρων.
985 5098 1119 5168 Περὶ
1145 5096 1372 5149 θανάτου
1413 5091 1771 5165 ἁμαρτωλῶν,

210 5188 301 5241 καὶ
327 5189 377 5240 τί
402 5188 684 5257 νομίζουσι
713 5186 847 5253 μετὰ
878 5187 1104 5240 θάνατον
1133 5186 1378 5254 γίνεσθαι
1407 5188 1455 5238 οἱ
1490 5184 1765 5254 Ἕλληνες.

208 5269 280 5329 ὧν
306 5277 405 5340 τὰς
430 5277 591 5341 δόξας
619 5276 905 5332 ἐκτίθεται.
934 5277 1145 5330 Τούτων
1162 5275 1270 5347 γὰρ
1289 5277 1337 5328 ol
1372 5276 1468 5345 μὲν
1497 5270 1770 5341 ἀλογιστό-

206 5378 372 5436 τεροι,
400 5364 527 5417 οὔτε
547 5363 809 5418 ἀθάνατον
837 5365 935 5436 τὴν
964 5365 1141 5435 ψυχὴν
1168 5362 1538 5433 ὁμολογοῦσιν,
1555 5356 1629 5415 ὧν
1647 5362 1766 5412 ἑστι

206 5458 298 5511 καὶ
322 5457 475 5520 Βίας,
506 5454 605 5524 οὐχ
633 5456 660 5506 ὀ
680 5455 965 5525 Πριηνεὺς,
994 5455 1104 5509 ἀλλ’
1133 5455 1440 5525 ἑτερόςτις’
1476 5451 1612 5506 ἀλλὰ
1639 5453 1767 5523 θνη-

204 5547 323 5619 τὴν,
355 5548 451 5600 καὶ
479 5545 701 5598 λύεσθαι
727 5545 913 5615 αὐτὴν,
944 5546 1003 5597 ὃν
1036 5545 1233 5616 τρόπον
1266 5545 1359 5598 καὶ
1385 5544 1446 5596 τὸ
1473 5542 1650 5612 σῶμα,
1677 5543 1771 5595 καὶ

205 5639 282 5700 είς
297 5638 358 5691 τὸ
381 5638 455 5709 μὴ
494 5633 636 5688 εἶναι
662 5638 886 5705 χωρεῖν·
911 5638 957 5688 oi
986 5636 1043 5689 δὲ
1077 5635 1233 5706 δῆθεν
1266 5634 1442 5689 αὐτῶν
1480 5633 1771 5702 λογικώτε-

208 5745 307 5796 ροι,
329 5730 421 5783 καὶ
452 5729 583 5798 περὶ
622 5726 916 5789 ἀθανασίας
946 5727 1122 5797 ψυχῆς
1160 5727 1643 5799 φιλοσοφήσαντες,
1692 5724 1769 5787 ὼς

206 5819 444 5888 Πλάτων,
469 5820 565 5873 καὶ
594 5819 644 5872 oi
669 5812 914 5883 τοιοῦτοι,
958 5819 1095 5890 μετά
1137 5819 1360 5873 θάνατον
1387 5817 1448 5872 τὸ
1480 5817 1578 5888 μὲν
1607 5814 1764 5887 σῶμα

1282 4529 1465 4596 ἔχειν,
1492 4526 1617 4580 οἷον
1633 4524 1766 4577 νῦν.
1803 4516 1846 4570 ι)
1875 4547 2089 4601 cunt,ut
2109 4536 2431 4602 Christiani;

1883 3252 2050 3311 ctant,
2084 3250 2355 3317 quomodo
2384 3252 2726 3309 illustrantur
2754 3267 2808 3312 et
2825 3258 3197 3327 perﬁciuntur.

2450 3365 2514 3421 IN
2556 3369 2707 3426 CAP.
2759 3370 2870 3429 VII.

1950 3451 1989 3505 l.
2015 3453 2103 3525 §l.
2139 3455 2227 3510 Sic
2249 3457 2373 3511 dum
2406 3459 2495 3515 ad.
2526 3460 2678 3527 Quod
2703 3480 2810 3519 non
2860 3467 2914 3520 in
2960 3469 3209 3523 eumdem
3254 3469 3433 3525 locum

1880 3543 2221 3602 abducantur
2251 3549 2545 3609 morientes
2575 3569 2793 3611 omnes:
2814 3564 2867 3611 et
2891 3558 2957 3613 de
2986 3562 3406 3617 resurrectione.

1950 3724 2015 3779 In
2038 3729 2320 3783 universali
2352 3733 2747 3788 resurrectione.
2775 3733 2910 3788 Cum
2942 3750 3172 3806 corpore
3201 3738 3449 3801 sciliccl.,

1954 3901 2093 3957 Nam
2129 3909 2209 3958 ha:
2234 3905 2460 3975 quidem.
2493 3906 2569 3959 De
2592 3907 2758 3976 justis
2796 3907 2948 3962 dicit.

1952 3992 2097 4047 Pura
2122 4012 2237 4048 vero
2265 3996 2379 4051 illa.
2414 3996 2487 4052 De
2512 4000 2912 4052 resurrectione
2933 4013 3246 4068 corporum.

2035 4084 2234 4138 Eorum
2259 4086 2353 4155 qui
2377 4087 2617 4141 sentiunt
2651 4101 2774 4141 esse
2808 4089 3263 4145 resurrectionem

2472 4184 2526 4232 et
2561 4176 2849 4245 judicium,

1877 4265 1972 4317 alii
2016 4265 2268 4335 quidem,
2318 4282 2436 4319 cum
2510 4267 2607 4320 alii
2648 4278 2819 4321 autem
2918 4271 3015 4323 alii
3090 4287 3237 4337 vero,
3312 4288 3431 4326 cunt

1875 4355 2059 4410 iisdem
2139 4358 2442 4425 corporibus
2513 4360 2623 4413 sine
2652 4376 2836 4428 corpo-
2920 4362 3041 4415 aliis
3128 4364 3430 4432 corporibus

1875 4447 2097 4499 excitari
2114 4448 2344 4499 animam
2370 4446 2447 4499 di-
2514 4462 2600 4510 re;
2925 4450 3089 4512 novis,
3158 4458 3207 4503 et
3269 4451 3429 4502 vitam

2924 4540 3112 4594 habere
3133 4579 3150 4606 ,
3190 4550 3249 4594 ut
3270 4558 3427 4598 nunc.

2293 4628 2494 4683 Eorum
2522 4629 2616 4699 qui
2645 4630 3005 4695 dormierunt,

1873 4722 1970 4777 alii
1996 4723 2201 4791 quidem
2231 4730 2355 4775 sunt
2382 4722 2577 4786 sancti,
2884 4724 2979 4776 alii
3001 4738 3173 4777 autem
3198 4724 3425 4793 profani.

1941 4815 2053 4885 86
2085 4813 2244 4867 Unita
2266 4814 2424 4869 enim.
2448 4812 2605 4880 Quod
2625 4813 3032 4885 conjunguntur
3076 4830 3197 4868 cum
3234 4815 3429 4868 animis

1873 4918 2127 4973 corpora.

1947 4993 2120 5066 [Nota
2147 5009 2277 5048 vero
2309 5002 2362 5048 et
2384 4992 2603 5048 totalem
2631 4993 3144 5067 resurrectionem.]

1947 5085 2061 5155 §Il.
2111 5084 2469 5152 Profanorum
2492 5092 2686 5142 autem.
2728 5084 2805 5139 De
2847 5095 3021 5139 morte
3058 5090 3424 5154 peccatorum,

1873 5183 1928 5229 et
1959 5174 2087 5245 quid
2136 5175 2339 5231 ethnici
2366 5175 2677 5229 existiment
2704 5183 2827 5245 post
2849 5183 3076 5230 mortem
3126 5174 3264 5235 fieri,
3297 5188 3429 5243 quo-

1873 5282 1993 5321 rum
2025 5266 2310 5335 Opiniones
2354 5269 2596 5336 exponit.
2632 5266 2831 5321 Eorum
2863 5268 3005 5321 enim
3053 5264 3144 5333 qui
3192 5265 3365 5333 magis
3395 5280 3427 5317 a

1871 5359 2085 5414 ratione
2132 5358 2307 5413 aversi
2360 5367 2508 5421 sunt,
2559 5375 2735 5428 neque
2784 5357 3139 5411 immortalem
3188 5356 3424 5409 animam

1871 5436 2217 5503 conﬁtentur.
2252 5447 2308 5501 ln
2340 5449 2408 5503 iis
2456 5450 2619 5504 etiam
2650 5449 2793 5509 Bias,
2848 5463 2954 5501 non
3014 5446 3102 5500 ille
3138 5444 3423 5512 Prieneus,

1872 5539 1968 5596 sed
1991 5539 2210 5609 quidam
2265 5539 2434 5605 alius;
2499 5540 2592 5594 sed
2631 5539 2910 5592 mortalem
2937 5576 2950 5599 ,
3001 5551 3229 5604 eamque
3264 5538 3424 5599 solvi,

1872 5630 2328 5700 quemadmodum
2366 5631 2530 5685 etiam
2560 5644 2781 5698 corpus,
2814 5629 2945 5681 etin
2980 5626 3208 5683 nihilum
3254 5628 3421 5682 abire.

1870 5721 1976 5775 Alii
2011 5732 2211 5788 autem,
2235 5722 2327 5792 qui
2361 5723 2566 5775 scilicet
2586 5721 2670 5774 his
2695 5722 2905 5785 ratione
2946 5726 3239 5788 praestant,
3279 5728 3333 5773 et
3358 5718 3425 5772 de

1870 5812 2034 5869 animi
2068 5812 2472 5868 immortalitate
2503 5810 2900 5876 disseruerunt,
2926 5808 3243 5877 utPlato,ct
3264 5811 3421 5878 tales,
