3874 6530
443 411 547 468 I75

1259 409 1601 465 APPENDIX
1644 409 1733 466 AD
1771 409 2002 465 ()PERA
2039 409 2095 466 S.
2135 409 2432 470 DIONYSII
2465 412 2950 468 AREOPAGITJE.

3599 415 3696 471 17b

439 539 564 602 post
590 541 844 595 mortem,
877 545 1079 602 corpus
1107 527 1324 601 quidem
1342 545 1450 583 non
1483 531 1720 600 amplius
1736 538 2007 586 constatu-

2123 532 2222 585 ούκ
2251 532 2330 585 ἔτι
2363 531 2722 604 συστήσεσθαί
2753 549 2935 600 φασιν⁸
2971 531 3084 584 ἀλλ’
3115 531 3195 594 είς
3227 529 3429 594 αἰῶνας
3455 530 3555 602 οὐχ
3573 531 3703 585 ὑπο-

437 640 562 679 rum
593 625 820 692 dicunt;
861 625 955 679 sed
985 623 1039 678 in
1066 636 1388 694 perpetuum
1413 640 1522 679 non
1563 625 1746 680 redire
1784 626 2022 696 amplius

438 717 506 772 ad
537 733 657 774 eain
688 733 848 788 quam
878 717 1114 772 habebat
1164 717 1605 774 consistentiam.
1630 715 1746 774 Hoc
1761 719 1906 773 enim
1937 725 2024 774 est

437 811 584 882 quod
609 810 742 864 dicit
768 809 1020 877 εἰσάπαξ,
1053 825 1152 880 pro
1181 826 1291 864 non
1337 811 1573 880 amplius
1617 819 2019 875 constaturum,

437 903 878 976 quandoquidem
940 904 1223 975 indignum
1276 919 1400 960 esse
1463 905 1683 975 inquit,
1738 906 2023 960 materiale

435 997 683 1068 ejusdem
715 1013 839 1054 esse
866 1013 992 1052 cum
1024 997 1207 1052 anima
1233 1007 1473 1066 aeterna;
1504 999 1743 1052 animam
1767 1015 1897 1054 vero
1927 1015 2020 1056 so-

437 1091 546 1145 lum
575 1106 696 1146 esse
720 1091 1108 1146 immortalem.
1141 1089 1265 1146 "ch
1313 1091 1477 1147 etiam
1524 1091 1765 1146 haeretici
1803 1091 2022 1148 diverse

435 1183 645 1248 dicunt,
677 1191 737 1238 ut
767 1184 860 1254 qui
903 1199 933 1237 a
982 1182 1224 1238 Simonis
1275 1183 1436 1254 Magi,
1499 1191 1554 1240 et
1606 1183 1908 1248 Menandri,
1965 1194 2020 1241 et

435 1276 732 1339 Valentini,
757 1282 810 1332 e‘.
839 1277 1152 1340 Marcionis,
1171 1288 1225 1334 et
1250 1277 1537 1341 Mancntis,
1570 1287 1730 1348 atque
1759 1279 1920 1333 etiam
1950 1278 2019 1333 ab

433 1369 687 1442 Origenis
717 1370 988 1442 prodeunt
1020 1371 1238 1436 fabulis,
1266 1387 1374 1425 non
1407 1373 1552 1426 enim
1581 1370 1888 1426 sententiis.
1922 1369 2018 1424 Vi-

432 1465 556 1520 dete
583 1466 784 1536 quibus
816 1465 1165 1520 adnumerari
1189 1465 1374 1528 velint,
1410 1465 1706 1535 qualesque
1748 1465 2016 1522 absurdas

433 1557 733 1612 sententias
755 1555 1220 1628 irreprehensibili
1246 1556 1689 1611 Christianorum
1717 1555 1839 1611 ﬁdei
1864 1556 2018 1610 aliin-

430 1658 583 1720 gant,
616 1649 654 1702 ii
683 1648 777 1719 qui
800 1648 960 1705 invisi
994 1657 1122 1704 sunt
1145 1647 1254 1703 Deo
1279 1655 1334 1702 ct
1373 1647 1689 1703 hominibus
1733 1647 1827 1717 qui
1868 1659 2016 1704 recte

431 1741 697 1798 sentiunt.

499 1831 612 1888 Alii
643 1849 758 1886 vero
787 1848 1114 1902 corporeum.
1146 1829 1263 1886 Hoc
1315 1839 1398 1886 est
1437 1829 1747 1884 animorum
1797 1837 2011 1885 tantum

430 1925 547 1982 ﬁeri
576 1925 1057 1991 resurrectionem,
1085 1925 1204 1980 sine
1233 1923 1583 1994 corporibus.

502 2019 769 2086 Quoniam
799 2029 1023 2088 emptum
1043 2027 1143 2074 est.
1173 2015 1332 2083 Quod
1364 2017 1441 2070 ait
1461 2017 1760 2087 Apostolus
1791 2017 2012 2072 arrbam

429 2119 484 2166 et
511 2110 1038 2166 demonstrationem
1077 2108 1350 2179 generalis
1389 2123 1512 2163 cum
1545 2123 1776 2177 corpore
1826 2123 2014 2163 resur-

429 2201 693 2258 rectionis
723 2201 1013 2257 Dominum
1040 2199 1493 2257 nostrumJesum
1513 2199 1792 2255 Christum
1817 2200 2010 2266 fuisse,

427 2299 483 2346 et
505 2291 653 2361 quod
681 2293 735 2346 in
767 2292 885 2361 ipso
905 2307 1052 2346 nunc
1078 2289 1401 2346 abscondita
1437 2291 1547 2345 vita
1568 2299 1779 2355 nostra,
1811 2291 1869 2345 in
1900 2289 2012 2348 Deo

429 2381 746 2452 apparitura
775 2379 829 2435 in
857 2379 1290 2452 regeneratione.
1767 2372 1770 2376 ί

494 2475 790 2530 Animabus
813 2475 1082 2545 conjugia.
1101 2473 1357 2528 Hzeretici
1377 2471 1600 2543 quidam
1622 2480 1739 2527 tum
1763 2472 2008 2538 fuerunt,

427 2577 488 2622 ut
518 2566 708 2622 Simon
741 2567 933 2638 Magus
958 2578 1011 2622 et
1036 2567 1158 2635 ejus
1187 2575 1511 2630 sectatores,
1567 2566 1661 2637 qui
1712 2567 2010 2622 aethereum

425 2660 684 2716 dicebant
713 2675 914 2730 corpus
961 2667 1113 2715 certo
1170 2659 1372 2714 animis
1404 2659 1669 2713 futurum.
1714 2659 2008 2716 Sciendum

423 2763 508 2810 cst
538 2763 742 2820 autem,
764 2753 1050 2826 Origencm
1076 2767 1294 2824 quoque
1323 2752 1465 2808 idem
1489 2752 1672 2808 dicere
1690 2752 1745 2808 in
1769 2754 2008 2824 quodam

423 2847 566 2902 libro
593 2862 732 2915 suo;
762 2845 910 2918 quod
934 2853 1118 2901 tamen
1149 2846 1205 2900 in
1242 2845 1366 2899 aliis
1403 2860 1632 2914 prorsus
1675 2855 1857 2918 negat,
1909 2847 2010 2902 do-

423 2955 556 2997 cens
577 2955 795 2996 omnem
820 2953 1142 3010 corpoream
1181 2944 1435 2991 naturam
1472 2937 1528 2991 in
1559 2937 1795 2994 nihilum
1830 2939 2004 2996 abire.

422 3029 564 3102 Lege
593 3031 852 3088 Methodii
883 3031 1061 3086 sancti
1094 3030 1355 3101 martyris
1379 3037 1435 3086 et
1477 3029 1714 3103 Olympii
1743 3033 2008 3089 Adriano-

423 3123 654 3195 politani
683 3122 928 3193 episcopi
981 3120 1161 3194 Lyciae
1215 3123 1411 3187 libros,
1441 3139 1584 3193 quos
1615 3126 1670 3179 in
1706 3141 1832 3180 eum
1867 3127 2008 3182 scri-

2125 625 2374 696 στρέφειν
2405 624 2506 689 ἔτι,
2529 624 2666 695 πρὸς
2685 623 2752 695 ἢν
2771 623 2896 694 ἔσχε
2922 624 3200 677 σύστασιν.
3223 622 3395 677 Τοῦτο
3425 623 3538 696 γάρ
3558 625 3701 680 ἐστιν

2122 719 2150 772 ὃ
2183 735 2344 788 φησιν
2392 714 2660 781 εἰσάπαξ,
2711 717 2832 770 ἀντὶ
2877 715 2973 770 τοῦ
2999 716 3223 788 ομηκέτι
3276 717 3699 789 συστησάμενον,

2123 811 2306 882 ἐπειδὴ
2343 809 2560 874 ἀνάξιον
2589 804 2731 862 εἷναί
2781 827 2912 879 φασι
2948 809 3008 864 τὸ
3052 809 3235 863 ὑλικὸν
3279 810 3701 875 συνδιαιωνίζειν

2120 903 2287 974 ψυχῇ,
2315 903 2413 975 τὴν
2440 902 2496 955 δὲ
2522 903 2698 974 ψυχὴν
2722 903 2878 973 μόνον
2901 902 3184 966 ἀθανάτως
3205 903 3494 976 ὑπάρχειν.
3519 903 3702 960 Ταῦτα

2123 997 2214 1049 καὶ
2243 997 2509 1067 αίρετικοὶ
2540 995 2756 1064 λέγουσι
2785 995 3076 1068 διαφόρως,
3115 997 3192 1060 ὡς
3223 999 3270 1050 οί
3303 999 3411 1051 ἀπὸ
3462 998 3700 1069 Σίμωνος

2117 1087 2212 1141 τοῦ
2238 1088 2434 1159 μάγου,
2458 1089 2550 1142 καὶ
2566 1088 2896 1160 Μενάνδρου,
2921 1089 3013 1142 καὶ
3029 1089 3404 1155 Οὐαλεντίνου,
3428 1091 3521 1143 καὶ
3550 1093 3702 1162 Μαρ-

2119 1181 2334 1246 κίωνος,
2368 1183 2461 1236 καὶ
2493 1183 2796 1245 Μάνεντος’
2833 1183 2924 1236 καὶ
2945 1181 3040 1235 νῦν
3080 1181 3136 1236 δὲ
3174 1183 3224 1236 οἱ
3255 1183 3362 1236 ἀπὸ
3405 1183 3515 1236 τῶν
3564 1185 3701 1257 Ὠρι-

2118 1273 2308 1343 γένους
2338 1276 2728 1348 προερχόμενοι
2762 1275 2965 1347 μύθων,
3006 1276 3067 1328 ού
3091 1274 3200 1348 γάρ
3236 1276 3544 1347 δογμάτων.
3595 1279 3700 1332 Καὶ

2117 1371 2278 1440 ὁρᾶτε
2297 1370 2408 1423 τίσι
2430 1369 2640 1423 θέλουσι
2667 1370 3135 1443 συναριθμεῖσθαι,
3162 1372 3255 1424 καὶ
3284 1371 3445 1434 ποίας
3467 1371 3700 1436 ἀτόπους

2117 1463 2272 1528 δόξας
2301 1466 2366 1535 τῇ
2392 1464 2678 1535 ἀμωμήτῳ
2705 1464 2812 1517 τῶν
2842 1465 3183 1536 Χριστιανῶν
3230 1466 3411 1518 πίστει
3454 1467 3696 1536 προσάπ-

2115 1571 2298 1609 τουσιν
2322 1558 2370 1608 οἱ
2402 1556 2659 1626 στυγητοί
2691 1555 2843 1628 παρά
2874 1556 2994 1629 Θεῷ
3017 1557 3112 1610 καὶ
3139 1557 3449 1629 ἀνθρώποις
3474 1553 3534 1612 εὖ
3567 1574 3696 1629 cppe-

2117 1645 2297 1700 νοῦσιν
2327 1647 2688 1720 ὑπάρχοντες.

2191 1853 2256 1904 Οἱ
2280 1849 2349 1904 δὲ
2373 1849 2488 1918 τὴν
2511 1849 2871 1921 σωματικήν.
2901 1849 3160 1904 Τουτέστι
3187 1849 3372 1921 ψυχῶν
3410 1849 3585 1922 μόνων
3609 1852 3693 1921 γί-

2115 1942 2300 1996 νεσθαι
2328 1941 2644 2004 ἀνάστασιν,
2677 1942 2943 2013 σωμάτων
2968 1941 3156 2013 χωρίς.

2199 2033 2508 2102 Ἀρθεῖσαν
2528 2032 2666 2102 ἤδη.
2697 2035 2762 2087 "0
2791 2033 2935 2101 λέγει
2977 2035 3006 2088 ό
3048 2031 3368 2096 Ἀπόστολος
3405 2032 3694 2106 ἀῤῥαῦῶνα

2115 2127 2209 2179 καὶ
2235 2126 2506 2191 ἀπόδειξιν
2536 2126 2636 2196 τῆς
2676 2124 2814 2196 μετά
2843 2125 3095 2196 σώματος
3137 2124 3432 2196 καθολικῆς
3463 2125 3694 2180 ἀναστά-

2116 2235 2252 2281 σεως
2278 2218 2369 2271 τὸν
2399 2217 2602 2289 Κύριον
2623 2217 2778 2289 ήμῶν
2813 2217 3019 2289 Ἰησοῦν
3053 2218 3286 2290 Χριστὸν
3333 2219 3688 2290 γεγενῆσθαι’

2113 2311 2208 2364 καὶ
2239 2312 2322 2364 ὅτι
2369 2311 2427 2364 ἐν
2467 2310 2614 2382 αύτῷ
2651 2310 2748 2364 νῦν
2789 2311 3094 2382 κέκρυπται
3125 2312 3158 2382 ή
3183 2310 3294 2382 ζωὴ
3322 2311 3501 2383 ἡμῶν,
3532 2311 3591 2364 ὲν
3620 2311 3692 2383 τῷ

2111 2403 2230 2474 Θεῷ
2264 2403 2758 2476 φανερωθησομένη
2788 2405 2846 2457 ἐν
2873 2406 2939 2475 τῇ
2970 2403 3380 2476 παλιγγενεσία.

2190 2496 2420 2566 Ψυχαῖς
2437 2495 2742 2566 συζυγίας.
2761 2496 3035 2568 Αίρετικοί
3063 2513 3208 2560 τινες
3234 2496 3354 2550 τότε
3383 2497 3688 2566 γεγόνασιν,

2111 2591 2186 2654 ὡς
2213 2591 2262 2643 οἰ
2296 2590 2424 2655 περὶ
2461 2589 2681 2659 Σίμωνα
2727 2589 2819 2642 τὸν
2865 2588 3036 2660 μάγον
3077 2590 3171 2642 καὶ
3212 2589 3337 2653 τοὺς
3380 2590 3477 2642 σὺν
3511 2589 3688 2660 αὐτῷ,

2109 2682 2164 2735 οἵ
2191 2698 2335 2744 τινες
2373 2680 2608 2752 αἰθέριον
2637 2680 2895 2749 ἔφασκον,
2919 2679 3032 2747 είγε
3067 2679 3161 2732 καὶ
3175 2679 3284 2751 ἄρα
3299 2678 3517 2732 ἔσεσθαι
3537 2679 3690 2747 σῶμα

2109 2778 2228 2839 ταῖς
2254 2775 2472 2844 ψυχαῖς.
2531 2773 2726 2825 Ίστέον
2764 2772 2822 2825 δὲ
2863 2773 2946 2826 ὅτι
3006 2772 3102 2826 καὶ
3146 2771 3432 2844 Ὠριγένης
3470 2773 3533 2826 τὸ
3564 2772 3688 2826 αὑτό

2109 2882 2275 2936 φησιν
2315 2863 2372 2916 ἐν
2399 2880 2505 2917 τινι
2536 2862 2645 2915 τῶν
2689 2860 2853 2915 αὐτοῦ
2896 2861 3376 2934 συγγραμμάτωνο
3408 2863 3467 2915 ἐν
3514 2862 3689 2926 ἄλλοις

2107 2955 2163 3008 δὲ
2199 2954 2292 3008 καλ⁸
2321 2953 2452 3006 αὐτὸ
2479 2949 2758 3014 παντελῶς
2785 2951 3131 3021 ἁπαρνεῖται,
3166 2949 3344 3002 πᾶσαν
3376 2949 3688 3020 σωματικὴν

2109 3044 2268 3113 φύσιν
2299 3044 2379 3107 είς
2394 3041 2734 3114 ἀνυπαρξίαν
2764 3043 2960 3113 χωρεῖν
2982 3038 3327 3110 δογματίζων
3345 3078 3358 3093 .
3393 3039 3687 3108 Ἀνάγνωθι

2108 3136 2372 3190 Μεθοδίου
2399 3134 2493 3188 τοῦ
2521 3134 2676 3203 ἀγίου
2713 3135 2990 3205 μάρτυρος
3017 3134 3110 3187 καὶ
3153 3133 3446 3204 Ὀλυμπίου
3481 3133 3686 3205 Ἀδρια-

423 3227 650 3286 pserunt
672 3215 740 3276 de
762 3214 1281 3281 resurrectione;et
1321 3213 1593 3286 Antipatri
1650 3215 1832 3271 Bostri
1883 3219 2002 3288 epi-

2119 3227 2412 3290 νουπόλεως
2443 3225 2740 3279 ἐπισκόπου
2778 3225 2876 3296 τῆς
2909 3225 3116 3288 Λυκίας
3153 3223 3221 3278 τά
3250 3226 3369 3278 κατ’
3403 3225 3568 3278 αὑτοῦ
3602 3225 3685 3278 ὑπ’

421 3309 690 3380 scopizet
718 3307 903 3364 disces
949 3305 1260 3362 fabulosam
1317 3307 1494 3378 ipsius
1539 3316 1594 3364 et
1638 3318 2005 3367 monstrosam

421 3401 798 3474 nugationem.

492 3579 991 3645 Beatissimamque.
1020 3575 1146 3633 Hzec
1168 3577 1244 3631 ait
1267 3577 1500 3633 obscure
1522 3577 1631 3648 87
1662 3577 2003 3649 signiﬁcans,

420 3674 639 3746 opinor,
671 3673 897 3744 Papiam
929 3672 1022 3743 qui
1055 3671 1365 3742 Hierapolis
1393 3670 1537 3726 Asia;
1565 3678 1680 3724 tum
1741 3670 1846 3725 fuit
1888 3673 2007 3742 epi-

421 3781 626 3836 scopus
673 3773 728 3822 et
777 3766 947 3820 divini
987 3763 1216 3821 Joannis
1266 3763 1616 3835 evangelista:
1666 3764 2005 3833 temporibus

419 3859 624 3918 ﬂoruit.
661 3859 761 3915 Hic
793 3859 939 3915 enim
970 3858 1167 3929 Papias
1195 3859 1336 3912 libro
1367 3873 1420 3912 ιν
1452 3856 1853 3912 ﬂaminicarum
1877 3873 2006 3914 sua-

418 3969 540 4008 rum
572 3953 1021 4025 explanationum
1054 3951 1298 4022 scripsit,
1343 3949 1461 4006 fore
1489 3949 1545 4003 in
1598 3950 2006 4007 resurrectione

419 4046 727 4116 voluptates
771 4061 894 4118 quae
952 4045 1336 4116 percipiuntur
1393 4058 1463 4098 ex
1501 4041 1673 4105 cibis;
1740 4042 1797 4096 in
1856 4044 2003 4112 quod

417 4138 640 4210 quidem
697 4138 976 4194 decretum
1041 4148 1227 4209 postea
1280 4137 1514 4193 credidit
1581 4136 1996 4206 Apollinarius:

419 4229 914 4304 [quemadmodum
997 4237 1224 4301 apparet
1308 4245 1376 4285 ex
1465 4227 1672 4298 scripto
1751 4226 1926 4297 ipsius
1951 4223 1996 4297 ,]

417 4324 566 4397 quod
589 4324 864 4395 appellant
887 4323 1134 4379 nonnulli
1165 4322 1518 4379 millesimum
1576 4336 1806 4376 annum.
1852 4319 2001 4386 Quo--

415 4415 584 4472 modo
610 4417 780 4489 igitur
809 4415 1130 4487 Apollinarii
1173 4422 1337 4470 erunt
1362 4414 1489 4468 libri
1513 4414 1691 4492 sancti
1729 4413 1997 4484 Dionysii,

411 4509 572 4579 juxta
596 4509 903 4579 aliquorqu
935 4523 1128 4578 nugas,
1154 4507 1248 4577 qui
1281 4505 1683 4576 Apollinarium
1703 4505 2001 4561 refellunt?

2109 3317 2286 3372 αὐτῶν
2317 3318 2446 3389 περὶ
2474 3317 2822 3380 ἀναστάσεως
2855 3315 3154 3388 γραφέντα,
3198 3317 3293 3369 καὶ
3334 3315 3684 3386 Ἀντιπάτρου

2107 3410 2202 3464 τοῦ
2232 3411 2482 3482 Βόστρων
2509 3410 2809 3463 ἐπισκόπου
2825 3427 2838 3439 ο
2867 3410 2962 3463 καὶ
2986 3409 3205 3481 μαθήσῃ
3230 3408 3330 3480 τὴν
3353 3408 3576 3480 μυθώδη
3595 3411 3685 3462 αὐ-

2107 3503 2202 3557 τοῦ
2225 3504 2317 3558 καὶ
2356 3501 2643 3557 ἀλλόκοτον
2676 3499 2974 3574 ληρωδίαν.

2177 3595 2287 3648 Καὶ
2313 3592 2788 3664 μακαριωτάτην.
2829 3594 3015 3649 Ταῦτά
3062 3611 3226 3666 φησιν
3279 3594 3680 3664 αἰνιττόμενος,

2106 3681 2280 3757 οἶμαι,
2313 3685 2530 3738 Παπίαν
2559 3685 2649 3738 τὸν
2693 3683 3045 3756 Ἱεραπόλεως
3073 3684 3174 3755 τῆς
3204 3687 3324 3738 κατ’
3368 3684 3552 3739 Ἀσίαν
3571 3685 3684 3738 τότε

2107 3777 2395 3848 γενόμενον
2452 3776 2769 3840 ἐπίσκοπον,
2807 3778 2901 3831 καὶ
2958 3777 3385 3848 συνακμάσαντα
3429 3777 3508 3849 τῷ
3562 3778 3684 3848 θείῳ

2105 3869 2464 3940 εύαγγελιστῇ
2525 3869 2764 3940 Ἰωάννῃ.
2815 3862 2984 3934 Οὗτος
3015 3869 3124 3941 γάρ
3180 3871 3208 3923 ὁ
3237 3868 3454 3932 Παπίας
3500 3871 3558 3922 ἐν
3608 3867 3682 3939 τῷ

2103 3962 2348 4034 τετάρτῳ
2374 3961 2539 4016 αὐτοῦ
2562 3960 2750 4032 βιϐλίῳ
2777 3960 2884 4014 τῶν
2913 3959 3226 4030 Κυριακῶν
3253 3961 3566 4033 ἐξηγήσεων
3587 3961 3681 4023 τὰς

2104 4052 2190 4106 διὰ
2223 4053 2527 4125 βρωμάτων
2549 4049 2701 4108 εἶπεν
2725 4055 2783 4107 ἐν
2810 4056 2875 4125 τῇ
2911 4053 3202 4108 ἀναστάσει
3231 4053 3586 4117 ἀπολαύσειςε
3607 4055 3682 4116 είς

2104 4147 2240 4218 ὅπερ
2267 4147 2440 4218 δόγμα
2490 4145 2629 4218 μετά
2669 4147 2844 4202 ταῦτα
2884 4147 3199 4200 ἐπίστευσεν
3256 4147 3680 4220 Ἀπολλινάριος.

2105 4238 2310 4310 [καθὼς
2375 4239 2698 4310 ἐμφαίνεται
2767 4242 2826 4293 ἐν
2880 4239 2960 4310 τῷ
3019 4241 3410 4311 συγγράμματι
3468 4239 3679 4312 αύτοῦ,]

2102 4331 2130 4384 ὃ
2156 4330 2378 4384 καλοῦσί
2401 4349 2547 4396 τινες
2577 4332 3060 4404 χιλιονταετηρίδα.
3086 4332 3211 4397 Πῶς
3237 4329 3330 4387 οὖν
3366 4333 3678 4387 Ἀπολλινα-

2104 4423 2221 4495 ρίου
2252 4423 2321 4476 τὰ
2347 4423 2441 4477 τοῦ
2467 4424 2622 4492 ἁγίου
2648 4425 2922 4478 Διονυσίου
2950 4443 3051 4496 συγ
3067 4426 3376 4497 γράμματα,
3402 4425 3544 4479 κατὰ
3555 4424 3678 4488 τούς

2102 4533 2262 4568 τινων
2309 4515 2544 4587 λήρους,
2598 4516 2669 4569 τὰ
2714 4518 3042 4589 ἀναιροῦντα
3099 4517 3532 4589 Ἀπολλινάριονς
3573 4517 3680 4571 Καὶ

414 4599 594 4670 Atque
639 4601 805 4654 etiam
851 4599 1088 4654 [renatus
1111 4597 1500 4669 Lugdunensis
1554 4600 1890 4670 episcopus,
1938 4599 1996 4655 in

2119 4608 2388 4680 ῖίρηναῖος
2413 4608 2469 4662 δὲ
2502 4611 2531 4663 ό
2572 4611 2904 4679 Λουγδούνου
2960 4613 3018 4665 ἐν
3065 4611 3144 4681 τῷ
3184 4610 3348 4666 Κατὰ
3399 4610 3681 4679 αἱρέσεων

415 4694 611 4764 quinto
633 4693 775 4747 libro
810 4691 1075 4746 Adversus
1103 4691 1348 4755 haereses,
1398 4691 1543 4745 idem
1579 4692 1748 4758 dicit;
1795 4693 2000 4761 produ-

415 4788 602 4858 citque
628 4795 820 4841 testem
854 4800 1044 4841 eorum
1083 4799 1206 4855 qua;
1229 4798 1260 4836 a
1288 4798 1348 4838 se
1382 4782 1531 4838 dicta
1563 4792 1716 4850 sunt,
1748 4783 1997 4856 Papiam,

415 4895 575 4951 quem
594 4879 855 4934 diximus.

489 4972 589 5028 Ubi
639 4971 708 5026 ad
740 4972 919 5041 ﬁnem.
959 4969 1254 5026 Horribilis
1304 4976 1389 5024 est
1414 5008 1429 5034 ,
1467 4976 1632 5040 atque
1671 4971 1998 5028 metuendus

409 5075 760 5136 peccatorum
786 5064 930 5119 linis.

483 5160 618 5214 Aliis
650 5158 840 5213 oculis.
870 5156 1022 5212 Alios
1063 5157 1256 5211 oculos
1299 5155 1575 5226 appellat,
1622 5157 1844 5222 mentis,
1878 5171 2000 5226 qua

408 5251 669 5322 deinceps
695 5250 886 5323 purior
905 5259 1011 5314 est,
1030 5258 1084 5304 et
1116 5251 1327 5305 inferos
1344 5250 1768 5320 contemplatur,
1795 5257 1848 5304 et
1866 5265 1993 5304 con-

407 5346 640 5400 vertitur
685 5346 739 5401 in
771 5345 1034 5417 gehennae
1070 5343 1564 5413 exspectationem,
1620 5359 1784 5414 quam
1844 5345 1998 5414 prius

410 5453 520 5493 non
545 5439 891 5504 crediderat;
933 5437 1056 5497 ideo
1100 5452 1247 5508 iegre
1282 5435 1520 5490 sustinet
1550 5444 1604 5491 et
1656 5436 1802 5491 dolet
1849 5453 1998 5490 mor—

409 5538 540 5593 tem,
573 5531 820 5600 cogitans
845 5547 912 5586 ne
940 5530 1242 5601 aliquando
1261 5543 1390 5584 vera
1415 5529 1526 5585 sint
1550 5528 1852 5584 inferorum
1875 5546 2000 5600 sup-

411 5620 607 5690 plicia;
657 5632 824 5692 utque
863 5623 1026 5691 etiam
1085 5627 1408 5693 peccatores
1459 5623 1514 5676 in
1568 5637 1799 5693 corpore
1847 5624 1996 5679 exci-

408 5722 618 5771 tantur.
1213 5773 1218 5780 ,

479 5805 544 5864 ιι.
585 5807 804 5866 Coacta.
838 5807 912 5866 De
934 5811 1002 5866 iis
1026 5811 1118 5883 qui
1149 5813 1205 5866 in
1239 5807 1621 5865 ecclesiastico
1653 5807 1845 5862 ordine
1875 5823 1993 5863 mo-

411 5900 645 5958 riuntur.

2103 4701 2338 4772 πέμπτῳ
2373 4701 2534 4773 λόγῳ,
2557 4703 2620 4756 τὸ
2641 4704 2770 4756 αύτό
2814 4722 2981 4775 φησι,
3017 4704 3112 4756 καὶ
3150 4703 3390 4776 παράγει
3431 4704 3679 4776 μάρτυρα

2099 4797 2206 4851 τῶν
2237 4799 2326 4850 ὑπ’
2365 4797 2528 4851 αὐτοῦ
2561 4798 2864 4870 εἰρημένων
2895 4790 3269 4867 τὸνῆιεχθέντα
3304 4797 3542 4851 Παπίαν.

2172 4977 2348 5031 Ὅταν
2382 4976 2481 5030 ἐπὶ
2523 4976 2590 5030 τὸ
2630 4976 2824 5042 τέλος.
2857 4973 3065 5048 Φρικτά
3093 4973 3188 5028 καὶ
3225 4973 3345 5028 λίαν
3379 4972 3587 5045 φοϐερά
3614 4973 3681 5025 τά

2098 5068 2206 5121 τῶν
2235 5067 2570 5140 ἁμαρτωλῶν
2597 5069 2745 5140 τέλη.

2182 5161 2432 5228 Ἑτέρως
2489 5162 2838 5231 ὀφθαλμοῖς.
2899 5161 3148 5234 Ἑτέρους
3193 5161 3503 5233 ὀφθαλμούς
3548 5174 3678 5229 φησι

2097 5257 2223 5318 τοὺς
2245 5253 2340 5307 τοῦ
2391 5253 2507 5319 νοῦ,
2529 5254 2714 5308 λοιπὸν
2735 5253 3123 5327 καθαρωτέρου
3153 5256 3323 5320 ὄντος,
3358 5257 3452 5309 καὶ
3491 5254 3560 5308 τὰ
3602 5255 3680 5317 είς

2099 5349 2221 5419 ᾂδου
2241 5347 2590 5412 σκοποῦντος,
2613 5348 2707 5402 καὶ
2735 5348 3102 5420 στρεφομένου
3131 5350 3210 5413 εἰς
3227 5350 3327 5419 τὴν
3349 5349 3677 5421 προσδοκίαν

2097 5441 2197 5509 τῆς
2223 5442 2484 5513 γεέννης,
2528 5442 2594 5512 ήν
2625 5441 2686 5491 ού
2720 5441 2984 5510 πρότερον
3026 5443 3414 5496 πεπιστεύκει·
3463 5441 3544 5495 διὸ
3583 5442 3677 5494 καὶ

2095 5531 2478 5602 δυσανασχετεῖ
2508 5533 2600 5586 καὶ
2633 5531 2881 5602 ὀδύρεται
2906 5533 2998 5585 τὸν
3040 5531 3292 5592 θάνατον.
3341 5534 3534 5587 ἐννοῶν
3581 5536 3676 5604 μή·

2098 5641 2224 5676 ποτε
2271 5624 2490 5696 ἀληθεῖς
2531 5619 2663 5678 ὦσιν
2694 5626 2748 5677 αἱ
2795 5625 2946 5690 κάτω
2988 5627 3286 5698 τιμωρίαι·
3318 5625 3458 5679 ὥστε
3499 5626 3591 5679 καὶ
3623 5625 3670 5676 0‘

2096 5718 2409 5790 ἁμαρτωλοὶ
2438 5721 2495 5772 ἐν
2517 5717 2594 5788 τῷ
2623 5716 2837 5787 σώματι
2870 5719 3194 5788 ἐγείρονται.

2166 5813 2230 5863 11.
2258 5810 2637 5880 Συναγηγών.
2675 5811 2805 5882 Περὶ
2837 5807 3127 5882 ίερατικῶν
3156 5812 3552 5866 τελευτώντων.
