3874 6534
170 404 263 459 177
889 397 947 452 S.
990 397 1235 453 MAXlMl
1276 396 1569 455 SCHOLIA
1603 397 1671 453 IN
1704 399 1831 452 Lib.
1875 397 1962 451 DE
2003 397 2281 458 ECCLES.
2315 397 2690 455 HIERARCH.

3329 399 3438 456 178

231 522 302 574 El
332 517 403 572 es
435 517 565 585 τοῖς
595 516 860 588 εὐαγέσι.
901 517 1036 588 Περὶ
1076 514 1342 587 μοναχῶν,
1388 514 1610 570 δικαίων
1661 516 1748 568 καὶ

1929 513 2197 584 Siquidem
2233 517 2284 570 in
2314 516 2504 570 sacris.
2541 514 2616 571 De
2646 516 2962 579 monachis.
3005 516 3198 587 justis,
3253 526 3308 574 et
3333 520 3435 574 lai-

167 611 384 668 λαῖκῶν.

243 705 338 757 Ἐν
369 702 502 770 τοῖς
535 703 736 768 θείοις.
768 703 1080 774 Σημείωσαι
1123 701 1174 754 τί
1203 699 1632 770 ἀναγινώσκεται
1657 701 1751 754 καὶ

168 797 214 850 τί
242 795 509 867 omam
545 795 768 848 ἐπὶτῶν
791 795 1204 866 κεκοιμημένων
1240 795 1488 866 μοναχῶν
1518 795 1611 848 καὶ
1631 793 1747 847 λαῖ-

169 890 269 945 κῶν
293 907 307 920 ο
352 888 654 961 ὁμολόγους
706 887 763 941 δὲ
794 886 888 942 καὶ
945 886 1380 957 ταὺτοδυνάμους
1429 886 1570 958 ᾠδάς
1601 886 1748 956 λέγει

168 985 278 1046 ταῖς
310 979 889 1054 προαναγνωσθείσαις
916 980 1046 1052 περὶ
1077 979 1424 1044 ἀναστάσεως
1463 979 1750 1050 ἀψευδέσιν

169 1075 516 1146 ἐπαγγελίαις
548 1073 695 1146 ᾄδειν
727 1075 854 1138 τοὺς
873 1072 1236 1144 λειτουργούς.

231 1171 321 1223 lll.
352 1166 380 1240 ᾗ
411 1170 460 1222 Ι.
504 1166 701 1235 Ἰησοῦ
742 1165 1264 1236 φωταγωγοῦντος.
1305 1166 1426 1220 Ὅτι
1473 1166 1610 1238 πρὸς
1656 1167 1747 1220 τὸν

171 1260 273 1330 βίον
295 1260 391 1314 καὶ
420 1261 472 1313 οἱ
505 1259 662 1313 τόποι
689 1259 798 1312 τῶν
828 1259 1264 1330 κεκοιμημένων.

238 1352 407 1421 Ὑπὲρ
460 1352 685 1420 ταύτης
716 1350 826 1418 τῆς
871 1352 1052 1417 θείας.
1087 1352 1208 1405 Ὅτι
1242 1351 1584 1424 δικαιοσύνης
1632 1355 1749 1407 ἐστὶ

169 1445 222 1498 τὺ
257 1445 392 1516 πρὸς
422 1444 517 1498 τὸν
549 1444 663 1514 βίον
691 1443 874 1497 δοῦναι
905 1445 998 1498 καὶ
1023 1443 1113 1499 τὸν
1136 1445 1316 1499 τόπον.

229 1535 442 1606 Εὐχὴν
483 1535 672 1604 ἱεράν.
703 1535 802 1590 Διά
827 1536 933 1607 τίη
967 1537 1118 1608 εὐχή.

229 1628 254 1700 §
283 1631 349 1682 II.
380 1631 454 1682 Al
487 1627 558 1681 δὲ
590 1627 710 1682 τῶν
742 1627 1090 1696 θεαρχικῶν.
1121 1628 1218 1683 Διά
1245 1630 1298 1684 τί
1325 1629 1459 1702 ᾠδαὶ
1489 1632 1581 1685 καὶ
1617 1632 1746 1686 ἀνα-

170 1721 476 1792 γνώσματα.
516 1721 832 1792 Σημείωσαι
861 1722 919 1775 δὲ
961 1721 1119 1776 ὁποία
1148 1719 1215 1794 ἦν
1240 1726 1273 1796 ἡ
1303 1724 1394 1777 ἐπὶ
1422 1728 1534 1788 τοῖς
1562 1742 1744 1778 κεκοι-

171 1814 422 1885 μημένοις
448 1813 658 1868 παλαιὰ
685 1813 974 1868 ἀκολουθία
1003 1817 1096 1868 καὶ
1114 1815 1284 1882 τάξις.

225 1907 440 1960 Σκόπει
471 1906 562 1970 δὲ,
589 1906 679 1960 ὅτι
704 1906 838 1960 νῦν.
861 1908 980 1960 Ὅτι
1011 1910 1103 1962 ἐπὶ
1131 1913 1243 1974 τοῖς
1260 1909 1599 1977 τελευτῶσιν,
1623 1911 1744 1966 οὔτε

170 2003 210 2054 οί
238 2000 626 2073 ὲνεργούμενοι
651 2040 666 2066 ,
716 1999 840 2053 οὔτε
870 2003 918 2054 οἱ
952 2002 1008 2056 ὲν
1063 2003 1322 2076 μετανοίᾳ
1355 2003 1579 2069 ἐξίασιν.
1612 2005 1747 2059 ἀλλὰ

175 2094 310 2164 μόνοι
341 2095 389 2147 οἱ
421 2093 847 2164 κατηχούμενοιο
881 2096 974 2148 καὶ
998 2094 1085 2149 διά
1105 2096 1177 2150 τί.

236 2189 297 2241 Οἱ
340 2187 806 2256 κατηχούμενοι.
839 2187 1004 2241 Οὐδὲν
1045 2189 1145 2260 μὲν
1178 2189 1371 2262 μικρὸν
1393 2191 1450 2245 ὲν
1470 2194 1582 2255 τοῖς
1626 2191 1746 2245 καθ’

169 2280 302 2350 ἡμᾶς
335 2279 682 2352 μυστηρίοις,
717 2279 856 2334 ἀλλὰ
877 2281 1056 2337 πάντα
1087 2283 1298 2354 μεγάλα
1319 2300 1332 2314 ·
1355 2283 1496 2338 αὐτὰ
1542 2285 1743 2355 μέντοι,

171 2371 293 2443 πρὸς
320 2370 532 2442 ἄλληλα
563 2372 984 2445 συγκρινόμενα,
1008 2374 1269 2447 διαφορὰν
1293 2376 1472 2440 ’ἐξουσι
1507 2377 1643 2448 πρὸς
1661 2395 1750 2448 με·

169 2463 500 2535 γαλειότητα.
535 2465 658 2518 Τῶν
677 2464 786 2537 γὰρ
804 2465 1092 2538 δρωμένων
1122 2469 1214 2522 ἐπὶ
1231 2468 1277 2500 ’⁵⁸
1303 2471 1416 2532 τοῖς
1460 2468 1747 2523 τελευτῶσι

174 2559 394 2629 μέγιστα
421 2559 518 2612 καὶ
553 2558 922 2632 ἀπαράϐλητα
953 2559 1021 2613 τὰ
1047 2559 1154 2613 τῶν
1186 2559 1345 2614 θείων
1377 2560 1614 2632 λουτρῶν
1653 2561 1747 2614 καὶ

172 2653 522 2723 φωτισμάτων
556 2653 651 2705 καὶ
693 2652 1046 2724 μεταλήψεων
1081 2655 1384 2725 μυστήρια·
1422 2654 1502 2708 διὸ
1543 2655 1636 2708 καὶ
1659 2673 1746 2725 μι-

172 2745 268 2816 κρὰ
293 2745 358 2799 τὰ
387 2747 484 2800 ἐπὶ
511 2748 627 2810 τοῖς
666 2747 1092 2818 κεκοιμημένοις
1119 2747 1402 2818 ὠνόμασε·
1449 2747 1587 2820 πλὴν
1625 2748 1746 2802 οὐδὲ

171 2837 361 2892 τούτων
389 2838 536 2904 ἄξιοι
561 2841 610 2892 οἱ
633 2837 713 2892 ἔτι
747 2840 1164 2911 κατηχούμενοι.

234 2933 652 3000 Βλαϐήσονται
699 2934 829 3006 γάρ.
873 2934 1059 2989 Ταῦτα
1106 2934 1390 2989 ἀκολουθεί
1419 2937 1532 2998 τοῖς
1586 2935 1646 2989 ὲν
1678 2937 1744 3007 τῇ

175 3023 298 3094 πρὸς
316 3025 639 3097 Κορινθίους
667 3025 860 3098 πρώτῃ
904 3026 1217 3098 εἰρημένοις
1259 3026 1413 3099 παρά
1449 3025 1544 3080 τοῦ
1589 3028 1748 3080 Ἀπο-

177 3117 350 3172 στόλου
384 3119 515 3191 περὶ
532 3119 644 3171 τῶν
671 3117 908 3182 ἀναξίως
939 3118 1336 3172 κοινωνούντων
1357 3135 1369 3147 ·
1419 3110 1520 3172 ὦδε
1558 3119 1615 3172 δὲ
1651 3118 1746 3172 καὶ⁹

177 3211 510 3280 περιφρονεῖν
531 3207 728 3272 αὐτοὺς
747 3206 895 3276 λέγει
914 3206 1021 3260 τῶν
1043 3207 1202 3261 θείων
1225 3208 1559 3279 μυστηρίων.

238 3298 378 3369 §lV.
425 3297 630 3369 Ἠμὲν
658 3298 772 3354 οὖν
807 3295 980 3368 εὐχή.
1049 3301 1360 3371 Σημείωσαι
1411 3302 1464 3355 τί
1503 3300 1740 3374 εὔχεται.

253 3483 648 3554 Ἀνθρωπίνην
679 3484 1027 3540 ἀσθένειαν.
1059 3486 1318 3540 Τουτέστι
1348 3486 1418 3540 τά
1462 3486 1592 3557 ψιλὰ
1638 3488 1748 3543 τῶν

179 3578 598 3650 ἁμαρτημάτων.

235 3669 356 3742 δν,
417 3673 754 3742 Ἁναιιόγοις
798 3673 1145 3742 σημασίαις.
1215 3674 1520 3744 Ἀναλόγοις
1572 3693 1751 3747 σημα-

183 3777 312 3827 σιαις
340 3762 461 3835 ἔφη,
494 3764 740 3817 τουτέστι
771 3768 891 3828 ταῖς
913 3766 1042 3836 ἡμῖν
1063 3767 1358 3837 γνωρίμοις
1387 3785 1443 3821 τε
1467 3769 1560 3822 καὶ
1588 3771 1750 3841 συνή-

183 3852 309 3918 θεσι,
341 3858 430 3910 καὶ
455 3857 555 3929 οὐχ
594 3858 737 3928 ὑπὲρ
767 3857 864 3929 τὴν
896 3858 1173 3929 ἡμετέραν
1227 3859 1444 3930 νόησιν,
1479 3859 1657 3925 λέξεσι
1687 3879 1747 3915 τε

185 3945 270 3999 καὶ
294 3948 609 4020 ὀνομασίαις
632 3949 1028 4021 σημαινόμενα.

301 4127 385 4183 Vl.
425 4129 538 4199 Τῆς
572 4129 985 4200 πραγματικῆς
1025 4131 1242 4186 αὐτῶν.
1279 4133 1540 4186 Τουτέστι
1568 4133 1691 4188 καθ’
1722 4135 1752 4186 ὂ

185 4219 441 4293 δυνάμεθα
470 4225 634 4286 νοεῖν,
663 4223 756 4275 καὶ
787 4224 850 4275 ἐκ
876 4222 983 4277 τῶν
1016 4225 1146 4294 ἡμῖν
1167 4225 1459 4297 γνωρίμων
1481 4223 1677 4290 λέξεών
1692 4243 1751 4278 τε

189 4315 272 4368 καὶ
299 4317 574 4388 ὀνομάτων
607 4315 706 4379 τὰς
733 4316 848 4368 ἐκεῖ
875 4315 1200 4379 ἀπολαύσεις
1227 4319 1255 4370 ό
1287 4317 1419 4379 Θεὸς
1447 4317 1750 4388 ὠνόμασεν,

186 4408 361 4477 είπὼν,
399 4412 474 4482 μὴ
504 4405 643 4464 εἶναι
663 4411 778 4462 ἐκεῖ
806 4410 1003 4481 λύπην,
1028 4409 1256 4482 ἢνόσον,
1288 4410 1327 4486 ἢ.
1345 4409 1525 4472 πόνον,
1561 4409 1593 4480 ἢ
1630 4427 1750 4463 στε-

186 4502 395 4572 ναγμὸν,
417 4502 552 4556 ἀλλὰ
575 4502 692 4572 φῶς
710 4498 868 4558 εἶναι’
895 4502 1034 4575 πλὴν
1053 4503 1115 4556 οὐ
1143 4501 1302 4556 τοῦτο
1334 4501 1402 4554 τά
1418 4504 1535 4555 ἐκεῖ
1549 4502 1748 4571 ἀγαθὰ,

317 4596 387 4658 ὠς
415 4595 633 4666 ἀληθῶς
653 4595 906 4664 ἄγνωστα
934 4596 1071 4660 τέως
1099 4596 1339 4667 ἡμῖνκαὶ
1369 4595 1746 4668 ἀκατάληπταο

189 4683 219 4736 ἃ
244 4686 342 4760 γὰρ
372 4688 645 4760 ὀφθαλμὸς
671 4689 772 4741 οὑκ
812 4684 920 4741 εἶδε
942 4727 956 4752 ,
991 4689 1086 4741 καὶ
1111 4687 1180 4740 τά
1213 4685 1370 4759 ὲξῆς’
1421 4687 1535 4742 ἀλλ’
1584 4689 1640 4756 ἐξ
1675 4683 1750 4743 ὧν

1855 623 1957 662 CIS.

1926 700 1992 755 In
2020 699 2404 770 divinis.'jNota
2440 702 2571 772 quid
2601 703 2814 774 legatur
2837 711 2891 760 et
2917 707 3048 776 quid
3077 720 3310 767 canatur
3331 730 3432 784 pro

1850 793 2158 858 monachis,
2194 801 2249 850 et
2273 794 2430 850 laicis
2479 796 2572 865 qui
2605 796 2970 854 dormierunt.
3018 802 3432 864 Consentaneus

1850 894 2030 942 autem
2060 893 2256 942 cantus
2281 894 2335 942 et
2378 887 2520 942 idem
2552 889 2796 945 valentes
2825 891 2920 956 ait,
2953 894 3222 964 praelectis
3253 898 3322 955 de
3345 917 3432 954 re-

1851 981 2196 1037 surrectione
2237 997 2347 1036 non
2386 978 2542 1037 falsis
2583 984 3060 1053 promissionibus,
3092 1004 3290 1047 canere
3319 995 3430 1048 mi-

1850 1079 2075 1131 nistros.

1927 1167 2014 1222 Ill.
2058 1166 2152 1239 ξι.
2206 1167 2336 1222 Iesu
2387 1171 2716 1226 illustrante.
2749 1169 2905 1240 Quod
2932 1189 3032 1244 pro
3072 1175 3195 1231 vita:
3237 1177 3430 1233 condi-

1850 1261 2016 1323 tione,
2048 1263 2214 1318 etiam
2255 1263 2376 1318 loca
2401 1263 2512 1317 sint
2538 1271 2898 1323 mortuorum.

1918 1352 2028 1408 Pro
2055 1353 2151 1408 hoc
2173 1353 2377 1409 divina.
2409 1353 2644 1411 Iustitia:
2674 1373 2796 1414 esse
2825 1373 2927 1429 pro
2949 1360 3073 1416 vitae
3115 1364 3429 1423 conditione

1848 1444 1978 1500 dare
2001 1445 2166 1500 etiam
2204 1447 2406 1503 locum.

1925 1535 2140 1592 Precem
2163 1555 2395 1596 sacram.
2422 1539 2534 1596 Cur
2562 1543 2826 1613 precatio.

1929 1629 1957 1702 ς
1987 1629 2050 1685 ll.
2080 1630 2396 1686 Divinarum
2427 1650 2609 1703 porro.
2669 1634 2786 1692 Cur
2817 1645 3021 1694 cantus
3055 1646 3111 1695 et
3142 1641 3424 1699 lectiones.

1848 1720 1986 1776 Nota
2022 1739 2153 1779 vero
2187 1725 2366 1795 qualis
2405 1725 2570 1781 fuerit
2619 1735 2776 1784 vetus
2824 1729 3061 1786 cilicium
3106 1741 3161 1788 et
3202 1734 3338 1790 ordo
3372 1736 3427 1791 in

1850 1815 2104 1871 mortuis.

1931 1906 2189 1963 therum
2219 1910 2460 1977 observa,
2491 1913 2631 1985 quod
2658 1931 2815 1971 nunc.
2861 1916 2942 1972 Ad
2975 1925 3315 1974 mortuorum
3338 1937 3430 1977 se-

1847 2001 2144 2072 pulturam,
2191 2018 2369 2073 neque
2420 2008 2772 2078 energumeni
2803 2049 2817 2074 ,
2866 2024 3046 2079 neque
3097 2011 3428 2081 pmnitentes

1847 2102 2082 2160 exeunt;
2112 2094 2205 2150 sed
2239 2097 2341 2150 soli
2366 2099 2740 2155 catechumeni
2764 2120 2775 2155 :
2799 2108 2853 2156 et
2877 2117 3067 2173 quare.

1915 2187 2028 2258 88
2051 2188 2439 2246 Cateclzumem'.
2457 2190 2599 2246 Nihil
2623 2193 2840 2262 quidem
2860 2196 3118 2266 exiguum
3145 2195 3200 2251 in
3227 2198 3431 2253 nostris

1849 2280 2146 2351 mysteriis,
2178 2283 2275 2338 sed
2303 2299 2499 2355 magna
2538 2286 2760 2353 omnia;
2799 2301 2862 2341 ea
2895 2295 3075 2342 tamen
3115 2288 3162 2344 si
3199 2288 3342 2344 inter
3370 2306 3432 2346 se

1848 2372 2225 2439 conferantur,
2275 2375 2330 2430 in
2377 2377 2755 2448 magnitudine
2796 2377 3302 2434 dissimilitudinem
3333 2381 3430 2434 ha-

1848 2466 2072 2522 bebunt.
2095 2468 2164 2523 lis
2191 2471 2337 2524 enim
2369 2486 2492 2540 quae
2525 2470 2886 2541 perﬁciuntur
2918 2472 2972 2526 in
2997 2472 3231 2527 mortuis
3256 2511 3272 2537 ,
3305 2489 3428 2526 ma-

1847 2557 1994 2612 xima
2024 2566 2174 2624 sunt,
2204 2571 2258 2616 et
2307 2561 2782 2632 incomparabilia,
2809 2563 3124 2619 divinorum
3178 2564 3426 2619 lavacro-

1850 2666 1970 2705 rum
2002 2661 2055 2707 et
2082 2653 2514 2709 illustrationum
2546 2657 3106 2728 communionumque
3127 2658 3426 2728 mysteria:

1850 2743 1974 2798 ideo
2013 2761 2178 2814 parva
2216 2747 2354 2801 dixit
2396 2763 2460 2803 ea
2504 2764 2626 2819 qua:
2660 2749 3023 2819 perﬁciuntur
3065 2750 3121 2804 in
3151 2749 3422 2818 mortuis;

1846 2845 2223 2893 verumtamen
2252 2854 2431 2909 neque
2463 2839 2546 2895 his
2578 2839 2732 2911 digni
2768 2841 2949 2896 adhuc
2975 2839 3381 2896 catechumeni.

1932 2928 2218 2984 Laedentur
2238 2931 2397 2988 enim.
2430 2931 2557 2986 Haac
2596 2941 2906 2988 consonant
2960 2934 3028 2988 iis
3059 2947 3180 3004 qua:
3222 2933 3429 3002 scripta

1849 3031 1977 3078 sunt
2009 3023 2063 3078 in
2097 3025 2278 3094 priore
2296 3025 2363 3079 ad
2395 3025 2715 3082 Corinthios
2755 3027 2986 3097 epistola
3037 3027 3106 3082 ab
3137 3025 3426 3097 Apostolo,

1848 3115 1916 3172 de
1952 3115 2020 3171 iis
2045 3119 2137 3188 qui
2171 3115 2390 3188 indigne
2424 3120 2866 3185 communicant;
2901 3119 2991 3175 hic
3034 3128 3216 3175 autem
3260 3118 3432 3174 etiam

1774 3215 1816 3272 C
1851 3220 2199 3269 contemnere
2221 3228 2316 3269 eos
2344 3212 2478 3268 dicit
2497 3213 2680 3268 divina
2709 3214 2994 3285 mysteria.

1920 3307 1948 3378 §
1975 3304 2063 3360 IV.
2094 3305 2338 3361 Precatio
2367 3306 2598 3378 quidem.
2630 3304 2769 3362 Nota
2797 3307 2926 3376 quid
2965 3316 3238 3376 precetur.

1925 3482 2231 3538 Humanam
2250 3485 2618 3556 fragilitatem.
2642 3483 2758 3541 Hoc
2785 3493 2871 3540 est
2901 3499 3065 3556 parva
3088 3491 3337 3556 peccata.

1923 3663 2036 3735 ἓν.
2060 3663 2142 3717 Ad
2163 3673 2375 3733 captum
2403 3673 2644 3719 nostrum
2675 3664 3085 3720 accommodatis
3111 3665 3428 3731 rationibus,

1851 3762 1946 3821 Gr.
1997 3762 2279 3832 ἀναλόγοις
2337 3763 2654 3835 σημασίαις.
2719 3763 2866 3818 Dixit
2908 3763 3192 3833 ἁναλόγοις
3238 3781 3425 3836 σημα-

1853 3854 2025 3918 σίαις,
2059 3856 2162 3909 hoc
2183 3865 2267 3910 est
2296 3856 2455 3911 nobis
2484 3856 2630 3911 notis
2653 3865 2704 3912 et
2727 3857 2988 3921 assuetis,
3019 3865 3072 3911 et
3101 3873 3222 3927 qua:
3265 3859 3429 3912 intel-

1855 3948 2131 4018 ligentiam
2161 3957 2407 4004 nostram
2437 3963 2546 4002 non
2575 3958 2859 4017 superant,
2883 3949 3220 4004 dictionibus
3249 3957 3305 4004 et
3326 3965 3434 4020 cap-

1853 4040 2234 4110 pellationihus
2265 4039 2592 4112 signiﬁcata.

1922 4133 1949 4204 ᾗ
1980 4132 2068 4189 Vl.
2101 4133 2346 4188 Actiones
2379 4149 2529 4188 suas.
2559 4130 2674 4186 Hoc
2700 4141 2787 4188 est
2818 4139 3092 4203 quatenus
3123 4131 3430 4203 intelligere

1853 4243 2169 4298 possumus,
2193 4237 2354 4298 atque
2384 4241 2450 4282 ex
2484 4226 2640 4282 nobis
2683 4225 2833 4280 notis
2861 4226 3044 4282 verbis
3079 4240 3144 4281 ac
3187 4225 3415 4281 nomini-

1852 4323 1978 4387 bus,
2006 4323 2315 4391 voluptates
2347 4335 2469 4390 quae
2498 4319 2610 4374 illic
2633 4326 2762 4374 sunt
2790 4317 2935 4374 Deus
2964 4318 3277 4388 appellavit,
3303 4334 3431 4374 cum
3522 4393 3530 4402 _

1853 4415 1994 4470 dixit
2030 4429 2139 4469 non
2159 4428 2285 4468 esse
2313 4413 2426 4467 illic
2451 4412 2698 4468 dolorem
2720 4450 2736 4476 ,
2779 4417 2875 4464 aut
2899 4411 3153 4466 morbum
3179 4450 3196 4476 ,
3228 4418 3322 4465 aut
3352 4411 3431 4464 la-

1852 4509 2063 4572 borem,
2099 4513 2194 4560 aut
2221 4505 2504 4576 gemitum,
2540 4503 2636 4560 sed
2665 4504 2847 4558 lumen
2869 4518 2991 4559 esse
3011 4522 3028 4572 ;
3052 4509 3434 4559 verumtamen

1855 4616 1965 4656 non
1986 4601 2089 4655 hoc
2109 4615 2230 4671 quae
2253 4599 2364 4654 illic
2389 4598 2554 4664 bona,
2585 4595 2680 4653 sed
2700 4596 2987 4653 verissime
3032 4595 3217 4667 ignota
3251 4595 3432 4651 adhuc

1853 4693 2013 4748 nobis
2044 4698 2099 4746 et
2128 4690 2734 4762 incomprehensibilia;
2762 4704 2884 4760 quae
2905 4687 3050 4744 enim
3091 4689 3289 4743 oculus
3320 4703 3432 4742 non

191 4778 405 4851 οἴδαμεν,
440 4782 815 4852 ὑποδείγματα
848 4781 1028 4835 δίδωσι
1064 4783 1481 4854 μακαριότητος.
1515 4783 1748 4855 Σημείω-

1872 4787 2010 4851 vidit,
2038 4794 2092 4840 et
2116 4799 2238 4856 quae
2280 4790 2615 4854 sequuntur:
2653 4781 2750 4837 sed
2775 4781 2942 4837 exiis
2990 4796 3112 4851 quae
3153 4783 3429 4842 novimus,

195 4869 352 4936 σαιδὲ,
371 4875 488 4938 πῶς
501 4874 770 4946 λαμϐάνει
797 4873 858 4927 τὸ
879 4913 895 4939 ,
929 4876 1033 4940 Εἰς
1067 4875 1336 4941 κόλπους
1372 4875 1626 4946 Ἀϐραὰμ
1655 4876 1748 4929 καί

1872 4885 1950 4938 lat
1975 4882 2222 4951 exempla
2244 4879 2556 4935 heatitatis:
2589 4885 2721 4931 nota
2761 4884 2963 4938 autem,
2991 4875 3265 4944 quomodo
3288 4872 3430 4925 acci-

204 4961 390 5020 Ἰσαὰκ
423 4966 522 5021 καὶ
569 4964 794 5021 Ἰακώϐ.

256 5058 428 5115 Ὀτου
445 5061 645 5116 ἕνεκα.
690 5062 920 5134 Ἀπορεῖ
945 5063 1074 5133 περὶ
1117 5063 1218 5134 τῆς
1263 5062 1553 5135 γινομένης
1588 5064 1754 5135 εὐχῆς

194 5150 326 5220 παρὰ
354 5153 447 5206 τοῦ
485 5155 748 5226 ίεράρχου
787 5155 882 5208 ἐπὶ
923 5158 1036 5219 τοῖς
1070 5157 1128 5208 ὲν
1157 5155 1452 5228 ἁμαρτίαις
1486 5173 1753 5227 κεκοιμη-

198 5239 376 5307 μένοις.

267 5337 378 5390 Τῶν
406 5339 654 5395 δικαίων
685 5343 744 5394 αἱ
777 5341 1130 5409 προσευχαί.
1165 5339 1474 5410 Σημείωσαι
1517 5340 1601 5392 ὅτι
1661 5339 1755 5408 μό-

197 5440 304 5491 νους
330 5432 450 5496 τοὺς
480 5432 669 5498 ἀξίους
698 5432 808 5486 τῶν
839 5432 1137 5503 οἰκτιρμῶν
1169 5433 1263 5486 τοῦ
1293 5432 1429 5486 Θεού
1455 5430 1752 5500 ὠφελοῦσιν

261 5596 284 5624 ³
313 5585 500 5645 Matth.
540 5606 664 5654 vui,
701 5589 792 5643 ll.

1813 4956 1828 4978 ’
1855 4974 1969 5043 piat
2003 4972 2173 5027 illud:
2219 4969 2285 5024 In
2313 4972 2464 5024 sinus
2491 4967 2723 5021 Abraha:
2752 4974 2802 5020 et
2824 4965 2986 5021 Isaac
3009 4973 3059 5018 et
3093 4961 3264 5018 Iacob
3296 4974 3344 5016 ι.

1927 5060 2094 5130 Cujus
2122 5061 2197 5114 rei
2219 5059 2418 5130 gratia.
2454 5056 2678 5111 Dubitat
2721 5054 2790 5110 de
2821 5068 2984 5124 prece
3009 5052 3152 5107 facta
3197 5050 3266 5105 ab
3315 5049 3431 5120 cpi-

1861 5171 2054 5228 scopo,
2087 5155 2144 5208 in
2172 5155 2240 5208 iis
2269 5153 2364 5224 qui
2405 5153 2464 5207 in
2492 5150 2732 5223 peccatis
2768 5149 2972 5210 mortui
2999 5155 3147 5204 sunt.

1929 5334 2209 5389 Justorum
2234 5349 2432 5403 preces.
2471 5332 2610 5388 Nota
2630 5372 2644 5397 ,
2675 5329 2822 5402 quod
2853 5327 2982 5383 solis
3011 5322 3192 5394 dignis
3220 5320 3432 5375 miscri-

1856 5429 2044 5486 cordia
2077 5427 2171 5484 Dei
2203 5427 2708 5498 prosintjustorum
2739 5422 3041 5480 orationes.
3076 5415 3193 5474 sive
3213 5413 3429 5478 vivant,

1111 5745 1344 5804 VARUS
1378 5741 1768 5803 LECTIONES
1801 5741 1886 5797 ET
1915 5737 2446 5800 CORRECTIONES

289 5869 330 5902 “
359 5873 432 5927 ὲν.
