3874 6532
440 421 545 478 £79

1243 410 1581 468 APPENDIX
1617 410 1709 466 AD
1735 406 1963 467 OPERA
1999 407 2059 464 S.
2090 404 2390 464 DIONYSII
2432 403 2917 460 AREOPAGITIE.

3594 405 3696 462 180

441 555 559 594 sive
583 533 786 592 mor'ui
817 535 961 599 sint;
989 548 1100 588 non
1121 531 1341 602 quidem
1373 529 1758 600 peccatoribus
1782 535 1836 584 et
1864 527 2014 598 juste

2133 527 2168 578 ιὶ
2201 523 2309 578 τῶν
2339 523 2562 576 δικαίων
2594 526 2917 594 προσευχαὶ,
2949 519 3060 575 εἴτε
3093 518 3305 586 ζῶντας
3326 560 3342 585 ,
3376 518 3488 574 εἴτε
3519 524 3691 579 τελευ-

440 629 842 690 condemnatis,
867 635 921 682 et
952 625 1041 680 hic
1069 632 1123 678 et
1145 633 1268 694 post
1298 633 1553 678 mortem.

525 803 774 876 Nunquid
796 821 830 857 a
868 802 1137 859 Samuele.
1172 801 1359 872 Neque
1409 801 1556 857 enim
1598 799 1748 856 Sauli
1779 803 2017 872 pessimo

441 896 723 954 exsistenti
777 909 944 950 orans
983 895 1192 965 profuit
1244 892 1489 960 Samuel,
1547 909 1727 964 neque
1776 893 2016 951 Hebraeis

444 989 820 1059 peccatoribus
839 988 1232 1044 exsistentibus
1252 986 1484 1059 Moyses.
1503 985 1650 1040 Dixit
1668 987 1811 1042 enim
1836 986 2020 1043 Domi-

441 1099 544 1138 nus
566 1082 634 1137 ad
655 1083 868 1153 ipsum:
900 1079 1030 1134 Noli
1053 1097 1209 1134 orare
1246 1095 1340 1148 pro
1362 1078 1552 1149 populo
1583 1079 1709 1134 isto.

503 1257 629 1316 Sole
642 1258 810 1313 lucem
825 1273 1000 1312 suam.
1019 1254 1151 1312 Vide
1164 1271 1233 1312 ne
1246 1255 1384 1311 forte
1394 1254 1694 1320 existimes,
1708 1253 1854 1324 quod
1869 1253 2018 1309 dicat

439 1352 610 1408 solem
643 1351 776 1406 dare
813 1365 914 1406 sua
942 1349 1056 1422 39
1086 1349 1327 1416 lumina;
1372 1347 1645 1419 quomodo
1697 1347 1842 1404 enim
1901 1347 2018 1417 ipse

439 1444 535 1516 qui
557 1443 890 1498 inanimatus
914 1449 1021 1506 est,
1043 1440 1292 1496 dederit?
1321 1439 1616 1494 voluntatis
1639 1439 1786 1495 enim
1818 1443 1903 1493 est
1925 1435 2018 1492 do-

439 1537 629 1602 natio;
661 1535 756 1592 sed
779 1535 946 1590 veluti
970 1547 1184 1587 morum
1209 1531 1442 1601 quadam
1469 1530 1688 1586 fictione
1708 1530 1842 1586 dicit
1869 1529 2016 1600 quod

441 1629 786 1700 proponitur.
820 1626 976 1683 Sicut
1005 1626 1152 1681 enim
1185 1624 1231 1679 si
1253 1624 1377 1694 quis
1398 1629 1692 1692 supponat,
1725 1622 1897 1677 solem
1931 1621 2017 1676 di-

440 1737 594 1777 cere:
622 1720 735 1792 Ego
763 1719 1070 1774 valentibus
1093 1717 1469 1773 oculislumen
1501 1716 1682 1782 dono;
1713 1723 1902 1785 postea
1930 1714 2016 1768 in-

441 1813 632 1868 firmus
663 1813 861 1883 aliquis
889 1811 1066 1866 oculis
1096 1809 1336 1863 dixerit:
1370 1805 1446 1860 Da
1477 1798 1643 1861 etiam
1675 1805 1830 1869 mihi,
1859 1803 2017 1858 valeo

438 1875 769 1971 enim;tunr
794 1911 1019 1974 accepta
1069 1901 1212 1963 luce,
1261 1899 1427 1954 etiam
1473 1897 1528 1950 id
1578 1895 1724 1966 quod
1771 1892 2008 1956 videbat,
2046 1875 2089 1930 Β

441 1997 674 2051 amittet.
705 1995 908 2052 Eodem
943 1995 1110 2050 etiam
1142 1991 1302 2048 modo
1343 1997 1601 2060 peccator
1641 1988 1867 2044 aﬂ‘ectus
1903 1993 2010 2049 est,

440 2103 564 2142 cum
596 2098 752 2160 rogat
792 2088 968 2142 virum
988 2086 1214 2147 bonum,
1242 2091 1303 2137 ut
1333 2099 1431 2153 pro
1462 2098 1520 2137 se
1551 2087 1839 2152 precetur;
1875 2077 2015 2148 pati-

443 2188 530 2232 tur
563 2179 708 2232 enim
725 2177 1018 2233 ctecutiens
1039 2182 1093 2231 et
1125 2173 1433 2244 suscipiens
1461 2173 1567 2230 viri
1587 2173 1717 2226 boni
1748 2169 2013 2224 orationis

442 2267 679 2334 radium,
729 2285 845 2324 non
873 2267 1126 2324 concedit
1177 2282 1324 2331 eum,
1355 2282 1420 2322 ea
1474 2281 1596 2336 quae
1646 2271 1775 2320 sunt
1806 2273 2015 2317 naturae

441 2361 615 2430 ipsius
645 2359 821 2414 facere
845 2367 900 2414 et
930 2359 1230 2424 illustrare,
1257 2358 1353 2413 sed
1375 2358 1630 2413 tenebras
1671 2357 1774 2413 sibi
1814 2371 2015 2426 procu-

439 2457 545 2514 rat,
568 2464 680 2504 non
708 2447 958 2504 habendo
979 2449 1268 2511 rationem,
1294 2463 1392 2518 per
1423 2463 1615 2518 puram
1644 2448 1813 2502 vitam
1841 2446 2015 2502 dono-

440 2556 562 2595 rum
587 2540 706 2605 Dei,
729 2547 786 2596 et
812 2539 1071 2596 discessit
1098 2555 1195 2595 seu
1221 2541 1451 2596 secessit
1480 2540 1548 2594 ab
1576 2538 2014 2593 illuminantibus

441 2633 537 2689 Dei
570 2632 885 2702 praeceptis;
918 2646 1154 2702 peccans
1182 2632 1327 2688 enim
1347 2630 1650 2686 contemnit
1693 2630 1866 2701 legem
1893 2629 2012 2694 Dei,

439 2732 494 2779 et
520 2724 657 2779 nihil
712 2725 782 2779 ab
829 2723 1080 2780 oratione
1113 2724 1252 2795 justi
1280 2722 1584 2794 juvabitur.
1618 2721 1774 2788 Quod
1831 2729 2012 2777 autem

441 2817 557 2871 haec
585 2815 654 2870 de
684 2815 800 2872 sole
829 2815 905 2870 ita
933 2815 1221 2886 intelligat,
1253 2816 1416 2870 etiam
1442 2815 1496 2868 in
1535 2813 1677 2868 libro
1722 2812 1797 2867 De
1817 2811 2013 2867 divinis

442 2907 761 2972 nominibus,
784 2916 982 2978 quarto
1011 2908 1191 2978 capite
1223 2907 1516 2978 signiﬁcat.

516 3110 704 3169 Utiles.
735 3112 1020 3178 Quomodo
1040 3120 1094 3168 et
1117 3109 1338 3183 quando
1352 3110 1529 3180 prosit
1547 3109 1682 3178 justi
1699 3110 1876 3165 oratio
1891 3118 2014 3165 tan-

2116 618 2407 689 τήσαντας,
2441 615 2504 668 οὐ
2540 615 2648 686 μὴν
2681 613 3035 686 ἁμαρτωλοὺς
3064 614 3161 667 καὶ
3191 599 3715 688 ἀξιοκατακρίτους,’

2117 711 2211 764 καὶ
2242 702 2342 762 ὧδε
2377 709 2470 762 καὶ
2507 707 2643 779 μετά
2675 708 2924 762 θάνατον.

2191 803 2259 856 Ἠ
2287 802 2343 854 τι
2366 799 2517 868 πρὸς
2560 799 2666 853 τοῦ
2705 799 3010 868 Σαμουήλ.
3057 797 3194 853 Οὐτε
3245 798 3354 871 γὰρ
3401 799 3494 854 τὸν
3525 801 3697 855 Σαοὺλ

2117 893 2374 947 κάκιστον
2405 891 2534 945 ὄντα
2562 890 2844 962 ὠφέλησεν
2874 894 2903 944 6
2933 891 3187 962 Σαμουὴλ
3218 891 3536 963 εὐξάμενος,
3574 891 3696 946 οὐτε

2113 986 2242 1050 τούς
2297 984 2577 1057 Ἑϐραίους
2623 982 2978 1055 ἁμαρτωλοὺς
3008 983 3168 1047 ὄντας
3197 985 3226 1037 6
3264 985 3540 1054 Μωύσῆς·
3577 980 3694 1037 εἷπε

2116 1076 2227 1148 γὰρ
2255 1080 2284 1132 6
2313 1079 2517 1150 Κύριος
2547 1077 2682 1148 πρὸς
2712 1076 2874 1130 αὐτόν
2892 1093 2906 1106 ο
2939 1074 3038 1144 Μὴ
3072 1077 3412 1146 προσεύχου
3438 1077 3573 1146 περὶ
3591 1077 3697 1131 τοῦ

2114 1169 2269 1224 λαοῦ
2297 1171 2532 1224 τούτου.

2199 1263 2396 1318 Ἡλίου
2432 1263 2505 1317 τὰ
2543 1262 2748 1317 οίκεῖα.
2796 1263 2938 1336 Ὅρα
2974 1263 3047 1336 μή
3089 1263 3190 1318 πού
3222 1281 3286 1333 γε
3333 1265 3582 1336 νομίσῃς.
3617 1263 3694 1319 ὅτι

2114 1356 2210 1409 τὸν
2238 1355 2391 1427 ἥλιόν
2422 1371 2554 1426 φησι
2587 1355 2875 1427 δωρεῖσθαι
2905 1354 2974 1409 τὰ
2991 1355 3184 1409 ἑαυτοῦ
3217 1355 3370 1426 φῶτα
3388 1372 3404 1387 ο
3439 1356 3561 1419 πῶς
3591 1355 3696 1427 γὰρ

2115 1447 2181 1502 ἂν
2213 1446 2419 1518 ἄψυχος
2461 1447 2800 1518 δωρήσαιτο;
2848 1447 3221 1520 προαιρέσεως
3260 1447 3369 1520 γὰρ
3411 1449 3445 1519 ἡ
3477 1448 3693 1520 δωρεά·

2115 1540 2251 1594 ἀλλά
2284 1540 2427 1594 κατά
2454 1538 2738 1610 ἠθοποιίαν
2769 1539 2929 1593 οἱονεί
2960 1557 3082 1592 τινα
3129 1541 3190 1593 τὸ
3221 1535 3585 1611 προκείμενον
3615 1539 3697 1593 λέ-

2115 1651 2224 1703 γει.
2259 1635 2469 1706 Ὥσπερ
2512 1632 2624 1706 γὰρ
2672 1632 2806 1697 είτις
2853 1631 3105 1686 ὑπόθοιτο
3145 1633 3236 1686 τὸν
3285 1631 3436 1703 ἥλιον
3483 1632 3691 1702 λέγειν·

2129 1725 2272 1796 Ἐγὼ
2300 1729 2414 1790 τοῖς
2446 1726 2781 1800 ἐρρωμένοις
2812 1723 3112 1797 ὀφθαλμοῖς
3139 1724 3328 1797 δίδωμι
3379 1723 3528 1794 φῶςο
3580 1721 3696 1778 εἶτα

2117 1819 2356 1873 ἀσθενῶν
2386 1836 2471 1882 τις
2499 1818 2567 1873 τά
2598 1819 2822 1892 ὄμματα
2854 1819 2998 1873 εἴποι
3019 1835 3033 1850 ’
3067 1818 3167 1882 Δὸς
3209 1817 3377 1890 κάμοί
3396 1834 3411 1848 ο
3447 1817 3695 1891 ερρωμαι

2113 1911 2256 1983 γάρ*
2290 1910 2480 1964 ἔπειτα
2508 1910 2801 1983 δεξάμενος
2829 1911 2931 1984 τὴν
2962 1911 3176 1975 ἀκτῖνα,
3211 1910 3306 1963 κα).
3335 1907 3529 1980 ὃέὼρα
3592 1909 3695 1964 ἀπ-

2111 2003 2301 2060 ολέσειο
2323 2004 2415 2058 τὸν
2445 2004 2608 2058 αὐτὸν
2637 2004 2838 2076 τρόπον
2860 2005 2953 2058 καὶ
2982 2006 3010 2058 6
3041 2003 3384 2075 ἁμαρτωλὸς,
3419 2001 3591 2056 αἰτῶν
3621 2001 3696 2055 δί-

2114 2112 2268 2149 καιον
2297 2093 2553 2159 εὔξασθαι
2572 2095 2714 2168 ὑπὲρ
2745 2094 2930 2159 αὐτοῦ,
2961 2095 3177 2166 πάσχει·
3205 2093 3576 2167 ἀμϐλυώττων
3590 2095 3695 2166 γὰρ

2113 2192 2143 2243 6
2172 2188 2518 2260 ἁμαρτωλὸς,
2553 2189 2648 2242 καὶ
2676 2188 2963 2260 δεχόμενος
3009 2189 3107 2260 τῆς
3137 2187 3229 2242 τοῦ
3272 2188 3483 2242 δικαίου
3528 2188 3695 2260 εὐχῆς

2113 2281 2214 2352 τὴν
2245 2280 2459 2342 ἀκτῖνα,
2491 2281 2552 2334 οὐ
2589 2283 2862 2352 συγχωρεῖ
2892 2279 3062 2352 αὐτὴν
3090 2278 3159 2333 τά
3189 2278 3330 2334 κατά
3362 2279 3527 2349 φύσιν
3543 2282 3694 2352 ἐνερ-

2113 2376 2232 2442 γεῖν
2262 2374 2358 2427 καὶ
2388 2373 2640 2443 φωτίζειν
2660 2389 2675 2404 ·
2711 2371 2847 2426 ἀλλὰ
2882 2373 3073 2436 σκότος
3104 2372 3281 2444 ἑαυτῷ
3309 2371 3588 2444 προξενεῖ,
3619 2373 3695 2446 τῷ

2118 2468 2256 2539 μήτε
2286 2466 2574 2538 προσέχειν
2603 2465 2690 2520 διὰ
2726 2465 2967 2539 καθαροῦ
3001 2465 3118 2536 βίου
3147 2467 3268 2529 ταῖς
3296 2464 3391 2518 τοῦ
3425 2465 3564 2519 Θεοῦ
3597 2466 3693 2518 δω-

2117 2563 2289 2632 ρεαῖς,
2322 2560 2416 2614 καὶ
2451 2563 2520 2632 τῇ
2551 2560 2908 2630 ἀποφοιτήσει
2931 2559 3132 2630 μέντοι,
3152 2559 3318 2630 ῆγουν
3349 2559 3695 2631 ἀναχωρήπι

2113 2653 2224 2709 τῶν
2245 2652 2595 2724 φωτιζουσῶν
2613 2653 2845 2707 ἐντολῶν
2857 2651 2951 2706 τοῦ
2982 2650 3116 2705 Θεού
3133 2668 3146 2682 ·
3164 2655 3194 2706 6
3224 2651 3334 2724 γὰρ
3363 2652 3695 2724 ἁμαρτάνων

2114 2750 2449 2821 καταφρονεῖ
2476 2747 2574 2801 τοῦ
2623 2746 2788 2818 νόμου
2820 2745 2912 2800 τοῦ
2943 2745 3080 2800 Θεοῦ
3101 2785 3116 2810 ,
3162 2747 3256 2800 καὶ
3286 2745 3439 2799 οὐδὲν
3483 2746 3592 2800 ὐπὸ
3621 2746 3696 2799 δι-

2115 2841 2273 2895 καίου
2330 2841 2495 2912 εὐχῆς
2551 2839 2982 2911 ὠφεληθήσεται.
3022 2839 3145 2892 Ὅτι
3195 2838 3252 2891 δὲ
3301 2837 3370 2892 τὰ
3425 2839 3558 2910 περὶ
3601 2836 3696 2892 τοῦ

2115 2933 2266 3005 ἡλίου
2297 2933 2441 2988 οὓτω
2471 2936 2614 2999 νοεῖ,
2664 2934 2760 2989 καὶ
2803 2935 2862 2989 ἐν
2891 2933 2969 3005 τῷ
2997 2932 3139 3003 Περὶ
3172 2932 3346 2987 θείων
3391 2928 3694 3000 ὀνομάτων

2116 3027 2398 3099 κεφαλαίῳ
2424 3027 2464 3081 δ’
2500 3027 2773 3099 σημαίνει.

2201 3119 2515 3189 Ὠφέλιμοι.
2559 3119 2686 3183 Πῶς
2725 3120 2818 3172 καὶ
2870 3118 3000 3172 πότε
3047 3117 3248 3186 ὠφελεῖ
3297 3114 3509 3170 δικαίου
3563 3113 3693 3186 εὐχὴ

437 3211 558 3260 tum
587 3203 794 3258 viventi
827 3221 841 3257 :
883 3210 939 3258 et
959 3202 1114 3270 dicit,
1147 3201 1368 3272 quando
1394 3201 1679 3272 pmnitenti
1711 3201 2016 3258 secundum

2133 3211 2300 3276 ζῶντα
2325 3211 2508 3282 μόνον·
2538 3211 2632 3265 καί
2662 3228 2848 3282 φησιν,
2897 3211 2986 3264 ὅτε
3033 3207 3397 3282 μετανοοῦντα
3436 3206 3580 3261 κατὰ
3606 3206 3695 3260 τὸν

439 3297 760 3368 Apostolum
789 3312 803 3347 :
843 3295 999 3350 Flere
1018 3312 1136 3349 cum
1162 3293 1408 3364 ﬂentibus
1432 3295 1545 3360 ι’-ο,
1569 3303 1623 3350 et
1645 3295 1865 3366 quando
1885 3310 2014 3350 ora-

441 3390 624 3444 culum
655 3388 789 3442 illud
818 3386 1154 3457 complendi
1159 3387 1326 3440 ultum
1342 3385 1476 3439 valet
1496 3385 1793 3456 deprecatio
1814 3384 2015 3456 justid,

443 3495 680 3552 operans
711 3493 809 3549 per
834 3479 1210 3548 paenitentiam
1235 3478 1492 3548 petentis,
1526 3478 1832 3534 orationem
1863 3479 2018 3533 scili-

441 3583 547 3628 cet.
576 3570 635 3627 Si
655 3573 800 3628 enim
831 3588 978 3626 unus
999 3570 1250 3638 aediﬁcet,
1296 3571 1399 3626 hoc
1432 3579 1514 3626 est
1535 3571 1743 3641 justus,
1773 3579 1829 3627 et
1850 3587 2015 3637 unus,

441 3666 586 3720 sicut
611 3671 867 3735 peccator
895 3672 1124 3727 evertat,
1177 3663 1556 3734 imperfectum
1606 3672 1790 3718 manet
1839 3680 2017 3735 opus;

442 3757 898 3828 quemadmodum
923 3758 1152 3829 legimus
1180 3757 1236 3811 in
1267 3758 1516 3828 exemplo
1541 3758 1608 3813 de
1633 3755 1799 3814 Saule
1824 3765 1879 3814 et
1919 3755 2018 3812 Sa-

439 3849 639 3904 muele.

511 3939 609 3994 Pie
634 3940 879 4009 a/fectus,
906 3939 1002 3996 Gr.
1026 3941 1140 4008 ἕξιν
1175 3942 1348 4014 ἱεράν.
1376 3941 1634 3997 Habitum
1667 3951 1854 3998 autem
1885 3957 2016 3998 san-

440 4036 586 4085 ctum
611 4030 714 4095 hoc
733 4031 874 4094 loco,
900 4033 1135 4102 propriae
1159 4032 1284 4088 vitae
1312 4033 1379 4088 ad
1402 4033 1656 4088 virtutem
1677 4033 2020 4089 aﬂ'ectionem

441 4121 598 4176 dixit.
629 4121 983 4194 Συλλήπτορα
1010 4139 1158 4190 vero,
1193 4141 1292 4195 pro
1313 4125 1637 4194 adjutorem.

511 4209 867 4283 Colloquium.
897 4212 1017 4268 Non
1047 4215 1368 4286 simpliciter
1395 4232 1500 4272 nos
1528 4218 1597 4271 ab
1620 4215 1930 4272 accedendo
1951 4215 2022 4272 ad

443 4303 690 4359 divinum
707 4305 1060 4375 colloquium,
1089 4313 1145 4361 et
1168 4321 1266 4376 per
1282 4322 1386 4362 nos
1402 4317 1585 4378 petere
1607 4322 1638 4360 a
1655 4305 1765 4362 Deo
1793 4306 2022 4361 meliora

440 4401 498 4449 et
529 4395 812 4463 salutaria,
833 4395 996 4452 Pater
1022 4397 1295 4468 prohibet,
1329 4399 1508 4454 sciens
1536 4397 1856 4468 Apostolum
1882 4412 2021 4466 pra:-

443 4485 735 4555 cipientem
774 4505 786 4541 :
818 4488 930 4542 sine
956 4489 1341 4543 intermissione
1377 4504 1530 4542 orare
1562 4499 1585 4526 °
1609 4505 1622 4553 ;
1644 4486 1740 4542 sed
1766 4487 2024 4556 opinione

2133 3302 2473 3366 Ἀπόστολον,
2512 3303 2759 3357 κλαίειν
2779 3303 2824 3334 ⁸⁸
2855 3303 3006 3372 μετὰ
3038 3303 3388 3364 κλαιόντων,
3417 3301 3508 3354 ὅτε
3526 3302 3694 3354 καὶτὸ

2118 3394 2295 3465 λόγιον
2323 3395 2498 3449 ἐκεῖνο
2527 3393 2845 3466 πληροῦται,
2875 3396 3040 3464 Μέγα
3056 3395 3253 3464 ἰσχύει
3266 3393 3418 3464 εὐχὴ
3441 3393 3690 3457 δικαίου,

2119 3485 2484 3560 ἐνεργουμένη
2525 3487 2613 3541 διά
2647 3487 2749 3559 τῆς
2789 3488 3078 3560 μετανοίας
3117 3485 3212 3540 τοῦ
3263 3486 3552 3557 δεομένου,
3599 3486 3694 3554 τῆς

2119 3580 2286 3652 εὐχῆς
2313 3579 2573 3651 δηλονότι.
2620 3581 2742 3635 Ἐἀν
2769 3581 2878 3653 γὰρ
2913 3574 2994 3644 εἷς
3025 3579 3312 3650 οἰκοδομῇ,
3345 3578 3627 3632 τουτέστιν
3663 3579 3691 3630 6

2117 3673 2351 3737 δίκαιος,
2373 3673 2468 3728 καὶ
2500 3673 2545 3704 ⁸⁸
2574 3667 2673 3737 εἷς,
2719 3668 2831 3728 οἷον
2863 3673 2894 3725 6
2928 3672 3281 3744 ἁμαρτάνων,
3315 3670 3693 3743 καταστρέφη,

2119 3765 2402 3819 ἀτέλεστον
2435 3763 2585 3835 μένει
2615 3763 2676 3818 τὸ
2703 3763 2884 3835 ἔργον,
2922 3764 2996 3828 ὡς
3034 3763 3279 3836 ἔγνωμεν
3307 3764 3402 3817 ἐπὶ
3431 3763 3529 3817 τοῦ
3559 3762 3694 3818 κατά

2119 3857 2212 3910 τὸν
2237 3856 2408 3910 Σαοὺλ
2437 3857 2530 3910 καὶ
2556 3856 2646 3910 τὸν
2675 3855 2930 3927 Σαμουὴλ
2957 3855 3375 3927 ὐποδείγματος.

2193 3947 2360 4013 Ἕξιν
2379 3948 2544 4016 ἱερὰν
2562 3947 2737 4017 ἔχων.
2765 3947 2917 4013 Ἔξιν
2940 3947 2997 4000 δὲ
3027 3947 3178 4018 ίεράν
3210 3945 3447 4000 ἐνταῦθα
3467 3946 3569 4015 τὴν
3604 3943 3694 3999 τοῦ

2119 4039 2318 4094 οἰκείου
2335 4038 2450 4110 βίου
2466 4039 2600 4110 πρὸς
2611 4038 2810 4112 ἀρετὴν
2825 4038 3062 4093 διάθεσιν
3077 4039 3284 4111 εἴρηκε.
3299 4038 3698 4113 Συλλήπτορα

2121 4133 2198 4195 δὲ,
2219 4133 2338 4186 ἀντὶ
2366 4131 2460 4185 τοῦ
2481 4133 2600 4201 βοη
2611 4133 2738 4187 θόγ.

2205 4225 2485 4296 Ὁμιλίαν.
2505 4225 2616 4295 Οὐχ
2637 4223 2821 4287 ἁπλῶς
2851 4221 2944 4276 τοῦ
2977 4221 3115 4293 πρὸς
3136 4221 3282 4275 θείαν
3307 4222 3459 4292 ἡμᾶς
3483 4219 3698 4292 ὁμιλίαν

2126 4322 2342 4388 χωρεῖν,
2376 4317 2470 4371 καὶ
2497 4316 2563 4369 δι’
2585 4315 2793 4370 ἑαυτῶν
2811 4313 3078 4368 αἰτεῖσθαι
3099 4313 3249 4384 παρὰ
3269 4312 3406 4366 Θεοῦ
3430 4313 3500 4366 τὰ
3519 4311 3698 4384 κρείτ-

2124 4426 2253 4462 τονα
2284 4411 2378 4463 καὶ
2411 4411 2673 4480 σωτήρια,
2703 4407 2955 4478 ἀπείργει
2976 4408 3004 4460 6
3023 4407 3231 4479 Πατὴρ,
3249 4405 3406 4470 είδὼς
3418 4406 3511 4461 τὸν
3541 4406 3696 4460 Ἀπό-

2127 4499 2312 4553 στολον
2346 4501 2753 4572 προστάσσοντα
2784 4498 3178 4565 ἀδιαλείπτως
3223 4501 3694 4573 προσεύχεσθαι,

405 4573 412 4582 “
444 4577 683 4648 quadam
703 4579 932 4644 victum,
961 4588 1314 4636 contemnere
1338 4589 1587 4643 sanctos,
1630 4589 1684 4635 et
1715 4595 1816 4651 pro
1845 4580 2016 4634 nihilo

2133 4591 2258 4646 ὶλλὰ
2276 4591 2391 4658 τοῦ,
2427 4594 2601 4664 οἰήσει
2634 4591 2755 4645 τινὰ
2789 4591 3156 4663 κρατούμενον
3197 4591 3560 4663 ὑπερφρονεῖν
3597 4591 3698 4643 τῶν

442 4671 645 4727 ducere
670 4685 859 4725 eorum
885 4672 1182 4728 orationes.

511 4761 592 4816 De
612 4761 757 4816 dicta
773 4777 949 4831 porro.
979 4763 1063 4817 Ab
1084 4763 1188 4818 hoc
1217 4763 1337 4817 loco
1353 4761 1541 4832 incipit
1554 4777 1845 4832 exponere,
1871 4761 2018 4832 quod

442 4855 622 4910 oratio
646 4855 818 4925 prosit
839 4863 1076 4920 mortuo,
1108 4862 1164 4910 et
1187 4863 1314 4909 nota
1343 4855 1490 4924 quod
1529 4865 1654 4910 ante
1682 4855 1884 4925 ipsum,
1914 4853 2015 4907 du-

440 4947 593 5001 bium
620 4945 724 5000 hoc
747 4945 1040 5016 qumsitum
1067 4945 1251 5000 fuerit.

517 5039 548 5112 §
575 5037 685 5095 Vll.
715 5038 1118 5094 Dissimulante.
1145 5037 1339 5104 Qualia
1367 5045 1556 5094 nostra
1593 5045 1817 5107 peccata
1869 5035 2015 5089 Deus

442 5133 754 5189 dissimulet
805 5142 1026 5202 propter
1085 5133 1391 5187 orationem
1453 5138 1507 5185 et
1571 5145 1762 5199 preces
1831 5144 2016 5184 sacer-

442 5227 608 5280 dotis.

512 5316 657 5370 Petit
687 5325 863 5369 autem
880 5315 996 5370 illa.
1030 5314 1171 5382 Quid
1193 5323 1340 5386 petat
1373 5315 1654 5370 sacerdos.

509 5408 624 5479 90
653 5407 1031 5467 Prtesentibus.
1065 5408 1179 5465 Hoc
1201 5417 1283 5464 est
1307 5408 1474 5477 justis
1503 5416 1556 5462 et
1587 5409 1712 5478 piis.

515 5671 601 5716 λινε
635 5672 794 5729 Rom.
826 5691 924 5741 xu,
959 5677 1046 5732 l5.
1122 5675 1149 5714 ἀ
1180 5675 1297 5730 Jac.
1333 5693 1387 5739 v,
1421 5674 1510 5729 l6.

1591 5686 1614 5712 ο
1651 5672 1668 5725 l
1702 5671 1896 5726 Thess.
1931 5687 1984 5734 v,
2018 5667 2105 5723 i7.

2128 4684 2319 4752 ἁγίων,
2355 4684 2450 4738 καὶ
2477 4685 2588 4737 ἀντ’
2608 4683 2822 4747 οὐδενὸς
2854 4682 3097 4736 τίθεσθαι
3129 4682 3228 4745 τὰς
3259 4683 3465 4736 τούτων
3511 4682 3690 4754 εὐχάς.

2197 4777 2336 4846 Περὶ
2373 4777 2442 4829 δὲ
2479 4776 2607 4846 τῆς.
2643 4775 2834 4830 Ἔνθεν
2869 4777 3094 4847 ἄρχεται
3140 4775 3340 4844 λέγειν,
3395 4776 3472 4840 ὡς
3505 4776 3700 4846 ὠφελεῖ

2127 4870 2219 4922 τὸν
2267 4869 2460 4940 νεκρὸν
2490 4869 2523 4938 ἡ
2554 4869 2707 4939 εὐχή.
2737 4868 2848 4921 Καὶ
2881 4867 3185 4938 σημείωσαι
3216 4868 3298 4920 ὅτι
3331 4868 3428 4921 καὶ
3458 4868 3566 4938 πρὸ
3605 4867 3699 4920 αὐ-

2121 4960 2215 5014 τοῦ
2244 4959 2479 5032 ὲζητήθη
2507 4960 2568 5012 τὸ
2591 4960 2792 5030 ἄπορον
2821 4959 2995 5012 τοῦτο.

2194 5051 2222 5123 §
2249 5051 2360 5104 Vll.
2395 5050 2774 5119 Παρορὼσης.
2819 5050 2986 5114 Ποίας
3028 5052 3186 5123 ὴμῶν
3213 5053 3491 5125 ἁμαρτίας
3513 5053 3542 5106 6
3571 5051 3699 5113 Θεὸς

2125 5145 2345 5216 παρορᾷ
2401 5143 2490 5196 διὰ
2545 5143 2647 5212 τῆς
2703 5142 2797 5196 τοῦ
2849 5142 3038 5213 ἱερέως
3077 5146 3386 5217 προσευχῆς
3432 5148 3530 5201 καὶ
3578 5145 3699 5216 δεή-

2127 5253 2284 5299 σεως.

2199 5327 2362 5382 Αίτεῐ
2386 5327 2454 5380 δὲ
2483 5329 2654 5382 αὐτά.
2678 5328 2742 5380 Τί
2773 5330 2915 5380 αἰτεῖ
2939 5330 2967 5381 6
3001 5330 3196 5402 ίερεύς.

2207 5419 2332 5484 Τοῖς
2374 5419 2652 5486 παροῦσι.
2709 5419 2965 5474 Τουτέστι
2999 5424 3112 5486 τοῖς
3151 5423 3379 5488 δικαίοις
3415 5425 3511 5480 καὶ
3550 5424 3699 5478 εὐσρι

2129 5515 2271 5570 ϐἐσι.

1369 5809 1608 5865 VARle
1646 5804 2032 5863 LECTIONES
2066 5803 2154 5860 ET
2190 5801 2739 5863 CORREGTIONES.

504 5921 548 5953 δ’
571 5924 664 5978 καὶ
694 5924 965 5982 κλαίοντα.
1033 5928 1077 5960 ⁸⁸
1106 5928 1288 6000 ἕτερος
1323 5925 1397 5984 δέ,
