3874 6540
159 367 242 422 l8l
878 367 936 423 S.
979 366 1228 422 MAXIM!
1264 366 1557 424 SCHOLIA
1593 367 1661 423 IN
1697 367 1824 424 LIB.
1867 366 1957 422 DE
1988 367 2269 425 ECCLES.
2307 368 2682 426 HIERARCH.

3312 370 3420 424 182
3461 405 3470 410 ι

215 482 386 537 Κατὰ
435 484 612 538 θείαν
651 483 822 550 ζωήν.
857 484 1142 538 Τουτέστιν
1188 486 1290 541 ὅσα
1340 485 1587 557 νομίμως
1638 487 1733 540 καὶ

1909 485 2206 541 Secundum
2247 488 2479 543 divinam
2525 489 2710 544 vitam.
2772 487 2887 544 Hoc
2913 499 3019 550 est,
3073 502 3417 559 quaecunque

157 575 460 641 ἀκολούθως
481 576 512 628 ὁ
543 577 748 642 δίκαιος
767 578 1060 641 ἐπίσκοπος
1093 578 1324 648 αἰτήσει,
1358 577 1733 656 λήψεται,ἀλλ“

1865 587 1985 635 uste
2017 586 2074 634 et
2098 590 2496 652 consequenter
2516 581 2702 650 justus
2729 582 3023 652 episcopus
3061 588 3228 653 petet,
3270 583 3418 636 acci-

157 670 236 722 ὲπὶ
266 670 528 724 δικαίων·
564 670 779 743 εἴρηται
805 670 914 743 γὰρ
945 669 1024 742 τῷ
1057 669 1196 741 ἁγίῳ
1226 669 1415 742 Πέτρῳ
1435 687 1449 700 ο
1488 671 1644 724 ’Ὅσα
1665 669 1742 724 ἂν

158 759 347 831 δήσῃς
373 763 479 816 ἐπὶ
511 762 628 832 τῆς
657 763 790 832 γῆς,
835 765 929 817 καὶ
955 763 1024 816 τὰ
1053 761 1212 834 ἑξῆς·
1240 762 1386 816 κατὰ
1416 763 1644 834 μίμησιν
1682 761 1740 816 δὲ

165 855 245 909 τοῦ
275 856 435 925 ἁγίου
465 857 682 930 Πέτρου
705 857 840 910 εἰσιν
862 858 910 910 οἱ
940 857 1247 920 ἐπίσκοποι,
1273 856 1350 918 ὡς
1373 855 1509 926 μετὰ
1544 856 1738 927 μικρὸν

165 947 318 1016 λέγει.
357 949 680 1019 Σημείωσαι
733 949 790 1003 δὲ
830 949 1058 1021 μέγεθος
1102 949 1385 1022 ἱεραρχίας
1448 948 1542 1001 καὶ
1606 947 1739 1017 ὕψος

165 1043 244 1096 καὶ
269 1042 647 1115 καθαρότητα.

223 1135 312 1188 Διὸ
337 1134 467 1201 τοῖς
488 1133 766 1204 ἀνιέροις.
795 1133 1104 1208 Σημείωσαι
1131 1135 1212 1188 ὅτι
1238 1133 1410 1189 ταῦτα
1435 1137 1548 1198 τοῖς
1568 1135 1739 1205 ἁμαρ-

162 1228 341 1290 τωλοῖς
361 1227 468 1280 οὐκ
492 1227 809 1297 ἐπεύχεται.

228 1319 616 1389 Τελετάρχου.
652 1319 909 1372 Τουτέστι
930 1318 1024 1372 τοῦ
1056 1318 1198 1373 θείου
1230 1317 1563 1390 Πνεύματος.

222 1413 445 1468 Αἰτεῖτε
470 1414 593 1466 καί.
621 1413 715 1466 Ἐκ
731 1413 834 1484 τῆς
860 1411 1113 1465 Ἰακώϐου
1137 1411 1455 1482 Ἐπιστολῆς
1472 1411 1532 1464 τὸ
1550 1410 1732 1484 ῥητὸν,

163 1504 400 1560 διδάσκον
437 1508 614 1577 ἡμᾶς,
644 1506 720 1570 ὡς
758 1506 820 1558 οὐ
857 1505 937 1558 δεῖ
975 1504 1376 1578 προσεύχεσθαι
1403 1506 1533 1576 περὶ
1561 1503 1733 1558 κακοῦ

160 1616 290 1664 τινος
317 1598 672 1672 προσὼπουῆ
704 1599 1049 1671 πράγματος.

226 1693 332 1759 Τὰς
352 1692 749 1763 ἀφοριστικὰς
766 1693 1000 1762 ἔχουσι.
1037 1693 1174 1763 Περὶ
1202 1691 1310 1745 τῶν
1333 1691 1735 1762 ἁκοινωνησιῶν

1841 671 1968 740 plet,
1996 669 2092 725 sed
2113 685 2212 741 pro
2235 669 2402 740 justis
2427 690 2442 737 ;
2475 671 2685 726 dictum
2707 671 2851 726 enim
2880 679 2964 727 est
2993 682 3188 729 sancto
3211 671 3373 728 Petro
3397 689 3412 726 :

1841 763 2173 834 Quwwnque
2192 763 2438 835 ligaveris
2467 781 2624 835 super
2655 774 2852 819 terram
2877 764 2924 829 ί,
2942 774 2998 820 et
3024 781 3146 836 quae
3175 782 3417 837 sequun-

1839 865 1957 923 tur;
1988 855 2290 911 secundum
2315 863 2498 913 autem
2529 857 2886 913 imitationem
2910 859 3083 913 sancti
3113 859 3258 914 Petri
3287 868 3417 916 sunt

1838 948 2107 1019 episcopi,
2135 955 2194 1002 ut
2217 957 2342 1019 post
2369 964 2543 1021 pauca
2574 948 2727 1005 dicit.
2752 947 2892 1004 Nota
2919 965 3051 1005 vero
3080 951 3416 1021 magnitudi-

1839 1056 1962 1096 nem
2000 1041 2324 1097 bierarchia:
2357 1050 2411 1098 et
2432 1043 2774 1098 altitudinem
2792 1049 2846 1098 et
2875 1043 3190 1114 puritatem.

1909 1134 2264 1202 Quamobrem
2297 1135 2572 1206 improbis.
2607 1134 2745 1192 Nota
2769 1135 2916 1206 quod
2947 1135 3063 1191 haec
3101 1137 3410 1206 peccatori-

1836 1227 1940 1283 bus
1968 1242 2079 1282 non
2107 1226 2461 1298 imprecatur.

1910 1319 2282 1391 Mysteriorum
2305 1332 2538 1378 auctore.
2576 1321 2689 1378 Hoc
2715 1329 2799 1378 est
2823 1321 3009 1378 divino
3041 1320 3268 1392 Spiritu.

1914 1412 2102 1468 Petitis
2133 1423 2204 1469 et.
2247 1412 2364 1469 Hoc
2409 1415 2616 1469 dictum
2663 1422 2943 1486 sumptum
2976 1420 3060 1470 est
3106 1429 3172 1470 ex
3221 1412 3410 1471 Jacobi

1837 1503 2102 1575 Epistola,
2145 1505 2350 1563 docens
2377 1521 2501 1570 nos,
2534 1508 2680 1578 quod
2717 1522 2826 1562 non
2878 1514 3090 1577 oportet
3131 1520 3231 1576 pro
3271 1507 3414 1562 malo
3489 1547 3496 1553 -

1835 1597 2017 1667 aliquo
2050 1598 2292 1664 homine,
2326 1606 2421 1654 aut
2451 1601 2670 1672 negotio
2698 1614 2879 1656 orare.

1906 1688 2227 1762 Segregandi
2261 1692 2546 1759 facultates
2591 1691 2844 1748 obtinent.
2890 1691 2966 1747 De
3008 1690 3414 1747 communionis

161 1788 242 1839 καὶ
268 1784 596 1857 ἀφορισμῶν
615 1784 721 1837 τῶν
750 1783 902 1854 παρὰ
921 1782 1015 1836 τοῦ
1043 1783 1295 1856 ίεράρχου
1312 1801 1326 1816 ο
1352 1783 1608 1854 δυνάμεις
1625 1783 1733 1856 γάρ

1864 1782 2141 1839 ιτίνοιίοηε
2183 1791 2238 1840 et
2285 1787 2634 1855 separatione
2685 1786 2754 1840 ab
2791 1786 3082 1857 episcopo;
3113 1791 3414 1855 potestates

161 1895 281 1950 φησι
311 1877 414 1940 τὰς
447 1879 516 1930 ὲκ
542 1876 680 1930 Θεοῦ
711 1875 1000 1948 δεδομένας
1027 1878 1210 1940 αὐτοῖς
1241 1877 1551 1946 γνωστικὰς
1586 1878 1733 1932 δοκι-

165 1971 351 2043 μασίας
381 1971 480 2025 καὶ
505 1971 742 2042 κρίσεις,
775 1969 844 2022 δι’
870 1963 945 2024 ὧν
977 1969 1022 2001 ⁸⁷
1055 1968 1378 2041 ἀφορίζουσι
1399 1970 1526 2033 τοὺς
1551 1970 1733 2047 ἁμαρ-

160 2065 349 2128 τωλοὺς
379 2065 446 2118 ὲκ
475 2063 590 2116 τῶν
610 2062 853 2126 δικαίων,
884 2062 918 2134 ἥ
949 2062 1011 2115 τὸ
1039 2061 1291 2134 ἔμπαλιν.

232 2157 507 2225 Ἀλότοις
547 2155 774 2225 ὁρμαῖς.
820 2155 1132 2226 Σημείωσαι
1174 2155 1277 2219 ὅτι,
1323 2154 1419 2209 ἐὰν
1450 2155 1602 2226 παρὰ
1643 2155 1735 2208 τὸν

164 2250 348 2305 σκοπδν
375 2249 473 2304 τοῦ
495 2248 634 2303 Θεοῦ
662 2248 894 2321 ἀφορίση
909 2249 938 2300 ὁ
961 2248 1240 2320 ἱεράρχης,
1255 2247 1353 2319 οὐχ
1367 2248 1559 2301 ἕπεται
1585 2247 1735 2319 αὐτῷ

161 2345 214 2398 τὸ
245 2345 383 2399 θεῖον
417 2347 634 2417 κρῖμα·
677 2341 820 2396 κατὰ
849 2341 960 2414 γὰρ
997 2342 1146 2396 θείαν
1177 2341 1361 2414 κρίσιν
1400 2342 1497 2396 καὶ
1533 2341 1596 2395 οὑ
1646 2339 1734 2394 διὰ

165 2437 360 2510 θέλημα
393 2438 528 2492 ἴδιον
560 2436 734 2492 ταῦτα
761 2435 964 2506 ὀφείλει
991 2435 1293 2505 ἐπιφέρειν.

229 2532 292 2584 Τὸ
325 2531 597 2600 Πνεῦμα.
635 2529 942 2600 Σημείωσαι
985 2527 1039 2582 τί
1073 2527 1315 2599 παρέσχε
1348 2528 1460 2590 τοῖς
1499 2525 1733 2579 ἀποστό-

162 2622 264 2686 λοις
283 2622 344 2676 τὸ
374 2622 516 2694 μετὰ
533 2623 635 2694 τὴν
658 2622 953 2676 ἀνάστασιν
973 2620 1154 2682 αὐτοῖς
1171 2617 1324 2672 δοθὲν
1340 2617 1494 2688 ἆγιον
1509 2616 1734 2688 Πνεῦμα

165 2714 244 2769 διὰ
266 2715 358 2770 τοῦ
381 2716 606 2786 ἑμφυσή
617 2731 784 2786 ματος
814 2713 907 2767 τοῦ
937 2713 1169 2784 Κυρίου.

237 2809 720 2880 Ἐλλαμπομένφ.
751 2807 840 2878 Τῷ
863 2806 1003 2878 ἁγίῳ
1035 2805 1246 2877 Πέτρῳ.

230 2905 322 2970 Ὃς
349 2903 591 2956 ἐκείνου
639 2900 737 2954 καί
772 2899 1016 2964 παντός.
1054 2897 1177 2961 Πῶς
1213 2895 1318 2970 χρὴ
1346 2895 1641 2968 λαμϐάνειν
1672 2895 1729 2948 τὸ

166 2994 249 3048 τοῦ
276 2993 616 3065 Εὐαγγελίου
651 2991 833 3066 ῥητόν
862 2995 928 3046 Ὃ
958 2991 1052 3045 ἐὰν
1079 2990 1268 3066 δήσῃς,
1300 2991 1394 3044 καὶ
1426 2989 1494 3043 τὰ
1515 2987 1658 3059 ἑξῆς.

1835 1875 1982 1929 enim
2038 1875 2172 1930 dicit
2213 1875 2443 1932 donatas
2472 1877 2551 1932 eis
2583 1892 2614 1930 a
2645 1876 2753 1932 Deo
2781 1876 3184 1948 cognoscitivas
3217 1891 3417 1946 appro-

1837 1967 2108 2032 bationes,
2141 1979 2193 2024 et
2223 1969 2586 2026 indicationes
2615 1985 2712 2042 per
2737 1985 2877 2041 quas
2933 1977 3187 2040 separant
3219 1983 3417 2040 pecca-

1835 2067 1983 2116 tores
2011 2074 2042 2115 a
2069 2062 2260 2132 justis,
2289 2063 2376 2120 vel
2403 2070 2620 2118 contra.

1908 2153 1974 2209 In
1997 2155 2350 2212 rationalibus
2381 2159 2631 2214 motibus.
2663 2156 2823 2222 Nota,
2853 2156 3002 2228 quod
3033 2156 3079 2210 si
3101 2163 3298 2226 praeter
3319 2152 3417 2208 Dei

1837 2259 2065 2316 scopum
2107 2256 2360 2304 secernat
2406 2249 2678 2321 pontifex,
2722 2248 2822 2304 Dei
2848 2247 3119 2320 judicium
3149 2262 3273 2302 eum
3304 2261 3416 2301 non

1835 2339 2022 2408 sequi;
2055 2341 2356 2396 secundum
2388 2343 2536 2398 enim
2581 2343 2830 2398 divinum
2867 2340 3160 2412 judicium,
3204 2346 3260 2394 et
3304 2353 3415 2393 non

1835 2439 2060 2503 propter
2085 2433 2420 2491 voluntatem
2464 2435 2742 2506 propriam
2772 2435 2888 2490 haec
2909 2433 3070 2489 debet
3102 2431 3324 2487 inferre.

1906 2523 2337 2594 Spiritus.Nota,
2367 2528 2501 2599 quid
2529 2528 2763 2600 prmbuit
2799 2526 3065 2599 apostolis
3091 2525 3256 2580 datus
3279 2523 3414 2594 ipsis

1834 2625 1960 2686 post
1989 2621 2444 2676 resurrectionem
2488 2628 2712 2677 sanctus
2753 2619 2993 2692 Spiritus
3035 2634 3134 2690 per
3173 2616 3416 2674 insuma-

1835 2709 2039 2766 tionem
2074 2710 2312 2768 Domini.

1908 2801 2242 2859 Illuminato.
2268 2803 2472 2861 Sancto
2501 2804 2682 2866 Petro.

1912 2895 1980 2950 Ut
2015 2898 2126 2962 ille,
2159 2899 2450 2969 omnisque.
2491 2897 2779 2964 Quomodo
2808 2902 3027 2966 oportet
3065 2895 3314 2965 accipere
3339 2893 3415 2947 di-

1835 2999 1982 3045 ctum
2011 2989 2284 3061 Evangelii
2320 3010 2333 3045 :
2367 2989 2525 3056 Quod
2562 2991 2609 3046 si
2639 2989 2916 3060 ligaveris,
2946 2995 3000 3043 et
3029 3001 3150 3058 qua:
3172 3001 3416 3056 sequun-

1837 3093 1946 3140 tur.

228 3170 332 3225 Kal
359 3169 470 3224 τοῦ
502 3167 691 3237 ιεράν.
736 3166 909 3239 Ἱερὰν
937 3165 1210 3233 θεολογίαν
1239 3165 1372 3238 φησὶ
1391 3165 1472 3219 τό⁶
1505 3164 1590 3219 Σὺ
1623 3165 1682 3220 ετ
1701 3168 1733 3220 ὁ

1909 3174 1979 3228 Ει
1999 3183 2240 3230 sanctam
2268 3175 2441 3230 illam.
2490 3174 2716 3230 Sacram
2751 3172 3082 3243 theologiam
3120 3169 3256 3226 dicit
3290 3186 3302 3220 :
3334 3168 3414 3224 Tu

169 3261 404 3327 Χριστὸς
425 3262 459 3313 ό
489 3258 626 3324 Υἱὸς
654 3257 760 3312 τοῦ
787 3257 934 3311 Θεοῦ
955 3257 1060 3311 τοῦ
1077 3255 1289 3322 ζῶντος
1308 3274 1321 3286 ·
1352 3256 1381 3309 ὃ
1398 3257 1734 3327 σημειωτέον

169 3352 297 3405 κατά
325 3369 382 3405 τε
407 3349 799 3413 Βασιλειανῶν,
827 3350 923 3403 καὶ
950 3348 1350 3422 Νεστοριανῶν,
1388 3349 1482 3402 καὶ
1502 3349 1737 3402 Παυλια-

170 3443 348 3497 νιστῶν
365 3483 380 3508 ,
408 3444 506 3497 καὶ
538 3442 650 3496 τῶν
671 3442 891 3513 ὁμοίων.

232 3536 416 3604 Ὅπως
444 3537 544 3590 ἄν.
585 3532 800 3598 Καθὼς.

239 3627 615 3699 Ἱεραρχικῶς.
663 3627 1066 3697 Ἀσφαλέστατα
1116 3626 1208 3680 ἐπὶ
1248 3624 1456 3680 τούτων
1507 3622 1629 3679 εἶπε
1674 3626 1736 3679 τὸ

171 3719 507 3792 ίεραρχικῶς.

234 3812 260 3884 ς
290 3812 422 3868 VIII.
455 3813 870 3882 Θεοτενεσίαν,
905 3813 1016 3881 πρὸ
1046 3811 1326 3866 τοῦ.-”Οτι
1362 3813 1457 3866 ἐπὶ
1490 3813 1588 3883 μὲν
1624 3812 1734 3865 τῶν

175 3902 568 3976 βαπτιζομένων
607 3903 823 3975 πρῶτόν
857 3905 973 3957 ἐστι
1011 3903 1075 3958 τὸ
1113 3902 1267 3972 ἅγιον
1311 3902 1518 3957 ἔλαιον·
1555 3905 1648 3957 ἐπὶ
1677 3903 1734 3957 δὲ

172 3994 266 4048 τῶν
287 3995 702 4068 κεκοιμημένων
729 3995 1052 4050 τελευταῖον.

235 4087 340 4141 Kal
365 4089 500 4142 τότε
526 4086 664 4156 μέν.
697 4087 796 4141 Διὰ
814 4087 866 4141 τί
894 4090 928 4160 ὴ
957 4089 1053 4142 τοῦ
1084 4088 1264 4143 ἐλαίου
1295 4090 1475 4162 χρίσις
1504 4091 1597 4145 ἐπὶ
1626 4090 1736 4145 τῶν

176 4178 596 4254 βαπτιζομένων,
626 4182 722 4236 καὶ
749 4180 837 4235 διὰ
866 4181 918 4235 τί
939 4183 1032 4236 ἐπὶ
1056 4181 1164 4236 τῶν
1193 4183 1626 4254 κεκοιμημένων.

237 4271 372 4344 §IX.
416 4274 584 4328 Μετά
623 4273 729 4328 τοῦ
760 4276 1073 4344 σφετέρου.
1110 4274 1229 4328 Ὅτι
1278 4274 1515 4346 ἑκάστης
1559 4274 1737 4346 ψυχῆς

177 4362 293 4418 [διον
322 4365 483 4438 σῶμα
527 4365 784 4438 ὑπάρχει,
836 4367 954 4438 μεθ’
982 4358 1044 4420 οῦ
1090 4367 1185 4421 καὶ
1223 4366 1324 4431 τὰς
1353 4367 1737 4433 ἀνταποδόσεις

174 4457 463 4527 κομίζεται·
493 4458 576 4512 διὸ
598 4459 690 4512 καὶ
709 4459 945 4532 ἑκάτερα
980 4459 1196 4532 μετέχει
1224 4460 1333 4515 τῶν
1357 4462 1732 4535 ἀγιασμάτων·

174 4548 303 4602 κατὰ
319 4549 499 4603 κοινοῦ
531 4549 590 4604 δὲ
619 4550 680 4603 τὸ
705 4550 926 4621 ἀμφοῖν
954 4551 1238 4620 δωρεῖται.

240 4643 561 4712 Θεαρχικὰς
615 4644 944 4710 κοινωνίας.
1004 4644 1138 4698 Θεία
1197 4645 1524 4718 θεσμοθεσία
1556 4641 1736 4714 δηλονι

177 4737 268 4790 ότι.

243 4826 348 4880 ην
369 4826 519 4882 ὅλον
549 4825 882 4895 ἄνθρωπον.
914 4829 1226 4900 Σημείωσαι
1264 4829 1345 4882 ὅτι
1377 4829 1496 4883 ὅλον
1525 4827 1736 4901 ἄνθρω-

177 4933 266 4969 πον
295 4919 450 4972 καλεῖ
478 4919 573 4972 τὸν
601 4919 667 4972 ὲκ
688 4919 790 4990 τῆς
820 4922 1013 4993 νοερᾶς
1032 4919 1210 4992 ψυχῆς
1241 4921 1336 4975 καὶ¹
1361 4920 1633 4993 σώματος,
1655 4921 1732 4987 ὡς

175 5004 310 5077 δηλοῖ
335 5011 395 5063 τὸ
421 5011 493 5064 ἐν
521 5007 748 5079 καθαρᾷ
776 5013 984 5080 θεωρίᾳ
1022 5012 1120 5066 καὶ
1156 5012 1454 5082 ἐπιστήμῃ
1472 5030 1486 5042 ·
1518 5013 1613 5068 καὶ
1653 5015 1736 5068 ὅτι

176 5097 348 5170 δλικήν
389 5118 520 5172 φησι
552 5101 826 5174 σωτηρίαν
856 5103 956 5174 τῆς
987 5103 1168 5174 ψυχῆς
1206 5103 1301 5157 καὶ
1331 5102 1426 5157 τοῦ
1458 5103 1736 5175 σώματος’

1835 3285 1890 3324 es
1941 3268 2181 3324 Christus
2205 3269 2382 3324 Filius
2421 3268 2516 3323 Dei
2565 3269 2664 3323 vivi
2697 3268 2762 3322 8:
2796 3265 2946 3338 quod
2987 3265 3288 3320 notandum
3328 3271 3416 3319 est

1836 3369 2028 3416 contra
2055 3361 2378 3426 Basilianos,
2411 3371 2464 3417 et
2490 3360 2871 3430 Nestorianos,
2913 3367 2968 3414 et
3019 3353 3413 3421 Paulianistas,

1835 3461 1890 3508 et
1922 3454 2149 3511 similes.

1911 3546 2098 3610 Ὅπως
2126 3546 2210 3600 ἄν.
2240 3545 2545 3614 Quatenus.

1910 3634 2268 3692 Hierarchice.
2307 3635 2668 3694 Securissime
2706 3636 2760 3690 in
2791 3635 2879 3691 his
2898 3634 3034 3690 dixit
3063 3630 3410 3706 ἱεραρχικῶς.

1911 3812 1939 3885 §
1970 3811 2105 3868 VIII.
2151 3813 2217 3869 In
2248 3816 2425 3884 prima
2454 3815 2554 3870 illa
2601 3816 3008 3887 regeneratione.
3045 3814 3202 3883 Quod
3250 3815 3307 3870 in
3346 3815 3416 3870 iis

1836 3905 1931 3973 qui
1981 3905 2350 3974 baptizantur,
2399 3907 2634 3976 primum
2682 3906 2754 3962 sit
2799 3914 3052 3962 sanctum
3094 3907 3311 3972 oleum;
3356 3907 3413 3960 in

1836 3997 2069 4052 mortuis
2101 4005 2304 4061 autem,
2338 4007 2696 4068 postremum.

1908 4087 1977 4141 Et
1994 4098 2103 4142 tum
2117 4089 2344 4159 quidem.
2377 4087 2610 4159 Propter
2637 4088 2767 4159 quid
2797 4088 2984 4143 unctio
3009 4087 3113 4143 olei
3137 4088 3194 4142 in
3217 4087 3284 4144 iis
3319 4089 3411 4159 qui

1836 4179 2201 4250 baptizantur,
2233 4187 2288 4235 et
2319 4187 2544 4251 propter
2563 4180 2694 4252 quid
2722 4182 2777 4235 in
2803 4180 3057 4236 mortuis.

1911 4271 1937 4344 §
1969 4271 2062 4331 IX.
2089 4271 2221 4327 Cum
2252 4275 2385 4328 suis.
2417 4271 2575 4339 Quod
2613 4269 3048 4342 uniuscujusque
3076 4269 3182 4341 91
3218 4271 3422 4325 animm

1838 4365 2116 4435 proprium
2145 4364 2218 4418 sit
2241 4379 2467 4435 corpus,
2493 4378 2618 4418 cum
2650 4378 2759 4434 quo
2787 4369 2842 4416 et
2863 4361 3251 4416 retributiones
3276 4359 3415 4422 fert;

1839 4457 2070 4527 ideoque
2102 4463 2334 4526 utraque
2363 4455 2692 4526 participant
2735 4451 2802 4509 de
2846 4452 3412 4511 sanctiﬁcationibus:

1762 4524 1816 4585 θ
1841 4524 2275 4607 subaudiendum
2296 4524 2429 4606 vero
2457 4548 2595 4604 illud
2629 4569 2643 4604 :
2680 4548 2916 4619 utrisque
2936 4545 3187 4601 donatur.

1907 4642 2125 4697 Divinas
2149 4643 2669 4697 communicationes.
2704 4639 2957 4694 Divinum
2986 4638 3194 4694 scilicet
3223 4636 3415 4692 decre-

1836 4740 1977 4791 tum.

1911 4827 2100 4880 Totum
2121 4825 2401 4881 hominem.
2432 4823 2572 4880 Nota
2622 4823 2769 4895 quod
2803 4829 2979 4877 totum
3011 4820 3288 4877 hominem
3316 4834 3416 4873 vo-

1833 4929 2063 4974 cet-eum
2095 4919 2189 4989 qui
2241 4925 2457 4974 constat
2490 4934 2558 4974 ex
2597 4917 2937 4987 intelligente
2967 4916 3172 4977 animo,
3204 4919 3259 4976 et
3283 4925 3413 4966 cor-

1835 5026 1996 5082 pore;
2029 5018 2090 5065 ut
2119 5010 2360 5066 declarat
2406 5010 2562 5075 illud,
2602 5011 2656 5064 in
2705 5025 2841 5079 pura
2890 5006 3329 5076 contemplatione
3360 5013 3413 5056 et

1839 5104 2093 5167 scientia;
2125 5113 2178 5158 et
2205 5101 2351 5172 quod
2384 5103 2607 5156 totalem
2666 5101 2803 5156 dicit
2833 5101 3088 5165 salutem,
3136 5099 3330 5152 anima:
3359 5103 3416 5150 et

178 5187 256 5243 διὰ
279 5192 431 5246 τοῦτο
457 5193 514 5246 δὲ
545 5193 718 5248 ταῦτα
749 5193 828 5248 δεῖ
856 5194 1285 5266 σημειώσασθαι,
1322 5197 1429 5260 ἵνα,
1461 5197 1590 5250 ὅταν
1612 5198 1733 5268 εἴπῃ

1864 5196 2105 5265 :orporis.
2142 5193 2369 5265 Propter
2419 5194 2535 5248 hate
2581 5201 2764 5248 autem
2799 5194 2902 5249 hoc
2960 5188 3260 5246 notandum
3293 5195 3410 5252 est,

180 5281 230 5332 ὲν
267 5284 466 5356 ἑτέροις
493 5285 694 5354 λόγοις,
720 5285 936 5354 ὀλικῶς
963 5287 1328 5356 οὐσιωθῆναι
1354 5288 1460 5342 τὸν
1493 5289 1744 5356 ὑπερθύ-

255 5490 490 5550 ίΜοιιΙι.
526 5511 642 5561 xw,
674 5493 761 5550 I9.
842 5496 866 5535 ⁸
911 5489 1040 5548 Ibid.
1069 5485 1158 5545 16.

1844 5294 1903 5341 ut
1920 5285 2139 5355 quando
2159 5285 2360 5342 dixerit
2376 5284 2432 5340 in
2450 5285 2572 5343 aliis
2592 5285 2969 5342 sermonibus:
2989 5281 3226 5343 totalitsr
3241 5296 3412 5337 esse»
3461 5353 3467 5359 _

1092 5672 1326 5730 VARI/IS
1357 5661 1738 5730 LECTIONES
1776 5672 1862 5729 ET
1898 5667 2452 5732 CORRECTIONES.

247 5847 288 5886 δ’
304 5853 390 5925 ἀφ’
423 5849 514 5913 ὧν.
