3872 6598
449 399 562 456 185

1245 394 1580 450 APPENDIX
1613 394 1704 448 AD
1737 393 1966 448 OPERA
1999 395 2058 450 S.
2093 391 2387 451 DIONYSII
2419 391 2899 448 AREOPAGITIE.

3575 394 3674 449 188

457 516 586 568 tiam
634 511 894 580 accepisse
947 511 1430 580 superessentiaiem
1485 508 1668 564 Iesum
1727 511 2010 564 secundum

2145 525 2248 562 ἰον
2288 510 2519 577 Ἰησοῦν
2547 508 2674 562 καθ’
2701 508 2876 578 ἡμᾶς,
2918 507 3115 578 νοήσῃς
3158 508 3224 560 ἐκ
3261 507 3436 579 ψυχῆς
3481 511 3678 582 νοερᾶς

455 621 549 659 nos
579 618 599 656 :
648 603 914 672 intelligas
939 617 1005 657 ex
1039 602 1228 657 animo
1253 610 1306 657 et
1355 617 1584 673 corpore
1613 603 2013 657 inhumanatio-

455 711 577 751 nem
585 735 600 748 .

528 781 556 853 ᾗ
587 780 653 837 Χ.
685 779 1116 835 Εοηεοοναίονὶαε
1152 781 1532 846 invocationes,
1575 779 1669 836 Gr.
1696 780 2013 844 τελεστικὰς

453 873 780 943 ιπικλήσεις.
813 870 955 924 Dicit
984 870 1298 934 τελεστικὰς
1324 871 1636 942 ἐπικλήσεις
1671 873 2013 941 precationes

453 961 510 1015 in
536 961 898 1016 ordinatione.
931 958 1071 1014 Nota
1107 976 1259 1024 vero,
1288 977 1456 1030 quare
1493 961 1592 1016 has
1633 961 1748 1015 sive
1794 967 2012 1016 sanctas

455 1050 827 1106 invocationes
845 1057 901 1106 et
929 1051 1278 1120 operationes
1308 1051 1559 1105 tacuerit.

525 1140 554 1210 §
581 1139 672 1193 X1.
699 1139 923 1210 Eﬁ‘erre,
955 1140 1050 1196 Gr.
1080 1139 1310 1210 ἐξάγειν.
1336 1142 1641 1198 Publicare.
1725 1127 1732 1134 ’

525 1231 763 1300 Infantes
797 1231 1035 1287 necdum.
1060 1231 1194 1285 Nota
1224 1233 1352 1302 quid
1384 1233 1529 1287 dicat
1551 1231 1710 1288 Pater
1736 1233 1802 1288 de
1829 1235 2013 1301 pueris

451 1323 818 1393 baptizandis.
852 1322 978 1377 Haec
1012 1331 1193 1378 autem
1233 1331 1291 1376 ut
1327 1325 1679 1394 interrOganti
1707 1332 1896 1378 sancto
1921 1323 2013 1377 Ti-

454 1413 672 1468 motheo
735 1414 976 1482 scripsit,
1030 1421 1088 1467 ut
1135 1413 1480 1469 manifestum
1535 1415 1614 1477 sit
1658 1415 1802 1483 quod
1847 1415 2013 1469 etiam

455 1505 660 1572 priora,
690 1513 743 1559 et
771 1505 906 1558 alios
931 1505 1100 1558 libros
1127 1504 1193 1558 ad
1215 1503 1612 1576 interrogantes
1640 1506 1941 1577 scripserit.

525 1679 718 1735 Sacras
745 1681 1071 1737 traditiones.
1094 1683 1248 1749 Quod
1272 1692 1325 1738 et
1350 1691 1464 1738 tum
1492 1683 1694 1752 fuerint
1723 1685 2016 1742 irridentes

455 1772 682 1841 mystica
712 1782 919 1835 nostra,
958 1783 1014 1827 ut
1035 1775 1197 1828 etiam
1229 1775 1374 1845 quod
1409 1774 1646 1831 infantes
1674 1776 2016 1846 baptizaren-

2112 601 2204 654 καὶ
2237 600 2487 672 σώματος
2512 601 2612 672 τὴν
2640 598 3065 671 ὲνανθρώπησιν.

2181 772 2306 843 με.
2359 773 2706 839 Τελεστικὰς
2747 771 3114 838 ἐπικλήσεις.
3167 771 3492 837 Τελεσιθικὰς
3548 776 3677 829 ἑπι-

2111 867 2331 935 κλήσεις
2376 866 2506 935 φησι
2548 865 2645 928 τὰς
2701 865 2793 917 ἐπὶ
2829 865 2928 935 τῆς
2962 865 3292 936 χειροτονίας
3334 865 3518 936 εὐχάς.
3565 867 3674 938 Ση-

2115 957 2342 1027 μείωσαι
2367 955 2422 1010 δὲ
2449 956 2534 1009 διὰ
2566 955 2621 1008 τι
2652 956 2873 1018 ταύτας,
2901 956 3019 1026 ἦτοι
3055 955 3154 1018 τὰς
3175 957 3335 1023 ἁγίας
3359 957 3677 1028 ἐπικλήσεις

2111 1049 2205 1101 καὶ
2231 1048 2328 1110 τὰς
2342 1047 2618 1119 ἐνεργείας
2648 1047 2973 1119 ἐσιώπησεν.

2197 1139 2251 1190 Ἐ
2254 1137 2474 1206 ξάγειν.
2499 1140 2571 1208 Δη
2579 1137 2869 1208 μοσιεύειν.

2183 1229 2210 1300 §
2235 1228 2326 1283 XI.
2357 1230 2579 1295 Παῖδας
2607 1231 2787 1283 οὔπω.
2819 1230 3127 1300 Σημείωσαι
3153 1230 3206 1283 τί
3238 1248 3402 1301 φησιν
3428 1233 3456 1286 ὁ
3482 1232 3678 1305 Πατὴρ

2113 1322 2240 1392 περὶ
2265 1320 2358 1374 τοῦ
2391 1320 2460 1373 τὰ
2485 1320 2655 1391 βρέφη
2686 1312 3056 1391 βαπτίζεσθαι.
3079 1321 3261 1374 Ταῦτα
3288 1323 3344 1374 δὲ
3369 1323 3445 1385 ὡς
3472 1325 3677 1394 ἐρωτή-

2115 1430 2265 1466 σαντι
2293 1413 2370 1484 τῷ
2401 1414 2539 1484 ἁγίῳ
2561 1413 2808 1484 Τιμοθέῳ
2838 1413 3092 1483 ἔγραψεν,
3119 1414 3194 1478 ὡς
3225 1410 3362 1469 sim:
3387 1416 3568 1486 δῆλον,
3597 1419 3678 1470 ἴκτι

2113 1507 2205 1559 καὶ
2222 1505 2291 1558 τὰ
2318 1506 2556 1577 πρότερα
2583 1507 2816 1569 καὶτοὺς
2834 1506 3023 1568 ἄλλους
3049 1505 3238 1574 λόγους
3262 1507 3398 1580 πρὸς
3428 1507 3676 1578 ἐρωτῶν-

2113 1614 2212 1660 τας
2242 1596 2466 1668 ἔγραφε.

2189 1687 2299 1753 Τὰς
2343 1688 2503 1754 ἱερὰς
2550 1687 2928 1756 παραδόσεις.
2977 1689 3096 1742 ’Ότι
3134 1690 3227 1742 καὶ
3269 1689 3393 1743 τότε
3439 1685 3586 1762 ἦσαν
3629 1693 3679 1745 οἱ

2118 1778 2456 1842 σκώπτοντες
2495 1778 2563 1832 τὰ
2606 1779 2841 1850 μυστικὰ
2882 1780 3058 1850 ἡμῶν,
3087 1780 3161 1845 ὼς
3189 1781 3372 1835 καὶτὰ
3401 1784 3532 1855 περὶ⁵
3571 1783 3678 1836 τῶν

456 1869 567 1925 tur,
601 1862 798 1931 quibus
831 1863 980 1933 loqui
1017 1881 1123 1918 non
1152 1844 1480 1928 valentibus,
1525 1844 1814 1922 offerentes
1840 1868 2010 1937 ipsos,

2145 1870 2518 1941 απτιζομένων
2552 1871 2772 1935 παίδων,
2799 1864 2874 1924 ὧν
2905 1872 2978 1942 μὴ
3006 1873 3312 1943 δυναμένων
3344 1871 3597 1941 λαλῆσαι,
3623 1873 3668 1923 οξ

455 1952 839 2006 abrenuntiant
871 1969 970 2023 pro
1012 1954 1180 2025 ipsis,
1230 1962 1283 2011 et
1316 1957 1373 2011 in
1415 1957 1658 2012 ordinem
1691 1967 2015 2027 cooptantur

459 2040 771 2115 [symbola].
804 2042 880 2098 De
906 2059 1014 2114 qua
1053 2045 1308 2100 irrisione
1336 2054 1548 2116 purgat,
1584 2062 1883 2116 apponens,
1911 2067 2015 2104 non

457 2134 633 2185 omnia
678 2134 916 2188 omnibus
957 2146 1102 2191 nota.
1148 2136 1284 2190 Nota
1325 2146 1504 2192 autem
1547 2119 1818 2208 quomodo
1853 2140 2013 2195 etiam

457 2223 632 2293 angeli
663 2227 830 2278 multa
863 2226 1133 2297 ignorent.

528 2316 659 2381 Qua:
685 2330 1089 2388 cognoscuntur,
1120 2319 1213 2374 Gr.
1247 2321 1562 2392 ὲπιστητάς.
1595 2321 1876 2393 Cognitas,
1918 2338 2013 2379 seu

455 2421 575 2475 qua”:
603 2419 1029 2478 cognoscuntur.

527 2499 842 2553 Aiuntenim
867 2501 1026 2572 quod.
1050 2501 1188 2558 Nota
1216 2506 1490 2575 quomodo
1506 2506 1714 2576 accepit
1734 2522 1801 2562 ex
1827 2507 1894 2563 iis
1925 2509 2018 2579 qui

458 2598 855 2658 prtecesserunt
882 2593 1080 2662 ipsum,
1103 2594 1169 2650 de
1199 2598 1404 2664 pueris.

530 2680 981 2744 lnatitutionibus,
1009 2684 1100 2741 Gr.
1131 2689 1518 2760 καθηγεμόσιν.
1541 2689 1715 2747 Duces
1745 2691 2020 2762 apostolos

459 2776 613 2830 dicit.

529 2869 678 2924 Bono
703 2869 900 2925 divina.
918 2869 1053 2926 Nota
1084 2873 1171 2926 cui
1199 2873 1446 2928 tradatur
1471 2891 1606 2944 puer
1632 2890 1661 2928 a
1682 2875 2018 2945 parentibus,

2112 1963 2512 2033 προσφέροντες
2548 1962 2746 2026 αὐτοὺς
2785 1963 2830 1994 ’⁵⁸
2859 1964 3254 2018 ἀποτάσσονται
3291 1964 3432 2036 ὑπὲρ
3475 1962 3678 2027 αὐτῶν,

2115 2053 2208 2106 καὶ
2239 2053 2619 2106 συντάσσονται
2653 2052 2744 2125 [τὰ
2771 2053 3054 2126 «ageam-
3082 2055 3206 2125 περὶ
3235 2054 3328 2107 τοῦ
3351 2053 3680 2125 σκώμματος

2114 2147 2480 2216 ἀπολογεῖται,
2502 2147 2829 2218 προστιθεὶς,
2847 2147 2929 2200 ὅτι
2944 2148 3016 2200 οὐ
3037 2146 3231 2200 πάντα
3247 2145 3397 2201 πᾶσι
3417 2144 3676 2215 τνωστά.

2116 2239 2427 2310 Σημείωσαι
2453 2239 2509 2292 δὲ
2529 2237 2605 2302 ὡς
2621 2239 2716 2291 καὶ
2742 2238 2790 2291 οἱ
2821 2238 3038 2307 ἄγγελοι
3075 2238 3241 2292 πολλὰ
3260 2238 3546 2306 ἀγνοοῦσιν
3575 2238 3644 2292 δ’.

2199 2329 2563 2398 Ἐπιστητάς.
2605 2330 2951 2401 Ἐπιστητὰς,
2981 2330 3098 2402 ἦτοι
3123 2328 3553 2400 γινωσκομὲναις.

2188 2503 2341 2558 Φασὶ
2357 2503 2467 2572 γὰρ
2489 2503 2652 2570 ὅπερ.
2676 2502 2986 2574 Σημείωσαι
3013 2502 3130 2566 πῶς
3157 2500 3464 2574 παρέλαϐεν
3492 2501 3558 2554 ὲκ
3576 2499 3679 2554 iw

2119 2597 2226 2668 πρὸ
2253 2595 2415 2649 αὐτοῦ
2437 2595 2564 2666 περὶ
2594 2593 2702 2647 τῶν
2732 2594 2956 2648 παίδων.

2187 2686 2616 2755 Καθηγεμόσιν.
2635 2685 3026 2756 Καθηγεμόνας
3052 2686 3178 2748 τοὺς
3210 2683 3544 2747 ἀποστόλους
3573 2699 3680 2754 φη-

2124 2779 2227 2833 σίν.

2205 2871 2416 2940 Ἀγαθῷ
2461 2871 2532 2924 τὰ
2565 2869 2709 2925 θεῖα.
2755 2869 3063 2941 Σημείωσαι
3114 2867 3220 2922 τίνι
3268 2867 3624 2940 παραδίδοται
3653 2867 3681 2917 ὅ

460 2961 679 3027 quando
717 2962 1023 3033 baptizatus
1050 2963 1233 3029 fuerit,
1280 2966 1537 3020 nimirum
1568 2969 1893 3037 susceptori,
1927 2971 2010 3038 qui

2145 2967 2250 3028 ταῖς
2278 2965 2383 3017 ὑπὸ
2419 2963 2526 3016 τῶν
2554 2963 2782 3031 γονέων,
2819 2963 2946 3015 ὅταν
2987 2960 3286 3032 βαπτισθῇ,
3326 2959 3407 3013 ὅτι
3443 2958 3683 3028 ἀνοδόχῳ

458 3049 641 3105 divina
667 3052 939 3117 didicerit,
972 3055 1038 3109 ad
1067 3071 1280 3113 sacram
1312 3057 1750 3114 instructionem.

529 3141 747 3200 Ducem.
797 3143 935 3200 Nota
994 3148 1139 3216 quod
1203 3157 1256 3202 et
1315 3165 1634 3220 sponsorem
1697 3150 2020 3221 magistrum

463 3243 634 3288 vocet.

535 3323 904 3383 Exsistentcm.
927 3327 1102 3389 Vitam
1131 3331 1355 3386 scilicet.

2127 3056 2458 3126 μεμνημένῳ
2487 3055 2555 3108 τὰ
2581 3054 2697 3108 θεῖα
2716 3055 2852 3125 πρὸς
2877 3053 3165 3122 ἀναγωγὴν
3195 3050 3368 3123 ἱεράν.

2190 3151 2592 3219 Καθηγεμόνα.
2624 3147 2931 3221 Σημείωσαι
2959 3147 3040 3199 ὅτι
3067 3145 3160 3200 καὶ
3186 3144 3276 3199 τὸν
3307 3142 3566 3214 ἀνάδοχον
3592 3153 3684 3198 rd-

2053 3231 2096 3288 C
2132 3240 2403 3312 θηγεμόνα
2428 3241 2599 3294 καλεῖ.

2200 3333 2587 3403 Γιγνομένην.
2611 3334 2721 3404 Τὴν
2748 3334 2891 3406 ζωὴν
2913 3332 3177 3403 δηλονότι.

1819 3491 1994 3546 Finis.
2029 3489 2170 3545 Laus
2200 3491 2308 3546 Deo

1373 3646 1607 3702 VARUE
1649 3647 2028 3704 LECTIONES
2074 3649 2162 3704 ET
2195 3645 2742 3705 CORRECTIONES.

531 3799 575 3830 “
601 3801 754 3856 αὑτά.
835 3800 878 3832 ⁸⁸
905 3802 986 3856 ὅτι
1034 3803 1162 3874 ἡμῖν
1188 3803 1399 3868 πάντως
1426 3806 1487 3858 οὗ
1517 3806 1690 3862 πάντα
1720 3807 1953 3873 γνωστὰ.
