3872 6596
105 387 210 442 185
844 389 901 446 S.
943 391 1194 448 MAXIM!
1234 391 1525 450 SCHOLIA
1557 394 1626 449 1N
1657 393 1789 452 LIB.
1831 395 1922 450 DE
1955 394 2208 454 DiVlNlS
2243 395 2641 454 NOMINIBUS.
3277 398 3380 454 186

553 681 994 857 ΤΟΥ
1069 683 1811 861 ΑΥΤΟΥ
1881 675 2964 865 ΜΑΞΙΜΟΥ

1452 965 2091 1102 ΣΧΟΛΙΑ

824 1251 997 1336 ΕΙΣ
1071 1254 1219 1338 ΤΟ
1292 1253 1549 1338 ΠΕΡΙ
1602 1251 1950 1342 ΘΕΙΩΝ
2005 1248 2658 1344 ΟΝΟΜΑΤΩΝ.

1705 1445 1777 1457 —

926 1598 1646 1729 EJUSDEM
1721 1599 1848 1728 S.
1930 1596 2530 1726 MAXIMI

603 1859 730 1949 IN
818 1857 1284 1949 LIBRUM
1358 1857 1506 1978 DE
1586 1857 2078 2006 DIVINIS.
2135 1855 2826 1951 NOMINIBUS

1437 2009 2066 2176 SCHOLIA.

930 2268 1115 2328 Petro
1146 2262 1478 2326 Lansselio
1512 2278 1547 2323 e
1584 2260 1900 2324 Societate
1934 2261 2093 2322 Jesu
2123 2260 2531 2342 interprete..

234 538 3349 574 ΨΜ

169 2521 252 2594 §l.
295 2521 727 2592 Ἀρεοπαγίτου.
753 2521 872 2574 Ὅτι
894 2519 961 2575 τὰ
986 2520 1345 2593 γνωρίσματα
1363 2521 1507 2590 ἆπερ
1526 2513 1670 2589 εἶχον
1702 2503 1749 2557 Α
1845 2524 1848 2572 ε

1845 2513 1952 2583 92
1984 2512 2009 2584 §
2040 2513 2083 2568 l.
2117 2512 2467 2584 Areopagitw.
2499 2513 2649 2579 Quos
2679 2515 2808 2569 olim
2851 2521 3031 2579 sancti
3063 2535 3188 2575 cum
3228 2536 3367 2593 gen-

110 2615 352 2686 Ἕλληνες
390 2616 468 2668 ἔτι
502 2617 655 2679 ὄντες
682 2615 730 2667 οἱ
765 2614 928 2667 πάλαι
959 2614 1124 2683 ἆγιοι,
1161 2613 1256 2666 καὶ
1291 2613 1429 2683 μετὰ
1464 2612 1524 2665 τὸ
1553 2613 1673 2664 ὲπι-
1776 2606 1848 2659 liii

1776 2606 1900 2660 tiles
1924 2605 2104 2659 adhuc
2122 2605 2584 2661 vivebanttitulos
2604 2607 2929 2673 habuerant,
2953 2610 3174 2665 eosdem
3197 2614 3364 2668 etiam

109 2711 320 2781 στρέψαι
341 2710 478 2781 πρὸς
505 2709 739 2780 Χριστὸν
759 2707 1198 2780 ἀνερυθριάστως
1225 2707 1532 2776 ἐπέγραφον
1555 2706 1676 2756 ὲαυ-
1775 2713 1806 2750 a
1830 2712 1848 2752 (

1775 2713 1806 2750 a
1830 2697 2190 2752 conversione
2223 2697 2290 2750 ad
2313 2696 2622 2763 Christum,
2656 2699 2760 2754 sibi
2792 2701 2911 2755 sine
2941 2703 3142 2759 rubore
3183 2706 3361 2759 ascri-

105 2806 233 2864 τοίςο
271 2802 377 2856 ἰδοὺ
397 2803 507 2871 γὰρ
549 2801 943 2874 Ἀρεοπαγίτην
966 2799 1320 2870 ἐπωνόμασεν
1350 2797 1563 2859 ἑαυτὸν,
1596 2795 1672 2858 ὡς
1774 2789 1848 2844 bel

1774 2789 2001 2857 bebant;
2035 2805 2163 2845 ecce
2192 2790 2338 2844 enim
2370 2792 2615 2860 seipsum
2672 2791 3057 2864 AreOpagitam
3109 2797 3363 2866 agnomi-

107 2894 188 2946 καὶ
213 2894 241 2946 ό
268 2893 408 2957 θεῖος
447 2896 730 2956 Ἰουστῖνος
777 2894 834 2945 ὲν
872 2892 948 2963 τῷ
979 2892 1136 2960 Πρὸς
1167 2892 1470 2958 ’Έλληνας
1503 2888 1668 2959 λόγῳ,
1724 2955 1740 2973 .
1771 2895 1848 2936 na

1771 2883 1956 2945 navit,
2034 2882 2496 2952 quemadmodum
2554 2881 2775 2939 divinus
2834 2900 3054 2955 quoque
3105 2885 3360 2943 Justinus

116 2986 433 3041 Ἰουστίνου
468 2989 827 3057 φιλοσόφου.
1728 2972 1736 2973 ί
1770 2973 1848 3027 Ad

1770 2973 2036 3028 Adversus
2072 2972 2280 3029 ercos
2306 3015 2321 3040 ,
2342 2973 2556 3030 Josrtm
2581 2975 2902 3031 PalLosorm
2931 2977 3131 3032 librum
3165 2980 3367 3036 inscri-

1809 3068 1900 3122 sit.

1466 3096 1486 3110 ι-
1809 3083 1848 3122 Sl

168 3166 686 3236 Συμπρεσϐυτέρῳ.
720 3166 844 3219 Ὅτι
870 3164 930 3217 τὸ
961 3163 1054 3218 τοῦ
1085 3144 1459 3236 πρεσϐυτέρου
1497 3164 1669 3234 ὄνομα
1771 3083 1806 3137 p
1843 3172 1848 3208 ι

1809 3083 1900 3122 su.

1771 3083 1806 3137 Ρ
1843 3158 2296 3231 Compresbytero.
2313 3159 2520 3216 Nomen
2542 3162 2846 3233 presbyteri
2873 3163 3192 3234 episcopum
3215 3179 3356 3235 quo-

109 3259 188 3310 καὶ
211 3259 296 3310 τὸν
326 3257 623 3311 ἐπίσκοπον
655 3257 831 3328 δηλοῖ·
864 3256 1164 3316 ἐπίσκοπος
1183 3255 1237 3309 δὲ
1260 3256 1353 3308 καὶ
1378 3257 1405 3308 ὁ
1437 3255 1668 3327 πρεσΰύ-
1768 3267 1848 3323 qun

1768 3267 1875 3323 que
1905 3252 2186 3323 designat;
2205 3253 2494 3323 episcopus
2519 3261 2700 3310 autem
2726 3262 2780 3309 et
2805 3256 3095 3327 presbyter
3112 3263 3216 3311 est.
3245 3255 3360 3311 Hoc

107 3362 271 3417 τερος⁸
303 3348 398 3400 καὶ
425 3347 584 3400 τοῦτο
608 3345 860 3418 δηλοῦται
890 3349 946 3399 ὲν
961 3349 1079 3410 ταῖς
1103 3345 1342 3418 Πράξεσι
1373 3346 1480 3399 τῶν
1499 3346 1667 3415 ἁγίων
1767 3345 1848 3399 ἀει

1767 3345 2079 3399 declaratur
2097 3345 2150 3398 in
2165 3345 2319 3400 Actis
2341 3351 2656 3400 sanctorum
2683 3348 3078 3417 apostolorum,
3101 3348 3194 3404 ubi
3216 3347 3364 3404 Pau-

109 3439 418 3505 ἀποστόλων,
465 3439 594 3493 ἔνθα
625 3440 683 3493 ἐν
733 3440 891 3512 Ἀσίᾳ
921 3438 1277 3492 συντάσσεται
1317 3442 1438 3503 ταῖς
1469 3438 1666 3510 ἐκκλη-
1768 3436 1848 3491 lus

1768 3436 1854 3491 lus
1878 3436 1933 3490 in
1953 3435 2079 3492 Asia
2109 3435 2229 3505 ejus
2253 3437 2500 3492 ecclesiis
2525 3437 2706 3509 aliqua
2739 3438 3068 3509 praescribit.

111 3532 232 3596 σίαις
257 3533 469 3603 αὑτῆςὸ
499 3532 730 3596 Παῦλος.
1030 3573 1039 3586 .

557 3644 668 3697 ΕΙΣ
704 3644 793 3696 ΤΟ
836 3641 1082 3697 ΚΕΦΑΛ.
1123 3644 1200 3694 Αν.

1915 3631 1920 3640 ⁴
2338 3631 2407 3686 ῙΝ
2444 3631 2599 3688 CAP.
2640 3632 2683 3689 Ι.

170 3736 533 3808 Θεολογικὰς.
590 3735 902 3808 Σημείωσαι
960 3735 1042 3788 ὃτι
1091 3735 1254 3806 ἑτέρα
1312 3734 1663 3804 πραγματεία
1837 3724 1848 3779 ἶ

1837 3723 2205 3796 Theologicas.
2222 3723 2384 3791 Nota,
2405 3726 2572 3779 alium
2595 3726 2884 3796 quemdam
2907 3726 3110 3782 librum
3139 3742 3170 3781 a
3195 3724 3358 3783 Patre

110 3833 382 3904 πεπόνηται
409 3832 489 3904 τῷ
508 3832 686 3904 Πατρὶ¹
705 3830 870 3884 οἱονεὶ
891 3829 1276 3902 προεισαγωγή
1306 3846 1390 3892 τις
1413 3830 1507 3882 καὶ⁹
1526 3846 1660 3900 προ-
1699 3883 1735 3904 η
1764 3817 1846 3873 €13

1764 3817 2127 3881 elaboratum,
2176 3817 2343 3872 veluti
2391 3818 2902 3887 praainductionem,
2950 3825 3006 3873 et
3053 3819 3352 3873 elementa-

110 3883 340 3998 θεωρίτὺο
367 3883 717 3996 στοὶχειώόης
740 3923 850 3977 τῶν
885 3883 1013 3990 περὶ
1039 3921 1174 3976 Θεοῦ
1197 3883 1395 3986 ὲνιταίς
1423 3883 1661 3994 γραφιαῖς
1695 3883 1735 3938 Β
1765 3907 1846 3960 ria

1765 3907 1902 3960 riam
1936 3907 2461 3978 praameditationem
2494 3923 2685 3962 eorum
2714 3923 2834 3978 qua:
2859 3909 3094 3978 sparsim
3117 3909 3172 3963 in
3203 3910 3353 3963 Seri-

111 4019 354 4090 σποράδην
371 4018 701 4089 εἰρημένωνο
731 4016 1159 4087 ἧτοιὲπίμνησις
1176 4010 1244 4085 ἦν
1272 4009 1490 4086 ἧστινος
1519 4013 1660 4067 κατὰ

1764 4001 1940 4068 pturis
1985 4000 2052 4054 de
2077 3999 2188 4054 Deo
2214 4001 2361 4055 dicta
2394 3999 2651 4066 fuerunt;
2686 3999 2900 4054 scilicet
2937 4000 3350 4054 reminiscentia

106 4110 394 4166 ἀκολουθίαν
420 4113 455 4181 ἡ
490 4110 739 4182 παροῦσα
767 4107 916 4179 αὐτῷ
946 4107 1440 4180 πεπραγμάτευται
1473 4107 1541 4159 ⁵¹.
1761 4082 1848 4154 93

1764 4082 1869 4154 93
1896 4093 2036 4150 erat,
2070 4095 2191 4155 post
2213 4101 2377 4155 quem
2403 4084 2598 4141 ordine
2629 4087 2769 4140 liber
2802 4087 2894 4140 hic
2930 4087 2998 4141 ab
3045 4089 3165 4157 ipso
3192 4103 3348 4142 com-

1761 4182 1974 4244 positus
2001 4185 2103 4231 est.

1834 4265 1958 4320 Non
1987 4269 2042 4320 in
2071 4267 2530 4337 persuasibilibus.
2559 4268 2808 4324 Humana
2840 4271 3107 4341 sapientia
3147 4271 3350 4342 proba-

1760 4357 2000 4414 bilitates
2044 4360 2570 4416 demonstrationum
2627 4378 2695 4417 ex
2747 4363 3046 4418 sensilibus
3091 4364 3341 4418 emendi-

1759 4461 1877 4519 cat;
1920 4468 2114 4523 magna
2142 4454 2289 4509 enim
2340 4454 2779 4525 syllogismorum
2811 4457 3071 4512 credendi
3102 4461 3345 4526 coactio,

1759 4543 1904 4598 vires
1973 4547 2284 4616 geometriae
2348 4545 2414 4600 ad
2479 4547 2923 4617 persuadendum
2992 4549 3238 4620 excipit;
3291 4552 3348 4607 in

168 4297 273 4351 οὐκ
300 4296 370 4350 ἐν
400 4295 644 4362 πειθοῒς.
693 4295 756 4350 Ἦ
791 4293 1108 4366 ἀνθρωπίνη
1149 4293 1308 4362 σοφία
1336 4293 1402 4346 ὲκ
1434 4292 1542 4345 τῶν
1574 4294 1658 4346 αί-

110 4385 288 4454 ώητῶν
307 4387 408 4453 τὰς
438 4387 803 4459 πιθανότητας
837 4385 947 4438 τῶν
981 4384 1306 4449 ἀποδείξεων
1325 4383 1650 4454 ἐρανίζεται·

108 4479 136 4547 ἡ
163 4479 256 4553 γὰρ
282 4481 489 4552 μεγάλη
524 4480 635 4554 τῷν
669 4478 1040 4550 συλλογισμῶν
1072 4478 1282 4550 ἀνάγκη
1309 4477 1411 4548 τῆς
1439 4494 1654 4550 γεωμε-

108 4570 239 4639 τρίας
261 4573 355 4636 τὰς
379 4571 638 4644 ἀφορμὰς
673 4571 1112 4644 παραλαμϐάνει·
1157 4572 1250 4624 ἐπὶ
1276 4570 1332 4624 δὲ
1378 4570 1485 4623 τῶν
1514 4572 1656 4624 ἀσω-

113 4635 284 4732 μάτων,
317 4635 516 4737 μᾶλλον
531 4635 602 4718 ’δὲ
622 4635 724 4719 καὶ
743 4635 1193 4736 όπερασωμάτων
1218 4703 1232 4728 ,
1263 4663 1356 4717 καὶ
1384 4663 1525 4735 ὑπὲρ
1550 4665 1656 4717 πᾶ·
1758 4635 1848 4737 in?

1764 4635 2098 4706 incorporeis
2158 4645 2360 4702 autem,
2415 4638 2539 4692 imo‘
2573 4639 2627 4692 in
2673 4639 2741 4694 iis
2801 4656 2922 4710 qua:
2986 4641 3343 4712 incorporea,

1755 4729 2181 4800 universamque
2233 4738 2497 4801 superant
2539 4733 2858 4798 essentiam,
2911 4734 3191 4804 quomodo
3245 4737 3348 4791 ali-

1754 4821 1880 4890 quis
1914 4822 2295 4877 ratiocinando
2341 4831 2579 4879 mentem
2610 4825 2903 4889 adhibeat,
2951 4826 3213 4896 explicari
3252 4844 3347 4883 ne-

1753 4914 1892 4983 quit,
1929 4914 2039 4970 nisi
2080 4930 2296 4970 summo
2325 4916 2528 4972 mentis
2561 4914 2717 4984 ﬂore,
2767 4917 2837 4971 de
2869 4918 3212 4988 ignoratione
3249 4919 3342 4975 Dei

1753 5007 2012 5076 quidnam
2064 5009 2157 5073 sit,
2208 5025 2307 5079 per
2345 5023 2539 5081 puram
2585 5009 2940 5081 religionem,
2988 5010 3343 5067 ineﬂ‘abiliter

1751 5098 1992 5169 cogitare
2021 5100 2216 5155 valeat.
3293 5105 3311 5113 “

182 5211 472 5285 Ἐννοὴσαι
491 5234 546 5270 τι
570 5216 706 5284 περὶ
738 5215 846 5284 τῆς
872 5217 1262 5285 ὺπερουσιου.
1298 5215 1650 5287 ’Υπεροπιος
1676 5228 1718 5286 c
1823 5189 1848 5246 ί

1823 5189 2068 5261 Cogitare
2089 5191 2292 5263 aliquid
2321 5193 2385 5247 de
2415 5196 2859 5262 superessentiali.
2893 5194 3038 5252 Deus
3058 5203 3138 5252 est
3165 5177 3335 5266 supra

111 5303 135 5352 ὁ
162 5302 289 5370 Θεὸς,
336 5309 410 5372 ὡς
458 5308 600 5379 ὑπὲρ
647 5309 828 5362 πᾶσαν
855 5307 1042 5362 οὐσίαν
1085 5306 1485 5380 θεωρούμενος,
1538 5309 1646 5360 εἴτε
1752 5299 1848 5341 959‘

1764 5285 2072 5354 essentiam,
2105 5292 2164 5340 ut
2194 5286 2289 5356 qui
2317 5300 2483 5356 supra
2510 5289 2806 5344 essentiam
2828 5304 3044 5344 onmem
3062 5287 3303 5357 conspici
3321 5313 3336 5325 -

112 4771 194 4808 σαν
217 4759 410 4823 οὐσίαν,
439 4757 558 4822 πῶς
585 4759 650 4813 ἄν
670 4776 754 4822 τις
782 4757 1018 4827 λογικῶς
1046 4757 1388 4828 ὲπιστήσειεν
1413 4757 1654 4830 άνερμη-

110 4847 296 4913 νεὺτως,
321 4854 368 4905 εἰ
401 4851 479 4923 μὴ
515 4851 668 4923 μόλις
694 4850 771 4922 τῷ
804 4849 1089 4922 ἀκροτάτῳ
1119 4849 1268 4904 ἄνθει
1299 4849 1392 4903 τοῦ
1422 4849 1514 4904 νοῦ
1554 4850 1653 4922 τὴν

111 4942 218 5012 περὶ
235 4943 358 4997 Θεοῦ
384 4943 682 5012 ἀγνωσίαν,
712 4945 740 4997 ὃ
771 4961 824 4998 τι
857 4943 988 4997 ποτέ.
1015 4945 1133 4996 ἐστι
1157 4941 1245 4996 διὰ
1285 4943 1388 5014 τῆς
1425 4943 1650 5015 εἱλικρι-

110 5031 213 5095 νοῦς
235 5036 525 5101 εὐσεϐείας,
560 5036 842 5108 ἁλαλήτως
855 5037 1091 5090 συννοεῖν
1113 5035 1426 5108 δυνάμενος.

3251 5163 3264 5176 ο

113 5395 293 5468 νοητὴν,
320 5400 662 5472 εἴτεινοερὰν,
688 5399 866 5472 πολλῷ
903 5400 957 5464 δὲ
996 5399 1192 5472 μᾶλλον
1221 5401 1502 5474 αἰσθητήν.
1757 5384 1848 5521 ί¹¹ἷ

1755 5482 1822 5521 au

1764 5384 1868 5442 tur,
1904 5393 1998 5434 seu
2023 5384 2204 5434 mente
2224 5387 2556 5450 perceptam,
2577 5395 2674 5437 seu
2705 5381 3126 5454 intelligentem;
3159 5381 3331 5437 multo

1764 5475 1936 5522 autem
1965 5467 2140 5523 magis
2162 5469 2441 5523 sensilem.

1755 5482 1936 5522 autem
1965 5482 2140 5525 milng
2162 5482 2441 5525 sensuem.

1755 5483 1846 5521 aut

181 5549 687 5626 ’Υπερουσιότητοᾳ
721 5557 784 5609 Εἰ
809 5558 991 5612 οὐσία
1033 5557 1250 5626 λέγεται
1279 5556 1430 5628 παρά
1475 5557 1534 5610 τὸ
1562 5559 1643 5613 εἷ-
1821 5558 1848 5615 ,ε

1764 5483 1936 5522 autem
1965 5483 2140 5538 magis
2162 5483 2441 5525 sensuem.

1821 5558 2411 5632 Superessentialitatis.
2445 5563 2502 5620 Si
2536 5565 2691 5619 οὐσία
2712 5613 2728 5642 ,
2780 5562 3052 5633 essentia,
3077 5564 3309 5622 "dicatur

997 5716 1232 5773 VARIZE
1274 5717 1658 5776 LECTIONES
1692 5719 1781 5776 ET
1821 5720 2369 5781 CORRECTIONES.

168 5844 439 5935 "impia,
480 5854 524 5888 ³¹
557 5853 1005 5927 ἐπραγματεύθη.
