  <div class='ocr_page' id='page_1' title='image "/cluster/home/n/w/nwhite01/storage/ocr_20150623/4/hvd.32044014713200/101.png"; bbox 0 0 3874 6536; ppageno 0'>
   <div class='ocr_carea' id='block_1_1' title="bbox 507 381 614 439">
    <p class='ocr_par' dir='ltr' id='par_1_1' title="bbox 507 381 614 439">
     <span class='ocr_line' id='line_1_1' title="bbox 507 381 614 439; baseline -0.019 0"><span class='ocrx_word' id='word_1_1' title='bbox 507 381 614 439; x_wconf 72' lang='grc'><strong>187</strong></span> 
     </span>
    </p>
   </div>
   <div class='ocr_carea' id='block_1_2' title="bbox 1305 372 2984 441">
    <p class='ocr_par' dir='ltr' id='par_1_2' title="bbox 1305 372 2984 441">
     <span class='ocr_line' id='line_1_2' title="bbox 1305 372 2984 441; baseline 0.008 -13"><span class='ocrx_word' id='word_1_2' title='bbox 1305 372 1648 430; x_wconf 79' lang='lat' dir='ltr'><strong>APPENDI&#39;X</strong></span> <span class='ocrx_word' id='word_1_3' title='bbox 1676 375 1769 431; x_wconf 81' lang='lat' dir='ltr'><strong>AD</strong></span> <span class='ocrx_word' id='word_1_4' title='bbox 1799 374 2031 432; x_wconf 80' lang='lat' dir='ltr'><strong>OPERA</strong></span> <span class='ocrx_word' id='word_1_5' title='bbox 2064 379 2123 435; x_wconf 92' lang='lat' dir='ltr'><strong>S.</strong></span> <span class='ocrx_word' id='word_1_6' title='bbox 2165 377 2466 436; x_wconf 85' lang='lat' dir='ltr'><strong>DIONYSII</strong></span> <span class='ocrx_word' id='word_1_7' title='bbox 2501 379 2984 441; x_wconf 66' lang='lat' dir='ltr'><strong>AREOPAGITE.</strong></span> 
     </span>
    </p>
   </div>
   <div class='ocr_carea' id='block_1_3' title="bbox 3661 388 3757 448">
    <p class='ocr_par' dir='ltr' id='par_1_3' title="bbox 3661 388 3757 448">
     <span class='ocr_line' id='line_1_3' title="bbox 3661 388 3757 448; baseline 0.063 -7"><span class='ocrx_word' id='word_1_8' title='bbox 3661 388 3757 448; x_wconf 81' lang='lat' dir='ltr'><strong>I88</strong></span> 
     </span>
    </p>
   </div>
   <div class='ocr_carea' id='block_1_4' title="bbox 507 488 2092 576">
    <p class='ocr_par' dir='ltr' id='par_1_4' title="bbox 507 488 2090 561">
     <span class='ocr_line' id='line_1_4' title="bbox 507 488 2090 561; baseline -0.003 -9"><span class='ocrx_word' id='word_1_9' title='bbox 507 497 579 552; x_wconf 89' lang='lat' dir='ltr'><strong>ab</strong></span> <span class='ocrx_word' id='word_1_10' title='bbox 608 489 771 559; x_wconf 81' lang='grc' dir='ltr'>εῖναι,</span> <span class='ocrx_word' id='word_1_11' title='bbox 792 507 946 561; x_wconf 83' lang='lat' dir='ltr'><strong>esse;</strong></span> <span class='ocrx_word' id='word_1_12' title='bbox 977 488 1114 545; x_wconf 81' lang='grc' dir='ltr'>εἶναι</span> <span class='ocrx_word' id='word_1_13' title='bbox 1137 495 1318 546; x_wconf 88' lang='lat' dir='ltr'><strong>autem</strong></span> <span class='ocrx_word' id='word_1_14' title='bbox 1337 489 1706 561; x_wconf 74' lang='lat' dir='ltr'><strong>cognitionem</strong></span> <span class='ocrx_word' id='word_1_15' title='bbox 1739 490 1975 560; x_wconf 83' lang='lat' dir='ltr'><strong>alicujus</strong></span> <span class='ocrx_word' id='word_1_16' title='bbox 1999 491 2090 547; x_wconf 86' lang='lat' dir='ltr'><strong>de-</strong></span> 
     </span>
    </p>
   </div>
   <div class='ocr_carea' id='block_1_5' title="bbox 2204 488 3758 576">
    <p class='ocr_par' dir='ltr' id='par_1_5' title="bbox 2204 495 3758 576">
     <span class='ocr_line' id='line_1_5' title="bbox 2204 495 3758 576; baseline 0.01 -30"><span class='ocrx_word' id='word_1_17' title='bbox 2204 512 2308 549; x_wconf 67' lang='grc' dir='ltr'>νεαιο</span> <span class='ocrx_word' id='word_1_18' title='bbox 2333 495 2395 549; x_wconf 83' lang='grc' dir='ltr'>τὸ</span> <span class='ocrx_word' id='word_1_19' title='bbox 2413 496 2471 550; x_wconf 82' lang='grc' dir='ltr'><strong>δὲ</strong></span> <span class='ocrx_word' id='word_1_20' title='bbox 2494 496 2651 551; x_wconf 78' lang='grc' dir='ltr'>εἶναι</span> <span class='ocrx_word' id='word_1_21' title='bbox 2675 497 3016 570; x_wconf 71' lang='grc' dir='ltr'><strong>παραγωγῆς</strong></span> <span class='ocrx_word' id='word_1_22' title='bbox 3029 515 3174 562; x_wconf 86' lang='grc' dir='ltr'>τινος</span> <span class='ocrx_word' id='word_1_23' title='bbox 3200 500 3414 557; x_wconf 76' lang='grc' dir='ltr'>ἔννοιαν</span> <span class='ocrx_word' id='word_1_24' title='bbox 3431 503 3758 576; x_wconf 74' lang='grc' dir='ltr'>ὑπογράφειο</span> 
     </span>
    </p>
   </div>
   <div class='ocr_carea' id='block_1_6' title="bbox 507 583 2082 656">
    <p class='ocr_par' dir='ltr' id='par_1_6' title="bbox 507 583 2082 656">
     <span class='ocr_line' id='line_1_6' title="bbox 507 583 2082 656; baseline -0.006 -11"><span class='ocrx_word' id='word_1_25' title='bbox 507 587 786 646; x_wconf 78' lang='lat' dir='ltr'><strong>ductionis</strong></span> <span class='ocrx_word' id='word_1_26' title='bbox 805 584 1069 656; x_wconf 83' lang='lat' dir='ltr'><strong>designet,</strong></span> <span class='ocrx_word' id='word_1_27' title='bbox 1103 583 1328 637; x_wconf 89' lang='lat' dir='ltr'><strong>minime</strong></span> <span class='ocrx_word' id='word_1_28' title='bbox 1352 583 1576 653; x_wconf 81' lang='lat' dir='ltr'><strong>proprie</strong></span> <span class='ocrx_word' id='word_1_29' title='bbox 1599 583 1781 648; x_wconf 79' lang='grc' dir='ltr'>οὐσία,</span> <span class='ocrx_word' id='word_1_30' title='bbox 1807 583 2044 639; x_wconf 72' lang='lat' dir='ltr'><strong>essentia</strong></span> <span class='ocrx_word' id='word_1_31' title='bbox 2065 624 2082 649; x_wconf 93' lang='lat'><strong>,</strong></span> 
     </span>
    </p>
   </div>
   <div class='ocr_carea' id='block_1_7' title="bbox 507 670 2084 748">
    <p class='ocr_par' dir='ltr' id='par_1_7' title="bbox 507 670 2084 748">
     <span class='ocr_line' id='line_1_7' title="bbox 507 670 2084 748; baseline -0.006 -10"><span class='ocrx_word' id='word_1_32' title='bbox 507 682 576 738; x_wconf 90' lang='lat' dir='ltr'><strong>de</strong></span> <span class='ocrx_word' id='word_1_33' title='bbox 607 681 718 737; x_wconf 94' lang='lat' dir='ltr'><strong>Deo</strong></span> <span class='ocrx_word' id='word_1_34' title='bbox 746 679 856 733; x_wconf 90' lang='lat' dir='ltr'><strong>dici</strong></span> <span class='ocrx_word' id='word_1_35' title='bbox 887 670 1106 748; x_wconf 82' lang='lat' dir='ltr'><strong>poterit.</strong></span> <span class='ocrx_word' id='word_1_36' title='bbox 1145 675 1291 732; x_wconf 84' lang='lat' dir='ltr'><strong>Deus</strong></span> <span class='ocrx_word' id='word_1_37' title='bbox 1323 676 1472 730; x_wconf 82' lang='lat' dir='ltr'><strong>enim</strong></span> <span class='ocrx_word' id='word_1_38' title='bbox 1515 691 1735 731; x_wconf 86' lang='lat' dir='ltr'><strong>omnem</strong></span> <span class='ocrx_word' id='word_1_39' title='bbox 1785 675 2084 732; x_wconf 80' lang='lat' dir='ltr'><strong>essentiam</strong></span> 
     </span>
    </p>
   </div>
   <div class='ocr_carea' id='block_1_8' title="bbox 508 770 2091 847">
    <p class='ocr_par' dir='ltr' id='par_1_8' title="bbox 508 770 2091 847">
     <span class='ocr_line' id='line_1_8' title="bbox 508 770 2091 847; baseline -0.006 -15"><span class='ocrx_word' id='word_1_40' title='bbox 508 773 879 847; x_wconf 86' lang='lat' dir='ltr'><strong>supereminet</strong></span> <span class='ocrx_word' id='word_1_41' title='bbox 912 791 925 826; x_wconf 89' lang='lat'><strong>:</strong></span> <span class='ocrx_word' id='word_1_42' title='bbox 955 785 1081 825; x_wconf 89' lang='lat' dir='ltr'><strong>cum</strong></span> <span class='ocrx_word' id='word_1_43' title='bbox 1109 770 1247 824; x_wconf 87' lang='lat' dir='ltr'><strong>nihil</strong></span> <span class='ocrx_word' id='word_1_44' title='bbox 1273 786 1460 826; x_wconf 89' lang='lat' dir='ltr'><strong>rerum</strong></span> <span class='ocrx_word' id='word_1_45' title='bbox 1484 771 1737 835; x_wconf 80' lang='lat' dir='ltr'><strong>exsistat,</strong></span> <span class='ocrx_word' id='word_1_46' title='bbox 1762 770 1858 826; x_wconf 88' lang='lat' dir='ltr'><strong>sed</strong></span> <span class='ocrx_word' id='word_1_47' title='bbox 1885 785 1974 826; x_wconf 88' lang='lat' dir='ltr'><strong>res</strong></span> <span class='ocrx_word' id='word_1_48' title='bbox 2001 784 2091 825; x_wconf 86' lang='lat' dir='ltr'><strong>su-</strong></span> 
     </span>
    </p>
   </div>
   <div class='ocr_carea' id='block_1_9' title="bbox 506 864 2089 940">
    <p class='ocr_par' dir='ltr' id='par_1_9' title="bbox 506 864 2089 940">
     <span class='ocr_line' id='line_1_9' title="bbox 506 864 2089 940; baseline -0.001 -18"><span class='ocrx_word' id='word_1_49' title='bbox 506 875 660 940; x_wconf 88' lang='lat' dir='ltr'><strong>peret</strong></span> <span class='ocrx_word' id='word_1_50' title='bbox 699 875 752 921; x_wconf 93' lang='lat' dir='ltr'><strong>et</strong></span> <span class='ocrx_word' id='word_1_51' title='bbox 780 866 852 921; x_wconf 89' lang='lat' dir='ltr'><strong>sit</strong></span> <span class='ocrx_word' id='word_1_52' title='bbox 881 879 950 920; x_wconf 81' lang='lat' dir='ltr'><strong>ex</strong></span> <span class='ocrx_word' id='word_1_53' title='bbox 979 880 1091 936; x_wconf 93' lang='lat' dir='ltr'><strong>quo</strong></span> <span class='ocrx_word' id='word_1_54' title='bbox 1137 864 1324 919; x_wconf 87' lang='lat' dir='ltr'><strong>omnia</strong></span> <span class='ocrx_word' id='word_1_55' title='bbox 1369 865 1711 933; x_wconf 86' lang='lat' dir='ltr'><strong>subsistunt;</strong></span> <span class='ocrx_word' id='word_1_56' title='bbox 1744 881 1870 920; x_wconf 90' lang='lat' dir='ltr'><strong>nam</strong></span> <span class='ocrx_word' id='word_1_57' title='bbox 1917 864 2089 920; x_wconf 91' lang='lat' dir='ltr'><strong>solius</strong></span> 
     </span>
    </p>
   </div>
   <div class='ocr_carea' id='block_1_10' title="bbox 506 957 2090 1029">
    <p class='ocr_par' dir='ltr' id='par_1_10' title="bbox 506 957 2090 1029">
     <span class='ocr_line' id='line_1_10' title="bbox 506 957 2090 1029; baseline -0.001 -15"><span class='ocrx_word' id='word_1_58' title='bbox 506 961 602 1016; x_wconf 88' lang='lat' dir='ltr'><strong>Dei</strong></span> <span class='ocrx_word' id='word_1_59' title='bbox 631 959 848 1015; x_wconf 90' lang='lat' dir='ltr'><strong>occulta</strong></span> <span class='ocrx_word' id='word_1_60' title='bbox 877 959 1137 1014; x_wconf 90' lang='lat' dir='ltr'><strong>omnibus</strong></span> <span class='ocrx_word' id='word_1_61' title='bbox 1167 957 1426 1014; x_wconf 83' lang='lat' dir='ltr'><strong>divinitas</strong></span> <span class='ocrx_word' id='word_1_62' title='bbox 1455 966 1540 1015; x_wconf 80' lang='lat' dir='ltr'><strong>est</strong></span> <span class='ocrx_word' id='word_1_63' title='bbox 1571 967 1816 1029; x_wconf 86' lang='lat' dir='ltr'><strong>potestas</strong></span> <span class='ocrx_word' id='word_1_64' title='bbox 1847 959 1916 1013; x_wconf 90' lang='lat' dir='ltr'><strong>ad</strong></span> <span class='ocrx_word' id='word_1_65' title='bbox 1950 957 2090 1012; x_wconf 86' lang='lat' dir='ltr'><strong>divi-</strong></span> 
     </span>
    </p>
   </div>
   <div class='ocr_carea' id='block_1_11' title="bbox 505 1051 2089 1122">
    <p class='ocr_par' dir='ltr' id='par_1_11' title="bbox 505 1051 2089 1122">
     <span class='ocr_line' id='line_1_11' title="bbox 505 1051 2089 1122; baseline -0.002 -14"><span class='ocrx_word' id='word_1_66' title='bbox 505 1054 694 1108; x_wconf 89' lang='lat' dir='ltr'><strong>nitatis</strong></span> <span class='ocrx_word' id='word_1_67' title='bbox 722 1052 1051 1122; x_wconf 89' lang='lat' dir='ltr'><strong>principium</strong></span> <span class='ocrx_word' id='word_1_68' title='bbox 1085 1059 1363 1122; x_wconf 89' lang='lat' dir='ltr'><strong>spectans,</strong></span> <span class='ocrx_word' id='word_1_69' title='bbox 1395 1067 1517 1122; x_wconf 61' lang='lat' dir='ltr'><strong>quae</strong></span> <span class='ocrx_word' id='word_1_70' title='bbox 1547 1051 1779 1122; x_wconf 88' lang='lat' dir='ltr'><strong>imperat</strong></span> <span class='ocrx_word' id='word_1_71' title='bbox 1804 1052 1872 1107; x_wconf 89' lang='lat' dir='ltr'><strong>iis</strong></span> <span class='ocrx_word' id='word_1_72' title='bbox 1901 1051 1995 1122; x_wconf 92' lang='lat' dir='ltr'><strong>qui</strong></span> <span class='ocrx_word' id='word_1_73' title='bbox 2013 1051 2089 1106; x_wconf 92' lang='lat' dir='ltr'><strong>dii</strong></span> 
     </span>
    </p>
   </div>
   <div class='ocr_carea' id='block_1_12' title="bbox 503 1146 2090 1216">
    <p class='ocr_par' dir='ltr' id='par_1_12' title="bbox 503 1146 2090 1216">
     <span class='ocr_line' id='line_1_12' title="bbox 503 1146 2090 1216; baseline -0.001 -15"><span class='ocrx_word' id='word_1_74' title='bbox 503 1147 787 1210; x_wconf 90' lang='lat' dir='ltr'><strong>dicuntur,</strong></span> <span class='ocrx_word' id='word_1_75' title='bbox 821 1162 918 1202; x_wconf 90' lang='lat' dir='ltr'><strong>seu</strong></span> <span class='ocrx_word' id='word_1_76' title='bbox 950 1146 1178 1216; x_wconf 80' lang='lat' dir='ltr'><strong>angelis,</strong></span> <span class='ocrx_word' id='word_1_77' title='bbox 1214 1161 1311 1202; x_wconf 91' lang='lat' dir='ltr'><strong>seu</strong></span> <span class='ocrx_word' id='word_1_78' title='bbox 1341 1147 1550 1202; x_wconf 85' lang='lat' dir='ltr'><strong>sanctis</strong></span> <span class='ocrx_word' id='word_1_79' title='bbox 1582 1146 1919 1208; x_wconf 91' lang='lat' dir='ltr'><strong>hominibus,</strong></span> <span class='ocrx_word' id='word_1_80' title='bbox 1946 1146 2090 1201; x_wconf 89' lang='lat' dir='ltr'><strong>sicut</strong></span> 
     </span>
    </p>
   </div>
   <div class='ocr_carea' id='block_1_13' title="bbox 502 1239 2089 1310">
    <p class='ocr_par' dir='ltr' id='par_1_13' title="bbox 502 1239 2089 1310">
     <span class='ocr_line' id='line_1_13' title="bbox 502 1239 2089 1310; baseline 0.003 -18"><span class='ocrx_word' id='word_1_81' title='bbox 502 1239 667 1292; x_wconf 91' lang='lat' dir='ltr'><strong>etiam</strong></span> <span class='ocrx_word' id='word_1_82' title='bbox 699 1247 917 1294; x_wconf 87' lang='lat' dir='ltr'><strong>creator</strong></span> <span class='ocrx_word' id='word_1_83' title='bbox 947 1246 1032 1294; x_wconf 87' lang='lat' dir='ltr'><strong>est</strong></span> <span class='ocrx_word' id='word_1_84' title='bbox 1081 1253 1273 1294; x_wconf 88' lang='lat' dir='ltr'><strong>eorum</strong></span> <span class='ocrx_word' id='word_1_85' title='bbox 1330 1239 1425 1309; x_wconf 90' lang='lat' dir='ltr'><strong>qui</strong></span> <span class='ocrx_word' id='word_1_86' title='bbox 1465 1255 1563 1310; x_wconf 88' lang='lat' dir='ltr'><strong>per</strong></span> <span class='ocrx_word' id='word_1_87' title='bbox 1611 1239 2089 1310; x_wconf 79' lang='lat' dir='ltr'><strong>participationem</strong></span> 
     </span>
    </p>
   </div>
   <div class='ocr_carea' id='block_1_14' title="bbox 505 1329 2091 1406">
    <p class='ocr_par' dir='ltr' id='par_1_14' title="bbox 505 1329 2091 1406">
     <span class='ocr_line' id='line_1_14' title="bbox 505 1329 2091 1406; baseline 0.004 -21"><span class='ocrx_word' id='word_1_88' title='bbox 505 1335 636 1385; x_wconf 90' lang='lat' dir='ltr'><strong>sunt</strong></span> <span class='ocrx_word' id='word_1_89' title='bbox 660 1329 759 1395; x_wconf 91' lang='lat' dir='ltr'><strong>dii,</strong></span> <span class='ocrx_word' id='word_1_90' title='bbox 794 1345 986 1401; x_wconf 88' lang='lat' dir='ltr'><strong>reapse</strong></span> <span class='ocrx_word' id='word_1_91' title='bbox 1018 1347 1085 1386; x_wconf 81' lang='lat' dir='ltr'><strong>ex</strong></span> <span class='ocrx_word' id='word_1_92' title='bbox 1134 1332 1316 1402; x_wconf 87' lang='lat' dir='ltr'><strong>seipsa</strong></span> <span class='ocrx_word' id='word_1_93' title='bbox 1358 1339 1414 1388; x_wconf 93' lang='lat' dir='ltr'><strong>et</strong></span> <span class='ocrx_word' id='word_1_94' title='bbox 1446 1332 1567 1388; x_wconf 89' lang='lat' dir='ltr'><strong>sine</strong></span> <span class='ocrx_word' id='word_1_95' title='bbox 1595 1332 1708 1387; x_wconf 89' lang='lat' dir='ltr'><strong>ulla</strong></span> <span class='ocrx_word' id='word_1_96' title='bbox 1758 1348 1928 1390; x_wconf 88' lang='lat' dir='ltr'><strong>causa</strong></span> <span class='ocrx_word' id='word_1_97' title='bbox 1972 1334 2091 1406; x_wconf 88' lang='lat' dir='ltr'><strong>ipsa</strong></span> 
     </span>
    </p>
   </div>
   <div class='ocr_carea' id='block_1_15' title="bbox 505 1423 1098 1480">
    <p class='ocr_par' dir='ltr' id='par_1_15' title="bbox 505 1423 1098 1480">
     <span class='ocr_line' id='line_1_15' title="bbox 505 1423 1098 1480; baseline 0.003 -2"><span class='ocrx_word' id='word_1_98' title='bbox 505 1423 767 1480; x_wconf 83' lang='lat' dir='ltr'><strong>divinitas</strong></span> <span class='ocrx_word' id='word_1_99' title='bbox 799 1424 1098 1480; x_wconf 84' lang='lat' dir='ltr'><strong>exsistens.</strong></span> 
     </span>
    </p>
   </div>
   <div class='ocr_carea' id='block_1_16' title="bbox 577 1514 2088 1588">
    <p class='ocr_par' dir='ltr' id='par_1_16' title="bbox 577 1514 2088 1588">
     <span class='ocr_line' id='line_1_16' title="bbox 577 1514 2088 1588; baseline 0.001 -16"><span class='ocrx_word' id='word_1_100' title='bbox 577 1514 679 1572; x_wconf 83' lang='lat' dir='ltr'><strong>Cui</strong></span> <span class='ocrx_word' id='word_1_101' title='bbox 707 1517 1184 1585; x_wconf 80' lang='lat' dir='ltr'><strong>superessentt&#39;alis.</strong></span> <span class='ocrx_word' id='word_1_102' title='bbox 1217 1516 1262 1570; x_wconf 83' lang='lat' dir='ltr'><strong>A</strong></span> <span class='ocrx_word' id='word_1_103' title='bbox 1295 1516 1408 1572; x_wconf 91' lang='lat' dir='ltr'><strong>sola</strong></span> <span class='ocrx_word' id='word_1_104' title='bbox 1435 1515 1583 1572; x_wconf 91' lang='lat' dir='ltr'><strong>enim</strong></span> <span class='ocrx_word' id='word_1_105' title='bbox 1611 1516 1732 1588; x_wconf 91' lang='lat' dir='ltr'><strong>ipsa</strong></span> <span class='ocrx_word' id='word_1_106' title='bbox 1774 1517 2088 1586; x_wconf 78' lang='lat' dir='ltr'><strong>divinitate,</strong></span> 
     </span>
    </p>
   </div>
   <div class='ocr_carea' id='block_1_17' title="bbox 506 1609 2094 1682">
    <p class='ocr_par' dir='ltr' id='par_1_17' title="bbox 506 1609 2094 1682">
     <span class='ocr_line' id='line_1_17' title="bbox 506 1609 2094 1682; baseline 0.003 -18"><span class='ocrx_word' id='word_1_107' title='bbox 506 1609 599 1664; x_wconf 87' lang='lat' dir='ltr'><strong>illa</strong></span> <span class='ocrx_word' id='word_1_108' title='bbox 623 1626 743 1682; x_wconf 65' lang='lat' dir='ltr'><strong>quae</strong></span> <span class='ocrx_word' id='word_1_109' title='bbox 769 1612 944 1681; x_wconf 89' lang='lat' dir='ltr'><strong>ipsam</strong></span> <span class='ocrx_word' id='word_1_110' title='bbox 988 1618 1258 1681; x_wconf 88' lang='lat' dir='ltr'><strong>spectant,</strong></span> <span class='ocrx_word' id='word_1_111' title='bbox 1307 1609 1586 1681; x_wconf 86' lang='lat' dir='ltr'><strong>quomodo</strong></span> <span class='ocrx_word' id='word_1_112' title='bbox 1614 1625 1646 1666; x_wconf 88' lang='lat' dir='ltr'><strong>a</strong></span> <span class='ocrx_word' id='word_1_113' title='bbox 1691 1618 1846 1682; x_wconf 88' lang='lat' dir='ltr'><strong>parte</strong></span> <span class='ocrx_word' id='word_1_114' title='bbox 1883 1620 2094 1669; x_wconf 83' lang='lat' dir='ltr'><strong>naturae</strong></span> 
     </span>
    </p>
   </div>
   <div class='ocr_carea' id='block_1_18' title="bbox 508 1705 1252 1774">
    <p class='ocr_par' dir='ltr' id='par_1_18' title="bbox 508 1705 1252 1774">
     <span class='ocr_line' id='line_1_18' title="bbox 508 1705 1252 1774; baseline -0.001 -13"><span class='ocrx_word' id='word_1_115' title='bbox 508 1721 568 1761; x_wconf 90' lang='lat' dir='ltr'><strong>se</strong></span> <span class='ocrx_word' id='word_1_116' title='bbox 601 1706 824 1769; x_wconf 85' lang='lat' dir='ltr'><strong>habent,</strong></span> <span class='ocrx_word' id='word_1_117' title='bbox 859 1705 990 1760; x_wconf 90' lang='lat' dir='ltr'><strong>sciri</strong></span> <span class='ocrx_word' id='word_1_118' title='bbox 1023 1711 1252 1774; x_wconf 90' lang='lat' dir='ltr'><strong>queunt.</strong></span> 
     </span>
    </p>
   </div>
   <div class='ocr_carea' id='block_1_19' title="bbox 579 1796 2091 1863">
    <p class='ocr_par' dir='ltr' id='par_1_19' title="bbox 579 1796 2091 1863">
     <span class='ocr_line' id='line_1_19' title="bbox 579 1796 2091 1863; baseline 0.001 -11"><span class='ocrx_word' id='word_1_119' title='bbox 579 1798 810 1853; x_wconf 79' lang='lat' dir='ltr'><strong>Badium</strong></span> <span class='ocrx_word' id='word_1_120' title='bbox 841 1798 1202 1852; x_wconf 83' lang='lat' dir='ltr'><strong>oraculorum.</strong></span> <span class='ocrx_word' id='word_1_121' title='bbox 1237 1796 1406 1854; x_wconf 84' lang='lat' dir='ltr'><strong>Recte</strong></span> <span class='ocrx_word' id='word_1_122' title='bbox 1439 1797 1601 1863; x_wconf 81' lang='lat' dir='ltr'><strong>dixit,</strong></span> <span class='ocrx_word' id='word_1_123' title='bbox 1636 1799 1872 1862; x_wconf 80' lang='lat' dir='ltr'><strong>radium,</strong></span> <span class='ocrx_word' id='word_1_124' title='bbox 1897 1807 1951 1854; x_wconf 90' lang='lat' dir='ltr'><strong>et</strong></span> <span class='ocrx_word' id='word_1_125' title='bbox 1981 1815 2091 1854; x_wconf 91' lang='lat' dir='ltr'><strong>non</strong></span> 
     </span>
    </p>
   </div>
   <div class='ocr_carea' id='block_1_20' title="bbox 2189 587 3760 672">
    <p class='ocr_par' dir='ltr' id='par_1_20' title="bbox 2189 587 3760 672">
     <span class='ocr_line' id='line_1_20' title="bbox 2189 587 3760 672; baseline 0.008 -31"><span class='ocrx_word' id='word_1_126' title='bbox 2189 589 2289 641; x_wconf 81' lang='grc' dir='ltr'>οὐκ</span> <span class='ocrx_word' id='word_1_127' title='bbox 2318 587 2386 642; x_wconf 81' lang='grc' dir='ltr'><strong>ἀν</strong></span> <span class='ocrx_word' id='word_1_128' title='bbox 2423 588 2634 658; x_wconf 84' lang='grc' dir='ltr'><strong>λέγοιτο</strong></span> <span class='ocrx_word' id='word_1_129' title='bbox 2679 591 2882 662; x_wconf 78' lang='grc' dir='ltr'><strong>κυρίως</strong></span> <span class='ocrx_word' id='word_1_130' title='bbox 2909 591 3066 646; x_wconf 84' lang='grc' dir='ltr'>οὐσία</span> <span class='ocrx_word' id='word_1_131' title='bbox 3108 593 3202 647; x_wconf 78' lang='grc' dir='ltr'><strong>ἐπὶ</strong></span> <span class='ocrx_word' id='word_1_132' title='bbox 3235 594 3388 648; x_wconf 90' lang='grc' dir='ltr'>Θεοῦ.</span> <span class='ocrx_word' id='word_1_133' title='bbox 3425 595 3619 670; x_wconf 85' lang='grc' dir='ltr'>Πάσης</span> <span class='ocrx_word' id='word_1_134' title='bbox 3656 597 3760 672; x_wconf 85' lang='grc' dir='ltr'>γὰρ</span> 
     </span>
    </p>
   </div>
   <div class='ocr_carea' id='block_1_21' title="bbox 2188 680 3760 756">
    <p class='ocr_par' dir='ltr' id='par_1_21' title="bbox 2188 680 3760 756">
     <span class='ocr_line' id='line_1_21' title="bbox 2188 680 3760 756; baseline 0.008 -24"><span class='ocrx_word' id='word_1_135' title='bbox 2188 680 2375 744; x_wconf 80' lang='grc' dir='ltr'><strong>οὐσίας</strong></span> <span class='ocrx_word' id='word_1_136' title='bbox 2401 680 2771 753; x_wconf 78' lang='grc' dir='ltr'>ὑπέρκειται-ὀ</span> <span class='ocrx_word' id='word_1_137' title='bbox 2790 683 2940 748; x_wconf 81' lang='grc' dir='ltr'>Θεὸς,</span> <span class='ocrx_word' id='word_1_138' title='bbox 2962 684 3113 740; x_wconf 80' lang='grc' dir='ltr'>οὐδέν</span> <span class='ocrx_word' id='word_1_139' title='bbox 3140 703 3192 740; x_wconf 87' lang='grc' dir='ltr'><strong>τι</strong></span> <span class='ocrx_word' id='word_1_140' title='bbox 3213 686 3322 741; x_wconf 81' lang='grc' dir='ltr'>τῶν</span> <span class='ocrx_word' id='word_1_141' title='bbox 3341 687 3510 742; x_wconf 77' lang='grc' dir='ltr'>ὄντων</span> <span class='ocrx_word' id='word_1_142' title='bbox 3535 687 3634 756; x_wconf 81' lang='grc' dir='ltr'><strong>ὢν,</strong></span> <span class='ocrx_word' id='word_1_143' title='bbox 3653 691 3760 745; x_wconf 86' lang='grc' dir='ltr'>ἀλλ’</span> 
     </span>
    </p>
   </div>
   <div class='ocr_carea' id='block_1_22' title="bbox 2191 771 3760 853">
    <p class='ocr_par' dir='ltr' id='par_1_22' title="bbox 2191 771 3760 853">
     <span class='ocr_line' id='line_1_22' title="bbox 2191 771 3760 853; baseline 0.008 -28"><span class='ocrx_word' id='word_1_144' title='bbox 2191 773 2330 844; x_wconf 84' lang='grc' dir='ltr'><strong>ὑπὲρ</strong></span> <span class='ocrx_word' id='word_1_145' title='bbox 2351 772 2420 826; x_wconf 81' lang='grc' dir='ltr'><strong>τὰ</strong></span> <span class='ocrx_word' id='word_1_146' title='bbox 2458 773 2608 838; x_wconf 74' lang='grc' dir='ltr'>ὄντα,</span> <span class='ocrx_word' id='word_1_147' title='bbox 2649 776 2743 829; x_wconf 81' lang='grc' dir='ltr'>καὶ</span> <span class='ocrx_word' id='word_1_148' title='bbox 2777 776 2838 841; x_wconf 76' lang='grc' dir='ltr'><strong>ἐξ</strong></span> <span class='ocrx_word' id='word_1_149' title='bbox 2870 771 2932 830; x_wconf 77' lang='grc' dir='ltr'><strong>οῦ</strong></span> <span class='ocrx_word' id='word_1_150' title='bbox 2964 777 3032 832; x_wconf 84' lang='grc' dir='ltr'>τὰ</span> <span class='ocrx_word' id='word_1_151' title='bbox 3064 779 3213 832; x_wconf 77' lang='grc' dir='ltr'>6ντα’</span> <span class='ocrx_word' id='word_1_152' title='bbox 3259 782 3292 850; x_wconf 85' lang='grc' dir='ltr'><strong>ἡ</strong></span> <span class='ocrx_word' id='word_1_153' title='bbox 3333 780 3443 852; x_wconf 81' lang='grc' dir='ltr'>γὰρ</span> <span class='ocrx_word' id='word_1_154' title='bbox 3472 782 3570 835; x_wconf 91' lang='grc' dir='ltr'><strong>τοῦ</strong></span> <span class='ocrx_word' id='word_1_155' title='bbox 3608 784 3760 853; x_wconf 81' lang='grc' dir='ltr'>μόνον</span> 
     </span>
    </p>
   </div>
   <div class='ocr_carea' id='block_1_23' title="bbox 2189 863 3759 944">
    <p class='ocr_par' dir='ltr' id='par_1_23' title="bbox 2189 863 3759 944">
     <span class='ocr_line' id='line_1_23' title="bbox 2189 863 3759 944; baseline 0.007 -27"><span class='ocrx_word' id='word_1_156' title='bbox 2189 863 2324 918; x_wconf 91' lang='grc' dir='ltr'>Θεοῦ</span> <span class='ocrx_word' id='word_1_157' title='bbox 2344 868 2509 920; x_wconf 81' lang='grc' dir='ltr'>πᾶσιν</span> <span class='ocrx_word' id='word_1_158' title='bbox 2533 867 2847 940; x_wconf 77' lang='grc' dir='ltr'>ἀπόκρυφος</span> <span class='ocrx_word' id='word_1_159' title='bbox 2862 870 3051 943; x_wconf 87' lang='grc' dir='ltr'>θεότης</span> <span class='ocrx_word' id='word_1_160' title='bbox 3071 872 3336 944; x_wconf 85' lang='grc' dir='ltr'>θεαρχικὴ</span> <span class='ocrx_word' id='word_1_161' title='bbox 3352 873 3582 944; x_wconf 79' lang='grc' dir='ltr'>δύναμίς</span> <span class='ocrx_word' id='word_1_162' title='bbox 3598 876 3759 940; x_wconf 77' lang='grc' dir='ltr'>ἐστιν,</span> 
     </span>
    </p>
   </div>
   <div class='ocr_carea' id='block_1_24' title="bbox 2188 958 3759 1035">
    <p class='ocr_par' dir='ltr' id='par_1_24' title="bbox 2188 958 3759 1035">
     <span class='ocr_line' id='line_1_24' title="bbox 2188 958 3759 1035; baseline 0.006 -24"><span class='ocrx_word' id='word_1_163' title='bbox 2188 958 2430 1029; x_wconf 82' lang='grc' dir='ltr'>ἄρχουσα</span> <span class='ocrx_word' id='word_1_164' title='bbox 2476 959 2584 1014; x_wconf 87' lang='grc' dir='ltr'><strong>τῶν</strong></span> <span class='ocrx_word' id='word_1_165' title='bbox 2628 962 2936 1034; x_wconf 86' lang='grc' dir='ltr'>λεγομένων</span> <span class='ocrx_word' id='word_1_166' title='bbox 2977 963 3114 1017; x_wconf 85' lang='grc' dir='ltr'>θεῶν</span> <span class='ocrx_word' id='word_1_167' title='bbox 3139 1004 3153 1028; x_wconf 92' lang='grc'><strong>,</strong></span> <span class='ocrx_word' id='word_1_168' title='bbox 3204 965 3312 1018; x_wconf 74' lang='grc' dir='ltr'>εἴτε</span> <span class='ocrx_word' id='word_1_169' title='bbox 3357 966 3628 1035; x_wconf 85' lang='grc' dir='ltr'>ἀγγέλων,</span> <span class='ocrx_word' id='word_1_170' title='bbox 3660 969 3759 1022; x_wconf 72' lang='grc' dir='ltr'>εἴτε</span> 
     </span>
    </p>
   </div>
   <div class='ocr_carea' id='block_1_25' title="bbox 2189 1050 3762 1130">
    <p class='ocr_par' dir='ltr' id='par_1_25' title="bbox 2189 1050 3762 1130">
     <span class='ocr_line' id='line_1_25' title="bbox 2189 1050 3762 1130; baseline 0.007 -28"><span class='ocrx_word' id='word_1_171' title='bbox 2189 1050 2357 1119; x_wconf 87' lang='grc' dir='ltr'>ἀγίων</span> <span class='ocrx_word' id='word_1_172' title='bbox 2379 1051 2702 1124; x_wconf 81' lang='grc' dir='ltr'>ἀνθρώπων,</span> <span class='ocrx_word' id='word_1_173' title='bbox 2737 1055 2881 1110; x_wconf 87' lang='grc' dir='ltr'>καθὰ</span> <span class='ocrx_word' id='word_1_174' title='bbox 2897 1057 2942 1088; x_wconf 76' lang='grc'><strong><em>⁵⁸</em></strong></span> <span class='ocrx_word' id='word_1_175' title='bbox 2965 1058 3057 1110; x_wconf 75' lang='grc' dir='ltr'>καὶ</span> <span class='ocrx_word' id='word_1_176' title='bbox 3082 1058 3411 1130; x_wconf 85' lang='grc' dir='ltr'>δημιουργός</span> <span class='ocrx_word' id='word_1_177' title='bbox 3429 1059 3546 1112; x_wconf 76' lang='grc' dir='ltr'>ἐστι</span> <span class='ocrx_word' id='word_1_178' title='bbox 3579 1058 3686 1113; x_wconf 83' lang='grc' dir='ltr'>τῶν</span> <span class='ocrx_word' id='word_1_179' title='bbox 3704 1061 3762 1113; x_wconf 77' lang='grc' dir='ltr'>ἐκ</span> 
     </span>
    </p>
   </div>
   <div class='ocr_carea' id='block_1_26' title="bbox 2193 1141 3759 1223">
    <p class='ocr_par' dir='ltr' id='par_1_26' title="bbox 2193 1141 3759 1223">
     <span class='ocr_line' id='line_1_26' title="bbox 2193 1141 3759 1223; baseline 0.008 -30"><span class='ocrx_word' id='word_1_180' title='bbox 2193 1141 2462 1212; x_wconf 83' lang='grc' dir='ltr'>μεθέξεων</span> <span class='ocrx_word' id='word_1_181' title='bbox 2492 1146 2788 1217; x_wconf 81' lang='grc' dir='ltr'><strong>γινομένων</strong></span> <span class='ocrx_word' id='word_1_182' title='bbox 2815 1148 2952 1203; x_wconf 85' lang='grc' dir='ltr'>θεῶν</span> <span class='ocrx_word' id='word_1_183' title='bbox 2988 1151 3022 1220; x_wconf 86' lang='grc' dir='ltr'>ή</span> <span class='ocrx_word' id='word_1_184' title='bbox 3071 1149 3151 1221; x_wconf 82' lang='grc' dir='ltr'><strong>τῷ</strong></span> <span class='ocrx_word' id='word_1_185' title='bbox 3188 1151 3300 1204; x_wconf 78' lang='grc' dir='ltr'>ὄντι</span> <span class='ocrx_word' id='word_1_186' title='bbox 3329 1151 3390 1217; x_wconf 78' lang='grc' dir='ltr'>ἐξ</span> <span class='ocrx_word' id='word_1_187' title='bbox 3426 1153 3631 1223; x_wconf 80' lang='grc' dir='ltr'>ἑαυτῆς</span> <span class='ocrx_word' id='word_1_188' title='bbox 3673 1154 3759 1208; x_wconf 75' lang='grc' dir='ltr'>καὶ</span> 
     </span>
    </p>
   </div>
   <div class='ocr_carea' id='block_1_27' title="bbox 2190 1232 3049 1311">
    <p class='ocr_par' dir='ltr' id='par_1_27' title="bbox 2190 1232 3049 1311">
     <span class='ocr_line' id='line_1_27' title="bbox 2190 1232 3049 1311; baseline 0.013 -26"><span class='ocrx_word' id='word_1_189' title='bbox 2190 1232 2445 1300; x_wconf 78' lang='grc' dir='ltr'><strong>ἀναιτίως</strong></span> <span class='ocrx_word' id='word_1_190' title='bbox 2477 1236 2800 1311; x_wconf 79' lang='grc' dir='ltr'>αὑτοθεότης</span> <span class='ocrx_word' id='word_1_191' title='bbox 2820 1239 2866 1273; x_wconf 84' lang='grc'><strong>⁸³</strong></span> <span class='ocrx_word' id='word_1_192' title='bbox 2892 1237 3049 1296; x_wconf 86' lang='grc' dir='ltr'>οῦσα.</span> 
     </span>
    </p>
   </div>
   <div class='ocr_carea' id='block_1_28' title="bbox 2260 1504 3763 1588">
    <p class='ocr_par' dir='ltr' id='par_1_28' title="bbox 2260 1504 3763 1588">
     <span class='ocr_line' id='line_1_28' title="bbox 2260 1504 3763 1588; baseline 0.009 -30"><span class='ocrx_word' id='word_1_193' title='bbox 2260 1504 2429 1574; x_wconf 80' lang='grc' dir='ltr'><strong>Αὺτῇ</strong></span> <span class='ocrx_word' id='word_1_194' title='bbox 2455 1505 2570 1574; x_wconf 79' lang='grc' dir='ltr'><strong>τὴν·</strong></span> <span class='ocrx_word' id='word_1_195' title='bbox 2594 1509 2978 1577; x_wconf 84' lang='grc' dir='ltr'>ὑπερούσιον.</span> <span class='ocrx_word' id='word_1_196' title='bbox 3007 1510 3160 1582; x_wconf 84' lang='grc' dir='ltr'>Μόνῃ</span> <span class='ocrx_word' id='word_1_197' title='bbox 3205 1513 3315 1585; x_wconf 80' lang='grc' dir='ltr'><strong>γάρ</strong></span> <span class='ocrx_word' id='word_1_198' title='bbox 3350 1513 3488 1586; x_wconf 78' lang='grc' dir='ltr'>αὐτῇ</span> <span class='ocrx_word' id='word_1_199' title='bbox 3542 1519 3610 1588; x_wconf 79' lang='grc' dir='ltr'><strong>τῇ</strong></span> <span class='ocrx_word' id='word_1_200' title='bbox 3657 1516 3763 1572; x_wconf 81' lang='grc' dir='ltr'>θεό-</span> 
     </span>
    </p>
   </div>
   <div class='ocr_carea' id='block_1_29' title="bbox 2190 1597 3697 1680">
    <p class='ocr_par' dir='ltr' id='par_1_29' title="bbox 2190 1597 3697 1680">
     <span class='ocr_line' id='line_1_29' title="bbox 2190 1597 3697 1680; baseline 0.01 -31"><span class='ocrx_word' id='word_1_201' title='bbox 2190 1612 2313 1667; x_wconf 87' lang='grc' dir='ltr'>τητι</span> <span class='ocrx_word' id='word_1_202' title='bbox 2341 1597 2408 1651; x_wconf 80' lang='grc' dir='ltr'><strong>τὰ</strong></span> <span class='ocrx_word' id='word_1_203' title='bbox 2440 1599 2561 1652; x_wconf 87' lang='grc' dir='ltr'>καθ’</span> <span class='ocrx_word' id='word_1_204' title='bbox 2589 1600 2809 1673; x_wconf 79' lang='grc' dir='ltr'>ἑαυτὴν,</span> <span class='ocrx_word' id='word_1_205' title='bbox 2832 1601 2908 1665; x_wconf 85' lang='grc' dir='ltr'>ὼς</span> <span class='ocrx_word' id='word_1_206' title='bbox 2932 1601 3044 1673; x_wconf 77' lang='grc' dir='ltr'>ἔχει</span> <span class='ocrx_word' id='word_1_207' title='bbox 3073 1603 3308 1672; x_wconf 84' lang='grc' dir='ltr'>φύσεως,</span> <span class='ocrx_word' id='word_1_208' title='bbox 3341 1607 3614 1680; x_wconf 76' lang='grc' dir='ltr'><strong>ἐπιστητὰ</strong></span> <span class='ocrx_word' id='word_1_209' title='bbox 3632 1610 3697 1664; x_wconf 68' lang='grc'><strong>⁸⁵.</strong></span> 
     </span>
    </p>
   </div>
   <div class='ocr_carea' id='block_1_30' title="bbox 2259 1776 3760 1861">
    <p class='ocr_par' dir='ltr' id='par_1_30' title="bbox 2259 1776 3760 1861">
     <span class='ocr_line' id='line_1_30' title="bbox 2259 1776 3760 1861; baseline 0.011 -32"><span class='ocrx_word' id='word_1_210' title='bbox 2259 1777 2492 1847; x_wconf 77' lang='grc' dir='ltr'>Λογίων</span> <span class='ocrx_word' id='word_1_211' title='bbox 2509 1777 2699 1845; x_wconf 82' lang='grc' dir='ltr'>ἀκτίς.</span> <span class='ocrx_word' id='word_1_212' title='bbox 2732 1779 2930 1845; x_wconf 84' lang='grc' dir='ltr'>Καλῶς</span> <span class='ocrx_word' id='word_1_213' title='bbox 2959 1776 3110 1836; x_wconf 74' lang='grc' dir='ltr'>εἶπεν</span> <span class='ocrx_word' id='word_1_214' title='bbox 3135 1784 3325 1851; x_wconf 77' lang='grc' dir='ltr'>ἀκτὶς,</span> <span class='ocrx_word' id='word_1_215' title='bbox 3345 1787 3440 1841; x_wconf 76' lang='grc' dir='ltr'><strong>καὶ</strong></span> <span class='ocrx_word' id='word_1_216' title='bbox 3459 1788 3559 1861; x_wconf 82' lang='grc' dir='ltr'><strong>οὐχ</strong></span> <span class='ocrx_word' id='word_1_217' title='bbox 3577 1790 3760 1859; x_wconf 77' lang='grc' dir='ltr'>ἥλιος·</span> 
     </span>
    </p>
   </div>
   <div class='ocr_carea' id='block_1_31' title="bbox 507 1867 2092 1962">
    <p class='ocr_par' dir='ltr' id='par_1_31' title="bbox 507 1891 2092 1962">
     <span class='ocr_line' id='line_1_31' title="bbox 507 1891 2092 1962; baseline 0.001 -16"><span class='ocrx_word' id='word_1_218' title='bbox 507 1891 717 1956; x_wconf 80' lang='lat' dir='ltr'><strong>solem;</strong></span> <span class='ocrx_word' id='word_1_219' title='bbox 763 1891 1221 1962; x_wconf 87' lang='lat' dir='ltr'><strong>quemadmodum</strong></span> <span class='ocrx_word' id='word_1_220' title='bbox 1273 1891 1421 1946; x_wconf 91' lang='lat' dir='ltr'><strong>enim</strong></span> <span class='ocrx_word' id='word_1_221' title='bbox 1472 1893 1528 1946; x_wconf 89' lang='lat' dir='ltr'><strong>in</strong></span> <span class='ocrx_word' id='word_1_222' title='bbox 1578 1893 1748 1948; x_wconf 92' lang='lat' dir='ltr'><strong>solem</strong></span> <span class='ocrx_word' id='word_1_223' title='bbox 1810 1891 2092 1948; x_wconf 87' lang='lat' dir='ltr'><strong>intendere</strong></span> 
     </span>
    </p>
   </div>
   <div class='ocr_carea' id='block_1_32' title="bbox 2204 1867 3762 1962">
    <p class='ocr_par' dir='ltr' id='par_1_32' title="bbox 2204 1867 3762 1951">
     <span class='ocr_line' id='line_1_32' title="bbox 2204 1867 3762 1951; baseline 0.01 -30"><span class='ocrx_word' id='word_1_224' title='bbox 2204 1867 2382 1940; x_wconf 69' lang='grc' dir='ltr'>ὥσπερ</span> <span class='ocrx_word' id='word_1_225' title='bbox 2429 1870 2538 1941; x_wconf 83' lang='grc' dir='ltr'><strong>γὰρ</strong></span> <span class='ocrx_word' id='word_1_226' title='bbox 2567 1871 2646 1942; x_wconf 82' lang='grc' dir='ltr'>τῷ</span> <span class='ocrx_word' id='word_1_227' title='bbox 2683 1872 2820 1944; x_wconf 82' lang='grc' dir='ltr'>ἡλίῳ</span> <span class='ocrx_word' id='word_1_228' title='bbox 2860 1875 3166 1930; x_wconf 84' lang='grc' dir='ltr'>ὲνατενίσαι</span> <span class='ocrx_word' id='word_1_229' title='bbox 3205 1878 3266 1931; x_wconf 84' lang='grc' dir='ltr'>οὐ</span> <span class='ocrx_word' id='word_1_230' title='bbox 3306 1879 3620 1951; x_wconf 85' lang='grc' dir='ltr'>δυνάμεθα,</span> <span class='ocrx_word' id='word_1_231' title='bbox 3659 1884 3762 1937; x_wconf 88' lang='grc' dir='ltr'>ἀλλ’</span> 
     </span>
    </p>
   </div>
   <div class='ocr_carea' id='block_1_33' title="bbox 505 1983 2088 2055">
    <p class='ocr_par' dir='ltr' id='par_1_33' title="bbox 505 1983 2088 2055">
     <span class='ocr_line' id='line_1_33' title="bbox 505 1983 2088 2055; baseline 0.001 -15"><span class='ocrx_word' id='word_1_232' title='bbox 505 1985 822 2055; x_wconf 88' lang='lat' dir='ltr'><strong>nequimus,</strong></span> <span class='ocrx_word' id='word_1_233' title='bbox 869 1987 966 2040; x_wconf 91' lang='lat' dir='ltr'><strong>sed</strong></span> <span class='ocrx_word' id='word_1_234' title='bbox 1001 1983 1257 2040; x_wconf 78' lang='lat' dir='ltr'><strong>fortassis</strong></span> <span class='ocrx_word' id='word_1_235' title='bbox 1305 1985 1364 2039; x_wconf 91' lang='lat' dir='ltr'><strong>in</strong></span> <span class='ocrx_word' id='word_1_236' title='bbox 1394 1984 1516 2055; x_wconf 86' lang='lat' dir='ltr'><strong>ejus</strong></span> <span class='ocrx_word' id='word_1_237' title='bbox 1549 1984 1774 2052; x_wconf 89' lang='lat' dir='ltr'><strong>radios;</strong></span> <span class='ocrx_word' id='word_1_238' title='bbox 1809 1985 1885 2040; x_wconf 91' lang='lat' dir='ltr'><strong>ita</strong></span> <span class='ocrx_word' id='word_1_239' title='bbox 1917 1983 2088 2041; x_wconf 90' lang='lat' dir='ltr'><strong>Deum</strong></span> 
     </span>
    </p>
   </div>
   <div class='ocr_carea' id='block_1_34' title="bbox 505 2079 1408 2156">
    <p class='ocr_par' dir='ltr' id='par_1_34' title="bbox 505 2079 1408 2156">
     <span class='ocr_line' id='line_1_34' title="bbox 505 2079 1408 2156; baseline 0 -23"><span class='ocrx_word' id='word_1_240' title='bbox 505 2079 687 2150; x_wconf 89' lang='lat' dir='ltr'><strong>ipsum</strong></span> <span class='ocrx_word' id='word_1_241' title='bbox 721 2079 968 2149; x_wconf 83' lang='lat' dir='ltr'><strong>cogitare</strong></span> <span class='ocrx_word' id='word_1_242' title='bbox 999 2095 1110 2134; x_wconf 90' lang='lat' dir='ltr'><strong>non</strong></span> <span class='ocrx_word' id='word_1_243' title='bbox 1141 2080 1408 2156; x_wconf 69' lang='lat' dir='ltr'><strong>valemus.</strong></span> 
     </span>
    </p>
   </div>
   <div class='ocr_carea' id='block_1_35' title="bbox 573 2171 2092 2243">
    <p class='ocr_par' dir='ltr' id='par_1_35' title="bbox 573 2171 2092 2243">
     <span class='ocr_line' id='line_1_35' title="bbox 573 2171 2092 2243; baseline 0.001 -16"><span class='ocrx_word' id='word_1_244' title='bbox 573 2172 942 2229; x_wconf 77' lang='lat' dir='ltr'><strong>Moderatione</strong></span> <span class='ocrx_word' id='word_1_245' title='bbox 967 2171 1112 2226; x_wconf 85' lang='lat' dir='ltr'><strong>circa</strong></span> <span class='ocrx_word' id='word_1_246' title='bbox 1140 2172 1340 2226; x_wconf 80' lang='lat' dir='ltr'><strong>divina.</strong></span> <span class='ocrx_word' id='word_1_247' title='bbox 1375 2171 1562 2243; x_wconf 88' lang='lat' dir='ltr'><strong>Neque</strong></span> <span class='ocrx_word' id='word_1_248' title='bbox 1591 2173 1737 2228; x_wconf 91' lang='lat' dir='ltr'><strong>enim</strong></span> <span class='ocrx_word' id='word_1_249' title='bbox 1769 2182 1972 2230; x_wconf 87' lang='lat' dir='ltr'><strong>temere</strong></span> <span class='ocrx_word' id='word_1_250' title='bbox 1995 2189 2092 2229; x_wconf 87' lang='lat' dir='ltr'><strong>au—</strong></span> 
     </span>
    </p>
   </div>
   <div class='ocr_carea' id='block_1_36' title="bbox 503 2263 2090 2331">
    <p class='ocr_par' dir='ltr' id='par_1_36' title="bbox 503 2263 2090 2331">
     <span class='ocr_line' id='line_1_36' title="bbox 503 2263 2090 2331; baseline 0 -11"><span class='ocrx_word' id='word_1_251' title='bbox 503 2264 746 2322; x_wconf 84' lang='lat' dir='ltr'><strong>dendum</strong></span> <span class='ocrx_word' id='word_1_252' title='bbox 771 2264 826 2318; x_wconf 92' lang='lat' dir='ltr'><strong>in</strong></span> <span class='ocrx_word' id='word_1_253' title='bbox 860 2279 1116 2320; x_wconf 89' lang='lat' dir='ltr'><strong>sermone</strong></span> <span class='ocrx_word' id='word_1_254' title='bbox 1141 2263 1210 2319; x_wconf 88' lang='lat' dir='ltr'><strong>de</strong></span> <span class='ocrx_word' id='word_1_255' title='bbox 1238 2264 1388 2331; x_wconf 89' lang='lat' dir='ltr'><strong>Deo;</strong></span> <span class='ocrx_word' id='word_1_256' title='bbox 1423 2263 1518 2319; x_wconf 93' lang='lat' dir='ltr'><strong>sed</strong></span> <span class='ocrx_word' id='word_1_257' title='bbox 1548 2264 1829 2321; x_wconf 84' lang='lat' dir='ltr'><strong>moderata</strong></span> <span class='ocrx_word' id='word_1_258' title='bbox 1861 2265 2090 2322; x_wconf 89' lang='lat' dir='ltr'><strong>ratioci-</strong></span> 
     </span>
    </p>
   </div>
   <div class='ocr_carea' id='block_1_37' title="bbox 502 2355 2092 2428">
    <p class='ocr_par' dir='ltr' id='par_1_37' title="bbox 502 2355 2092 2428">
     <span class='ocr_line' id='line_1_37' title="bbox 502 2355 2092 2428; baseline 0 -15"><span class='ocrx_word' id='word_1_259' title='bbox 502 2358 728 2414; x_wconf 89' lang='lat' dir='ltr'><strong>natione</strong></span> <span class='ocrx_word' id='word_1_260' title='bbox 770 2355 1210 2427; x_wconf 87' lang='lat' dir='ltr'><strong>persequeudum</strong></span> <span class='ocrx_word' id='word_1_261' title='bbox 1265 2356 1628 2427; x_wconf 79' lang='lat' dir='ltr'><strong>religionem,</strong></span> <span class='ocrx_word' id='word_1_262' title='bbox 1682 2373 1846 2428; x_wconf 89' lang='lat' dir='ltr'><strong>quam</strong></span> <span class='ocrx_word' id='word_1_263' title='bbox 1891 2358 2092 2413; x_wconf 67' lang='lat' dir='ltr'><strong>divinae</strong></span> 
     </span>
    </p>
   </div>
   <div class='ocr_carea' id='block_1_38' title="bbox 505 2449 2092 2521">
    <p class='ocr_par' dir='ltr' id='par_1_38' title="bbox 505 2449 2092 2521">
     <span class='ocr_line' id='line_1_38' title="bbox 505 2449 2092 2521; baseline 0.001 -17"><span class='ocrx_word' id='word_1_264' title='bbox 505 2449 784 2520; x_wconf 90' lang='lat' dir='ltr'><strong>majestati</strong></span> <span class='ocrx_word' id='word_1_265' title='bbox 809 2449 1095 2512; x_wconf 85' lang='lat' dir='ltr'><strong>debemus,</strong></span> <span class='ocrx_word' id='word_1_266' title='bbox 1121 2450 1239 2505; x_wconf 87' lang='lat' dir='ltr'><strong>sola</strong></span> <span class='ocrx_word' id='word_1_267' title='bbox 1265 2449 1357 2503; x_wconf 92' lang='lat' dir='ltr'><strong>illa</strong></span> <span class='ocrx_word' id='word_1_268' title='bbox 1378 2449 1798 2520; x_wconf 83' lang='lat' dir='ltr'><strong>pronuntiantes</strong></span> <span class='ocrx_word' id='word_1_269' title='bbox 1828 2457 1994 2521; x_wconf 85' lang='lat' dir='ltr'><strong>atque</strong></span> <span class='ocrx_word' id='word_1_270' title='bbox 2022 2451 2092 2506; x_wconf 90' lang='lat' dir='ltr'><strong>ad</strong></span> 
     </span>
    </p>
   </div>
   <div class='ocr_carea' id='block_1_39' title="bbox 504 2542 2093 2614">
    <p class='ocr_par' dir='ltr' id='par_1_39' title="bbox 504 2542 2093 2614">
     <span class='ocr_line' id='line_1_39' title="bbox 504 2542 2093 2614; baseline 0.003 -18"><span class='ocrx_word' id='word_1_271' title='bbox 504 2543 1022 2614; x_wconf 88' lang='lat' dir='ltr'><strong>interpretationem</strong></span> <span class='ocrx_word' id='word_1_272' title='bbox 1056 2542 1413 2608; x_wconf 88' lang='lat' dir='ltr'><strong>adducentes,</strong></span> <span class='ocrx_word' id='word_1_273' title='bbox 1450 2559 1571 2614; x_wconf 68' lang='lat' dir='ltr'><strong>quae</strong></span> <span class='ocrx_word' id='word_1_274' title='bbox 1601 2544 1669 2599; x_wconf 92' lang='lat' dir='ltr'><strong>de</strong></span> <span class='ocrx_word' id='word_1_275' title='bbox 1709 2543 1821 2599; x_wconf 91' lang='lat' dir='ltr'><strong>Deo</strong></span> <span class='ocrx_word' id='word_1_276' title='bbox 1851 2544 1906 2598; x_wconf 92' lang='lat' dir='ltr'><strong>in</strong></span> <span class='ocrx_word' id='word_1_277' title='bbox 1943 2543 2093 2600; x_wconf 89' lang='lat' dir='ltr'><strong>Scri—</strong></span> 
     </span>
    </p>
   </div>
   <div class='ocr_carea' id='block_1_40' title="bbox 504 2635 2094 2708">
    <p class='ocr_par' dir='ltr' id='par_1_40' title="bbox 504 2635 2094 2708">
     <span class='ocr_line' id='line_1_40' title="bbox 504 2635 2094 2708; baseline 0.004 -20"><span class='ocrx_word' id='word_1_278' title='bbox 504 2642 666 2706; x_wconf 86' lang='lat' dir='ltr'><strong>ptura</strong></span> <span class='ocrx_word' id='word_1_279' title='bbox 697 2636 869 2691; x_wconf 81' lang='lat' dir='ltr'><strong>veluti</strong></span> <span class='ocrx_word' id='word_1_280' title='bbox 905 2635 1132 2692; x_wconf 87' lang='lat' dir='ltr'><strong>oraculo</strong></span> <span class='ocrx_word' id='word_1_281' title='bbox 1162 2635 1386 2692; x_wconf 84' lang='lat' dir='ltr'><strong>deﬁnita</strong></span> <span class='ocrx_word' id='word_1_282' title='bbox 1423 2645 1574 2702; x_wconf 89' lang='lat' dir='ltr'><strong>sunt,</strong></span> <span class='ocrx_word' id='word_1_283' title='bbox 1598 2637 1744 2693; x_wconf 92' lang='lat' dir='ltr'><strong>sicut</strong></span> <span class='ocrx_word' id='word_1_284' title='bbox 1775 2640 1938 2708; x_wconf 92' lang='lat' dir='ltr'><strong>paulo</strong></span> <span class='ocrx_word' id='word_1_285' title='bbox 1967 2647 2094 2694; x_wconf 89' lang='lat' dir='ltr'><strong>ante</strong></span> 
     </span>
    </p>
   </div>
   <div class='ocr_carea' id='block_1_41' title="bbox 504 2727 663 2782">
    <p class='ocr_par' dir='ltr' id='par_1_41' title="bbox 504 2727 663 2782">
     <span class='ocr_line' id='line_1_41' title="bbox 504 2727 663 2782; baseline -0.013 0"><span class='ocrx_word' id='word_1_286' title='bbox 504 2727 663 2782; x_wconf 81' lang='lat' dir='ltr'><strong>dixit.</strong></span> 
     </span>
    </p>
   </div>
   <div class='ocr_carea' id='block_1_42' title="bbox 590 2815 2096 2888">
    <p class='ocr_par' dir='ltr' id='par_1_42' title="bbox 590 2815 2096 2888">
     <span class='ocr_line' id='line_1_42' title="bbox 590 2815 2096 2888; baseline 0.004 -18"><span class='ocrx_word' id='word_1_287' title='bbox 590 2817 888 2873; x_wconf 73' lang='lat' dir='ltr'><strong>Verissima:</strong></span> <span class='ocrx_word' id='word_1_288' title='bbox 912 2817 1209 2888; x_wconf 59' lang='lat' dir='ltr'><strong>theologica.</strong></span> <span class='ocrx_word' id='word_1_289' title='bbox 1244 2815 1383 2874; x_wconf 83' lang='lat' dir='ltr'><strong>Vide</strong></span> <span class='ocrx_word' id='word_1_290' title='bbox 1413 2819 1690 2888; x_wconf 91' lang='lat' dir='ltr'><strong>quomodo</strong></span> <span class='ocrx_word' id='word_1_291' title='bbox 1726 2835 1913 2875; x_wconf 82' lang='lat' dir='ltr'><strong>veram</strong></span> <span class='ocrx_word' id='word_1_292' title='bbox 1945 2820 2096 2878; x_wconf 89' lang='lat' dir='ltr'><strong>theo-</strong></span> 
     </span>
    </p>
   </div>
   <div class='ocr_carea' id='block_1_43' title="bbox 502 2910 2094 2985">
    <p class='ocr_par' dir='ltr' id='par_1_43' title="bbox 502 2910 2094 2985">
     <span class='ocr_line' id='line_1_43' title="bbox 502 2910 2094 2985; baseline 0.004 -20"><span class='ocrx_word' id='word_1_293' title='bbox 502 2911 702 2983; x_wconf 87' lang='lat' dir='ltr'><strong>logiam</strong></span> <span class='ocrx_word' id='word_1_294' title='bbox 752 2920 912 2967; x_wconf 86' lang='lat' dir='ltr'><strong>vocet</strong></span> <span class='ocrx_word' id='word_1_295' title='bbox 957 2911 1131 2966; x_wconf 84' lang='lat' dir='ltr'><strong>divini</strong></span> <span class='ocrx_word' id='word_1_296' title='bbox 1174 2910 1333 2966; x_wconf 89' lang='lat' dir='ltr'><strong>Pauli</strong></span> <span class='ocrx_word' id='word_1_297' title='bbox 1384 2911 1766 2985; x_wconf 89' lang='lat' dir='ltr'><strong>Scripturam;</strong></span> <span class='ocrx_word' id='word_1_298' title='bbox 1800 2913 1916 2984; x_wconf 89' lang='lat' dir='ltr'><strong>ipse</strong></span> <span class='ocrx_word' id='word_1_299' title='bbox 1945 2916 2094 2971; x_wconf 88' lang='lat' dir='ltr'><strong>enim</strong></span> 
     </span>
    </p>
   </div>
   <div class='ocr_carea' id='block_1_44' title="bbox 502 2991 2092 3074">
    <p class='ocr_par' dir='ltr' id='par_1_44' title="bbox 502 2991 2092 3074">
     <span class='ocr_line' id='line_1_44' title="bbox 502 2991 2092 3074; baseline 0.004 -17"><span class='ocrx_word' id='word_1_300' title='bbox 502 3009 589 3057; x_wconf 89' lang='lat' dir='ltr'><strong>est</strong></span> <span class='ocrx_word' id='word_1_301' title='bbox 619 3003 714 3074; x_wconf 89' lang='lat' dir='ltr'><strong>qui</strong></span> <span class='ocrx_word' id='word_1_302' title='bbox 747 3002 914 3067; x_wconf 88' lang='lat' dir='ltr'><strong>dicit,</strong></span> <span class='ocrx_word' id='word_1_303' title='bbox 961 3003 1157 3059; x_wconf 86' lang='lat' dir='ltr'><strong>donari</strong></span> <span class='ocrx_word' id='word_1_304' title='bbox 1203 3003 1496 3059; x_wconf 83' lang='lat' dir='ltr'><strong>manifeste</strong></span> <span class='ocrx_word' id='word_1_305' title='bbox 1540 2991 1579 3058; x_wconf 45' lang='lat' dir='ltr'><strong>&#39;a</strong></span> <span class='ocrx_word' id='word_1_306' title='bbox 1627 3005 1740 3061; x_wconf 90' lang='lat' dir='ltr'><strong>Deo</strong></span> <span class='ocrx_word' id='word_1_307' title='bbox 1789 3008 2092 3062; x_wconf 87' lang='lat' dir='ltr'><strong>secundum</strong></span> 
     </span>
    </p>
   </div>
   <div class='ocr_carea' id='block_1_45' title="bbox 501 3085 2095 3166">
    <p class='ocr_par' dir='ltr' id='par_1_45' title="bbox 501 3085 2095 3166">
     <span class='ocr_line' id='line_1_45' title="bbox 501 3085 2095 3166; baseline 0.003 -17"><span class='ocrx_word' id='word_1_308' title='bbox 501 3110 820 3150; x_wconf 86' lang='lat' dir='ltr'><strong>mensuram</strong></span> <span class='ocrx_word' id='word_1_309' title='bbox 853 3096 1126 3166; x_wconf 85' lang='lat' dir='ltr'><strong>cujusque</strong></span> <span class='ocrx_word' id='word_1_310' title='bbox 1150 3095 1433 3153; x_wconf 81' lang='lat' dir='ltr'><strong>facultatis</strong></span> <span class='ocrx_word' id='word_1_311' title='bbox 1465 3085 1914 3165; x_wconf 84' lang='lat' dir='ltr'><strong>illustrationem;</strong></span> <span class='ocrx_word' id='word_1_312' title='bbox 1951 3100 2095 3154; x_wconf 89' lang='lat' dir='ltr'><strong>sicut</strong></span> 
     </span>
    </p>
   </div>
   <div class='ocr_carea' id='block_1_46' title="bbox 503 3186 2096 3260">
    <p class='ocr_par' dir='ltr' id='par_1_46' title="bbox 503 3186 2096 3260">
     <span class='ocr_line' id='line_1_46' title="bbox 503 3186 2096 3260; baseline 0.004 -18"><span class='ocrx_word' id='word_1_313' title='bbox 503 3187 651 3242; x_wconf 91' lang='lat' dir='ltr'><strong>enim</strong></span> <span class='ocrx_word' id='word_1_314' title='bbox 684 3186 953 3244; x_wconf 90' lang='lat' dir='ltr'><strong>Dominus</strong></span> <span class='ocrx_word' id='word_1_315' title='bbox 975 3189 1221 3244; x_wconf 88' lang='lat' dir='ltr'><strong>declarat</strong></span> <span class='ocrx_word' id='word_1_316' title='bbox 1254 3188 1449 3246; x_wconf 91' lang='lat' dir='ltr'><strong>dicens</strong></span> <span class='ocrx_word' id='word_1_317' title='bbox 1472 3189 1902 3260; x_wconf 84' lang='lat' dir='ltr'><strong>perfectioribus</strong></span> <span class='ocrx_word' id='word_1_318' title='bbox 1933 3193 2096 3250; x_wconf 88' lang='lat' dir='ltr'><strong>disci-</strong></span> 
     </span>
    </p>
   </div>
   <div class='ocr_carea' id='block_1_47' title="bbox 503 3279 2094 3357">
    <p class='ocr_par' dir='ltr' id='par_1_47' title="bbox 503 3279 2094 3357">
     <span class='ocr_line' id='line_1_47' title="bbox 503 3279 2094 3357; baseline 0.003 -22"><span class='ocrx_word' id='word_1_319' title='bbox 503 3281 650 3351; x_wconf 90' lang='lat' dir='ltr'><strong>pulis</strong></span> <span class='ocrx_word' id='word_1_320' title='bbox 677 3300 692 3336; x_wconf 88' lang='lat'><strong>:</strong></span> <span class='ocrx_word' id='word_1_321' title='bbox 733 3279 891 3336; x_wconf 78' lang='lat' dir='ltr'><strong>Vobis</strong></span> <span class='ocrx_word' id='word_1_322' title='bbox 930 3281 1116 3336; x_wconf 82' lang='lat' dir='ltr'><strong>datum</strong></span> <span class='ocrx_word' id='word_1_323' title='bbox 1143 3293 1222 3336; x_wconf 73' lang='lat' dir='ltr'><strong>est</strong></span> <span class='ocrx_word' id='word_1_324' title='bbox 1248 3299 1400 3337; x_wconf 77' lang='lat' dir='ltr'><strong>nosse</strong></span> <span class='ocrx_word' id='word_1_325' title='bbox 1434 3284 1689 3354; x_wconf 79' lang='lat' dir='ltr'><strong>mysteria</strong></span> <span class='ocrx_word' id='word_1_326' title='bbox 1735 3283 1846 3356; x_wconf 64' lang='grc'><strong>94</strong></span> <span class='ocrx_word' id='word_1_327' title='bbox 1877 3287 2021 3357; x_wconf 77' lang='lat' dir='ltr'><strong>regni</strong></span> <span class='ocrx_word' id='word_1_328' title='bbox 2041 3288 2094 3354; x_wconf 72' lang='grc' dir='ltr'>ιι,</span> 
     </span>
    </p>
   </div>
   <div class='ocr_carea' id='block_1_48' title="bbox 501 3373 2095 3448">
    <p class='ocr_par' dir='ltr' id='par_1_48' title="bbox 501 3373 2095 3448">
     <span class='ocr_line' id='line_1_48' title="bbox 501 3373 2095 3448; baseline 0.003 -20"><span class='ocrx_word' id='word_1_329' title='bbox 501 3373 674 3428; x_wconf 80' lang='lat' dir='ltr'><strong>veluti</strong></span> <span class='ocrx_word' id='word_1_330' title='bbox 707 3388 833 3428; x_wconf 85' lang='lat' dir='ltr'><strong>cum</strong></span> <span class='ocrx_word' id='word_1_331' title='bbox 885 3373 1085 3442; x_wconf 89' lang='lat' dir='ltr'><strong>majori</strong></span> <span class='ocrx_word' id='word_1_332' title='bbox 1133 3374 1336 3429; x_wconf 88' lang='lat' dir='ltr'><strong>mentis</strong></span> <span class='ocrx_word' id='word_1_333' title='bbox 1377 3374 1724 3446; x_wconf 80' lang='lat' dir='ltr'><strong>perfectione</strong></span> <span class='ocrx_word' id='word_1_334' title='bbox 1767 3376 1835 3432; x_wconf 89' lang='lat' dir='ltr'><strong>iis</strong></span> <span class='ocrx_word' id='word_1_335' title='bbox 1867 3394 1989 3448; x_wconf 70' lang='lat' dir='ltr'><strong>qua:</strong></span> <span class='ocrx_word' id='word_1_336' title='bbox 2026 3378 2095 3434; x_wconf 86' lang='lat' dir='ltr'><strong>de</strong></span> 
     </span>
    </p>
   </div>
   <div class='ocr_carea' id='block_1_49' title="bbox 503 3463 2097 3533">
    <p class='ocr_par' dir='ltr' id='par_1_49' title="bbox 503 3463 2097 3533">
     <span class='ocr_line' id='line_1_49' title="bbox 503 3463 2097 3533; baseline 0.004 -15"><span class='ocrx_word' id='word_1_337' title='bbox 503 3463 617 3520; x_wconf 89' lang='lat' dir='ltr'><strong>Deo</strong></span> <span class='ocrx_word' id='word_1_338' title='bbox 633 3464 896 3520; x_wconf 90' lang='lat' dir='ltr'><strong>dicuntur</strong></span> <span class='ocrx_word' id='word_1_339' title='bbox 915 3467 1352 3533; x_wconf 88' lang='lat' dir='ltr'><strong>attendentibus;</strong></span> <span class='ocrx_word' id='word_1_340' title='bbox 1372 3483 1483 3521; x_wconf 93' lang='lat' dir='ltr'><strong>non</strong></span> <span class='ocrx_word' id='word_1_341' title='bbox 1501 3467 1680 3522; x_wconf 92' lang='lat' dir='ltr'><strong>solum</strong></span> <span class='ocrx_word' id='word_1_342' title='bbox 1703 3479 1883 3524; x_wconf 89' lang='lat' dir='ltr'><strong>autem</strong></span> <span class='ocrx_word' id='word_1_343' title='bbox 1914 3469 1982 3524; x_wconf 86' lang='lat' dir='ltr'><strong>de</strong></span> <span class='ocrx_word' id='word_1_344' title='bbox 1997 3470 2097 3525; x_wconf 89' lang='lat' dir='ltr'><strong>ho-</strong></span> 
     </span>
    </p>
   </div>
   <div class='ocr_carea' id='block_1_50' title="bbox 503 3559 2095 3634">
    <p class='ocr_par' dir='ltr' id='par_1_50' title="bbox 503 3559 2095 3634">
     <span class='ocr_line' id='line_1_50' title="bbox 503 3559 2095 3634; baseline 0.004 -21"><span class='ocrx_word' id='word_1_345' title='bbox 503 3559 746 3614; x_wconf 89' lang='lat' dir='ltr'><strong>minibus</strong></span> <span class='ocrx_word' id='word_1_346' title='bbox 763 3559 896 3615; x_wconf 91' lang='lat' dir='ltr'><strong>dicit</strong></span> <span class='ocrx_word' id='word_1_347' title='bbox 915 3559 1019 3614; x_wconf 93' lang='lat' dir='ltr'><strong>hoc</strong></span> <span class='ocrx_word' id='word_1_348' title='bbox 1034 3560 1306 3631; x_wconf 88' lang='lat' dir='ltr'><strong>disputari</strong></span> <span class='ocrx_word' id='word_1_349' title='bbox 1322 3577 1555 3631; x_wconf 84' lang='lat' dir='ltr'><strong>magnus</strong></span> <span class='ocrx_word' id='word_1_350' title='bbox 1574 3561 1886 3634; x_wconf 87' lang='lat' dir='ltr'><strong>Dionysius;</strong></span> <span class='ocrx_word' id='word_1_351' title='bbox 1906 3578 2095 3619; x_wconf 83' lang='lat' dir='ltr'><strong>verum</strong></span> 
     </span>
    </p>
   </div>
   <div class='ocr_carea' id='block_1_51' title="bbox 505 3652 2095 3724">
    <p class='ocr_par' dir='ltr' id='par_1_51' title="bbox 505 3652 2095 3724">
     <span class='ocr_line' id='line_1_51' title="bbox 505 3652 2095 3724; baseline 0.004 -19"><span class='ocrx_word' id='word_1_352' title='bbox 505 3652 668 3706; x_wconf 89' lang='lat' dir='ltr'><strong>etiam</strong></span> <span class='ocrx_word' id='word_1_353' title='bbox 712 3652 784 3708; x_wconf 90' lang='lat' dir='ltr'><strong>de</strong></span> <span class='ocrx_word' id='word_1_354' title='bbox 827 3653 1058 3724; x_wconf 78' lang='lat' dir='ltr'><strong>angelis,</strong></span> <span class='ocrx_word' id='word_1_355' title='bbox 1107 3668 1246 3724; x_wconf 92' lang='lat' dir='ltr'><strong>quos</strong></span> <span class='ocrx_word' id='word_1_356' title='bbox 1285 3655 1425 3709; x_wconf 91' lang='lat' dir='ltr'><strong>solet</strong></span> <span class='ocrx_word' id='word_1_357' title='bbox 1457 3655 1744 3710; x_wconf 90' lang='lat' dir='ltr'><strong>nominare</strong></span> <span class='ocrx_word' id='word_1_358' title='bbox 1791 3655 2095 3712; x_wconf 91' lang='lat' dir='ltr'><strong>secundum</strong></span> 
     </span>
    </p>
   </div>
   <div class='ocr_carea' id='block_1_52' title="bbox 506 3743 2097 3818">
    <p class='ocr_par' dir='ltr' id='par_1_52' title="bbox 506 3743 2097 3818">
     <span class='ocr_line' id='line_1_52' title="bbox 506 3743 2097 3818; baseline 0.005 -23"><span class='ocrx_word' id='word_1_359' title='bbox 506 3743 774 3811; x_wconf 68' lang='lat' dir='ltr'><strong>quosdam</strong></span> <span class='ocrx_word' id='word_1_360' title='bbox 803 3743 1066 3814; x_wconf 82' lang='lat' dir='ltr'><strong>profanos</strong></span> <span class='ocrx_word' id='word_1_361' title='bbox 1099 3744 1460 3815; x_wconf 81' lang='lat' dir='ltr'><strong>phi1050phos</strong></span> <span class='ocrx_word' id='word_1_362' title='bbox 1492 3753 1725 3811; x_wconf 79' lang='lat' dir='ltr'><strong>mentes;</strong></span> <span class='ocrx_word' id='word_1_363' title='bbox 1768 3762 1889 3817; x_wconf 60' lang='lat' dir='ltr'><strong>quae</strong></span> <span class='ocrx_word' id='word_1_364' title='bbox 1935 3763 2097 3818; x_wconf 89' lang='lat' dir='ltr'><strong>supe-</strong></span> 
     </span>
    </p>
   </div>
   <div class='ocr_carea' id='block_1_53' title="bbox 506 3833 2097 3904">
    <p class='ocr_par' dir='ltr' id='par_1_53' title="bbox 506 3833 2097 3904">
     <span class='ocr_line' id='line_1_53' title="bbox 506 3833 2097 3904; baseline 0.007 -19"><span class='ocrx_word' id='word_1_365' title='bbox 506 3833 714 3888; x_wconf 90' lang='lat' dir='ltr'><strong>riorum</strong></span> <span class='ocrx_word' id='word_1_366' title='bbox 747 3835 1006 3890; x_wconf 89' lang='lat' dir='ltr'><strong>ordinum</strong></span> <span class='ocrx_word' id='word_1_367' title='bbox 1049 3843 1264 3892; x_wconf 89' lang='lat' dir='ltr'><strong>mentes</strong></span> <span class='ocrx_word' id='word_1_368' title='bbox 1288 3837 1449 3892; x_wconf 66' lang='lat' dir='ltr'><strong>dictae</strong></span> <span class='ocrx_word' id='word_1_369' title='bbox 1481 3845 1632 3904; x_wconf 92' lang='lat' dir='ltr'><strong>sunt,</strong></span> <span class='ocrx_word' id='word_1_370' title='bbox 1662 3845 1724 3892; x_wconf 94' lang='lat' dir='ltr'><strong>ut</strong></span> <span class='ocrx_word' id='word_1_371' title='bbox 1755 3839 1979 3895; x_wconf 90' lang='lat' dir='ltr'><strong>omnino</strong></span> <span class='ocrx_word' id='word_1_372' title='bbox 2009 3855 2097 3896; x_wconf 87' lang='lat' dir='ltr'><strong>es-</strong></span> 
     </span>
    </p>
   </div>
   <div class='ocr_carea' id='block_1_54' title="bbox 508 3928 2091 4003">
    <p class='ocr_par' dir='ltr' id='par_1_54' title="bbox 508 3928 2091 4003">
     <span class='ocr_line' id='line_1_54' title="bbox 508 3928 2091 4003; baseline 0.004 -22"><span class='ocrx_word' id='word_1_373' title='bbox 508 3928 814 3984; x_wconf 88' lang='lat' dir='ltr'><strong>sentialiter</strong></span> <span class='ocrx_word' id='word_1_374' title='bbox 865 3944 1026 3985; x_wconf 91' lang='lat' dir='ltr'><strong>mens</strong></span> <span class='ocrx_word' id='word_1_375' title='bbox 1076 3929 1412 3986; x_wconf 79' lang='lat' dir='ltr'><strong>exsistentes</strong></span> <span class='ocrx_word' id='word_1_376' title='bbox 1437 3969 1454 3993; x_wconf 94' lang='lat'><strong>,</strong></span> <span class='ocrx_word' id='word_1_377' title='bbox 1489 3930 1674 3984; x_wconf 89' lang='lat' dir='ltr'><strong>omnia</strong></span> <span class='ocrx_word' id='word_1_378' title='bbox 1705 3930 2091 4003; x_wconf 85' lang='lat' dir='ltr'><strong>intelligentes,</strong></span> 
     </span>
    </p>
   </div>
   <div class='ocr_carea' id='block_1_55' title="bbox 506 4020 2096 4094">
    <p class='ocr_par' dir='ltr' id='par_1_55' title="bbox 506 4020 2096 4094">
     <span class='ocr_line' id='line_1_55' title="bbox 506 4020 2096 4094; baseline 0.004 -21"><span class='ocrx_word' id='word_1_379' title='bbox 506 4035 627 4089; x_wconf 77' lang='lat' dir='ltr'><strong>quae</strong></span> <span class='ocrx_word' id='word_1_380' title='bbox 658 4021 811 4076; x_wconf 90' lang='lat' dir='ltr'><strong>unite</strong></span> <span class='ocrx_word' id='word_1_381' title='bbox 845 4037 876 4076; x_wconf 89' lang='lat' dir='ltr'><strong>a</strong></span> <span class='ocrx_word' id='word_1_382' title='bbox 903 4021 1016 4077; x_wconf 91' lang='lat' dir='ltr'><strong>Deo</strong></span> <span class='ocrx_word' id='word_1_383' title='bbox 1037 4020 1090 4074; x_wconf 91' lang='lat' dir='ltr'><strong>in</strong></span> <span class='ocrx_word' id='word_1_384' title='bbox 1113 4021 1260 4094; x_wconf 83' lang='lat' dir='ltr'><strong>ipsos</strong></span> <span class='ocrx_word' id='word_1_385' title='bbox 1276 4023 1544 4078; x_wconf 92' lang='lat' dir='ltr'><strong>continuo</strong></span> <span class='ocrx_word' id='word_1_386' title='bbox 1570 4020 1924 4079; x_wconf 73' lang='lat' dir='ltr'><strong>derivautur&#39;:</strong></span> <span class='ocrx_word' id='word_1_387' title='bbox 1950 4025 2096 4080; x_wconf 91' lang='lat' dir='ltr'><strong>unde</strong></span> 
     </span>
    </p>
   </div>
   <div class='ocr_carea' id='block_1_56' title="bbox 506 4115 2095 4173">
    <p class='ocr_par' dir='ltr' id='par_1_56' title="bbox 506 4115 2095 4173">
     <span class='ocr_line' id='line_1_56' title="bbox 506 4115 2095 4173; baseline 0.003 -8"><span class='ocrx_word' id='word_1_388' title='bbox 506 4119 563 4166; x_wconf 91' lang='lat' dir='ltr'><strong>et</strong></span> <span class='ocrx_word' id='word_1_389' title='bbox 594 4115 693 4167; x_wconf 93' lang='lat' dir='ltr'><strong>toti</strong></span> <span class='ocrx_word' id='word_1_390' title='bbox 727 4115 970 4171; x_wconf 90' lang='lat' dir='ltr'><strong>totaliter</strong></span> <span class='ocrx_word' id='word_1_391' title='bbox 1003 4115 1275 4170; x_wconf 89' lang='lat' dir='ltr'><strong>inoculari</strong></span> <span class='ocrx_word' id='word_1_392' title='bbox 1323 4115 1583 4172; x_wconf 91' lang='lat' dir='ltr'><strong>dicuntur</strong></span> <span class='ocrx_word' id='word_1_393' title='bbox 1629 4116 1686 4171; x_wconf 91' lang='lat' dir='ltr'><strong>in</strong></span> <span class='ocrx_word' id='word_1_394' title='bbox 1725 4116 2095 4173; x_wconf 88' lang='lat' dir='ltr'><strong>sanctissimis</strong></span> 
     </span>
    </p>
   </div>
   <div class='ocr_carea' id='block_1_57' title="bbox 508 4205 849 4263">
    <p class='ocr_par' dir='ltr' id='par_1_57' title="bbox 508 4205 849 4263">
     <span class='ocr_line' id='line_1_57' title="bbox 508 4205 849 4263; baseline 0.012 -5"><span class='ocrx_word' id='word_1_395' title='bbox 508 4205 849 4263; x_wconf 87' lang='lat' dir='ltr'><strong>cherubinis.</strong></span> 
     </span>
    </p>
   </div>
   <div class='ocr_carea' id='block_1_58' title="bbox 582 4297 2096 4373">
    <p class='ocr_par' dir='ltr' id='par_1_58' title="bbox 582 4297 2096 4373">
     <span class='ocr_line' id='line_1_58' title="bbox 582 4297 2096 4373; baseline 0.003 -23"><span class='ocrx_word' id='word_1_396' title='bbox 582 4297 776 4351; x_wconf 80' lang='lat' dir='ltr'><strong>Divina</strong></span> <span class='ocrx_word' id='word_1_397' title='bbox 813 4299 1134 4356; x_wconf 80' lang='lat' dir='ltr'><strong>revelantur.</strong></span> <span class='ocrx_word' id='word_1_398' title='bbox 1167 4300 1306 4356; x_wconf 87' lang='lat' dir='ltr'><strong>Nota</strong></span> <span class='ocrx_word' id='word_1_399' title='bbox 1347 4303 1574 4373; x_wconf 79' lang='lat' dir='ltr'><strong>angelos</strong></span> <span class='ocrx_word' id='word_1_400' title='bbox 1619 4301 1778 4372; x_wconf 81' lang='lat' dir='ltr'><strong>juxta</strong></span> <span class='ocrx_word' id='word_1_401' title='bbox 1813 4301 2096 4372; x_wconf 86' lang='lat' dir='ltr'><strong>proprium</strong></span> 
     </span>
    </p>
   </div>
   <div class='ocr_carea' id='block_1_59' title="bbox 510 4390 1676 4464">
    <p class='ocr_par' dir='ltr' id='par_1_59' title="bbox 510 4390 1676 4464">
     <span class='ocr_line' id='line_1_59' title="bbox 510 4390 1676 4464; baseline 0.007 -22"><span class='ocrx_word' id='word_1_402' title='bbox 510 4398 728 4458; x_wconf 89' lang='lat' dir='ltr'><strong>captum</strong></span> <span class='ocrx_word' id='word_1_403' title='bbox 762 4390 855 4446; x_wconf 91' lang='lat' dir='ltr'><strong>Dei</strong></span> <span class='ocrx_word' id='word_1_404' title='bbox 890 4393 1206 4464; x_wconf 80' lang='lat' dir='ltr'><strong>cognitione</strong></span> <span class='ocrx_word' id='word_1_405' title='bbox 1230 4393 1428 4464; x_wconf 80' lang='lat' dir='ltr'><strong>dignos</strong></span> <span class='ocrx_word' id='word_1_406' title='bbox 1461 4395 1676 4450; x_wconf 90' lang='lat' dir='ltr'><strong>haberi.</strong></span> 
     </span>
    </p>
   </div>
   <div class='ocr_carea' id='block_1_60' title="bbox 2193 1961 3763 2046">
    <p class='ocr_par' dir='ltr' id='par_1_60' title="bbox 2193 1961 3763 2046">
     <span class='ocr_line' id='line_1_60' title="bbox 2193 1961 3763 2046; baseline 0.01 -33"><span class='ocrx_word' id='word_1_407' title='bbox 2193 1961 2322 2024; x_wconf 72' lang='grc' dir='ltr'>ἴσως</span> <span class='ocrx_word' id='word_1_408' title='bbox 2343 1965 2462 2026; x_wconf 84' lang='grc' dir='ltr'>ταῖς</span> <span class='ocrx_word' id='word_1_409' title='bbox 2481 1964 2612 2035; x_wconf 73' lang='grc' dir='ltr'>περὶ</span> <span class='ocrx_word' id='word_1_410' title='bbox 2630 1963 2791 2018; x_wconf 83' lang='grc' dir='ltr'>αὐτὸν</span> <span class='ocrx_word' id='word_1_411' title='bbox 2819 1965 3052 2033; x_wconf 79' lang='grc' dir='ltr'><strong>ἀκτῖσιν,</strong></span> <span class='ocrx_word' id='word_1_412' title='bbox 3083 1968 3224 2022; x_wconf 87' lang='grc' dir='ltr'>οῦτω</span> <span class='ocrx_word' id='word_1_413' title='bbox 3245 1968 3376 2024; x_wconf 83' lang='grc' dir='ltr'><strong>Θεὸν</strong></span> <span class='ocrx_word' id='word_1_414' title='bbox 3392 1972 3557 2026; x_wconf 81' lang='grc' dir='ltr'>αὑτὸν</span> <span class='ocrx_word' id='word_1_415' title='bbox 3584 1974 3763 2046; x_wconf 82' lang='grc' dir='ltr'>νοῆσαι</span> 
     </span>
    </p>
   </div>
   <div class='ocr_carea' id='block_1_61' title="bbox 2191 2054 2578 2126">
    <p class='ocr_par' dir='ltr' id='par_1_61' title="bbox 2191 2054 2578 2126">
     <span class='ocr_line' id='line_1_61' title="bbox 2191 2054 2578 2126; baseline 0.01 -20"><span class='ocrx_word' id='word_1_416' title='bbox 2191 2054 2252 2106; x_wconf 80' lang='grc' dir='ltr'>οὐ</span> <span class='ocrx_word' id='word_1_417' title='bbox 2273 2054 2449 2126; x_wconf 90' lang='grc' dir='ltr'>χωροῦ</span> <span class='ocrx_word' id='word_1_418' title='bbox 2457 2072 2578 2126; x_wconf 86' lang='grc' dir='ltr'>μεν.</span> 
     </span>
    </p>
   </div>
   <div class='ocr_carea' id='block_1_62' title="bbox 2269 2146 3764 2232">
    <p class='ocr_par' dir='ltr' id='par_1_62' title="bbox 2269 2146 3764 2232">
     <span class='ocr_line' id='line_1_62' title="bbox 2269 2146 3764 2232; baseline 0.01 -33"><span class='ocrx_word' id='word_1_419' title='bbox 2269 2146 2349 2216; x_wconf 78' lang='grc' dir='ltr'><em>Τῇ</em></span> <span class='ocrx_word' id='word_1_420' title='bbox 2378 2149 2510 2217; x_wconf 77' lang='grc' dir='ltr'>περὶ</span> <span class='ocrx_word' id='word_1_421' title='bbox 2539 2149 2612 2202; x_wconf 84' lang='grc' dir='ltr'>τὰ</span> <span class='ocrx_word' id='word_1_422' title='bbox 2641 2149 2769 2205; x_wconf 79' lang='grc' dir='ltr'>θεῖα</span> <span class='ocrx_word' id='word_1_423' title='bbox 2784 2152 3170 2222; x_wconf 70' lang='grc' dir='ltr'><strong>σωφροσύνῃ.</strong></span> <span class='ocrx_word' id='word_1_424' title='bbox 3194 2154 3268 2209; x_wconf 82' lang='grc' dir='ltr'><strong>Οὐ</strong></span> <span class='ocrx_word' id='word_1_425' title='bbox 3289 2156 3398 2228; x_wconf 84' lang='grc' dir='ltr'>γὰρ</span> <span class='ocrx_word' id='word_1_426' title='bbox 3427 2159 3764 2232; x_wconf 83' lang='grc' dir='ltr'>κατατολμη-</span> 
     </span>
    </p>
   </div>
   <div class='ocr_carea' id='block_1_63' title="bbox 2190 2237 3768 2324">
    <p class='ocr_par' dir='ltr' id='par_1_63' title="bbox 2190 2237 3768 2324">
     <span class='ocr_line' id='line_1_63' title="bbox 2190 2237 3768 2324; baseline 0.009 -33"><span class='ocrx_word' id='word_1_427' title='bbox 2190 2237 2370 2292; x_wconf 80' lang='grc' dir='ltr'>τέον⁵⁸</span> <span class='ocrx_word' id='word_1_428' title='bbox 2423 2240 2718 2310; x_wconf 85' lang='grc' dir='ltr'>θεολογίας,</span> <span class='ocrx_word' id='word_1_429' title='bbox 2765 2241 2900 2295; x_wconf 85' lang='grc' dir='ltr'><strong>ἀλλά</strong></span> <span class='ocrx_word' id='word_1_430' title='bbox 2938 2246 3302 2317; x_wconf 81' lang='grc' dir='ltr'>σωφρονοῦντι</span> <span class='ocrx_word' id='word_1_431' title='bbox 3341 2247 3592 2322; x_wconf 82' lang='grc' dir='ltr'>λογισμῷ</span> <span class='ocrx_word' id='word_1_432' title='bbox 3630 2269 3768 2324; x_wconf 85' lang='grc' dir='ltr'>μετι-</span> 
     </span>
    </p>
   </div>
   <div class='ocr_carea' id='block_1_64' title="bbox 2191 2328 3767 2414">
    <p class='ocr_par' dir='ltr' id='par_1_64' title="bbox 2191 2328 3767 2414">
     <span class='ocr_line' id='line_1_64' title="bbox 2191 2328 3767 2414; baseline 0.01 -32"><span class='ocrx_word' id='word_1_433' title='bbox 2191 2328 2312 2383; x_wconf 87' lang='grc' dir='ltr'>τέον</span> <span class='ocrx_word' id='word_1_434' title='bbox 2338 2331 2437 2404; x_wconf 81' lang='grc' dir='ltr'><strong>τὴν</strong></span> <span class='ocrx_word' id='word_1_435' title='bbox 2469 2333 2598 2405; x_wconf 61' lang='grc' dir='ltr'><strong>’περὶ⁸</strong></span> <span class='ocrx_word' id='word_1_436' title='bbox 2623 2335 2683 2386; x_wconf 87' lang='grc' dir='ltr'><strong>τὸ</strong></span> <span class='ocrx_word' id='word_1_437' title='bbox 2708 2333 2849 2388; x_wconf 89' lang='grc' dir='ltr'>θεῖον</span> <span class='ocrx_word' id='word_1_438' title='bbox 2873 2336 3038 2400; x_wconf 79' lang='grc' dir='ltr'>σέϐας</span> <span class='ocrx_word' id='word_1_439' title='bbox 3058 2337 3312 2411; x_wconf 84' lang='grc' dir='ltr'>ὁσιότητα</span> <span class='ocrx_word' id='word_1_440' title='bbox 3341 2341 3409 2405; x_wconf 82' lang='grc'><strong>³⁸,</strong></span> <span class='ocrx_word' id='word_1_441' title='bbox 3436 2341 3578 2413; x_wconf 86' lang='grc' dir='ltr'>μόνα</span> <span class='ocrx_word' id='word_1_442' title='bbox 3610 2343 3767 2414; x_wconf 68' lang='grc' dir='ltr'>φθεγο</span> 
     </span>
    </p>
   </div>
   <div class='ocr_carea' id='block_1_65' title="bbox 2192 2423 3767 2509">
    <p class='ocr_par' dir='ltr' id='par_1_65' title="bbox 2192 2423 3767 2509">
     <span class='ocr_line' id='line_1_65' title="bbox 2192 2423 3767 2509; baseline 0.009 -32"><span class='ocrx_word' id='word_1_443' title='bbox 2192 2423 2454 2495; x_wconf 88' lang='grc' dir='ltr'>γομένους</span> <span class='ocrx_word' id='word_1_444' title='bbox 2480 2427 2574 2480; x_wconf 76' lang='grc' dir='ltr'>καὶ</span> <span class='ocrx_word' id='word_1_445' title='bbox 2605 2427 2742 2494; x_wconf 87' lang='grc' dir='ltr'>πρὸς</span> <span class='ocrx_word' id='word_1_446' title='bbox 2770 2429 3066 2500; x_wconf 79' lang='grc' dir='ltr'><strong>ἑρμηνείαν</strong></span> <span class='ocrx_word' id='word_1_447' title='bbox 3083 2431 3316 2500; x_wconf 87' lang='grc' dir='ltr'>ἄγοντας</span> <span class='ocrx_word' id='word_1_448' title='bbox 3341 2435 3528 2489; x_wconf 82' lang='grc' dir='ltr'>ἐκεῖνα</span> <span class='ocrx_word' id='word_1_449' title='bbox 3553 2435 3623 2490; x_wconf 76' lang='grc' dir='ltr'>τὰ</span> <span class='ocrx_word' id='word_1_450' title='bbox 3651 2437 3767 2509; x_wconf 70' lang='grc' dir='ltr'>περὶ</span> 
     </span>
    </p>
   </div>
   <div class='ocr_carea' id='block_1_66' title="bbox 2192 2515 3768 2603">
    <p class='ocr_par' dir='ltr' id='par_1_66' title="bbox 2192 2515 3768 2603">
     <span class='ocr_line' id='line_1_66' title="bbox 2192 2515 3768 2603; baseline 0.01 -35"><span class='ocrx_word' id='word_1_451' title='bbox 2192 2515 2287 2569; x_wconf 92' lang='grc' dir='ltr'><strong>τοῦ</strong></span> <span class='ocrx_word' id='word_1_452' title='bbox 2324 2516 2457 2570; x_wconf 93' lang='grc' dir='ltr'>Θεοῦ</span> <span class='ocrx_word' id='word_1_453' title='bbox 2489 2517 2628 2571; x_wconf 75' lang='grc' dir='ltr'>κατὰ</span> <span class='ocrx_word' id='word_1_454' title='bbox 2657 2519 2756 2591; x_wconf 82' lang='grc' dir='ltr'><strong>τὴν</strong></span> <span class='ocrx_word' id='word_1_455' title='bbox 2786 2520 3007 2594; x_wconf 81' lang='grc' dir='ltr'>Γραφὴν</span> <span class='ocrx_word' id='word_1_456' title='bbox 3047 2524 3528 2598; x_wconf 85' lang='grc' dir='ltr'>χρησμῳδηθέντα,</span> <span class='ocrx_word' id='word_1_457' title='bbox 3565 2528 3644 2594; x_wconf 86' lang='grc' dir='ltr'>ὡς</span> <span class='ocrx_word' id='word_1_458' title='bbox 3672 2530 3768 2603; x_wconf 82' lang='grc' dir='ltr'><strong>πρὸ</strong></span> 
     </span>
    </p>
   </div>
   <div class='ocr_carea' id='block_1_67' title="bbox 2197 2604 2670 2681">
    <p class='ocr_par' dir='ltr' id='par_1_67' title="bbox 2197 2604 2670 2681">
     <span class='ocr_line' id='line_1_67' title="bbox 2197 2604 2670 2681; baseline 0.011 -19"><span class='ocrx_word' id='word_1_459' title='bbox 2197 2607 2394 2681; x_wconf 80' lang='grc' dir='ltr'>μικροῦ</span> <span class='ocrx_word' id='word_1_460' title='bbox 2429 2604 2583 2664; x_wconf 74' lang='grc' dir='ltr'>εἶπεν</span> <span class='ocrx_word' id='word_1_461' title='bbox 2603 2611 2670 2667; x_wconf 83' lang='grc'><strong>⁸⁷.</strong></span> 
     </span>
    </p>
   </div>
   <div class='ocr_carea' id='block_1_68' title="bbox 2277 2812 3767 2894">
    <p class='ocr_par' dir='ltr' id='par_1_68' title="bbox 2277 2812 3767 2894">
     <span class='ocr_line' id='line_1_68' title="bbox 2277 2812 3767 2894; baseline 0.009 -28"><span class='ocrx_word' id='word_1_462' title='bbox 2277 2812 2673 2885; x_wconf 79' lang='grc' dir='ltr'>Ἆληθεστάτῃ</span> <span class='ocrx_word' id='word_1_463' title='bbox 2713 2819 3007 2888; x_wconf 77' lang='grc' dir='ltr'>θεολογίᾳ.</span> <span class='ocrx_word' id='word_1_464' title='bbox 3042 2819 3181 2891; x_wconf 86' lang='grc' dir='ltr'>Ὅρα</span> <span class='ocrx_word' id='word_1_465' title='bbox 3222 2820 3340 2885; x_wconf 83' lang='grc' dir='ltr'><strong>πῶς</strong></span> <span class='ocrx_word' id='word_1_466' title='bbox 3376 2821 3553 2894; x_wconf 80' lang='grc' dir='ltr'>ἀληθῆ</span> <span class='ocrx_word' id='word_1_467' title='bbox 3599 2823 3767 2878; x_wconf 87' lang='grc' dir='ltr'>θεολο-</span> 
     </span>
    </p>
   </div>
   <div class='ocr_carea' id='block_1_69' title="bbox 2194 2903 3768 2988">
    <p class='ocr_par' dir='ltr' id='par_1_69' title="bbox 2194 2903 3768 2988">
     <span class='ocr_line' id='line_1_69' title="bbox 2194 2903 3768 2988; baseline 0.01 -32"><span class='ocrx_word' id='word_1_468' title='bbox 2194 2903 2320 2973; x_wconf 88' lang='grc' dir='ltr'>γίαν</span> <span class='ocrx_word' id='word_1_469' title='bbox 2346 2905 2502 2959; x_wconf 84' lang='grc' dir='ltr'>καλεῖ</span> <span class='ocrx_word' id='word_1_470' title='bbox 2525 2908 2624 2980; x_wconf 82' lang='grc' dir='ltr'><strong>τὴν</strong></span> <span class='ocrx_word' id='word_1_471' title='bbox 2648 2907 2742 2962; x_wconf 90' lang='grc' dir='ltr'><strong>τοῦ</strong></span> <span class='ocrx_word' id='word_1_472' title='bbox 2777 2909 2919 2963; x_wconf 84' lang='grc' dir='ltr'>θείου</span> <span class='ocrx_word' id='word_1_473' title='bbox 2955 2912 3168 2966; x_wconf 85' lang='grc' dir='ltr'>Παύλου</span> <span class='ocrx_word' id='word_1_474' title='bbox 3197 2913 3440 2986; x_wconf 86' lang='grc' dir='ltr'>Γραφήν·</span> <span class='ocrx_word' id='word_1_475' title='bbox 3482 2916 3647 2980; x_wconf 80' lang='grc' dir='ltr'>αὐτὸς</span> <span class='ocrx_word' id='word_1_476' title='bbox 3670 2917 3768 2988; x_wconf 87' lang='grc' dir='ltr'><strong>γάρ</strong></span> 
     </span>
    </p>
   </div>
   <div class='ocr_carea' id='block_1_70' title="bbox 2196 2996 3767 3076">
    <p class='ocr_par' dir='ltr' id='par_1_70' title="bbox 2196 2996 3767 3076">
     <span class='ocr_line' id='line_1_70' title="bbox 2196 2996 3767 3076; baseline 0.01 -28"><span class='ocrx_word' id='word_1_477' title='bbox 2196 2996 2344 3051; x_wconf 76' lang='grc' dir='ltr'>ἐστιν</span> <span class='ocrx_word' id='word_1_478' title='bbox 2365 2999 2394 3050; x_wconf 86' lang='grc' dir='ltr'>ὁ</span> <span class='ocrx_word' id='word_1_479' title='bbox 2424 2997 2617 3068; x_wconf 83' lang='grc' dir='ltr'>λέγων,</span> <span class='ocrx_word' id='word_1_480' title='bbox 2637 3000 2720 3054; x_wconf 85' lang='grc' dir='ltr'>ὅτι</span> <span class='ocrx_word' id='word_1_481' title='bbox 2747 3002 2888 3056; x_wconf 88' lang='grc' dir='ltr'><strong>κατά</strong></span> <span class='ocrx_word' id='word_1_482' title='bbox 2913 3004 2973 3057; x_wconf 85' lang='grc' dir='ltr'><strong>τὸ</strong></span> <span class='ocrx_word' id='word_1_483' title='bbox 3003 3004 3202 3076; x_wconf 84' lang='grc' dir='ltr'>μέτρον</span> <span class='ocrx_word' id='word_1_484' title='bbox 3225 3005 3327 3076; x_wconf 81' lang='grc' dir='ltr'><strong>τῆς</strong></span> <span class='ocrx_word' id='word_1_485' title='bbox 3353 3007 3589 3062; x_wconf 77' lang='grc' dir='ltr'>ἑκάστου</span> <span class='ocrx_word' id='word_1_486' title='bbox 3619 3009 3767 3063; x_wconf 83' lang='grc' dir='ltr'>δυνά-</span> 
     </span>
    </p>
   </div>
   <div class='ocr_carea' id='block_1_71' title="bbox 2199 3093 3765 3174">
    <p class='ocr_par' dir='ltr' id='par_1_71' title="bbox 2199 3093 3765 3174">
     <span class='ocr_line' id='line_1_71' title="bbox 2199 3093 3765 3174; baseline 0.01 -32"><span class='ocrx_word' id='word_1_487' title='bbox 2199 3106 2346 3160; x_wconf 88' lang='grc' dir='ltr'>μεως</span> <span class='ocrx_word' id='word_1_488' title='bbox 2385 3093 2420 3162; x_wconf 80' lang='grc' dir='ltr'><strong>ἡ</strong></span> <span class='ocrx_word' id='word_1_489' title='bbox 2471 3093 2622 3164; x_wconf 82' lang='grc' dir='ltr'>παρὰ</span> <span class='ocrx_word' id='word_1_490' title='bbox 2680 3093 2815 3148; x_wconf 84' lang='grc' dir='ltr'>Θεοῦ</span> <span class='ocrx_word' id='word_1_491' title='bbox 2866 3100 3187 3169; x_wconf 84' lang='grc' dir='ltr'>χορηγεῖται</span> <span class='ocrx_word' id='word_1_492' title='bbox 3245 3099 3432 3169; x_wconf 84' lang='grc' dir='ltr'>σαφῶς</span> <span class='ocrx_word' id='word_1_493' title='bbox 3491 3101 3765 3174; x_wconf 67' lang='grc' dir='ltr'><strong>ἔλλαμιῖνις⁸</strong></span> 
     </span>
    </p>
   </div>
   <div class='ocr_carea' id='block_1_72' title="bbox 2197 3180 3770 3268">
    <p class='ocr_par' dir='ltr' id='par_1_72' title="bbox 2197 3180 3770 3268">
     <span class='ocr_line' id='line_1_72' title="bbox 2197 3180 3770 3268; baseline 0.009 -33"><span class='ocrx_word' id='word_1_494' title='bbox 2197 3180 2386 3256; x_wconf 85' lang='grc' dir='ltr'>ὥσπερ</span> <span class='ocrx_word' id='word_1_495' title='bbox 2407 3183 2456 3216; x_wconf 81' lang='grc'>⁸⁸</span> <span class='ocrx_word' id='word_1_496' title='bbox 2483 3185 2576 3239; x_wconf 76' lang='grc' dir='ltr'><strong>καὶ</strong></span> <span class='ocrx_word' id='word_1_497' title='bbox 2606 3187 2635 3240; x_wconf 87' lang='grc' dir='ltr'><strong>ὁ</strong></span> <span class='ocrx_word' id='word_1_498' title='bbox 2667 3186 2870 3260; x_wconf 80' lang='grc' dir='ltr'>Κύριος</span> <span class='ocrx_word' id='word_1_499' title='bbox 2899 3188 3048 3259; x_wconf 79' lang='grc' dir='ltr'>δηλοῖ</span> <span class='ocrx_word' id='word_1_500' title='bbox 3075 3190 3246 3259; x_wconf 83' lang='grc' dir='ltr'>λέγων</span> <span class='ocrx_word' id='word_1_501' title='bbox 3271 3194 3385 3256; x_wconf 85' lang='grc' dir='ltr'>τοῖς</span> <span class='ocrx_word' id='word_1_502' title='bbox 3422 3193 3770 3268; x_wconf 84' lang='grc' dir='ltr'>τελειοτέροις</span> 
     </span>
    </p>
   </div>
   <div class='ocr_carea' id='block_1_73' title="bbox 2203 3275 3770 3356">
    <p class='ocr_par' dir='ltr' id='par_1_73' title="bbox 2203 3275 3770 3356">
     <span class='ocr_line' id='line_1_73' title="bbox 2203 3275 3770 3356; baseline 0.009 -29"><span class='ocrx_word' id='word_1_503' title='bbox 2203 3275 2490 3347; x_wconf 81' lang='grc' dir='ltr'>μαθηταῖς·</span> <span class='ocrx_word' id='word_1_504' title='bbox 2533 3277 2691 3348; x_wconf 80' lang='grc' dir='ltr'><strong>Ὑμῖν</strong></span> <span class='ocrx_word' id='word_1_505' title='bbox 2730 3279 2964 3335; x_wconf 79' lang='grc' dir='ltr'>δέδοται</span> <span class='ocrx_word' id='word_1_506' title='bbox 2995 3280 3214 3352; x_wconf 74' lang='grc' dir='ltr'>γνῶναι</span> <span class='ocrx_word' id='word_1_507' title='bbox 3242 3283 3314 3337; x_wconf 82' lang='grc' dir='ltr'><strong>τὰ</strong></span> <span class='ocrx_word' id='word_1_508' title='bbox 3333 3285 3642 3355; x_wconf 80' lang='grc' dir='ltr'>μυστήρια</span> <span class='ocrx_word' id='word_1_509' title='bbox 3669 3286 3770 3356; x_wconf 82' lang='grc' dir='ltr'>τῆς</span> 
     </span>
    </p>
   </div>
   <div class='ocr_carea' id='block_1_74' title="bbox 2193 3369 3771 3451">
    <p class='ocr_par' dir='ltr' id='par_1_74' title="bbox 2193 3369 3771 3451">
     <span class='ocr_line' id='line_1_74' title="bbox 2193 3369 3771 3451; baseline 0.008 -29"><span class='ocrx_word' id='word_1_510' title='bbox 2193 3369 2537 3437; x_wconf 76' lang='grc' dir='ltr'>βασιλείας,</span> <span class='ocrx_word' id='word_1_511' title='bbox 2572 3371 2668 3425; x_wconf 76' lang='grc' dir='ltr'><strong>ἅτε</strong></span> <span class='ocrx_word' id='word_1_512' title='bbox 2713 3373 2807 3426; x_wconf 77' lang='grc' dir='ltr'>καὶ</span> <span class='ocrx_word' id='word_1_513' title='bbox 2849 3375 3262 3448; x_wconf 86' lang='grc' dir='ltr'>νουνεχέστερον</span> <span class='ocrx_word' id='word_1_514' title='bbox 3298 3377 3628 3451; x_wconf 87' lang='grc' dir='ltr'>προσέχουσι</span> <span class='ocrx_word' id='word_1_515' title='bbox 3666 3383 3771 3444; x_wconf 81' lang='grc' dir='ltr'>τοῖς</span> 
     </span>
    </p>
   </div>
   <div class='ocr_carea' id='block_1_75' title="bbox 2201 3459 3770 3544">
    <p class='ocr_par' dir='ltr' id='par_1_75' title="bbox 2201 3459 3770 3544">
     <span class='ocr_line' id='line_1_75' title="bbox 2201 3459 3770 3544; baseline 0.009 -32"><span class='ocrx_word' id='word_1_516' title='bbox 2201 3459 2627 3533; x_wconf 76' lang='grc' dir='ltr'>θεσπιζομένοις.</span> <span class='ocrx_word' id='word_1_517' title='bbox 2647 3466 2721 3518; x_wconf 82' lang='grc' dir='ltr'><strong>Οὐ</strong></span> <span class='ocrx_word' id='word_1_518' title='bbox 2741 3465 2900 3536; x_wconf 88' lang='grc' dir='ltr'>μόνον</span> <span class='ocrx_word' id='word_1_519' title='bbox 2913 3466 2969 3519; x_wconf 87' lang='grc' dir='ltr'><strong>δὲ</strong></span> <span class='ocrx_word' id='word_1_520' title='bbox 2995 3466 3154 3521; x_wconf 90' lang='grc' dir='ltr'>τοῦτο</span> <span class='ocrx_word' id='word_1_521' title='bbox 3177 3470 3304 3540; x_wconf 75' lang='grc' dir='ltr'>περὶ</span> <span class='ocrx_word' id='word_1_522' title='bbox 3320 3469 3625 3542; x_wconf 81' lang='grc' dir='ltr'>ἀνθρώπων</span> <span class='ocrx_word' id='word_1_523' title='bbox 3647 3475 3770 3544; x_wconf 74' lang='grc' dir='ltr'>φησὶ</span> 
     </span>
    </p>
   </div>
   <div class='ocr_carea' id='block_1_76' title="bbox 2197 3551 3770 3638">
    <p class='ocr_par' dir='ltr' id='par_1_76' title="bbox 2197 3551 3770 3638">
     <span class='ocr_line' id='line_1_76' title="bbox 2197 3551 3770 3638; baseline 0.009 -33"><span class='ocrx_word' id='word_1_524' title='bbox 2197 3551 2534 3623; x_wconf 83' lang='grc' dir='ltr'>διαλέγεσθαι</span> <span class='ocrx_word' id='word_1_525' title='bbox 2549 3557 2594 3588; x_wconf 79' lang='grc'><strong>⁵⁸</strong></span> <span class='ocrx_word' id='word_1_526' title='bbox 2621 3558 2650 3610; x_wconf 84' lang='grc' dir='ltr'>ὁ</span> <span class='ocrx_word' id='word_1_527' title='bbox 2681 3558 2853 3628; x_wconf 83' lang='grc' dir='ltr'>μέγας</span> <span class='ocrx_word' id='word_1_528' title='bbox 2885 3559 3175 3627; x_wconf 84' lang='grc' dir='ltr'>Διονύσιος,</span> <span class='ocrx_word' id='word_1_529' title='bbox 3220 3560 3352 3615; x_wconf 87' lang='grc' dir='ltr'><strong>ἀλλά</strong></span> <span class='ocrx_word' id='word_1_530' title='bbox 3386 3565 3483 3618; x_wconf 78' lang='grc' dir='ltr'>καὶ</span> <span class='ocrx_word' id='word_1_531' title='bbox 3511 3565 3642 3638; x_wconf 82' lang='grc' dir='ltr'>περὶ</span> <span class='ocrx_word' id='word_1_532' title='bbox 3670 3565 3770 3619; x_wconf 84' lang='grc' dir='ltr'><strong>τῶν</strong></span> 
     </span>
    </p>
   </div>
   <div class='ocr_carea' id='block_1_77' title="bbox 2199 3646 3772 3729">
    <p class='ocr_par' dir='ltr' id='par_1_77' title="bbox 2199 3646 3772 3729">
     <span class='ocr_line' id='line_1_77' title="bbox 2199 3646 3772 3729; baseline 0.008 -30"><span class='ocrx_word' id='word_1_533' title='bbox 2199 3646 2470 3716; x_wconf 85' lang='grc' dir='ltr'>ἀγγέλων,</span> <span class='ocrx_word' id='word_1_534' title='bbox 2507 3648 2600 3713; x_wconf 79' lang='grc' dir='ltr'>οὓς</span> <span class='ocrx_word' id='word_1_535' title='bbox 2642 3650 2828 3705; x_wconf 78' lang='grc' dir='ltr'>εἴωθεν</span> <span class='ocrx_word' id='word_1_536' title='bbox 2858 3653 3142 3724; x_wconf 81' lang='grc' dir='ltr'>ὀνομάζειν</span> <span class='ocrx_word' id='word_1_537' title='bbox 3173 3656 3316 3709; x_wconf 89' lang='grc' dir='ltr'><strong>κατά</strong></span> <span class='ocrx_word' id='word_1_538' title='bbox 3355 3671 3510 3720; x_wconf 88' lang='grc' dir='ltr'>τινας</span> <span class='ocrx_word' id='word_1_539' title='bbox 3539 3657 3648 3711; x_wconf 88' lang='grc' dir='ltr'>τῶν</span> <span class='ocrx_word' id='word_1_540' title='bbox 3681 3659 3772 3729; x_wconf 85' lang='grc' dir='ltr'>τῆς</span> 
     </span>
    </p>
   </div>
   <div class='ocr_carea' id='block_1_78' title="bbox 2197 3738 3771 3822">
    <p class='ocr_par' dir='ltr' id='par_1_78' title="bbox 2197 3738 3771 3822">
     <span class='ocr_line' id='line_1_78' title="bbox 2197 3738 3771 3822; baseline 0.007 -29"><span class='ocrx_word' id='word_1_541' title='bbox 2197 3738 2302 3806; x_wconf 79' lang='grc' dir='ltr'><strong>ἔξω</strong></span> <span class='ocrx_word' id='word_1_542' title='bbox 2348 3741 2662 3812; x_wconf 83' lang='grc' dir='ltr'>φιλοσοφίας</span> <span class='ocrx_word' id='word_1_543' title='bbox 2709 3745 2874 3810; x_wconf 75' lang='grc' dir='ltr'>νόαςο</span> <span class='ocrx_word' id='word_1_544' title='bbox 2923 3745 3117 3810; x_wconf 79' lang='grc' dir='ltr'>οἵτινες</span> <span class='ocrx_word' id='word_1_545' title='bbox 3161 3746 3268 3799; x_wconf 85' lang='grc' dir='ltr'>τῶν</span> <span class='ocrx_word' id='word_1_546' title='bbox 3321 3748 3432 3802; x_wconf 86' lang='grc' dir='ltr'><strong>ἀνω</strong></span> <span class='ocrx_word' id='word_1_547' title='bbox 3484 3750 3771 3822; x_wconf 81' lang='grc' dir='ltr'>ταγμάτων</span> 
     </span>
    </p>
   </div>
   <div class='ocr_carea' id='block_1_79' title="bbox 2197 3832 3768 3914">
    <p class='ocr_par' dir='ltr' id='par_1_79' title="bbox 2197 3832 3768 3914">
     <span class='ocr_line' id='line_1_79' title="bbox 2197 3832 3768 3914; baseline 0.007 -29"><span class='ocrx_word' id='word_1_548' title='bbox 2197 3832 2316 3896; x_wconf 90' lang='grc' dir='ltr'>νόες</span> <span class='ocrx_word' id='word_1_549' title='bbox 2341 3835 2609 3906; x_wconf 75' lang='grc' dir='ltr'>εἴρηνται,</span> <span class='ocrx_word' id='word_1_550' title='bbox 2636 3835 2713 3900; x_wconf 81' lang='grc' dir='ltr'>ὡς</span> <span class='ocrx_word' id='word_1_551' title='bbox 2731 3835 2792 3889; x_wconf 81' lang='grc' dir='ltr'><strong>τὸ</strong></span> <span class='ocrx_word' id='word_1_552' title='bbox 2810 3838 2918 3890; x_wconf 80' lang='grc' dir='ltr'>πᾶν</span> <span class='ocrx_word' id='word_1_553' title='bbox 2937 3836 3061 3900; x_wconf 88' lang='grc' dir='ltr'>νοῦς</span> <span class='ocrx_word' id='word_1_554' title='bbox 3079 3838 3138 3890; x_wconf 85' lang='grc' dir='ltr'>οὑ</span> <span class='ocrx_word' id='word_1_555' title='bbox 3147 3839 3427 3911; x_wconf 89' lang='grc' dir='ltr'>σιωμένως</span> <span class='ocrx_word' id='word_1_556' title='bbox 3444 3841 3618 3906; x_wconf 73' lang='grc' dir='ltr'>ὄντες,</span> <span class='ocrx_word' id='word_1_557' title='bbox 3638 3839 3768 3914; x_wconf 71' lang='grc' dir='ltr'>[καὶ]</span> 
     </span>
    </p>
   </div>
   <div class='ocr_carea' id='block_1_80' title="bbox 2198 3925 3771 4005">
    <p class='ocr_par' dir='ltr' id='par_1_80' title="bbox 2198 3925 3771 4005">
     <span class='ocr_line' id='line_1_80' title="bbox 2198 3925 3771 4005; baseline 0.005 -26"><span class='ocrx_word' id='word_1_558' title='bbox 2198 3925 2376 3981; x_wconf 82' lang='grc' dir='ltr'>πάντα</span> <span class='ocrx_word' id='word_1_559' title='bbox 2405 3928 2670 3991; x_wconf 87' lang='grc' dir='ltr'>νοοῦντες,</span> <span class='ocrx_word' id='word_1_560' title='bbox 2699 3928 2913 3992; x_wconf 84' lang='grc' dir='ltr'>ὲνιαίως</span> <span class='ocrx_word' id='word_1_561' title='bbox 2938 3931 3006 3983; x_wconf 86' lang='grc' dir='ltr'>τὰ</span> <span class='ocrx_word' id='word_1_562' title='bbox 3035 3931 3099 3983; x_wconf 82' lang='grc' dir='ltr'>ὲκ</span> <span class='ocrx_word' id='word_1_563' title='bbox 3112 3929 3246 3985; x_wconf 86' lang='grc' dir='ltr'>Θεοῦ</span> <span class='ocrx_word' id='word_1_564' title='bbox 3278 3933 3470 4004; x_wconf 79' lang='grc' dir='ltr'>ῥέοντα</span> <span class='ocrx_word' id='word_1_565' title='bbox 3499 3933 3771 4005; x_wconf 84' lang='grc' dir='ltr'>προσεχῶς</span> 
     </span>
    </p>
   </div>
   <div class='ocr_carea' id='block_1_81' title="bbox 2197 4019 3772 4097">
    <p class='ocr_par' dir='ltr' id='par_1_81' title="bbox 2197 4019 3772 4097">
     <span class='ocr_line' id='line_1_81' title="bbox 2197 4019 3772 4097; baseline 0.005 -26"><span class='ocrx_word' id='word_1_566' title='bbox 2197 4020 2277 4082; x_wconf 83' lang='grc' dir='ltr'><strong>είς</strong></span> <span class='ocrx_word' id='word_1_567' title='bbox 2289 4019 2334 4049; x_wconf 76' lang='grc'><strong>⁸⁸⁵</strong></span> <span class='ocrx_word' id='word_1_568' title='bbox 2359 4019 2573 4083; x_wconf 77' lang='grc' dir='ltr'>αὐτούς·</span> <span class='ocrx_word' id='word_1_569' title='bbox 2605 4020 2727 4074; x_wconf 84' lang='grc' dir='ltr'>ὅθεν</span> <span class='ocrx_word' id='word_1_570' title='bbox 2757 4023 2849 4074; x_wconf 76' lang='grc' dir='ltr'>καὶ</span> <span class='ocrx_word' id='word_1_571' title='bbox 2877 4021 2987 4076; x_wconf 82' lang='grc' dir='ltr'>ὅλοι</span> <span class='ocrx_word' id='word_1_572' title='bbox 3023 4023 3159 4088; x_wconf 87' lang='grc' dir='ltr'>ὅλως</span> <span class='ocrx_word' id='word_1_573' title='bbox 3185 4025 3666 4097; x_wconf 86' lang='grc' dir='ltr'>κατομματοῦσθαι</span> <span class='ocrx_word' id='word_1_574' title='bbox 3693 4026 3772 4079; x_wconf 78' lang='grc' dir='ltr'>λέ-</span> 
     </span>
    </p>
   </div>
   <div class='ocr_carea' id='block_1_82' title="bbox 2197 4113 3274 4189">
    <p class='ocr_par' dir='ltr' id='par_1_82' title="bbox 2197 4113 3274 4189">
     <span class='ocr_line' id='line_1_82' title="bbox 2197 4113 3274 4189; baseline 0.005 -25"><span class='ocrx_word' id='word_1_575' title='bbox 2197 4128 2382 4181; x_wconf 89' lang='grc' dir='ltr'>γονται</span> <span class='ocrx_word' id='word_1_576' title='bbox 2412 4113 2470 4165; x_wconf 86' lang='grc' dir='ltr'>ὲν</span> <span class='ocrx_word' id='word_1_577' title='bbox 2497 4116 2611 4177; x_wconf 81' lang='grc' dir='ltr'>τοῖς</span> <span class='ocrx_word' id='word_1_578' title='bbox 2639 4114 2961 4184; x_wconf 84' lang='grc' dir='ltr'>ἁγιωτάτοις</span> <span class='ocrx_word' id='word_1_579' title='bbox 2988 4117 3274 4189; x_wconf 79' lang='grc' dir='ltr'>χερουὸίμ.</span> 
     </span>
    </p>
   </div>
   <div class='ocr_carea' id='block_1_83' title="bbox 2281 4295 3770 4370">
    <p class='ocr_par' dir='ltr' id='par_1_83' title="bbox 2281 4295 3770 4370">
     <span class='ocr_line' id='line_1_83' title="bbox 2281 4295 3770 4370; baseline 0.001 -20"><span class='ocrx_word' id='word_1_580' title='bbox 2281 4295 2777 4354; x_wconf 76' lang='grc' dir='ltr'>Ἁνακαλύπτεται</span> <span class='ocrx_word' id='word_1_581' title='bbox 2809 4298 2882 4353; x_wconf 83' lang='grc' dir='ltr'>τὰ</span> <span class='ocrx_word' id='word_1_582' title='bbox 2911 4298 3057 4353; x_wconf 82' lang='grc' dir='ltr'>θεῖα.</span> <span class='ocrx_word' id='word_1_583' title='bbox 3092 4299 3405 4370; x_wconf 85' lang='grc' dir='ltr'>Σημείωσαι</span> <span class='ocrx_word' id='word_1_584' title='bbox 3472 4300 3556 4354; x_wconf 85' lang='grc' dir='ltr'><strong>ὅτι</strong></span> <span class='ocrx_word' id='word_1_585' title='bbox 3597 4300 3690 4354; x_wconf 72' lang='grc' dir='ltr'><strong>καὶ</strong></span> <span class='ocrx_word' id='word_1_586' title='bbox 3725 4299 3770 4354; x_wconf 74' lang='grc' dir='ltr'>οξ</span> 
     </span>
    </p>
   </div>
   <div class='ocr_carea' id='block_1_84' title="bbox 2199 4389 3771 4464">
    <p class='ocr_par' dir='ltr' id='par_1_84' title="bbox 2199 4389 3771 4464">
     <span class='ocr_line' id='line_1_84' title="bbox 2199 4389 3771 4464; baseline 0.001 -22"><span class='ocrx_word' id='word_1_587' title='bbox 2199 4389 2420 4458; x_wconf 82' lang='grc' dir='ltr'>ἄγγελοι</span> <span class='ocrx_word' id='word_1_588' title='bbox 2452 4389 2593 4443; x_wconf 85' lang='grc' dir='ltr'>κατὰ</span> <span class='ocrx_word' id='word_1_589' title='bbox 2633 4391 2732 4464; x_wconf 79' lang='grc' dir='ltr'>τὴν</span> <span class='ocrx_word' id='word_1_590' title='bbox 2757 4391 2965 4446; x_wconf 81' lang='grc' dir='ltr'>οἰκείαν</span> <span class='ocrx_word' id='word_1_591' title='bbox 2996 4391 3288 4464; x_wconf 84' lang='grc' dir='ltr'>ἀναλογίαν</span> <span class='ocrx_word' id='word_1_592' title='bbox 3320 4391 3421 4463; x_wconf 84' lang='grc' dir='ltr'><strong>τῆς</strong></span> <span class='ocrx_word' id='word_1_593' title='bbox 3451 4391 3771 4463; x_wconf 88' lang='grc' dir='ltr'>θεογνωσίας</span> 
     </span>
    </p>
   </div>
   <div class='ocr_carea' id='block_1_85' title="bbox 2198 4479 2496 4547">
    <p class='ocr_par' dir='ltr' id='par_1_85' title="bbox 2198 4479 2496 4547">
     <span class='ocr_line' id='line_1_85' title="bbox 2198 4479 2496 4547; baseline 0.01 -14"><span class='ocrx_word' id='word_1_594' title='bbox 2198 4479 2496 4547; x_wconf 81' lang='grc' dir='ltr'>ἀξιοῦνται.</span> 
     </span>
    </p>
   </div>
   <div class='ocr_carea' id='block_1_86' title="bbox 577 4570 2092 4648">
    <p class='ocr_par' dir='ltr' id='par_1_86' title="bbox 577 4570 2092 4645">
     <span class='ocr_line' id='line_1_86' title="bbox 577 4570 2092 4645; baseline 0.005 -21"><span class='ocrx_word' id='word_1_595' title='bbox 577 4570 806 4626; x_wconf 76' lang='lat' dir='ltr'><strong>Iustitia</strong></span> <span class='ocrx_word' id='word_1_596' title='bbox 827 4574 1076 4628; x_wconf 73' lang='lat' dir='ltr'><strong>salutari.</strong></span> <span class='ocrx_word' id='word_1_597' title='bbox 1110 4575 1344 4639; x_wconf 86' lang='lat' dir='ltr'><strong>Idcirco,</strong></span> <span class='ocrx_word' id='word_1_598' title='bbox 1378 4575 1579 4645; x_wconf 91' lang='lat' dir='ltr'><strong>inquit,</strong></span> <span class='ocrx_word' id='word_1_599' title='bbox 1615 4573 1761 4631; x_wconf 90' lang='lat' dir='ltr'><strong>Deus</strong></span> <span class='ocrx_word' id='word_1_600' title='bbox 1794 4574 2092 4645; x_wconf 90' lang='lat' dir='ltr'><strong>unicuique</strong></span> 
     </span>
    </p>
   </div>
   <div class='ocr_carea' id='block_1_87' title="bbox 2204 4570 3770 4648">
    <p class='ocr_par' dir='ltr' id='par_1_87' title="bbox 2279 4575 3770 4648">
     <span class='ocr_line' id='line_1_87' title="bbox 2279 4575 3770 4648; baseline -0.001 -18"><span class='ocrx_word' id='word_1_601' title='bbox 2279 4575 2382 4630; x_wconf 78' lang='grc' dir='ltr'><strong>Ἐν</strong></span> <span class='ocrx_word' id='word_1_602' title='bbox 2410 4577 2680 4648; x_wconf 79' lang='grc' dir='ltr'>σωστικῇ</span> <span class='ocrx_word' id='word_1_603' title='bbox 2707 4577 3081 4648; x_wconf 76' lang='grc' dir='ltr'>δικαιοσύνῃ.</span> <span class='ocrx_word' id='word_1_604' title='bbox 3110 4576 3208 4630; x_wconf 83' lang='grc' dir='ltr'>Διὰ</span> <span class='ocrx_word' id='word_1_605' title='bbox 3233 4575 3414 4641; x_wconf 91' lang='grc' dir='ltr'>τοῦτο,</span> <span class='ocrx_word' id='word_1_606' title='bbox 3434 4579 3619 4648; x_wconf 78' lang='grc' dir='ltr'>φησὶν,</span> <span class='ocrx_word' id='word_1_607' title='bbox 3647 4576 3770 4630; x_wconf 80' lang='grc' dir='ltr'>ἑκά-</span> 
     </span>
    </p>
   </div>
   <div class='ocr_carea' id='block_1_88' title="bbox 511 4666 2094 4738">
    <p class='ocr_par' dir='ltr' id='par_1_88' title="bbox 511 4666 2094 4738">
     <span class='ocr_line' id='line_1_88' title="bbox 511 4666 2094 4738; baseline 0.002 -17"><span class='ocrx_word' id='word_1_608' title='bbox 511 4666 815 4721; x_wconf 85' lang='lat' dir='ltr'><strong>secundum</strong></span> <span class='ocrx_word' id='word_1_609' title='bbox 843 4667 964 4734; x_wconf 91' lang='lat' dir='ltr'><strong>ejus</strong></span> <span class='ocrx_word' id='word_1_610' title='bbox 985 4668 1130 4722; x_wconf 87' lang='lat' dir='ltr'><strong>vires</strong></span> <span class='ocrx_word' id='word_1_611' title='bbox 1161 4668 1386 4731; x_wconf 88' lang='lat' dir='ltr'><strong>revelat,</strong></span> <span class='ocrx_word' id='word_1_612' title='bbox 1419 4684 1530 4722; x_wconf 91' lang='lat' dir='ltr'><strong>non</strong></span> <span class='ocrx_word' id='word_1_613' title='bbox 1558 4667 1705 4738; x_wconf 89' lang='lat' dir='ltr'><strong>quod</strong></span> <span class='ocrx_word' id='word_1_614' title='bbox 1738 4668 1894 4737; x_wconf 89' lang='lat' dir='ltr'><strong>plura</strong></span> <span class='ocrx_word' id='word_1_615' title='bbox 1925 4669 2094 4724; x_wconf 88' lang='lat' dir='ltr'><strong>dene-</strong></span> 
     </span>
    </p>
   </div>
   <div class='ocr_carea' id='block_1_89' title="bbox 511 4758 2094 4830">
    <p class='ocr_par' dir='ltr' id='par_1_89' title="bbox 511 4758 2094 4830">
     <span class='ocr_line' id='line_1_89' title="bbox 511 4758 2094 4830; baseline 0.001 -17"><span class='ocrx_word' id='word_1_616' title='bbox 511 4766 630 4828; x_wconf 86' lang='lat' dir='ltr'><strong>get;</strong></span> <span class='ocrx_word' id='word_1_617' title='bbox 664 4758 759 4813; x_wconf 91' lang='lat' dir='ltr'><strong>sed</strong></span> <span class='ocrx_word' id='word_1_618' title='bbox 787 4759 918 4828; x_wconf 88' lang='lat' dir='ltr'><strong>quia</strong></span> <span class='ocrx_word' id='word_1_619' title='bbox 955 4758 1230 4828; x_wconf 90' lang='lat' dir='ltr'><strong>justitiam</strong></span> <span class='ocrx_word' id='word_1_620' title='bbox 1258 4759 1315 4813; x_wconf 88' lang='lat' dir='ltr'><strong>in</strong></span> <span class='ocrx_word' id='word_1_621' title='bbox 1347 4759 1549 4812; x_wconf 61' lang='lat' dir='ltr'><strong>divinae</strong></span> <span class='ocrx_word' id='word_1_622' title='bbox 1575 4759 1908 4830; x_wconf 75' lang='lat' dir='ltr'><strong>cognitionis</strong></span> <span class='ocrx_word' id='word_1_623' title='bbox 1936 4775 2094 4814; x_wconf 88' lang='lat' dir='ltr'><strong>men-</strong></span> 
     </span>
    </p>
   </div>
   <div class='ocr_carea' id='block_1_90' title="bbox 509 4851 2093 4924">
    <p class='ocr_par' dir='ltr' id='par_1_90' title="bbox 509 4851 2093 4924">
     <span class='ocr_line' id='line_1_90' title="bbox 509 4851 2093 4924; baseline 0.001 -17"><span class='ocrx_word' id='word_1_624' title='bbox 509 4865 643 4907; x_wconf 80' lang='lat' dir='ltr'><strong>sura</strong></span> <span class='ocrx_word' id='word_1_625' title='bbox 685 4859 904 4907; x_wconf 90' lang='lat' dir='ltr'><strong>servet:</strong></span> <span class='ocrx_word' id='word_1_626' title='bbox 950 4852 1234 4923; x_wconf 86' lang='lat' dir='ltr'><strong>proprium</strong></span> <span class='ocrx_word' id='word_1_627' title='bbox 1289 4851 1563 4922; x_wconf 91' lang='lat' dir='ltr'><strong>siquidem</strong></span> <span class='ocrx_word' id='word_1_628' title='bbox 1610 4852 1860 4923; x_wconf 72' lang='lat' dir='ltr'><strong>justitiae,</strong></span> <span class='ocrx_word' id='word_1_629' title='bbox 1891 4853 2093 4924; x_wconf 91' lang='lat' dir='ltr'><strong>cuique</strong></span> 
     </span>
    </p>
   </div>
   <div class='ocr_carea' id='block_1_91' title="bbox 509 4945 2094 5018">
    <p class='ocr_par' dir='ltr' id='par_1_91' title="bbox 509 4945 2094 5018">
     <span class='ocr_line' id='line_1_91' title="bbox 509 4945 2094 5018; baseline 0.003 -19"><span class='ocrx_word' id='word_1_630' title='bbox 509 4960 613 5015; x_wconf 91' lang='lat' dir='ltr'><strong>pro</strong></span> <span class='ocrx_word' id='word_1_631' title='bbox 635 4945 845 5001; x_wconf 86' lang='lat' dir='ltr'><strong>meritis</strong></span> <span class='ocrx_word' id='word_1_632' title='bbox 876 4961 1191 5002; x_wconf 87' lang='lat' dir='ltr'><strong>mensuram</strong></span> <span class='ocrx_word' id='word_1_633' title='bbox 1235 4945 1546 5002; x_wconf 88' lang='lat' dir='ltr'><strong>confectam</strong></span> <span class='ocrx_word' id='word_1_634' title='bbox 1591 4946 1853 5004; x_wconf 87' lang='lat' dir='ltr'><strong>tribuere.</strong></span> <span class='ocrx_word' id='word_1_635' title='bbox 1904 4947 2094 5018; x_wconf 85' lang='lat' dir='ltr'><strong>Itaque</strong></span> 
     </span>
    </p>
   </div>
   <div class='ocr_carea' id='block_1_92' title="bbox 512 5037 2096 5111">
    <p class='ocr_par' dir='ltr' id='par_1_92' title="bbox 512 5037 2096 5111">
     <span class='ocr_line' id='line_1_92' title="bbox 512 5037 2096 5111; baseline 0.003 -19"><span class='ocrx_word' id='word_1_636' title='bbox 512 5037 781 5094; x_wconf 91' lang='lat' dir='ltr'><strong>immensa</strong></span> <span class='ocrx_word' id='word_1_637' title='bbox 815 5037 1034 5108; x_wconf 86' lang='lat' dir='ltr'><strong>quidem</strong></span> <span class='ocrx_word' id='word_1_638' title='bbox 1064 5038 1160 5094; x_wconf 93' lang='lat' dir='ltr'><strong>Dei</strong></span> <span class='ocrx_word' id='word_1_639' title='bbox 1186 5040 1462 5111; x_wconf 76' lang='lat' dir='ltr'><strong>cognitio;</strong></span> <span class='ocrx_word' id='word_1_640' title='bbox 1505 5055 1610 5095; x_wconf 89' lang='lat' dir='ltr'><strong>nos</strong></span> <span class='ocrx_word' id='word_1_641' title='bbox 1654 5048 1835 5096; x_wconf 88' lang='lat' dir='ltr'><strong>autem</strong></span> <span class='ocrx_word' id='word_1_642' title='bbox 1876 5057 2096 5098; x_wconf 89' lang='lat' dir='ltr'><strong>mensu-</strong></span> 
     </span>
    </p>
   </div>
   <div class='ocr_carea' id='block_1_93' title="bbox 521 5131 2092 5206">
    <p class='ocr_par' dir='ltr' id='par_1_93' title="bbox 521 5131 2092 5206">
     <span class='ocr_line' id='line_1_93' title="bbox 521 5131 2092 5206; baseline 0.003 -18"><span class='ocrx_word' id='word_1_643' title='bbox 521 5133 602 5188; x_wconf 86' lang='lat' dir='ltr'><strong>ris</strong></span> <span class='ocrx_word' id='word_1_644' title='bbox 646 5143 869 5201; x_wconf 85' lang='lat' dir='ltr'><strong>egemus</strong></span> <span class='ocrx_word' id='word_1_645' title='bbox 899 5149 914 5184; x_wconf 75' lang='grc' dir='ltr'>ε</span> <span class='ocrx_word' id='word_1_646' title='bbox 947 5131 996 5188; x_wconf 87' lang='lat' dir='ltr'><strong>si</strong></span> <span class='ocrx_word' id='word_1_647' title='bbox 1049 5133 1193 5188; x_wconf 91' lang='lat' dir='ltr'><strong>enim</strong></span> <span class='ocrx_word' id='word_1_648' title='bbox 1230 5134 1439 5206; x_wconf 86' lang='lat' dir='ltr'><strong>absque</strong></span> <span class='ocrx_word' id='word_1_649' title='bbox 1463 5150 1723 5192; x_wconf 89' lang='lat' dir='ltr'><strong>mensura</strong></span> <span class='ocrx_word' id='word_1_650' title='bbox 1749 5134 1910 5191; x_wconf 89' lang='lat' dir='ltr'><strong>nobis</strong></span> <span class='ocrx_word' id='word_1_651' title='bbox 1931 5151 2092 5192; x_wconf 84' lang='lat' dir='ltr'><strong>reve-</strong></span> 
     </span>
    </p>
   </div>
   <div class='ocr_carea' id='block_1_94' title="bbox 513 5223 2095 5300">
    <p class='ocr_par' dir='ltr' id='par_1_94' title="bbox 513 5223 2095 5300">
     <span class='ocr_line' id='line_1_94' title="bbox 513 5223 2095 5300; baseline 0.004 -22"><span class='ocrx_word' id='word_1_652' title='bbox 513 5223 742 5291; x_wconf 88' lang='lat' dir='ltr'><strong>laretur,</strong></span> <span class='ocrx_word' id='word_1_653' title='bbox 774 5226 998 5280; x_wconf 92' lang='lat' dir='ltr'><strong>minime</strong></span> <span class='ocrx_word' id='word_1_654' title='bbox 1020 5227 1226 5282; x_wconf 90' lang='lat' dir='ltr'><strong>servari</strong></span> <span class='ocrx_word' id='word_1_655' title='bbox 1247 5243 1567 5299; x_wconf 87' lang='lat' dir='ltr'><strong>possemus;</strong></span> <span class='ocrx_word' id='word_1_656' title='bbox 1600 5229 1746 5284; x_wconf 90' lang='lat' dir='ltr'><strong>sicut</strong></span> <span class='ocrx_word' id='word_1_657' title='bbox 1772 5243 1950 5300; x_wconf 86' lang='lat' dir='ltr'><strong>neque</strong></span> <span class='ocrx_word' id='word_1_658' title='bbox 1969 5243 2095 5284; x_wconf 89' lang='lat' dir='ltr'><strong>cor-</strong></span> 
     </span>
    </p>
   </div>
   <div class='ocr_carea' id='block_1_95' title="bbox 515 5321 1624 5392">
    <p class='ocr_par' dir='ltr' id='par_1_95' title="bbox 515 5321 1624 5392">
     <span class='ocr_line' id='line_1_95' title="bbox 515 5321 1624 5392; baseline 0.002 -15"><span class='ocrx_word' id='word_1_659' title='bbox 515 5336 715 5392; x_wconf 89' lang='lat' dir='ltr'><strong>poreus</strong></span> <span class='ocrx_word' id='word_1_660' title='bbox 743 5321 940 5381; x_wconf 85' lang='lat' dir='ltr'><strong>oculus</strong></span> <span class='ocrx_word' id='word_1_661' title='bbox 968 5326 1145 5374; x_wconf 90' lang='lat' dir='ltr'><strong>totum</strong></span> <span class='ocrx_word' id='word_1_662' title='bbox 1177 5322 1400 5392; x_wconf 90' lang='lat' dir='ltr'><strong>capiens</strong></span> <span class='ocrx_word' id='word_1_663' title='bbox 1429 5322 1624 5380; x_wconf 87' lang='lat' dir='ltr'><strong>solem.</strong></span> 
     </span>
    </p>
   </div>
   <div class='ocr_carea' id='block_1_96' title="bbox 585 5500 1118 5569">
    <p class='ocr_par' dir='ltr' id='par_1_96' title="bbox 585 5500 1118 5569">
     <span class='ocr_line' id='line_1_96' title="bbox 585 5500 1118 5569; baseline 0.011 -15"><span class='ocrx_word' id='word_1_664' title='bbox 585 5500 618 5541; x_wconf 79' lang='grc' dir='ltr'>ιι</span> <span class='ocrx_word' id='word_1_665' title='bbox 648 5500 842 5559; x_wconf 79' lang='lat' dir='ltr'><strong>Matth.</strong></span> <span class='ocrx_word' id='word_1_666' title='bbox 865 5517 992 5569; x_wconf 78' lang='lat' dir='ltr'><strong>xm,</strong></span> <span class='ocrx_word' id='word_1_667' title='bbox 1028 5501 1118 5560; x_wconf 82' lang='lat' dir='ltr'><strong>ll.</strong></span> 
     </span>
    </p>
   </div>
   <div class='ocr_carea' id='block_1_97' title="bbox 2200 4667 3770 4742">
    <p class='ocr_par' dir='ltr' id='par_1_97' title="bbox 2200 4667 3770 4742">
     <span class='ocr_line' id='line_1_97' title="bbox 2200 4667 3770 4742; baseline 0.001 -21"><span class='ocrx_word' id='word_1_668' title='bbox 2200 4685 2311 4738; x_wconf 83' lang='grc' dir='ltr'>στῳ</span> <span class='ocrx_word' id='word_1_669' title='bbox 2356 4667 2500 4722; x_wconf 85' lang='grc' dir='ltr'>κατὰ</span> <span class='ocrx_word' id='word_1_670' title='bbox 2543 4670 2644 4742; x_wconf 80' lang='grc' dir='ltr'><strong>τὴν</strong></span> <span class='ocrx_word' id='word_1_671' title='bbox 2680 4671 2844 4725; x_wconf 81' lang='grc' dir='ltr'>αὐτοῦ</span> <span class='ocrx_word' id='word_1_672' title='bbox 2880 4670 3108 4742; x_wconf 84' lang='grc' dir='ltr'>δύναμιν</span> <span class='ocrx_word' id='word_1_673' title='bbox 3142 4671 3171 4723; x_wconf 84' lang='grc' dir='ltr'>ὁ</span> <span class='ocrx_word' id='word_1_674' title='bbox 3202 4669 3334 4734; x_wconf 86' lang='grc' dir='ltr'>Θεὸς</span> <span class='ocrx_word' id='word_1_675' title='bbox 3371 4671 3770 4732; x_wconf 84' lang='grc' dir='ltr'>ἀποκαλύπτει,</span> 
     </span>
    </p>
   </div>
   <div class='ocr_carea' id='block_1_98' title="bbox 2198 4760 3771 4833">
    <p class='ocr_par' dir='ltr' id='par_1_98' title="bbox 2198 4760 3771 4833">
     <span class='ocr_line' id='line_1_98' title="bbox 2198 4760 3771 4833; baseline -0.002 -18"><span class='ocrx_word' id='word_1_676' title='bbox 2198 4763 2297 4833; x_wconf 85' lang='grc' dir='ltr'><strong>οὐχ</strong></span> <span class='ocrx_word' id='word_1_677' title='bbox 2328 4763 2409 4815; x_wconf 84' lang='grc' dir='ltr'>ὅτι</span> <span class='ocrx_word' id='word_1_678' title='bbox 2439 4761 2623 4832; x_wconf 81' lang='grc' dir='ltr'>φθονεῖ</span> <span class='ocrx_word' id='word_1_679' title='bbox 2654 4763 2749 4817; x_wconf 93' lang='grc' dir='ltr'><strong>τοῦ</strong></span> <span class='ocrx_word' id='word_1_680' title='bbox 2784 4762 3049 4826; x_wconf 88' lang='grc' dir='ltr'>πλείονος,</span> <span class='ocrx_word' id='word_1_681' title='bbox 3090 4760 3224 4816; x_wconf 84' lang='grc' dir='ltr'><strong>ἀλλά</strong></span> <span class='ocrx_word' id='word_1_682' title='bbox 3253 4761 3341 4815; x_wconf 83' lang='grc' dir='ltr'>διὰ</span> <span class='ocrx_word' id='word_1_683' title='bbox 3373 4762 3436 4816; x_wconf 85' lang='grc' dir='ltr'><strong>τὸ</strong></span> <span class='ocrx_word' id='word_1_684' title='bbox 3467 4763 3639 4816; x_wconf 83' lang='grc' dir='ltr'>σῶσαι</span> <span class='ocrx_word' id='word_1_685' title='bbox 3677 4761 3771 4832; x_wconf 84' lang='grc' dir='ltr'>τὴν</span> 
     </span>
    </p>
   </div>
   <div class='ocr_carea' id='block_1_99' title="bbox 2197 4855 3774 4930">
    <p class='ocr_par' dir='ltr' id='par_1_99' title="bbox 2197 4855 3774 4930">
     <span class='ocr_line' id='line_1_99' title="bbox 2197 4855 3774 4930; baseline -0.001 -21"><span class='ocrx_word' id='word_1_686' title='bbox 2197 4857 2258 4911; x_wconf 84' lang='grc' dir='ltr'>ὲν</span> <span class='ocrx_word' id='word_1_687' title='bbox 2283 4859 2349 4929; x_wconf 78' lang='grc' dir='ltr'><strong>τῇ</strong></span> <span class='ocrx_word' id='word_1_688' title='bbox 2385 4857 2644 4929; x_wconf 84' lang='grc' dir='ltr'>μετρήσει</span> <span class='ocrx_word' id='word_1_689' title='bbox 2673 4857 2773 4929; x_wconf 82' lang='grc' dir='ltr'>τῆς</span> <span class='ocrx_word' id='word_1_690' title='bbox 2802 4856 3129 4925; x_wconf 90' lang='grc' dir='ltr'>θεογνωσίας</span> <span class='ocrx_word' id='word_1_691' title='bbox 3171 4855 3536 4927; x_wconf 88' lang='grc' dir='ltr'>δικαιοσύνην·</span> <span class='ocrx_word' id='word_1_692' title='bbox 3576 4856 3774 4930; x_wconf 75' lang='grc' dir='ltr'>δικαιο-</span> 
     </span>
    </p>
   </div>
   <div class='ocr_carea' id='block_1_100' title="bbox 2200 4947 3775 5021">
    <p class='ocr_par' dir='ltr' id='par_1_100' title="bbox 2200 4947 3775 5021">
     <span class='ocr_line' id='line_1_100' title="bbox 2200 4947 3775 5021; baseline -0.001 -19"><span class='ocrx_word' id='word_1_693' title='bbox 2200 4948 2366 5020; x_wconf 83' lang='grc' dir='ltr'>σύνης</span> <span class='ocrx_word' id='word_1_694' title='bbox 2393 4948 2502 5021; x_wconf 82' lang='grc' dir='ltr'><strong>γὰρ</strong></span> <span class='ocrx_word' id='word_1_695' title='bbox 2530 4949 2658 5002; x_wconf 76' lang='grc' dir='ltr'>ἴδιον</span> <span class='ocrx_word' id='word_1_696' title='bbox 2677 4949 2737 5002; x_wconf 85' lang='grc' dir='ltr'><strong>τὸ</strong></span> <span class='ocrx_word' id='word_1_697' title='bbox 2757 4949 2876 5002; x_wconf 82' lang='grc' dir='ltr'>κατ’</span> <span class='ocrx_word' id='word_1_698' title='bbox 2897 4947 3048 5012; x_wconf 81' lang='grc' dir='ltr'>ἀξίαν</span> <span class='ocrx_word' id='word_1_699' title='bbox 3068 4949 3384 5020; x_wconf 83' lang='grc' dir='ltr'>ὲπιμετρεῖν</span> <span class='ocrx_word' id='word_1_700' title='bbox 3415 4949 3646 5019; x_wconf 79' lang='grc' dir='ltr'>ἑκάστῳ·</span> <span class='ocrx_word' id='word_1_701' title='bbox 3668 4964 3775 5000; x_wconf 84' lang='grc' dir='ltr'>τοι-</span> 
     </span>
    </p>
   </div>
   <div class='ocr_carea' id='block_1_101' title="bbox 2197 5039 3774 5114">
    <p class='ocr_par' dir='ltr' id='par_1_101' title="bbox 2197 5039 3774 5114">
     <span class='ocr_line' id='line_1_101' title="bbox 2197 5039 3774 5114; baseline -0.002 -19"><span class='ocrx_word' id='word_1_702' title='bbox 2197 5041 2402 5114; x_wconf 90' lang='grc' dir='ltr'>γαροῦν</span> <span class='ocrx_word' id='word_1_703' title='bbox 2428 5040 2734 5113; x_wconf 83' lang='grc' dir='ltr'>ἀμέτρητος</span> <span class='ocrx_word' id='word_1_704' title='bbox 2771 5041 2868 5112; x_wconf 85' lang='grc' dir='ltr'>μὲν</span> <span class='ocrx_word' id='word_1_705' title='bbox 2896 5043 2930 5112; x_wconf 77' lang='grc' dir='ltr'><strong>ἡ</strong></span> <span class='ocrx_word' id='word_1_706' title='bbox 2961 5040 3089 5111; x_wconf 74' lang='grc' dir='ltr'>περὶ</span> <span class='ocrx_word' id='word_1_707' title='bbox 3115 5039 3250 5092; x_wconf 90' lang='grc' dir='ltr'>Θεοῦ</span> <span class='ocrx_word' id='word_1_708' title='bbox 3283 5040 3503 5109; x_wconf 88' lang='grc' dir='ltr'>γνῶσις·</span> <span class='ocrx_word' id='word_1_709' title='bbox 3537 5042 3694 5114; x_wconf 74' lang='grc' dir='ltr'>ἡμεῖς</span> <span class='ocrx_word' id='word_1_710' title='bbox 3721 5039 3774 5092; x_wconf 79' lang='grc' dir='ltr'><strong>δὲ</strong></span> 
     </span>
    </p>
   </div>
   <div class='ocr_carea' id='block_1_102' title="bbox 2202 5132 3771 5211">
    <p class='ocr_par' dir='ltr' id='par_1_102' title="bbox 2202 5132 3771 5211">
     <span class='ocr_line' id='line_1_102' title="bbox 2202 5132 3771 5211; baseline -0.001 -23"><span class='ocrx_word' id='word_1_711' title='bbox 2202 5135 2416 5207; x_wconf 85' lang='grc' dir='ltr'>μέτρων</span> <span class='ocrx_word' id='word_1_712' title='bbox 2441 5133 2690 5205; x_wconf 79' lang='grc' dir='ltr'>δεόμεθα’</span> <span class='ocrx_word' id='word_1_713' title='bbox 2709 5135 2758 5187; x_wconf 86' lang='grc' dir='ltr'><strong>εί</strong></span> <span class='ocrx_word' id='word_1_714' title='bbox 2787 5134 2897 5205; x_wconf 82' lang='grc' dir='ltr'><strong>γὰρ</strong></span> <span class='ocrx_word' id='word_1_715' title='bbox 2923 5132 3320 5211; x_wconf 75' lang='grc' dir='ltr'>ἀμέτρωςήμῖν</span> <span class='ocrx_word' id='word_1_716' title='bbox 3341 5133 3771 5195; x_wconf 82' lang='grc' dir='ltr'>ἀπεκαλύπτετο,</span> 
     </span>
    </p>
   </div>
   <div class='ocr_carea' id='block_1_103' title="bbox 2197 5225 3773 5300">
    <p class='ocr_par' dir='ltr' id='par_1_103' title="bbox 2197 5225 3773 5300">
     <span class='ocr_line' id='line_1_103' title="bbox 2197 5225 3773 5300; baseline -0.002 -20"><span class='ocrx_word' id='word_1_717' title='bbox 2197 5227 2299 5280; x_wconf 82' lang='grc' dir='ltr'>οὐκ</span> <span class='ocrx_word' id='word_1_718' title='bbox 2313 5226 2379 5281; x_wconf 84' lang='grc' dir='ltr'>ἂν</span> <span class='ocrx_word' id='word_1_719' title='bbox 2404 5227 2707 5300; x_wconf 74' lang='grc' dir='ltr'>ἐσώθημεν,</span> <span class='ocrx_word' id='word_1_720' title='bbox 2741 5228 2818 5291; x_wconf 87' lang='grc' dir='ltr'>ὼς</span> <span class='ocrx_word' id='word_1_721' title='bbox 2854 5225 2974 5280; x_wconf 82' lang='grc' dir='ltr'>οὐδὲ</span> <span class='ocrx_word' id='word_1_722' title='bbox 3008 5225 3315 5296; x_wconf 82' lang='grc' dir='ltr'>σωματικὸς</span> <span class='ocrx_word' id='word_1_723' title='bbox 3343 5226 3621 5299; x_wconf 74' lang='grc' dir='ltr'>ὀφθαλμὸς</span> <span class='ocrx_word' id='word_1_724' title='bbox 3657 5226 3773 5281; x_wconf 84' lang='grc' dir='ltr'>ὅλον</span> 
     </span>
    </p>
   </div>
   <div class='ocr_carea' id='block_1_104' title="bbox 2197 5317 2675 5391">
    <p class='ocr_par' dir='ltr' id='par_1_104' title="bbox 2197 5317 2675 5391">
     <span class='ocr_line' id='line_1_104' title="bbox 2197 5317 2675 5391; baseline 0.002 -20"><span class='ocrx_word' id='word_1_725' title='bbox 2197 5317 2350 5390; x_wconf 72' lang='grc' dir='ltr'>ἥλιον</span> <span class='ocrx_word' id='word_1_726' title='bbox 2373 5319 2675 5391; x_wconf 85' lang='grc' dir='ltr'>δεχόμενος.</span> 
     </span>
    </p>
   </div>
   <div class='ocr_carea' id='block_1_105' title="bbox 1443 5613 2819 5678">
    <p class='ocr_par' dir='ltr' id='par_1_105' title="bbox 1443 5613 2819 5678">
     <span class='ocr_line' id='line_1_105' title="bbox 1443 5613 2819 5678; baseline -0.005 -3"><span class='ocrx_word' id='word_1_727' title='bbox 1443 5619 1683 5678; x_wconf 76' lang='lat' dir='ltr'><strong>VARle</strong></span> <span class='ocrx_word' id='word_1_728' title='bbox 1721 5617 2108 5676; x_wconf 84' lang='lat' dir='ltr'><strong>LECTIONES</strong></span> <span class='ocrx_word' id='word_1_729' title='bbox 2143 5616 2230 5673; x_wconf 87' lang='lat' dir='ltr'><strong>ET</strong></span> <span class='ocrx_word' id='word_1_730' title='bbox 2270 5613 2819 5673; x_wconf 74' lang='lat' dir='ltr'><strong>CORRECTIONES.</strong></span> 
     </span>
    </p>
   </div>
   <div class='ocr_carea' id='block_1_106' title="bbox 592 5775 1180 5849">
    <p class='ocr_par' dir='ltr' id='par_1_106' title="bbox 592 5775 1180 5849">
     <span class='ocr_line' id='line_1_106' title="bbox 592 5775 1180 5849; baseline 0.007 -20"><span class='ocrx_word' id='word_1_731' title='bbox 592 5775 646 5849; x_wconf 43' lang='grc' dir='ltr'>ᾗ</span> <span class='ocrx_word' id='word_1_732' title='bbox 679 5775 831 5849; x_wconf 69' lang='grc' dir='ltr'>καθᾴ.</span> <span class='ocrx_word' id='word_1_733' title='bbox 877 5778 943 5849; x_wconf 11' lang='grc'><strong>7⁸³</strong></span> <span class='ocrx_word' id='word_1_734' title='bbox 972 5777 1180 5849; x_wconf 67' lang='grc' dir='ltr'>θεά-της.</span> 
     </span>
    </p>
   </div>
   <div class='ocr_carea' id='block_1_107' title="bbox 521 5845 1445 5920">
    <p class='ocr_par' dir='ltr' id='par_1_107' title="bbox 521 5845 1445 5920">
     <span class='ocr_line' id='line_1_107' title="bbox 521 5845 1445 5920; baseline 0.004 -19"><span class='ocrx_word' id='word_1_735' title='bbox 521 5845 568 5878; x_wconf 76' lang='grc'><strong>⁸⁸</strong></span> <span class='ocrx_word' id='word_1_736' title='bbox 596 5845 734 5901; x_wconf 77' lang='grc' dir='ltr'>ὅθεν.</span> <span class='ocrx_word' id='word_1_737' title='bbox 802 5847 844 5884; x_wconf 75' lang='grc'><strong>⁸³</strong></span> <span class='ocrx_word' id='word_1_738' title='bbox 875 5845 1142 5917; x_wconf 68' lang='grc' dir='ltr'>λέγεσθαι.</span> <span class='ocrx_word' id='word_1_739' title='bbox 1212 5852 1255 5884; x_wconf 77' lang='grc'><strong>⁶⁰</strong></span> <span class='ocrx_word' id='word_1_740' title='bbox 1295 5845 1445 5920; x_wconf 59' lang='grc' dir='ltr'>πρός.</span> 
     </span>
    </p>
   </div>
   <div class='ocr_carea' id='block_1_108' title="bbox 1275 5769 3768 5852">
    <p class='ocr_par' dir='ltr' id='par_1_108' title="bbox 1275 5769 3768 5852">
     <span class='ocr_line' id='line_1_108' title="bbox 1275 5769 3768 5852; baseline -0.003 -20"><span class='ocrx_word' id='word_1_741' title='bbox 1275 5780 1320 5812; x_wconf 66' lang='grc'><strong>⁵⁸</strong></span> <span class='ocrx_word' id='word_1_742' title='bbox 1351 5783 1587 5848; x_wconf 70' lang='grc' dir='ltr'>γνωστὰ.</span> <span class='ocrx_word' id='word_1_743' title='bbox 1669 5780 1729 5852; x_wconf 41' lang='grc'><strong>,⁸⁸</strong></span> <span class='ocrx_word' id='word_1_744' title='bbox 1780 5779 2091 5850; x_wconf 79' lang='grc' dir='ltr'>τολμητέον.</span> <span class='ocrx_word' id='word_1_745' title='bbox 2170 5778 2215 5810; x_wconf 78' lang='grc'><strong>⁸⁸</strong></span> <span class='ocrx_word' id='word_1_746' title='bbox 2250 5776 2517 5845; x_wconf 67' lang='grc' dir='ltr'>θειότητι,</span> <span class='ocrx_word' id='word_1_747' title='bbox 2591 5774 2634 5807; x_wconf 73' lang='grc'><strong>⁸⁷</strong></span> <span class='ocrx_word' id='word_1_748' title='bbox 2670 5769 3194 5846; x_wconf 53' lang='grc' dir='ltr'>χρησμιιῶτηθέντα</span> <span class='ocrx_word' id='word_1_749' title='bbox 3246 5773 3322 5838; x_wconf 85' lang='grc' dir='ltr'>ὡς</span> <span class='ocrx_word' id='word_1_750' title='bbox 3366 5773 3474 5847; x_wconf 77' lang='grc' dir='ltr'><strong>πρὸ</strong></span> <span class='ocrx_word' id='word_1_751' title='bbox 3524 5769 3768 5846; x_wconf 76' lang='grc' dir='ltr'>βραχέος,</span> 
     </span>
    </p>
   </div>
  </div>
