3874 6546
105 397 232 471 ιειιΔ

850 396 908 454 S.
937 394 1189 453 MAXIM]
1225 395 1522 455 SCHOLIA
1553 395 1622 452 ΙΝ
1650 395 1781 452 LIB.
1815 395 1905 453 DE
1940 396 2196 456 DIVINIS
2221 397 2621 457 NOMINlBUS.

3265 406 3370 462 190

163 512 272 582 Τὴν
300 511 610 583 ἀμετρίαν
639 511 993 581 θεοπρεπῶς.
1040 513 1330 586 Ἀμετρίαν
1359 513 1456 569 νῦν
1486 510 1681 602 [λέγει]

1857 513 2274 570 Immensitatem
2295 532 2446 570 suam
2457 517 2636 573 divino
2658 515 2889 590 quodam
2909 517 3114 576 decore.
3134 516 3370 578 Immen-

103 607 215 662 αὐτὸ
241 605 301 659 τὸ
331 605 496 659 Θεῖον
513 643 530 669 ,
568 605 670 659 καὶ
714 603 810 677 τὴν
841 604 1005 659 αὐτοῦ
1053 605 1199 660 κατὰ
1228 606 1290 660 τὸ
1334 606 1557 662 δυνατὸν
1602 606 1687 660 ἐλ-

103 699 304 770 λαμψιν.

158 793 374 860 Ὥσπερ
408 791 530 862 γὰρ
555 791 818 861 ἆληπτα.
854 791 928 844 Τὸ
978 789 1362 862 ἀκατάληπτον
1410 791 1510 861 τῆς
1557 792 1686 863 περὶ

103 883 267 937 826v“
299 883 577 952 γνώσεως
607 883 857 938 ἐντεῦθεν
888 882 1242 955 παρίσταται·
1267 885 1318 937 εἰ
1336 883 1447 956 γὰρ
1477 883 1596 937 οὐδὲ
1615 883 1684 938 τὰ

106 976 231 1030 ἁπλᾶ
258 977 353 1030 καὶ
385 977 786 1049 ἀσχημάτιστα
807 1019 822 1044 ,
857 976 962 1030 κᾶν
990 977 1173 1032 οὐσίαι
1219 976 1365 1040 τινὲς
1401 970 1533 1040 ὦσι,
1565 979 1686 1040 ταῖς

107 1069 403 1140 αἰσθήσεσιν
439 1070 871 1134 ὑποπίπτουσιν,
892 1069 969 1134 ὡς
998 1069 1218 1139 ἄγγελοι
1248 1069 1344 1124 καὶ
1373 1068 1542 1141 ψυχαὶ
1571 1072 1685 1134 τοῖς

110 1166 444 1234 σωματικοῖςο
499 1163 658 1234 πόσῳ
708 1163 909 1234 μᾶλλον
940 1161 1194 1234 ὑπερέχει
1224 1163 1254 1214 6
1283 1161 1415 1225 Θεὸς
1437 1199 1452 1225 ,
1483 1162 1514 1214 6
1546 1162 1686 1233 μήτε

107 1255 272 1318 οὐσία,
307 1255 426 1309 ἀλλ’
482 1255 632 1327 ὑπὲρ
675 1255 883 1308 οὐσίαν·
935 1255 1070 1326 μήτε
1121 1253 1354 1318 ἁπλοῦς,
1387 1253 1501 1306 ἀλλ’
1544 1253 1685 1326 ὑπὲρ

110 1350 382 1422 ἁπλότητα·
435 1351 582 1422 μήτε
637 1349 794 1413 νοῦς,
839 1348 975 1402 ἀλλὰ
1022 1349 1116 1402 καὶ
1164 1349 1306 1418 ὑπὲρ
1345 1347 1488 1401 νοῦνο
1548 1350 1684 1420 μήτε

110 1441 234 1505 ὲνὰς,
267 1441 403 1494 ἀλλὰ
437 1443 540 1496 καὶ⁵
573 1443 714 1514 ὑπὲρ
748 1441 932 1495 ὲνάδαο
967 1441 1060 1495 καὶ
1091 1440 1216 1495 οὔτε
1245 1441 1358 1512 ὅρῳ
1386 1441 1494 1494 τινὶ
1525 1457 1686 1512 περι-

109 1534 472 1604 γραφόμενος,
527 1534 646 1588 ἀλλ’
696 1533 951 1606 ἀοριστίᾳ
997 1533 1105 1586 τῶν
1149 1533 1318 1586 ὄντων
1350 1532 1683 1604 ἀφειμένος;

120 1623 332 1678 Ἀκούων
363 1622 462 1680 οῦν
497 1629 560 1680 ὲν
603 1629 670 1698 τῇ
704 1627 896 1698 Γραφῇ
933 1625 1145 1698 μορφὴν
1184 1625 1320 1678 Θεοῦ
1340 1665 1355 1690 ,
1387 1627 1482 1678 καὶ
1526 1620 1683 1689 εἶδος,

109 1719 188 1771 καὶ
228 1719 562 1790 πρόσωπον,
598 1720 665 1773 δι’
711 1719 1009 1790 ἀναγωγῆς
1049 1719 1144 1773 καὶ
1182 1719 1325 1790 ὑπὲρ
1353 1717 1423 1771 τὰ
1459 1706 1687 1789 σώματα

109 1810 252 1876 ἀξίως
292 1811 432 1864 Θεοῦ
474 1811 612 1864 νόειο
645 1811 900 1880 ἑνότητα
947 1812 1003 1865 δὲ
1035 1809 1269 1877 ἁκούων,
1307 1811 1382 1884 μὴ
1413 1811 1686 1882 διαφόρων

107 1903 244 1955 τινῶν
273 1904 413 1974 πρὸς
464 1904 666 1957 ἕνωσιν
711 1904 1014 1975 συνδρομὴν
1046 1905 1247 1976 νοήσῃς
1270 1921 1285 1936 ο
1321 1905 1382 1957 οὐ
1416 1904 1527 1978 γὰρ
1558 1907 1688 1978 περὶ

107 1992 338 2048 τοιούτων
368 1997 398 2048 6
430 1995 598 2066 λόγος
628 1995 742 2063 νῦν,
775 1996 912 2050 ἀλλὰ
947 1997 1074 2068 περ)⁸
1103 1995 1262 2061 Θεοῦ,
1295 1997 1389 2050 τοῦ
1425 1999 1560 2070 μήτε
1579 1999 1681 2070 ἁρ-

109 2087 194 2156 χῆς
223 2088 474 2159 ἀριθμῶν
502 2089 660 2152 ὄντος
690 2089 782 2142 καὶ
813 2089 1128 2154 ἀσυνθέτου,
1161 2088 1298 2143 ἀλλὰ
1317 2090 1409 2144 καὶ
1440 2090 1582 2161 ὑπὲρ
1611 2089 1681 2144 τὰ

110 2181 374 2249 μονοούσια
407 2183 527 2254 ήνω
535 2181 721 2253 μένου.

1787 607 2004 664 sitatem
2025 623 2172 662 nunc
2197 607 2334 662 dicit
2351 608 2696 667 divinitatem
2727 611 2924 680 ipsam,
2942 604 3373 685 possibilemque

1785 697 1908 768 ejus
1937 699 2385 756 illustrationem.

1861 789 1929 844 Ut
1968 792 2127 855 enim,
2159 808 2276 863 quae
2321 793 2686 863 comprehendi
2729 804 3007 865 nequeunt.
3051 794 3369 868 lncompre-

1784 879 2132 938 hensibilitas
2157 883 2357 939 divinae
2380 886 2736 956 cognitionis,
2763 887 2891 942 hinc
2920 895 3368 958 repraesentatur;

1786 975 1833 1030 si
1863 976 2009 1031 enim
2039 992 2220 1046 neque
2249 977 2523 1048 simplicia
2554 988 2610 1034 et
2640 995 2750 1034 non
2785 979 3038 1050 ﬁgurata,
3071 981 3176 1036 etsi
3228 981 3367 1036 sub-

1785 1068 2003 1122 stantia:
2049 1069 2300 1138 quaedam
2333 1070 2466 1135 sint,
2510 1072 2736 1126 minime
2774 1072 2879 1127 sub
2911 1088 3108 1128 sensus
3137 1073 3367 1138 cadunt,

1783 1169 1846 1214 ut
1882 1161 2060 1233 angeli
2100 1169 2156 1218 et
2198 1163 2395 1218 animae
2437 1165 2541 1220 sub
2586 1180 2888 1236 corporea;
2940 1175 3146 1236 quanto
3191 1167 3369 1238 magis

1785 1250 1931 1310 Deus
1960 1255 2198 1319 excedit,
2229 1256 2322 1326 qui
2353 1272 2530 1327 neque
2555 1258 2886 1322 substantia,
2918 1259 3014 1315 sed
3045 1275 3208 1330 supra
3237 1261 3371 1315 sub-

1786 1346 2083 1414 stantiam;
2111 1363 2290 1418 neque
2317 1349 2576 1419 simplex,
2607 1351 2703 1406 sed
2727 1367 2893 1421 supra
2920 1352 3324 1421 simplicitatem
3350 1370 3368 1420 ;

1786 1454 1964 1510 neque
1987 1455 2164 1506 mens,
2190 1440 2288 1497 sed
2315 1441 2480 1496 etiam
2511 1445 2680 1512 supra
2718 1449 2994 1508 mentem;
3036 1458 3214 1513 neque
3244 1444 3371 1497 uni-

1786 1538 1896 1597 tas,
1930 1533 2026 1588 sed
2061 1548 2228 1604 supra
2271 1534 2568 1602 unitatem;
2602 1551 2780 1606 neque
2808 1535 2972 1591 etiam
3005 1537 3242 1592 termino
3271 1536 3373 1590 ali-

1786 1640 1896 1696 quo
1924 1627 2429 1694 circumscribitur,
2463 1627 2559 1682 sed
2606 1628 2830 1683 termini
2877 1627 3184 1698 privatione
3213 1643 3245 1682 a
3282 1643 3374 1684 re-

1787 1718 1891 1774 bus
1925 1727 2195 1776 secretus.
2231 1720 2474 1776 Audiens
2505 1721 2674 1792 igitur
2713 1721 2768 1775 in
2801 1719 3085 1792 Scriptura
3137 1721 3372 1780 formam

1787 1808 1906 1875 Dei,
1928 1818 1982 1866 et
2010 1812 2269 1882 speciem,
2306 1820 2360 1867 et
2381 1813 2612 1877 vultum,
2636 1829 2734 1884 per
2760 1815 2960 1869 mentis
2986 1816 3370 1880 elevationem,

1718 1884 1760 1940 Β
1788 1912 1954 1974 atque
1983 1919 2149 1975 supra
2181 1919 2444 1975 corporea
2468 1945 2484 1972 ,
2514 1904 2678 1976 digne
2719 1905 2830 1961 Deo
2868 1907 3143 1977 intellige;
3181 1907 3369 1960 unita-

1779 2003 1888 2052 tem
1925 2012 2055 2052 vero
2084 1998 2315 2054 audiens
2339 2038 2355 2062 ,
2395 2013 2466 2054 ne
2515 1999 2859 2055 diversorum
2890 1999 3254 2070 quorumdam
3301 1999 3372 2054 ad

1777 2090 2083 2146 unitionem
2106 2105 2437 2147 concursum
2469 2092 2714 2162 cogites:
2746 2108 2924 2164 neque
2952 2093 3097 2148 enim
3131 2092 3200 2147 de
3240 2093 3372 2146 tali-

1776 2182 1882 2239 bus
1912 2199 2155 2255 prassens
2185 2184 2496 2240 instituitur
2526 2199 2740 2252 sermo;
2770 2201 2963 2242 verum
3005 2186 3075 2241 de
3106 2184 3237 2251 Deo,
3265 2186 3361 2256 qui

108 2288 265 2343 neque
294 2279 380 2329 est
409 2273 751 2344 principium
783 2287 1166 2339 numerorum,
1201 2283 1366 2345 atque
1405 2273 1804 2345 compositione
1831 2286 2014 2344 caret;
2055 2277 2166 2332 imo
2197 2278 2364 2332 etiam
2401 2277 2512 2332 illis
2566 2293 2689 2348 qua:
2745 2293 2855 2333 una
2917 2285 3177 2332 constant
3239 2277 3375 2334 sub-

109 2368 310 2431 stantia,
343 2368 546 2423 unitus
571 2368 763 2438 magis.

176 2461 493 2528 Ὲνοποιός.
545 2461 825 2516 Ἐντεῦθεν
869 2461 1006 2533 μετὰ
1054 2461 1118 2515 τδ
1166 2460 1404 2526 ἐξελθεῖν
1463 2458 1683 2514 πάντων

105 2555 198 2609 τῶν
225 2558 280 2609 ὲν
311 2559 428 2619 τοῖς
460 2552 583 2610 οὖσι
615 2555 684 2609 τὰ
717 2556 844 2627 περὶ
873 2553 1031 2622 Θεοῦ,
1054 2553 1237 2608 λοιπὸν
1258 2552 1336 2624 τῷ
1371 2552 1554 2624 μέτρῳ
1585 2553 1685 2625 τῆς

106 2647 357 2720 ἡμετέρας
401 2646 663 2718 γλώσσης
719 2647 1046 2712 ἀκολουθῶν,
1095 2645 1177 2718 (οὐ
1219 2647 1334 2719 γὰρ
1379 2647 1684 2718 ὑπερϐῆναι

105 2741 284 2811 ταύτην
331 2740 566 2794 δυνατὸν
609 2739 805 2812 ἡμῖν’)
839 2740 897 2806 ἐξ
929 2739 1108 2793 αὐτῶν
1137 2737 1354 2804 δοξάζει
1397 2739 1487 2792 τὸν
1526 2737 1680 2803 Θεὸν,

107 2831 158 2897 ἐξ
182 2826 250 2886 ὧν
281 2834 448 2887 αὐτὸν
483 2833 676 2900 ἐξεῖλε·
711 2833 806 2887 καὶ
838 2832 999 2888 ὲνάδα
1033 2831 1220 2904 φησιν,
1253 2831 1368 2885 ἀλλ’
1398 2829 1682 2884 ἑνοποιὸν

105 2925 206 2980 τῶν
233 2926 467 2981 ἐνὰδων
487 2967 502 2990 ,
545 2926 817 2991 τουτέστι,
853 2926 1182 2998 δημιουργὸν
1211 2924 1321 2979 τῶν
1361 2923 1546 2978 ἁπλῶν
1591 2923 1684 2976 οὐ-

106 3019 238 3083 σιῶν,
271 3013 381 3073 οἷον
417 3019 673 3089 ἀγγέλων
713 3019 808 3072 καὶ⁵
850 3018 1058 3089 ψυχῶν
1096 3018 1192 3073 καὶ
1229 3017 1382 3072 νοῦν
1424 3017 1684 3084 ἀνόητον

106 3113 208 3165 ἀντὶ
236 3113 327 3167 τοῦ
373 3112 451 3184 μὴ
484 3111 778 3182 νοούμενον
823 3111 929 3165 ὑπό
977 3128 1120 3175 τινος
1164 3109 1278 3164 νοῦο
1313 3111 1424 3163 ei"
1463 3108 1576 3178 γὰρ
1619 3105 1681 3159 τὺ

103 3204 263 3274 ὅμοιον
294 3206 402 3259 ὑπὸ
433 3203 534 3258 τοῦ
553 3203 740 3274 ὁμοίου
761 3203 1110 3273 γινώσκεται,
1133 3203 1297 3274 ἐχρῆν
1316 3197 1455 3274 [οὖν]
1473 3201 1523 3253 εἰ
1554 3197 1678 3263 νοῦς

101 3292 175 3368 ἦν,
200 3299 298 3352 ὑπὸ
330 3299 442 3352 τῶν
463 3297 604 3350 νοῶν
626 3297 879 3350 νοεῖσθαι.
911 3295 1071 3349 Ἀλλὰ
1094 3297 1185 3361 τίς
1207 3295 1360 3365 ἔγνω
1387 3291 1538 3348 νοῦν
1558 3294 1679 3345 Κυ-

99 3391 254 3455 ρίου;
282 3389 486 3444 οὐκοῦν
519 3387 646 3452 νοῦς
678 3389 825 3442 ἐστιν
857 3388 998 3460 ὑπὲρ
1041 3387 1195 3451 νοῦν,
1229 3386 1324 3440 καὶ
1360 3383 1532 3456 ὄνομά
1561 3385 1680 3436 ἐστι

105 3481 155 3533 τὸ
181 3481 314 3554 ὑπὲρ
342 3484 458 3535 πᾶν
489 3481 680 3551 ὄνομα·
716 3481 811 3534 καὶ
850 3479 918 3533 Τὸ
956 3479 1142 3550 ὄνομα
1185 3480 1296 3550 γάρ
1319 3497 1459 3549 μου,
1493 3477 1678 3549 φησὶν,

107 3574 202 3627 οὐκ
235 3575 409 3628 εἷπον
455 3572 684 3638 αὐτοῖς·
729 3571 808 3625 διὸ
840 3572 936 3624 καὶ
967 3569 1252 3642 ἀνώνυμος
1283 3572 1469 3625 πᾶσιν.
1517 3568 1680 3623 Ἀλλὰ

107 3666 187 3717 καὶ
214 3666 330 3719 οὐδὲ
361 3667 439 3718 ῶν
474 3664 702 3718 es”:th
739 3666 787 3718 εἰ
833 3663 943 3735 γὰρ
973 3662 1136 3726 αὐτὸς
1175 3661 1243 3715 τὰ
1292 3661 1422 3715 ὅντα
1465 3663 1530 3715 ὲκ
1570 3659 1680 3714 τῶν

110 3756 173 3828 μὴ
200 3758 362 3811 ὄντων
394 3758 738 3829 δημιουργεῖ,
762 3756 864 3809 οὐκ
891 3757 999 3828 ἄρα
1021 3755 1128 3808 τῶν
1160 3753 1328 3807 ὄντων
1361 3753 1529 3816 ἐστὶν,
1564 3753 1678 3806 ἀλλ’

107 3848 230 3920 ὑπὲρ
259 3850 324 3902 τὰ
356 3850 514 3903 ὄντα.
563 3847 689 3900 Ἐὰν
719 3847 776 3900 δὲ
808 3847 962 3918 λέγῃ·
1011 3844 1152 3915 Ἐγώ
1179 3847 1297 3914 εἰμι
1320 3847 1354 3898 ὀ
1374 3843 1478 3908 ὢν,
1513 3841 1679 3908 ἀξίως

106 3939 200 3992 νόει
228 3941 461 4012 ἄναρχον
495 3940 592 3992 καὶ
621 3937 998 4009 ἀτελεύτητον,
1029 3936 1164 3990 ἀλλὰ
1197 3937 1290 3990 καὶ
1320 3935 1676 4006 ἀνεξερεύνη-

106 4045 183 4082 τον
189 4071 202 4083 .

167 4121 284 4193 ςιι.
321 4125 394 4177 Ὅ
430 4141 487 4177 τι
523 4122 668 4177 ποτέ
707 4123 880 4185 ἐστιν
917 4123 1238 4192 ἐπιστήμη.
1286 4120 1464 4184 Μόνος
1507 4119 1617 4190 γὰρ
1647 4120 1676 4171 6

109 4212 223 4278 Θεὸς
252 4217 414 4279 αὐτὸς
444 4215 516 4268 τὰ
549 4216 676 4287 περὶ
707 4215 901 4269 ἑαυτοῦ
923 4214 1236 4276 ἐπίσταται,
1257 4211 1567 4283 ὲπιστητῶς
1581 4211 1676 4265 καὶ

110 4307 292 4377 κυρίως
341 4307 503 4372 εἰδὼς
549 4307 736 4361 ἑαυτὸν
767 4307 843 4370 ὡς
882 4307 1017 4360 ἔστι·
1051 4308 1165 4370 τοῖς
1211 4305 1268 4358 δὲ
1300 4303 1428 4375 ἑξῆς
1473 4303 1677 4358 ἅπασιν

111 4398 495 4470 ὰνεπίγνωστος
527 4398 603 4453 ὣν
633 4399 754 4454 κατ’
793 4399 954 4463 αὐτὸ,
996 4399 1058 4452 τὸ
1102 4399 1156 4451 τί
1201 4398 1317 4451 ἐστι
1361 4397 1456 4450 καὶ
1495 4395 1616 4449 καθ’
1648 4397 1677 4450 ὃ

1859 2457 2119 2529 Eﬁ'ectrix
2158 2460 2411 2515 unitatis.
2448 2459 2534 2515 Ab
2578 2460 2681 2515 hoc
2712 2459 2856 2524 loco,
2885 2459 2980 2514 ubi
3012 2474 3080 2515 ex
3116 2458 3374 2514 omnibus

1785 2566 1968 2607 rerum
2002 2553 2298 2623 generibus
2339 2551 2514 2608 Deum
2546 2551 2769 2616 exemit,
2797 2551 3057 2622 deinceps
3096 2565 3373 2606 mensurae

1786 2645 1961 2699 nostri
1986 2645 2260 2699 sermonis
2297 2645 2610 2715 obsequens
2642 2643 2844 2716 (neque
2874 2642 2984 2714 95
3013 2643 3161 2698 enim
3191 2642 3373 2712 ipsum

1777 2735 2019 2790 transire
2063 2736 2385 2806 possumus)
2411 2737 2606 2792 iisdem
2640 2735 2809 2792 Deum
2833 2735 3042 2797 laudat,
3065 2750 3134 2790 ex
3167 2734 3374 2805 quibus

1781 2815 1963 2897 ipsum
1990 2837 2282 2897 exceperat
2313 2843 2328 2880 :
2355 2836 2521 2899 atque
2553 2829 2820 2883 unitatem
2860 2835 3045 2890 vocat,
3092 2827 3186 2882 sed
3216 2828 3376 2896 uniﬁ-

1785 2937 1904 2975 cam
1922 2921 2206 2985 unitatem,
2240 2920 2295 2975 id
2324 2931 2410 2976 est
2440 2921 2774 2991 simplicium
2815 2920 3184 2976 essentiarum
3214 2933 3373 2974 crea-

1783 3020 1982 3080 torem,
2011 3013 2183 3068 veluti
2210 3013 2530 3084 angelorum
2564 3021 2621 3067 et
2653 3014 2961 3067 animarum
2996 3027 3010 3064 :
3043 3018 3208 3081 atque
3246 3009 3374 3064 νοῦν

1783 3105 2036 3178 ἀνόητον,
2055 3121 2176 3176 pro,
2203 3113 2442 3162 mentem
2469 3121 2501 3160 a
2528 3106 2680 3160 nulla
2709 3113 2894 3161 mente
2919 3104 3285 3170 intellectam;
3321 3102 3372 3159 si

1705 3180 1749 3239 (ἶ
1782 3198 1930 3254 enim
1974 3198 2152 3276 simile
2191 3213 2223 3252 a
2268 3198 2436 3254 simili
2484 3198 2772 3265 noscitur,
2817 3196 3072 3264 debebat,
3129 3197 3177 3252 si
3216 3211 3374 3252 mens

1783 3290 2000 3356 fuisset,
2034 3307 2066 3346 a
2096 3292 2375 3348 mentibus
2407 3293 2658 3364 intelligi.
2683 3289 2883 3347 Verum
2911 3292 3028 3362 quis
3054 3290 3194 3344 novit
3222 3306 3372 3343 men-

1785 3393 1888 3440 tem
1911 3384 2172 3442 Domini?
2211 3401 2344 3458 ergo
2372 3394 2458 3442 est
2501 3401 2656 3441 mens
2696 3398 2864 3455 supra
2895 3391 3158 3446 mentem,
3189 3391 3244 3436 et
3272 3395 3375 3436 no-

1782 3492 1907 3532 men
1930 3493 2096 3548 supra
2125 3493 2290 3533 omne
2311 3493 2512 3533 nomen
2537 3497 2550 3533 :
2577 3486 2633 3533 et
2666 3475 2877 3530 Nomen
2899 3475 3040 3529 enim
3065 3489 3256 3536 meum,
3287 3474 3374 3528 in-

1780 3570 1922 3640 quit,
1950 3585 2054 3622 non
2090 3569 2206 3624 dixi
2238 3571 2389 3640 ipsis.
2436 3570 2676 3638 Ideoque
2716 3568 2862 3639 apud
2912 3581 3107 3622 omnes
3149 3566 3374 3622 nomine

1781 3671 1968 3730 caret;
2005 3663 2102 3719 sed
2128 3661 2292 3719 etiam
2325 3679 2504 3734 neque
2533 3677 2658 3717 cum
2690 3663 2792 3726 sit,
2823 3669 2937 3727 est;
2983 3661 3030 3716 si
3072 3660 3217 3715 enim
3249 3663 3373 3730 ipse

1779 3769 1892 3819 res,
1919 3769 1987 3809 ex
2010 3754 2080 3810 iis
2099 3771 2220 3826 quae
2249 3770 2358 3808 non
2382 3761 2532 3818 sunt,
2563 3761 2746 3819 creat;
2779 3752 3022 3823 profecto
3055 3753 3265 3806 nullum
3285 3759 3373 3808 est

1778 3861 1970 3902 eorum
2002 3863 2124 3918 qua:
2150 3854 2299 3911 sunt,
2325 3847 2422 3903 sed
2453 3862 2519 3903 ea
2551 3854 2804 3917 superat;
2835 3847 2938 3900 etsi
2966 3853 3148 3900 autem
3178 3844 3318 3898 dixit
3350 3863 3367 3900 :

1780 3939 1892 4010 Ego
1915 3957 2032 3994 sum
2062 3943 2152 4010 qui
2179 3957 2316 4004 sum,
2359 3940 2522 4010 digne
2549 3939 2756 4008 cogites
2806 3939 2984 4008 ipsum
3020 3936 3294 4008 principio
3314 3945 3372 3992 et

1781 4035 1908 4098 line,
1947 4035 2196 4104 quinimo
2227 4034 2390 4088 etiam
2420 4031 2841 4101 investigatione
2870 4043 3080 4083 carere.

1846 4126 1873 4198 ᾗ
1901 4123 1966 4181 ll.
2003 4123 2134 4194 Ejus
2165 4123 2291 4195 quid
2318 4123 2388 4177 sit
2420 4123 2664 4178 scientia.
2701 4119 2865 4175 Solus
2895 4121 3043 4174 enim
3075 4118 3221 4174 Deus
3246 4118 3368 4188 ipse

1779 4233 1880 4274 sua
1912 4217 2233 4288 cognoscit,
2282 4216 2522 4271 scienter
2557 4222 2612 4269 et
2660 4213 2882 4284 proprie
2915 4215 3157 4283 seipsum
3205 4220 3370 4282 prout

1778 4321 1860 4369 eet
1883 4325 2249 4383 cognoscens;
2281 4309 2494 4364 caeteris
2514 4323 2644 4363 vero
2673 4305 2931 4362 omnibus
2961 4307 3181 4376 ignotus
3201 4313 3287 4362 est
3308 4307 3367 4361 in

1777 4421 1864 4472 eo,
1893 4403 2026 4475 quid
2059 4404 2150 4467 sit,
2175 4409 2230 4458 et
2253 4401 2433 4472 qualis
2449 4401 2543 4456 sit.
2568 4398 2616 4452 N
2624 4399 2766 4453 ullus
2787 4399 2926 4453 enim
2948 4399 3087 4452 novit
3123 4397 3365 4465 Patrem,

112 4493 257 4546 ἐστιν.
296 4494 509 4559 Οὐδεὶς
538 4492 647 4562 γὰρ
678 4491 991 4562 γιγνώσκει
1017 4489 1126 4544 τὸν
1153 4489 1405 4558 Πατέρα,
1445 4491 1499 4544 εὶ
1518 4489 1606 4559 μὴ
1643 4493 1677 4545 ὀ

1788 4498 1887 4552 nisi
1917 4495 2113 4558 Filius,
2145 4503 2194 4548 et
2225 4492 2452 4555 Filium,
2481 4492 2586 4546 nisi
2623 4490 2825 4545 Patcri
2852 4505 2864 4541 :
2898 4505 3025 4544 nam
3059 4488 3241 4552 Pater,
3270 4503 3370 4544 co-

117 4586 251 4652 Υἱόςο
273 4587 369 4641 καὶ
395 4587 508 4640 τὸν
549 4585 706 4650 Υὶὸν,
736 4587 790 4640 εὶ
812 4585 898 4655 μὴ
923 4588 957 4639 ό
975 4583 1195 4654 Πατήρ·
1215 4582 1536 4653 γιγνώσκων
1569 4583 1678 4656 γὰρ

1788 4603 2053 4661 gnoscens
2070 4602 2225 4643 suam
2252 4585 2588 4642 adorandam
2616 4585 2930 4655 imaginem,
2953 4583 3008 4637 id
3035 4591 3118 4639 est
3139 4582 3363 4648 Filium,

110 4675 134 4725 6
162 4677 338 4751 Πατὴρ
368 4678 471 4749 τὴν
505 4675 703 4730 ἑαυτοῦ
737 4677 1118 4750 προσκυνητὴν
1161 4676 1346 4730 εἰκόνα
1368 4715 1386 4740 ,
1431 4675 1679 4728 τουτέστι

1788 4683 2024 4753 seipsum
2077 4681 2399 4752 cognoscit;
2445 4679 2638 4734 eodem
2686 4676 2850 4732 modo
2897 4684 3147 4732 sanctum
3193 4674 3369 4746 Spiri-

111 4767 189 4822 τὺν
220 4771 362 4836 Υἱὺν,
397 4771 692 4841 γιγνώσκει
725 4770 867 4842 [καὶ]
901 4771 1115 4824 ἑαυτὸν.
1161 4770 1235 4823 Τὸ
1265 4770 1394 4823 αὐτὸ
1425 4769 1520 4824 καὶ
1551 4768 1681 4840 περὶ

1788 4783 1942 4830 tum:
1979 4773 2179 4827 Nullus
2217 4774 2356 4827 enim
2395 4773 2537 4826 novit
2577 4770 2764 4837 Deum,
2785 4771 2887 4826 nisi
2909 4769 3142 4839 Spiritus
3175 4770 3266 4839 qui
3301 4784 3366 4822 ex

111 4861 191 4914 τοῦ
221 4865 371 4932 ἁγίου
394 4862 732 4933 Πνεύματοςο
756 4862 964 4928 Οὐδεὶς
992 4862 1101 4931 γὰρ
1126 4862 1249 4916 οἶδε
1270 4863 1341 4916 τὰ
1373 4861 1477 4916 τοῦ
1506 4859 1678 4925 Θεοῦ,

1788 4867 1914 4922 Deo.
1946 4865 2141 4922 Omnia
2171 4867 2340 4937 igitur
2378 4883 2501 4936 quae
2545 4865 2614 4920 de
2663 4863 2776 4919 Deo
2826 4863 3127 4918 meditatur
3167 4862 3364 4918 beatus

111 4957 254 5025 εἰμὴ
285 4957 351 5011 τὸ
386 4955 633 5025 Πνεῦμα
674 4955 740 5009 τὸ
785 4955 854 5009 ἐκ
899 4956 1005 5010 τοῦ
1053 4955 1219 5009 Θεοῦ.
1255 4955 1442 5009 Πάντα
1471 4954 1673 5015 τοίνυν,

1788 4961 1874 5018 hic
1903 4963 2007 5026 vir,
2031 4960 2100 5016 de
2129 4959 2439 5017 veneranda
2465 4957 2734 5012 Trinitate
2763 4956 3021 5027 intelligit

112 5045 198 5100 ὅσα
227 5050 350 5120 περὶ
387 5048 524 5102 Θεοῦ
559 5048 754 5119 θεωρεῖ
792 5047 820 5100 6
854 5047 1122 5118 μακάριος
1152 5041 1306 5110 οὗτος
1345 5045 1504 5118 ἀνὴρ,
1547 5045 1676 5116 περὶ

113 5139 200 5210 τῆς
229 5141 530 5212 σεϐασμίας
549 5141 596 5172 ⁸⁸
625 5139 857 5212 Τριάδος
887 5142 1016 5193 νοεῖ.

189 5233 488 5302 Ἀπειρίαν.
522 5233 596 5286 Τὸ
628 5233 1043 5305 πεπερασμένον
1063 5231 1152 5287 καὶ
1175 5232 1508 5304 περιληπτόν
1528 5233 1677 5284 ἐστιν

1849 5228 2198 5299 Inﬁnitatem.
2224 5227 2381 5294 Quod
2411 5227 2627 5283 (initum
2663 5235 2773 5290 est,
2802 5225 3164 5298 probabiliter
3191 5223 3359 5278 etiam

118 5324 320 5390 εἰκότως
342 5367 356 5389 ,
392 5329 485 5397 ὑφ’
537 5320 598 5380 οὗ
639 5327 733 5380 καὶ
781 5327 1142 5398 πεπέρασταιο
1179 5327 1228 5379 εί
1264 5326 1320 5379 δὲ
1351 5327 1380 5379 6
1409 5323 1541 5387 Θεὸς
1569 5323 1680 5378 τῶν

1788 5320 2163 5391 comprehendi
2195 5319 2266 5374 ab
2289 5335 2356 5375 eo
2383 5327 2562 5390 potest
2589 5334 2620 5373 a
2645 5335 2756 5391 quo
2785 5329 2836 5374 et
2869 5319 3080 5373 ﬁnitum
3110 5323 3194 5371 est
3216 5333 3232 5383 ;
3253 5316 3360 5371 etsi

119 5414 350 5472 ἁπάντων
381 5419 501 5473 ἐστὶ
530 5419 693 5484 τόπος
727 5457 744 5483 ,
776 5417 837 5471 ού
871 5418 1217 5490 σωματικῶς,
1250 5417 1386 5473 ἀλλὰ
1414 5419 1680 5491 δημιουρ-

1788 5429 1912 5472 vero
1932 5414 2076 5470 Deus
2102 5413 2488 5470 universorum
2504 5414 2575 5472 sit
2601 5413 2780 5479 locus,
2806 5427 2917 5468 non
2950 5419 3132 5465 tamen
3162 5424 3362 5481 corpo-

229 5577 245 5617 ί
283 5575 474 5632 Matth.
505 5591 590 5644 xi,
623 5573 716 5631 27.

1028 5728 1263 5785 VARIIE
1299 5725 1682 5786 LECTIONES
1710 5725 1799 5782 ΕΤ
1831 5723 2386 5784 CORRECTIONES.

192 5892 232 5926 ⁸¹
260 5895 412 5953 Θεοῦ.
529 5893 572 5926 ⁶²
603 5892 713 5948 καί.
781 5894 824 5927 ⁸³
849 5892 996 5948 οὐδέν
1029 5894 1193 5948 ἐστιν.
1280 5895 1323 5928 ⁸³
1351 5887 1502 5957 οὗτος
1529 5893 1619 5947 καὶ
1651 5894 1763 5947 νοεῖ
1798 5889 1945 5963 παρὰ
1973 5891 2072 5960 τῆς
2099 5884 2416 5959 σεὸασμίας.
