3872 6542
551 363 649 418 191
1367 363 1712 420 ΑΡΡΕΝΠῙΧ
1747 366 1838 421 AD
1872 367 2105 425 OPEBA

2240 371 2536 432 DIONYSII
2571 373 3058 434 AREOPAGITE.
3729 386 3828 440 £92

549 481 760 543 raliter,
794 477 890 536 sed
907 478 1151 534 eﬂ'ective
1172 498 1184 533 :
1209 481 1409 535 caelum
1442 483 1612 545 enim,
1644 489 1698 537 et
1725 489 1950 550 terram,
1974 494 2115 556 atqm

2241 491 2428 558 γικῶςο
2463 490 2555 546 τὸν
2586 493 2697 566 γὰρ
2727 497 2974 568 οὐρανὸν,
3010 499 3104 552 καὶ
3135 496 3232 569 τὴν
3263 497 3392 570 γῆν,
3419 501 3514 554 καὶ
3544 500 3616 553 τά
3650 502 3828 556 πάντα

548 571 808 626 universa
835 569 1238 641 ipse/complet,
1270 580 1326 626 et
1355 581 1512 627 extra
1556 574 1672 628 haec
1703 576 1921 630 exsistit
1948 595 1960 643 ;
1994 586 2115 646 pale

2245 583 2407 647 αὐτὸς
2439 585 2652 657 πληροῖ,
2689 589 2780 642 καὶ
2823 588 2928 653 ἐξω
2957 590 3159 662 τούτων
3193 569 3329 645 ἐστί-ν
3374 591 3532 664 δῆλον
3564 595 3648 647 ὅτι
3684 596 3829 648 ἀπει-

549 663 970 739 immensitatem
1007 678 1130 718 esse
1153 703 1168 728 ,
1221 664 1276 718 id
1307 672 1393 719 est
1423 666 1684 721 virtutem
1733 669 1945 723 nullum
1979 671 2115 726 tinea

2245 675 2337 745 ρία
2370 678 2505 744 ἐστὶ,
2538 679 2783 732 τουτέστι
2816 681 2992 753 πέρας
3021 683 3119 736 οὐκ
3152 683 3350 754 ἔχουσα
3380 663 3613 757 δύναμις
3635 688 3710 740 ⁸⁵.

553 753 866 808 habentem.

559 881 562 883 λ
620 844 743 898 Νοη
765 855 939 900 tamen
966 848 1484 903 incommunicabilis
1508 859 1605 904 est.
1635 849 1865 917 Ilocest,
1883 856 2115 912 univers:

2317 861 2398 913 Οὐ
2435 859 2565 930 μὴν
2609 862 3032 931 ἀκοινώνητον.
3082 865 3341 919 Τουτέστι
3384 865 3452 920 τὰ
3497 866 3688 920 πάντα
3737 866 3825 934 τῆς

542 937 877 1007 participant
901 938 1076 1008 ipsius
1102 943 1571 1010 communionem,
1603 951 1659 998 et
1682 946 1985 1002 salutarem
2021 965 2115 1020 pro

2242 951 2407 1006 αὐτοῦ
2445 955 2729 1026 μετέχουσι
2764 957 3046 1022 κοινωνίας
3077 958 3171 1012 καὶ¹
3203 959 3472 1031 σωτηρίου
3507 960 3793 1032 προνοίας.

542 1029 872 1086 videntiam.

612 1123 1220 1194 Supersubstantiatem.
1281 1128 1559 1198 Quomodo
1585 1130 1884 1199 aliquando
1915 1132 2115 1204 quiden

2317 1133 2434 1202 Τὴν
2453 1137 2835 1204 ὑπερούσιον.
2890 1136 3014 1201 Πῶς
3047 1137 3176 1191 ποτὲ
3207 1137 3303 1209 μὲν
3343 1137 3531 1191 οὐσίαν
3578 1136 3642 1190 τὸ
3691 1136 3825 1188 θεῖον

542 1214 887 1270 divinitatem
913 1225 1071 1272 vocet
1089 1219 1474 1285 substantiam,
1497 1223 1794 1292 aliquando
1815 1241 1946 1281 vero
1969 1243 2115 1298 supr:

2240 1225 2411 1291 καλεῖ,
2436 1228 2564 1280 ποτὲ
2595 1228 2652 1281 δὲ
2685 1228 3026 1300 ὑπερούσιον,
3061 1228 3250 1301 ὥσπερ
3281 1228 3406 1283 νοῦν
3435 1229 3696 1300 ἀνόητον,
3741 1229 3825 1281 καὶ

541 1307 948 1374 substantiam;
988 1309 1131 1363 sicut
1171 1319 1408 1366 mentem
1439 1329 1562 1384 quae
1591 1326 1772 1371 mente
1801 1319 2008 1388 percipi
2043 1336 2115 1375 ne

2240 1318 2412 1390 ὄνομα
2443 1320 2505 1374 τὸ
2535 1322 2675 1394 ὑπὲρ
2713 1325 2820 1376 πᾶν
2850 1323 3039 1394 ὄνομα,
3065 1323 3209 1377 οὕτω
3240 1323 3334 1377 καὶ
3366 1322 3554 1376 οὐσίαν
3595 1320 3825 1392 ὑπεροὺ-

537 1398 682 1467 quit,
711 1407 766 1454 et
798 1415 1000 1456 nomen
1030 1417 1197 1472 super
1223 1419 1386 1460 omne
1415 1422 1635 1472 nomen,
1675 1409 1752 1464 ita
1792 1418 1846 1464 et
1870 1412 2134 1466 substan-

538 1488 671 1544 tiam
709 1506 876 1561 supra
902 1494 1299 1552 substantiam.

613 1579 968 1640 Intendentes.
1005 1583 1105 1642 His
1135 1587 1280 1641 enim
1307 1603 1542 1657 quorum
1583 1593 2131 1663 comprehensionem

535 1670 683 1730 Deus
715 1675 875 1731 nobis
924 1678 1230 1743 concessit,
1264 1683 1522 1738 convenit
1549 1694 1787 1742 mentem
1817 1688 2130 1754 admovere,

536 1782 716 1837 neque
739 1768 946 1838 aliquid
979 1771 1121 1825 ultra
1156 1772 1527 1831 inﬁrmitatem
1571 1785 1819 1833 nostram
1851 1794 2130 1848 quaerere;

2241 1427 2351 1464 σιον
2358 1450 2370 1464 ο

2322 1590 2808 1659 Ἐπιϐάλλοντας.
2841 1584 2940 1646 Ὧν
2971 1591 3079 1665 γάρ
3127 1593 3226 1664 τὴν
3263 1591 3566 1664 κατάληψιν
3596 1592 3825 1647 δέδωκεν

2237 1687 2367 1758 ἡμῖν
2387 1688 2415 1739 ὁ
2433 1684 2584 1752 Θεὸς,
2600 1685 2810 1749 τούτοις
2823 1686 3132 1739 ἐπιϐάλλειν
3149 1687 3416 1757 προσήκει
3442 1686 3533 1740 τὸν
3553 1686 3823 1758 ἡμέτερον

2237 1778 2382 1844 νοῦν,
2412 1779 2508 1833 καὶ
2531 1779 2695 1850 μηδὲν
2725 1779 2867 1850 πέρα
2893 1779 2993 1848 τῆς
3022 1778 3296 1859 ἡμετέρας
3313 1777 3598 1841 ἀσθενείας
3620 1777 3819 1850 ζητεῖν

532 1859 702 1914 veluti
733 1876 858 1916 csse
891 1861 1120 1928 bonum,
1156 1873 1488 1932 creatorem,
1525 1869 1822 1940 benignum
1850 1910 1865 1934 ,
1913 1881 1969 1927 ct
2007 1889 2115 1944 qua

2240 1868 2359 1938 οἷον,
2393 1873 2475 1926 ὅτι
2510 1872 2730 1940 ἀγαθὸς,
2781 1873 2863 1926 ὅτι
2903 1872 3234 1944 δημιουργὸς
3255 1913 3271 1939 ,
3302 1872 3383 1925 ὅτι
3412 1870 3820 1944 φιλάνθρωπος,

531 1949 790 2022 deinceps
814 1972 826 2007 :
864 1953 968 2008 hoc
993 1964 1200 2022 autem,
1229 1974 1482 2027 quaenam
1511 1961 1608 2017 Dei
1642 1964 1904 2030 essentia,
1929 1981 1999 2021 ne
2024 1967 2128 2022 sol-

530 2041 714 2098 licitus
748 2045 1018 2114 inquiras.

600 2133 714 2205 96
768 2134 946 2206 Supra
994 2139 1125 2194 vires
1185 2141 1390 2212 aliquid
1445 2144 1732 2201 insolenter
1774 2159 2124 2216 praesumunt.

525 2222 695 2282 Recte
715 2227 776 2279 τὸ
804 2229 1098 2296 ἀδυνάτως,
1134 2232 1480 2303 impotenter;
1499 2239 1602 2292 etsi
1619 2238 1761 2293 enim
1780 2242 2004 2294 tentarit
2024 2242 2129 2296 ali-

526 2319 650 2388 quis
675 2357 691 2382 ,
738 2334 850 2374 non
898 2325 1249 2394 assequitur,
1284 2329 1382 2383 sed
1412 2337 1641 2386 tantum
1691 2332 2127 2405 intelligentibus

524 2411 704 2467 oculis
749 2413 1107 2480 obscuratis,
1161 2421 1327 2474 etiam
1372 2436 1402 2474 a
1452 2437 1583 2478 vero
1632 2425 1841 2480 excidit
1889 2427 2123 2496 lumine;

526 2503 993 2570 quemadmodum
1046 2510 1141 2580 qui
1175 2514 1460 2568 contendit
1493 2515 1767 2586 integrum
1805 2519 1978 2573 solem
2008 2535 2128 2574 cor-

529 2608 702 2661 poreo
731 2599 989 2668 excipere
1019 2604 1216 2671 oculo;
1264 2607 1410 2675 quod
1442 2605 1643 2662 divinae
1686 2616 1740 2663 et
1789 2626 1912 2680 quae
1942 2621 2128 2668 mente

523 2689 915 2758 percipiuntur
935 2693 1170 2752 virtutes
1196 2696 1550 2756 insinuantes
1573 2741 1590 2766 ,
1632 2703 1922 2757 cherubim
1949 2713 2005 2760 et
2040 2721 2130 2762 se-

524 2778 745 2847 raphim
778 2780 951 2840 facies
980 2792 1192 2857 tegunt,
1227 2788 1572 2848 declarantes
1604 2809 1664 2850 se
1702 2811 1814 2852 non
1855 2794 2129 2855 inhaerere

523 2873 994 2942 contemplationi,
1048 2895 1172 2950 quae
1209 2891 1431 2952 captum
1458 2885 1704 2955 ipsorum
1741 2898 1998 2958 superat;
2037 2907 2130 2946 ne-

523 2976 630 3030 que
668 2963 804 3034 ipsis
838 2982 1105 3026 concessa
1131 2980 1236 3028 est.
1273 2975 1452 3045 Atque
1484 2976 1590 3033 hoc
1612 2986 1695 3034 est
1732 2997 1743 3030 :
1783 2979 1949 3046 Deum
1975 2999 2126 3036 nemo

519 3053 649 3108 vidit
683 3061 978 3127 unquamk.
1019 3061 1146 3117 Ideo
1179 3063 1275 3119 Dei
1303 3068 1576 3136 sapientes
1603 3070 1834 3140 gloriam
1867 3072 1986 3140 Dei,
2016 3092 2126 3130 non

521 3154 705 3202 autem
741 3148 913 3205 Deum
946 3153 1158 3210 vidisse
1193 3157 1375 3214 aiunt.

595 3239 623 3312 §
675 3242 766 3297 ΙΙΙ.
802 3242 957 3309 Quod
998 3247 1209 3316 quidem
1261 3261 1483 3306 mentem
1540 3266 1777 3324 superat.
1826 3257 2123 3330 Perspicue
2151 3243 2192 3285 ⁸³

516 3332 652 3388 licet
679 3351 748 3390 ex
795 3337 902 3393 hoc
943 3338 1066 3395 loco
1096 3340 1381 3399 advertere
1425 3343 1542 3400 Arii
1589 3356 1644 3403 et
1678 3347 1932 3404 Eunomii
1965 3353 2121 3407 insa-

516 3425 670 3480 niam
695 3466 710 3490 ,
761 3427 857 3499 qui
889 3428 958 3484 de
1023 3430 1334 3488 substantia
1370 3434 1646 3508 Unigrniti
1688 3456 1939 3498 sermone
1970 3443 2118 3497 omni

517 3525 574 3572 et
606 3520 919 3576 substantia
966 3526 1252 3594 superiore
1303 3543 1368 3583 ex
1422 3538 1541 3586 arte
1584 3531 1862 3590 disserere
1914 3541 2121 3594 temere

517 3613 764 3682 aggressi
797 3612 1025 3670 fuerint.

593 3702 857 3774 [Mentem
891 3708 1040 3763 enim
1074 3709 1376 3766 humanam
1409 3714 1574 3786 plane
1605 3716 1823 3772 excedit
1851 3719 2117 3790 principis

517 3793 846 3864 divinitatis,
888 3800 1384 3874 universorumque
1454 3808 1656 3878 reginae
1689 3808 2018 3883 (Trinitatis)
2053 3829 2118 3868 ac

519 3888 940 3948 innominabilis
986 3891 1106 3962 ejus
1138 3894 1398 3951 essentize
1446 3897 1904 3970 incomprehensa
1953 3905 2116 3959 celsi--

517 3978 700 4052 tudo.)

591 4072 827 4129 Summa:
881 4073 1201 4144 divinitatis,
1284 4077 1380 4137 Gr.
1443 4081 1546 4154 τῆς
1599 4083 1878 4157 θεαρχίας.
1939 4088 2114 4160 Θεαρ-

516 4167 640 4237 χὶαν
677 4167 975 4223 divinitatis
1018 4171 1337 4240 principium
1371 4185 1530 4228 vocat
1578 4177 1780 4246 ubique
1803 4221 1818 4242 ,
1856 4180 2098 4249 reginam

518 4258 908 4315 universorum
942 4259 1291 4328 Trinitatem,
1326 4266 1542 4334 quiaiis
1565 4268 1659 4337 qui
1687 4271 1852 4323 etiam
1878 4271 1953 4325 dii
1979 4289 2114 4327 nun-

517 4361 787 4420 cupantur
819 4353 1072 4422 imperat,
1097 4358 1326 4428 angelis,
1347 4358 1592 4428 inquam,
1628 4368 1682 4416 et
1704 4363 1934 4428 sanctis,
1967 4366 2112 4421 sicut

515 4451 678 4496 antea
715 4443 988 4511 diximus;
1031 4447 1432 4504 obscuritatem
1466 4466 1620 4518 vero,
1658 4451 1806 4510 illius
1852 4455 2110 4512 substan-

2228 1966 2321 2019 καὶ
2353 1964 2420 2017 τὰ
2454 1963 2601 2035 ἐξῆςο
2635 1964 2697 2017 τὸ
2724 1964 2804 2029 δὲ,
2834 1965 2919 2028 τίς
2965 1965 2999 2037 ὴ
3025 1964 3184 2017 οὐσία
3213 1964 3309 2017 τοῦ
3338 1963 3498 2030 Θεοῦ,
3536 1965 3620 2037 μὴ
3656 1965 3821 2018 πολυ-

2230 2057 2558 2128 πραγμόνει.
3028 2093 3035 2100 ι

2311 2148 2642 2216 Ἀδυνάτως
2663 2149 3260 2220 ἀπαυθαδιζομένους.
3279 2148 3476 2212 Καλῶς
3501 2149 3566 2202 τὸ
3596 2148 3820 2204 (ww-oi-

2226 2259 2360 2308 τως*
2391 2242 2492 2296 κᾶν
2521 2241 2629 2314 γὰρ
2667 2243 3033 2315 ἐπιχειρήσειέ
3063 2259 3146 2306 τις
3165 2284 3179 2306 ,
3210 2243 3310 2295 οὐκ
3349 2241 3663 2311 ἐφικνεῖται
3700 2243 3816 2312 μὲν,

2231 2336 2389 2406 μόνον
2433 2335 2511 2398 δὲ,
2556 2335 2655 2399 τὰς
2686 2336 2878 2408 νοεράς
2907 2335 3058 2405 ὄψεις
3101 2334 3517 2407 ἀμαυρούμενος
3539 2373 3557 2397 ,
3599 2335 3700 2388 καὶ
3731 2333 3818 2388 τοῦ

2229 2430 2382 2493 ὖντος
2413 2427 2668 2483 ἐκπίπτει
2699 2430 2896 2499 φωτὸς,
2931 2429 3008 2494 ὡς
3040 2431 3068 2482 ὁ
3105 2429 3488 2500 φιλονεικήσας
3513 2427 3642 2482 ὅλον
3671 2428 3819 2499 ἥλιον

2225 2521 2305 2592 τῷ
2341 2521 2638 2593 σωματικῷ
2665 2521 2917 2587 δέξασθαι
2947 2521 3247 2599 ὀφθαλμῷ,
3275 2522 3412 2593 ὅπερ
3456 2521 3514 2576 αἱ
3546 2520 3701 2575 θεῖαι
3734 2523 3819 2574 καὶ

2226 2618 2416 2688 νοηταὶ
2436 2615 2690 2687 δυνάμεις
2721 2615 3100 2686 αἰνιττόμεναι,
3138 2613 3405 2686 χερουϐὶμ
3441 2614 3534 2667 καὶ
3573 2613 3818 2686 σερα-,ςὶμ

2224 2707 2295 2762 τὰ
2321 2709 2590 2780 πρόσωπα
2630 2707 3003 2772 καλύπτουσι,
3049 2706 3310 2777 δηλοῦντα
3357 2705 3430 2778 μὴ
3465 2704 3817 2776 προσερίζειν

2225 2803 2292 2871 τῇ
2314 2801 2452 2872 ὑπὲρ
2479 2801 2678 2863 αὐτοὺς
2699 2800 2902 2871 θεωρίᾳ
2925 2799 2999 2872 μὴ
3019 2799 3274 2872 δεδομένῃ
3297 2800 3497 2862 αὐτοῖς.
3523 2799 3642 2853 Καὶ
3661 2797 3816 2852 τοῦτο

2226 2891 2342 2944 ἐστι
2369 2892 2448 2944 τό·
2485 2891 2634 2946 Θεὸν
2651 2891 2850 2958 οὐδεὶς
2873 2892 3093 2960 ἑώρακε
3123 2891 3387 2946 πώποτε.
3426 2891 3593 2946 Ὅθεν
3616 2895 3668 2946 oi
3707 2892 3817 2946 Θεὸ-

2228 3001 2379 3054 σοιροι
2409 2983 2566 3050 δόξαν
2595 2983 2751 3053 Θεοῦ,
2787 2981 2900 3037 ἀλλ’
2927 2985 2986 3038 οὐ
3019 2983 3150 3037 Θεὸν
3176 2971 3482 3056 ἑωρακέναι
3509 2983 3674 3054 φασί.

2297 3267 2436 3339 ςιιι.
2474 3267 2542 3323 Τὸ
2577 3267 2694 3338 μὲν
2729 3268 2881 3336 ὑπὲρ
2911 3267 3079 3323 νοῦν.
3117 3266 3314 3338 Σαφῶς
3347 3269 3412 3322 ἐκ
3443 3267 3658 3322 τούτων
3704 3270 3815 3324 ἔστι

2224 3359 2407 3414 λαϐεῖν
2426 3361 2524 3432 τὴν
2553 3360 2762 3432 Ἀρείου
2792 3361 2884 3413 καὶ
2913 3359 3175 3430 Εὑνομίου
3198 3359 3414 3430 μανίαν,
3436 3360 3485 3413 οἳ
3507 3362 3609 3414 καὶ
3628 3379 3814 3432 τεχνο-

2222 3453 2399 3523 λογεῖν
2427 3454 2525 3524 τὴν
2547 3453 2784 3526 ἄρρητον
2818 3453 2912 3505 καὶ
2941 3451 3262 3523 ὑπερούσιον
3290 3450 3473 3505 οὐσίαν
3502 3451 3603 3505 τοῦ
3631 3454 3811 3506 Μονο-

2208 3548 2411 3616 .γενοῦς
2437 3547 2770 3619 ἐθάρρησαν.

2293 3726 2500 3799 [Ὑπὲρ
2526 3727 2649 3780 νοῦν
2678 3726 2786 3798 γάρ
2813 3727 2930 3781 ἐστι
2960 3727 3022 3780 τὸ
3066 3727 3166 3798 τῆς
3194 3725 3480 3799 Θεαρχίας,
3512 3725 3690 3797 ἡγουν
3718 3727 3812 3797 τῆς

2219 3821 2617 3893 παμϐασιλίδος
2684 3821 2779 3874 καὶ
2821 3820 3264 3892 ἀκατονομάστου
3302 3819 3487 3882 οὐσίας
3514 3818 3580 3871 τὸ
3603 3819 3812 3873 ἀκατά-

2217 3914 2280 3985 λη
2289 3932 2435 3967 πτον.
2445 3912 2466 3986 ]

2291 4089 2404 4157 Τῆς
2434 4089 2732 4158 θεαρχίας.
2753 4085 3024 4160 Θεαρχίαν
3047 4086 3202 4140 καλεῖ
3221 4084 3496 4158 πανταχοῦ
3524 4085 3629 4157 τὴν
3662 4104 3821 4157 παμ-

2214 4181 2460 4236 ϐασιλίδα
2495 4181 2700 4252 Τριάδα
2728 4181 2818 4235 διὰ
2843 4182 2903 4234 τὸ
2933 4181 3026 4234 καὶ
3049 4170 3156 4233 τῶν
3193 4179 3499 4250 λεγομένων
3530 4177 3680 4232 Θεῶν
3710 4180 3808 4250 ἀρ·

2213 4291 2350 4344 χειν,
2401 4275 2648 4345 ἀγγέλων
2687 4274 2831 4346 φημὶ
2863 4274 2958 4328 καὶ
3001 4273 3194 4341 ἁγίων,
3240 4272 3316 4336 ὡς
3365 4273 3805 4344 προειρήκαμεν.

2212 4367 2458 4439 Κρύφιον
2487 4367 2545 4419 δὲ
2565 4367 2626 4420 τὸ
2645 4367 2773 4438 περὶ
2792 4366 2890 4437 τῆς
2919 4365 3358 4436 ἀκατονομάστου
3379 4365 3598 4436 ἐκείνης
3617 4365 3808 4426 οὐσίας

2211 4458 2609 4529 άκατάληπτον’
2640 4458 2776 4529 ὅπερ
2798 4456 2936 4529 μετὰ
2961 4457 3153 4528 μικρόν
3175 4473 3307 4528 φησι
3330 4455 3600 4524 σώφρονι
3632 4455 3805 4526 σιγῇ,

517 4535 608 4600 tia:
633 4550 754 4604 qua:
801 4538 1076 4591 nominari
1111 4541 1302 4610 nequit
1347 4541 2058 4613 incompreliensibilitatem
2088 4567 2104 4616 ;

2240 4553 2307 4604 ιαὶ
2335 4550 2613 4623 ἀνωτέρω,
2642 4551 2722 4617 ὡς
2754 4551 2991 4622 θεμιτὸν
3020 4549 3199 4616 αὐτῷ,
3227 4550 3324 4602 καὶ
3355 4548 3750 4618 ἱεροπρεπῶς.

516 4625 663 4694 quod
695 4627 860 4696 paulo
893 4635 1015 4696 post
1047 4628 1204 4696 dicit,
1252 4634 1526 4686 moderato
1554 4633 1784 4698 silentio,
1816 4643 1980 4707 atque
2013 4654 2106 4693 su-

513 4717 722 4788 perius,
756 4719 894 4773 sicut
920 4720 968 4774 ei
989 4720 1131 4787 licet,
1155 4721 1410 4792 modoque
1441 4725 1610 4778 sacris
1635 4729 1982 4785 convenienti.

585 4811 1073 4885 Bene/iciorumque
1092 4816 1432 4886 principium.
1462 4815 1776 4874 Secundum
1805 4821 1936 4892 quid
1961 4821 2104 4879 Deus

513 4903 585 4957 sit
618 4904 951 4975 principium
995 4908 1176 4963 omnis
1223 4909 1588 4980 apparitionis
1620 4912 1868 4979 luminis,
1901 4925 1954 4971 et
1983 4932 2104 4986 qua:

512 4994 738 5050 luminis
771 4999 1165 5067 apparitiones,
1195 5009 1360 5072 atque
1386 5002 1834 5062 reformationes.

583 5087 1106 5147 Resurrectio.-Hoc
1151 5093 1329 5163 ipsum
1371 5103 1455 5152 est
1484 5097 1632 5169 quod
1678 5097 1819 5154 dixit
1873 5099 2096 5157 Simeon

513 5178 645 5234 dum
679 5179 962 5237 Christum
1009 5185 1220 5242 videmt
1257 5206 1270 5242 :
1310 5186 1412 5242 Hic
1449 5192 1658 5260 positus
1687 5203 1766 5248 est
1800 5195 1854 5248 in
1885 5196 2097 5249 ruinam

512 5280 562 5325 et
594 5275 1027 5330 resurrectionem
1053 5278 1341 5334 multorum
1361 5283 1416 5335 in
1441 5281 1614 5338 Israel
1639 5284 1654 5323 ι
1680 5303 1694 5350 ;
1734 5286 1949 5342 ruinam
1973 5288 2097 5358 qui-

513 5359 639 5415 dem
682 5364 804 5433 ejus
836 5366 984 5436 quod
1025 5368 1080 5422 in
1115 5371 1272 5425 nobis
1305 5379 1390 5427 est
1421 5371 1699 5442 deterius;
1733 5376 2095 5435 resurrectio-

516 5466 638 5507 nem
665 5471 796 5511 vero
826 5459 948 5529 ejus
974 5461 1118 5531 quod
1147 5471 1231 5518 est
1263 5467 1643 5533 praestantius.

625 5590 650 5628 ιι
674 5589 834 5648 Joan.
874 5611 912 5659 ι,
944 5595 1029 5651 1-8.
1134 5597 1310 5656 lLuc.
1343 5619 1401 5668 η,
1434 5603 1526 5656 34.

2279 4820 2391 4875 Καὶ
2425 4819 2539 4889 τὴν
2557 4819 2906 4890 ἀγαθοδότιν·
2925 4816 3138 4888 ἀρχήν.
3163 4813 3321 4870 Κατά
3348 4815 3401 4869 τί
3434 4816 3587 4868 ἐστιν
3621 4816 3650 4868 ὁ
3672 4814 3806 4877 Θεὸς

2212 4915 2354 4987 ἀρχὴ
2384 4915 2565 4986 πάσης
2595 4912 2988 4983 φωτοφανείας,
3020 4911 3114 4965 καὶ
3143 4910 3286 4973 τίνες
3311 4910 3367 4963 αἱ
3401 4908 3803 4979 φωτοφάνειαι,

2210 5009 2306 5060 καὶ
2331 5005 2764 5078 άναμορφώσεις.

2289 5099 2658 5166 Ἀνάστασις.
2693 5099 2861 5153 Τοῦτό
2887 5099 3035 5152 ἐστιν
3066 5098 3096 5151 ὃ
3125 5097 3273 5166 λέγει
3301 5092 3547 5166 Συμεὼν,
3585 5094 3678 5147 ὅτε
3710 5095 3803 5147 τὸν

2205 5196 2440 5268 Χριστὸν
2474 5191 2628 5248 εἶδεν·
2669 5192 2855 5260 Οὗτος
2902 5191 3085 5246 κεῖται
3115 5193 3204 5256 εὶς
3246 5187 3478 5242 πτῶσιν
3508 5188 3612 5240 καὶ
3645 5186 3800 5250 ἀνά-

2205 5304 2427 5344 στασιν
2459 5284 2705 5340 πολλῶν
2727 5286 2797 5339 ἐν
2823 5283 2904 5351 τῷ
2939 5283 3201 5353 Ἰσραήλο
3240 5281 3448 5334 πτῶσιν
3481 5281 3580 5351 μὲν
3611 5281 3711 5335 τοῦ
3741 5282 3800 5334 ὲν

2204 5384 2336 5454 ἡμῖν
2377 5379 2635 5452 χείρονος,
2670 5379 2962 5433 ἀνάστασιν
2993 5377 3051 5431 δὲ
3083 5375 3177 5430 τοῦ
3210 5375 3496 5447 βελτίονος.

1449 5713 1684 5772 VARle
1719 5713 2102 5774 LEGTIONES
2137 5716 2224 5772 ET
2265 5713 2821 5774 CORRECTIONES.

595 5823 638 5853 "
656 5825 882 5899 ἐχούσης
902 5827 1202 5901 δυνάμεως.
