3872 6564
47 450 154 505 195

43 659 137 712 ἐπὶ
168 659 248 712 τὰ
283 657 521 730 μείζονα
554 657 778 731 προῖὼν,
813 661 964 729 φησι,
991 658 1206 731 πρῶτον
1239 658 1660 731 φωτιζομένους,

45 745 166 804 εἶτα
201 751 604 823 τελουμένους.
636 750 919 805 Τελεϊσθαι
961 751 1020 805 δέ
1069 753 1208 817 ἐστι,
1249 751 1310 804 τὸ
1348 754 1428 816 εἰς
1458 751 1662 806 τελειό-

41 860 188 915 τητα
227 843 479 912 ἄγεσθαι
507 843 597 896 διὰ
622 843 720 915 τῆς
758 842 894 916 μετὰ
927 844 988 896 τὺ
1022 843 1302 916 βάπτισμα
1328 843 1394 898 δι’
1433 843 1664 911 εὐζωϊας

47 937 378 1009 προκοπῆς,
405 938 491 991 ἵνα
519 937 744 1009 δύνηταί
765 955 849 1000 τις
873 939 1071 991 εἰπεῖν·
1107 937 1218 992 Τὸν
1250 938 1472 1008 δρόμον
1503 940 1660 992 τετέ-

44 1033 218 1092 λεκα,
273 1028 406 1097 τὴν
455 1031 664 1083 πίστιν
707 1029 1020 1098 τετήρηκα.
1069 1031 1132 1083 Ἡ
1169 1025 1262 1083 οῦν
1310 1033 1660 1106 προσκυνητὴ

46 1123 239 1192 Τριάς,
258 1122 377 1193 τῆς
404 1123 660 1195 τοιαύτης
680 1123 904 1194 τελετῆς
939 1124 1203 1195 ἄρχουσα,
1238 1123 1331 1178 ἅτε
1359 1124 1454 1176 καὶ
1483 1125 1662 1195 πάσης

44 1212 403 1279 τελειώσεως
432 1217 688 1288 ποιητικὴ
719 1216 1057 1289 τελετάρχις,
1095 1217 1320 1280 εἰκότως
1348 1220 1568 1271 νοεῖται.
1596 1221 1658 1271 υἱ

45 1308 261 1380 γοῦντῇ
296 1313 562 1381 προκοπῇ
585 1309 948 1381 τελειούμενοι
981 1309 1226 1363 θεοῦνται
1248 1311 1486 1376 πάντως,
1511 1312 1661 1376 θείας

46 1403 302 1454 κοινωνοὶ
340 1402 564 1471 φύσεως
599 1402 894 1474 γινόμενοι,
949 1396 1083 1457 div“
1111 1403 1391 1473 ἀναλόγως
1423 1407 1454 1475 ὴ
1499 1404 1659 1476 θεαρ-

44 1493 132 1562 χία
178 1496 209 1548 ό
252 1493 426 1560 Θεὸς,
472 1494 606 1548 Θεῶν
648 1495 1030 1568 γεγενημένων
1068 1497 1209 1567 ἀρχή
1245 1514 1328 1560 τις
1371 1495 1464 1550 ὢν.
1500 1496 1656 1550 Μετά

45 1584 170 1652 γοῦν
196 1586 307 1658 τὴν
349 1585 616 1640 ἀνάϐασιν
645 1587 849 1659 ταύτην
888 1590 967 1652 είς
1004 1588 1280 1658 ἁπλότητα
1313 1588 1657 1660 προκόπτου-

48 1696 145 1744 σιν,
179 1679 480 1749 ἰσάγγελοι
507 1680 595 1734 διά
621 1681 720 1753 τῆς
732 1681 1082 1745 ἀναστάσεως
1103 1681 1395 1752 γινόμενοι,
1411 1683 1504 1735 καὶ
1526 1683 1656 1735 οὐκ·

47 1770 121 1822 έτι
152 1773 450 1842 ψυχικὸν
480 1775 725 1843 ἔχοντες
755 1772 926 1844 σῶμα
945 1815 958 1838 ,
994 1773 1137 1828 κατά
1169 1775 1260 1827 τὸν
1313 1774 1653 1838 Ἀπόστολον,

45 1864 301 1918 τουτέστι
325 1865 422 1920 διὰ
436 1865 617 1937 ψυχῆς
637 1867 891 1930 συνεστός
919 1885 977 1920 τε
1007 1867 1101 1921 καὶ
1131 1867 1468 1939 κινούμενον,
1491 1869 1653 1922 ἀλλὰ

44 1959 492 2029 πνευματικὸν,
520 1961 642 2013 ἀντὶ
663 1959 757 2013 τοῦ
790 1959 877 2012 διὰ
906 1959 999 2012 τοῦ
1036 1960 1302 2028 παναγίου
1335 1960 1650 2031 Πνεῦματος

44 2050 131 2102 ἐπὶ
165 2051 322 2121 μέγα
362 2051 619 2122 χυθέντος
647 2053 732 2106 ἐπ’
764 2052 962 2116 αὐτοὺς
987 2053 1088 2122 τῆς
1119 2051 1512 2106 πολυσυνθέτου
1541 2052 1650 2104 τῶν

41 2141 328 2215 λογισμῶν
365 2143 658 2209 ποικιλίας,
693 2145 788 2198 καὶ
819 2144 928 2198 τῶν
960 2145 1266 2216 αἰσθήσεων
1296 2131 1652 2216 ἀπηλλαγμέ-

42 2253 134 2288 νοι·
159 2235 290 2289 ὅθεν
321 2237 425 2290 καὶ
455 2235 718 2302 ἑνίζονται
739 2239 818 2301 είς
841 2236 1004 2291 ἑνάδα
1035 2237 1336 2308 ἁπλότητος
1367 2237 1645 2308 ἀγόμενοι,

45 2328 180 2382 καθὰ
213 2329 574 2400 προέφημεν·
609 2328 756 2398 λέγει
801 2329 910 2402 γὰρ
940 2330 1031 2382 καὶ
1073 2329 1328 2400 ἀλλαχοῦ·
1363 2324 1484 2383 ἾΙν
1514 2328 1644 2398 γὰρ,

45 2423 190 2493 φησι,
216 2422 347 2477 τῶν
382 2421 843 2477 πιστευσάντων
874 2422 1089 2492 καρδία
1121 2424 1215 2477 καὶ
1251 2421 1423 2492 ψυχὴ
1450 2423 1579 2492 μία.

119 2708 190 2763 Ἦ
219 2706 352 2762 τῶν
385 2703 615 2766 ζώντων
646 2703 778 2773 ζωή.
812 2703 949 2760 Καθ’
988 2705 1180 2758 ἑαυτὸν
1215 2707 1244 2758 ό
1269 2704 1401 2768 Θεὸς
1419 2706 1481 2757 οὐ
1508 2711 1646 2760 νοεῖ-

44 2817 143 2853 ται·
179 2799 318 2854 ἐπεὶ
351 2798 409 2851 δὲ
442 2798 551 2852 τῶν
577 2798 746 2852 ὄντων
775 2797 993 2851 πάντων
1014 2799 1159 2850 ἐστὶν
1188 2797 1338 2849 αἰτία
1361 2797 1453 2850 καὶ
1473 2798 1640 2870 ἀρχὴ,

43 2894 141 2946 τῶν
173 2891 380 2947 ἁπλῶν
413 2891 649 2963 ἁπλότης
683 2893 821 2956 ἐστὶ,
856 2890 964 2944 τῶν
998 2889 1215 2956 ζώντων
1245 2890 1382 2962 ζωὴ,
1417 2891 1524 2944 τῶν
1554 2891 1643 2944 οὺς

47 2986 167 3040 σιῶν
196 2987 312 3039 ὑπε
323 2984 558 3058 ρούσιος,
582 2986 676 3038 καὶ
703 2983 891 3049 ἁπλῶς
923 2984 1142 3038 πάντων
1164 2981 1384 3053 ἀγαθῶν
1415 2983 1640 3054 μεταδό-

43 3096 122 3142 τις
151 3078 336 3132 ἐστίν.

119 3169 621 3241 Ἐκφαντορικῶς.
682 3169 1071 3240 Ἐκράντορες
1129 3169 1334 3242 κυρίως
1391 3169 1640 3238 ἐλέγοντο

823 452 880 507 8.
925 450 1171 505 MAXIM]
1213 451 1504 506 SCIlOLlA
1543 450 1610 506 IN
1651 449 1778 506 LIB.
1812 451 1900 507 DE
1937 453 2188 512 DIVINIS
2225 456 2623 514 NOMINIBUS.

127 564 266 620 Τῶν
313 565 731 636 φωτιζομένων
760 567 1085 636 ἓλλαμψις.
1123 566 1427 638 Βαθμηδδν,
1473 567 1664 639 ὥσπερ
1696 573 1737 628 Α

3258 460 3367 521 1θᾶ

1843 567 2281 623 Illuminatorum
2333 572 2648 628 illustratio.
2697 572 2979 630 Gradatim
3035 576 3103 632 ad
3149 580 3360 650 majora

1767 661 2150 731 progrediens,
2219 663 2314 727 ait,
2375 664 2612 733 primum
2667 681 2762 723 eos
2805 668 2900 738 qui
2955 669 3356 740 illuminantur,

1767 752 1966 808 deinde
2014 769 2110 810 eos
2143 755 2236 826 qui
2287 755 2670 825 perﬁciuntur.
2703 757 2899 814 Pcrlici
2942 777 3108 831 porro
3151 772 3238 819 est
3289 767 3358 820 ad

1767 844 2160 916 perfectionem
2195 848 2323 902 duci
2354 865 2454 919 per
2487 849 2792 920 profectum
2825 854 2880 908 in
2916 855 3057 910 bona
3107 870 3232 929 post
3265 861 3359 916 ba-

1765 938 2028 1008 ptismum
2050 980 2064 1004 ,
2108 948 2168 994 ut
2209 941 2334 1011 quis
2375 942 2559 998 dicere
2593 944 2768 1012 possit
2799 962 2811 996 :
2847 944 3080 1003 Cursum
3108 967 3356 1006 consum-

1768 1031 1930 1094 mavi,
1958 1031 2116 1099 fidem
2143 1035 2418 1090 servari“.
2451 1036 2745 1090 Adoranda
2796 1038 2962 1109 igitur
3009 1040 3252 1099 Trinitas
3279 1054 3357 1099 ta-

1764 1122 1869 1178 lem
1902 1124 2172 1194 incipiens
2217 1134 2270 1181 et
2305 1141 2500 1197 regens
2531 1129 2924 1198 perfectionem
2950 1171 2965 1196 ,
3005 1134 3148 1188 sicut
3187 1138 3352 1191 etiam

1764 1216 2038 1272 universae
2063 1219 2416 1288 perfectionis
2448 1221 2692 1276 eﬂ'ectriv
2728 1223 3079 1293 perfectionis
3111 1242 3277 1283 causa
3298 1236 3355 1283 et

1764 1309 2044 1380 princeps,
2081 1313 2278 1366 merito
2307 1313 2650 1384 intelligitur.
2683 1314 2786 1381 Qui
2811 1332 2942 1387 ergo
2970 1318 3080 1388 97
3106 1319 3351 1388 profectu

1765 1404 2148 1472 perﬁciuntur,
2184 1406 2258 1461 dii
2291 1423 2516 1477 prorsus
2538 1408 2806 1475 evadunt,
2839 1411 3036 1466 divinae
3057 1414 3352 1484 participes

1762 1503 1974 1551 natura:
2003 1496 2156 1562 facti,
2191 1515 2421 1568 quorum
2455 1503 2809 1572 proportione
2833 1503 3069 1573 quadam
3094 1505 3352 1559 divinita~

1761 1589 1831 1643 tis
1865 1590 2198 1661 principium
2229 1602 2312 1655 est
2340 1595 2457 1664 ipse
2489 1593 2654 1659 Deus,
2683 1610 2807 1649 cum
2831 1598 2902 1649 sit
2924 1611 3116 1651 eorum
3146 1598 3239 1667 qui
3270 1599 3346 1653 dii

1759 1680 1935 1736 eﬂ‘ecti
1984 1691 2113 1738 sunt
2155 1685 2484 1754 principium
2531 1687 2774 1756 aliquod.
2821 1687 2951 1743 Post
2991 1690 3137 1744 hunc
3183 1692 3353 1761 igitur

1760 1783 2051 1830 ascensum
2098 1775 2156 1829 in
2200 1776 2606 1846 simplicitatem
2647 1789 2990 1849 promovent,
3022 1783 3230 1852 angelis
3255 1800 3350 1853 pa-

1758 1881 1848 1921 res
1873 1881 1972 1937 per
2000 1870 2464 1925 resurrectionem
2512 1869 2664 1935 facti,
2697 1886 2875 1942 neque
2905 1873 3084 1928 adhuc
3117 1876 3349 1930 animale

1754 1975 1942 2027 corpus
1987 1961 2234 2016 [tabentes
2259 2002 2273 2026 ,
2316 1964 2618 2019 secundum
2667 1964 2989 2035 Apostolum
3015 1976 3077 2032 η,
3118 1968 3223 2023 hoc
3264 1977 3350 2023 est

1754 2053 1898 2121 quod
1944 2070 2042 2124 per
2072 2057 2310 2109 animam
2337 2057 2597 2113 consistit
2629 2066 2682 2113 et
2718 2067 2970 2113 movetur
3007 2076 3018 2111 :
3060 2060 3150 2114 sed
3189 2063 3346 2130 spiri-

1754 2144 1880 2208 tale,
1924 2161 2020 2215 per
2045 2147 2454 2202 sanstissimum
2495 2148 2760 2219 Spiritum
2785 2167 2950 2220 quam
2980 2153 3217 2207 maxime
3243 2153 3350 2208 dif-

1755 2237 1873 2291 fusa
1897 2237 1951 2291 in
1976 2239 2128 2308 ipsos
2158 2241 2388 2295 multum
2413 2243 2718 2312 composita
2741 2243 3227 2298 ratiocinationum
3251 2263 3339 2300 va-

1751 2328 1965 2394 rietate,
1999 2339 2052 2385 et
2089 2346 2118 2384 a
2145 2332 2390 2388 sensibili
2434 2334 2686 2401 liberati;
2721 2333 2867 2390 unde
2895 2342 2949 2390 et
2985 2336 3250 2390 uniuntur
3290 2338 3346 2392 in

1750 2421 2012 2476 unitatem
2044 2423 2412 2494 simplicitatis
2456 2427 2646 2490 ducti,
2689 2427 2833 2482 sicut
2862 2435 3020 2482 antea
3064 2426 3342 2495 diximus;

1750 2512 1824 2566 ait
1869 2515 2016 2568 enim
2059 2517 2224 2571 etiam
2281 2517 2391 2572 alio
2441 2518 2498 2572 in
2542 2519 2663 2573 loco
2699 2534 2713 2570 :
2769 2517 2907 2572 Erat
2943 2522 3106 2584 enim,
3145 2520 3344 2591 inquit,

1748 2605 2073 2661 credentium
2099 2626 2189 2664 cor
2222 2619 2272 2664 et
2299 2613 2481 2666 anima
2513 2628 2619 2665 una
2649 2619 2695 2667 ο.

1832 2722 2125 2778 γὶινεηιξιιηι
2167 2727 2293 2780 vita.
2343 2727 2484 2783 Deus
2511 2728 2564 2782 in
2596 2728 2780 2799 seipso
2822 2746 2930 2785 non
2979 2731 3342 2802 intelligitur;

1747 2816 1840 2871 sed
1865 2819 2125 2886 quoniam
2157 2835 2340 2874 rerum
2373 2822 2617 2876 omnium
2645 2830 2700 2875 et
2724 2839 2892 2878 causa
2923 2832 2976 2877 et
3009 2825 3342 2896 principium

1743 2910 1985 2970 exsistit.
2018 2911 2350 2982 simplicium
2375 2922 2459 2968 est
2498 2914 2844 2986 simplicitas,
2879 2917 3176 2971 viventium
3210 2919 3340 2984 vita,

1743 3002 2004 3059 essentiis
2033 3006 2277 3060 essentia
2323 3006 2598 3076 superior,
2649 3015 2814 3078 atque
2852 3015 2911 3061 ut
2955 3009 3124 3063 verbo
3158 3009 3345 3064 absol-

1744 3107 1887 3155 vam,
1917 3100 2003 3148 εει
2034 3093 2304 3148 bonorum
2338 3095 2723 3151 universorum
2748 3098 3228 3154 communicatrix.

1816 3184 2222 3254 Explanatorie.
2254 3185 2637 3260 Ἐκφάντορες,
2670 3188 2996 3257 interpretes,
3025 3191 3245 3261 proprie
3268 3191 3346 3246 di-

43 3267 86 3315 οἱ
114 3263 226 3317 τῶν
267 3260 584 3334 μυστηρίων
621 3261 691 3315 τὰ
728 3262 942 3335 ἄρρητα
976 3261 1320 3333 συμϐολικῶς
1355 3262 1637 3331 ἐκφαίνον-

1757 3279 2032 3345 :ebantur,
2068 3279 2162 3351 qui
2194 3279 2489 3335 ineﬂ'abilia
2521 3282 2781 3350 mysteria
2816 3297 2912 3352 per
2938 3260 3142 3353 ﬁguras
3169 3299 3339 3354 expo-

44 3373 144 3420 τες.

119 3473 222 3540 Ὠς
251 3471 492 3542 μονάδα
516 3471 652 3542 μέν.
701 3471 965 3525 Ἐνταῦθα
1013 3473 1202 3543 τρανοῖ
1237 3469 1289 3524 τί
1343 3469 1576 3542 μάλιστα
1595 3471 1638 3502 ⁸⁷

46 3567 180 3620 (θέλει
214 3565 418 3637 δηλοῦν
452 3565 578 3628 ὲνάς
609 3565 710 3617 καὶ
739 3563 908 3635 μονὰς
947 3563 1040 3616 ἐπὶ
1067 3561 1202 3615 Θεοῦ
1226 3561 1515 3633 λεγομένη,
1547 3562 1640 3615 καί

45 3676 228 3729 φησιν,
248 3659 334 3711 ὅτι
364 3674 489 3730 περ,
508 3657 595 3711 ἴνα
615 3661 945 3729 παραστήσῃ
971 3654 1070 3726 τὴν
1090 3655 1354 3726 ἀμέρειαν
1371 3653 1465 3708 τοῦ
1481 3653 1638 3718 Θεοῦ,

45 3751 193 3805 τοῦτο
225 3751 448 3819 λέγεται
477 3749 630 3822 παρά
654 3750 762 3802 τῶν
797 3749 1080 3817 θεολόγων·
1116 3748 1178 3801 τὸ
1211 3747 1320 3820 γὰρ
1349 3747 1532 3816 ὄγκοις
1546 3748 1641 3822 καί

47 3843 371 3915 πηλικότησι
402 3819 806 3913 διειλήμμένον,
840 3839 998 3894 τοῦτο
1031 3840 1124 3894 ἆτε
1162 3842 1255 3893 καὶ
1290 3819 1450 3911 σῶμα
1479 3819 1650 3912 μερίῖ

46 3937 211 4000 ζεται·
248 3935 313 3989 τδ
342 3935 399 3988 δὲ
423 3935 626 4006 ἀμερὲς
663 3935 758 3987 καὶ
779 3933 1089 4004 ἀνέμφατόν
1121 3935 1237 3986 ἐστι
1263 3932 1308 3965 ⁸⁸
1365 3932 1637 4004 σώματος,

44 4029 174 4082 ἀλλὰ
218 4029 316 4081 καὶ
365 4028 507 4098 ὑπὲρ
553 4027 731 4080 πᾶσάν
774 4028 923 4079 ἐστιν
967 4025 1305 4095 ἀσωματίαν·
1357 4025 1532 4089 ἄλλως
1577 4043 1637 4078 τε

46 4120 225 4191 ἐπειδὴ
257 4118 562 4190 διανοηθεὶς
593 4121 622 4172 ό
643 4118 775 4182 θεὸς
809 4117 1142 4189 βουλητικῶς
1174 4118 1242 4172 τὰ
1276 4119 1453 4173 πάντα
1529 4127 1635 4177 ὑπ-

44 4211 403 4287 έησενωὺχ
426 4205 516 4264 οἷά
538 4228 620 4274 τις
652 4210 776 4274 νοῦς
806 4213 884 4274 είς
915 4213 1130 4283 νοήσεις
1166 4212 1445 4282 μερισθεὶς
1477 4211 1634 4265 ἐπολ-

48 4303 443 4376 λαπλασιάσθη·
463 4304 622 4358 ἀλλὰ
636 4304 849 4374 μείνας
875 4303 972 4357 καὶ
998 4302 1220 4372 μένων,
1247 4305 1431 4376 φησὶν,
1461 4305 1532 4358 ἐν
1561 4304 1636 4372 τῇ

45 4396 204 4450 enim
233 4395 469 4466 ἀμερῶς
501 4395 597 4449 καὶ
638 4393 1030 4460 ἀσηδὰστως
1061 4395 1157 4448 καὶ
1192 4393 1504 4461 ὑπέστησε
1536 4395 1632 4448 καὶ

47 4493 335 4558 ὑρίστησι
355 4488 427 4542 τὰ
453 4489 523 4542 ἐν
542 4487 616 4558 τῇ
648 4489 858 4542 κτίσει·
893 4488 1004 4554 ἕως
1036 4488 1146 4557 γὰρ
1177 4487 1308 4557 ἄρτι
1337 4487 1632 4558 ἐργάζεται

48 4586 77 4635 ό
96 4582 257 4649 Θεὸς,
275 4584 356 4646 ὡς
376 4583 435 4635 ἐν
466 4582 818 4652 Εὐαγγελίοις
848 4581 1080 4652 εἴρηται·
1117 4579 1510 4652 ὑπερήπλωται
1540 4575 1632 4634 οὖν

51 4679 220 4732 πᾶσαν
254 4676 536 4746 ἁπλότητα
560 4674 780 4747 ἁμερῶς
813 4673 1149 4746 ὑπεραίρων.

48 4771 192 4824 modo
226 4769 368 4822 Deus
392 4777 660 4836 operatur,
685 4767 830 4822 sicut
876 4766 928 4820 in
961 4765 1270 4838 Evangeliis
1313 4765 1517 4821 dicitur
1562 4777 1589 4817 P
1651 4784 1666 4822 :

48 4863 451 4932 simplicitatem
488 4858 766 4912 indivisim
800 4857 1036 4913 excedit.

111 4956 219 5008 Kal
252 4952 377 5006 τῶν
401 4950 723 5021 μεριστῶν.
772 4949 895 5004 Ἐπὶ
926 4950 1034 5002 τῶν
1086 4949 1498 5021 ὑπερουρανίων
1541 4951 1636 5003 κό-

48 5063 189 5116 σμων
223 5046 319 5100 καὶ
351 5045 503 5098 τοῦδε
545 5044 638 5098 τοῦ
681 5043 878 5116 ὁρατοῦ
914 5041 981 5096 τὰ
1014 5041 1302 5114 κατώτερα
1336 5041 1636 5112 ἕστραπται

47 5142 132 5193 ἐπὶ
159 5141 225 5194 τὰ
258 5139 672 5212 ὑπερκείμενα,
708 5138 802 5192 καὶ
842 5137 902 5190 τὸ
937 5135 1246 5206 σωματικὸν
1283 5134 1547 5207 ἤδρασται
1581 5138 1637 5188 ἐν

47 5234 117 5302 τῷ
153 5233 334 5299 ζῶντι·
367 5234 438 5286 ἐν
467 5233 578 5303 γὰρ
609 5231 684 5300 τῇ
717 5230 866 5300 χειρὶ
911 5229 1095 5283 αὑτοῦ
1128 5229 1324 5282 πάντα
1356 5229 1426 5283 τὰ
1457 5230 1638 5298 πέρα-

49 5341 114 5376 τα
143 5325 248 5393 τῆς
281 5325 416 5396 γῆς·
453 5325 588 5379 ἀλλὰ
620 5324 730 5396 γὰρ
777 5325 870 5378 καὶ
916 5324 965 5376 οἱ
1019 5324 1259 5393 οὐρανοί·
1297 5325 1367 5377 ἐν
1411 5323 1457 5389 ᾧ
1499 5325 1630 5394 γὰρ,

47 5419 191 5486 φησι,
235 5417 308 5471 τὰ
340 5416 556 5471 πάντα·
593 5416 686 5470 ἐπὶ
716 5415 772 5468 δὲ
807 5415 948 5488 [τοῦ]
983 5414 1105 5469 καθ’
1138 5417 1286 5486 ἡμᾶς
1332 5415 1528 5488 θνητοῦ
1569 5419 1630 5470 τὸ

47 5510 302 5564 ἀνάπαλίν
317 5511 363 5542 ⁶⁹
381 5513 498 5564 ἐστι
520 5510 627 5563 τῶν
648 5509 1018 5582 εξρημένων·ή
1039 5508 1109 5576 γὰ
1118 5525 1148 5580 ρ
1162 5507 1309 5580 ψυχὴ
1329 5509 1631 5580 ἑστραπται

49 5664 87 5690 II
115 5651 154 5706 ll
186 5651 328 5707 Tim.
364 5668 439 5714 tv,
474 5650 526 5708 7.
626 5660 653 5688 ιτ
685 5649 705 5702 ι
733 5649 863 5706 Cor.
897 5666 986 5714 xv,
1015 5650 1106 5706 44.

1187 5658 1211 5685 ο
1239 5651 1362 5705 Act.
1396 5665 1470 5715 tv,
1502 5649 1590 5703 52.
1670 5659 1697 5696 ῐν
1722 5646 1882 5702 Joan.
1910 5665 1963 5710 v,
2002 5647 2087 5701 Π.

1745 3379 1904 3426 nunt.

1821 3461 1891 3517 Ut
1949 3464 2229 3519 monadem
2273 3464 2512 3536 quidem.
2569 3465 2687 3522 Hoc
2738 3467 2860 3522 loco
2909 3467 3156 3522 declarat
3207 3468 3340 3540 quid

1743 3557 1987 3614 maxime
2038 3559 2172 3612 velit
2210 3559 2521 3630 signiﬁcare
2560 3560 2746 3614 unitas
2784 3567 2842 3614 et
2884 3574 3080 3614 monas
3118 3559 3186 3615 de
3229 3559 3342 3615 Deo

1743 3649 1891 3706 dicta
1927 3665 1941 3702 :
1973 3651 2178 3722 aitque,
2212 3661 2269 3705 ut
2301 3652 2541 3722 partium
2566 3652 2894 3708 vacuitatem
2921 3652 2976 3706 in
3007 3651 3116 3708 Deo
3147 3670 3341 3724 reprtr-

1744 3753 1941 3807 sentct,
1975 3743 2081 3798 hoc
2119 3743 2319 3799 dicitur
2348 3760 2378 3798 a
2405 3745 2678 3816 theologis
2708 3765 2720 3800 :
2757 3744 2904 3816 quod
2931 3744 3077 3800 enim
3102 3747 3339 3800 tumori-

1741 3834 1844 3890 bus
1873 3845 1926 3890 ct
1968 3835 2375 3906 quantitatibus
2405 3836 2542 3909 (seu
2588 3837 2859 3905 crassitie,
2900 3839 3237 3910 longitudine
3283 3850 3338 3895 et

1741 3926 2070 3999 latitudine)
2107 3927 2430 4004 distinctum
2474 3937 2592 3992 est,
2640 3930 2773 3983 illud
2812 3931 2980 3986 veluti
3031 3947 3232 4002 corpus
3279 3933 3334 3987 in

1739 4028 1925 4089 partes
1955 4021 2253 4088 dividitur;
2291 4021 2396 4075 hoc
2440 4031 2622 4076 autem
2675 4022 2922 4092 partibus
2952 4032 3124 4088 caret,
3159 4040 3335 4094 neque

1740 4113 1880 4166 valet
1903 4128 2105 4182 corpus
2139 4122 2533 4183 repraesentare
2557 4133 2569 4180 ;
2593 4114 2843 4185 quinimo
2866 4123 3089 4186 superat
3111 4131 3330 4170 onmem

1739 4207 1990 4276 corporis
2038 4206 2444 4275 privationem;
2493 4207 2798 4276 pra-sertim
2826 4248 2840 4271 ,
2889 4208 3334 4279 quandoquidem

1739 4297 1883 4354 Dens
1916 4301 2168 4370 cogitans
2215 4301 2495 4356 voluntate
2546 4317 2646 4355 sna
2690 4311 2889 4356 cuncta
2923 4303 3226 4358 subsistere
3257 4304 3335 4360 fe-

1737 4393 1832 4451 cit,
1867 4408 1974 4447 non
2022 4401 2284 4463 tanquam
2332 4409 2486 4449 mens
2535 4394 2717 4463 aliqua
2761 4393 2817 4447 in
2849 4395 3211 4466 cogitationes
3245 4396 3334 4451 di.-

1737 4486 1875 4547 visa,
1909 4487 2308 4556 multiplicatus
2343 4483 2479 4553 fuit;
2521 4486 2612 4540 scd
2647 4495 2927 4556 postquam
2959 4488 3013 4541 in
3040 4505 3095 4542 se
3134 4489 3332 4543 mansit

1735 4588 1782 4631 et
1816 4588 2012 4642 manet,
2035 4571 2246 4649 inquit,
2280 4579 2332 4631 in
2362 4579 2562 4632 unitate
2587 4577 2782 4649 absque
2805 4581 3092 4648 partitione
3123 4589 3171 4634 et
3196 4581 3334 4634 divi-

1665 4667 1712 4726 D
1739 4673 1886 4727 sione
1912 4672 2035 4739 fecit
2073 4683 2122 4726 et
2166 4671 2296 4741 facit
2334 4670 2622 4726 subsistere
2658 4681 2954 4727 creaturas.
2992 4672 3127 4726 Nam
3170 4689 3334 4742 usque

1727 4783 1858 4836 ergo
1887 4766 2152 4836 singulari
2184 4765 2348 4820 modo
2376 4765 2606 4836 simplex
2640 4765 2816 4821 factus
2849 4774 2954 4830 est,
2992 4766 3085 4836 qui
3112 4780 3330 4820 omnem

1811 4952 1982 5022 Atque
2009 4951 2260 5004 diriditis.
2292 4950 2348 5004 In
2395 4952 2618 5006 mundis
2647 4952 2741 5022 qui
2776 4966 2943 5022 supra
2975 4951 3147 5006 cmlos
3178 4960 3324 5012 sunt,

1739 5053 1794 5100 et
1820 5045 1922 5099 hoc
1949 5044 2041 5114 qui
2075 5044 2313 5108 videtur,
2343 5041 2600 5098 inferiora
2630 5051 3031 5099 convertuntur
3063 5045 3128 5098 ad
3160 5061 3327 5114 supeo

1740 5139 1922 5200 riora,
1963 5145 2130 5207 atque
2176 5136 2226 5189 id
2264 5135 2411 5207 quod
2456 5151 2804 5206 corporeum,
2853 5137 3019 5192 situm
3048 5146 3131 5191 est
3165 5136 3217 5188 in
3241 5135 3325 5190 vi~

1741 5238 1934 5292 vente;
1967 5228 2236 5299 siquidem
2278 5229 2332 5281 in
2372 5244 2531 5281 manu
2567 5229 2682 5298 ejus
2713 5245 2890 5282 omnes
2928 5231 3058 5298 ﬁnes
3094 5238 3290 5282 terra”:

1742 5323 1853 5376 into
1883 5321 2048 5376 etiam
2077 5321 2221 5383 cccli,
2258 5320 2312 5374 in
2340 5337 2441 5390 quo
2471 5323 2630 5386 enim,
2657 5321 2856 5392 inquit,
2896 5331 3019 5376 sunt
3050 5322 3227 5373 omnia
3275 5330 3321 5373 τι

1743 5414 1797 5468 in
1830 5413 2047 5468 mortali
2079 5419 2259 5466 autem
2293 5421 2487 5468 nostro
2514 5415 2853 5468 contrarium
2888 5412 3051 5467 dictis
3085 5411 3320 5479 accidit;

1742 5508 1922 5560 anima
1947 5505 2092 5561 enim
2117 5507 2458 5560 convertitur
2490 5507 2554 5561 ad
2585 5506 2864 5576 spiritum,
2900 5506 2955 5558 in
2987 5519 3097 5576 quo
3125 5521 3326 5562 sensus

2767 5653 2787 5681 τ
2820 5640 2981 5698 Rom.
3013 5657 3090 5707 xi,
3121 5639 3192 5696 36

2192 5655 2221 5696 «ι
2249 5644 2391 5700 Psal.
2426 5661 2570 5710 χειν,
2603 5644 2657 5700 4.

969 5829 1207 5886 VARUE
1256 5829 1643 5888 LECTIONES
1676 5829 1763 5884 ET
1799 5825 2362 5886 CORRECTIONES.

115 5985 154 6016 “
180 5985 271 6050 ὡς.
341 5987 384 6018 ⁸⁷
418 5983 641 6054 μᾶλλον.
712 5981 756 6013 ⁵⁸
785 5979 867 6032 οὒ.
940 5977 984 6010 ⁸³
1009 5975 1264 6048 ἔμπαλιν.
