3872 6544
539 409 647 466 195

1332 393 1674 454 APPENDIX
1705 393 1798 453 AD
1834 387 2066 450 OPERA
2091 387 2154 446 S.
2193 379 2498 444 DlONYSIl
2532 377 3020 440 AREOPAGITA‘J.

3700 370 3810 430 196

533 537 589 585 et
618 523 1066 582 ratiocinationes
1095 519 1427 584 fundantur,
1451 515 1650 586 quibus
1676 512 1791 584 98
1834 512 1891 566 in
1921 523 2112 582 specu-
2137 561 2139 566 λ

2250 505 2350 578 ;ρὸς
2376 503 2438 558 τὸ
2467 501 2686 574 πνεῦμα
2709 503 2766 554 ὲν
2793 493 2838 568 ᾧ
2856 499 3002 586 εἰσιν
3018 495 3408 569 ὲστηριγμέναι
3429 493 3488 548 αἱ
3519 491 3808 564 αἰσθήσεις

536 625 742 680 latione
783 622 1026 675 rationes
1064 616 1410 686 indagamus,
1443 611 1534 682 qui
1577 609 1797 676 spiritus
1829 605 1972 660 novit
2003 619 2119 675 qua:

537 718 645 772 sint
691 731 746 768 in
795 711 1021 772 homine,
1061 707 1362 764 secundum
1404 701 1792 773 Apostolum'.
1840 698 2118 752 Conversa

525 811 723 877 itaque
753 805 935 859 anima
970 801 1035 856 ad
1079 802 1227 854 hunc
1263 795 1539 867 spiritum,
1574 790 1914 846 convertitur
1953 787 2117 844 etiam

536 899 605 953 ad
639 913 837 953 sensus
884 894 978 965 qui
1034 895 1090 947 in
1151 891 1270 961 ipso
1315 888 1591 943 exsistunt
1645 891 1700 938 et
1752 897 1848 953 per
1896 895 1994 934 eos
2051 877 2121 932 ad

535 1006 760 1061 corpus.
792 989 852 1044 In
898 993 1084 1042 mente
1127 997 1350 1054 quoque
1385 977 1752 1050 cogitationes
1773 972 1942 1030 voluti
1974 971 2119 1026 divi-

538 1084 766 1148 duntur,
813 1092 975 1150 atque
1025 1079 1082 1132 in
1117 1073 1442 1132 discrimina
1483 1070 1700 1126 divisim
1744 1065 2050 1138 procedunt
2090 1079 2122 1118 a

539 1177 718 1246 prima
762 1173 1096 1243 cogitatione
1145 1168 1214 1223 ad
1258 1165 1531 1222 secundas
1574 1168 1669 1216 aut
1707 1157 2122 1217 excellentiores

539 1278 632 1322 aut
655 1266 976 1321 deteriores.
1018 1262 1160 1316 Dicit
1187 1274 1321 1330 ergo
1342 1273 1444 1313 nos
1477 1252 1812 1310 intendendo
1839 1251 1894 1306 in
1924 1249 2119 1313 Deum,

540 1359 658 1415 ﬁeri
683 1359 753 1412 ab
782 1358 990 1411 unitate
1017 1355 1112 1409 illa
1149 1367 1319 1407 unum
1351 1347 1757 1410 indistinctum,
1787 1341 2124 1397 discrimini-

538 1452 644 1506 bus
667 1449 873 1504 nostris
905 1462 1028 1518 qua:
1058 1445 1250 1500 multis
1282 1441 1534 1513 partibus
1567 1436 1898 1518 constabant
1938 1448 2005 1488 ex
2035 1431 2122 1486 di-

537 1543 752 1598 visione
782 1541 836 1595 in
867 1539 1298 1610 complexionem
1329 1533 1559 1599 coactis,
1589 1515 1642 1586 et
1664 1528 1827 1583 modo
1858 1524 2124 1581 mundum

541 1636 797 1690 vincente
831 1649 999 1686 unum
1029 1631 1261 1696 ellectis,
1293 1629 1348 1684 id
1377 1635 1464 1683 est
1501 1641 1612 1681 non
1653 1623 1869 1688 sensili,
1913 1621 2009 1677 sed
2038 1619 2119 1674 in-

544 1725 840 1781 tellectuali
873 1723 1056 1786 modo,
1091 1737 1215 1776 cum
1251 1719 1478 1773 minime
1524 1715 1708 1770 adhuc
1741 1713 1901 1767 alieni
1937 1711 2004 1767 ab
2031 1725 2126 1765 co-

543 1833 668 1871 rum
711 1814 1107 1886 conjunctione
1150 1811 1357 1878 simus;
1390 1809 1526 1879 quin
1570 1805 1756 1877 potius
1785 1820 1956 1860 unum
2001 1803 2126 1858 uni-

555 1911 730 1966 forme
766 1907 1088 1970 eﬁiciamur,
1121 1906 1258 1959 sicut
1290 1911 1340 1957 et
1371 1902 1480 1971 ipse
1519 1913 1684 1952 unum
1725 1905 1827 1963 est,
1866 1894 2130 1968 quemade

545 2004 768 2059 modum
791 2002 870 2056 ait
899 2001 957 2054 in
982 1996 1296 2069 Evangeliis
1318 1997 1366 2052 ι.

619 2094 687 2149 Ut
729 2094 1064 2148 Trinitatem.
1098 2088 1240 2143 Nota
1284 2086 1610 2141 Trinitatem
1654 2083 1833 2138 tribus
1876 2079 2131 2152 personis

546 2189 936 2245 subsistentem
978 2192 1070 2239 :et
1101 2180 1494 2238 fecunditatem
1531 2177 1710 2233 Patris
1738 2175 1891 2239 dicit,
1925 2173 2133 2228 incom-

547 2279 968 2352 prehensibilem
997 2276 1116 2346 ejus
1145 2287 1498 2345 progressum
1523 2270 1578 2324 in
1599 2267 2019 2340 productionem
2039 2263 2132 2318 Fi-

549 2375 609 2428 lii
638 2381 693 2428 et
725 2371 962 2442 Spiritus
985 2369 1162 2423 sancti
1189 2386 1202 2420 :
1232 2373 1381 2420 recte
1409 2377 1572 2434 porro
1597 2361 1674 2415 ait
1701 2359 2130 2422 utTrinitatem,

549 2466 812 2537 quoniam
857 2479 967 2518 non
998 2474 1286 2523 numerus,
1319 2457 1416 2513 sed
1445 2455 1617 2512 decus
1646 2453 1856 2508 dictum
1884 2458 2002 2507 est:
2032 2449 2135 2503 Do-

551 2560 726 2612 minus
748 2556 887 2610 Deus
907 2555 1165 2608 Dominus
1195 2568 1330 2605 unus
1349 2560 1428 2605 est
1447 2561 1497 2606 ιι.

625 2649 710 2704 Ea:
734 2667 838 2722 qua
871 2648 1040 2704 omnis
1066 2645 1382 2716 paternitas.
1415 2640 1643 2696 Familia
1672 2637 2009 2710 intelligendi
2046 2651 2138 2690 or-

551 2745 709 2800 dines
742 2740 984 2812 ejusdem
1033 2739 1192 2794 seriei
1214 2777 1230 2803 ,
1259 2736 1427 2792 veluti
1459 2734 1564 2790 sibi
1609 2740 1802 2789 mutuo
1830 2727 2134 2800 conjuncti,

551 2836 859 2898 cherubim,
879 2833 1179 2902 seraphim,
1211 2829 1580 2902 principatus,
1611 2833 1934 2898 potestates.
1967 2822 2024 2877 In
2048 2837 2140 2878 no-

556 2931 646 2985 bis
676 2937 858 2984 autem
891 2925 1056 2981 etiam
1087 2923 1389 2993 spiritales,
1423 2929 1484 2975 ut
1513 2919 1761 2990 ejusdem
1791 2915 2011 2989 generis
2037 2955 2052 2979 ,
2085 2921 2140 2970 et

555 3020 990 3094 complexiones,
1026 3020 1167 3073 sicut
1193 3015 1439 3071 declarat
1459 3027 1682 3084 quoque
1717 3009 1934 3084 Moyses
1965 3007 2140 3063 amati-

554 3124 719 3171 tates.

629 3207 782 3275 Quod
807 3206 986 3262 omnia
1015 3221 1131 3277 qua:
1153 3210 1297 3259 sunt.
1323 3200 1606 3257 Universae
1632 3195 1730 3252 Dei
1752 3204 2019 3251 creaturae
2039 3193 2141 3248 bo-
2166 3201 2209 3257 (ζ

555 3316 642 3356 nae
669 3309 724 3356 et
749 3298 906 3354 valde
929 3298 1086 3352 bona:
1117 3294 1341 3351 fuerunt
1373 3300 1428 3348 et
1450 3299 1604 3356 sunt,
1636 3291 1694 3345 in
1725 3299 1989 3360 quantum
2014 3303 2136 3359 per-

557 3398 818 3448 severant
850 3389 907 3444 in
939 3387 1176 3443 naturali
1207 3397 1266 3441 ut
1299 3385 1521 3440 fuerunt
1547 3382 1772 3439 ordine:
1797 3380 2028 3437 deﬂexio
2051 3395 2143 3434 au-

558 3494 670 3540 tem
702 3485 771 3538 ab
812 3499 878 3538 eo
905 3480 1052 3553 quod
1087 3487 1298 3536 naturae
1341 3477 1620 3542 convenit,
1657 3475 1773 3532 sive
1806 3475 1863 3530 in
1907 3473 2139 3544 angelis,

560 3576 678 3631 sive
705 3574 759 3629 in
790 3574 1012 3636 animis,
1058 3572 1174 3628 sive
1220 3570 1276 3624 in
1303 3569 1784 3640 qualibuscunque
1813 3564 2144 3636 corporibus

562 3667 675 3730 ﬁat,
703 3665 1168 3738 pulchritudinem
1199 3663 1400 3735 perdit,
1431 3669 1597 3734 atque
1625 3661 1694 3716 ab
1715 3676 1780 3716 ea
1812 3657 2142 3722 abcrrando,

561 3758 958 3831 turpitudinem
987 3764 1266 3827 operatur.

642 3844 774 3908 Vere
797 3853 1014 3923 integre.
1047 3847 1520 3921 Dispensationem
1542 3845 1763 3919 (salutis
1798 3841 2022 3915 nostrae)
2055 3857 2146 3900 re-

559 3956 649 4003 cte
679 3947 784 4002 hoc
814 3947 936 4001 loco
964 3944 1206 4016 exponit,
1230 3958 1399 3998 unum
1415 3941 1707 3996 Trinitatis
1732 3953 1979 4011 passum.
2005 3936 2148 3992 Nota

563 4055 730 4094 unam
754 4052 1113 4109 personarum
1136 4037 1424 4092 nobiscum
1449 4035 1659 4107 integre
1687 4031 2148 4095 communicasse;

563 4131 821 4202 quodque
869 4130 1067 4185 dixerit
1115 4129 1295 4200 ipsum
1337 4128 1626 4182 Dominum
1669 4133 1922 4181 nostrum
1959 4121 2151 4178 Jesum

565 4223 851 4278 Christum
875 4221 1204 4292 simplicem,
1237 4219 1433 4274 deinde
1455 4217 1821 4289 compositum
1853 4216 2150 4270 humanam

567 4314 970 4370 extremitatem
1005 4312 1074 4366 ad
1105 4312 1349 4382 seipsum
1380 4316 1755 4366 revocantem.
1797 4307 1942 4362 Bene
1986 4305 2153 4376 igitur

568 4405 841 4469 dicimus,
901 4421 1069 4460 unum
1116 4404 1477 4459 sanctissimae
1535 4400 1827 4456 Trinitatis
1877 4397 2050 4452 fuisse
2095 4397 2154 4451 in

569 4515 755 4554 cruce.
799 4497 915 4552 Hoc
958 4507 1042 4552 est
1079 4504 1273 4551 contra
1303 4493 1659 4549 Nestorianos
1706 4499 1761 4550 et
1798 4489 2103 4561 Acephalos
2135 4504 2148 4540 :

569 4605 700 4645 ecce
717 4591 884 4656 enim,
911 4591 1008 4654 ait,
1035 4605 1144 4642 una
1172 4587 1536 4642 Personarum
1557 4587 1755 4656 integre
1786 4582 2057 4638 nobiscum
2078 4581 2153 4652 (in

572 4692 774 4736 natura
789 4695 805 4752 )
853 4681 1294 4747 communicavit,
1344 4679 1486 4734 sicut
1528 4676 1662 4731 dicit
1700 4675 2057 4747 Apostolus',
2099 4673 2154 4727 in

571 4792 674 4846 quo
701 4775 904 4829 habitat
939 4774 1108 4829 omnis
1144 4772 1414 4845 plenitudo
1452 4771 1748 4825 divinitatis
1783 4767 2152 4840 corporaliter.

2220 597 2315 651 καὶ
2345 596 2395 650 οἱ
2445 592 2716 664 λογισμοὶ,
2745 591 2810 644 δι’
2845 583 2921 643 ὧν
2951 588 3019 642 τὰ
3053 591 3110 641 ὲν
3133 590 3201 660 τῇ
3234 585 3421 655 σκέψει
3453 582 3808 654 λογιζόμεθα,

2221 686 2366 756 ὅπερ
2384 686 2619 755 πνεῦμα
2640 683 2762 738 οἵδε
2777 683 2850 736 τὰ
2864 681 2935 735 ἐν
2948 680 3028 747 τῷ
3042 677 3328 748 ἀνθρώπῳ
3338 719 3353 742 ,
3371 677 3511 731 κατά
3526 676 3620 730 τὸν
3651 677 3810 729 Ἀπόο

2223 778 2428 832 στολον·
2465 774 2893 847 ὲπεστραμμένη
2924 768 3016 827 οὖν
3049 771 3185 844 πρὸς
3215 769 3374 824 τοῦτο
3407 769 3470 822 τὸ
3514 767 3740 839 πνεῦμα
3778 770 3810 839 ἡ

2220 869 2794 942 ψυχὴ,”ὲπέστραπται
2815 866 2910 919 καὶ
2934 864 3070 937 πρὸς
3099 863 3199 927 τὰς
3234 865 3291 916 ὲν
3320 860 3468 932 αὐτῷ
3501 859 3808 930 αἰσθήσεις,

2221 963 2318 1017 καὶ
2344 961 2411 1015 δι’
2445 960 2624 1014 αὐτῶν
2670 958 2806 1030 πρὸς
2836 958 2897 1012 τὸ
2932 957 3108 1028 σῶμα·
3154 956 3249 1009 καὶ
3281 957 3338 1008 ἐν
3370 954 3444 1025 τῷ
3479 953 3558 1024 νῷ
3589 956 3648 1006 αἱ
3692 956 3787 1025 vui)

2223 1072 2337 1118 σεις
2367 1053 2530 1106 οἱονεὶ
2563 1051 2890 1124 μερίζονται,
2926 1049 3021 1104 καὶ
3048 1050 3130 1112 είς
3156 1047 3480 1119 ἑτερότητας
3503 1045 3798 1099 σκεδαστώ

2224 1147 2480 1220 προΐασιν
2497 1145 2604 1198 ἀπὸ
2620 1143 2844 1217 πρώτης
2863 1143 3099 1212 νοήσεως
3115 1143 3192 1205 είς
3216 1141 3492 1210 δευτέρας,
3528 1139 3611 1202 είς
3629 1155 3734 1209 κρε
3757 1135 3823 1187 [:-

2223 1256 2380 1303 τονας
2403 1278 2418 1303 ,
2452 1238 2486 1310 ἢ
2517 1240 2596 1302 είς
2627 1236 2880 1308 φαύλους.
2918 1234 3087 1305 Φησὶν
3117 1230 3210 1288 οὖν
3254 1234 3363 1296 ὅτι,
3410 1230 3821 1302 ἁνατεινόμενο;

2225 1332 2361 1405 πρὸς
2391 1330 2544 1394 Θεὸν,
2575 1329 2833 1401 γινόμεθα
2865 1327 2970 1384 ὑπὸ
2999 1327 3100 1398 τῆς
3134 1326 3317 1388 ὲνάδος
3348 1325 3563 1396 ἐκείνης
3599 1323 3660 1376 ἓν
3679 1326 3814 1394 ἀμε-

2227 1427 2340 1499 ρὲς,
2372 1425 2482 1480 τῶν
2526 1422 2848 1495 πολυμερῶν
2880 1420 3035 1493 ἡμῶν
3081 1419 3413 1490 ὲτεροτήτων
3445 1419 3511 1470 ἐκ
3552 1415 3650 1469 τοῦ
3695 1432 3816 1467 σκε-

2225 1518 2433 1591 δασμοῢ
2467 1519 2546 1582 είς
2579 1515 2882 1588 σύμπτυξιν
2926 1511 3350 1585 ἀθροιζομένων,
3399 1509 3494 1563 καὶ
3539 1509 3816 1560 ἑνοποιουι-

2231 1613 2406 1685 μένων
2453 1609 2872 1682 ὑπερκοσμίως,
2905 1605 3176 1660 τουτέστιν
3209 1603 3309 1656 οὐκ
3348 1600 3651 1672 αἰσθητῶς,
3686 1598 3818 1650 ἀλλὰ

2227 1704 2447 1777 νοερῶς,
2482 1702 2583 1757 οὐκ
2627 1701 2708 1754 ἔτι
2755 1698 3084 1772 ἀσυμϐάτων
3130 1695 3296 1749 ὄντων
3326 1696 3358 1765 ἡ
3370 1694 3486 1764 μῶν
3518 1692 3665 1763 πρὸς
3696 1693 3818 1743 ἑαυ-

2226 1798 2373 1860 τοὺς,
2408 1795 2542 1849 ἀλλὰ
2573 1791 2874 1864 γινομένων
2905 1790 2963 1843 ἓν
2995 1787 3240 1856 ἐνοειδὲς,
3272 1786 3354 1852 ὡς
3385 1784 3483 1838 καὶ
3529 1782 3722 1848 αὐτὸς
3755 1782 3817 1834 ἓν

2230 1888 2420 1954 ἐστιν,
2453 1886 2531 1953 ὥς
2562 1902 2727 1958 φησιν
2759 1886 2817 1938 ὲν
2848 1879 3219 1952 Εὑαγγελίοις.

2314 2091 2410 2157 Ὠς
2471 2084 2703 2157 Τριὰδα.
2738 2083 3050 2156 Σημείωσαι
3095 2077 3303 2151 Τριάδα
3364 2074 3800 2148 τρισυπόστατον

2233 2184 2329 2240 καὶ
2377 2179 2708 2254 γονιμότητά
2767 2194 2902 2252 φησι
2946 2174 3046 2247 τὴν
3101 2169 3370 2244 πατρικὴν
3419 2169 3567 2240 ὑπὲρ
3622 2168 3820 2222 ἔννοιαν

2235 2276 2460 2348 πρόοδον
2492 2276 2572 2336 είς
2601 2257 2865 2343 ἕκφανσιν
2909 2266 3002 2322 τοῦ
3037 2265 3167 2320 Υίοῦ
3211 2265 3303 2318 καὶ
3331 2262 3424 2316 τοῦ
3459 2262 3624 2330 ἁγίου
3658 2259 3821 2314 [Ινεὺ-

2239 2384 2429 2442 ματος·
2463 2364 2643 2429 καλῶς
2669 2363 2727 2416 δὲ
2754 2361 2816 2414 τὸ
2843 2361 2924 2426 ὠς
2960 2357 3171 2428 Τριάδα
3193 2393 3208 2421 ,
3242 2353 3427 2426 ἐπειδὴ
3457 2353 3562 2406 οὐκ
3597 2351 3838 2424 ἀριθμὸς.

2236 2439 2372 2518 αλλὰ
2415 2456 2543 2523 δόξα
2600 2456 2834 2528 εἴρηταιο
2885 2451 3102 2520 Κύριος
3160 2450 3193 2503 ὁ
3253 2444 3397 2512 Θεὸς
3456 2444 3684 2513 Κύριος
3743 2439 3823 2508 εἷς

2236 2555 2429 2611 ἐστιν.

2322 2646 2418 2712 Ἐξ
2451 2645 2526 2713 ἧς
2555 2640 2724 2699 πᾶσα
2743 2635 2978 2707 πατριά.
2997 2632 3244 2707 Πατριὰς
3263 2630 3483 2705 νοητὲον
3511 2629 3621 2692 τὰς
3646 2628 3823 2693 τάξεις

2239 2738 2341 2804 τὰς
2371 2741 2446 2794 ὲκ.
2467 2738 2565 2809 τῆς
2598 2731 2916 2806 ὁμοταγίας,
2961 2728 3128 2784 οἱονεὶ
3167 2723 3516 2797 συνημμένας
3543 2720 3822 2792 ἀλλήλαις,

2240 2830 2528 2906 κερουθιμν
2575 2827 2852 2899 σεραφὶμν
2899 2821 3107 2896 ἀρχὰς,
3161 2813 3424 2880 ἐξουσίας·
3462 2814 3547 2883 ἐφ’
3581 2810 3748 2883 ἡμῶν

2242 2925 2463 2988 καὶτὰς
2494 2919 2904 2994 πνευματικὰς,
2952 2917 3029 2980 ὡς
3079 2912 3376 2982 συγγενεῖς·
3426 2910 3520 2964 καὶ⁵
3571 2905 3827 2976 ἀλληλου-

2241 3017 2384 3090 χίας,
2418 3016 2495 3081 ὡς
2519 3014 2669 3087 δηλοῖ
2698 3014 2792 3068 καὶ
2821 3010 3059 3082 Μωῦσῆς
3087 3007 3187 3071 τὰς
3218 3003 3555 3074 συγγενείας.

2317 3201 2438 3254 Ὅτι
2465 3199 2538 3253 τὰ
2568 3198 2714 3252 ὄντα
2743 3194 2959 3249 πάντα.
2993 3192 3180 3247 Πάντα
3207 3189 3277 3244 τὰ
3305 3186 3400 3243 τοῦ
3414 3185 3548 3240 Θεοῦ
3566 3185 3832 3256 δημιουρ-

2243 3295 2472 3366 γήματα
2502 3289 2662 3354 καλὰ,
2697 3289 2790 3343 καὶ
2821 3285 2962 3342 καλὰ
2991 3285 3111 3338 λίαν
3141 3283 3417 3354 γεγόνασι,
3434 3277 3528 3333 καί
3563 3277 3732 3340 εἰσιν,
3755 3263 3832 3343 ἐφ’

2242 3388 2369 3442 ὅσον
2400 3387 2460 3438 ὲν
2487 3386 2554 3456 τῇ
2590 3380 2731 3438 κατὰ
2763 3381 2924 3451 φύσιν
2967 3377 3043 3441 ὼς
3073 3375 3359 3446 γεγόνασι,
3396 3371 3624 3443 μένουσι
3663 3367 3831 3431 roger

2243 3481 2279 3552 ἡ
2312 3478 2371 3533 δὲ
2400 3475 2495 3531 τοῦ
2529 3474 2671 3530 κατὰ
2703 3471 2866 3542 φύσιν
2909 3464 3258 3540 παρατροπὴ,
3293 3463 3402 3516 εῐτε
3454 3462 3511 3514 ἐν
3557 3458 3832 3527 ἀγγέλοις,

2245 3550 2358 3627 εἴτε
2387 3571 2444 3626 ὲν
2477 3569 2697 3640 ψυχαῖς,
2733 3568 2843 3619 εἴτε
2875 3566 2933 3617 ὲν
2967 3557 3271 3615 ὁποιοισοῦν
3299 3553 3513 3627 σώμασι
3545 3550 3832 3621 γινομένη,

2245 3662 2308 3719 τὸ
2353 3638 2887 3723 κάλλοςίνάπόλλυσι,
2934 3652 3032 3707 καὶ
3073 3651 3142 3722 τῇ
3186 3646 3380 3702 τούτου
3429 3640 3744 3714 διαμαρτίᾳ⁵
3783 3638 3836 3691 τὸ

2233 3752 2436 3827 αἶσχος
2468 3753 2532 3826 δη
2541 3769 2664 3825 μιου
2674 3751 2810 3821 ργεῖ.

2320 3843 2479 3914 Πρὸς
2509 3841 2799 3908 ἀλήθειαν
2830 3835 3067 3902 όλικῶς.
3102 3832 3214 3905 Τὴν
3257 3827 3571 3900 οἰκονομίαν
3607 3827 3838 3882 ἐνταῦθα

2249 3937 2448 4012 φράζει
2479 3934 2680 3998 καλῶς,
2705 3933 2787 3986 ὅτι
2820 3926 2901 3994 εἷς
2929 3929 3029 4000 τῆς
3059 3924 3288 3997 Τριάδος
3309 3922 3496 3977 ἔπαθε.
3519 3922 3836 3994 Σημείωσαι

2251 4035 2310 4088 δὲ
2341 4034 2422 4086 ὅτι
2458 4030 2556 4102 μία
2568 4028 2681 4083 τῶν
2713 4024 3068 4081 ὑποστάσεων
3097 4021 3231 4091 ἡμῖν
3249 4015 3612 4087 ἐκοινώνησεν
3626 4016 3832 4077 oliuis;

2251 4125 2347 4179 καὶ
2385 4123 2467 4176 ὅτι
2513 4118 2674 4174 αὑτὸν
2724 4116 2818 4170 τὸν
2867 4112 3074 4184 Κύριον
3118 4107 3277 4180 ἡμῶν
3335 4104 3540 4177 Ἰησοῦν
3608 4105 3838 4178 Χριστὸν

2253 4211 2460 4268 ἁπλοῦν
2491 4206 2664 4275 εἶπεν,
2683 4203 2803 4262 εἶτα
2825 4203 3078 4259 σύνθετον
3095 4196 3531 4268 ἀνακαλούμενον
3556 4197 3704 4267 πρὸς
3727 4199 3840 4250 ἑαν-

2252 4311 2345 4364 τδν
2374 4307 2474 4380 τὴν
2506 4304 2858 4377 ἀνθρωπίνην
2903 4299 3178 4372 ἐσχατιάνο
3223 4293 3404 4358 καλῶς
3449 4289 3544 4346 οὖν
3594 4292 3838 4362 λέγομεν,

2255 4411 2338 4464 δτι
2371 4404 2450 4472 εἷς
2481 4407 2582 4478 τῆς
2614 4405 2775 4474 ἁγίας
2805 4401 3036 4476 Τριάδος
3081 4396 3149 4472 ἦν
3181 4400 3240 4452 ὲν
3269 4397 3345 4469 τῷ
3395 4393 3645 4467 σταυρῷ.
3681 4393 3841 4448 Τοῦτο

2186 4541 2229 4596 D
2257 4501 2399 4555 κατὰ
2413 4497 2792 4572 Νεστοριανῶν
2811 4496 2907 4550 καὶ
2931 4492 3264 4564 Ἀκεφάλων·
3289 4489 3396 4542 ίδοὺ
3416 4487 3548 4596 γαρ,
3570 4488 3737 4559 φησὶ,
3747 4487 3841 4556 μία

2257 4591 2376 4648 τῶν
2419 4589 2844 4645 Ὑποστάσεων
2874 4585 3092 4652 ὑλικῶς
3124 4583 3267 4653 ἡμῖν
3295 4577 3735 4648 ἐκοινώνησεν,
3780 4577 3842 4637 ὣς

2256 4701 2422 4756 φησιν
2465 4684 2495 4737 ὀ
2539 4683 2888 4748 Ἀπόστολος,
2934 4680 3005 4734 ὲν
3045 4677 3092 4745 ᾧ
3123 4672 3387 4731 κατοικεῖ
3422 4669 3548 4725 πᾶν
3596 4671 3671 4726 τὸ
3703 4667 3844 4732 adri-

2247 4793 2417 4847 ,ρωμα
2447 4775 2557 4846 τῆς
2589 4777 2866 4844 θεότητος
2884 4768 3249 4843 σωματικῶς.
3265 4765 3437 4820 Τοῦτο
3449 4764 3506 4818 δὲ
3532 4765 3603 4818 τὸ
3637 4761 3848 4828 olitch

577 4869 692 4926 Hoc
732 4880 913 4927 autem
948 4874 1148 4945 integre
1177 4875 1479 4946 intelligere
1512 4875 1624 4947 99
1646 4875 1813 4931 etiam
1852 4884 1936 4929 est
1967 4881 2139 4929 contr:

2257 4871 2352 4925 καὶ
2383 4869 2527 4926 κατὰ
2572 4867 2980 4940 Ἀπολλιναρίου
3013 4863 3148 4918 ἐστί·
3181 4861 3332 4934 δηλοί
3371 4857 3481 4930 γὰρ
3508 4858 3731 4913 τέλειον
3764 4858 3846 4912 ἄν⁸

573 4962 970 5032 Apollinarium
1004 4983 1020 5019 :
1055 4964 1300 5022 declarat
1323 4966 1493 5031 enim,
1519 4966 1698 5036 ipsum
1732 4963 2033 5037 perlectum
2059 4961 2160 5018 ho-

575 5057 778 5108 minem
805 5057 1191 5122 assumpsisse.

653 5140 720 5194 Et
751 5141 974 5209 sumpsit
1019 5140 1365 5195 accessiones.
1409 5137 1629 5192 Patrem
1659 5135 1867 5191 dixisse
1905 5150 2163 5205 proroga-

582 5235 798 5297 tioncm,
833 5233 1077 5288 arbitror
1104 5247 1227 5288 esse
1252 5245 1566 5288 mensuram
1592 5227 1856 5300 temporis
1877 5242 1990 5298 quo
2002 5225 2158 5282 Chri-

579 5335 700 5381 stus
735 5326 789 5380 in
813 5341 980 5381 carne
1005 5337 1362 5381 conversatus
1385 5332 1489 5381 est.

655 5419 1059 5489 Etinconfuste.
1097 5417 1296 5473 Mansit
1342 5418 1487 5472 enim
1538 5415 1681 5472 idem
1728 5415 1871 5472 Deus
1917 5412 2159 5470 Verbum

583 5510 809 5576 factum,
845 5513 987 5582 quod
1022 5527 1129 5566 non
1161 5519 1280 5567 erat
1306 5511 1425 5567 sine
1452 5510 1797 5569 confusione.
1830 5511 1972 5566 Nota
1992 5511 2156 5566 etiam

581 5620 688 5752 ἴση
719 5606 1003 5676 confusum
1031 5620 1063 5660 a
1099 5613 1344 5677 tempore
1386 5606 1758 5677 apostolorum
1797 5605 2156 5675 praedicatum

609 5711 776 5752 111888.

609 5711 776 5753 111888.

690 5868 715 5896 ι
750 5858 765 5911 l
797 5857 924 5915 Cor.
955 5874 1016 5925 ll,
1042 5860 1129 5916 ll.
1212 5861 1230 5898 ί
1259 5857 1416 5915 Joan.
1441 5873 1579 5924 xvn,
1609 5856 1704 5910 22.

2256 4962 2474 5035 θρωπον
2505 4960 2851 5033 ἀνειληφέναι
2882 4956 3061 5011 αὐτόν.

2331 5140 2442 5194 Καὶ
2475 5137 2817 5208 παράτασιν
2847 5137 3080 5206 εἴληφε.
3129 5135 3204 5188 Τὸ
3251 5129 3601 5203 παράτασιν
3635 5126 3846 5200 εἰρηκέ-

2257 5250 2346 5288 ναι
2375 5231 2468 5285 τὸν
2498 5230 2738 5302 Πατέρα,
2775 5228 3144 5300 ὑπολαμϐάνω
3178 5225 3239 5280 τδ
3270 5222 3517 5298 χρονικδν
3556 5221 3763 5294 μέτρον
3784 5211 3848 5271 εῖ-

2266 5345 2357 5382 ναι
2385 5327 2487 5397 τῆς
2518 5328 2576 5380 ὲν
2609 5323 2771 5396 σαρκὶ
2799 5322 2894 5376 τοῦ
2926 5321 3128 5392 Κυρίου
3159 5317 3452 5388 διαγωγῆς.

2339 5419 2453 5475 Καὶ
2494 5418 2866 5488 ἀσυγχύτου.
2903 5415 3125 5486 Ἔμεινε
3165 5411 3274 5483 γὰρ
3315 5408 3478 5472 αὐτὸς
3508 5407 3652 5472 Θεδς
3688 5405 3848 5472 Λόγος

2267 5512 2577 5584 γενόμενος,
2611 5512 2747 5582 ὅπερ
2778 5508 2878 5562 οὐκ
2915 5503 2983 5578 ἦν
3033 5503 3370 5575 ἁσυγχύτωςθ
3412 5501 3508 5555 καὶ
3542 5498 3848 5573 σημείωσαι

2267 5606 2348 5659 ὅτι
2377 5604 2438 5657 τὸ
2467 5604 2816 5674 ἁσὺγχυτον
2845 5602 2911 5655 ἐκ
2940 5598 3048 5653 τῶν
3091 5593 3462 5652 ἁποστολικῶν
3510 5595 3849 5668 κεκήρυκται

2267 5712 2492 5769 καιρων.

1781 5868 1808 5895 ιι
1833 5854 1990 5912 Deut.
2024 5869 2099 5918 vt,
2131 5854 2186 5909 4.
2265 5862 2292 5892 ν
2322 5851 2537 5910 Coloss.
2578 5865 2637 5916 ιι,
2669 5849 2724 5905 9.
