3872 6566
88 467 193 522 131

821 457 881 517 S.
918 453 1170 514 MAXIMI
1208 450 1503 511 SCHOLlA
1540 449 1607 505 IN
1641 447 1772 504 LIB.
1811 444 1902 502 DE
1932 446 2190 506 DlVlNlS
2221 445 2622 507 NOMINIBUS.

3249 447 3354 508 598

171 575 286 632 Kal
316 576 436 631 ὅσα
465 575 627 630 ἄλλα
658 573 990 646 θεουργικά.
1018 570 1328 646 Θεουργικά
1357 567 1514 640 φῶτά
1542 583 1675 638 φησι

1851 563 1980 619 Alia
2020 565 2266 636 quaelibet
2307 565 2518 636 deiﬁca.
2568 563 2769 620 Deifica
2802 563 3010 618 lumina
3039 571 3221 633 vocat,
3249 565 3352 621 do-

86 671 186 734 τάς
218 669 572 732 διδασκαλίας
611 668 722 721 τῶν
770 658 945 736 ἁγίων
969 706 984 731 ,
1024 666 1100 730 ὡς
1129 665 1246 735 φῶς
1287 663 1542 733 γνώσεως
1573 664 1676 733 ὲμ-

87 762 356 825 ποιούσας
386 763 480 816 καὶ
511 761 720 826 θεοὺς⁹⁶
748 760 876 823 τοὺς
906 757 1280 829 πειθομένους.

158 853 601 922 Καθηγεμόνων
649 852 889 920 κρυφία.
933 850 1268 922 Σημείωσαι,
1317 849 1400 902 ὅτι
1446 846 1516 901 τὰ
1549 847 1678 920 περὶ

85 945 196 999 τῶν
243 944 573 1016 ἀνηγμὲνων
633 943 727 997 καὶ
771 944 912 1015 ὑπὲρ
955 942 1056 1014 τὴν
1098 941 1207 995 τῶν
1253 939 1462 994 πολλῶν
1507 939 1676 1012 ἀκοὴν

86 1038 238 1100 ὅντα,
274 1037 386 1090 εἴτε
420 1037 548 1108 περὶ
581 1035 857 1105 θεολογίας
872 1037 979 1088 εἴτε
1012 1037 1104 1088 καὶ
1136 1035 1264 1106 περὶ
1293 1034 1394 1106 τῆς
1423 1034 1516 1088 τοῦ
1550 1031 1676 1097 ζωο-

86 1131 245 1184 ποιοῦ
278 1130 415 1184 Θεοῦ
447 1130 755 1200 οἰκονομίας
786 1129 1032 1200 κρυφίως
1065 1128 1419 1200 παρεδίδοσαν
1449 1129 1498 1181 οἱ
1543 1128 1674 1182 θεῖοι

85 1224 414 1288 ἀπόστολοι,
474 1221 867 1295 μυστηριωδῷς
911 1220 1393 1284 ἀποκαλύπτοντες
1435 1223 1550 1284 τοῖς
1592 1237 1675 1274 τε·

85 1317 279 1380 λείοιςο
314 1317 412 1370 καὶ
443 1317 526 1370 ὅτι
561 1319 624 1370 ἐκ
653 1316 760 1370 τῶν
793 1314 1107 1370 ἀποστόλων
1153 1315 1270 1367 ἐστὶ
1297 1313 1360 1368 τὸ
1401 1314 1674 1384 ἀσυγχύ-

87 1430 202 1477 τως
233 1411 335 1464 καὶ
371 1407 810 1479 ἀμεταϐλήτως,
844 1409 874 1462 ὃ
904 1404 1024 1462 εἷπε
1039 1447 1054 1472 ,
1079 1407 1171 1461 καὶ
1189 1407 1252 1461 τὸ
1270 1406 1376 1461 τοῦ
1400 1407 1546 1461 ὅλου
1571 1407 1676 1461 ἀν-

89 1503 352 1570 θρώπου·
389 1503 470 1556 διὸ
501 1503 595 1556 καὶ
625 1503 653 1555 ὁ
695 1501 1034 1566 Ἀπόστολος,
1083 1499 1310 1572 γράφων
1353 1497 1672 1553 Θεσσαλονι-

86 1591 270 1655 κεῦσι,
306 1592 444 1664 φησὶ
467 1631 481 1655 ,
511 1592 709 1664 χρῆναι
743 1591 1034 1661 φυλάττειν
1063 1591 1291 1653 αὐτοὺς,
1324 1589 1484 1642 ὄσα⁷¹
1517 1590 1675 1660 ἤχου-

91 1701 207 1747 σαν,
241 1683 365 1737 εἶτε
395 1682 493 1737 διὰ
521 1683 722 1752 λόγου,
755 1683 876 1736 εἴτε
906 1681 980 1735 δι’
1006 1680 1354 1749 ἐπιστολῆς·
1389 1683 1485 1734 καὶ
1505 1682 1672 1752 Τιμο-

88 1773 196 1845 θέῳ
231 1774 396 1828 πάλιν
420 1774 778 1842 παραθήκην
797 1770 974 1842 λέγων
1004 1772 1323 1827 δεδωκέναι
1354 1772 1424 1825 ἐν
1445 1787 1673 1842 μυστη-

82 1864 212 1931 ρίῳ,
249 1864 390 1934 ὅπερ
421 1863 652 1918 ἐνταῦθα
675 1861 1113 1932 ἐκφαντορικῶς
1143 1863 1375 1933 εἴρηται.

1780 655 2016 711 ctrinam
2063 665 2410 724 sanctorum,
2454 659 2602 713 velut
2640 656 2972 728 cognitionis
3019 657 3205 710 lumen
3243 655 3359 712 elﬁ-

1778 750 2010 816 cientes,
2039 757 2204 820 atque
2229 749 2362 804 deos
2384 765 2480 805 eos
2510 750 2603 820 qui
2633 751 2883 806 credunt.

1851 839 2240 912 Prwceptorum
2257 855 2474 900 arcana.
2490 839 2629 895 Nota
2643 856 2704 896 ea
2725 858 2844 912 qua:
2869 843 2936 897 de
2961 841 3289 899 sublimibus
3304 852 3358 898 et

1779 947 1945 1003 supra
1970 934 2116 1004 vulgi
2151 941 2373 1005 captum
2403 944 2581 998 erant,
2605 933 2720 990 sive
2746 949 3051 990 sermonem
3078 935 3145 989 de
3167 934 3357 989 divina

1777 1034 1999 1090 natura,
2033 1027 2150 1083 sive
2175 1028 2340 1083 etiam
2370 1027 2439 1082 de
2467 1025 2670 1082 vivifici
2694 1025 2791 1082 Dei
2823 1027 3230 1096 dispensatione
3256 1043 3352 1084 seu

1777 1118 2161 1175 incarnatione
2205 1120 2422 1176 divinos
2453 1119 2733 1189 apostolos
2783 1119 2999 1174 occulte
3039 1119 3353 1184 tradidisse,

1777 1209 2042 1280 perfectis
2069 1221 2333 1282 tanquam
2372 1211 2634 1282 mysteria
2663 1219 2719 1266 et
2753 1225 2957 1265 arcana
3001 1225 3159 1266 sacra
3202 1211 3357 1268 dete-

1777 1301 1986 1371 gendo;
2040 1311 2204 1373 atque
2233 1303 2302 1357 ab
2334 1304 2600 1374 apostolis
2635 1317 2944 1366 emanasse,
2976 1302 3122 1371 quod
3164 1302 3302 1358 dixit
3335 1320 3350 1357 :

1778 1395 1902 1449 Non
1932 1396 2149 1466 confuse
2170 1405 2220 1451 et
2247 1395 2674 1458 immutabiliter,
2707 1404 2762 1474 et
2784 1396 2973 1466 integri
2993 1395 3248 1457 hominis;
3273 1396 3356 1450 id-

1776 1495 1954 1560 eoQue
1994 1487 2290 1559 Apostolus
2322 1489 2569 1544 scribens
2615 1487 3204 1546 Thessalonicensibus
3241 1493 3353 1558 ait,

1778 1590 2036 1653 oportere
2071 1581 2221 1652 ipsos
2263 1597 2484 1637 servare
2523 1597 2644 1652 quae
2669 1582 2976 1646 audierant,
3006 1583 3112 1637 sive
3135 1598 3225 1650 per
3245 1599 3357 1637 scr-

1775 1691 2000 1738 monem,
2026 1675 2133 1730 sive
2155 1689 2246 1738 per
2266 1675 2546 1743 epistolam
2570 1687 2620 1738 ι,
2649 1681 2703 1729 et
2729 1673 3016 1729 Timotheo
3039 1690 3258 1730 rursum
3280 1675 3359 1730 di-

1777 1781 1912 1822 cens
1941 1765 2235 1834 depositum
2261 1764 2469 1820 dedisse
2495 1765 2548 1818 in
2566 1765 2816 1836 mysterio
2837 1775 2887 1830 γ,
2916 1767 3064 1837 quod
3082 1768 3171 1824 hic
3192 1769 3359 1823 inter-

1775 1858 2069 1928 pretatione
2100 1857 2261 1912 dixit.

157 1954 265 2008 Διὰ
295 1953 418 2008 τῶν
449 1953 621 2024 ἱερῶν
649 1952 1221 2024 παραπετασμάτων.
1246 1953 1574 2025 Σημείωσαι,
1592 1953 1673 2007 ὅτι

1861 1950 2215 2005 Velaminibus
2243 1950 2560 2022 quibusdam
2580 1952 2772 2006 sacris.
2805 1951 2943 2007 Nota
2982 1953 3038 2007 in
3067 1969 3179 2009 uno
3207 1955 3359 2010 ordi-

89 2049 148 2100 ἐν
183 2049 285 2118 μιᾷ
314 2047 470 2112 τάξει
514 2047 697 2102 θετέον
748 2049 849 2120 τήν
895 2065 956 2100 τε
1002 2047 1163 2117 ἁγίαν
1196 2046 1415 2120 Γραφὴν
1453 2049 1546 2102 καὶ
1577 2047 1674 2111 τὰς

87 2138 195 2190 τῶν
228 2141 551 2194 ἐπισκόπων
581 2139 924 2212 παραδόσεις,
961 2139 1074 2210 (οὓς
1108 2140 1366 2212 ἱεράρχας
1397 2141 1552 2195 εἴωθε
1584 2159 1677 2196 και

87 2236 218 2294 λείν,
251 2231 330 2296 ὡς
362 2234 630 2304 ἄρχοντας
659 2231 767 2289 τῶν
802 2233 1272 2304 ίερέων,τουτέστι
1291 2233 1675 2305 πρεσϐυτέρων

89 2327 181 2380 καὶ
212 2324 482 2378 διακόνων
501 2364 514 2387 ,
557 2325 653 2379 καὶ
684 2322 982 2396 πυλωρῶν,
1015 2324 1091 2388 ὥς
1123 2343 1286 2396 φησιν
1330 2329 1391 2380 ὲν
1433 2329 1500 2398 τῇ
1550 2326 1672 2380 καθ’

86 2419 233 2488 ἡμᾶς
268 2416 544 2489 ίεραρχίαο
577 2415 698 2470 ὅθεν
728 2417 824 2470 καὶ
853 2419 973 2480 ταῖς
993 2417 1170 2471 αὐτῶν
1201 2419 1427 2490 χρήσεσι
1459 2421 1588 2491 περὶ
1605 2421 1674 2474 τὰ

86 2508 335 2579 δόγματα
370 2506 711 2577 πειθόμεθω)
745 2506 803 2574 ἐξ
833 2500 908 2567 ὦν
932 2547 946 2572 ,
983 2509 1149 2580 φησι,
1182 2508 1377 2579 λογίων
1406 2509 1477 2564 τὰ
1507 2512 1675 2582 παχύ-

88 2617 220 2669 τερα
251 2601 372 2662 τοῖς
402 2599 747 2671 ὑπερουσίοις
780 2601 1112 2672 περιτίθεται
1133 2601 1220 2654 διὰ
1251 2602 1433 2672 νόησιν
1451 2604 1545 2658 καὶ
1569 2623 1672 2675 μυ-

93 2691 407 2761 σταγωγίαν
437 2692 731 2763 ἡμετέραν·
766 2694 842 2758 ὼς
873 2694 967 2748 ἐπὶ
1001 2695 1098 2765 μὲν
1129 2694 1286 2759 Θεοῦ,
1318 2696 1447 2750 ὅταν
1477 2697 1672 2769 φαίνη-

86 2799 174 2835 ται
206 2783 286 2845 ὡς
319 2781 455 2853 πῦρ,
487 2778 588 2836 καῖ
622 2783 698 2847 ὡς
727 2784 904 2855 γέρων
936 2787 996 2838 ὲν
1038 2783 1236 2856 Δανιὴλ
1256 2824 1271 2849 ,
1307 2785 1400 2839 καὶ
1431 2787 1506 2850 ὡς
1535 2788 1673 2860 ἀνὴρ

88 2873 342 2927 παλαίων
371 2872 452 2944 τῷ
496 2872 689 2926 Ἰακὼϐ
707 2913 722 2938 ,
771 2875 865 2926 καὶ
894 2875 996 2929 ὅσα
1018 2869 1264 2928 τοιαῦτα·
1300 2875 1394 2928 ἐπὶ
1423 2875 1481 2928 δὲ
1509 2876 1674 2946 ἀγγέ-

86 2966 217 3028 λων,
253 2966 334 3028 ὡς
364 2965 434 3019 τὰ
477 2965 772 3038 χερουϐὶμ,
806 2965 904 3020 ἅτε
935 2969 1030 3021 καὶ
1062 2968 1424 3040 θηριόμορφα,
1458 2970 1552 3023 καὶ
1581 2969 1673 3025 ἄλ·

83 3057 164 3111 λοι
197 3061 262 3112 ὲν
291 3056 448 3123 τάξει
479 3058 688 3130 ἀνδρῶν
718 3060 812 3113 καὶ
841 3060 1161 3115 νεανίσκων.

1775 2057 1845 2098 ne
1871 2042 2186 2113 ponendum
2217 2052 2272 2098 et
2306 2050 2551 2100 sanctam
2577 2042 2915 2114 Scripturam
2947 2051 3002 2100 et
3030 2045 3357 2102 traditiones

1773 2135 2160 2206 episcoporum
2209 2134 2372 2206 (quos
2415 2151 2612 2192 vocare
2663 2137 2802 2191 solet
2842 2137 3189 2200 hierarchas,
3235 2148 3358 2192 tan-

1774 2242 1938 2298 quam
1963 2229 2312 2284 sacerdotum
2357 2228 2657 2300 principes,
2691 2229 2746 2284 id
2774 2238 2880 2290 est.
2910 2230 3354 2301 presbyterorum

1772 2327 1828 2375 et
1857 2320 2238 2386 diaconorum,
2266 2330 2320 2378 et
2342 2323 2724 2388 ostiariorum,
2749 2333 2896 2378 sicut
2924 2320 3059 2377 dicit
3085 2323 3141 2377 in
3162 2332 3353 2378 nostra

1772 2411 2081 2468 hierarchia
2119 2429 2132 2464 :
2167 2412 2402 2485 ideoque
2429 2415 2676 2484 ipsorum
2711 2414 3000 2471 sententiis
3029 2413 3176 2469 circa
3219 2414 3355 2484 dog-

1773 2512 1920 2558 mata
1949 2505 2341 2576 credimus),ex
2371 2507 2595 2576 quibus,
2630 2506 2829 2577 inquit,
2867 2505 3173 2576 Scripturis
3203 2521 3357 2561 cras-

1774 2595 1923 2651 siora
1952 2598 2071 2652 vela
2096 2613 2194 2668 per
2224 2598 2591 2668 cogitationes
2631 2607 2686 2654 et
2723 2599 2995 2653 occultam
3027 2598 3228 2654 mentis
3256 2613 3359 2652 nos

1773 2695 1903 2742 straa
1927 2689 2286 2753 elevationem
2308 2691 2807 2761 circumponuntur
2823 2691 2893 2746 iis
2913 2704 3036 2760 quae
3057 2689 3358 2746 essentiam

1772 2791 2053 2850 superant,
2071 2791 2130 2836 ut
2145 2784 2201 2838 in
2219 2783 2350 2847 Deo,
2375 2785 2594 2856 quando
2608 2791 2835 2856 apparet
2854 2792 3113 2853 tanquam
3127 2783 3289 2852 ignis,
3302 2789 3360 2836 et

1773 2871 1918 2928 sicut
1955 2887 2121 2929 senex
2155 2875 2211 2929 in
2251 2873 2494 2939 Daniele,
2526 2885 2690 2946 atque
2712 2877 2857 2932 sicut
2882 2876 2966 2931 vir
2987 2877 3205 2933 luctans
3227 2893 3354 2932 cum

1769 2960 1962 3026 Jacob,
2011 2972 2066 3020 et
2118 2982 2458 3038 quaecunque
2513 2968 2674 3036 talia;
2724 2969 2780 3024 in
2811 2968 3018 3038 angelis
3061 2976 3266 3032 autem,
3299 2980 3360 3024 ut

1772 3055 2060 3111 cherubim
2093 3058 2237 3112 sicut
2267 3059 2498 3114 ferinam
2539 3060 2770 3115 formam
2802 3068 3082 3131 gestantes
3102 3100 3119 3127 ,
3164 3069 3220 3116 et
3265 3062 3359 3117 alii

1773 3143 1830 3199 in
1863 3145 2058 3201 ordine
2087 3150 2329 3204 virorum
2361 3159 2414 3205 et
2444 3151 2878 3208 adolescentum.

156 3236 294 3290 Τῶν
317 3236 621 3306 μεριστῶν
649 3237 993 3306 συμϐόλων.
1030 3236 1152 3292 Ὅτι
1181 3237 1279 3292 ἀνθ
1289 3239 1586 3311 ρωπολογεῖ
1610 3241 1672 3294 τὸ

1847 3235 2196 3294 Dividuorum
2227 3242 2519 3311 signorum.
2545 3241 2884 3312 Scripturam
2908 3243 3057 3313 loqui
3083 3243 3152 3299 de
3175 3243 3358 3299 divina

75 3333 233 3387 Θεῖον
263 3330 298 3400 ἠ
319 3329 513 3402 Γραφὴ
547 3331 612 3383 ἐκ
639 3329 749 3387 τῶν
779 3329 1140 3402 ἀνθρωπίνων
1154 3330 1286 3384 αὐτὸ
1311 3331 1673 3402 ὸνομάζουσα,

86 3423 281 3484 πόδας,
345 3421 443 3474 καὶ
497 3425 717 3493 χεῖρας,
763 3423 860 3476 καὶ
925 3422 1196 3494 πρόσωπα
1255 3423 1406 3495 αὑτῷ
1466 3443 1678 3496 περιτι-

84 3513 269 3567 θεῖσα.
703 3537 713 3548 ·
1447 3560 1449 3562 .

160 3607 348 3659 Ὅταν
394 3605 702 3674 ἄφθαρτοι.
739 3605 862 3659 ’Ὁτι
894 3609 954 3660 ὲν
983 3609 1050 3677 τῇ
1096 3607 1390 3661 ἀναστάσει
1437 3608 1490 3660 οί
1533 3608 1677 3676 ἀγιοι

89 3698 234 3770 μετὰ
265 3697 576 3770 ἀφθαρσίας
607 3699 701 3752 καὶ
729 3699 1028 3764 ἀθανασίας
1043 3699 1145 3770 τῆς
1162 3686 1524 3773 χριστοειδοῦς
1551 3700 1676 3754 τεύ-

87 3792 272 3858 ξονται
304 3792 725 3857 καταστάσεως,
758 3792 1064 3864 λάμποντες
1111 3794 1250 3865 ὑπὲρ
1279 3794 1372 3847 τὸν
1400 3793 1571 3864 ἥλιον,
1601 3795 1678 3858 ὼς

87 3885 183 3940 ναὶ
214 3887 246 3938 δ
276 3883 518 3955 Κύριος,
565 3885 655 3937 ὅτε
700 3886 758 3938 ὲν
803 3885 882 3955 τῷ
929 3885 1045 3956 δρει
1078 3885 1500 3957 μετεμορφώθη,
1535 3885 1679 3940 καθά

88 3992 261 4046 φησιν
289 3977 321 4030 δ
364 3975 691 4040 ’Δπόστολος
733 3978 862 4048 περὶ
890 3976 996 4031 τῶν
1029 3977 1220 4045 ἁγίων,
1254 3979 1338 4031 ὃτι
1371 3978 1495 4032 τότε
1528 3978 1679 4032 ἔσον-

88 4085 178 4122 ται
226 4068 306 4132 ὼς
352 4069 449 4122 κα.)⁸
491 4069 655 4133 αὑτός
696 4070 853 4135 ἐστι,
917 4069 1012 4124 καὶ
1059 4071 1290 4125 πάντοτε
1346 4072 1444 4125 σὺν
1488 4071 1677 4143 Κυρίῳ

90 4160 335 4214 ἔσονται.

171 4251 423 4320 Ὁρατῆς
463 4254 648 4308 αὐτοῦ
698 4254 1068 4324 ﬁscum-stac.
1126 4254 1438 4326 Σημείωσαι
1469 4254 1553 4307 ὅτι
1583 4255 1678 4308 καὶ

85 4346 148 4398 τὸ
178 4344 328 4397 θεῖον
373 4345 539 4398 αὑτοῦ
586 4345 744 4417 σῶμα
761 4347 963 4418 ὁρατὴν
1014 4345 1332 4417 θεοφάνειάν
1379 4365 1562 4420 φησιν,
1603 4349 1678 4412 ὼς

87 4435 231 4490 κατὰ
248 4437 452 4492 ταύτὸν
479 4438 767 4510 ἁρμόττειν
796 4439 859 4493 τὸ
891 4439 1054 4511 ῥητὸν
1081 4440 1176 4494 καὶ
1206 4439 1349 4493 κατά
1378 4441 1676 4518 Νεστορια-

87 4528 196 4582 νῶν
229 4529 328 4581 καὶ
373 4528 687 4598 Ἀκεφάλων
705 4570 720 4595 ,
770 4532 864 4584 κα)⁸
906 4530 1016 4587 τῶν
1063 4531 1550 4602 ὑπολαμϐανόντων
1602 4532 1676 4604 μὴ

1776 3336 1999 3397 natura,
2033 3339 2292 3403 tanquam
2323 3334 2371 3388 si
2393 3341 2540 3390 esset
2560 3333 2746 3400 homo,
2771 3334 2900 3389 dum
2924 3335 2975 3389 ei
3001 3333 3073 3389 ab
3100 3334 3359 3391 humanis

1774 3437 1978 3478 nomen
2009 3422 2275 3495 impertit,
2307 3425 2473 3495 pedes
2503 3433 2559 3482 et
2589 3442 2806 3492 manus,
2853 3435 3022 3499 atque
3051 3430 3214 3485 facies
3254 3428 3359 3498 ipsi

1775 3527 2223 3586 cnrcumponens.

1847 3604 2075 3672 Quando
2106 3608 2554 3678 incorruptibiles.
2603 3609 2837 3666 Sanctos
2863 3611 2918 3666 in
2950 3609 3360 3665 resurrectione

1775 3696 2044 3756 fruituros
2075 3717 2200 3756 cum
2230 3702 2646 3774 incorruptione
2674 3712 2728 3759 et
2753 3703 3164 3758 immortalitate
3205 3709 3354 3758 statu

1777 3790 1945 3845 simili
1972 3791 2094 3861 ejus
2122 3809 2285 3864 quem
2314 3794 2570 3851 Christus
2608 3794 2864 3859 habebit,
2897 3794 3144 3849 lucentes
3191 3809 3359 3864 supra

1776 3883 1972 3949 solem,
2006 3885 2153 3941 sicut
2181 3887 2347 3942 etiam
2371 3886 2639 3944 Dominus
2673 3887 2832 3956 100
2857 3885 3076 3957 quando
3100 3887 3154 3940 in
3175 3893 3360 3942 monte

1775 3977 2206 4034 transformatus
2233 3987 2340 4043 est,
2366 3979 2827 4050 quemadmodum
2857 3978 3154 4048 Apostolus
3186 3977 3263 4030 ait
3291 3978 3359 4032 de

1775 4071 2004 4134 sanctis,
2037 4071 2183 4141 quod
2228 4080 2361 4126 tunc
2401 4079 2563 4127 erunt
2596 4071 2742 4126 sicut
2784 4078 2839 4124 et
2879 4071 2995 4140 ipse
3037 4076 3155 4134 est,
3195 4075 3359 4138 atque

1778 4176 1996 4232 semper
2018 4179 2144 4218 cum
2175 4163 2406 4220 Domino
2430 4171 2591 4219 erunt
2610 4172 2657 4217 ι.

1858 4254 2098 4309 Visibilis
2127 4257 2400 4324 ipsiusmet
2424 4255 2915 4326 Dei‘apparitionis.
2944 4252 3084 4309 Nota
3112 4253 3260 4324 quod
3275 4255 3361 4308 dio

1776 4348 1966 4400 vinum
2007 4347 2183 4416 ipsius
2224 4362 2428 4417 corpus
2453 4387 2469 4411 ,
2507 4347 2778 4402 visibilem
2816 4345 2910 4402 Dei
2959 4346 3358 4416 apparitionem

1777 4437 1947 4502 dicat,
1978 4445 2038 4491 ut
2071 4454 2138 4494 ex
2177 4439 2368 4494 eodem
2393 4446 2610 4509 aptetur
2639 4439 2910 4494 sententia
2937 4447 2992 4494 et
3019 4445 3213 4492 contra
3257 4437 3358 4493 Ne-

1779 4530 2056 4586 storianos
2093 4538 2148 4586 et
2172 4529 2499 4601 Acephalos,
2538 4539 2594 4585 et
2615 4546 2712 4586 eos
2739 4530 2832 4600 qui
2861 4531 3208 4586 arbitrantur
3249 4529 3359 4584 Do-

86 4618 230 4675 εἷναι
263 4621 364 4676 καὶ
393 4621 490 4675 νῦν
533 4623 628 4677 καὶ
657 4623 874 4699 ἔσεσθαι
909 4624 1048 4694 μετά
1079 4626 1283 4698 σαρκὸς
1325 4626 1416 4680 τὸν
1449 4625 1671 4697 Κύριονο

1782 4621 1989 4676 minum
2018 4637 2197 4692 neque
2229 4623 2390 4678 modo
2416 4637 2559 4686 esse,
2591 4637 2768 4692 neque
2798 4622 3046 4677 futurum
3076 4637 3202 4676 cum
3234 4636 3360 4677 car-

86 4716 181 4768 καὶ
213 4715 300 4767 ὅτι
332 4715 368 4786 ή
406 4714 505 4785 μέν
535 4715 620 4776 τίς
658 4718 806 4770 ἐστιν
838 4716 1022 4786 ὁρατὴ
1065 4718 1230 4772 αὑτοῦ
1263 4719 1613 4788 θεοφάνειιι,
1645 4721 1676 4774 ὅ

87 4811 241 4862 ἐστιν
283 4809 320 4879 ή
377 4807 746 4881 ὲμψυχωμένη
800 4810 955 4881 σάρξ
991 4811 1024 4883 ή
1065 4811 1122 4864 δὲ
1165 4813 1350 4884 νοητὴ,
1382 4814 1503 4883 ἥτις
1535 4813 1676 4867 κατά

89 4900 217 4953 νοῦν
271 4901 430 4954 ἔσται
475 4903 609 4972 ἡμῖν
657 4902 890 4974 μεθεκτὴ
947 4903 1069 4958 τότε
1111 4904 1476 4978 τελειοτέρως.
1515 4907 1676 4960 Ὅθεν

89 4992 526 5063 ἐπιστραφέντες
557 4995 694 5066 πρὸς
731 4995 882 5060 Θεὸν,
917 4997 1125 5051 ἐκεῖθεν
1153 4997 1372 5062 τελείως
1403 4998 1675 5070 ὲλλαμπό-

95 5101 279 5155 μενοι,
313 5085 577 5150 ,ὲνοειδῶς
604 5085 663 5140 ἓν
705 5087 1023 5160 γενώμεθα,
1070 5088 1516 5161 ἐλευθερωθέντες
1563 5089 1672 5145 τῶν

93 5176 238 5230 κατά
283 5175 538 5230 σύνθεσιν
575 5179 911 5251 ὲτεροτήτων
953 5179 1110 5251 ἡμῶν
1130 5220 1146 5243 ,
1192 5181 1330 5253 ὅπερ
1373 5181 1525 5253 δηλοί
1567 5184 1674 5248 τὰς

93 5268 390 5338 κοσμικὰς
405 5271 722 5337 αἰσθήσεις
751 5271 847 5325 καὶ
871 5272 1209 5342 ἐπιθυμίας.

177 5361 276 5414 Ἑν
308 5361 575 5430 θειοτέρα
598 5361 866 5433 μιμήσει.
900 5364 1188 5437 Θειοτέραν
1224 5366 1454 5438 μίμησιν
1486 5368 1674 5439 εἴρηκε

92 5455 192 5524 τὴν
223 5454 624 5528 ἀκριϐεστέραν
655 5457 749 5509 καὶ
777 5454 1108 5528 τελεωτέραν
1141 5458 1441 5529 σημαίνων,
1473 5459 1549 5522 ὼς
1579 5460 1673 5513 καὶ

96 5544 190 5597 νῦν
220 5547 643 5619 ἀγγελοπρεπής
671 5550 700 5602 ὁ
729 5547 838 5605 τῶν
867 5548 1037 5618 ἁγίων
1083 5549 1195 5620 βίος
1226 5554 1283 5606 ἐν
1312 5555 1378 5624 τῇ
1411 5551 1506 5604 τοῦ
1537 5551 1673 5606 Θεοῦ

165 5718 192 5745 x
223 5703 265 5756 ll
295 5702 494 5760 Thess.
529 5719 592 5769 ιι,
623 5704 709 5761 14.
788 5713 816 5754 ἵ
850 5703 894 5761 ιι
925 5703 1068 5762 Tim.
1104 5723 1142 5773 ι,
1170 5706 1258 5763 12.

1779 4731 1890 4772 ne:
1925 4722 2091 4786 atque
2121 4730 2285 4770 unam
2317 4730 2440 4770 esse
2479 4714 2736 4769 visibilem
2775 4714 2897 4784 ejus
2935 4709 3030 4766 Dei
3067 4713 3362 4784 apparitio-

1778 4827 1919 4875 uem,
1962 4811 2189 4865 alteram
2238 4824 2371 4864 vero
2419 4808 2717 4878 spiritalem
2743 4847 2759 4873 ,
2800 4821 2922 4877 qua:
2961 4815 3079 4860 tum
3125 4820 3159 4859 a
3197 4806 3358 4862 nobis

1779 4903 2080 4976 perfectius
2102 4908 2282 4958 mente
2305 4901 2752 4972 participabitur;
2777 4899 2922 4953 unde
2947 4896 3017 4951 ad
3042 4895 3209 4951 Deum
3225 4912 3358 4952 con-

1779 4999 1922 5054 versi
1947 4997 2100 5051 illinc
2127 4995 2366 5066 perfecte
2391 4992 2674 5058 illustrati,
2694 4990 3040 5046 uniformiter
3058 5005 3224 5044 unum
3249 4989 3357 5043 eri-

1781 5105 1926 5153 mus,
1960 5089 2176 5144 liberati
2213 5101 2244 5140 a
2275 5085 2687 5141 diversitatibus
2726 5085 2932 5140 nostris
2961 5099 3082 5154 qua:
3109 5098 3174 5138 ex
3201 5097 3354 5136 com-

1780 5181 2052 5252 positione
2079 5179 2366 5240 oriuntur,
2398 5175 2544 5247 quod
2591 5175 2866 5242 declarat,
2904 5176 3200 5231 mundanos
3237 5188 3356 5229 sen-

1780 5289 1870 5326 sus
1903 5281 1952 5326 et
1971 5270 2309 5338 cupiditates.

1847 5363 1916 5418 In
1959 5363 2215 5417 diviniora
2265 5361 2584 5417 imitatione.
2627 5359 2961 5416 Diviniorem
2995 5357 3354 5414 imitationem

1781 5457 1942 5521 dixit,
1983 5462 2298 5510 accuratam
2338 5455 2513 5525 magis
2536 5463 2586 5510 et
2612 5453 2990 5524 perfectiorem
3013 5449 3352 5520 signiﬁcans;

1783 5550 1926 5605 sicut
1951 5549 2117 5604 etiam
2148 5563 2296 5602 nunc
2319 5556 2402 5603 est
2420 5547 2597 5618 angeli
2630 5547 2850 5617 propria
2880 5551 3194 5600 sanctorum
3217 5541 3352 5608 vita,

1339 5717 1361 5744 ι
1395 5704 1416 5759 l
1446 5704 1647 5762 Thess.
1681 5721 1755 5771 IV,
1791 5703 1879 5759 l6.

1049 5819 1284 5875 VARI/E
1325 5819 1712 5877 LECTIONES
1748 5818 1836 5874 ET
1873 5814 2420 5876 CORRECTIONES.

157 5935 204 5966 ”
236 5934 485 5998 θεούσας.
556 5937 597 5967 ⁷³
629 5935 682 5990 ἃ.
