3874 6534
519 412 627 469 I99

1326 394 1672 454 APPENDIX
1699 395 1792 450 AD
1819 392 2054 451 OPEBA
2084 390 2142 447 S.
2174 390 2476 464 DIQNYSII
2513 388 2997 446 AREOPAGITE.

3680 383 3773 442 200

517 529 576 584 in
601 525 699 582 Dei
726 521 892 580 laude
915 528 971 577 et
996 518 1304 575 carnalium
1330 520 1676 583 contemptu,
1699 511 1807 567 etsi
1841 525 1951 564 non
1981 524 2101 565 om-

2225 510 2406 563 ιίνὲσει
2437 510 2532 563 καὶ
2563 507 2834 581 ὑπεφψίᾳ
2863 506 2971 560 τῶν
3015 502 3331 578 σαρκικῶν,
3364 502 3469 558 κᾶν
3499 500 3562 555 οὐ
3593 517 3777 554 παντε-

520 619 774 685 nimode;
799 616 1034 687 ideoque
1075 611 1312 667 imitatio
1357 607 1727 671 moderatior;
1760 613 1879 660 tum
1920 611 2102 660 autem

520 711 666 784 quod
701 707 1004 780 perfectum
1034 714 1143 768 est,
1176 705 1233 758 in
1265 703 1352 758 his
1382 698 1688 772 apparebit.

592 799 1014 872 Intelligibit'ium
1031 801 1472 868 spectaculorum.
1492 791 1604 848 Nos
1624 807 1692 847 ex
1714 789 1888 862 signis
1903 787 2104 843 intuexi

521 895 793 968 spiritalia
813 935 830 960 ,
887 908 1011 963 qua:
1056 891 1282 962 angelos
1315 894 1576 958 tangunt;
1609 884 1678 939 de
1719 882 1927 953 angelis
1958 880 2103 934 enim

519 989 784 1059 loquitur,
815 987 960 1041 sicut
987 985 1234 1040 declarat
1263 982 1430 1038 etiam
1459 995 1584 1036 eum
1616 992 1814 1032 vocare
1837 979 1986 1044 ipsos
2011 974 2105 1030 Dei

519 1080 766 1136 similes:
798 1093 968 1148 supra
990 1092 1123 1132 vero
1161 1077 1219 1130 in
1269 1075 1413 1130 libro
1464 1071 1539 1126 De
1567 1070 1764 1124 calcati
1796 1068 2107 1135 _hierarchia

517 1173 764 1228 declarat
791 1175 972 1242 signa,
997 1184 1120 1240 qua:
1140 1169 1292 1239 ipsos
1317 1174 1597 1237 spectant;
1628 1163 1905 1218 connectit
1924 1172 2104 1216 autem

517 1281 667 1322 nunc
694 1265 861 1320 etiam
889 1280 953 1320 ea
983 1279 1104 1334 quae
1137 1263 1304 1318 Deum
1329 1265 1692 1314 concernunt.

600 1357 879 1413 Sedantes.
897 1355 1284 1427 Requietionem
1313 1351 1650 1422 intelligentia
1678 1347 1922 1418 efﬁcacia:
1941 1345 2102 1411 dixit,

519 1450 842 1522 significans
883 1448 1084 1503 divinae
1113 1456 1324 1502 natura:
1349 1440 2060 1514 incomprehensibilitatem
2086 1457 2103 1506 ;

519 1544 660 1600 nihil
693 1543 842 1598 enim
877 1557 1068 1597 eorum
1107 1556 1231 1612 qua:
1261 1539 1426 1608 hujus
1451 1545 1602 1602 sunt,
1637 1534 1881 1590 motione
1904 1533 2105 1588 mentis

517 1635 1048 1706 comprehenditur,
1091 1642 1186 1688 aut
1228 1632 1295 1686 ad
1346 1633 1587 1700 aliquam
1620 1626 1973 1682 confessione
2017 1639 2107 1680 re-

518 1738 734 1799 ceptam
770 1736 828 1783 et
870 1726 1220 1781 manifestam
1251 1723 1670 1795 persuasionem
1709 1720 1972 1791 cogitatio
2006 1720 2107 1774 fer-

520 1828 632 1886 tur,
659 1820 810 1875 circa
831 1817 1571 1889 incomprehensibilitatem,
1596 1829 1719 1886 qua:
1735 1812 1959 1886 propria
1975 1827 2106 1882 ope-

518 1915 750 1970 rationis
780 1913 1090 1970 cessatione
1118 1909 1624 1980 comprehenditur.

587 2006 858 2077 Ireﬂ'abili
906 2005 1061 2060 modo
1109 2005 1556 2073 ρτωαειὶιετιιηι.
1601 1999 1741 2055 Illud
1780 1997 2111 2069 praemittim-

518 2110 664 2166 runt,
689 2099 991 2170 intelligere
1024 2097 1357 2154 studendum
1387 2103 1503 2163 est;
1535 2095 1722 2150 omnia
1768 2095 1913 2148 enim
1944 2102 2111 2161 opera

518 2193 809 2265 sequentia
849 2191 1115 2246 declarat.
1169 2189 1251 2244 Ex
1299 2190 1406 2244 hoc
1441 2187 1716 2259 siquidem
1759 2183 2109 2255 intelligitur,

518 2285 799 2358 quomodo
848 2284 990 2340 dixit
1035 2283 1369 2352 Apostolus,
1421 2297 1525 2336 nos
1575 2279 1634 2334 in
1672 2275 1785 2332 Deo
1815 2291 1941 2332 esse
1991 2283 2112 2330 ante

517 2379 702 2434 mundi
728 2378 1157 2434 constitutionem
1183 2389 1231 2431 ι.
1252 2374 1548 2431 Sciendum
1568 2373 1776 2443 itaque,
1796 2369 2115 2441 productio-

516 2487 644 2528 nem
676 2473 1067 2526 universorum
1098 2469 1404 2526 secundum
1431 2480 1659 2521 causam
1695 2472 1750 2519 et
1779 2462 2112 2534 principium

517 2567 587 2621 ab
612 2580 680 2621 eo
701 2564 962 2635 pendere,
987 2561 1435 2634 quandoquidem
1467 2575 1558 2614 res
1589 2572 1782 2613 omnes
1805 2571 1903 2626 per
1933 2556 2114 2626 ipsum

515 2659 824 2720 exsistant,
858 2655 1218 2728 probabiliter
1243 2654 1410 2708 etiam
1455 2659 1750 2720 antequam
1783 2649 2115 2704 exsisterent

518 2766 618 2823 per
645 2750 767 2820 ejus
807 2749 1288 2819 inconceptibilem
1335 2746 1695 2809 voluntatem,
1733 2743 1789 2796 in
1830 2743 1950 2812 ipso
1977 2757 2115 2811 quo-

516 2858 626 2914 que
655 2849 782 2898 ante
801 2841 1137 2905 constitisse,
1172 2843 1382 2896 sciente
1425 2845 1482 2893 et
1534 2835 1682 2906 quod
1729 2835 2017 2907 producet,
2060 2841 2115 2888 et

515 2933 742 3006 quando
772 2932 1061 3006 producet.
1095 2932 1238 2987 Ante
1283 2931 1486 2988 saecula
1528 2930 1700 3000 igitur
1733 2929 1790 2983 in
1821 2928 1942 2997 ipso
1972 2942 2111 2996 pra:-

516 3026 740 3098 cognita
757 3032 883 3081 ante
898 3025 1294 3087 constiterunt,
1324 3023 1478 3093 101
1505 3022 1828 3092 priusquam
1858 3019 1980 3088 ejus
2007 3019 2115 3088 Spi-

518 3119 700 3174 ritalia
732 3117 1173 3188 producerentur
1193 3131 1316 3186 quae
1338 3123 1469 3170 sunt
1499 3114 1722 3175 saecula,
1754 3119 1810 3167 et
1842 3120 1969 3164 ante
1998 3126 2117 3164 om-

2205 609 2304 661 λεί·
2336 607 2418 660 διὸ
2448 607 2544 660 καὶ
2571 605 2642 658 τὰ
2668 604 2770 674 τῆς
2803 604 3086 675 μιμήσεως
3120 599 3479 672 μετριώτερω
3499 597 3622 651 τότε
3652 597 3774 652 δὲτὸ

2204 699 2406 753 τέλειον
2438 701 2497 752 ὲν
2526 697 2736 760 τούτοις
2768 684 3088 766 φανήσεται.

2281 793 2405 848 Τῶν
2444 791 2678 858 νοητῶν
2721 789 3044 859 θεαμάτων.
3083 788 3205 841 ὀτι
3245 789 3311 839 ὲκ
3348 784 3457 839 τῶν
3506 785 3774 855 συμϐόλων

2204 887 2276 940 τὰ
2305 886 2435 958 ’περ’ι
2465 884 2710 954 ἀγγέλων
2742 881 2911 952 νοητὰ
2940 879 3335 950 ἐποπτεύσει-εν
3370 879 3503 949 περὶ
3547 877 3658 948 γὰρ
3686 879 3773 946 ἀγ-

2205 982 2381 1051 γέλων
2413 981 2575 1051 φησὶν
2596 1021 2610 1042 ,
2643 979 2719 1042 ὡς
2746 977 2898 1048 δηλοί
2939 976 3034 1030 καὶ
3064 974 3127 1027 τὸ
3172 973 3351 1042 λέγειν
3395 972 3591 1034 αὐτοὺς
3625 970 3775 1024 θεοει-

2205 1074 2334 1138 δεῖς.
2373 1075 2521 1126 ’Δνω
2549 1073 2606 1126 δὲ
2636 1073 2732 1126 καὶ
2773 1071 2843 1123 τὰ
2885 1070 3015 1141 περὶ
3047 1066 3228 1122 αὐτῶν
3264 1065 3511 1136 σύμβολα
3553 1065 3701 1136 δηλοί
3726 1068 3774 1118 ὲν

2205 1167 2284 1237 τῷ
2315 1167 2452 1235 Περὶ
2484 1165 2594 1233 τῆς
2612 1164 2895 1234 οὐραγίας
2936 1161 3256 1231 ιεραρχίας·
3292 1161 3553 1214 συνάπτει
3593 1159 3651 1212 δὲ
3693 1156 3774 1212 νῦν

2207 1263 2301 1314 καὶ
2329 1278 2398 1314 πε
2404 1262 2459 1331 ρί
2490 1258 2666 1312 Θεοῦ.-

2289 1353 2739 1416 Ἀποπαύοντες.
2791 1350 3169 1403 Ἀπόπαυσιν
3212 1345 3326 1413 τῆς
3371 1342 3587 1412 νοερᾶς
3631 1343 3776 1411 ἐνερ-

2206 1446 2372 1516 γείας
2391 1441 2531 1508 εἰπε,
2560 1441 2840 1515 σημαίνων
2857 1441 2918 1494 τὸ
2936 1441 3037 1510 τῆς
3067 1439 3217 1502 θείας
3238 1437 3453 1507 φύσεως
3482 1434 3777 1506 ἀκατάληπ-

2206 1555 2316 1592 τον·
2337 1538 2489 1592 οὐδὲν
2509 1537 2617 1608 γὰρ
2636 1535 2744 1588 τῶν
2762 1533 2966 1605 ταύτης
2979 1536 3044 1604 τῇ
3066 1535 3279 1603 κινήσει
3293 1529 3387 1583 τοῦ
3409 1528 3497 1582 νοῦ
3513 1527 3776 1597 καταλαμ-

2207 1630 2449 1695 ϐάνεται,
2482 1629 2516 1700 ἢ
2549 1629 2686 1700 πρός
2704 1645 2826 1680 τινα
2844 1623 3286 1697 ὁμολογουμένην
3317 1623 3414 1676 καὶ
3431 1619 3638 1692 τρανὴν
3660 1618 3778 1687 πλη·

2211 1723 2468 1797 ροφορίαν
2499 1725 2534 1793 ἠ
2565 1721 2751 1792 νόησις
2783 1718 3048 1790 φέρεται,
3098 1714 3250 1786 παρὰ
3291 1713 3356 1766 τὸ
3384 1711 3774 1781 ἀκατάληπτον,

2206 1818 2342 1888 ὅπερ
2372 1819 2438 1888 τῇ
2471 1814 2650 1886 οἰκείᾳ
2674 1807 3036 1882 ἀνενεργησίᾳ
3065 1805 3566 1878 καταλαμϐάνεται.

2295 1986 2730 2058 Ὑπεραρῤήτως
2760 1983 3203 2053 προϋφέστηκε.
3251 1979 3326 2032 Τὸ
3371 1975 3777 2046 προϋφέστηκε

2214 2080 2572 2137 σπουδαστέον
2603 2079 2814 2148 νοῆσαι·
2847 2075 2920 2129 τὰ
2948 2074 3058 2145 γὰρ
3089 2073 3225 2143 ἔργα
3242 2073 3290 2102 τ’
3324 2070 3503 2124 πάντα
3521 2067 3779 2148 διατρανοί

2212 2174 2430 2244 ἑφεξῆς·
2479 2175 2546 2226 ὲκ
2584 2140 2774 2224 τούτου
2822 2140 3005 2222 τοίνυν
3028 2140 3381 2236 νοηθήσεται,
3417 2159 3536 2224 πῶς
3573 2140 3778 2231 φησινό

2225 2267 2563 2328 Ἀπόστολος,
2592 2267 2652 2319 ὲν
2679 2262 2759 2334 τῷ
2798 2260 2917 2331 Θεῷ
2948 2255 3084 2312 εἶναι
3115 2259 3263 2329 ἡμᾶς
3303 2254 3416 2322 πρὸ
3458 2248 3778 2315 καταϐολῆς

2212 2364 2466 2432 κόσμου.
2513 2357 2704 2411 ’ἰστέον
2732 2350 2847 2420 οὖν,
2893 2351 2971 2414 ὡς
3009 2351 3111 2420 τῆς
3154 2347 3409 2402 ἁπάντων
3458 2342 3778 2415 παραγωγῆς

2213 2453 2356 2510 κατά
2382 2452 2446 2505 τὸ
2475 2451 2647 2504 αἴτιον
2677 2448 2772 2500 καὶ
2801 2445 2903 2516 τὴν
2947 2441 3121 2513 ἀρχὴν
3162 2438 3328 2494 αὑτοῦ
3374 2435 3778 2507 ἀπηρτημένης,

2212 2543 2400 2615 ἐπειδὴ
2430 2542 2498 2596 τὰ
2527 2542 2657 2595 ὅντα
2684 2537 2864 2592 πάντα
2894 2535 2954 2599 ἐξ
2989 2531 3155 2587 αὑτοῦ
3193 2534 3359 2584 ἐστιν·
3405 2527 3651 2594 εἰκότως,
3695 2527 3778 2580 ἆτε

2213 2641 2310 2694 καὶ
2341 2636 2602 2710 μέλλοντα
2632 2619 2852 2684 ἔσεσθαι
2882 2628 2972 2681 διά
3007 2625 3069 2678 τὸ
3113 2622 3276 2677 αὑτοῦ
3322 2619 3675 2690 ἀνεπινόητον
3704 2617 3778 2668 θέ-

2214 2732 2385 2802 λημα,
2418 2731 2480 2782 ὲν
2511 2723 2662 2794 αὐτῷ
2691 2722 2784 2776 καὶ
2815 2716 3221 2791 πῳῦφέστηκε,
3255 2715 3336 2786 τῷ
3364 2714 3552 2776 εἰδότι,
3591 2711 3683 2767 καὶ
3709 2711 3779 2762 ὅτι

2217 2801 2451 2894 παράξει
2481 2819 2576 2873 καὶ
2604 2815 2767 2870 ὁπότε
2797 2811 3051 2883 παράξει.
3090 2808 3441 2881 Προαιωνίως
3484 2803 3578 2859 οὖν
3609 2806 3666 2857 ὲν
3696 2801 3782 2854 αὺ-

2215 2889 2772 2986 τῷ-προεγνωσμένα,
2801 2903 3205 2976 προϋφέστηκεο
3228 2901 3361 2972 πρὶν
3394 2897 3506 2970 γὰρ
3534 2895 3604 2950 τά
3631 2889 3781 2964 νοητᾶ

2218 3004 2588 3079 παραχθῆναι,
2620 3003 2780 3058 ἆτινά
2804 3003 2940 3055 εἰσιν
2969 2999 3183 3060 αἰῶνες,
3213 2995 3308 3049 καὶ
3339 2991 3447 3064 πρὸ
3475 2990 3655 3060 πάσης
3676 2986 3780 3041 ἐτέ-

2221 3118 2320 3170 ρας
2349 3099 2582 3162 κτίσεως
2612 3098 2851 3167 ἔγνωστο
2880 3093 3028 3164 αὐτῷ
3053 3091 3124 3145 τὰ
3154 3090 3410 3160 ἐσόμενα,
3444 3086 3522 3148 ὡς
3563 3083 3778 3155 εἴρηται*

525 3225 654 3266 nem
686 3211 852 3264 aliam
885 3217 1196 3263 creaturam
1223 3207 1444 3277 cognita
1477 3205 1595 3275 ipsa
1625 3204 1875 3266 fuerant,
1904 3217 1969 3257 ea
1994 3217 2113 3269 quae

2230 3191 2284 3242 Ὀ
2313 3188 2483 3254 εἰδὼς
2510 3187 2707 3241 πάντα
2726 3187 2870 3255 πρὶν
2895 3183 3189 3254 γενέσεως
3227 3177 3448 3234 αὐτῶν
3484 3177 3582 3231 καὶ
3612 3173 3780 3229 πάλιν

521 3303 731 3364 futura,
777 3307 840 3355 ut
883 3299 1092 3354 dictum
1141 3307 1228 3353 est
1257 3317 1272 3353 :
1309 3296 1636 3367 Cognoscens
1667 3298 1847 3349 omnia
1878 3305 2002 3349 ante
2033 3313 2115 3365 ge-

522 3395 850 3449 nerationem
879 3390 1158 3461 ipsorum”
1183 3409 1197 3445 :
1234 3396 1290 3445 et
1317 3390 1516 3445 iterum
1546 3389 1879 3459 :Antequam
1909 3388 2114 3457 forma-

524 3503 639 3543 rem
669 3496 717 3541 te
750 3487 805 3540 in
825 3497 997 3548 utero,
1029 3482 1152 3536 novi
1182 3491 1297 3536 τεο.

598 3578 706 3646 Qui
747 3593 839 3632 nec
872 3576 1097 3646 cogitari
1126 3582 1317 3643 potest.
1353 3571 1432 3626 Ita
1485 3571 1633 3626 enim
1677 3571 1923 3641 loquitur
1949 3571 2113 3626 etiam

524 3669 830 3742 Gregorius
885 3667 1208 3737 theologus,
1275 3666 1584 3736 explanans
1646 3662 1781 3718 illud
1838 3663 2114 3734 vulgatum

527 3761 872 3836 {Graecorum
933 3759 1142 3814 dictum
1167 3756 1237 3830 τι]
1277 3777 1291 3812 :
1326 3757 1496 3812 Deum
1555 3757 1859 3826 intelligere
1896 3757 2114 3827 quidem

527 3854 910 3928 impossibile;
938 3851 1122 3922 eloqui
1152 3861 1335 3905 autem
1367 3849 1712 3919 impossibile
1740 3850 1937 3919 magis.

603 3947 672 4002 Et
701 3948 1085 4000 universorum.
1113 3943 1251 3999 Cum
1283 3943 1540 3997 dixisset:
1565 3940 1726 3997 Fines
1755 3943 2113 4012 cognitionum

527 4039 1006 4115 quaessentiarum
1028 4047 1148 4091 sunt
1162 4037 1498 4102 etvirtutum,
1517 4038 1770 4090 eumdem
1793 4036 1988 4106 repetit
2011 4051 2118 4090 ser-

529 4147 773 4200 monem,
796 4146 959 4201 quem
983 4138 1143 4184 antea
1169 4143 1388 4200 quoque
1400 4128 1613 4182 dixerat
1630 4147 1643 4182 :
1663 4126 1854 4183 Omnes
1885 4130 2117 4181 omnium

530 4226 893 4297 cognitionum
927 4223 1157 4276 termini.
1209 4224 1317 4276 Aut
1375 4221 1543 4291 igitur
1581 4237 1676 4290 per
1705 4228 1994 4289 utramque
2023 4238 2119 4276 γο-

531 4333 653 4374 cem
685 4315 968 4387 supponit,
990 4312 1138 4384 quod
1188 4313 1352 4367 etiam
1403 4311 1795 4380 antepositum
1841 4311 2033 4376 fuerat,
2062 4313 2118 4366 in

533 4411 647 4467 Deo
677 4423 896 4464 omnem
953 4407 1321 4477 cognitionem
1382 4404 1565 4468 otiari,
1597 4415 1649 4459 et
1706 4404 1867 4458 finem
1920 4405 2120 4462 habere

533 4503 718 4557 munis
746 4501 1025 4567 motionis,
1059 4507 1282 4570 propter
1329 4496 1530 4551 divina:
1577 4504 1785 4551 natura:
1810 4499 2118 4568 incompre—

2214 3281 2335 3352 Πρὸ
2357 3281 2462 3336 τοῦ
2483 3297 2562 3351 με
2589 3279 2820 3335 πλάσαι
2848 3294 2922 3333 σε
2949 3277 3022 3331 ἐν
3049 3275 3268 3342 κοιλίᾳ,
3295 3268 3531 3343 ἐγγωκὰ
3553 3285 3650 3324 σε.

2298 3575 2407 3629 ’ον
2433 3574 2483 3605 ’³
2511 3573 2649 3626 οὕτε
2701 3566 2991 3635 ἐννοῆσαι
3028 3562 3308 3617 δυνατόν.
3345 3559 3506 3614 Οὕτω
3537 3558 3644 3630 γάρ
3664 3573 3784 3628 φησι

2215 3669 2310 3723 καί
2340 3669 2370 3722 ὁ
2400 3665 2646 3733 Θεολὸγος
2670 3660 2990 3733 Γρηγόριος,
3030 3653 3388 3727 μεταφράζων
3415 3651 3480 3705 τὺ
3506 3649 3783 3722 εἰρημένον

2215 3758 2352 3832 [τοῖς
2380 3753 2629 3826 Ἕλλησι]
2646 3771 2659 3784 ·
2697 3753 2830 3806 Θεὸν
2860 3749 3052 3819 νοῆσαι
3108 3747 3205 3818 μὲν
3260 3744 3524 3800 ἀδύνατον
3545 3763 3560 3776 ο
3593 3743 3784 3815 φράσαι

2214 3853 2272 3906 δὲ
2299 3848 2716 3920 ἀδυνατώτερον.

2287 3954 2396 4009 Kal
2415 3949 2648 4005 πασῶν.
2663 3946 2846 4002 Εἰπὼν
2864 3941 3342 4012 ἀποπερατὼσεις
3359 3940 3480 3995 τῶν
3493 3934 3785 3995 οὐσιωδῶν

2217 4044 2496 4117 moveam
2514 4042 2610 4096 καί
2625 4037 3048 4109 δυνάμεων-,τὸν
3065 4035 3224 4089 αὑτὸν
3247 4033 3612 4087 ὲπανελάόετο
3623 4029 3782 4097 λόγον.

2217 4139 2276 4192 ὃν
2304 4138 2398 4191 καὶ
2429 4137 2533 4206 πρὸ
2564 4131 2759 4204 μικροῦ
2790 4125 2940 4183 εἰπε·
2973 4128 3176 4182 Πάντα
3214 4125 3287 4179 τὰ
3326 4123 3555 4192 πέρατα
3588 4118 3785 4176 πασῶν

2218 4227 2339 4282 τῶν·
2386 4223 2699 4296 τνώσεων·
2755 4219 2790 4291 ἢ
2845 4215 2939 4273 οὖν
2997 4217 3156 4271 τοῦτο
3209 4217 3277 4269 δι’
3307 4215 3580 4285 ἑκατέρας
3615 4209 3784 4281 φωνῆς

2221 4319 2557 4381 ὑποτίθεται,
2593 4319 2732 4386 ὅπερ
2773 4315 2866 4366 καὶ
2918 4309 3324 4384 προπαρετέθη,
3355 4309 3438 4360 ὅτι
3469 4309 3528 4359 ὲν
3565 4305 3645 4376 τῷ
3678 4299 3786 4370 Θεῷ

2221 4415 2371 4471 πᾶσα
2397 4410 2601 4480 γνῶσις
2627 4409 2806 4478 ἀργεῖ,
2844 4406 2939 4458 καὶ
2989 4403 3142 4466 τέλος
3170 4401 3279 4471 ἔχει
3299 4400 3485 4470 πάσης
3514 4401 3784 4468 κινήσεως,

2221 4499 2311 4552 διὰ
2340 4499 2402 4551 τὸ
2429 4499 2528 4567 τῆς
2564 4495 2714 4557 Θείας
2746 4493 2960 4563 φύσεως
2995 4491 3398 4559 ἀκατάληπτον,
3429 4489 3570 4560 ὅπερ
3595 4486 3785 4546 άῖδίως,

534 4593 991 4657 liensibilitatem,
1053 4606 1176 4660 qua:
1229 4604 1445 4658 semper
1493 4595 1549 4642 et
1605 4605 1714 4644 non
1765 4589 1821 4642 in
1877 4599 2113 4660 tempore

2225 4594 2319 4647 καὶ
2345 4592 2446 4643 οὐκ
2478 4591 2536 4641 ὲν
2565 4587 2743 4658 χρόνῳ
2796 4586 2924 4656 περὶ
2965 4585 3134 4654 αὐτὴν
3173 4583 3480 4654 Θεωρεῖταιο
3513 4581 3546 4652 ἢ
3602 4578 3786 4650 μᾶλλον

538 4687 694 4740 circa
725 4685 899 4754 ipsam
928 4682 1185 4748 videtur;
1221 4688 1314 4734 aut
1346 4681 1546 4750 potius,
1582 4679 1702 4736 finis
1729 4690 1783 4736 et
1809 4682 2124 4736 terminatio

539 4795 640 4834 seu
694 4776 962 4848 perfectio
1005 4774 1443 4844 uniuscujusque
1497 4775 1808 4830 essentialis
1858 4775 2126 4846 cognitio-

539 4872 650 4926 nis.
680 4869 776 4924 Haz
805 4877 933 4924 sunt
993 4867 1246 4923 essentia:
1267 4875 1322 4923 et
1343 4868 1572 4923 virtutes
1600 4871 1744 4924 circa
1769 4883 1908 4939 quas
1937 4868 2125 4939 cogni-

541 4961 724 5016 tiones
754 4967 1047 5015 versantur
1071 4977 1085 5026 ;
1121 4975 1262 5030 quas
1291 4962 1562 5016 essentias
1593 4969 1648 5015 et
1674 4962 1908 5015 virtutes
1926 4975 2118 5014 omnes

541 5055 707 5110 simul
735 5062 788 5108 et
821 5069 930 5108 non
956 5053 1296 5124 singillatim,
1328 5055 1422 5109 sed
1449 5053 1738 5110 confertim
1771 5055 1826 5108 in
1854 5051 1965 5106 Deo
1995 5060 2121 5106 ante

539 5148 859 5204 constitisse
889 5149 993 5213 ait;
1038 5147 1336 5202 secundum
1391 5147 1716 5202 ineffabilem
1743 5143 2124 5217 prmcognitio-

541 5242 631 5296 nis
682 5240 805 5310 ejus
846 5239 1137 5306 rationem,
1185 5241 1393 5294 sciente
1452 5239 1878 5310 unumquodque
1932 5250 2123 5292 eorum

544 5349 665 5405 qua:
694 5333 1089 5404 producuntur,
1135 5332 1350 5401 qualem
1393 5333 1707 5386 habiturum
1736 5333 1807 5385 sit
1847 5337 2124 5392 naturam,

542 5435 600 5484 et
653 5427 954 5492 virtutem,
1011 5426 1168 5496 cujus
1233 5429 1471 5482 essentia
1544 5433 1765 5492 supcrat
1827 5418 2123 5476 essentiam

619 5616 647 5646 ι
676 5601 877 5675 Εριιθδς
911 5619 951 5669 ι,
975 5603 1029 5656 4.
1107 5603 1136 5642 ιν
1164 5601 1302 5655 Dan.
1329 5616 1448 5668 xm,
1478 5599 1568 5654 49..
1647 5610 1669 5638 ο
1701 5597 1815 5652 Jer.
1848 5613 1888 5659 ι,
1921 5597 1973 5652 5.

2224 4685 2398 4755 πέρας
2427 4681 2521 4734 καὶ
2577 4677 3015 4749 ἀποπεράτωσις,
3073 4677 3189 4747 ἦτοι
3241 4673 3303 4726 τὸ
3352 4673 3510 4736 τέλος
3568 4671 3788 4738 ἑκάστης

2225 4773 2513 4837 οὑσιώδους
2543 4772 2815 4841 γνώσεως.
2857 4764 3026 4823 Αὖταί
3072 4771 3206 4822 εἰσιν
3235 4768 3291 4820 αἰ
3319 4766 3503 4819 οὐσίαι
3532 4767 3626 4819 καὶ
3652 4762 3790 4818 δυνά-

2230 4884 2370 4940 μεις,
2411 4865 2538 4937 περί
2558 4865 2625 4927 ἃς
2664 4864 2721 4918 αἰ
2748 4860 2998 4932 γνώσεις,
3034 4861 3254 4922 ἅστινας
3290 4858 3476 4922 οὐσίας
3520 4857 3615 4912 καὶ
3641 4855 3792 4910 δυνάο

2230 4977 2350 5033 μεις
2380 4959 2559 5021 πάσας
2597 4957 2713 5027 ἅμα
2738 4956 2832 5008 καὶ
2869 4954 2970 5006 οὐκ
3011 4953 3115 5007 ἀνὰ
3163 4954 3347 5024 μέρος,
3407 4949 3546 5005 ἀλλά
3597 4949 3794 5020 ἀθρόως

2227 5053 2285 5103 ὲν
2311 5050 2390 5121 τῷ
2417 5048 2538 5120 Θεῷ
2593 5045 2999 5120 προϋφεστάναι
3055 5046 3190 5116 φησί
3248 5043 3391 5096 κατὰ
3436 5042 3531 5096 τὸν
3566 5044 3789 5114 ἀρῤητο»

2226 5143 2326 5213 τῆς
2384 5139 2746 5212 προγνώσεως
2774 5138 2821 5169 ⁷⁸
2877 5135 3043 5190 αὑτοῦ
3109 5122 3304 5204 λόγον,
3359 5135 3523 5187 εἰδότι
3583 5135 3784 5186 ’ἑκαστο-

2228 5235 2335 5288 τῶν
2366 5234 2502 5305 πρὸς
2531 5232 2744 5301 γένεσιν
2799 5229 3217 5300 παραγομένων,
3249 5228 3401 5291 ὅπως
3455 5227 3568 5292 ’ἑξει
3596 5224 3774 5295 φύσει»

2231 5327 2324 5380 καὶ
2345 5320 2658 5395 ’δυνάμεωςο
2695 5317 2760 5375 οὗ
2779 5325 2812 5393 ἡ
2857 5321 3013 5374 οὐσία
3041 5320 3362 5392 ὑπερούσιός
3389 5337 3450 5372 τε
3480 5319 3576 5373 καὶ
3639 5312 3793 5378 ὑπερ-

2227 5411 2516 5483 ἀγνωστος.
2534 5415 2732 5469 Ἰστέον
2760 5413 2837 5477 δὲ,
2867 5413 2947 5465 ὅτι
2975 5412 3162 5483 ἕτερον
3195 5409 3350 5463 οὐσία
3376 5411 3474 5465 καὶ
3507 5409 3689 5481 ἕτερον
3715 5401 3786 5456 δύ·

1503 5732 1744 5787 ἾΑΒΙᾸΞ
1778 5727 2169 5786 LECTIONES
2208 5725 2296 5780 ET
2331 5721 2885 5782 CORRECTIONEb.

611 5882 660 5914 τι
679 5880 842 5948 ἕτερα
948 5877 996 5909 ⁷³
1031 5875 1142 5928 καί.
1209 5873 1254 5905 ⁷⁸
1283 5871 1522 5926 Pla'onis
1559 5872 1609 5924 iu
1648 5869 1869 5922 Titmco.

1949 5868 1995 5896 ”
2018 5882 2107 5934 γρ.
2141 5861 2394 5932 γνώσεως
