3874 6548
146 431 222 486 illi
842 425 896 482 S.
931 423 1176 481 MAXIM!
1213 422 1508 480 SCHOLIA
1545 423 1608 478 ΙΝ
1650 421 1780 479 LIB.
1818 419 1910 476 DE
1943 417 2199 476 DlVlNlS
2235 415 2634 476 NOMINIBUS.

3285 414 3393 473 2οε

152 559 307 614 κιμις·
345 543 385 614 ἡ
417 542 523 614 μὲν
545 541 657 614 γὰρ
680 541 786 594 τῶν
815 539 933 598 καθ’
959 538 1129 593 ἑαυτὰ
1178 536 1533 606 ὑφεστώτων·
1569 537 1602 606 ἡ
1631 536 1709 599 δὲ,

1822 541 1872 590 et
1886 531 2276 604 cognitionem.
2293 529 2588 585 Sciendum
2602 506 2766 601 porro
2789 527 2936 583 aliud
2950 544 3074 585 esse
3096 531 3393 588 essentiam

151 637 230 690 τῶν
253 637 306 691 ὲν
344 635 527 708 ἑτέρῳ
563 635 628 688 τὸ
654 630 788 688 εἰναι
821 631 1069 703 ἐχόντων.

203 903 266 958 El
302 900 414 971 γὰρ
437 902 504 954 αὶ
532 897 802 969 γνώσεις.
847 895 1208 970 Ἐπξήγησις
1233 895 1343 950 τῶν
1379 895 1701 968 εἰρημένων.

148 996 315 1059 Καλῶς
343 994 404 1048 δὲ
443 989 602 1047 εἶπεν
623 1009 636 1022 ·
665 994 714 1046 εἰ
756 991 864 1064 γὰρ
893 992 952 1046 αἰ
992 988 1223 1061 γνώσεις
1243 988 1371 1062 περί
1397 989 1496 1054 τὰς
1520 987 1709 1054 οὐσίας

148 1087 308 1144 καὶτὰ
331 1085 470 1142 όντα
500 1086 661 1154 εἰσὶν,
708 1087 736 1139 ὁ
787 1084 920 1149 Θεὸς
947 1085 1002 1138 δὲ
1032 1083 1157 1138 οὔτε
1196 1084 1254 1138 ὲν
1299 1082 1460 1156 οὐσίᾳ.
1500 1081 1625 1136 οὐτε
1654 1099 1707 1136 τι

146 1182 234 1236 τῶν
261 1179 430 1233 ὄντων
485 1179 658 1244 ἐστὶν,
722 1177 948 1242 εἰκότως
995 1177 1090 1232 καὶ
1142 1174 1396 1247 γνώσεως
1448 1175 1708 1230 ὲπέκεινά

146 1276 290 1329 ἐστιν.

203 1450 226 1522 §
255 1448 316 1503 ν.
352 1449 508 1504 Οὔτε
535 1449 857 1518 φαντασία.
895 1447 1120 1520 Ἕτερόν
1147 1449 1265 1502 ἐστι
1293 1445 1581 1518 φαντασία,
1615 1447 1709 1500 καί⁸

144 1543 301 1614 ἕτερον
329 1541 544 1611 νόησις,
575 1541 691 1612 ἦτοι
719 1540 926 1612 νόημαο
959 1539 1067 1593 ἀπό
1095 1555 1153 1592 τε
1189 1539 1297 1611 γὰρ
1325 1538 1596 1610 διαφόρων
1618 1538 1709 1593 δυ-

144 1635 335 1707 νάμεων
366 1634 638 1702 γίνονται,
685 1633 780 1687 καὶ
815 1632 1040 1704 ἰδιότητι
1079 1632 1378 1703 κινήσεωςο
1411 1631 1446 1701 ἡ
1479 1630 1578 1702 μὲν
1599 1629 1709 1702 γὰρ

143 1729 304 1800 νόησις
361 1725 626 1799 ἐνέργειά
669 1727 785 1779 ἐστι
829 1725 924 1780 καὶ
980 1724 1233 1796 ποίησις·
1272 1725 1306 1794 ἡ
1336 1723 1392 1778 δὲ
1439 1723 1708 1792 φαντασία

141 1821 289 1884 πάθος
317 1821 415 1874 καὶ
469 1820 715 1882 τύπωσις
763 1817 1131 1891 ἀναγγελτικὴ
1189 1814 1448 1889 αἰσθητοῦ
1477 1833 1642 1882 τινος,
1673 1815 1707 1888 ἢ

1808 633 1864 680 et
1916 624 2064 680 aliud
2119 623 2418 688 virtutem;
2453 623 2542 676 illa
2590 620 2736 676 enim
2790 627 2876 675 est
2923 635 3114 676 eorum
3144 636 3268 692 quae
3297 638 3396 694 per

1809 731 1870 772 se
1915 715 2263 779 subsistunt,
2336 715 2450 768 haec
2519 727 2652 770 vero
2700 726 2890 768 eorum
2947 727 3070 782 quae
3128 714 3253 769 aliis
3309 715 3386 772 in.

1809 816 1958 864 sunt.

1881 899 2091 956 Etenim
2121 916 2240 953 cum
2270 895 2850 953 notiones.~Enarratio
2877 909 3066 951 eorum
3097 912 3218 968 qua:
3247 898 3393 956 dicta

1809 1001 1960 1051 sunt.
2006 991 2174 1048 Recte
2200 998 2382 1045 autem
2411 989 2548 1043 dixit
2577 1005 2588 1040 :
2624 989 2669 1044 si
2700 989 2844 1044 enim
2874 988 3222 1060 cognitiones
3245 991 3394 1047 circa

1808 1085 2083 1142 essentias
2110 1093 2165 1140 et
2195 1098 2285 1138 res
2325 1082 2652 1138 exsistentes
2683 1089 3006 1148 versantur,
3064 1079 3210 1138 Deus
3265 1098 3396 1139 vero

1808 1194 1986 1250 neque
2035 1178 2106 1234 sit
2138 1177 2196 1232 in
2221 1177 2482 1241 essentia,
2534 1189 2714 1245 neque
2749 1173 2897 1228 aliud
2927 1189 3117 1230 eorum
3151 1191 3273 1246 qua:
3295 1192 3394 1232 ex-

1809 1269 2036 1337 sistunt,
2076 1267 2439 1340 probabiliter
2471 1267 2637 1323 etiam
2694 1280 2914 1322 omnem
2946 1274 3169 1336 superat
3198 1268 3394 1340 cogni»

1807 1361 2038 1416 tionem.

1889 1453 1919 1527 ᾗ
1969 1452 2036 1508 γ.
2071 1451 2255 1524 Neque
2309 1451 2644 1523 imaginatio.
2688 1450 2850 1504 Aliud
2879 1460 2964 1506 est
2991 1450 3308 1521 imaginalio
3342 1459 3397 1508 et

1810 1547 1958 1602 aliud
1981 1547 2223 1618 cognitio
2272 1561 2371 1603 seu
2395 1544 2687 1600 consilium
2722 1561 2736 1597 :
2771 1558 2802 1596 a
2840 1541 3074 1600 diversis
3111 1545 3258 1599 enim
3284 1545 3396 1601 vir-

1811 1639 2022 1696 tutibus
2055 1639 2214 1704 ﬁunt,
2248 1638 2414 1695 etiam
2451 1637 2783 1708 proprietate
2815 1637 3098 1693 motionis.
3132 1637 3270 1694 Nam
3303 1655 3393 1695 co-

1809 1734 2001 1804 gitatio
2020 1741 2107 1790 est
2135 1732 2375 1789 efﬁcacia
2405 1740 2462 1787 et
2488 1731 2769 1802 Operatio;
2813 1731 3132 1803 imaginatio
3165 1748 3294 1788 vero
3311 1741 3398 1792 est

1811 1824 1998 1894 passio
2036 1831 2091 1880 et
2125 1823 2378 1896 ﬁguratio
2406 1823 2743 1880 enuntiativa
2773 1825 2995 1881 sensilis
3017 1827 3274 1897 alicujus,
3304 1838 3394 1884 aut

139 1913 202 1978 ὡς
243 1911 506 1984 αἰσθητοῦ
537 1928 708 1975 τινος·
760 1911 857 1964 καὶ
885 1912 919 1982 ἡ
953 1911 1050 1984 μὲν
1097 1907 1349 1981 αἴσθησις
1379 1905 1709 1979 ἀντιλαμϐάὲ

1822 1921 2073 1985 tanquam
2103 1915 2324 1971 sensilis
2349 1913 2622 1985 alicujus;
2653 1922 2706 1970 et
2738 1930 2934 1972 sensus
2954 1916 3173 1986 quidem
3205 1934 3398 1989 appre-

139 2024 270 2061 νεται
318 2006 432 2060 τῶν
484 2006 656 2059 ὄντων
700 2003 842 2060 κατὰ
882 2003 1085 2076 ἀθρόαν
1117 2002 1426 2075 μόρφωσιν·
1456 2003 1486 2055 ό
1507 2001 1564 2054 δὲ
1584 1999 1708 2064 νοῦς

138 2099 422 2168 ἐφάπτεται
441 2139 458 2161 ,
519 2097 798 2151 τουτέστιν
863 2081 1322 2167 ἀντιλαμϐάνεται
1377 2093 1485 2148 τῶν
1538 2091 1709 2147 όντων

137 2192 290 2264 ἑτέρῳ
317 2191 537 2263 τρόπῳ,
565 2191 660 2243 καὶ
716 2189 817 2260 οὐχ
853 2189 950 2260 οἵῳ
993 2185 1027 2254 ἡ
1076 2187 1356 2260 αἴσθησις.
1414 2187 1552 2258 Περὶ⁴
1611 2186 1709 2257 μὲν

135 2280 216 2337 οὖν
241 2285 299 2337 τὸ
337 2282 656 2354 σωματικὸν
696 2281 729 2351 ἢ
785 2279 848 2333 τὸ
889 2279 1280 2351 πνευματικὸν,
1327 2278 1361 2350 ἢ
1417 2280 1475 2334 ὲν
1504 2273 1583 2350 τῷ
1609 2276 1710 2340 τὰς

137 2377 402 2450 αἰσθήσεις
428 2372 713 2430 εἶναικαὶ
768 2373 960 2446 πρώην
1012 2373 1246 2445 ἔφημεν,
1299 2372 1361 2425 τὸ
1407 2369 1709 2444 παθητικὸν

135 2473 216 2524 καί
260 2470 612 2544 μορφωτικόν
660 2470 776 2522 ἐστι
821 2467 1048 2539 κίνημα,
1103 2467 1166 2520 τὸ
1217 2466 1277 2520 δὲ
1312 2464 1554 2538 κριτικὸν
1616 2463 1711 2516 καὶ

133 2563 534 2636 ἀντιληπτικὸν,
564 2565 631 2635 τῇ
662 2561 806 2633 ψυχῇ
839 2565 931 2616 καὶ
967 2560 1046 2632 τῷ
1076 2559 1152 2631 νῷ
1179 2558 1378 2612 δοτέον.
1416 2555 1588 2610 Τοῦτο
1615 2551 1706 2609 οὖν

133 2657 200 2727 τῷ
241 2658 342 2728 τῆς
393 2655 580 2726 ψυχῆς
633 2651 1007 2725 ἀντιληπτικῷ
1075 2652 1172 2704 καὶ
1226 2648 1290 2702 τὸ
1344 2646 1708 2718 φανταστικὸν

133 2748 433 2804 ὑποστεῖλαι
459 2747 576 2800 δεῖ·
610 2746 899 2818 διαιρεῖται
927 2743 1037 2816 γὰρ
1083 2742 1130 2774 ⁷⁸
1174 2745 1207 2814 ἠ
1243 2738 1581 2810 φανταστικὴ
1629 2739 1709 2801 εἰς

130 2843 266 2914 τρεῖς
299 2841 505 2913 μοίρας
525 2857 540 2870 ·
571 2837 794 2910 πρώτην
826 2837 924 2909 μὲν
955 2838 1036 2899 εἰς
1067 2833 1167 2907 τὴν
1219 2831 1328 2886 τῶν
1371 2828 1708 2902 ἀντιλήψεων

130 2932 488 3003 εἰκονιστικὴν
521 2930 660 3002 πρὸς
684 2929 754 2983 τὰ
805 2928 1062 2982 ποιοῦντα
1111 2925 1375 2997 αἰσθητὴν
1430 2922 1529 2995 τὴν
1560 2921 1709 2975 ἀντί-

129 3020 277 3095 ληψιν
297 3042 310 3055 ·
347 3023 615 3094 δευτέραν
643 3022 702 3075 δὲ
729 3023 830 3093 τὴν
889 3022 955 3075 ὲκ
1008 3020 1118 3072 τῶν
1149 3018 1417 3091 μενόντων
1473 3014 1708 3092 ἔγκατα-

129 3118 440 3190 λειμμὰτων
467 3117 580 3171 ἀπὸ
606 3115 810 3184 τούτων
857 3111 1298 3182 ἁνατυπωτικὴν,
1363 3109 1438 3181 μὴ
1481 3107 1707 3178 ἔχουσαν

129 3210 523 3282 ἐρηρεισμένας
550 3208 642 3261 ὲπί
685 3224 739 3261 τι
767 3206 867 3270 τὰς
921 3205 1157 3268 εἰκόνας,
1194 3203 1261 3273 ἣν
1293 3201 1387 3255 καὶ
1411 3200 1556 3263 ἰδίως
1583 3216 1711 3269 φαν-

128 3305 382 3376 ταστικὴν
446 3301 709 3357 καλοῦσι’
758 3299 948 3373 τρίτην
1017 3299 1076 3352 ὲν
1208 3297 1359 3350 πᾶσα
1410 3293 1573 3366 ἡδονὴ
1611 3291 1706 3346 τοῦ

129 3396 260 3449 κατὰ
288 3394 597 3466 φαντασίαν
648 3391 929 3454 δοκοῦντος
953 3387 1182 3460 ἀγαθοῦ,
1214 3388 1248 3460 ἢ
1285 3387 1567 3450 δοκοῦντος
1610 3403 1709 3439 κα-

129 3489 242 3554 κοῦ,
281 3487 426 3542 κατὰ
453 3486 634 3558 λύπην
689 3484 1026 3538 συνίσταται.
1061 3480 1302 3552 Οὐδεμία
1329 3478 1529 3542 τοίνυν,
1566 3477 1708 3531 καθὰ

129 3581 358 3653 εἴρηται,
406 3576 678 3649 φαντασία
713 3575 896 3648 χώραν
948 3574 1060 3645 ἔχει
1115 3573 1208 3626 ἐπὶ
1263 3570 1396 3624 Θεοῦ
1418 3588 1432 3602 δ
1492 3568 1708 3624 πάντων

128 3675 230 3746 γὰρ
259 3671 601 3740 ἁπαξαπλῶς
657 3671 796 3741 ὑπὲρ
841 3667 1049 3721 ἔννοιάν
1077 3667 1194 3719 ἐστι
1222 3664 1318 3718 καὶ
1346 3663 1702 3735 ὑπέρκειται·

127 3758 247 3834 δόξα
272 3767 331 3820 δέ
359 3767 512 3818 ἐστιν
556 3767 592 3834 ἡ
629 3765 693 3816 ὲκ
739 3761 834 3816 τοῦ
891 3759 1216 3830 φαινομένου
1247 3756 1386 3810 κατὰ
1433 3756 1493 3809 τὸ
1518 3753 1707 3809 δοκοῦν

129 3862 298 3916 τοιάδε
325 3878 410 3934 τις
438 3855 727 3928 ὑπόληψις.

192 4043 345 4096 Οὔτε
369 4037 601 4109 ὲπαφή.
669 4037 918 4109 Ἐπαφὴν
957 4033 1053 4088 νῦν
1083 4050 1214 4103 φησι
1250 4032 1347 4102 τὴν
1381 4028 1575 4102 νοερὰν
1605 4046 1708 4082 κα-

128 4133 390 4204 τάληψιν*
439 4132 537 4186 καὶ
591 4128 702 4202 γὰρ
739 4131 851 4192 τοῖς
906 4129 1116 4198 νοητοῖς
1151 4125 1246 4204 καὶ
1272 4123 1458 4185 ἀΰλοις
1505 4120 1583 4191 τῷ
1635 4118 1712 4190 νῷ

129 4224 436 4297 ὲπιστητῶς
485 4221 887 4283 ἐπιϐάλλοντες,
919 4217 1182 4288 δοκοῦμεν
1227 4214 1416 4285 ὥσπερ
1443 4210 1720 4267 ἅπτεσθαι.

129 4319 326 4382 αὐτῶν,
361 4318 459 4371 καὶ
507 4315 597 4369 διὰ
622 4313 717 4368 τοῦ
744 4313 837 4366 νοῦ
859 4308 1212 4365 αἰσθάνεσθαι
1257 4306 1418 4360 ὁποῖά
1447 4307 1604 4367 εἰσιν,
1636 4303 1712 4366 ὡς

128 4413 216 4465 καὶ
244 4410 336 4466 διὰ
370 4410 474 4481 τῆς
500 4407 648 4477 ἁφῆς
669 4397 798 4459 ’τῶν
840 4402 1145 4463 αἰσθητῶν·
1178 4401 1272 4453 ἐπὶ
1321 4399 1378 4452 δὲ
1424 4397 1558 4451 Θεοῦ
1588 4395 1714 4450 οὐδὲ

128 4505 325 4576 νοεριῖις
346 4498 728 4573 ὲφαπτόμεθα.

205 4595 501 4662 Ἁκαίἠτου
559 4591 658 4646 καί
725 4591 1142 4659 ὑπερωνύμουο
1201 4584 1484 4691 Ἀξίλήτουν
1544 4581 1709 4691 φησξ⁶
1746 4631 1792 4691 D

128 4690 244 4743 ἀντὶ
271 4687 396 4752 τοῦ,
434 4686 512 4759 μὴ
569 4683 904 4755 καλουμένου
954 4681 1061 4736 τινὶ
1106 4678 1476 4751 γνωρίσματιο
1519 4673 1713 4740 Αὐτὸς

127 4782 234 4850 τὰρ
262 4780 442 4836 καλεῖ
465 4779 540 4832 τὰ
558 4776 644 4848 μὴ
676 4777 842 4840 ὄντα,
871 4775 951 4841 ὡς
978 4773 1144 4836 ὄντα,
1175 4771 1250 4835 ὡς
1277 4770 1369 4823 τὸν
1397 4765 1715 4838 Κῦρονπρὸ

127 4875 397 4928 τοσούτων
425 4871 588 4934 ἐτῶν,
616 4870 710 4924 καὶ
747 4869 840 4922 τὸν
897 4867 1127 4920 Ἰωσίαν.

210 4966 364 5022 Ἀλλ’
393 4965 565 5032 ὅπερ.
609 4963 861 5033 Ζητεῖται
898 4962 927 5014 ὁ
989 4959 1130 5027 Περί
1188 4951 1540 5024 θεολογικῆς
1573 4953 1718 5005 ὑπο·

129 5059 450 5124 τυπώσεως
477 5056 656 5124 λόγος.

205 5150 324 5220 Τὴν
346 5151 622 5221 ὀμόθεον.
668 5148 938 5217 Ὁμόθεον
964 5144 1081 5208 πῶς
1129 5143 1283 5211 λέγει
1305 5135 1407 5207 τὴν
1439 5139 1712 5208 παναγίαν

129 5242 356 5312 Τριάδα.
1620 5271 1622 5273 >

85 5324 88 5326 ⁷
211 5332 701 5406 Ἀττελοπρεπεῖς
746 5331 1007 5397 ἑνώσεις.
1053 5326 1236 5382 Εἰπὼν
1283 5327 1412 5397 περὶ
1441 5323 1536 5378 τοῦ
1555 5322 1714 5387 Θεοῦ,

129 5428 209 5482 ὅτι
255 5428 580 5498 ἀνεννόητος
633 5426 768 5498 ἡμῖν
823 5424 940 5476 ἐστι
992 5423 1088 5476 καὶ
1138 5419 1464 5490 ἄφθεγκτος,
1525 5418 1591 5470 ὲκ
1616 5415 1712 5471 τοῦ

129 5520 413 5583 ἐλάττονος
439 5517 628 5571 λοιπὸν
674 5516 736 5571 τὸ
765 5516 894 5586 περί
937 5512 1071 5568 Θεοῦ
1128 5510 1466 5581 συνίστησιν·
1500 5510 1552 5564 εἰ
1605 5507 1715 5580 γὰρ

236 5677 263 5715 ά
310 5675 466 5731 Rom.
504 5691 578 5744 Iv,
614 5673 697 5729 l7.

1810 2007 2002 2063 hendit
2032 2022 2122 2063 res
2168 2007 2468 2063 secundum
2530 2006 2910 2061 formationem
2968 2008 3023 2061 in
3070 2025 3238 2076 unum
3269 2026 3400 2065 coa-

1809 2108 1990 2167 ctam;
2050 2117 2208 2157 mens
2239 2116 2368 2156 vero
2420 2101 2659 2170 attingit,
2693 2099 2746 2154 id
2785 2109 2873 2155 est
2921 2101 3284 2171 apprehendit
3309 2119 3398 2160 res

1811 2193 1920 2246 alio
1950 2192 2134 2260 modo,
2165 2200 2220 2248 et
2242 2207 2351 2247 non
2389 2191 2535 2248 sicut
2578 2207 2798 2248 sensus.
2852 2189 3014 2246 Circa
3071 2207 3398 2266 corporeum

1809 2284 2028 2354 quidem
2056 2293 2112 2340 et
2155 2284 2419 2356 spiritale,
2471 2290 2567 2337 aut
2617 2283 2672 2336 in
2702 2297 2812 2354 quo
2869 2298 3068 2338 sensus
3093 2300 3218 2352 esse
3252 2285 3400 2356 jam-

1810 2375 2019 2431 dudum
2060 2375 2322 2442 diximus,
2354 2374 2636 2447 passibilis
2660 2385 2714 2430 et
2743 2374 3048 2431 formabilis
3078 2384 3162 2432 est
3192 2378 3394 2446 motio;

1809 2467 1946 2522 illud
1995 2475 2202 2535 autem,
2235 2466 2381 2538 quod
2414 2466 2524 2522 vim
2575 2465 2863 2536 judicandi
2892 2473 2947 2522 et
2976 2468 3274 2538 recipiendi
3308 2469 3396 2523 ha-

1810 2559 1926 2626 bet,
1952 2560 2149 2616 animae
2199 2560 2357 2630 102
2388 2569 2441 2615 et
2497 2560 2666 2616 menti
2703 2559 3114 2616 concedendum
3137 2570 3243 2618 est.
3283 2560 3399 2618 Hoc

1810 2651 1979 2724 igitur
2034 2660 2088 2708 et
2143 2651 2560 2723 imaginativum
2620 2651 2691 2706 ad
2741 2652 2998 2706 virtutem
3058 2653 3400 2723 suscipiendi

1811 2745 2009 2799 anima:
2038 2744 2365 2801 contrahere
2415 2752 2668 2815 oportet;
2730 2745 2997 2800 dividitur
3019 2747 3166 2802 enim
3195 2747 3396 2820 imagi-

1809 2836 1976 2892 nandi
2007 2836 2248 2893 facultas
2267 2837 2320 2891 in
2351 2845 2464 2893 tres
2497 2845 2684 2908 partes
2713 2856 2726 2892 :
2775 2838 3008 2909 primam
3055 2839 3299 2909 quidem,
3341 2841 3400 2896 in

1809 2944 1930 2984 eam
1957 2944 2080 2999 quae
2134 2929 2512 3000 receptionum
2559 2929 2825 3001 imagines
2867 2929 3066 2984 format
3092 2931 3148 2985 in
3178 2931 3247 2988 iis
3276 2948 3401 3003 qua:

1811 3015 2069 3077 sensilem
2135 3020 2378 3078 eﬁlciunt
2436 3021 2843 3091 receptionem;
2904 3022 3204 3078 secundam
3239 3009 3396 3090 vero,

1809 3127 1930 3168 eam
1979 3128 2101 3184 qua:
2148 3127 2217 3168 ex
2243 3111 2490 3184 reliquiis
2509 3109 2666 3169 abiis
2695 3114 3046 3170 manentibus
3091 3114 3398 3172 reformare

1811 3207 1978 3274 valet,
2001 3221 2112 3262 non
2150 3206 2362 3266 habens
2393 3205 2598 3262 solidas
2631 3205 2686 3259 in
2709 3203 2894 3276 aliquo
2925 3204 3211 3278 imagines,
3235 3222 3402 3279 quam

1812 3299 2035 3372 pr0prie
2067 3300 2478 3371 imaginativam
2509 3305 2744 3366 vocant;
2801 3297 3045 3364 tertiam,
3080 3298 3136 3353 in
3165 3315 3403 3369 qua'vo-

1810 3394 1994 3464 luptas
2023 3395 2207 3450 omnis
2235 3393 2357 3464 ejus
2389 3393 2536 3464 quod
2591 3391 2894 3449 secundum
2951 3391 3402 3462 imaginationem

1810 3485 2016 3542 bonum
2047 3485 2286 3548 videtur,
2335 3497 2430 3542 aut
2481 3485 2627 3555 quod
2676 3483 2978 3539 secundum
3007 3483 3255 3540 dolorem
3279 3498 3401 3539 ma-

1810 3578 1924 3634 lum
1950 3587 2230 3645 censetur,
2272 3577 2563 3644 consistit;
2614 3577 2763 3630 nulla
2794 3569 2982 3648 igitur,
3008 3577 3152 3632 sicut
3191 3577 3404 3636 dictum

1809 3678 1915 3734 est,
1948 3671 2267 3742 imaginatio
2309 3670 2489 3726 locum
2527 3669 2584 3723 in
2616 3668 2725 3724 Deo
2759 3667 2958 3736 habet;
2991 3676 3078 3725 est
3100 3667 3246 3724 enim
3277 3685 3401 3745 orn--

1811 3761 1945 3817 nino
1984 3776 2153 3832 supra
2184 3761 2432 3816 omnium
2457 3760 2863 3830 cogitationem,
2898 3773 2952 3815 et
3000 3757 3398 3832 supereminet;

1809 3856 1995 3926 opinio
2024 3864 2207 3912 autem
2227 3864 2310 3911 est
2326 3855 2451 3911 talis
2478 3871 2543 3911 ex
2573 3855 2840 3926 probabili
2871 3856 3176 3910 secundum
3205 3856 3403 3914 existi-

1809 3949 2105 4004 mationem
2139 3932 2479 4018 conjectura.

1886 4039 2066 4111 Neque
2090 4050 2284 4095 tactus.
2320 4038 2550 4093 Tactum
2583 4025 2745 4094 modo
2785 4039 3024 4108 appellat
3051 4039 3402 4094 intellectua-

1811 4131 1918 4188 lem
1939 4131 2520 4208 comprehensionem:
2551 4146 2679 4186 nam
2731 4139 2914 4186 mente
2965 4130 3402 4202 intelligibilibus

1811 4231 1868 4279 et
1924 4221 2384 4277 immaterialibus
2443 4221 2861 4287 incumbentes,
2904 4213 3156 4276 videmur
3211 4220 3400 4292 aliquo

1812 4314 1978 4372 modo
2003 4314 2124 4386 ipsa
2176 4323 2402 4386 tangere
2448 4323 2504 4369 et
2547 4328 2644 4385 per
2693 4321 2928 4368 mentem
2980 4313 3187 4368 sentire
3215 4315 3402 4383 qualia

1818 4409 1961 4476 sint,
2005 4408 2149 4462 sicut
2180 4422 2278 4477 per
2309 4414 2624 4463 contactum
2657 4405 2967 4470 sensilium,
3009 4405 3066 4459 in
3113 4403 3225 4461 Deo
3256 4404 3319 4478 [ἱ.
3349 4423 3398 4463 e.

1813 4499 2006 4572 Deum]
2043 4507 2224 4569 autem
2261 4514 2332 4554 ne
2359 4499 2576 4570 quidem
2609 4506 2790 4554 mente
2818 4497 3217 4568 contingimus.
3278 4557 3282 4561 ,

1887 4590 2013 4646 Sine
2041 4590 2250 4644 nomine
2277 4600 2326 4644 et
2357 4606 2520 4658 supra
2549 4606 2752 4644 nomen.
2770 4589 2901 4644 Sine
2930 4589 3177 4649 nomine.
3201 4589 3398 4661 inquit.

1796 4693 1940 4748 pro,
1973 4677 2114 4733 Deus
2147 4678 2296 4732 nulla
2325 4678 2547 4734 notione
2584 4679 2918 4749 appellatur:
2942 4677 3064 4747 Ipse
3083 4681 3222 4734 enim
3243 4692 3396 4735 vocat

1819 4785 1883 4823 ea
1905 4784 2022 4840 qua:
2048 4786 2151 4822 non
2180 4777 2322 4832 sunt,
2358 4781 2610 4839 tanquam
2639 4786 2702 4822 ea
2727 4785 2843 4838 qua:
2881 4777 3004 4824 sunt
3043 4767 3094 4835 ά,
3125 4769 3269 4824 sicut
3294 4770 3401 4840 Cy-

1821 4878 1943 4918 rum
1976 4870 2127 4916 tanto
2163 4871 2289 4916 ante
2313 4869 2578 4932 tempore,
2611 4861 2921 4916 ct-Josiam.

1895 4953 1998 5010 Sed
2034 4963 2111 5008 ut.
2171 4953 2524 5010 Desideratur
2579 4955 2714 5010 liber
2767 4953 2844 5007 De
2888 4953 3180 5026 theologica
3235 4954 3401 5025 hypo-

1823 5047 2011 5116 typosi.
2712 5090 2715 5091 ν
2956 5057 2959 5060 ·

1889 5135 2064 5192 Simul
2096 5135 2285 5191 Deum.
2317 5134 2604 5203 Quomodo
2653 5143 2814 5194 vocet
2841 5139 3248 5203 sanctissimam
3284 5136 3402 5191 Tri-

1816 5231 2039 5293 nitatem
2061 5219 2389 5287 una-Deum.
2451 5212 2454 5214 V
2572 5285 2598 5294 _
3020 5262 3025 5266 -
3304 5296 3307 5298 .

1893 5323 2301 5394 Conjunctiones
2360 5339 2480 5394 qua:
2531 5324 2730 5396 angelis
2784 5324 3115 5379 conveniunt.
3161 5321 3300 5376 Cum
3333 5310 3408 5378 de

1821 5415 2216 5484 Deo-dixisset,
2262 5433 2388 5472 eum
2451 5417 2612 5474 nobis
2673 5432 2800 5474 esse
2838 5413 3320 5484 inconceptibilem
3348 5425 3403 5469 et

1822 5509 2180 5570 ineﬂabilem.
2257 5525 2288 5564 a
2343 5512 2542 5568 minori
2573 5518 2766 5582 postea
2813 5508 3049 5566 deducto
3077 5517 3403 5579 argumento

1088 5770 1322 5832 VARIA‘I
1357 5765 1742 5827 LECTIONES
1776 5764 1865 5823 ET
1881 5765 2432 5834 ‘CORRECTIONES'

186 5919 351 5980 "65.

336 6015 614 6076 ΡΑτιιυι..
650 6009 767 6070 Gn.
803 6013 886 6092 ιν
