3874 6570
123 422 210 477 905
810 412 865 467 S.
907 410 1153 467 MAXIMI
1191 408 1482 466 SCHOLIA
1518 409 1582 463 ΙΝ
1617 430 1627 460 2
1667 412 1700 469 ll

1809 412 1881 466 DE
1912 411 2163 469 DlVlNlS
2196 409 2597 483 ΝοΜιΝιΒυε.

3248 408 3354 464 206

122 548 284 607 γοντα·
323 531 401 585 Ἡ
442 528 623 594 κοῖος
652 528 832 595 τόπος
879 527 987 596 τῆς
1034 522 1460 589 καταπαύσεώς
1521 541 1676 593 pou;

1809 537 1850 580 ιι
1879 527 1974 598 qui
2005 527 2205 595 ubique
2226 526 2317 589 sit,
2348 526 2648 581 secundum
2679 524 3034 595 prophetam;
3089 538 3358 593 nusquam

123 628 163 680 εί
184 624 277 694 γὰρ
311 620 485 692 μόνον
529 616 599 691 ἦν
632 619 929 690 πανταχοῦ,
988 619 1148 682 αὐτὸς
1188 618 1253 672 ἂν
1284 614 1351 689 ἦν
1399 617 1468 670 τὰ
1498 616 1673 670 πάντα

125 716 201 770 καὶ
221 716 273 768 ὲν
301 714 445 766 πᾶσι
475 712 718 771 τοπικῶς
736 729 748 742 ·
781 711 950 773 οὓτως
974 709 1068 765 οῦν
1096 711 1190 764 καὶ
1218 710 1392 776 οὐδὲν,
1424 710 1499 772 ὡς
1533 709 1678 779 ὑπὲρ

125 808 181 861 τὰ
199 806 335 859 ὄντα.

194 1078 335 1133 Ἀλλ’
366 1077 454 1143 ὡς
490 1074 693 1143 πάσης
737 1073 932 1141 ἕξεως.
967 1072 1119 1138 Ἕξις
1176 1071 1273 1144 μέν
1303 1073 1416 1126 ἐστι
1446 1071 1684 1138 διάθεσις

136 1171 368 1242 ίμμονος·
421 1167 643 1238 κίνησις
678 1164 736 1220 δέ
777 1168 891 1220 ἐστι
919 1167 979 1219 τὸ
1007 1164 1567 1235 ἀντιδιαστελλόμενον
1612 1166 1680 1235 τῇ

137 1261 330 1334 ἠρεμίᾳ,
372 1258 519 1330 μετὰ
551 1258 758 1312 πολλῶν
786 1257 1095 1329 τιθέμενονο
1152 1257 1267 1327 ζωὴ
1311 1256 1368 1309 δὲ
1412 1256 1472 1309 τὸ
1514 1253 1684 1309 ταῦτα

137 1354 344 1406 δεικνύον
375 1349 609 1420 ἐνεργά·
660 1348 924 1419 φαντασία
953 1348 1009 1401 δὲ
1033 1349 1092 1401 τὸ
1136 1349 1193 1400 ὲν
1247 1348 1455 1419 διανοίην⁵
1486 1349 1686 1401 ἀνατυ-

140 1444 341 1498 πωτιχόν
364 1460 378 1473 ο
431 1443 563 1509 δόξα
588 1443 645 1495 δὲ
672 1441 1198 1513 πεπληροφορημὲνη
1238 1440 1507 1511 ὑπόληψις
1525 1458 1538 1471 ·
1571 1441 1688 1494 δια-

140 1537 266 1605 φέρει
292 1536 347 1589 δὲ
375 1535 567 1606 νόησις
586 1533 836 1597 διανοίας,
867 1534 948 1586 ὅτι
975 1534 1036 1585 τὸ
1092 1533 1189 1603 μὲν
1241 1533 1386 1586 ἔστιν
1447 1534 1539 1586 ἐπὶ
1594 1532 1688 1586 τοῦ

140 1625 451 1697 διανοητικοῦ
504 1626 604 1695 τῆς
627 1622 838 1695 ψυχῆς,
881 1624 940 1677 τὸ
977 1624 1034 1677 δὲ
1065 1625 1161 1696 τὴν
1212 1622 1305 1678 τοῦ
1351 1625 1690 1696 διανοητικοῦ

141 1720 322 1791 κίνησιν
346 1717 523 1788 δηλοῖ.
561 1714 747 1770 Ταῦτα
771 1717 825 1769 δὲ
858 1716 1034 1770 πάντα
1072 1714 1167 1770 καὶ
1194 1716 1263 1769 τὰ
1290 1717 1421 1771 ἄλλα
1450 1717 1550 1771 ὅσα
1578 1718 1702 1771 τού-

138 1824 231 1871 τοις
254 1805 706 1874 συγκατείλεκται
734 1805 833 1857 οὐκ
858 1804 1014 1856 οὐσία
1073 1806 1240 1867 ἐστὶν,
1283 1804 1417 1858 ἀλλὰ
1453 1807 1582 1877 περὶ
1606 1808 1697 1860 οὐ-

1787 634 1922 674 vero
1977 626 2082 683 est,
2131 618 2432 672 secundum
2486 619 2651 671 alium
2717 616 3029 671 dicentem;
3089 615 3195 669 Aut
3245 618 3360 686 quis

1790 711 1934 764 locus
1981 708 2315 779 requietionis
2367 726 2495 762 mea:
2529 709 2607 761 οἳ
2649 706 2708 762 Si
2763 708 2912 783 enim.
2967 715 3179 761 tantum
3212 714 3362 761 esset

1790 802 2012 872 ubique,
2027 802 2141 872 ipse
2170 799 2417 871 profecto
2437 807 2584 856 esset
2613 800 2795 854 omnia
2824 809 2877 854 et
2906 800 2962 852 in
2990 798 3245 854 omnibus
3277 800 3358 853 lo-

1790 893 1983 948 caliter
2027 913 2040 947 :
2101 893 2183 948 sic
2238 893 2405 964 igitur
2456 901 2509 945 et
2561 891 2728 956 nihil,
2803 898 2860 944 ut
2919 905 3084 961 supra
3135 905 3199 944 ea
3240 907 3361 961 qua:

1792 996 1942 1043 sunt.

1866 1078 2138 1150 Tanquam
2174 1080 2237 1132 ab
2266 1080 2410 1132 omni
2468 1077 2670 1131 habitu.
2732 1071 2963 1132 Habitus
3003 1073 3221 1147 quidem
3277 1080 3362 1131 est

1796 1172 2032 1242 qualitas
2060 1171 2407 1237 immanens;
2461 1178 2640 1224 motus
2674 1178 2851 1224 autem
2898 1179 2981 1223 est
3019 1169 3161 1237 quod
3188 1182 3360 1238 oppo—

1794 1262 1945 1316 nitur
1975 1261 2164 1331 quieti,
2199 1277 2322 1331 quaa
2353 1260 2624 1331 oppositio
2653 1260 2708 1313 in
2738 1259 2923 1313 multis
2975 1256 3134 1331 104
3179 1256 3364 1314 consi-

1798 1353 1891 1410 stit
1918 1372 1931 1407 :
1964 1353 2073 1407 vita
2109 1361 2291 1407 autem
2321 1347 2581 1415 ostendit,
2628 1351 2743 1406 haec
2771 1367 2893 1406 esse
2917 1350 3191 1418 emcacia;
3224 1350 3362 1404 ima-

1797 1442 2000 1513 ginatio
2030 1459 2159 1498 vero
2178 1451 2262 1497 est
2314 1442 2366 1497 id
2421 1442 2565 1510 quod
2599 1428 2655 1494 in
2704 1440 2981 1495 intellectu
3021 1438 3219 1492 format
3241 1454 3366 1509 spc-

1799 1535 1932 1600 cies,
1959 1534 2144 1606 Opinio
2171 1541 2353 1588 autem
2388 1542 2471 1588 est
2505 1541 2765 1603 perSuasa
2814 1531 3146 1601 conjectura.
3179 1528 3367 1583 Diti‘crt

1799 1644 1964 1700 porro
1994 1629 2290 1683 intellectio
2313 1628 2381 1681 ab
2409 1627 2706 1691 intellectu,
2731 1625 2858 1696 quia
2900 1624 2990 1678 hic
3017 1633 3099 1678 est
3127 1623 3183 1677 in
3205 1623 3368 1676 facul-

1803 1728 1913 1775 tate
1946 1720 2278 1791 intelligendi
2309 1720 2523 1781 aninne,
2558 1713 2648 1771 illa
2678 1727 2855 1771 autem
2888 1724 3093 1769 motum
3140 1715 3369 1768 faculta-

1803 1807 1877 1860 tis
1926 1805 2258 1875 intelligendi
2316 1806 2577 1860 declarat.
2637 1802 2760 1857 Hzec
2817 1811 2997 1856 autem
3049 1804 3264 1866 omnia,
3315 1812 3367 1856 et

142 1901 240 1953 σίαν
279 1900 512 1969 ὁρᾶται·
583 1897 706 1950 ὅθεν
781 1898 874 1951 καὶ
916 1897 1107 1950 διεῖλεν
1180 1898 1347 1969 αὐτὴν
1410 1897 1518 1952 ἀπὸ
1572 1900 1693 1952 τού-

1809 1910 2041 1965 ιιυαιψιξε
2074 1893 2160 1950 his
2190 1902 2546 1949 annumerata
2604 1901 2752 1956 sunt,
2813 1906 2921 1946 non
2955 1900 3082 1946 sunt
3109 1890 3367 1952 essentia,

139 2007 246 2045 των.

203 2158 306 2227 Τῆς
353 2159 641 2226 θεαρχίιις
682 2156 986 2224 πρόνοιαν.
1033 2157 1125 2211 Ἐκ
1151 2158 1354 2212 τούτων
1393 2162 1448 2212 αί
1479 2160 1694 2230 ἀνόητοι

142 2250 264 2316 δόξαι
290 2250 577 2304 ἐκλύονται
603 2249 713 2301 τῶν
737 2249 1120 2320 τολμησάντων
1149 2250 1325 2320 λέγειν
1360 2252 1420 2304 τὸ
1438 2252 1628 2321 δημιου
1639 2271 1700 2325 ρ-

143 2343 274 2408 γικὸν
317 2341 482 2412 φύσει
512 2343 619 2394 τινὶ
642 2343 841 2393 ἐνεῖναι
867 2342 944 2411 τῷ
990 2341 1121 2413 Θεῷ,
1182 2342 1261 2406 ὡς
1294 2349 1391 2401 καὶ
1417 2350 1528 2412 τοῖς
1558 2349 1698 2419 ἀρα..

140 2427 289 2495 χνίοις
313 2433 375 2486 τὸ
405 2432 688 2501 ὑφαίνειν·
727 2433 858 2503 φησὶ
890 2434 996 2509 γάρ
1047 2436 1134 2490 διὰ
1168 2438 1334 2508 μόνην
1388 2439 1697 2511 άγαθότητα

146 2527 198 2579 τὸ
215 2529 313 2581 πᾶν
339 2528 691 2597 παραγαγεῖν
719 2525 811 2580 τὸν
854 2525 985 2581 Θεόν
1005 2544 1017 2557 ⁸
1050 2526 1130 2580 διὸ
1159 2528 1253 2581 καὶ
1283 2528 1481 2592 πάντες
1507 2532 1556 2582 oi
1590 2529 1698 2582 θεο-

144 2617 269 2686 λόγοι
310 2620 376 2672 ὲκ
409 2620 512 2689 μὲν
545 2618 654 2670 τῶν
697 2616 859 2670 αὐτοῦ
885 2616 979 2670 τοῦ
1020 2617 1177 2683 Θεοῦ,
1207 2620 1483 2673 τουτέστιν
1504 2621 1567 2672 ὲκ
1596 2615 1697 2686 τῆς

143 2710 307 2773 οὐσίας
328 2708 500 2763 αὑτοῦ
528 2710 590 2761 οὐ
610 2708 875 2778 τολμῶσιν
903 2709 1091 2778 ὑμνεῖν
1111 2709 1289 2762 αὐτόν’
1326 2709 1703 2777 ἀνεπίγνωστα

144 2801 264 2871 γάρ’
313 2801 426 2854 ἀλλ’
459 2802 528 2853 ὲκ
569 2800 670 2868 τῆς
727 2802 808 2863 είς
858 2799 927 2852 τά
975 2800 1080 2867 ἔξω
1144 2800 1392 2872 προόδου,
1427 2802 1548 2871 ἥτις
1581 2798 1704 2854 ἐστὶ

145 2894 370 2964 πρόνοια,
428 2892 505 2946 τὰ
555 2893 804 2955 ainant,
861 2892 1104 2945 τουτέστι
1130 2891 1199 2945 τὰ
1241 2891 1302 2955 ἐξ
1327 2892 1500 2944 αἰτίου
1533 2892 1697 2944 αὐτοῦ

148 2985 420 3045 συστάντα,
448 2984 552 3055 τὴν
603 2983 731 3055 περὶ
786 2982 855 3036 τὰ
899 2983 1076 3036 πάντα
1128 2981 1383 3054 πρόνοιαν
1419 2982 1513 3035 τοῦ
1564 2981 1698 3034 Θεοῦ

145 3076 482 3144 ὑμνολογοῦσι
502 3092 517 3104 ·
577 3074 645 3127 τὰ
705 3073 813 3145 γὰρ
873 3074 1049 3128 πάντα
1103 3075 1205 3145 τῆς
1253 3074 1401 3137 θείας
1445 3073 1702 3144 προνοίας

144 3167 357 3233 ἐφίεται,
387 3168 457 3220 δι’
491 3161 562 3237 ἦς
590 3167 684 3219 καὶ
715 3166 948 3237 ὑπάρχει
979 3166 1074 3219 καὶ⁹
1103 3166 1439 3229 συνίσταται,
1470 3164 1605 3218 ἀλλὰ
1631 3163 1701 3218 τὰ

148 3259 251 3327 μὲν
277 3259 438 3330 νοερὰ
469 3233 567 3311 καὶ
594 3256 786 3325 λογικὰ
811 3233 1151 3325 ⁴γνωεικτικῶς⁸
1184 3255 1346 3326 νοερὰ
1376 3256 1434 3309 δὲ
1461 3254 1697 3323 λέγεται,
1730 3233 1771 3289 C

144 3350 233 3402 ὅσα
256 3350 341 3403 διὰ
370 3350 431 3402 τὸ
459 3348 587 3411 νοῦς
620 3344 777 3412 εἶναι,
835 3351 945 3400 νοεῖ
973 3346 1053 3399 τὰ·
1085 3346 1454 3418 ὑπερκείμενα
1500 3346 1696 3416 νοητά·

146 3441 319 3510 νοητὸν
346 3442 456 3512 γάρ
485 3442 602 3493 ἐστι
628 3439 691 3493 το
719 3440 1024 3510 νοούμενον,
1053 3439 1189 3509 ὅπερ
1233 3439 1328 3492 καὶ
1368 3439 1540 3509 τροφή
1588 3438 1703 3490 ἐστι

145 3531 229 3600 τοῦ
254 3531 439 3602 νοεροῦ
469 3532 592 3585 ἀντὶ
617 3530 806 3583 τούτου
864 3531 1126 3593 νοοῦντος.
1163 3531 1303 3583 Ὅσα
1330 3526 1424 3583 οὖν
1473 3530 1614 3584 κατὰ
1645 3530 1706 3582 τὸ

148 3624 295 3695 νοερὰ
329 3620 467 3677 εἶναι
498 3621 594 3676 ἅτε
626 3622 751 3685 νοῦς
777 3626 906 3685 νοεῖ,
958 3621 1131 3674 ταῦτα
1159 3622 1349 3689 λογικὰ
1381 3621 1530 3684 ὄντα,
1560 3637 1702 3688 γνω-

149 3714 333 3777 στικῶς
361 3713 723 3767 ἐπιϐάλλοντα
756 3715 821 3784 τῇ
847 3712 940 3765 τοῦ
968 3711 1103 3765 Θεοῦ
1147 3714 1393 3783 προνοίᾳ,
1429 3711 1703 3779 ἀναλόγως

146 3805 343 3873 ἐφίεται
374 3805 471 3859 τοῦ
500 3805 664 3858 Θεοῦ·
727 3806 826 3858 ὅσα
854 3806 911 3857 δὲ
940 3803 1247 3875 ὑποδέὸηκε
1279 3803 1348 3856 τὰ
1373 3804 1554 3876 νοερὰ,
1610 3804 1703 3857 καί

147 3899 243 3948 stat
271 3898 415 3968 ψυχὴ
444 3896 757 3967 αἰσθητικὴ,
813 3895 1015 3966 θηρίων
1047 3894 1191 3963 λέγω
1209 3896 1304 3947 καὶ
1347 3896 1584 3960 πάντων,
1610 3897 1708 3965 ὲμ-

146 3986 318 4057 ψύχων
350 3989 448 4059 μὲν
507 3987 792 4057 σωμάτων,
821 3987 1028 4055 ἀλόγων
1052 3986 1107 4039 δὲ
1128 3980 1241 4049 ,ὧν
1272 3988 1305 4056 ἡ
1335 3986 1481 4056 ψυχὴ
1508 3988 1574 4038 ἐκ
1600 3986 1708 4038 τῶν

148 4080 412 4149 στοιχείων
431 4080 529 4132 καὶ
555 4078 651 4132 τοῦ
680 4078 865 4131 ὲνύλιυ
899 4077 1069 4147 πυρὸς
1104 4076 1433 4138 συνεστῶσα,
1466 4078 1525 4129 ἐν
1553 4076 1708 4129 πνεύι

152 4185 268 4237 ματι
294 4171 464 4241 ὲνύλῳ
486 4169 601 4240 ἔχει
631 4170 694 4222 τὸ
720 4165 876 4223 εἶναι·
909 4168 1099 4232 ταῦτα,
1123 4168 1281 4238 μόνον
1308 4169 1373 4221 ἐκ
1393 4168 1492 4238 τῆς
1519 4166 1708 4236 αἰσθή-

149 4272 277 4321 σεως
304 4259 736 4329 συνελαυνόμενα
763 4260 843 4320 είς
863 4258 924 4311 τὸ
951 4260 1138 4327 πεινῇν
1163 4258 1257 4310 καὶ
1285 4256 1466 4326 διψῇν,
1497 4255 1707 4324 ἐφίεται

148 4349 360 4413 εἰκότως
389 4349 665 4420 αἰσθητῶς
719 4348 816 4402 τοῦ
872 4348 1252 4420 χορηγοῦντος,
1282 4348 1359 4411 ὡς
1384 4347 1476 4401 τό·
1506 4347 1711 4402 Πάντα

149 4439 287 4506 πρὸς
316 4441 392 4495 σὲ
428 4440 813 4508 προσδοκῶσι
841 4441 947 4494 τοῦ
971 4440 1181 4494 δοῦναι
1213 4439 1328 4507 τὴν
1354 4438 1584 4508 τροφὴν
1611 4442 1712 4494 αὐ-

149 4529 257 4584 τῶν
289 4536 375 4598 είς
396 4533 705 4601 εὔκαιρον·
743 4534 838 4587 καὶ
881 4533 1106 4587 τοιαῦτα
1127 4532 1293 4587 πολλὰ
1326 4533 1418 4586 καί
1462 4531 1613 4603 παρὰ
1632 4532 1711 4604 τῷ

160 4620 271 4674 ’1ὼὸ
295 4627 387 4678 καὶ
415 4625 495 4695 τῷ
524 4625 685 4677 Δαυὶδ
712 4626 979 4695 εὑρήσεις.
1002 4627 1111 4679 Καὶ
1138 4624 1205 4678 τὰ
1237 4625 1370 4680 ἄλλα
1400 4625 1581 4694 μέντοι
1608 4626 1709 4679 ὅσα

149 4711 238 4783 τὴν
269 4716 502 4786 φυτικὴν
528 4715 647 4785 ἦτοι
674 4715 907 4786 ζωτικὴν
941 4715 1107 4788 μόνην
1154 4716 1496 4788 ἀναισθήτως
1525 4733 1586 4770 τε
1616 4718 1712 4771 καὶ

147 4803 357 4875 adnixa);
383 4806 499 4875 ἔχει
528 4805 761 4875 κίνησιν,
791 4806 867 4868 ὡς
892 4805 961 4859 τὰ
993 4805 1137 4875 φυτὰ
1164 4807 1337 4860 πάντα
1366 4808 1459 4861 καὶ
1492 4807 1711 4878 βοτάναι

149 4897 330 4960 πᾶσαι,
360 4898 521 4951 ἇτινα
557 4897 651 4949 καὶ
702 4896 927 4961 ζωτικὸν
980 4896 1193 4967 πνεῦμα
1241 4898 1398 4968 μόνον
1446 4898 1710 4953 συνιστῶν

149 4984 341 5054 ἔχουσι,
390 4989 492 5058 τὴν
522 4987 729 5040 ἑαυτῶν
773 4988 958 5041 οὐσίαν
1013 4989 1140 5043 ἄνευ
1178 4989 1503 5060 αἰσθήσεως,
1536 4991 1611 5053 ὡς
1642 4990 1711 5043 τὰ

149 5076 331 5151 δένδρα
358 5081 560 5143 πάντα,
589 5080 664 5144 ὡς
696 5080 927 5150 εἴρηται,
990 5080 1084 5133 καὶ
1112 5080 1181 5133 τὰ
1233 5081 1455 5136 τοιαῦτα
1483 5082 1623 5137 κατὰ
1649 5085 1710 5138 τὸ

149 5169 605 5244 ἁποξηραίνεσθαι
631 5170 725 5223 τοῦ
755 5170 982 5249 φυτικοῦ
1012 5172 1317 5242 πνεύματος
1349 5174 1702 5245 στερούμενα,

151 5258 209 5312 δι’
236 5259 296 5317 οῦ
341 5263 617 5317 κινοῦνται
674 5263 810 5334 πρὸς
877 5261 1045 5334 αὔξην
1096 5265 1189 5316 καὶ⁵
1242 5260 1563 5318 εὐθάλειανο
1619 5267 1707 5321 διὰ

155 5351 297 5407 τοῦτο
321 5355 470 5407 δοκεῖ
518 5355 613 5407 καὶ
638 5352 812 5406 ταῦτα
854 5353 1094 5423 ἐφίεσθαι
1122 5356 1222 5425 τῆς
1250 5355 1396 5420 θείας
1431 5360 1707 5430 προνοίας,

156 5439 287 5513 ἑφίξ)
341 5447 435 5500 καὶ
493 5446 810 5499 συνεστάναι
866 5447 960 5500 καὶ
1012 5447 1217 5501 ἀνθεῖν·
1242 5449 1363 5502 ὅθεν
1393 5451 1486 5503 καὶ
1537 5452 1709 5506 ταῦτα

156 5537 627 5607 παραλαμϐάνεται
657 5536 714 5588 ὲν
740 5536 818 5607 τῷ
840 5544 965 5609 ρμη¹
999 5538 1215 5609 ψαλμῷ,
1248 5543 1416 5594 αἰνεῖν
1443 5542 1532 5594 τὸν
1555 5543 1705 5606 Θεὸν,

159 5625 231 5679 διὰ
256 5631 353 5699 τῆς
377 5627 542 5681 αὐτοῦ
574 5629 898 5691 συστάσεως.
919 5631 1146 5699 Μετέχει
1177 5628 1270 5684 οῦν
1298 5634 1392 5686 καὶ
1412 5633 1581 5687 ταῦτα
1613 5636 1711 5705 τῆς

238 5819 261 5847 ε
295 5807 398 5864 lsa.
433 5819 585 5865 Lm.
626 5806 690 5864 ιι
721 5804 838 5862 Act.
868 5816 963 5867 vn,
993 5800 1082 5860 49.
1124 5803 1349 5895 hf‘Psal.
1375 5829 1490 5874 cm.
1521 5818 1609 5875 27.

1802 1986 1896 2039 sed
1946 1986 2091 2039 circa
2127 1986 2419 2041 essentiam
2451 1984 2732 2049 Videntur;
2788 1983 2909 2037 ideo
2951 1995 3167 2051 quoque
3194 1981 3370 2036 abhis

1800 2077 2097 2130 essentiam
2132 2074 2400 2131 distinxit.

1875 2165 2108 2222 Summa:
2172 2166 2391 2220 deitatis
2437 2165 2780 2235 providentia.
2836 2164 2913 2218 Ex
2967 2165 3051 2219 his
3085 2158 3372 2220 solvuntur

1802 2260 1985 2313 stulta:
2039 2258 2401 2329 quorumdam
2458 2258 2740 2325 opiniones
2785 2256 3100 2309 audentium
3166 2255 3368 2320 dicere.

1803 2347 2114 2403 facultatem
2146 2347 2369 2402 creandi
2420 2362 2519 2417 per
2558 2355 2809 2400 naturam
2847 2345 3136 2417 quamdam
3190 2347 3372 2400 inesse

1803 2438 1936 2505 Deo,
1971 2440 2113 2494 sicut
2168 2440 2386 2493 araneis
2438 2446 2657 2503 texere;
2713 2437 2847 2492 dicit
2902 2437 3046 2492 enim
3078 2450 3175 2505 per
3199 2436 3371 2490 solam

1804 2532 2128 2596 bonitatem,
2160 2529 2329 2585 Deum
2354 2538 2552 2584 cuncta
2609 2528 2909 2599 producere
2936 2546 2949 2581 :
2984 2528 3107 2582 ideo
3136 2525 3372 2595 theologi

1805 2638 1995 2679 omnes
2023 2638 2088 2677 ex
2144 2622 2313 2677 rebus
2357 2638 2478 2692 quae
2509 2620 2604 2676 Dei
2634 2629 2795 2685 sunt,
2848 2622 2901 2675 id
2932 2627 3015 2675 est
3044 2636 3106 2674 ex
3133 2619 3253 2688 ejus
3285 2633 3375 2673 es-

1807 2716 2010 2780 sentia,
2044 2730 2152 2770 non
2206 2716 2407 2770 audent
2453 2716 2628 2784 ipsum
2684 2713 2941 2777 laudare,
2993 2712 3191 2782 ignota:
3227 2711 3373 2766 enim

1808 2814 1955 2868 sunt,
1983 2804 2076 2858 sed
2108 2820 2173 2859 ex
2204 2803 2323 2872 ejus
2376 2819 2637 2874 processu
2696 2803 2763 2857 ad
2796 2810 2971 2868 extra,
3011 2800 3105 2870 qui
3134 2809 3217 2854 est
3248 2815 3376 2869 pro-

1804 2895 2064 2959 videntia,
2113 2896 2356 2964 e/fectus,
2416 2896 2469 2948 id
2509 2903 2593 2949 est
2651 2907 2772 2964 qua:
2825 2908 2890 2948 eo
2920 2902 3143 2947 auctore
3191 2893 3375 2947 consi-

1808 2994 1980 3050 stunt,
2030 2986 2125 3041 Dei
2175 2988 2322 3041 circa
2383 2987 2565 3040 omnia
2601 2985 2993 3055 providentiam
3053 2984 3362 3054 praedicant

1806 3075 2000 3133 Omnia
2031 3077 2301 3148 siquidem
2346 3077 2585 3131 divinam
2640 3076 3037 3146 providentiam
3088 3060 3370 3144 appetunt,

1807 3175 1906 3240 per
1936 3185 2096 3240 quam
2151 3179 2278 3225 sunt
2327 3177 2381 3224 et
2428 3168 2758 3232 consistunt,
2810 3165 3164 3235 intelligentia
3208 3172 3262 3219 et
3286 3179 3377 3217 ra-

1808 3262 2055 3327 tionalia,
2095 3275 2193 3330 per
2213 3260 2575 3330 cognitionem
2606 3277 2620 3324 ;
2651 3257 3002 3327 intelligentia
3034 3271 3160 3310 vero
3181 3256 3377 3309 dicun~

1807 3360 1897 3406 tur
1912 3367 2053 3421 quae,
2069 3353 2274 3406 idcirco
2290 3350 2435 3420 quod
2457 3358 2666 3405 mentes
2683 3346 3194 3417 sint,.intelligibilia
3212 3361 3378 3416 supra

1812 3460 1873 3499 se
1900 3446 2074 3514 posita
2089 3442 2416 3513 intelligunt;
2436 3441 2773 3510 intelligihile
2795 3440 2937 3495 enim
2962 3438 3200 3509 estquod
3221 3433 3379 3492 intel-

1812 3534 2016 3606 ligitur,
2034 3534 2178 3604 quod
2192 3536 2355 3590 etiam
2370 3543 2452 3589 est
2475 3534 2632 3588 cibus
2657 3532 2842 3604 νοεροῦ
2859 3530 3253 3602 (intelligentis)
3280 3545 3379 3600 pro

1809 3628 1904 3682 τοῦ
1929 3628 2192 3691 νοοῦντος.
2225 3626 2355 3693 Quae
2386 3626 2573 3697 igitur,
2609 3626 2737 3696 quia
2767 3624 3122 3695 intelligentia
3146 3629 3292 3688 sunt,
3320 3630 3379 3675 ut

1811 3729 2023 3775 mentes
2053 3719 2377 3789 intelligunt,
2414 3717 2622 3782 eadem,
2655 3731 2776 3770 cum
2803 3715 2914 3770 sint
2943 3715 3249 3779 rationalia,
3282 3729 3380 3783 per

1812 3811 2176 3881 cognitionem
2207 3809 2406 3863 divinae
2460 3807 2818 3878 providentia:
2846 3805 3199 3874 intelligentia
3251 3818 3377 3857 cum

1812 3902 2166 3971 proportione
2201 3899 2371 3953 Deum
2412 3903 2673 3967 appetunt
2707 3915 2720 3950 :
2768 3910 2889 3966 quae
2920 3910 3064 3949 .vero
3118 3893 3380 3948 inferiora

1814 4000 1942 4046 sunt
1971 3990 2427 4060 intelligentibus,
2468 3997 2521 4042 et
2554 3995 2682 4042 sunt
2730 3988 2912 4039 anima
2964 3986 3202 4045 sensilis,
3239 3983 3381 4037 fera-

1811 4096 1956 4147 rum,
1988 4082 2227 4150 inquam,
2261 4088 2424 4149 atque
2472 4078 2713 4131 omnium
2765 4075 3126 4130 animatorum
3162 4072 3380 4143 quidem

1813 4187 2105 4244 corporum
2163 4171 2256 4226 sed
2314 4170 2742 4233 irrationalium,
2773 4182 3006 4237 quorum
3051 4169 3229 4219 anima
3264 4165 3378 4219 ele—

1813 4265 2013 4320 mentis
2042 4271 2095 4319 et
2152 4262 2389 4317 naturali
2447 4263 2570 4332 igne
2599 4267 2835 4323 constat,
2869 4260 2943 4321 in,
2986 4259 3182 4330 spiritu
3214 4265 3371 4312 male

1813 4356 1935 4411 riali
1966 4355 2171 4409 habent
2198 4369 2348 4419 esse;
2411 4353 2527 4407 hanc
2568 4351 2745 4407 solum
2797 4366 2864 4404 ex
2897 4364 3059 4406 sensu
3099 4348 3382 4417 compulsa

1816 4449 1883 4502 ad
1916 4446 2266 4504 esurientium
2323 4453 2376 4499 et
2430 4445 2762 4510 sitiendum,
2811 4443 3007 4497 merito
3067 4439 3385 4495 desiderant

1742 4565 1789 4623 υ
1817 4538 2003 4594 sensili
2038 4536 2203 4593 modo
2228 4551 2351 4590 eum
2391 4535 2481 4604 qui
2516 4535 2771 4605 praebeat,
2801 4541 2861 4617 ut
2896 4533 3028 4586 illud
3066 4531 3378 4601 Scriptum:

1820 4629 2013 4686 Omnia
2064 4645 2097 4683 α
2143 4639 2190 4682 te
2237 4638 2536 4696 exspectant
2563 4640 2617 4680 ut
2658 4626 2748 4679 des
2792 4610 2901 4678 illis
2932 4640 3105 4678 escam
3149 4624 3384 4691 ipsorum

1818 4723 1873 4775 in
1906 4731 2131 4789 tempore
2156 4730 2449 4789 opportuno
2470 4718 2515 4773 τ.
2549 4717 2759 4771 Similia
2792 4729 3008 4784 quoque
3028 4715 3199 4768 multa
3231 4728 3386 4782 repe-
3475 4779 3481 4785 _

1816 4814 1929 4869 ries
1977 4814 2033 4869 in
2067 4813 2169 4867 Job
2198 4820 2252 4867 et
2282 4811 2502 4867 Davide.
2552 4810 2723 4864 Porro
2774 4794 2879 4861 alia
2905 4821 3026 4876 qua:
3059 4806 3231 4861 solam
3261 4820 3383 4859 cre-

1815 4904 2006 4959 scendi
2040 4918 2136 4958 seu
2168 4901 2385 4956 vivendi
2416 4900 2720 4955 eli'ectivam
2751 4897 2871 4952 sine
2908 4909 3074 4950 sensu
3122 4903 3175 4947 et
3204 4892 3385 4946 anima

1815 4995 2108 5049 motionem
2162 4993 2384 5055 habent,
2443 4993 2584 5046 sicut
2650 4990 2846 5058 plantae
2891 5001 3080 5041 omnes
3105 4991 3158 5038 et
3203 4983 3386 5041 herba:

1818 5086 2115 5147 universae,
2161 5099 2282 5153 quae
2322 5082 2543 5137 vitalem
2582 5081 2836 5150 Spiritum
2872 5078 3047 5133 solum
3077 5076 3385 5130 consisten-

1816 5184 1924 5230 tem
1955 5177 2173 5238 habent,
2200 5190 2355 5229 suam
2384 5173 2678 5228 essentiam
2708 5172 2828 5226 sine
2852 5186 3037 5233 sensu,
3071 5179 3129 5221 ut
3160 5166 3385 5219 arbores

1819 5283 2028 5330 omnes,
2062 5267 2202 5321 sicut
2231 5264 2437 5317 dictum
2468 5271 2590 5326 est,
2658 5272 2713 5316 et
2767 5262 2970 5317 similia
2996 5299 3010 5322 ,
3072 5272 3194 5311 cum
3253 5269 3386 5308 exa—

1817 5367 2065 5421 rescunt,
2098 5354 2400 5426 vegetativo
2431 5354 2717 5422 privamur
2746 5351 2964 5421 spiritu.
2987 5363 3083 5418 per
3123 5360 3283 5416 quem
3314 5344 3384 5397 ad

1820 5450 2182 5504 accrctionem
2229 5456 2285 5502 et
2338 5444 2788 5516 germinationem
2818 5440 3209 5511 impelluntur;
3261 5436 3387 5492 ideo

1818 5542 1934 5597 htec
1965 5553 2179 5611 quoque
2211 5536 2466 5592 videntur
2500 5535 2655 5605 105
2684 5534 2925 5589 divinam
2985 5527 3383 5598 providentiam

1818 5643 2086 5704 expetere,
2119 5636 2179 5685 ut
2209 5629 2517 5685 consistant
2545 5636 2599 5683 et
2630 5627 2878 5692 ﬂoreant,
2903 5619 3049 5703 unde
3070 5620 3236 5676 etiam
3264 5619 3390 5695 lich
