3874 6554
453 416 569 482 ξῦἾ

1326 416 1656 474 ὶΡΡΕΝὓῐΧ
1693 417 1783 473 AD
1817 416 2048 475 OPERA
2084 417 2142 473 S.
2179 415 2476 472 DIONYSII
2532 415 3022 472 AREOPAGITJZ.

3643 417 3740 479 203

467 548 830 598 assumuntur
861 529 1163 594 i'n'Psa‘imo
1197 551 1403 592 cuvm
1428 576 1441 597 ,
1476 535 1543 588 ad
1601 533 1772 588 Deum
1833 535 2055 588 laudan-

2175 535 2376 603 izpc'ztou
2421 535 2700 605 προνοίας,
2731 536 2866 589 ἀλλὰ
2898 537 3039 589 κατᾶ
3092 535 3252 605 μόνον
3282 537 3343 589 τὸ
3372 537 3493 608 ἦν,
3557 539 3604 590 εἰ
3660 542 3745 594 καὶ

477 635 610 688 dum
647 642 874 705 propter
897 634 1142 702 ipsorum
1191 628 1628 685 consistentiam.
1690 629 1868 698 Atque
1894 629 2062 682 etiam

474 724 592 778 haec
621 722 957 795 participant
990 720 1323 775 ineﬂ‘abilem
1385 718 1786 790 providentiam
1814 760 1831 783 ,
1874 717 1968 772 sed
2009 718 2064 771 in

472 816 590 872 solo
616 815 822 879 vivere,
858 813 961 869 etsi
997 813 1117 868 sine
1151 812 1335 867 anima
1369 820 1424 866 et
1475 826 1642 866 sensu
1672 818 1726 864 et
1761 809 2065 864 secundum

470 907 806 961 habitualem
836 903 1220 975 aptitudinem,
1255 919 1376 974 qua!
1433 909 1519 957 est
1552 902 1861 973 proprietas
1891 901 2067 953 virtu-

470 999 562 1054 tis.
599 996 834 1051 Habitus
890 997 1037 1051 enim
1089 995 1296 1050 dicitur
1328 993 1567 1064 qualitas
1618 993 1946 1055 immanens,
1979 1007 2066 1046 se-

470 1088 712 1145 cundum
739 1104 904 1160 quam
951 1087 1295 1142 affectionem
1324 1095 1377 1140 et
1412 1085 1668 1139 virtutem
1710 1081 1917 1152 aliquid
1975 1082 2063 1136 di-

467 1184 614 1238 citur
643 1183 841 1253 quale;
872 1182 1032 1252 juxta
1064 1182 1210 1234 hunc
1256 1179 1424 1249 igitur
1479 1177 1747 1239 habitum,
1781 1175 1909 1229 vita:
1963 1189 2066 1228 na-

466 1273 662 1330 turalis
693 1273 761 1328 ad
795 1273 1160 1328 accretionem
1191 1281 1400 1325 tantum
1417 1278 1468 1324 et
1488 1269 1785 1323 motionem
1802 1268 2062 1323 substan-

2167 626 2390 696 ἁψὺχως
2423 628 2516 679 καὶ
2549 627 2908 699 ἀναισθήτως,
2959 631 3054 682 καὶ
3084 627 3228 682 κατὰ
3256 630 3354 699 τὴν
3385 631 3611 702 ἐκτικὴν
3638 633 3744 688 ἐπι-

2166 718 2505 788 τηδειότητα,
2535 719 2657 788 ἥτις
2713 720 2860 772 ἐστὶν
2921 719 3118 792 ἰδιότης
3170 721 3268 791 τῆς
3290 721 3600 792 δυνάμεως·
3644 724 3744 790 ἕξις

2167 810 2277 880 γὰρ
2308 810 2523 878 λέγεται
2554 812 2588 880 ἡ
2619 811 2853 881 ἔμμονος
2882 814 3124 884 ποιότης,
3154 813 3274 867 καθ’
3298 815 3363 885 ἣν
3391 814 3633 870 διάθεσιν
3659 821 3752 872 xuii

2169 904 2397 973 δύναμιν
2428 903 2581 956 ποιόν
2614 921 2667 956 τι
2696 904 2912 972 λέγεται
2931 921 2946 934 ·
2995 905 3137 958 κατὰ
3162 905 3366 976 ταύτην
3394 903 3488 960 οὖν
3519 909 3618 979 τὴν
3644 909 3746 973 ἕξιν

2167 997 2268 1067 τῆς
2300 997 2532 1067 φυτικῆς
2574 997 2719 1068 ζωῆς
2763 999 2843 1060 εἰς
2899 997 3128 1069 αὖξησιν
3189 1001 3282 1052 καὶ
3333 1001 3548 1070 κίνησιν
3599 1003 3744 1073 μόνον

2169 1089 2466 1159 μετέχοντα
2517 1088 2826 1152 οὐσιοειδὼς
2869 1107 2928 1142 τε
2984 1092 3080 1143 καὶ
3118 1091 3386 1156 ἑκτικῶς,
3438 1093 3662 1164 oculis;
3696 1096 3746 1149 δὲ

2165 1181 2259 1232 καὶ
2309 1181 2672 1253 ἀναισθήτως,
2711 1182 2930 1251 λέγεται
2959 1184 3207 1253 ἐφίεσθαι
3269 1187 3369 1257 τῆς
3412 1187 3746 1258 ἀγαθότητος

2162 1272 2258 1324 τοῦ
2286 1272 2442 1326 Θεοῦ.

464 1368 668 1424 tialiter
723 1374 779 1422 et
829 1365 1215 1432 habitualiter,
1263 1363 1358 1420 sed
1419 1364 1540 1417 sine
1583 1361 1767 1414 anima
1805 1369 1860 1416 et
1900 1377 2068 1416 sensu
2097 1366 2505 1437 participantia,
2540 1368 2802 1422 dicuntur
2848 1368 2942 1424 Dei
2976 1369 3279 1424 bonitatem
3323 1371 3589 1441 (divinam
3628 1388 3745 1443 pro-

464 1460 792 1532 videntiam)
825 1458 1162 1514 desiderare.

543 1553 903 1625 Intelligentia
930 1551 1158 1623 quidem.
1195 1549 1556 1620 Intelligcntia
1580 1547 1825 1620 quidem,
1851 1548 2060 1618 angeli-

463 1663 587 1703 cam
617 1653 873 1700 naturam
900 1663 914 1708 ;
938 1643 1228 1699 rationalia
1259 1659 1388 1699 vero
1419 1642 1717 1696 humanam
1750 1640 1885 1696 dicit
1918 1654 1933 1692 :
1970 1639 2061 1693 his

465 1750 648 1796 autem
663 1738 1354 1810 subjecta,irrationalem,
1387 1735 1477 1790 cui
1503 1735 1706 1791 sensile
1734 1741 1947 1788 tantum
1977 1734 2062 1786 in-

463 1844 550 1892 est
583 1852 595 1886 :
627 1833 861 1904 ideoque
917 1831 1191 1902 αἰσθητῶς
1226 1830 1386 1895 dixit,
1424 1829 1480 1884 id
1515 1835 1600 1884 est
1639 1827 1803 1882 modo
1833 1826 2058 1891 sensili;

462 1930 661 1979 caetera
695 1930 898 1987 autem,
926 1920 1138 1976 scilicet
1167 1919 1388 1988 planta},
1432 1925 1488 1971 et
1515 1917 1700 1971 omnia
1733 1917 1972 1970 inanima
2010 1925 2062 1970 et

445 2014 790 2081 immobilia,
839 2014 953 2068 haec
977 2011 1198 2084 quidem
1233 2012 1308 2065 ait
1343 2008 1646 2066 secundum
1677 2009 1899 2064 vitalem
1940 2023 2061 2062 mo-

445 2109 693 2173 tionem,
754 2107 809 2162 id
853 2115 939 2163 est
992 2104 1312 2160 nutritivam
1357 2110 1411 2158 et
1457 2110 1896 2168 accrescentem;
1945 2101 2062 2155 haec

459 2202 607 2256 enim
668 2200 835 2257 etiam
897 2200 955 2254 in
1017 2199 1222 2269 plantis
1271 2197 1496 2259 insunt;
1555 2196 1800 2250 inanima
1855 2203 2059 2260 autem,

457 2310 526 2350 eo
581 2293 728 2364 quod
774 2293 830 2347 in
879 2307 939 2346 se
991 2291 1127 2362 ipsis
1184 2290 1421 2344 habeant
1453 2288 1704 2345 absolute
1743 2303 1915 2344 esse:
1960 2289 2062 2342 hoc

456 2387 736 2458 "siquidem
769 2384 1106 2440 essentialem
1135 2393 1183 2436 et
1213 2381 1538 2435 habitualem
1569 2379 1932 2450 aptitudinem
1967 2395 2063 2434 vo-

461 2481 630 2535 cavit.

538 2570 606 2626 Ut
637 2582 913 2626 internum.
946 2566 1084 2622 Vide
1111 2566 1389 2636 quomodo
1431 2569 1720 2636 perspicue
1751 2579 1814 2619 ex
1853 2562 2057 2618 eli‘ecti-

461 2664 566 2719 bus
627 2670 681 2718 et
741 2659 1037 2724 creaturis,
1102 2673 1421 2729 supremum
1476 2655 1722 2712 omnium
1790 2653 2055 2708 laudant:

461 2765 721 2811 aeternum
763 2752 1331 2824 quidemdicunteum
1369 2750 1464 2822 qui
1495 2749 1700 2804 saecula
1726 2747 1962 2814 creavit;
2006 2755 2060 2802 et

462 2863 656 2920 reapse
685 2854 772 2904 es‘.
793 2845 1098 2910 aeternitas,
1135 2843 1409 2914 siquidem
1443 2843 1560 2914 ipse
1607 2849 1690 2897 est
1712 2842 1761 2896 is
1791 2841 1883 2912 qui
1915 2855 2061 2896 sem-

460 2957 559 3013 per
583 2940 823 3004 exsistit,
862 2938 1010 2994 unde
1029 2947 1084 2993 et
1103 2936 1386 2993 aeternitas
1415 2935 1761 3000 nominatur;
1790 2941 2056 2989 aeternum

460 3043 646 3087 autem
682 3039 790 3096 est,
843 3045 957 3085 non
996 3031 1119 3102 ipsa
1155 3027 1458 3092 aeternitas,
1487 3026 1583 3083 sed
1610 3025 1755 3096 quod
1781 3025 2059 3080 azternita—

459 3131 570 3179 tem
604 3123 900 3192 participat
939 3138 954 3173 :
992 3132 1156 3191 atque
1193 3120 1364 3176 Isaias
1391 3119 1527 3173 dicit
1563 3137 1577 3173 :
1617 3117 1754 3171 Deus
1785 3117 2059 3185 sempiter-

2234 1549 2310 1602 Τὰ
2337 1548 2455 1616 μὲν
2502 1550 2698 1617 νοεμὶ.
2737 1549 2917 1620 Νοερὰ
2953 1549 3052 1621 μὲν
3094 1551 3192 1621 τὴν
3230 1551 3528 1626 ἀγγελικὴν
3562 1557 3743 1626 eum

2159 1640 2354 1709 λογικὰ
2383 1640 2440 1694 δὲ
2478 1643 2576 1712 τὴν
2610 1641 2958 1713 ἀνθρωπίνην
2995 1642 3126 1714 φησί
3146 1659 3160 1669 δ
3194 1642 3266 1696 τὰ
3295 1644 3351 1697 δὲ
3376 1647 3585 1700 τούτων
3609 1651 3749 1720 ὕφει-

2164 1733 2320 1804 μένα,
2358 1734 2456 1805 τὴν
2485 1735 2699 1803 ἄλογον,
2736 1729 2876 1806 ᾗτινι
2932 1735 3091 1805 μόνον
3130 1735 3192 1788 τὸ
3232 1738 3549 1810 αἰσθητικὸν
3587 1743 3746 1813 πρόσ-

2163 1842 2300 1887 εστι,
2343 1825 2425 1878 διὸ
2475 1828 2568 1880 καὶ
2595 1826 2893 1895 αἰσθητῶς
2913 1823 3055 1892 εἷπε,
3085 1829 3362 1883 τουτέστιν
3390 1832 3746 1905 αἰσθητικῶς·

2164 1917 2232 1971 τὰ
2275 1918 2331 1971 δὲ
2372 1917 2528 1982 ἄλλα,
2575 1920 2740 1990 ἤγουν
2782 1919 2851 1972 τὰ
2892 1937 3057 1989 φυτα,
3092 1922 3185 1975 καὶ
3216 1923 3314 1975 ὅσα
3357 1924 3537 1993 πάντη
3576 1927 3749 1997 ideo);

2165 2011 2258 2063 καὶ
2275 2011 2535 2082 ἀκίνητα,
2569 2011 2638 2063 τὰ
2673 2011 2772 2082 μέν
2807 2029 2940 2083 φησι
2973 2013 3113 2066 κατὰ
3134 2015 3231 2084 τὴν
3263 2015 3501 2086 ζωτικὴν
3521 2017 3745 2090 κίνησιν,

2162 2105 2408 2158 τουτέστι
2428 2107 2525 2176 τὴν
2549 2106 2848 2177 θρεπτικὴν
2867 2125 2926 2161 τε
2956 2109 3051 2162 καὶ
3082 2109 3377 2183 αὐξητικήν
3396 2129 3408 2142 ·
3444 2111 3621 2167 ταῦτα
3649 2114 3748 2185 γὰρ

2162 2193 2225 2265 δὴ
2258 2195 2317 2248 ὲν
2349 2198 2457 2257 τοῖς
2483 2198 2669 2264 φυτοῖς
2693 2197 2944 2267 πρόσεισι
2963 2215 2978 2228 ’
3020 2199 3089 2254 τὰ
3115 2201 3172 2254 δὲ
3199 2200 3382 2270 ἄψυχα
3417 2204 3476 2255 ὲν
3507 2202 3588 2273 τῷ
3616 2203 3748 2274 ἔχειν

2163 2283 2220 2336 ὲν
2253 2284 2463 2348 ἑαυτοῖς
2493 2283 2555 2337 τὸ
2583 2284 2720 2348 ὅλως
2759 2279 2900 2338 εἶναι
2920 2304 2932 2316 ⁸
2968 2287 3126 2341 τοῦτο
3155 2289 3263 2361 γὰρ
3295 2285 3452 2345 εἶπεν
3488 2289 3744 2360 οῠσιώδη

2158 2373 2261 2424 καί
2291 2373 2539 2441 ἐκτικὴν
2565 2374 2999 2448 ἐπιτηδειότητα.

2246 2578 2341 2643 Ὠς
2368 2577 2628 2631 αἰώνιον.
2669 2578 2810 2648 Ὅρα
2859 2578 2978 2642 πῶς
3022 2579 3209 2649 σαφῶς
3258 2583 3322 2634 ὲκ
3350 2582 3460 2635 τῶν
3497 2583 3747 2638 αἰτιατῶν

2163 2672 2257 2725 καὶ
2302 2669 2537 2724 κτιστῶν
2585 2671 2676 2724 τὸν
2723 2672 2979 2725 ἁπάντων
3020 2671 3292 2726 ἀνώτατον
3343 2674 3744 2745 ὑμνολογοῦσιν·

2161 2763 2402 2818 αἰώνιον
2437 2764 2536 2835 μέν
2558 2764 2602 2796 ⁸¹
2647 2781 2780 2833 φασι
2817 2765 2909 2818 τὸν
2943 2765 3052 2818 τῶν
3084 2765 3296 2819 αἰώνων
3329 2768 3585 2840 ποιητὴν,
3653 2781 3739 2833 καὶ

2159 2854 2238 2925 τῷ
2268 2854 2381 2908 ὄντι
2411 2853 2605 2918 αἰῶνα,
2647 2853 2763 2924 εἴγε
2809 2858 2839 2908 6
2879 2855 2967 2909 ἀεὶ
3011 2854 3087 2909 ὢν
3118 2857 3283 2919 αὑτός
3313 2859 3483 2923 ἐστιν,
3512 2859 3636 2914 ὅθεν
3662 2861 3748 2914 καὶ

2161 2943 2294 2998 αἰὼν
2319 2945 2560 3013 λέγεται,
2593 2943 2887 2998 αἰώνιονδὲ
2916 2946 3064 2999 ἐστιν
3097 2946 3198 2998 οὐκ
3229 2947 3391 3009 αὐτὸς
3418 2947 3448 3000 6
3481 2947 3636 3014 αἰὼν,
3655 2949 3746 3002 ἀλ-

2160 3037 2228 3090 λὰ
2251 3037 2313 3089 τὸ
2344 3037 2538 3099 αἰῶνος
2572 3035 2824 3106 μετέχον·
2847 3037 2942 3090 καὶ
2970 3036 3100 3105 γοῦν
3124 3053 3289 3109 φησιν
3320 3039 3349 3090 6
3372 3037 3611 3102 Ἡσαΐας
3628 3055 3642 3070 ·
3686 3034 3747 3093 ’ὓ

2163 3129 2307 3193 Θεὸς
2330 3131 2363 3181 ό
2394 3126 2632 3193 αἰώνιος
2663 3131 2696 3180 ό
2726 3127 3190 3194 κατασκευάσας
3209 3128 3283 3182 τὰ
3311 3127 3466 3196 ἄκρα
3487 3128 3600 3197 τῆς
3617 3129 3742 3199 γῆς·

460 3232 560 3270 nus
617 3215 708 3287 qui
747 3214 943 3268 creavit
1001 3213 1250 3266 terminos
1295 3222 1449 3265 terra:
1467 3212 1514 3275 l3;
1555 3208 1699 3264 Deus
1728 3216 1910 3263 autem
1949 3223 2055 3262 non

2175 3222 2192 3273 5
2219 3219 2277 3273 δὲ
2310 3219 2442 3282 Θεὸς
2473 3219 2535 3272 οὐ
2567 3217 2821 3291 δεύτερός
2847 3222 2963 3274 ἐστι
3005 3219 3101 3273 τοῦ
3131 3220 3343 3286 αἰῶνος,
3369 3222 3458 3274 ἴνα
3491 3223 3586 3275 καὶ
3620 3239 3746 3292 μετ-

460 3315 547 3364 est
587 3306 866 3378 posterior
894 3304 1220 3367 aeternitate,
1247 3309 1308 3356 ut
1337 3302 1502 3358 etiam
1535 3301 1606 3356 de
1636 3316 1698 3357 ea
1731 3301 2054 3372 participet;

459 3400 562 3457 sed
593 3400 926 3456 saeculorum
959 3403 1199 3452 creator.

539 3491 610 3546 Ut
654 3507 760 3545 non
790 3497 1159 3544 senescentem.
1197 3485 1510 3562 Secundum
1542 3486 1676 3540 illud
1709 3503 1722 3537 :
1770 3486 1849 3539 Tu
1881 3497 2054 3540 autem

462 3586 605 3640 idem
640 3585 750 3654 ipse
778 3599 856 3647 es,
887 3591 938 3636 et
968 3582 1095 3635 anni
1128 3581 1206 3634 tui
1234 3596 1338 3634 non
1366 3579 1610 3648 deﬁcient
1633 3580 1682 3634 ιι.

541 3676 612 3730 Ut
639 3677 696 3730 in
728 3691 867 3729 aura
902 3675 1066 3728 tenui.
1099 3671 1216 3727 Hoc
1249 3682 1358 3738 est,
1390 3671 1536 3743 quod
1573 3671 1775 3726 dicitur
1808 3669 1864 3722 in
1903 3668 2057 3724 libris

461 3769 698 3842 Regum,
751 3783 857 3823 non
913 3767 969 3820 in
1001 3767 1352 3820 commotione
1402 3765 1660 3819 Dominus
1700 3766 1744 3827 ί,
1786 3777 1965 3832 neque
1998 3761 2058 3817 in

461 3863 610 3917 nube
661 3860 837 3915 adfuit
883 3857 1172 3922 Dominus,
1211 3865 1270 3913 ut
1312 3858 1631 3926 loqueretur
1674 3854 1827 3918 Elite,
1881 3853 1972 3909 scd
2001 3855 2058 3908 in

460 3954 619 4010 sibilo
649 3969 798 4007 ουτω
829 3953 998 4018 tenui,
1022 3958 1181 4007 vocat
1211 3949 1476 4005 Dominus
1508 3968 1520 4004 :
1555 3949 1660 4003 hoc
1684 3961 1848 4019 porro
1869 3953 2055 4003 osten-

460 4048 565 4113 dit,
582 4061 708 4103 eum
723 4045 910 4100 dicere
929 4043 1102 4099 Deum
1125 4058 1250 4099 esse
1278 4059 1500 4112 quoque
1521 4043 1579 4098 in
1604 4055 1859 4110 corpore,
1874 4039 1970 4110 qui
1997 4039 2056 4093 in

461 4136 725 4194 omnibus
747 4134 1318 4206 incomprehensibilis
1337 4141 1423 4188 est
1441 4152 1456 4199 ;
1484 4132 1713 4203 spiritus
1741 4132 1889 4187 enim
1909 4138 1964 4187 et
1984 4131 2055 4186 ab

461 4228 724 4286 omnibus
745 4227 1185 4282 communicatur
1208 4233 1262 4281 et
1289 4233 1373 4281 est
1404 4226 1459 4279 in
1482 4225 1760 4287 omnibus,
1786 4239 1964 4294 neque
1985 4224 2055 4278 ab

463 4322 579 4377 ullo
644 4318 1164 4390 comprehenditur,
1228 4319 1374 4373 sicut
1421 4318 1584 4372 etiam
1655 4316 1923 4371 Dominus
1977 4316 2054 4369 ait

465 4414 521 4468 in
591 4411 905 4482 Evangeliis
981 4428 993 4461 :
1050 4409 1284 4480 Spiritus
1335 4419 1412 4463 est
1471 4407 1655 4472 Deus;
1722 4418 1770 4462 et
1825 4427 1912 4463 eos
1964 4410 2054 4476 qui

467 4505 696 4560 adorant
748 4521 902 4569 eum,
951 4504 1005 4556 in
1043 4504 1236 4573 spiritu
1293 4512 1341 4556 et
1405 4503 1621 4556 veritate
1670 4513 1867 4569 oportet
1919 4502 2049 4556 ado-

465 4613 588 4650 rare
613 4598 661 4649 ι.

542 4687 704 4758 106
747 4685 814 4739 Et
863 4689 1072 4740 nomine
1121 4702 1320 4740 carere.
1379 4685 1626 4742 Nominis
1665 4687 2048 4756 privationem,

466 4781 595 4850 quia
646 4787 731 4834 est
769 4781 976 4842 omnia,
1031 4786 1087 4834 et
1138 4779 1274 4833 nihil
1325 4787 1409 4834 est
1467 4793 1656 4833 eorum
1717 4793 1838 4850 qua:
1890 4787 2048 4835 sunt:

468 4872 565 4928 sed
613 4871 800 4925 omnia
849 4886 915 4924 ex
968 4872 1089 4944 ipso
1138 4879 1288 4929 sunt.
1341 4871 1481 4926 sicut
1524 4871 1641 4941 ipse
1686 4873 1926 4942 seipsum
1957 4888 2052 4927 ex-

466 4963 636 5034 plicat
659 4963 702 5015 1.

542 5053 612 5108 Ut
659 5054 942 5123 principio.
1008 5053 1286 5127 Principio
1343 5056 1586 5128 quidem,
1636 5064 1696 5112 ut
1749 5056 1895 5127 quod
1932 5071 2056 5111 esse

466 5147 745 5216 praebeat;
772 5146 880 5201 ﬁne
925 5155 1105 5202 autem
1141 5157 1198 5202 ut
1226 5149 1371 5218 quod
1402 5150 1458 5204 in
1489 5165 1612 5206 esse
1637 5157 1944 5205 conservet.

539 5323 735 5379 Omnia
756 5326 812 5379 in
840 5325 1104 5382 omnibus.
1168 5325 1362 5382 Omnia
1392 5335 1572 5384 autem
1600 5343 1721 5398 qua:
1749 5333 1898 5386 sunt,
1924 5322 2053 5392 quia

467 5429 531 5468 ex
562 5418 683 5484 ipso
705 5426 830 5473 sunt
867 5418 1072 5473 omnia.

541 5591 568 5629 ⁸
591 5588 696 5643 lsa.
736 5605 825 5653 xu,
852 5590 943 5647 28.
1021 5593 1048 5632 λ
1077 5591 1223 5650 Psal.
1251 5609 1326 5652 cu.
1358 5594 1450 5648 28.

1564 5594 1579 5632 ί
1616 5591 1686 5647 Ill
1718 5591 1850 5662 Reg.
1888 5605 2002 5650 xix,
2036 5589 2120 5644 11.

2165 3308 2264 3381 ἐχῃ
2297 3307 2484 3373 αὑτοῦ,
2507 3308 2621 3361 ἀλλ’
2654 3307 2866 3362 αἰώνων
2894 3311 3142 3381 ποιητής.

2242 3505 2339 3568 Ὠς
2379 3501 2596 3570 ἀγήρω.
2643 3500 2799 3554 Κατὰ
2828 3501 2918 3553 τό·
2955 3499 3038 3553 Σὺ
3066 3497 3136 3550 δὲ
3163 3502 3196 3552 ό
3223 3497 3406 3564 αὐτὸς
3436 3499 3510 3562 εἰ,
3546 3499 3642 3553 καί
3676 3498 3746 3552 τὰ

2157 3593 2262 3659 ἐτη
2285 3591 2400 3646 σοῦ
2423 3594 2535 3645 οὐκ
2562 3591 2979 3659 ἐκλείψουσιν.

2242 3685 2338 3749 Ὧς
2387 3684 2457 3736 ἐν
2488 3684 2661 3751 αὔρᾳ.
2701 3681 2872 3735 Τοῦτό
2921 3683 3036 3734 ἐστι
3083 3681 3145 3734 τὸ
3171 3681 3459 3753 εἰρημένον
3492 3683 3552 3734 ὲν
3582 3681 3745 3734 Βασι-

2157 3775 2346 3841 λείαις,
2373 3776 2456 3829 δτι
2486 3776 2626 3828 οὔτε
2647 3775 2718 3828 ἐν
2745 3773 2825 3839 τῷ
2851 3771 3378 3842 συσσεισμῷ,οὕτε
3402 3775 3462 3827 ὲν
3489 3776 3557 3845 τῇ
3586 3772 3745 3842 νεφέ-

2157 3864 2226 3939 λῃ
2255 3865 2586 3936 παρεγένετο
2608 3867 2637 3918 6
2666 3863 2868 3934 Κύριος
2883 3862 3110 3932 λαλῆσαι
3133 3863 3212 3932 τῷ
3242 3862 3425 3934 Ἡλίῳ
3457 3862 3620 3916 ἀλλὰ
3637 3879 3746 3931 φω-

2156 3958 2237 4026 νῇ
2265 3959 2453 4027 αὔρας
2480 3956 2676 4024 λεπτῇ
2700 3957 2859 4011 καλεῖ
2881 3959 2910 4010 6
2938 3958 3141 4027 Κύριος
3159 3972 3173 3986 ο
3205 3955 3367 4008 τοῦτο
3385 3955 3445 4008 δὲ
3471 3955 3640 4026 δηλοῖ,
3660 3955 3748 4007 ὅτι

2158 4054 2252 4106 καί
2283 4054 2340 4105 ὲν
2375 4051 2588 4123 σώματί
2622 4067 2786 4122 φησιν
2814 4047 2952 4103 εἶναι
2984 4048 3076 4102 τὸν
3095 4049 3248 4111 Θεὸν,
3279 4049 3371 4101 τὸν
3402 4049 3460 4101 ὲν
3488 4051 3602 4112 τοῖς
3633 4048 3745 4101 πᾶ-

2157 4164 2241 4201 σιν
2265 4146 2655 4217 ἀπερίληπτον
2689 4146 2724 4215 ἡ
2750 4143 2860 4216 γὰρ
2892 4142 3026 4214 πνοὴ
3059 4141 3156 4195 καὶ
3178 4141 3331 4212 παρὰ
3361 4143 3580 4195 πάντων
3613 4158 3746 4212 μετ--

2157 4239 2357 4309 έχεται,
2393 4240 2488 4292 καί⁵
2523 4239 2581 4290 ὲν
2612 4237 2777 4290 πᾶσίν
2816 4238 2952 4297 ἐστι,
2983 4236 3078 4288 καὶ
3109 4235 3240 4305 παρ’
3269 4233 3484 4298 οὐδενὸς
3516 4236 3746 4305 ἐμπερι-

2155 4328 2512 4401 λαμϐάνεται,
2549 4328 2626 4392 ὡς
2667 4329 2762 4381 καὶ
2791 4329 2849 4380 ὲν
2881 4325 3235 4395 Εὑαγγελίοις
3263 4325 3428 4396 φησὶν
3459 4327 3489 4378 6
3509 4325 3743 4397 Κύριος

2154 4419 2399 4488 Πνεῦμα
2431 4422 2464 4472 ὀ
2499 4417 2664 4483 Θεὸς,
2694 4416 2793 4470 καί
2831 4415 2974 4482 τοὺς
3010 4415 3509 4484 προσκυνοῦντας
3556 4415 3747 4470 αὑτὸν

2156 4512 2226 4564 ἐν
2251 4511 2539 4578 πνεύματι
2570 4509 2668 4562 καὶ
2695 4510 2946 4577 ἀληθείᾳ
2974 4508 3070 4561 δεῖ
3095 4507 3483 4577 προσκυνεῖν.

2226 4685 2338 4738 Καὶ
2364 4685 2430 4738 τὸ
2457 4683 2794 4752 ἀνώνυμον.
2847 4681 3148 4752 Ἀνώνυμον
3177 4681 3263 4736 διὰ
3290 4681 3352 4733 τὸ
3391 4680 3568 4734 πάντα
3600 4676 3748 4734 εἶναι

2155 4780 2248 4830 καὶ
2287 4777 2450 4848 μηδὲν
2480 4777 2589 4829 τῶν
2616 4774 2783 4828 ὄντων
2818 4771 2977 4839 εἶναι,
3012 4775 3148 4830 ἀλλὰ
3171 4776 3349 4829 πάντα
3377 4774 3438 4839 ἐξ
3467 4773 3630 4828 αὑτοῦ
3662 4771 3745 4826 εἷ-

2155 4885 2262 4930 ναι,
2289 4868 2365 4930 ὡς
2397 4869 2559 4931 αὐτὸς
2586 4869 2778 4922 ἑαυτὸν
2807 4867 3098 4937 ἐξηγεῖται.

2242 5047 2336 5110 Ὠς
2388 5043 2598 5113 ἀρχῆς.
2669 5044 2866 5116 Ἀρχῆς
2923 5044 3042 5114 μὲν,
3111 5043 3187 5105 ὡς
3246 5041 3306 5093 τὸ
3361 5036 3502 5095 εἶναι
3559 5055 3746 5108 παρα-

2157 5135 2426 5208 σχομένης
2459 5151 2471 5162 ·
2531 5134 2765 5205 πέρατος
2821 5134 2910 5198 δὲ,
2971 5133 3048 5195 ὼς
3103 5133 3161 5184 ὲν
3224 5130 3302 5202 τῷ
3373 5125 3512 5184 εἶναι
3602 5146 3747 5183 συν-

2159 5227 2408 5300 εχοὺσης.

2229 5319 2305 5373 Τὰ
2330 5319 2526 5372 πάντα
2556 5318 2626 5371 ἐν
2658 5315 2830 5372 πᾶσι.
2862 5317 3047 5370 Πάντα
3073 5315 3130 5370 δὲ
3167 5315 3237 5368 τὰ
3267 5315 3424 5381 ὄντα,
3468 5314 3557 5369 διὰ
3585 5312 3658 5368 τὸ
3685 5310 3751 5380 ἐξ

2154 5410 2320 5465 αὐτοῦ
2346 5405 2484 5462 εἶναι
2516 5408 2586 5461 τὰ
2618 5409 2814 5462 πάντα.

2224 5589 2248 5626 li
2278 5587 2436 5643 Joan.
2471 5604 2544 5652 Iv,
2576 5587 2665 5642 26.
2778 5586 2793 5623 ι
2859 5587 2903 5640 ll
2933 5586 3060 5642 Cor.
3102 5603 3153 5654 v,
3187 5586 3274 5642 18.

1426 5767 1658 5828 VARUS
1692 5766 2077 5826 LECTIONES
2110 5766 2197 5821 ΕΤ
2230 5762 2783 5823 CORRECTIONES.

545 5900 591 5934 "
621 5917 715 5974 γρ·
751 5899 879 5975 γάρσ
