3874 6534
155 435 255 492 £09

160 647 281 699 ὄντα
309 646 538 700 πάντων
567 647 680 701 τῶν
707 648 897 716 ἁγίων,
932 651 1008 713 ὡς
1051 652 1215 715 αὐτὸς
1250 655 1278 706 ὁ
1316 654 1518 725 Κύριός
1560 671 1751 724 φησιν·

161 737 413 790 Μείνατε
437 737 514 791 ἐν
535 739 672 810 ἐμοι
685 757 696 768 ·
723 739 911 811 ὥσπερ
938 742 1047 813 γὰρ
1066 744 1192 807 ναὸς
1213 745 1375 798 αὑτοῦ
1397 747 1584 817 ἐσμεν,
1615 747 1757 800 κατὰ

162 829 217 881 τό
237 845 250 857 ·
300 829 642 896 Ἐνοικήσω
670 832 742 885 ἐν
770 834 993 900 αὐτοῖς,
1024 836 1124 889 καὶ
1145 838 1630 908 ἐμπεριπατήσω·
1666 839 1756 894 οὖ-

161 935 234 971 τω
265 918 359 970 καὶ
381 920 553 983 αὐτὸς
584 917 734 985 οἶκος
762 923 919 993 ἡμῶν
947 926 1062 978 ἐστι
1082 943 1094 955 ·
1131 927 1309 992 καλῶς
1339 931 1395 984 δὲ
1428 931 1589 995 εὐθὺς
1653 927 1756 980 ἐτ-

160 1013 326 1081 ήγαγε
343 1018 407 1070 τὸ
444 1013 798 1082 ἠνωμένως·
843 1017 1028 1088 ἐπειδὴ
1065 1017 1174 1090 γὰρ
1219 1015 1392 1087 εἶπεν,
1425 1023 1587 1077 αὑτὸν
1618 1019 1756 1079 εἶναι

163 1102 354 1165 πάντα,
387 1105 486 1156 καὶ
517 1106 574 1156 ὲν
607 1105 756 1176 αὐτῷ
783 1108 855 1161 τὰ
876 1111 1070 1176 πάντα,
1093 1114 1178 1166 ἵνα
1216 1115 1287 1187 μή
1317 1132 1419 1178 τις,
1455 1118 1534 1179 εἰς
1566 1118 1755 1172 σύνθε-

164 1209 241 1246 σιν
260 1193 351 1246 τὸν
385 1194 515 1248 νοῦν
550 1198 902 1267 καταγαγὼν,
931 1202 1155 1257 ἐκπέσοι
1185 1206 1284 1276 τῆς
1318 1206 1591 1277 ἀληθείας,
1625 1209 1758 1261 ὑπο-

163 1284 290 1338 νοιῖιν
322 1286 549 1339 ἅπαντα
586 1293 984 1362 συμφορεῖσθαι
1035 1297 1275 1368 σωρηδὸν
1321 1300 1381 1350 ὲν
1435 1298 1514 1370 τῷ
1550 1299 1689 1370 Θεῷ,
1721 1301 1754 1371 ἢ

166 1379 296 1440 κατὰ
329 1379 432 1449 τὴν
471 1379 725 1435 σύνθεσιν
753 1384 846 1437 τὸν
878 1385 1009 1440 Θεὸν
1041 1384 1178 1441 εἶναι
1209 1388 1280 1442 τὰ
1311 1390 1506 1457 πάντα,
1546 1393 1758 1463 ταχέως

165 1469 496 1541 ἐθεράπευσε
515 1473 579 1526 τὸ
595 1474 700 1527 ἀπε
708 1479 961 1545 μφαῖνον,
983 1478 1152 1533 εἰπὼν
1173 1481 1469 1551 ἡνωμένα,
1483 1485 1758 1538 τουτέστιν

164 1562 217 1614 ὲν
244 1565 308 1633 τῇ
339 1565 526 1636 οἰκείᾳ
554 1567 720 1634 ἑνάδι,
759 1569 962 1638 μᾶλλον
1007 1571 1064 1624 δὲ
1105 1574 1245 1646 ὑπὲρ
1296 1575 1459 1629 ἐνάδα
1501 1577 1756 1648 μείναντα

167 1654 632 1728 ὑπερηπλωμένον
667 1660 894 1732 ἀμερῶς
921 1663 1015 1715 καὶ
1034 1664 1250 1735 ἀμιγῶς
1289 1670 1403 1732 τοῖς
1435 1665 1585 1722 οὖσιν
1616 1665 1755 1724 εἶναι

164 1745 225 1798 τὰ
243 1747 420 1801 πάντα
447 1750 544 1802 καὶ
577 1752 636 1802 ὲν
669 1754 834 1805 πᾶσιν
855 1771 867 1783 ·
896 1755 1033 1808 ἀλλὰ
1064 1758 1158 1810 καὶ
1187 1759 1460 1828 ἀσχέτως
1491 1763 1663 1816 ἐστὶν
1689 1764 1758 1818 ἐν

164 1834 366 1899 πᾶσιν,
387 1839 514 1892 ἀντὶ
535 1839 653 1905 τοῦ,
688 1842 777 1895 ὑπ’
797 1843 1010 1908 οὐδενὸς
1034 1847 1415 1918 κατεχόμενος,
1437 1851 1470 1922 ἢ
1502 1869 1757 1924 περιγρα-

954 437 1009 496 S.
1053 437 1302 494 MAXIMI
1343 438 1637 498 SCHOLIA
1680 441 1745 496 ΙΝ
1782 441 1909 495 LIB.
1946 441 2032 496 DE
2071 441 2321 496 DlV’lNlS
2357 441 2753 510 NOMJMBUS.

224 554 335 608 Kal
366 553 570 608 ἑστία.
621 555 836 609 Ἑστίαν
857 553 1018 610 αὐτὸν
1053 558 1268 612 πάντων
1289 559 1414 631 ἔφη,
1445 559 1520 624 ὡς
1542 561 1753 630 οἴκησιν
1782 565 1825 623 Α

3365 438 3476 506 Ξισ

1941 559 2009 614 Ut
2036 560 2386 616 domicilium.
2424 561 2596 616 Vocat
2622 563 2803 633 ipsum
2833 563 3170 620 domicilium
3192 567 3457 632 omnium,

1861 660 1918 705 nt
1953 654 2044 722 qui
2087 655 2160 708 sit
2206 661 2524 709 sanctorum
2558 655 2805 709 omnium
2841 655 3136 722 habitatio,
3157 657 3481 729 sicut-ipse'

1859 743 2126 802 Dominus
2157 747 2234 800 ait
2271 761 2283 797 :
2321 745 2533 801 Manete
2557 748 2612 800 in
2637 756 2794 802 me".
2821 746 3487 813 Quemadmodumeuim'

1857 839 2120 909 templum
2149 840 2326 910 ipsius
2350 855 2565 904 sumus,
2593 839 2750 910 juxta
2773 839 2941 895 illud:
2968 840 3286 898 Inhabitabo
3309 845 3461 915 ἐπίρ-

1857 933 1954 997 sis,
1970 943 2018 988 et
2036 933 2384 987 inambulabo
2406 944 2431 971 υ
2454 951 2469 1000 ;
2499 935 2572 988 ita
2587 934 2754 988 etiam
2781 933 2898 1004 ipse
2927 935 3227 990 estdomus
3243 945 3455 1005 nostra;

1857 1034 2006 1081 recte
2035 1037 2214 1082 autem
2249 1027 2438 1082 statim
2473 1026 2760 1094 subiunxit
2789 1028 2972 1090 unite;
3015 1029 3455 1099 quandoquidem

1856 1119 2000 1172 enim
2036 1119 2258 1181 dixerit,
2295 1119 2471 1189 ipsum
2499 1134 2622 1173 esse
2648 1119 2832 1172 omnia
2855 1127 2909 1174 et
2928 1118 2982 1174 in
3015 1119 3134 1189 ipso
3153 1121 3361 1184 omnia,
3389 1137 3456 1177 ne

1858 1210 2056 1280 aliquis
2095 1221 2331 1266 mentem
2374 1212 2430 1264 in
2470 1210 2925 1280 compositionem
2967 1212 3234 1268 inducens
3265 1227 3295 1266 a
3325 1228 3499 1267 vel-04.-

1857 1305 2154 1371 excidcret,
2170 1305 2455 1360 arbitrans
2477 1306 2734 1360 universa
2754 1305 3052 1360 acervatim
3076 1305 3132 1360 in
3147 1305 3313 1360 Deum
3329 1321 3456 1360 con-

1859 1394 2010 1461 ferri,
2035 1405 2129 1451 aut
2154 1395 2324 1450 Deum
2358 1396 2663 1451 secundum
2681 1395 2996 1466 opinionem
3025 1411 3149 1451 esse
3175 1395 3452 1457 universa,
3487 1437 3492 1441 .

1857 1502 1984 1541 mox
1999 1488 2394 1543 absurditatem
2412 1487 2645 1554 curavit,
2661 1487 2894 1543 dicendo
2910 1489 3075 1553 unite,
3091 1488 3145 1543 id
3158 1497 3242 1544 est
3256 1489 3309 1542 in
3321 1503 3453 1559 pro-

1859 1580 1978 1650 pria
2013 1581 2244 1636 unitate.
2275 1581 2409 1651 quin
2442 1582 2624 1652 potius
2655 1596 2824 1651 supra
2849 1582 3110 1637 unitatem
3143 1589 3453 1638 manentem

1858 1674 2191 1744 explicatum.
2216 1675 2335 1730 sine
2355 1675 2624 1730 divisione
2647 1683 2702 1729 et
2729 1676 2984 1730 mistione
3003 1690 3128 1730 cum
3146 1676 3310 1732 rebus
3331 1691 3454 1732 esse

1858 1768 2041 1821 omnia
2067 1777 2121 1823 et
2151 1768 2205 1822 in
2230 1767 2487 1822 omnibus
2515 1783 2527 1817 :
2555 1782 2744 1821 verum
2771 1767 2934 1821 etiam
2964 1777 3043 1822 cat
3063 1769 3173 1822 sine
3197 1767 3454 1822 detentio-

1859 1851 1922 1914 ne
1956 1861 2010 1914 in
2046 1861 2309 1924 omnibus,
2336 1874 2456 1930 pro,
2489 1874 2518 1912 a
2547 1860 2699 1914 nullo
2729 1860 3181 1930 comprehensus,
3215 1867 3308 1914 aut
3337 1860 3452 1914 cir-

165 1927 390 2023 ρόμενος
414 1932 769 2023 σωματικῶς,
807 1933 1159 2023 ἐξῃρημένως
1179 1937 1235 1990 δὲ
1255 1939 1453 2009 μᾶλλον
1473 1959 1485 1971 ’
1524 1941 1627 2006 ἔξω
1647 1944 1753 2015 γάρ

1877 1953 2242 2022 :umscriptus
2277 1952 2671 2022 corporaliter;
2703 1951 2904 2006 eximie
2929 1967 3062 2006 vero
3094 1952 3268 2023 magis
3311 1971 3324 2006 :
3371 1959 3454 2008 est

163 2018 270 2070 ἐστι
301 2017 413 2071 τῶν
443 2019 726 2086 ἁπάντων,
763 2021 1002 2093 οὐδαμοῦ
1025 2022 1120 2090 ὢν,
1156 2023 1216 2090 ἐξ
1237 2026 1403 2080 αὑτοῦ
1432 2028 1649 2081 πάντων
1677 2029 1758 2082 ὅν-

161 2123 283 2170 των,
327 2111 427 2162 καὶ
467 2109 638 2173 αὐτὸς
681 2111 739 2165 ἐν
780 2113 980 2166 πᾶσιν·
1017 2113 1079 2178 ἐξ
1115 2115 1280 2168 αὐτοῦ
1321 2116 1430 2188 γὰρ
1479 2117 1548 2171 τὰ
1581 2119 1756 2173 πάντα

165 2200 484 2272 συνέστηκε.

226 2292 432 2345 Πάντα
451 2292 525 2346 δὲ
543 2293 774 2360 ἁπλῶς.
805 2297 1092 2352 Τουτέστιν
1121 2299 1429 2364 ἀσυνθέτως
1450 2319 1464 2331 ·
1500 2305 1557 2356 ἐν
1583 2304 1757 2358 οὐδενὶ

164 2381 264 2453 γὰρ
282 2382 392 2436 τῶν
427 2383 603 2438 ὄντων
636 2386 894 2459 συνετέθη
927 2390 960 2460 ἢ
999 2393 1326 2461 σωματικῶς
1357 2393 1560 2465 ήνώθη,
1594 2397 1644 2450 εί
1679 2397 1756 2470 μὴ

163 2474 216 2526 ὲν
240 2474 319 2544 τῷ
351 2475 540 2548 καιρῷ
574 2478 675 2548 τῆς
703 2481 1032 2551 οἰκονομίας.

229 2568 417 2624 Gelon-
467 2569 824 2639 φασμάτων.
885 2574 1006 2628 Ὅτι
1051 2576 1314 2646 φάσματα
1364 2577 1520 2632 καλεῖ
1561 2580 1658 2642 τὰς
1698 2583 1756 2634 ὲν

168 2659 452 2729 συμϐόλοις
484 2663 860 2733 ἀποκαλύψεις
883 2667 976 2720 τοῦ
999 2668 1156 2734 Θεοῦ,
1176 2669 1272 2723 καὶ
1296 2670 1357 2722 τὸ
1383 2671 1498 2734 πῶς
1517 2672 1648 2725 αὐτὸ
1666 2673 1754 2726 λέ-

166 2766 268 2816 γει,
303 2753 640 2823 σημείωσαι.

244 2845 652 2914 Ἀνακτόροις.
715 2849 975 2920 Ἕλληνες
1025 2853 1301 2925 ἀνάκτορα
1361 2855 1588 2909 ἐκάλουν
1648 2857 1757 2911 τῶν

167 2939 286 3008 παρ’
307 2937 500 3000 αὐτοῖς
530 2937 672 2992 θεῶν
700 2939 770 2992 τὰ
797 2942 996 3013 τεμένη
1015 2961 1028 2974 ·
1058 2945 1311 3014 ἐμφαίνει
1337 2942 1431 3001 οὖν
1459 2950 1488 3001 ὁ
1521 2949 1673 3018 ἅγιος
1699 2952 1756 3003 ὲν

166 3028 367 3092 τούτοις
406 3029 472 3082 τὺ
515 3028 673 3100 παρὰ
716 3030 795 3101 τῷ
848 3033 1076 3104 Ἡσαΐᾳ·
1125 3034 1273 3089 δοκεῖ
1299 3036 1407 3110 γὰρ
1444 3039 1502 3091 ὲν
1541 3039 1618 3109 τῷ
1646 3039 1758 3109 ναῷ

171 3118 527 3190 ὑπαγορεύειν
580 3121 742 3174 αὐτὸν
770 3123 1072 3194 ἑωρακέναι
1103 3126 1202 3198 τὴν
1232 3127 1384 3182 Θείαν
1409 3130 1625 3200 ἐκείνην
1648 3128 1758 3202 [δό-

160 3207 255 3273 ξαν
276 3210 392 3282 καὶ]
424 3211 575 3281 ὄψιν,
602 3212 702 3283 τὴν
731 3213 826 3266 τοῦ
864 3217 1132 3288 σεραφίμο
1162 3218 1231 3272 τὰ
1266 3219 1324 3273 δὲ
1369 3219 1497 3291 ἑξῆς
1542 3223 1756 3292 εἴρηται

1857 2047 2004 2104 enim
2045 2054 2199 2100 extra
2233 2044 2490 2100 universa
2520 2059 2792 2114 nusquam
2841 2044 3136 2107 exsistens,
3183 2059 3306 2099 cum
3339 2061 3456 2099 Olll-

1855 2137 1947 2190 nia
1984 2151 2048 2190 ex
2079 2135 2201 2204 ipso
2229 2134 2342 2188 sint
2371 2143 2426 2188 et
2447 2133 2563 2201 ipse
2596 2133 2650 2186 in
2675 2131 2930 2187 omnibus
2967 2153 2978 2187 :
3011 2149 3075 2187 ex
3111 2134 3232 2203 ipso
3265 2134 3448 2203 siqui-

1855 2228 1978 2283 dem
2013 2227 2273 2281 universa
2297 2225 2632 2280 consistunt.

1931 2319 2034 2376 Sed
2070 2321 2314 2373 universa
2348 2317 2676 2385 simpliciter.
2726 2313 2783 2369 ld
2823 2322 2905 2370 est
2938 2313 3057 2370 sine
3095 2317 3449 2386 compositio-

1855 2430 1954 2480 ne;
1997 2427 2122 2467 cum
2179 2411 2332 2465 nulla
2372 2411 2516 2464 enim
2554 2425 2613 2463 re
2660 2407 3000 2477 compositus
3045 2406 3148 2460 fuit
3193 2415 3285 2461 aut
3325 2426 3422 2464 cor

1856 2502 2118 2573 paraliter
2147 2503 2359 2562 unitus,
2393 2499 2502 2554 nisi
2537 2498 2594 2552 in
2620 2506 2865 2567 tempore
2897 2497 3313 2553 incarnationis.

1926 2594 2132 2648 Divinis
2154 2595 2302 2648 visis.
2331 2591 2464 2647 Visa
2487 2599 2650 2646 vocat
2674 2589 3034 2646 revelationes
3053 2588 3152 2645 Dei
3173 2591 3227 2645 in
3252 2591 3455 2662 signis;

1856 2694 1984 2743 nota
2010 2688 2175 2742 etiam
2207 2684 2480 2757 quomodo
2518 2683 2651 2738 illud
2683 2683 2847 2738 dicat.

1929 2843 1995 2898 In
2028 2845 2198 2898 sacris
2241 2842 2470 2912 templis,
2516 2840 2610 2896 Gr.
2639 2840 2979 2910 ἀνακτόροις.
3009 2839 3252 2894 Gentiles
3285 2855 3447 2894 voca-

1855 2935 1988 2990 bant
2033 2935 2307 3005 ἀνάκτορα
2362 2933 2590 2987 deorum
2641 2947 2865 2986 suorum
2907 2930 3153 2985 delubra.
3200 2929 3439 2985 Sanctus

1855 3027 2026 3098 igitur
2045 3027 2288 3082 declarat
2317 3026 2371 3079 in
2406 3026 2493 3080 his
2521 3023 2655 3078 illud
2681 3022 2866 3089 Isaiae;
2914 3023 3131 3077 videtur
3168 3023 3312 3077 enim
3361 3025 3446 3076 in-

1856 3118 2149 3189 terpretari
2200 3118 2379 3187 ipsum
2419 3115 2624 3170 vidisse
2676 3115 2732 3168 in
2779 3114 2978 3183 templo
3021 3112 3261 3166 divinam
3298 3113 3447 3168 illam

1861 3211 2114 3284 [gloriam
2137 3209 2214 3282 et]
2238 3209 2505 3264 visionem
2532 3207 2829 3277 seraphim.
2854 3204 2986 3271 Quae
3012 3213 3192 3259 autem
3215 3221 3451 3276 sequun-

168 3298 247 3352 διὰ
276 3299 373 3372 τὴν
407 3301 506 3354 τοῦ
548 3302 810 3376 Ἱεζεκιὴλ
841 3306 1052 3380 ὅρασιν,
1087 3307 1186 3380 τὴν
1225 3311 1282 3364 ὲν
1311 3289 1609 3376 Βαϐυλῶνι,
1653 3289 1753 3368 καὶ

1877 3311 1978 3368 tur,
1999 3303 2145 3357 dicta
2177 3307 2304 3356 sunt
2329 3307 2552 3371 propter
2578 3300 2842 3354 visionem
2868 3297 3167 3354 Ezechielis
3192 3299 3245 3352 in
3272 3299 3448 3370 Babyo

171 3389 353 3461 ἐτέρας
379 3392 542 3457 τινὰς
565 3393 825 3465 θεωρίας.

231 3482 340 3535 Καὶ
369 3482 625 3550 θώκους.
663 3486 917 3556 Θρόνους.

234 3575 583 3644 Συμϐολικῇ
615 3579 910 3650 θεολογίᾳ.
935 3582 1096 3636 Ἀλλο
1147 3585 1430 3658 σύνταγμα
1475 3590 1752 3661 ὑπισχνεῖ-

171 3681 253 3717 ται
278 3668 513 3738 γράφειν
533 3711 548 3734 ,
580 3670 719 3741 ὅπερ
753 3671 907 3725 καλεῖ
933 3676 1315 3744 Συμϐολικὴν
1343 3682 1675 3750 θεολογίαν.

248 3759 305 3812 '0
351 3763 714 3831 ἱεραρχικός.
766 3765 1077 3837 Σημείωσαι
1121 3771 1203 3822 ὅτι
1262 3771 1495 3840 μάλιστα
1548 3775 1750 3846 ἱερεῦσι

175 3850 360 3921 πρέπει
393 3853 626 3925 θεωρεῖν
657 3855 756 3926 τὴν
787 3856 935 3911 θείαν
956 3860 1196 3933 Γραφήν.

238 3945 545 4012 Θεοειΰεῖς.
593 3949 737 4001 Ἀντὶ
763 3948 858 4002 τοῦ
897 3953 1229 4021 θεοφανεῐς.

234 4120 340 4173 Καὶ
373 4123 497 4174 ὦτα
524 4128 675 4190 ἱερά.
707 4120 847 4177 Ὦτα
872 4125 1230 4183 διεντέλλεται
1273 4132 1396 4203 ίερὰ
1439 4138 1552 4200 τοῖς
1575 4139 1752 4206 ἁγίοις

174 4211 589 4282 παρατίθεσθαι,
617 4214 894 4269 τουτέστιν
919 4217 1088 4290 ἀκοὴν
1113 4219 1310 4292 εὐσεϐῆ
1341 4225 1436 4277 καὶ
1459 4224 1618 4292 ἀξίαν
1643 4227 1752 4282 τῶν

173 4300 352 4368 ἁγίων.

248 4399 575 4468 Ἀμύστων.
629 4402 888 4456 Τουτέστι
936 4405 1043 4458 τῶν
1079 4407 1338 4479 ἀμυήτων
1363 4426 1376 4438 ο
1411 4410 1493 4463 ὅτι
1537 4412 1567 4464 ὁ
1616 4414 1754 4483 μετὰ

174 4489 393 4556 γέλωτος
429 4493 527 4545 καὶ
561 4494 893 4564 ἐμπαιγμῶν
913 4496 1021 4550 τῶν
1043 4497 1202 4552 θείων
1229 4500 1444 4555 ἀκούων
1471 4501 1685 4576 λογίων,
1719 4506 1751 4576 ἢ

170 4579 268 4633 τῶν
296 4585 424 4654 περὶ
452 4583 598 4637 αὐτὰ
617 4586 944 4656 ἐρμηνειῶν,
973 4588 1050 4652 ὼς
1077 4587 1342 4660 θεομάχος
1360 4571 1625 4665 κρίνεται.
1654 4571 1747 4649 Τιέ

175 4672 340 4745 polit-Em
380 4675 438 4729 δὲ
478 4676 686 4747 γράφει
720 4679 813 4732 καὶ
844 4681 873 4732 ό
920 4679 1258 4746 Ἀπόστολος,
1293 4685 1374 4737 ὅτι
1421 4688 1484 4740 οὑ
1525 4687 1606 4740 δεῖ
1634 4693 1748 4753 τοῖς

175 4763 241 4835 μὴ
293 4765 610 4838 δεχομένοις
666 4769 758 4822 τὸν
809 4769 966 4839 λόγον
1012 4773 1070 4827 ὲν
1107 4774 1332 4846 ἀληθείᾳ
1394 4777 1574 4832 λαλεῖν
1624 4782 1753 4853 περὶ

170 4859 433 4916 τοιούτων.

647 4975 755 5028 ΕΙΣ
793 4977 880 5030 ΤΟ
920 4979 1171 5035 ΚΕΦΑΛ.
1220 4982 1299 5033 B'.

233 5064 332 5136 §I.
377 5068 498 5137 Τὴν
523 5070 868 5138 θεαρχικήν.
913 5073 1006 5126 Ἐκ
1061 5075 1153 5128 τοῦ
1207 5076 1498 5144 κεφαλαίου
1554 5081 1742 5134 τούτου

174 5158 396 5226 μάλιστα
436 5164 534 5216 καὶ
583 5163 848 5234 Ἀρειανοὶ
895 5166 987 5219 καὶ
1037 5169 1362 5239 Εὐνομιανοὶ
1406 5171 1467 5223 τὸ
1498 5173 1748 5244 ἀνόμοιον

173 5251 562 5318 πρεσϐεύοντες
601 5255 984 5325 πολεμοῦνται,
1033 5259 1127 5311 καὶ
1169 5261 1521 5332 Νεστοριανοὶ
1562 5265 1618 5318 δὲ
1654 5266 1747 5320 καὶ

181 5335 481 5408 Ἀκέφαλοι.
501 5343 837 5412 Θεαρχικὴν
861 5343 931 5397 δὲ
958 5345 1004 5376 ³²
1037 5345 1190 5415 ὅλην
1210 5348 1471 5417 ὕπαρξιν
1491 5369 1621 5423 φησι
1647 5353 1747 5424 τῆς

238 5491 275 5519 ω
299 5478 462 5536 Joan.
496 5499 588 5546 xv,
617 5483 672 5538 4.
749 5494 778 5522 ιι
803 5481 848 5538 ll
888 5484 1016 5540 Cor.
1043 5501 1118 5552 vn,
1157 5487 1247 5543 16.

1854 3397 1999 3459 Ione,
2029 3400 2084 3448 et
2118 3391 2384 3462 quasdam
2410 3391 2545 3445 alias
2579 3389 2839 3444 visiones.

1923 3487 1990 3540 Et
2015 3490 2156 3548 sede,
2187 3482 2281 3539 Gr.
2313 3483 2407 3537 καὶ
2435 3481 2669 3542 θώκους.
2688 3480 2960 3535 Tbronos.

1925 3579 2233 3650 Symbolica
2261 3576 2546 3647 theologia.
2569 3573 2847 3628 Promittit
2877 3588 2936 3627 se
2970 3571 3116 3626 aliud
3137 3588 3278 3643 opus
3309 3573 3448 3627 scri-

1852 3683 2096 3745 pturum,
2124 3671 2269 3743 quod
2291 3677 2454 3725 vocat
2484 3667 2839 3739 Symbolicam
2866 3665 3201 3736 theologiam.

1926 3765 2324 3820 Hierarchicus.
2357 3761 2496 3817 Nota
2525 3759 2762 3815 maxime
2803 3758 3098 3812 convenire
3139 3755 3443 3811 sacerdoti-

1852 3859 1957 3914 bus
1983 3857 2225 3911 divinam
2252 3852 2595 3923 Scripturam
2627 3848 3008 3918 contemplari.

1929 3948 2085 4017 107
2116 3945 2430 4011 Deiformes,
2461 3942 2555 3996 Gr.
2577 3940 2845 4003 θεοειδεῖς.
2873 3939 2979 3995 Pro
3003 3941 3304 4009 θεοφανείς,
3337 3941 3433 4010 qui

1859 4041 1937 4095 dii
1969 4046 2254 4110 apparent.

1925 4131 1992 4186 Ει
2022 4146 2207 4185 sacras
2237 4145 2415 4183 aures.
2447 4126 2768 4195 Praecipitur
2797 4127 3006 4180 sanctis
3035 4134 3092 4179 ut
3125 4141 3313 4180 sacras
3345 4141 3445 4180 au-

1854 4243 1944 4281 res
1975 4225 2320 4288 admoveant,
2362 4220 2416 4274 id
2447 4226 2530 4275 est
2577 4219 2910 4273 auditionem
2943 4218 3110 4288 piam,
3155 4227 3207 4273 et
3237 4220 3448 4274 sanctis

1855 4321 2100 4392 dignam.

1927 4412 2312 4481 Profanorum,
2331 4407 2425 4462 Gr.
2451 4406 2730 4477 ἁμύστων.
2751 4403 2808 4459 Id
2828 4413 3040 4460 estnon
3064 4405 3403 4459 initiatorulu
3427 4422 3438 4456 :

1855 4520 2051 4574 nempe
2090 4503 2182 4572 qui
2223 4516 2350 4556 cum
2379 4501 2493 4554 risu
2543 4509 2598 4554 et
2641 4499 2877 4554 ludibrio
2909 4497 3124 4553 divinos
3161 4513 3442 4554 sermones

1780 4629 1824 4683 Β
1859 4598 2034 4664 audit,
2064 4605 2157 4650 aut
2181 4610 2374 4651 eorum
2402 4592 2902 4662 interpretationes,
2941 4600 3201 4660 tanquam
3247 4590 3446 4660 θεομά-

1855 4689 2169 4765 χος(ἱιοδιίε
2212 4685 2330 4757 Dei)
2361 4685 2661 4755 judicatur.
2704 4683 2906 4740 Scribit
2943 4693 3122 4739 autem
3161 4683 3459 4741 Timotheo.

1860 4782 2164 4854 apostolus,
2197 4794 2310 4834 non
2331 4793 2456 4832 esse
2475 4777 2856 4833 disserendum
2885 4779 2954 4834 de
2991 4779 3190 4835 talibus
3220 4796 3342 4835 cum
3378 4780 3448 4833 iis

1855 4877 1948 4949 qui
1985 4874 2211 4930 verbum
2247 4873 2302 4926 in
2342 4871 2566 4926 veritate
2592 4885 2702 4924 non
2726 4871 3016 4940 recipiunt.

2452 4981 2518 5034 IN
2562 4980 2715 5039 CAP.
2765 4981 2828 5037 ll.

1922 5079 1948 5150 §
1981 5077 2021 5132 1.
2063 5075 2327 5129 Divinam.
2355 5073 2430 5127 Ex
2460 5074 2564 5127 hoc
2604 5075 2785 5145 capite
2822 5077 3058 5130 maxime
3081 5091 3203 5129 cum
3231 5074 3446 5142 Ariani,

1859 5180 1972 5224 tum
2015 5167 2364 5228 Eunomiani,
2384 5166 2477 5235 qui
2509 5167 2934 5236 inaequalitatem
2960 5168 3036 5237 (in
3068 5166 3171 5220 SS.
3201 5164 3444 5219 Trinita-

1856 5263 1931 5336 te)
1969 5267 2248 5326 asserunt,
2302 5268 2725 5332 oppugnantur;
2774 5272 2887 5314 tum
2915 5262 3078 5318 etiam
3127 5257 3444 5312 Nestoriani

1855 5365 1908 5410 et
1937 5354 2215 5425 Acepbali.
2241 5351 2487 5407 Divinam
2537 5364 2710 5408 autem
2759 5364 2924 5408 lotam
2962 5351 3326 5406 exsistantiam
3355 5350 3442 5405 di—

1121 5602 1359 5658 VARle
1403 5602 1791 5660 LECTIONES
1826 5603 1914 5656 ΕΤ
1949 5593 2501 5658 CORRECTIONES.

240 5688 270 5768 ξ
288 5705 378 5758 γρ.
407 5692 514 5756 Εἰς
530 5690 593 5743 τὸ
609 5694 943 5768 κεφάλαιον
955 5697 1128 5768 τοῦτο
1141 5697 1207 5752 τὸ
1219 5699 1500 5767 δεύτερον
1510 5699 1765 5768 μάχεται
1773 5700 2040 5768 μάλιστα
2052 5695 2200 5750 πᾶσι
2217 5697 2342 5763 τοῖς
2352 5697 2418 5750 τὸ
2434 5699 2724 5768 ἀνόμοιον
2734 5698 3024 5768 πρεσϐεύω
3033 5712 3193 5762 υσιν,
3225 5701 3440 5768 ’Λρειας

173 5762 290 5839 τοῖς
320 5777 490 5839 φημι,
525 5762 626 5814 καὶ
657 5766 1053 5839 Εὐνομιιινοῖς
1084 5769 1182 5822 καὶ
1213 5762 1714 5836 Μακεδονιότᾶῖς,
1744 5762 1970 5838 μεταξὺ
2003 5768 2071 5822 δὲ
2116 5762 2685 5839 Νεστοριανοῖςξκαζ
2714 5762 3083 5839 Ἀκεφάλοιᾳ
3121 5762 3331 5839 Θεορῇί.
3373 5771 3436 5824 1η

177 5824 263 5909 hoc
295 5824 524 5909 secando
557 5824 993 5909 capite_maxime
1023 5824 1222 5908 pugnat
1254 5856 1374 5893 cum
1408 5824 1760 5894 omnibus’ii;
1795 5841 1882 5909 qui
1915 5824 2330 5909 inaequalitatem
2366 5839 2444 5909 (in
2644 5824 2935 5909 Trinitate)
2985 5824 3250 5900 asserunt:
3274 5824 3431 5894 [neni-

176 5908 230 5960 pe
259 5914 372 5951 cum
406 5900 630 5956 Arionis
658 5944 671 5970 ,
711 5900 1061 5964 Eunomianis
1095 5900 1154 5964 vet
1214 5909 1645 5965 Maccdomanis:
1675 5900 1939 5964 interdum
1979 5900 2139 5964 etiam
2186 5923 2304 5960 cum
2355 5900 2691 5962 Nestorianis
2737 5916 2784 5962 et
2840 5900 3138 5976 Accplmlis.
3192 5910 3433 5964 Divinam

181 5978 364 6036 autem,
398 5980 504 6027 etc.
