3872 6548
173 389 288 444 215

929 387 983 444 S.
1021 387 1272 445 MAXlMl
1313 387 1600 445 SCHOLIA
1643 390 1710 446 IN
1746 388 1870 443 LIB.
1914 387 2003 443 DE
2037 387 2289 443 DlViNiS
2329 386 2722 445 NOMINiBUS.

3326 385 3437 441 ΞΜ·

173 482 412 552 θεότητα
459 481 732 554 σημαίνει,
764 481 1007 534 τουτέστι
1031 483 1130 554 τὴν
1162 483 1321 551 ἀγίαν
1351 483 1582 554 Τριάδα·
1633 485 1758 536 ὅταν

1885 491 1971 544 :at,
2017 483 2066 534 id
2102 492 2183 536 est
2214 493 2456 540 sanctam
2485 481 2810 537 Trinitatem
2839 499 2849 532 :
2885 482 3102 552 quando
3139 490 3315 535 autem
3344 480 3432 532 di-

169 573 232 627 δὲ
265 576 342 644 φῇ
377 572 446 636 υ,
502 573 576 626 τὰ
605 572 800 626 πάντα
826 573 899 626 δι’
923 575 1108 628 αὑτοῦ
1148 575 1246 628 καὶ
1277 577 1363 640 είς
1392 575 1576 628 αὐτὸν
1608 577 1760 629 ἐκτι-

169 682 340 729 arm,
388 664 694 731 διεξοδικῶς
743 667 871 737 περὶ
936 666 1044 719 τῶν
1097 666 1444 720 ὑποστάσεων
1479 666 1755 737 σημαίνει·

168 756 339 810 τοῦτο
360 757 466 828 γὰρ
487 758 567 819 είς
587 757 677 810 τὸν
699 757 1087 829 δημιουργικὸν
1105 757 1260 826 λόγον
1274 757 1518 824 ἐδέξαντο
1540 758 1758 820 πάντες.

246 848 365 902 Καὶ
396 849 605 903 αὐτοῦ.
631 845 737 900 Τοῦ
753 849 928 918 Λόγου
963 850 1223 921 δηλονότι.

249 938 626 1006 Κοινωνικῶς
642 939 739 993 καὶ
765 941 1099 1008 ἡνωμὲνως.
1123 940 1436 1012 Σημείωσαι
1467 943 1548 994 ὅτι
1575 959 1763 994 κοινωο

167 1031 349 1094 νικῶς
373 1031 577 1101 ἥνωται
603 1030 673 1084 τὰ
701 1031 802 1102 τῆς
835 1031 994 1099 ἁγίας
1017 1033 1262 1103 Τριάδος.

155 1137 161 1154 ⁸
253 1122 370 1188 Τὰς
401 1123 728 1192 Oscum-iac.
763 1116 887 1175 Οἷον
918 1122 998 1186 τὸ,
1039 1121 1176 1190 Ἐγὼ
1201 1123 1271 1176 ἐν
1299 1124 1595 1192 Πνεύματι
1617 1125 1762 1179 Θεοῦ

166 1215 456 1270 ἐκϐάλλω
487 1215 559 1269 τὰ
590 1215 894 1283 δαιμόνια·
957 1215 1018 1266 τὸ
1072 1215 1254 1278 σέϐας,
1302 1216 1376 1279 ὡς
1421 1215 1515 1268 τόο
1562 1219 1665 1283 Eli;
1697 1218 1763 1270 τὸ

170 1307 357 1377 ἅγιον
387 1307 633 1374 Πνεῦμα
657 1303 1178 1373 βλασφημήσαντι
1216 1305 1328 1357 οὐκ
1366 1305 1752 1372 ἀφεθήσεταιο

168 1399 238 1451 τὸ
270 1399 329 1451 δὲ
356 1398 462 1451 τῶν
493 1395 733 1467 δωρεῶν,
764 1397 881 1465 ἦτοι
914 1393 1032 1448 τῶν
1051 1395 1451 1464 χαρισμάτων,
1481 1397 1538 1449 ὲν
1573 1395 1650 1466 τῷ
1679 1394 1770 1450 λέ·

174 1508 333 1558 γειν·
390 1488 676 1558 Λήψεσθε
725 1487 982 1556 δύναμιν
1019 1487 1379 1554 ἐπελθόντος
1437 1488 1544 1542 τοῦ
1593 1488 1770 1557 ἁγίου

172 1581 531 1649 Π-νεύματος
557 1579 648 1648 ἐφ’
684 1575 859 1648 ὑμᾶς.

255 1671 379 1737 Τὴν
428 1669 710 1739 πηγαίαν.
758 1669 984 1739 Είρηται
1038 1670 1097 1722 ὲν
1131 1667 1291 1740 [τοῖς]
1331 1670 1599 1740 Ψαλμοῖςο
1638 1670 1766 1723 Ὅτι

173 1761 344 1830 παρὰ
371 1760 469 1814 σοι
488 1760 650 1830 πηγὴ
673 1759 821 1827 ζωῆς
841 1799 854 1823 ,
891 1760 984 1814 καὶ
1013 1761 1071 1811 ὲν
1106 1761 1369 1832 Ἱερεμίᾳ·
1413 1760 1543 1831 Ἐμὲ
1561 1763 1768 1832 ἐγκατ-

1863 575 1956 637 cit,
1987 574 2165 626 omnia
2188 590 2276 643 per
2296 575 2533 640 ipsumet
2565 576 2619 629 in
2649 575 2762 644 ipso
2793 584 2993 640 creata,
3027 576 3094 630 de
3131 574 3436 631 subsisten—

1863 667 1953 721 tiis
2008 665 2128 720 fuse
2181 666 2490 735 significat;
2552 666 2657 720 hoc
2715 668 2860 722 enim
2914 683 3105 722 omnes
3153 665 3232 732 de,
3254 663 3436 720 Verbo

1861 757 2085 813 creandi
2118 758 2320 811 virtute
2343 757 2570 826 praedito
2598 765 2945 827 acceperunt.
2975 793 3014 821 ,ο

1935 849 2003 902 Et
2024 851 2209 919 ipsius.
2251 849 2471 904 Scilicet
2502 849 2682 904 Verbi.

1935 939 2382 996 Communicatirc
2404 951 2452 994 et
2476 937 2639 995 unite.
2674 941 2909 997 Adverte
2949 943 3211 998 attributa
3234 925 3470 998 sancta?

1862 1032 2147 1089 Trinitatis
2168 1033 2532 1088 communiter
2559 1034 2709 1088 unita
2733 1050 2874 1090 esse.

1932 1125 2239 1179 Divinitatis
2259 1141 2463 1195 operas.
2490 1124 2669 1181 Veluti
2691 1141 2706 1180 :
2727 1125 2838 1196 Ego
2861 1127 2916 1179 in
2942 1125 3143 1195 Spiritu
3163 1125 3256 1179 Dei
3285 1125 3440 1194 ejicio

1863 1215 2127 1270 dazmonia
2153 1224 2177 1252 ο
2206 1234 2218 1269 :
2253 1215 2683 1281 venerationem,
2733 1225 2792 1269 ut
2825 1232 2837 1267 :
2867 1215 2973 1282 Qui
3007 1215 3442 1286 blasphemaverit

1864 1307 1918 1360 in
1961 1307 2220 1376 Spiritum
2263 1316 2525 1371 sanctum,
2561 1324 2663 1361 non
2696 1307 2989 1361 remittetur
3013 1317 3039 1356 Ρ
3093 1326 3104 1360 :
3153 1307 3215 1360 τὸ
3246 1306 3302 1359 δὲ
3334 1305 3443 1359 τῶν

1863 1398 2102 1471 δωρεῶν,
2131 1415 2403 1452 munerant
2427 1414 2521 1453 seu
2551 1400 2968 1462 charismatum,
2999 1398 3127 1452 dum
3155 1399 3229 1452 ait
3253 1419 3267 1451 ε
3290 1397 3445 1451 Acci-

1865 1491 2017 1560 pietis
2040 1492 2284 1544 virtutem
2314 1489 2548 1559 Spiritus
2574 1491 2747 1545 sancti
2771 1491 2824 1543 in
2863 1507 2952 1544 vos
2974 1501 3022 1544 τι.

1941 1665 2241 1721 Fontanam
2281 1683 2370 1721 seu
2405 1667 2798 1722 scaturientem.
2831 1665 3042 1720 Dicitur
3075 1666 3130 1719 in
3165 1662 3401 1718 Psalmis
3429 1678 3440 1712 :

1871 1760 2013 1826 Quia
2050 1759 2190 1830 apud
2225 1769 2272 1813 te
2301 1761 2418 1830 fons
2454 1761 2572 1814 vita:
2599 1771 2643 1824 τ,
2688 1759 2848 1829 109
2879 1766 2932 1814 et
2963 1759 3018 1812 in
3047 1755 3285 1813 Jeremia
3313 1771 3324 1806 :
3363 1753 3447 1808 Me

172 1829 395 1907 ἐλιπον
431 1829 636 1922 πηγὴν
671 1851 888 1917 ὕδατος
942 1829 1189 1919 ζῶντος.-
1228 1829 1286 1906 Ὅ
1317 1829 1410 1907 οῦν
1444 1829 1578 1917 Θεὸς
1602 1829 1767 1921 *λέγε-

1885 1850 2255 1921 iereliquerunt
2285 1851 2480 1920 fontem
2509 1867 2659 1921 aqua:
2682 1852 2809 1904 viva:
2837 1861 2881 1904 ο.
2911 1849 3056 1904 Deus
3082 1863 3214 1918 ergo
3245 1846 3451 1901 dicitur

173 1962 270 1997 ται
291 1943 478 2014 πηγὴ,
513 1937 603 1996 οἷά
633 1959 718 2006 τις
751 1944 932 2014 μήτρα
952 1942 1048 1995 xui.
1069 1943 1211 2015 ἁρχὴ
1245 1944 1336 1996 καὶ
1368 1943 1516 1997 αίτία
1537 1942 1644 1996 τῶν
1665 1960 1767 2012 φα-

171 2036 382 2088 νέντων
412 2036 508 2088 καὶ
536 2033 908 2105 προελθόντων
937 2035 1017 2097 είς
1039 2035 1228 2088 οὐσίαν
1258 2036 1512 2089 ἁπάντων
1530 2051 1544 2065 ο
1582 2034 1618 2088 ἃ
1657 2034 1765 2104 γὰρ

175 2126 375 2177 καλεῖν
413 2123 637 2179 εἰώθασί
680 2139 824 2185 τινες
857 2121 1138 2188 καθολικά,
1188 2126 1305 2196 ἦτοι
1331 2126 1485 2195 γένη,
1514 2125 1547 2196 ἢ
1573 2125 1690 2187 ὅλα,
1730 2125 1762 2194 ἢ

176 2216 527 2288 πριέχοντα,
559 2215 652 2269 ἀτε
684 2213 1052 2286 περιληπτικά
1084 2215 1191 2268 τῶν
1227 2216 1467 2288 μερικῶν
1500 2216 1558 2282 ἐξ
1588 2215 1766 2270 αὐτῶν

173 2309 448 2380 προόδων,
482 2309 655 2362 ταῦτα
687 2310 741 2362 ui
778 2309 917 2364 θεῖαι
955 2311 1169 2382 Γραφαὶ
1199 2311 1438 2380 πηγαίαν
1463 2309 1640 2362 αἰτίαν
1660 2326 1764 2377 φα-

180 2399 268 2452 σί·
319 2397 407 2451 διὰ
443 2398 505 2451 τὸ
535 2398 922 2470 δημιουργικὸν
949 2401 1126 2454 τοίνυν
1149 2401 1240 2454 καὶ
1273 2400 1624 2453 ἀνέκλειπτον
1659 2399 1766 2452 τῶν

175 2492 268 2545 διὰ
294 2492 390 2545 τοῦ
421 2493 733 2563 Πνεῦματος
760 2495 1162 2566 ὑφισταμένων,
1198 2495 1291 2546 καί
1327 2495 1411 2546 ὅτι
1445 2494 1504 2546 τὸ
1542 2492 1767 2564 Πνεῦμα

174 2583 241 2636 τὸ
275 2585 433 2652 ἆγιον
484 2584 580 2637 καὶ
617 2584 749 2638 αὑτὸ
783 2583 1048 2656 [πάντων]
1095 2584 1202 2637 τῶν
1255 2584 1424 2637 ὄντων
1467 2585 1654 2648 αἴτιον,
1693 2583 1768 2645 ὡς

177 2675 274 2728 καὶ
299 2678 357 2728 ὲν
390 2679 456 2746 τῇ
485 2675 662 2745 Σοφία
694 2675 927 2746 εἴρηται,
963 2676 1187 2739 εἰκότως
1224 2676 1319 2728 καὶ
1354 2675 1594 2747 πηγαίαν
1637 2674 1769 2727 αὐτὸ

177 2770 363 2821 αἰτίαν
405 2768 675 2838 θεολογεῖ·
712 2772 772 2824 τὸ
813 2771 868 2824 δὲ
898 2769 1249 2824 ἀνέκλειπτον
1284 2767 1378 2821 τοῦ
1415 2768 1768 2840 δημιουργεῖν

175 2859 392 2912 ἐκεῖθεν
412 2859 600 2930 νόησον
623 2860 703 2923 είς
721 2860 810 2912 τό·
847 2861 909 2913 '0
928 2859 1131 2928 Πατήρ
1156 2877 1277 2928 μου
1306 2857 1417 2924 ἕως
1440 2857 1573 2926 ἄρτι
1594 2857 1764 2926 ἐργά-

191 2953 372 3016 ζεται,
401 2950 560 3022 κάγὼ
589 2951 895 3022 ἐργάζομαι
917 2969 930 2982 ·
965 2951 1222 3014 ὡσαύτως
1251 2951 1345 3003 xui.
1371 2950 1431 3002 τὸ
1460 2949 1682 3020 Πνεῦμα
1710 2949 1770 3002 τὸ

180 3044 358 3112 ἇγιον,
397 3045 492 3097 σὺν
511 3043 588 3114 τῷ
614 3045 789 3116 Πατρὶ
813 3044 907 3098 καὶ
937 3044 1016 3114 τῷ
1046 3042 1160 3113 Υίῷ
1187 3043 1274 3095 ἀεὶ
1301 3040 1590 3112 ἐργάζεται
1612 3041 1771 3092 ἀνεκ-

1866 1943 2007 2011 fons,
2059 1943 2227 1998 veluti
2268 1943 2465 1996 matrix
2499 1943 2680 2011 aliqua
2719 1951 2772 1996 et
2817 1940 3148 2011 principium
3189 1947 3243 1994 et
3283 1955 3450 1995 causa

1866 2037 2108 2090 omnium
2124 2050 2244 2106 quae
2261 2043 2525 2105 apparent
2537 2042 2590 2088 et
2610 2034 2678 2088 ad
2699 2033 3075 2088 exsistentiam
3095 2029 3453 2102 progrediun-

1865 2136 1995 2184 tur:
2025 2127 2293 2198 siquidem
2317 2142 2437 2198 qua:
2468 2128 2634 2197 aliqui
2666 2126 2842 2181 solent
2874 2139 3072 2179 vocare
3089 2122 3446 2184 universalia,

1867 2237 1963 2276 seu
1995 2235 2216 2290 genera,
2273 2220 2360 2275 vel
2404 2226 2540 2284 tota,
2585 2219 2669 2273 vel
2723 2216 3080 2283 continentia,
3132 2214 3297 2270 veluti
3332 2229 3454 2284 qua:

1867 2309 2308 2384 complectuntur
2343 2311 2599 2382 partiales
2628 2325 2695 2365 ex
2721 2309 2856 2380 ipsis
2885 2315 3204 2364 emanantes
3226 2320 3453 2377 proces-

1868 2406 2076 2469 siones,
2107 2405 2223 2458 haec
2253 2404 2450 2458 divina:
2476 2401 2776 2474 Scriptura:
2803 2402 3081 2456 fontanam
3111 2414 3337 2454 causam
3369 2398 3454 2452 di-

1869 2504 2036 2561 cunt;
2061 2511 2194 2566 ergo
2223 2511 2320 2566 per
2349 2495 2570 2550 creandi
2600 2494 2911 2549 facultatem
2940 2500 2990 2548 et
3029 2492 3328 2547 carentiam
3358 2489 3455 2546 de-

1869 2587 2047 2643 fectus
2070 2603 2260 2642 eorum
2287 2602 2406 2658 qua:
2426 2601 2524 2656 per
2539 2585 2806 2657 Spiritum
2839 2591 3090 2641 sanctum
3121 2583 3450 2645 subsistunt,

1869 2687 1923 2735 et
1952 2682 2131 2752 ipsum
2155 2695 2372 2750 quoque
2399 2677 2662 2748 Spiritum
2686 2685 2934 2733 sanctum
2954 2674 3245 2748 [omnium]
3269 2689 3454 2729 rerum

1869 2787 1993 2828 esse
2021 2779 2324 2836 auctorem,
2353 2773 2497 2826 sicut
2520 2771 2576 2825 in
2599 2769 2879 2840 Sapientia
2910 2768 3136 2835 dicitur,
3156 2766 3457 2839 probabili-

1868 2871 1954 2918 ter
1979 2865 2141 2918 etiam
2178 2864 2355 2933 ipsum
2387 2863 2670 2918 fontanam
2697 2877 2819 2918 esse
2849 2876 3096 2925 causam,
3140 2869 3201 2914 ut
3237 2861 3305 2914 de
3347 2858 3458 2912 Deo

1869 2955 2129 3010 disserit:
2162 2955 2581 3024 perpetuitatem
2607 2968 2737 3008 vero
2769 2951 2995 3007 creandi
3045 2967 3110 3006 ex
3145 2965 3211 3007 eo
3248 2949 3456 3004 intelli-

1872 3062 1937 3116 ge
1969 3063 1982 3096 :
2011 3045 2175 3099 Pater
2211 3062 2356 3099 meus
2401 3062 2564 3115 usque
2608 3044 2762 3099 modo
2797 3051 3068 3112 operatur,
3101 3051 3150 3096 et
3199 3059 3292 3112 ego
3335 3056 3458 3110 ope-

179 3135 452 3198 λείπτως·
491 3137 706 3208 εἴρηται
746 3136 882 3208 γάρ’
932 3133 1388 3200 Ἑξαποστελεῖς
1428 3132 1493 3186 τὸ
1529 3132 1768 3202 Πνεῦμά

1885 3157 1963 3194 ror
1990 3140 2009 3176 ‘
2049 3159 2062 3194 :
2100 3139 2353 3194 similiter
2393 3139 2558 3194 etiam
2588 3137 2828 3209 Spiritus
2857 3142 3104 3198 sanctus,
3137 3150 3261 3189 cum
3294 3131 3458 3189 Patre

177 3243 319 3292 σου,
348 3227 447 3281 καί
479 3228 928 3296 πεισθήσονται.
1229 3253 1256 3288 ο

250 3408 387 3476 §II.
443 3409 890 3479 Ἀδιαστρόφοις
934 3409 1214 3474 ἐννοίαις.
1275 3407 1470 3470 Καλῶς
1533 3403 1654 3460 εἷπε
1712 3405 1773 3458 τὸ

181 3504 596 3576 ἀδιαστρόφοις·
628 3505 815 3575 ἐπειδὴ
854 3505 948 3557 xui.
974 3506 1022 3556 οἱ
1052 3504 1318 3574 αίρετικοὶ
1342 3502 1772 3571 ἀναγινώσκουσι

182 3596 282 3660 τὰς
316 3598 356 3649 Γ
362 3598 571 3668 ραφάς,
607 3599 702 3650 καὶ
734 3595 1084 3669 ὲντρέφονται
1118 3599 1176 3649 ὲν
1213 3596 1434 3659 αὐταῖς,
1486 3584 1580 3649 καὶ
1623 3595 1774 3664 ὅμως

183 3689 605 3759 διαστρέφουσιν
637 3690 884 3753 ἑαυτούς.

257 3780 639 3847 Θεοπρεποῦς
666 3779 1033 3849 διαιρέσεως.
1065 3778 1358 3851 Θεοπρεπῆ
1388 3777 1652 3848 διαίρεσιν
1681 3776 1774 3830 ἐπὶ

184 3869 284 3939 τῆς
314 3871 477 3939 ἁγίας
514 3871 745 3942 Τριάδος
782 3872 882 3943 τὴν
925 3872 1054 3942 περὶ
1085 3870 1193 3922 τῶν
1223 3869 1572 3923 ὑποστάσεων
1602 3868 1772 3936 ἀσύγ-

187 3977 345 4030 χυτον
378 3959 480 4032 ἔφη
509 3961 708 4029 γνῶσιν
728 3977 742 3990 ο
776 3961 979 4014 καὶ-ὅτι
1001 3960 1061 4012 οὐ
1091 3959 1197 4031 χρὴ
1233 3958 1536 4031 φροντίζειν
1569 3959 1773 4013 πείθειν

185 4053 311 4115 τοὺς
342 4051 418 4122 μὴ
445 4051 766 4122 δεχομένους
787 4053 886 4123 τὴν
915 4050 1060 4104 θείαν
1083 4051 1324 4122 Γραφήν.
1353 4049 1426 4102 Τὸ
1449 4049 1559 4120 γὰρ
1581 4049 1773 4113 κοινῶς

186 4141 279 4194 ἐπὶ
319 4141 422 4210 τῆς
455 4142 614 4210 ἁγίας
647 4141 877 4213 Τριάδος
914 4141 1180 4209 θεολογεῖν
1214 4141 1315 4194 οὐκ
1360 4140 1475 4194 ἐστι
1514 4140 1773 4210 σύγχυσιν

186 4232 427 4300 εἰσάγειν
454 4233 565 4287 τῶν
595 4235 968 4288 ὑποστάσεων.

269 4323 405 4379 Ἐπὶ
426 4325 542 4394 τὴν
561 4325 935 4397 θεολογικήν.
963 4325 1289 4398 Θεολογικὴν
1311 4325 1623 4397 ἐπιστήμην
1643 4325 1768 4379 ἀνω

187 4418 330 4488 τέρω
358 4420 489 4488 περὶ
517 4418 651 4470 Θεοῦ
679 4417 1032 4490 διηγούμενος
1047 4419 1114 4482 θο,
1145 4418 1245 4471 οὐκ
1274 4419 1376 4490 ἔφη
1406 4419 1574 4490 αὐτὴν
1591 4420 1634 4450 ⁹¹
1658 4421 1775 4472 ὲπι-

1871 3242 1925 3288 et
1952 3231 2088 3287 Filio
2118 3248 2334 3303 semper
2355 3239 2646 3302 operatur;
2679 3231 2884 3285 dictum
2907 3237 2992 3285 est
3019 3227 3166 3284 enim
3195 3247 3207 3281 :
3233 3225 3456 3281 Emittes

1873 3324 2131 3394 Spiritum
2155 3337 2322 3389 tuum,
2347 3336 2396 3379 et
2427 3324 2750 3378 creabuntur
2777 3335 2823 3378 ιι.

1947 3418 1974 3489 §
2017 3418 2082 3473 ll.
2125 3417 2288 3471 Haud
2336 3417 2590 3487 perversis
2639 3415 3025 3486 intelligentiis.
3073 3411 3240 3468 Recte
3289 3411 3453 3477 dixit,

1873 3523 1984 3562 non
2008 3522 2299 3578 perversa;
2333 3507 2594 3577 quoniam
2629 3505 2869 3561 haeretici
2899 3505 3085 3576 legunt
3117 3503 3454 3573 Scripturas,

1873 3607 1929 3654 et
1957 3601 2014 3654 in
2045 3600 2181 3671 ipsis
2211 3600 2554 3666 educantur;
2594 3606 2834 3653 attamen
2870 3599 3084 3668 seipsos
3115 3604 3456 3667 pervertunt.

1945 3754 2316 3810 Distinctionis
2340 3755 2448 3810 Deo
2475 3754 2671 3825 dign-a3.
2703 3753 2932 3824 Dignam
2963 3751 3074 3808 Deo
3118 3751 3454 3807 divisionem

1875 3848 1932 3902 in
1962 3857 2154 3902 sancta
2195 3845 2487 3912 Trinitate,
2527 3861 2635 3900 non
2670 3844 2958 3898 confusam
2989 3842 3057 3897 de
3085 3841 3458 3898 subsistentiis

1879 3939 2247 4008 cognitionem
2277 3937 2453 4003 dixit;
2493 3950 2671 4006 neque
2719 3934 3147 3992 incumbendum
3188 3948 3311 3989 esse
3335 3948 3459 4003 per-

1877 4030 2176 4086 suadendis
2215 4030 2284 4086 iis
2312 4029 2406 4099 qui
2432 4028 2777 4097 Scripturam
2820 4026 3116 4093 rejiciunt:
3145 4041 3274 4078 nam
3315 4039 3461 4079 com-

1877 4122 2116 4178 muniter
2139 4123 2208 4177 de
2249 4127 2441 4176 sancta
2472 4119 2742 4174 Trinitate
2776 4125 2837 4172 ut
2861 4117 2972 4171 Deo
3013 4117 3185 4186 loqui,
3234 4116 3461 4172 minime

1874 4223 1964 4270 est
1989 4229 2351 4286 personarum
2387 4211 2768 4268 confusionem
2803 4211 3082 4265 inducere.

1952 4306 2035 4358 Ad
2064 4306 2428 4376 theologicam.
2461 4303 2845 4373 Theologicam
2889 4301 3173 4356 scientiam
3207 4299 3462 4364 superius

1877 4401 1945 4456 de
1968 4399 2078 4455 Deo
2112 4399 2414 4457 disserens.
2451 4411 2558 4450 non
2591 4394 2730 4448 dixit
2770 4395 2942 4463 ipsam
2976 4392 3260 4447 scientiam
3301 4407 3456 4449 esse:

191 4482 406 4580 στῆμην
437 4482 610 4563 εἶναι’
658 4482 890 4564 ἐνταῦθα
942 4510 1000 4563 δὲ
1043 4511 1112 4564 τά
1147 4510 1273 4582 περὶ
1313 4482 1589 4577 θεολογίας
1649 4510 1768 4562 ὲπι-

1885 4494 1970 4550 hic
2014 4505 2144 4548 vero
2180 4489 2460 4544 disserens
2511 4486 2579 4540 de
2630 4485 2699 4539 iis
2732 4500 2853 4554 quae
2902 4498 3212 4538 sermonem
3255 4483 3323 4537 de
3351 4482 3462 4538 Deo

193 4603 289 4672 στή
299 4618 407 4670 μην
442 4601 623 4672 φησίν.
663 4601 970 4672 Ἑπιστήμη
997 4601 1054 4654 δέ
1076 4604 1193 4654 ὲστι
1220 4600 1347 4668 δόξα
1365 4599 1498 4671 ὀρθὴ
1528 4597 1774 4670 λογισμῷ

190 4689 405 4742 δεθεῖσα
425 4692 492 4754 θ’,
521 4690 555 4760 ἢ
580 4690 735 4758 λόγος
759 4691 966 4762 ἀληθὴς
991 4691 1084 4744 ἐπὶ
1105 4690 1338 4744 διάνοιαν
1358 4690 1771 4761 ἀμετάπτωτος,

194 4784 286 4836 καί
316 4787 348 4855 ἡ
386 4784 621 4854 ἀκριϐὴς
663 4783 866 4854 εἴδησις
905 4784 1000 4837 τοῦ
1035 4785 1360 4856 πράγματος
1393 4784 1487 4837 καὶ
1523 4782 1767 4852 ἀπόφαν-

197 4891 307 4938 σις,
340 4869 404 4927 οῦ
443 4875 536 4928 xui.
559 4875 774 4944 λέγεται
805 4878 1082 4948 ἐπιστήμη
1101 4915 1116 4940 ,
1148 4875 1402 4946 ἀληθείας
1416 4876 1462 4907 ⁹³
1490 4874 1648 4942 λόγον
1677 4875 1774 4928 καὶ

193 4967 345 5030 δόξαν
385 4967 553 5039 ὀρθὴν
585 4968 997 5039 προϐαλλομένη
1018 5006 1033 5031 ,
1071 4968 1146 5039 μὴ
1175 4967 1406 5038 δεομένη
1439 4967 1538 5037 τῆς
1569 4968 1634 5019 ὲκ
1667 4983 1772 5019 πα-

196 5057 470 5128 ραθέσεως
497 5056 592 5109 τοῦ
624 5059 810 5128 ὁμοίου
845 5055 1205 5128 βεϐαιώσεως.

269 5149 380 5215 Τὰς
413 5150 575 5215 θείας
614 5151 1030 5219 ἐκφαντορίας.
1079 5148 1467 5220 Ἐκφαντορίας
1509 5150 1643 5219 φησὶ
1677 5149 1777 5211 τὰς

194 5239 261 5292 τὰ
292 5240 570 5310 μυστήρια
599 5240 957 5308 ἐκφαινούσας
984 5238 1350 5300 διδασκαλίας.

277 5331 382 5385 Ἐν
416 5330 653 5397 ἑαυτοῖς
685 5331 1062 5397 ἀπλήθυντα.
1098 5332 1220 5383 Ὂτι
1255 5330 1316 5382 οὐ
1353 5329 1433 5382 δεῖ
1463 5329 1772 5400 παρεξιέναι

197 5424 294 5495 τὴν
328 5422 478 5476 θείαν
507 5424 730 5495 Γραφὴν
765 5428 822 5478 ὲν
854 5425 932 5495 τῷ
965 5425 1250 5494 θεολογεῖν.

1877 4585 2339 4654 complectuntur,
2371 4577 2659 4634 scientiam
2691 4575 2845 4630 dicit.
2869 4574 2962 4630 Est
2998 4582 3176 4628 autem
3206 4574 3459 4638 scientia.

1877 4684 2029 4732 recta
2058 4675 2242 4746 opinio
2277 4671 2699 4726 ratiocinatione
2728 4669 2942 4732 vincta;
2982 4673 3077 4720 aut
3103 4681 3233 4721 vera
3279 4668 3335 4721 in
3377 4667 3463 4720 in-

1876 4769 2097 4823 tellectu
2135 4766 2275 4820 ratio
2313 4761 2669 4817 immutabilis
2701 4769 2756 4814 et
2812 4767 3068 4814 accurata
3104 4757 3462 4828 rei-cognitio

1878 4871 1934 4918 et
1960 4859 2379 4924 demonstratio,
2423 4855 2586 4925 cujus
2630 4855 2796 4909 etiam
2827 4851 3031 4906 dicitur
3071 4851 3325 4914 scientia,
3371 4866 3463 4903 ve-

1879 4954 2062 5008 ritatis
2100 4951 2368 5006 rationem
2415 4955 2470 5002 et
2513 4953 2718 5002 rectam
2758 4944 3071 5013 opinionem
3123 4955 3458 5012 proponens,

1880 5063 1991 5100 non
2023 5043 2274 5113 indigens
2304 5040 2582 5094 additione
2608 5035 3044 5092 conﬁrmationis
3072 5049 3100 5087 a
3129 5032 3318 5087 simili.

1953 5137 2176 5191 Divinas
2205 5131 2624 5202 explanationes.
2663 5127 3055 5197 Ἐκφαντορίας
3084 5130 3263 5186 vocat,
3293 5121 3462 5178 disci-

1877 5232 2080 5294 plinam
2114 5244 2234 5298 quae
2271 5225 2526 5297 mysteria
2556 5223 2798 5293 exponit.

1957 5323 2016 5377 ln
2047 5323 2231 5388 seipsis
2261 5320 2374 5373 sine
2403 5317 2693 5371 additione.
2729 5313 2846 5368 Non
2877 5327 3000 5368 esse
3032 5309 3220 5364 leviter
3258 5307 3461 5362 transi-

1879 5415 2108 5488 gendam
2145 5412 2509 5483 Scripturam,
2535 5424 2662 5464 cum
2709 5421 2890 5462 sermo
2933 5404 3002 5459 de
3024 5402 3132 5458 Deo
3157 5401 3417 5457 habetur.

270 5591 294 5617 ο
322 5581 458 5636 Luc.
487 5598 566 5653 XI,
602 5587 694 5644 20.
773 5599 800 5638 ρ
828 5587 961 5642 Luc.
994 5600 1094 5648 xu,
1126 5584 1214 5639 10.
1293 5594 1320 5634 (ι
1347 5583 1465 5636 Act.
1496 5597 1533 5644 ι,
1561 5581 1611 5634 8.
1695 5589 1715 5615 τ
1748 5576 1768 5630 Ι

1885 5620 1891 5631 .
1923 5590 2087 5638 xxxv,
2117 5570 2202 5624 10.
2282 5576 2303 5602 ⁸
2337 5565 2449 5621 Jer.
2478 5579 2540 5628 ll,
2575 5563 2661 5618 i3.
2772 5563 2786 5597 ί
2818 5555 2974 5614 Jban.
3007 5573 3060 5622 ν,
3096 5557 3184 5613 i7.
3257 5565 3284 5593 τι
3311 5555 3456 5617 PsaL

204 5667 320 5718 cui,
348 5655 440 5708 30.
796 5679 800 5684 -

1159 5735 1395 5790 VARle
1436 5731 1818 5788 LECTIONES
1859 5731 1946 5787 ET
1981 5729 2532 5788 CORRECTIONES.

310 5861 354 5891 "
392 5876 483 5929 γρ.
516 5857 668 5928 φησι.
755 5858 799 5888 ⁹⁰
823 5873 911 5928 γρ.
940 5853 1337 5925 διαλεγόμενος.
1410 5856 1448 5886 ⁵³⁸
1487 5869 1576 5922 γρ.
1622 5849 1800 5905 αὐτόν.

1869 5852 1912 5883 ⁹²
1943 5867 2032 5921 γρ.
2071 5849 2302 5902 δοθεῖσα.
2371 5848 2415 5878 ⁸³
2454 5862 2541 5914 γρ.
2579 5840 2775 5913 ἀληθῆ-
