  <div class='ocr_page' id='page_1' title='image "/cluster/home/n/w/nwhite01/storage/ocr_20150623/4/hvd.32044014713200/115.png"; bbox 0 0 3872 6608; ppageno 0'>
   <div class='ocr_carea' id='block_1_1' title="bbox 400 404 518 478">
    <p class='ocr_par' dir='ltr' id='par_1_1' title="bbox 400 404 518 478">
     <span class='ocr_line' id='line_1_1' title="bbox 400 404 518 478; baseline 0.008 -1"><span class='ocrx_word' id='word_1_1' title='bbox 400 404 518 478; x_wconf 63' lang='lat' dir='ltr'><strong>eis</strong></span> 
     </span>
    </p>
   </div>
   <div class='ocr_carea' id='block_1_2' title="bbox 1261 418 2900 480">
    <p class='ocr_par' dir='ltr' id='par_1_2' title="bbox 1261 418 2900 480">
     <span class='ocr_line' id='line_1_2' title="bbox 1261 418 2900 480; baseline -0.001 -1"><span class='ocrx_word' id='word_1_2' title='bbox 1261 421 1559 479; x_wconf 82' lang='lat' dir='ltr'><strong>PPENDIX</strong></span> <span class='ocrx_word' id='word_1_3' title='bbox 1594 421 1685 478; x_wconf 75' lang='lat' dir='ltr'><strong>AD</strong></span> <span class='ocrx_word' id='word_1_4' title='bbox 1717 421 1946 479; x_wconf 79' lang='lat' dir='ltr'><strong>OPERA</strong></span> <span class='ocrx_word' id='word_1_5' title='bbox 1996 421 2053 478; x_wconf 92' lang='lat' dir='ltr'><strong>S.</strong></span> <span class='ocrx_word' id='word_1_6' title='bbox 2095 418 2396 478; x_wconf 85' lang='lat' dir='ltr'><strong>DIONYSII</strong></span> <span class='ocrx_word' id='word_1_7' title='bbox 2436 419 2900 480; x_wconf 60' lang='lat' dir='ltr'><strong>AREOPAGITIE</strong></span> 
     </span>
    </p>
   </div>
   <div class='ocr_carea' id='block_1_3' title="bbox 3568 419 3674 475">
    <p class='ocr_par' dir='ltr' id='par_1_3' title="bbox 3568 419 3674 475">
     <span class='ocr_line' id='line_1_3' title="bbox 3568 419 3674 475; baseline -0.009 0"><span class='ocrx_word' id='word_1_8' title='bbox 3568 419 3674 475; x_wconf 65' lang='lat' dir='ltr'><strong>2N?</strong></span> 
     </span>
    </p>
   </div>
   <div class='ocr_carea' id='block_1_4' title="bbox 486 537 2010 618">
    <p class='ocr_par' dir='ltr' id='par_1_4' title="bbox 486 540 1991 618">
     <span class='ocr_line' id='line_1_4' title="bbox 486 540 1991 618; baseline -0.001 -21"><span class='ocrx_word' id='word_1_9' title='bbox 486 543 516 618; x_wconf 61' lang='grc' dir='ltr'>ᾗ</span> <span class='ocrx_word' id='word_1_10' title='bbox 553 541 642 597; x_wconf 88' lang='grc' dir='ltr'>ιιι.</span> <span class='ocrx_word' id='word_1_11' title='bbox 688 541 755 598; x_wconf 83' lang='grc' dir='ltr'>Ει</span> <span class='ocrx_word' id='word_1_12' title='bbox 785 559 903 615; x_wconf 79' lang='lat' dir='ltr'><strong>qua:</strong></span> <span class='ocrx_word' id='word_1_13' title='bbox 927 558 1019 611; x_wconf 86' lang='lat' dir='ltr'><strong>per</strong></span> <span class='ocrx_word' id='word_1_14' title='bbox 1058 543 1454 613; x_wconf 76' lang='lat' dir='ltr'><strong>exsuperantia.</strong></span> <span class='ocrx_word' id='word_1_15' title='bbox 1508 540 1612 596; x_wconf 90' lang='lat' dir='ltr'><strong>Per</strong></span> <span class='ocrx_word' id='word_1_16' title='bbox 1661 541 1991 598; x_wconf 88' lang='lat' dir='ltr'><strong>ablationem</strong></span> 
     </span>
    </p>
   </div>
   <div class='ocr_carea' id='block_1_5' title="bbox 2109 537 3674 618">
    <p class='ocr_par' dir='ltr' id='par_1_5' title="bbox 2168 537 3674 613">
     <span class='ocr_line' id='line_1_5' title="bbox 2168 537 3674 613; baseline -0.001 -18"><span class='ocrx_word' id='word_1_17' title='bbox 2168 541 2195 613; x_wconf 64' lang='grc' dir='ltr'><strong>ς</strong></span> <span class='ocrx_word' id='word_1_18' title='bbox 2232 543 2324 595; x_wconf 87' lang='lat' dir='ltr'><strong>lll.</strong></span> <span class='ocrx_word' id='word_1_19' title='bbox 2366 542 2477 595; x_wconf 83' lang='grc' dir='ltr'><strong>Καὶ</strong></span> <span class='ocrx_word' id='word_1_20' title='bbox 2505 541 2622 596; x_wconf 82' lang='grc' dir='ltr'><strong>ὅσα</strong></span> <span class='ocrx_word' id='word_1_21' title='bbox 2648 541 2757 610; x_wconf 84' lang='grc' dir='ltr'>τῆς</span> <span class='ocrx_word' id='word_1_22' title='bbox 2780 538 3162 611; x_wconf 77' lang='grc' dir='ltr'>ὐπεροχικῆς.</span> <span class='ocrx_word' id='word_1_23' title='bbox 3194 537 3350 594; x_wconf 84' lang='grc' dir='ltr'><strong>Κατά</strong></span> <span class='ocrx_word' id='word_1_24' title='bbox 3385 538 3674 611; x_wconf 75' lang='grc' dir='ltr'><strong>ἀφαίρεσιν</strong></span> 
     </span>
    </p>
   </div>
   <div class='ocr_carea' id='block_1_6' title="bbox 413 633 1985 706">
    <p class='ocr_par' dir='ltr' id='par_1_6' title="bbox 413 633 1985 706">
     <span class='ocr_line' id='line_1_6' title="bbox 413 633 1985 706; baseline -0.001 -18"><span class='ocrx_word' id='word_1_25' title='bbox 413 641 596 691; x_wconf 86' lang='lat' dir='ltr'><strong>mente</strong></span> <span class='ocrx_word' id='word_1_26' title='bbox 620 637 953 706; x_wconf 83' lang='lat' dir='ltr'><strong>superiorem</strong></span> <span class='ocrx_word' id='word_1_27' title='bbox 983 635 1172 691; x_wconf 90' lang='lat' dir='ltr'><strong>laudes</strong></span> <span class='ocrx_word' id='word_1_28' title='bbox 1196 634 1290 690; x_wconf 86' lang='lat' dir='ltr'><strong>Dei</strong></span> <span class='ocrx_word' id='word_1_29' title='bbox 1319 635 1616 705; x_wconf 66' lang='lat' dir='ltr'><strong>praedicat:</strong></span> <span class='ocrx_word' id='word_1_30' title='bbox 1645 650 1710 689; x_wconf 81' lang='lat' dir='ltr'><strong>ex</strong></span> <span class='ocrx_word' id='word_1_31' title='bbox 1745 634 1812 688; x_wconf 90' lang='lat' dir='ltr'><strong>iis</strong></span> <span class='ocrx_word' id='word_1_32' title='bbox 1839 633 1985 689; x_wconf 90' lang='lat' dir='ltr'><strong>enim</strong></span> 
     </span>
    </p>
   </div>
   <div class='ocr_carea' id='block_1_7' title="bbox 413 723 1989 798">
    <p class='ocr_par' dir='ltr' id='par_1_7' title="bbox 413 723 1989 798">
     <span class='ocr_line' id='line_1_7' title="bbox 413 723 1989 798; baseline -0.003 -15"><span class='ocrx_word' id='word_1_33' title='bbox 413 743 535 798; x_wconf 65' lang='lat' dir='ltr'><strong>qua:</strong></span> <span class='ocrx_word' id='word_1_34' title='bbox 582 728 637 783; x_wconf 90' lang='lat' dir='ltr'><strong>in</strong></span> <span class='ocrx_word' id='word_1_35' title='bbox 670 730 788 798; x_wconf 90' lang='lat' dir='ltr'><strong>ipso</strong></span> <span class='ocrx_word' id='word_1_36' title='bbox 821 729 1043 784; x_wconf 90' lang='lat' dir='ltr'><strong>minime</strong></span> <span class='ocrx_word' id='word_1_37' title='bbox 1083 727 1340 784; x_wconf 86' lang='lat' dir='ltr'><strong>videntur</strong></span> <span class='ocrx_word' id='word_1_38' title='bbox 1390 726 1823 783; x_wconf 75' lang='lat' dir='ltr'><strong>eminentissime</strong></span> <span class='ocrx_word' id='word_1_39' title='bbox 1864 723 1989 779; x_wconf 89' lang='lat' dir='ltr'><strong>ado-</strong></span> 
     </span>
    </p>
   </div>
   <div class='ocr_carea' id='block_1_8' title="bbox 413 817 1988 883">
    <p class='ocr_par' dir='ltr' id='par_1_8' title="bbox 413 817 1988 883">
     <span class='ocr_line' id='line_1_8' title="bbox 413 817 1988 883; baseline -0.002 -11"><span class='ocrx_word' id='word_1_40' title='bbox 413 827 590 880; x_wconf 85' lang='lat' dir='ltr'><strong>ratur,</strong></span> <span class='ocrx_word' id='word_1_41' title='bbox 627 820 790 874; x_wconf 86' lang='lat' dir='ltr'><strong>veluti</strong></span> <span class='ocrx_word' id='word_1_42' title='bbox 831 826 890 872; x_wconf 88' lang='lat' dir='ltr'><strong>ut</strong></span> <span class='ocrx_word' id='word_1_43' title='bbox 915 819 1304 883; x_wconf 80' lang='lat' dir='ltr'><strong>immortalis,</strong></span> <span class='ocrx_word' id='word_1_44' title='bbox 1345 826 1406 873; x_wconf 91' lang='lat' dir='ltr'><strong>ut</strong></span> <span class='ocrx_word' id='word_1_45' title='bbox 1456 817 1900 881; x_wconf 76' lang='lat' dir='ltr'><strong>interminabilis,</strong></span> <span class='ocrx_word' id='word_1_46' title='bbox 1932 823 1988 871; x_wconf 90' lang='lat' dir='ltr'><strong>et</strong></span> 
     </span>
    </p>
   </div>
   <div class='ocr_carea' id='block_1_9' title="bbox 415 909 1990 982">
    <p class='ocr_par' dir='ltr' id='par_1_9' title="bbox 415 909 1990 982">
     <span class='ocr_line' id='line_1_9' title="bbox 415 909 1990 982; baseline -0.002 -15"><span class='ocrx_word' id='word_1_47' title='bbox 415 911 727 977; x_wconf 87' lang='lat' dir='ltr'><strong>invisibilis,</strong></span> <span class='ocrx_word' id='word_1_48' title='bbox 757 922 810 966; x_wconf 91' lang='lat' dir='ltr'><strong>et</strong></span> <span class='ocrx_word' id='word_1_49' title='bbox 844 912 1004 982; x_wconf 86' lang='grc' dir='ltr'><strong>ιιο</strong></span> <span class='ocrx_word' id='word_1_50' title='bbox 1054 911 1261 966; x_wconf 85' lang='lat' dir='ltr'><strong>nullius</strong></span> <span class='ocrx_word' id='word_1_51' title='bbox 1309 911 1580 982; x_wconf 79' lang='lat' dir='ltr'><strong>indigens,</strong></span> <span class='ocrx_word' id='word_1_52' title='bbox 1610 917 1664 965; x_wconf 91' lang='lat' dir='ltr'><strong>et</strong></span> <span class='ocrx_word' id='word_1_53' title='bbox 1694 917 1890 964; x_wconf 83' lang='lat' dir='ltr'><strong>caetera</strong></span> <span class='ocrx_word' id='word_1_54' title='bbox 1922 909 1990 964; x_wconf 90' lang='lat' dir='ltr'><strong>si-</strong></span> 
     </span>
    </p>
   </div>
   <div class='ocr_carea' id='block_1_10' title="bbox 412 1001 1984 1060">
    <p class='ocr_par' dir='ltr' id='par_1_10' title="bbox 412 1001 1984 1060">
     <span class='ocr_line' id='line_1_10' title="bbox 412 1001 1984 1060; baseline -0.002 -2"><span class='ocrx_word' id='word_1_55' title='bbox 412 1003 560 1058; x_wconf 85' lang='lat' dir='ltr'><strong>milia</strong></span> <span class='ocrx_word' id='word_1_56' title='bbox 588 1023 601 1057; x_wconf 89' lang='lat'><strong>:</strong></span> <span class='ocrx_word' id='word_1_57' title='bbox 629 1011 758 1058; x_wconf 90' lang='lat' dir='ltr'><strong>sunt</strong></span> <span class='ocrx_word' id='word_1_58' title='bbox 807 1005 954 1060; x_wconf 85' lang='lat' dir='ltr'><strong>enim</strong></span> <span class='ocrx_word' id='word_1_59' title='bbox 993 1004 1110 1058; x_wconf 65' lang='lat' dir='ltr'><strong>haec</strong></span> <span class='ocrx_word' id='word_1_60' title='bbox 1159 1003 1324 1060; x_wconf 91' lang='lat' dir='ltr'><strong>etiam</strong></span> <span class='ocrx_word' id='word_1_61' title='bbox 1345 1001 1598 1057; x_wconf 88' lang='lat' dir='ltr'><strong>Trinitati</strong></span> <span class='ocrx_word' id='word_1_62' title='bbox 1639 1001 1984 1057; x_wconf 89' lang='lat' dir='ltr'><strong>communia:</strong></span> 
     </span>
    </p>
   </div>
   <div class='ocr_carea' id='block_1_11' title="bbox 412 1095 1989 1166">
    <p class='ocr_par' dir='ltr' id='par_1_11' title="bbox 412 1095 1989 1166">
     <span class='ocr_line' id='line_1_11' title="bbox 412 1095 1989 1166; baseline -0.001 -17"><span class='ocrx_word' id='word_1_63' title='bbox 412 1111 577 1166; x_wconf 89' lang='lat' dir='ltr'><strong>porro</strong></span> <span class='ocrx_word' id='word_1_64' title='bbox 619 1112 798 1150; x_wconf 78' lang='lat' dir='ltr'><strong>causa:</strong></span> <span class='ocrx_word' id='word_1_65' title='bbox 835 1097 1096 1151; x_wconf 85' lang='lat' dir='ltr'><strong>rationem</strong></span> <span class='ocrx_word' id='word_1_66' title='bbox 1138 1095 1386 1151; x_wconf 75' lang='lat' dir='ltr'><strong>habentia</strong></span> <span class='ocrx_word' id='word_1_67' title='bbox 1415 1103 1546 1151; x_wconf 92' lang='lat' dir='ltr'><strong>sunt</strong></span> <span class='ocrx_word' id='word_1_68' title='bbox 1577 1111 1699 1166; x_wconf 64' lang='lat' dir='ltr'><strong>quae</strong></span> <span class='ocrx_word' id='word_1_69' title='bbox 1746 1095 1802 1149; x_wconf 89' lang='lat' dir='ltr'><strong>in</strong></span> <span class='ocrx_word' id='word_1_70' title='bbox 1834 1109 1989 1149; x_wconf 86' lang='lat' dir='ltr'><strong>crea—</strong></span> 
     </span>
    </p>
   </div>
   <div class='ocr_carea' id='block_1_12' title="bbox 411 1187 1988 1259">
    <p class='ocr_par' dir='ltr' id='par_1_12' title="bbox 411 1187 1988 1259">
     <span class='ocr_line' id='line_1_12' title="bbox 411 1187 1988 1259; baseline 0.001 -20"><span class='ocrx_word' id='word_1_71' title='bbox 411 1188 560 1244; x_wconf 89' lang='lat' dir='ltr'><strong>tione</strong></span> <span class='ocrx_word' id='word_1_72' title='bbox 604 1188 675 1244; x_wconf 90' lang='lat' dir='ltr'><strong>ab</strong></span> <span class='ocrx_word' id='word_1_73' title='bbox 706 1188 829 1259; x_wconf 90' lang='lat' dir='ltr'><strong>ipso</strong></span> <span class='ocrx_word' id='word_1_74' title='bbox 862 1197 1220 1253; x_wconf 83' lang='lat' dir='ltr'><strong>emanarunt,</strong></span> <span class='ocrx_word' id='word_1_75' title='bbox 1262 1197 1525 1259; x_wconf 86' lang='lat' dir='ltr'><strong>tanquam</strong></span> <span class='ocrx_word' id='word_1_76' title='bbox 1569 1189 1810 1244; x_wconf 68' lang='lat' dir='ltr'><strong>universi</strong></span> <span class='ocrx_word' id='word_1_77' title='bbox 1859 1187 1988 1243; x_wconf 90' lang='lat' dir='ltr'><strong>boni</strong></span> 
     </span>
    </p>
   </div>
   <div class='ocr_carea' id='block_1_13' title="bbox 411 1279 1986 1351">
    <p class='ocr_par' dir='ltr' id='par_1_13' title="bbox 411 1279 1986 1351">
     <span class='ocr_line' id='line_1_13' title="bbox 411 1279 1986 1351; baseline 0.001 -18"><span class='ocrx_word' id='word_1_78' title='bbox 411 1287 657 1344; x_wconf 88' lang='lat' dir='ltr'><strong>auctore,</strong></span> <span class='ocrx_word' id='word_1_79' title='bbox 692 1283 836 1336; x_wconf 86' lang='lat' dir='ltr'><strong>sicut</strong></span> <span class='ocrx_word' id='word_1_80' title='bbox 873 1281 1136 1351; x_wconf 88' lang='lat' dir='ltr'><strong>scriptum</strong></span> <span class='ocrx_word' id='word_1_81' title='bbox 1167 1291 1270 1347; x_wconf 90' lang='lat' dir='ltr'><strong>est,</strong></span> <span class='ocrx_word' id='word_1_82' title='bbox 1302 1299 1452 1336; x_wconf 87' lang='lat' dir='ltr'><strong>omne</strong></span> <span class='ocrx_word' id='word_1_83' title='bbox 1485 1280 1678 1336; x_wconf 84' lang='lat' dir='ltr'><strong>bonum</strong></span> <span class='ocrx_word' id='word_1_84' title='bbox 1719 1279 1832 1350; x_wconf 85' lang='lat' dir='ltr'><strong>ejus</strong></span> <span class='ocrx_word' id='word_1_85' title='bbox 1853 1297 1986 1335; x_wconf 85' lang='lat' dir='ltr'><strong>esse.</strong></span> 
     </span>
    </p>
   </div>
   <div class='ocr_carea' id='block_1_14' title="bbox 485 1372 1990 1445">
    <p class='ocr_par' dir='ltr' id='par_1_14' title="bbox 485 1372 1990 1445">
     <span class='ocr_line' id='line_1_14' title="bbox 485 1372 1990 1445; baseline -0.001 -17"><span class='ocrx_word' id='word_1_86' title='bbox 485 1373 688 1428; x_wconf 84' lang='lat' dir='ltr'><strong>Patris.</strong></span> <span class='ocrx_word' id='word_1_87' title='bbox 745 1372 1215 1438; x_wconf 86' lang='lat' dir='ltr'><strong>Subaudiendum,</strong></span> <span class='ocrx_word' id='word_1_88' title='bbox 1257 1389 1457 1430; x_wconf 89' lang='lat' dir='ltr'><strong>nomen</strong></span> <span class='ocrx_word' id='word_1_89' title='bbox 1499 1374 1645 1445; x_wconf 89' lang='lat' dir='ltr'><strong>quod</strong></span> <span class='ocrx_word' id='word_1_90' title='bbox 1691 1373 1990 1428; x_wconf 84' lang='lat' dir='ltr'><strong>essentiam</strong></span> 
     </span>
    </p>
   </div>
   <div class='ocr_carea' id='block_1_15' title="bbox 413 1462 1979 1535">
    <p class='ocr_par' dir='ltr' id='par_1_15' title="bbox 413 1462 1979 1535">
     <span class='ocr_line' id='line_1_15' title="bbox 413 1462 1979 1535; baseline -0.001 -17"><span class='ocrx_word' id='word_1_91' title='bbox 413 1471 660 1533; x_wconf 87' lang='lat' dir='ltr'><strong>superat,</strong></span> <span class='ocrx_word' id='word_1_92' title='bbox 694 1464 838 1520; x_wconf 90' lang='lat' dir='ltr'><strong>sicut</strong></span> <span class='ocrx_word' id='word_1_93' title='bbox 869 1464 922 1518; x_wconf 93' lang='lat' dir='ltr'><strong>in</strong></span> <span class='ocrx_word' id='word_1_94' title='bbox 949 1462 1128 1526; x_wconf 83' lang='lat' dir='ltr'><strong>Patre,</strong></span> <span class='ocrx_word' id='word_1_95' title='bbox 1159 1466 1230 1518; x_wconf 89' lang='lat' dir='ltr'><strong>ita</strong></span> <span class='ocrx_word' id='word_1_96' title='bbox 1280 1466 1334 1519; x_wconf 89' lang='lat' dir='ltr'><strong>in</strong></span> <span class='ocrx_word' id='word_1_97' title='bbox 1364 1463 1502 1523; x_wconf 87' lang='lat' dir='ltr'><strong>Filio</strong></span> <span class='ocrx_word' id='word_1_98' title='bbox 1532 1472 1586 1520; x_wconf 86' lang='lat' dir='ltr'><strong>et</strong></span> <span class='ocrx_word' id='word_1_99' title='bbox 1619 1462 1826 1535; x_wconf 85' lang='lat' dir='ltr'><strong>Spiritu</strong></span> <span class='ocrx_word' id='word_1_100' title='bbox 1858 1477 1979 1517; x_wconf 87' lang='lat' dir='ltr'><strong>san-</strong></span> 
     </span>
    </p>
   </div>
   <div class='ocr_carea' id='block_1_16' title="bbox 412 1551 1992 1618">
    <p class='ocr_par' dir='ltr' id='par_1_16' title="bbox 412 1551 1992 1618">
     <span class='ocr_line' id='line_1_16' title="bbox 412 1551 1992 1618; baseline -0.002 -10"><span class='ocrx_word' id='word_1_101' title='bbox 412 1563 524 1610; x_wconf 82' lang='lat' dir='ltr'><strong>cto.</strong></span> <span class='ocrx_word' id='word_1_102' title='bbox 567 1555 630 1609; x_wconf 85' lang='lat' dir='ltr'><strong>In</strong></span> <span class='ocrx_word' id='word_1_103' title='bbox 667 1554 946 1610; x_wconf 88' lang='lat' dir='ltr'><strong>distinctis</strong></span> <span class='ocrx_word' id='word_1_104' title='bbox 978 1565 1158 1611; x_wconf 89' lang='lat' dir='ltr'><strong>autem</strong></span> <span class='ocrx_word' id='word_1_105' title='bbox 1202 1564 1406 1611; x_wconf 65' lang='lat' dir='ltr'><strong>sancta:</strong></span> <span class='ocrx_word' id='word_1_106' title='bbox 1435 1554 1743 1618; x_wconf 87' lang='lat' dir='ltr'><strong>Trinitatis,</strong></span> <span class='ocrx_word' id='word_1_107' title='bbox 1781 1551 1992 1608; x_wconf 85' lang='lat' dir='ltr'><strong>scilicet</strong></span> 
     </span>
    </p>
   </div>
   <div class='ocr_carea' id='block_1_17' title="bbox 413 1643 1990 1719">
    <p class='ocr_par' dir='ltr' id='par_1_17' title="bbox 413 1643 1990 1719">
     <span class='ocr_line' id='line_1_17' title="bbox 413 1643 1990 1719; baseline -0.002 -19"><span class='ocrx_word' id='word_1_108' title='bbox 413 1643 748 1712; x_wconf 87' lang='lat' dir='ltr'><strong>nominibus,</strong></span> <span class='ocrx_word' id='word_1_109' title='bbox 781 1647 985 1701; x_wconf 90' lang='lat' dir='ltr'><strong>nullam</strong></span> <span class='ocrx_word' id='word_1_110' title='bbox 1019 1645 1285 1719; x_wconf 90' lang='lat' dir='ltr'><strong>[omnino]</strong></span> <span class='ocrx_word' id='word_1_111' title='bbox 1317 1654 1411 1702; x_wconf 87' lang='lat' dir='ltr'><strong>aut</strong></span> <span class='ocrx_word' id='word_1_112' title='bbox 1439 1662 1562 1703; x_wconf 89' lang='lat' dir='ltr'><strong>esse</strong></span> <span class='ocrx_word' id='word_1_113' title='bbox 1592 1644 1990 1716; x_wconf 89' lang='lat' dir='ltr'><strong>reciprocatio-</strong></span> 
     </span>
    </p>
   </div>
   <div class='ocr_carea' id='block_1_18' title="bbox 413 1735 1994 1808">
    <p class='ocr_par' dir='ltr' id='par_1_18' title="bbox 413 1735 1994 1808">
     <span class='ocr_line' id='line_1_18' title="bbox 413 1735 1994 1808; baseline -0.003 -16"><span class='ocrx_word' id='word_1_114' title='bbox 413 1754 539 1794; x_wconf 85' lang='lat' dir='ltr'><strong>nem</strong></span> <span class='ocrx_word' id='word_1_115' title='bbox 586 1746 680 1792; x_wconf 88' lang='lat' dir='ltr'><strong>aut</strong></span> <span class='ocrx_word' id='word_1_116' title='bbox 717 1739 1198 1803; x_wconf 88' lang='lat' dir='ltr'><strong>communionem;</strong></span> <span class='ocrx_word' id='word_1_117' title='bbox 1250 1754 1429 1808; x_wconf 90' lang='lat' dir='ltr'><strong>neque</strong></span> <span class='ocrx_word' id='word_1_118' title='bbox 1481 1738 1628 1792; x_wconf 89' lang='lat' dir='ltr'><strong>enim</strong></span> <span class='ocrx_word' id='word_1_119' title='bbox 1663 1735 1825 1791; x_wconf 90' lang='lat' dir='ltr'><strong>Pater</strong></span> <span class='ocrx_word' id='word_1_120' title='bbox 1864 1735 1994 1789; x_wconf 63' lang='lat' dir='ltr'><strong>reli»</strong></span> 
     </span>
    </p>
   </div>
   <div class='ocr_carea' id='block_1_19' title="bbox 2091 632 3673 708">
    <p class='ocr_par' dir='ltr' id='par_1_19' title="bbox 2091 632 3673 708">
     <span class='ocr_line' id='line_1_19' title="bbox 2091 632 3673 708; baseline -0.003 -19"><span class='ocrx_word' id='word_1_121' title='bbox 2091 636 2230 708; x_wconf 78' lang='grc' dir='ltr'>ὑπὲρ</span> <span class='ocrx_word' id='word_1_122' title='bbox 2261 634 2470 689; x_wconf 74' lang='grc' dir='ltr'>ἔννοιαν</span> <span class='ocrx_word' id='word_1_123' title='bbox 2499 633 2863 702; x_wconf 82' lang='grc' dir='ltr'>δοξολογεῖται</span> <span class='ocrx_word' id='word_1_124' title='bbox 2887 651 2900 665; x_wconf 73' lang='grc' dir='ltr'><strong>ο</strong></span> <span class='ocrx_word' id='word_1_125' title='bbox 2937 633 3001 688; x_wconf 81' lang='grc' dir='ltr'>ὲκ</span> <span class='ocrx_word' id='word_1_126' title='bbox 3033 633 3142 705; x_wconf 85' lang='grc' dir='ltr'><strong>γὰρ</strong></span> <span class='ocrx_word' id='word_1_127' title='bbox 3170 632 3277 689; x_wconf 84' lang='grc' dir='ltr'><strong>τῶν</strong></span> <span class='ocrx_word' id='word_1_128' title='bbox 3313 633 3388 704; x_wconf 78' lang='grc' dir='ltr'>μὴ</span> <span class='ocrx_word' id='word_1_129' title='bbox 3434 633 3673 706; x_wconf 80' lang='grc' dir='ltr'>θεωρου-</span> 
     </span>
    </p>
   </div>
   <div class='ocr_carea' id='block_1_20' title="bbox 2092 726 3672 800">
    <p class='ocr_par' dir='ltr' id='par_1_20' title="bbox 2092 726 3672 800">
     <span class='ocr_line' id='line_1_20' title="bbox 2092 726 3672 800; baseline -0.001 -20"><span class='ocrx_word' id='word_1_130' title='bbox 2092 730 2267 800; x_wconf 83' lang='grc' dir='ltr'><strong>μένων</strong></span> <span class='ocrx_word' id='word_1_131' title='bbox 2298 729 2427 800; x_wconf 79' lang='grc' dir='ltr'>περὶ</span> <span class='ocrx_word' id='word_1_132' title='bbox 2454 728 2616 782; x_wconf 79' lang='grc' dir='ltr'>αὐτὸν</span> <span class='ocrx_word' id='word_1_133' title='bbox 2667 726 3224 800; x_wconf 79' lang='grc' dir='ltr'>ὑπεραναϐεόηκὸτως</span> <span class='ocrx_word' id='word_1_134' title='bbox 3265 730 3672 798; x_wconf 82' lang='grc' dir='ltr'><strong>προσκυνεῖται,</strong></span> 
     </span>
    </p>
   </div>
   <div class='ocr_carea' id='block_1_21' title="bbox 2087 815 3676 890">
    <p class='ocr_par' dir='ltr' id='par_1_21' title="bbox 2087 815 3676 890">
     <span class='ocr_line' id='line_1_21' title="bbox 2087 815 3676 890; baseline -0.002 -15"><span class='ocrx_word' id='word_1_135' title='bbox 2087 815 2199 875; x_wconf 70' lang='grc' dir='ltr'>οἷον</span> <span class='ocrx_word' id='word_1_136' title='bbox 2221 819 2297 884; x_wconf 86' lang='grc' dir='ltr'><strong>ὡς</strong></span> <span class='ocrx_word' id='word_1_137' title='bbox 2321 819 2607 885; x_wconf 84' lang='grc' dir='ltr'>ἀθάνατος,</span> <span class='ocrx_word' id='word_1_138' title='bbox 2639 820 2716 883; x_wconf 86' lang='grc' dir='ltr'>ὡς</span> <span class='ocrx_word' id='word_1_139' title='bbox 2757 819 3111 890; x_wconf 86' lang='grc' dir='ltr'>ἀτελεύτητος</span> <span class='ocrx_word' id='word_1_140' title='bbox 3143 819 3238 873; x_wconf 79' lang='grc' dir='ltr'><strong>καὶ</strong></span> <span class='ocrx_word' id='word_1_141' title='bbox 3275 819 3536 890; x_wconf 87' lang='grc' dir='ltr'>ἀόρατος,</span> <span class='ocrx_word' id='word_1_142' title='bbox 3579 820 3676 873; x_wconf 72' lang='grc' dir='ltr'><strong>καὶ</strong></span> 
     </span>
    </p>
   </div>
   <div class='ocr_carea' id='block_1_22' title="bbox 2088 910 3676 984">
    <p class='ocr_par' dir='ltr' id='par_1_22' title="bbox 2088 910 3676 984">
     <span class='ocr_line' id='line_1_22' title="bbox 2088 910 3676 984; baseline -0.001 -18"><span class='ocrx_word' id='word_1_143' title='bbox 2088 913 2358 984; x_wconf 82' lang='grc' dir='ltr'>ἀνενδεὴς,</span> <span class='ocrx_word' id='word_1_144' title='bbox 2377 914 2469 966; x_wconf 60' lang='grc' dir='ltr'><strong>καὶ¹</strong></span> <span class='ocrx_word' id='word_1_145' title='bbox 2489 914 2588 966; x_wconf 83' lang='grc' dir='ltr'>ὅσα</span> <span class='ocrx_word' id='word_1_146' title='bbox 2603 910 2828 966; x_wconf 78' lang='grc' dir='ltr'>τοιαῦτα</span> <span class='ocrx_word' id='word_1_147' title='bbox 2843 929 2857 943; x_wconf 70' lang='grc'><strong><em>⁸</em></strong></span> <span class='ocrx_word' id='word_1_148' title='bbox 2888 911 3041 966; x_wconf 87' lang='grc' dir='ltr'>κοινὰ</span> <span class='ocrx_word' id='word_1_149' title='bbox 3065 911 3175 984; x_wconf 88' lang='grc' dir='ltr'>γὰρ</span> <span class='ocrx_word' id='word_1_150' title='bbox 3201 911 3302 982; x_wconf 77' lang='grc' dir='ltr'>τῆς</span> <span class='ocrx_word' id='word_1_151' title='bbox 3329 911 3558 983; x_wconf 82' lang='grc' dir='ltr'>Τριάδος</span> <span class='ocrx_word' id='word_1_152' title='bbox 3580 913 3676 964; x_wconf 76' lang='grc' dir='ltr'>καὶ</span> 
     </span>
    </p>
   </div>
   <div class='ocr_carea' id='block_1_23' title="bbox 2087 1003 3676 1076">
    <p class='ocr_par' dir='ltr' id='par_1_23' title="bbox 2087 1003 3676 1076">
     <span class='ocr_line' id='line_1_23' title="bbox 2087 1003 3676 1076; baseline -0.001 -18"><span class='ocrx_word' id='word_1_153' title='bbox 2087 1003 2262 1060; x_wconf 82' lang='grc' dir='ltr'>ταῦτα</span> <span class='ocrx_word' id='word_1_154' title='bbox 2279 1021 2292 1036; x_wconf 81' lang='lat'><strong><em>°</em></strong></span> <span class='ocrx_word' id='word_1_155' title='bbox 2314 1005 2679 1074; x_wconf 75' lang='grc' dir='ltr'>αίτιολογικὰ</span> <span class='ocrx_word' id='word_1_156' title='bbox 2705 1003 2760 1058; x_wconf 80' lang='grc' dir='ltr'><strong>δέ</strong></span> <span class='ocrx_word' id='word_1_157' title='bbox 2783 1007 2921 1058; x_wconf 81' lang='grc' dir='ltr'>εἰσιν</span> <span class='ocrx_word' id='word_1_158' title='bbox 2943 1005 3042 1058; x_wconf 84' lang='grc' dir='ltr'><strong>ὅσα</strong></span> <span class='ocrx_word' id='word_1_159' title='bbox 3070 1005 3164 1058; x_wconf 77' lang='grc' dir='ltr'><strong>επὶ</strong></span> <span class='ocrx_word' id='word_1_160' title='bbox 3189 1005 3288 1076; x_wconf 84' lang='grc' dir='ltr'>τὴν</span> <span class='ocrx_word' id='word_1_161' title='bbox 3317 1005 3494 1058; x_wconf 82' lang='grc' dir='ltr'><strong>κτίσιν</strong></span> <span class='ocrx_word' id='word_1_162' title='bbox 3510 1004 3554 1037; x_wconf 74' lang='grc'><strong><em>⁸⁵</em></strong></span> <span class='ocrx_word' id='word_1_163' title='bbox 3582 1004 3676 1076; x_wconf 74' lang='grc' dir='ltr'><strong>ερ-</strong></span> 
     </span>
    </p>
   </div>
   <div class='ocr_carea' id='block_1_24' title="bbox 2092 1095 3676 1170">
    <p class='ocr_par' dir='ltr' id='par_1_24' title="bbox 2092 1095 3676 1170">
     <span class='ocr_line' id='line_1_24' title="bbox 2092 1095 3676 1170; baseline -0.001 -19"><span class='ocrx_word' id='word_1_164' title='bbox 2092 1100 2250 1170; x_wconf 82' lang='grc' dir='ltr'>ρευσε</span> <span class='ocrx_word' id='word_1_165' title='bbox 2283 1099 2413 1169; x_wconf 89' lang='grc' dir='ltr'>παρ’</span> <span class='ocrx_word' id='word_1_166' title='bbox 2440 1095 2604 1152; x_wconf 82' lang='grc' dir='ltr'>αὑτοῦ</span> <span class='ocrx_word' id='word_1_167' title='bbox 2627 1137 2642 1161; x_wconf 91' lang='grc'><strong>,</strong></span> <span class='ocrx_word' id='word_1_168' title='bbox 2687 1097 2781 1150; x_wconf 81' lang='grc' dir='ltr'>ἆτε</span> <span class='ocrx_word' id='word_1_169' title='bbox 2810 1098 2983 1152; x_wconf 79' lang='grc' dir='ltr'>αἰτίου</span> <span class='ocrx_word' id='word_1_170' title='bbox 3021 1096 3222 1161; x_wconf 84' lang='grc' dir='ltr'>παντὸς</span> <span class='ocrx_word' id='word_1_171' title='bbox 3249 1096 3414 1150; x_wconf 82' lang='grc' dir='ltr'>καλοῦ</span> <span class='ocrx_word' id='word_1_172' title='bbox 3435 1139 3449 1162; x_wconf 87' lang='grc'><strong>,</strong></span> <span class='ocrx_word' id='word_1_173' title='bbox 3479 1096 3554 1160; x_wconf 81' lang='grc' dir='ltr'>ὡς</span> <span class='ocrx_word' id='word_1_174' title='bbox 3585 1096 3676 1167; x_wconf 81' lang='grc' dir='ltr'><strong>γέ-</strong></span> 
     </span>
    </p>
   </div>
   <div class='ocr_carea' id='block_1_25' title="bbox 2089 1185 3267 1260">
    <p class='ocr_par' dir='ltr' id='par_1_25' title="bbox 2089 1185 3267 1260">
     <span class='ocr_line' id='line_1_25' title="bbox 2089 1185 3267 1260; baseline -0.001 -17"><span class='ocrx_word' id='word_1_175' title='bbox 2089 1205 2361 1260; x_wconf 86' lang='grc' dir='ltr'>γραπται,</span> <span class='ocrx_word' id='word_1_176' title='bbox 2387 1189 2481 1256; x_wconf 65' lang='lat' dir='ltr'><strong>{an</strong></span> <span class='ocrx_word' id='word_1_177' title='bbox 2521 1185 2644 1243; x_wconf 79' lang='grc' dir='ltr'><strong>πᾶν</strong></span> <span class='ocrx_word' id='word_1_178' title='bbox 2684 1187 2814 1244; x_wconf 85' lang='grc' dir='ltr'>ἐστι</span> <span class='ocrx_word' id='word_1_179' title='bbox 2843 1189 3033 1243; x_wconf 76' lang='grc' dir='ltr'>καλὸν</span> <span class='ocrx_word' id='word_1_180' title='bbox 3059 1188 3267 1243; x_wconf 83' lang='grc' dir='ltr'>αὐτοῦ.</span> 
     </span>
    </p>
   </div>
   <div class='ocr_carea' id='block_1_26' title="bbox 2166 1278 3673 1352">
    <p class='ocr_par' dir='ltr' id='par_1_26' title="bbox 2166 1278 3673 1352">
     <span class='ocr_line' id='line_1_26' title="bbox 2166 1278 3673 1352; baseline -0.001 -18"><span class='ocrx_word' id='word_1_181' title='bbox 2166 1279 2234 1334; x_wconf 80' lang='grc' dir='ltr'><strong>Τὸ</strong></span> <span class='ocrx_word' id='word_1_182' title='bbox 2265 1279 2370 1334; x_wconf 87' lang='grc' dir='ltr'>τοῦ</span> <span class='ocrx_word' id='word_1_183' title='bbox 2396 1281 2646 1348; x_wconf 85' lang='grc' dir='ltr'><strong>Πατρός.</strong></span> <span class='ocrx_word' id='word_1_184' title='bbox 2683 1278 2839 1333; x_wconf 84' lang='grc' dir='ltr'>Κατὰ</span> <span class='ocrx_word' id='word_1_185' title='bbox 2874 1279 3055 1333; x_wconf 82' lang='grc' dir='ltr'>κοινοῦ</span> <span class='ocrx_word' id='word_1_186' title='bbox 3087 1279 3188 1352; x_wconf 82' lang='grc' dir='ltr'><strong>[δὲ]</strong></span> <span class='ocrx_word' id='word_1_187' title='bbox 3220 1280 3282 1333; x_wconf 83' lang='grc' dir='ltr'>τὸ</span> <span class='ocrx_word' id='word_1_188' title='bbox 3316 1278 3673 1351; x_wconf 81' lang='grc' dir='ltr'>ὑπερούσιον,</span> 
     </span>
    </p>
   </div>
   <div class='ocr_carea' id='block_1_27' title="bbox 2090 1370 3676 1445">
    <p class='ocr_par' dir='ltr' id='par_1_27' title="bbox 2090 1370 3676 1445">
     <span class='ocr_line' id='line_1_27' title="bbox 2090 1370 3676 1445; baseline -0.001 -20"><span class='ocrx_word' id='word_1_189' title='bbox 2090 1371 2166 1436; x_wconf 83' lang='grc' dir='ltr'>ὡς</span> <span class='ocrx_word' id='word_1_190' title='bbox 2197 1371 2291 1426; x_wconf 71' lang='grc' dir='ltr'><strong>ἐπὶ</strong></span> <span class='ocrx_word' id='word_1_191' title='bbox 2318 1370 2412 1426; x_wconf 81' lang='grc' dir='ltr'>τοῦ</span> <span class='ocrx_word' id='word_1_192' title='bbox 2445 1372 2678 1445; x_wconf 84' lang='grc' dir='ltr'>Πατρὸς,</span> <span class='ocrx_word' id='word_1_193' title='bbox 2726 1371 2896 1426; x_wconf 75' lang='grc' dir='ltr'>οὒτωο</span> <span class='ocrx_word' id='word_1_194' title='bbox 2928 1372 3023 1426; x_wconf 74' lang='grc' dir='ltr'>καὶ</span> <span class='ocrx_word' id='word_1_195' title='bbox 3085 1371 3201 1444; x_wconf 74' lang='grc' dir='ltr'><strong>[ἐπὶ</strong></span> <span class='ocrx_word' id='word_1_196' title='bbox 3249 1370 3368 1444; x_wconf 83' lang='grc' dir='ltr'>τοῦ]</span> <span class='ocrx_word' id='word_1_197' title='bbox 3413 1372 3544 1425; x_wconf 87' lang='grc' dir='ltr'><strong>Υἱοῠ</strong></span> <span class='ocrx_word' id='word_1_198' title='bbox 3578 1372 3676 1426; x_wconf 81' lang='grc' dir='ltr'><strong>καὶ</strong></span> 
     </span>
    </p>
   </div>
   <div class='ocr_carea' id='block_1_28' title="bbox 2091 1461 3676 1536">
    <p class='ocr_par' dir='ltr' id='par_1_28' title="bbox 2091 1461 3676 1536">
     <span class='ocr_line' id='line_1_28' title="bbox 2091 1461 3676 1536; baseline -0.001 -19"><span class='ocrx_word' id='word_1_199' title='bbox 2091 1461 2208 1535; x_wconf 73' lang='grc' dir='ltr'>[ἐπὶ</span> <span class='ocrx_word' id='word_1_200' title='bbox 2236 1463 2355 1536; x_wconf 81' lang='grc' dir='ltr'><strong>τοῦ]</strong></span> <span class='ocrx_word' id='word_1_201' title='bbox 2406 1464 2562 1533; x_wconf 86' lang='grc' dir='ltr'>ἁγίου</span> <span class='ocrx_word' id='word_1_202' title='bbox 2617 1463 2954 1535; x_wconf 72' lang='grc' dir='ltr'>Πνεῦματος.</span> <span class='ocrx_word' id='word_1_203' title='bbox 3001 1463 3125 1518; x_wconf 76' lang='grc' dir='ltr'><strong>Ἐπὶ</strong></span> <span class='ocrx_word' id='word_1_204' title='bbox 3158 1463 3216 1517; x_wconf 86' lang='grc' dir='ltr'><strong>δὲ</strong></span> <span class='ocrx_word' id='word_1_205' title='bbox 3249 1463 3359 1517; x_wconf 83' lang='grc' dir='ltr'>τῶν</span> <span class='ocrx_word' id='word_1_206' title='bbox 3395 1463 3676 1536; x_wconf 84' lang='grc' dir='ltr'>διακεκρι-</span> 
     </span>
    </p>
   </div>
   <div class='ocr_carea' id='block_1_29' title="bbox 2094 1552 3674 1628">
    <p class='ocr_par' dir='ltr' id='par_1_29' title="bbox 2094 1552 3674 1628">
     <span class='ocr_line' id='line_1_29' title="bbox 2094 1552 3674 1628; baseline 0 -18"><span class='ocrx_word' id='word_1_207' title='bbox 2094 1555 2267 1628; x_wconf 75' lang='grc' dir='ltr'>μένων</span> <span class='ocrx_word' id='word_1_208' title='bbox 2304 1557 2401 1628; x_wconf 84' lang='grc' dir='ltr'>τῆς</span> <span class='ocrx_word' id='word_1_209' title='bbox 2439 1557 2599 1626; x_wconf 68' lang='grc' dir='ltr'>ἁγίας</span> <span class='ocrx_word' id='word_1_210' title='bbox 2632 1556 2879 1628; x_wconf 86' lang='grc' dir='ltr'>Τριάδος,</span> <span class='ocrx_word' id='word_1_211' title='bbox 2926 1552 3035 1610; x_wconf 75' lang='grc' dir='ltr'>οἷον</span> <span class='ocrx_word' id='word_1_212' title='bbox 3083 1557 3382 1627; x_wconf 79' lang='grc' dir='ltr'><strong>ὀνομάτων,</strong></span> <span class='ocrx_word' id='word_1_213' title='bbox 3418 1557 3674 1628; x_wconf 76' lang='grc' dir='ltr'><strong>οὐδεμίαν</strong></span> 
     </span>
    </p>
   </div>
   <div class='ocr_carea' id='block_1_30' title="bbox 2092 1647 3677 1724">
    <p class='ocr_par' dir='ltr' id='par_1_30' title="bbox 2092 1647 3677 1724">
     <span class='ocr_line' id='line_1_30' title="bbox 2092 1647 3677 1724; baseline -0.001 -22"><span class='ocrx_word' id='word_1_214' title='bbox 2092 1650 2256 1722; x_wconf 72' lang='grc' dir='ltr'>φησιν</span> <span class='ocrx_word' id='word_1_215' title='bbox 2293 1649 2476 1724; x_wconf 83' lang='grc' dir='ltr'>[ὅλως]</span> <span class='ocrx_word' id='word_1_216' title='bbox 2519 1647 2657 1705; x_wconf 81' lang='grc' dir='ltr'>εἶναι</span> <span class='ocrx_word' id='word_1_217' title='bbox 2689 1649 3109 1723; x_wconf 78' lang='grc' dir='ltr'>ἀντιστροφὴνῆ</span> <span class='ocrx_word' id='word_1_218' title='bbox 3146 1649 3460 1704; x_wconf 82' lang='grc' dir='ltr'><strong>κοινωνίαν⁸</strong></span> <span class='ocrx_word' id='word_1_219' title='bbox 3493 1651 3523 1701; x_wconf 85' lang='grc' dir='ltr'>ὁ</span> <span class='ocrx_word' id='word_1_220' title='bbox 3563 1648 3677 1720; x_wconf 79' lang='grc' dir='ltr'>γὰρ</span> 
     </span>
    </p>
   </div>
   <div class='ocr_carea' id='block_1_31' title="bbox 2092 1739 3678 1813">
    <p class='ocr_par' dir='ltr' id='par_1_31' title="bbox 2092 1739 3678 1813">
     <span class='ocr_line' id='line_1_31' title="bbox 2092 1739 3678 1813; baseline -0.001 -19"><span class='ocrx_word' id='word_1_221' title='bbox 2092 1741 2282 1813; x_wconf 83' lang='grc' dir='ltr'>Πατὴρ</span> <span class='ocrx_word' id='word_1_222' title='bbox 2329 1739 2430 1795; x_wconf 78' lang='grc' dir='ltr'>οὒκ</span> <span class='ocrx_word' id='word_1_223' title='bbox 2473 1741 2538 1796; x_wconf 85' lang='grc' dir='ltr'>ἂν</span> <span class='ocrx_word' id='word_1_224' title='bbox 2579 1741 2820 1806; x_wconf 78' lang='grc' dir='ltr'>εὐσεϐῶς</span> <span class='ocrx_word' id='word_1_225' title='bbox 2849 1741 3070 1812; x_wconf 82' lang='grc' dir='ltr'><strong>κληθείη</strong></span> <span class='ocrx_word' id='word_1_226' title='bbox 3102 1741 3262 1804; x_wconf 77' lang='grc' dir='ltr'>Υίόςο</span> <span class='ocrx_word' id='word_1_227' title='bbox 3309 1741 3432 1794; x_wconf 80' lang='grc' dir='ltr'><strong>οὐδὲ</strong></span> <span class='ocrx_word' id='word_1_228' title='bbox 3477 1741 3506 1794; x_wconf 84' lang='grc' dir='ltr'><strong>ὁ</strong></span> <span class='ocrx_word' id='word_1_229' title='bbox 3549 1741 3678 1804; x_wconf 76' lang='grc' dir='ltr'><strong>Υἱὸς</strong></span> 
     </span>
    </p>
   </div>
   <div class='ocr_carea' id='block_1_32' title="bbox 414 1829 2010 1904">
    <p class='ocr_par' dir='ltr' id='par_1_32' title="bbox 414 1829 1992 1901">
     <span class='ocr_line' id='line_1_32' title="bbox 414 1829 1992 1901; baseline -0.001 -18"><span class='ocrx_word' id='word_1_230' title='bbox 414 1831 565 1901; x_wconf 85' lang='lat' dir='ltr'><strong>giose</strong></span> <span class='ocrx_word' id='word_1_231' title='bbox 594 1839 886 1887; x_wconf 77' lang='lat' dir='ltr'><strong>vocaretur</strong></span> <span class='ocrx_word' id='word_1_232' title='bbox 915 1830 1112 1897; x_wconf 89' lang='lat' dir='ltr'><strong>Filius,</strong></span> <span class='ocrx_word' id='word_1_233' title='bbox 1156 1847 1256 1888; x_wconf 89' lang='lat' dir='ltr'><strong>nec</strong></span> <span class='ocrx_word' id='word_1_234' title='bbox 1281 1830 1476 1896; x_wconf 87' lang='lat' dir='ltr'><strong>Filius,</strong></span> <span class='ocrx_word' id='word_1_235' title='bbox 1503 1829 1665 1885; x_wconf 89' lang='lat' dir='ltr'><strong>Pater</strong></span> <span class='ocrx_word' id='word_1_236' title='bbox 1697 1845 1710 1881; x_wconf 93' lang='lat'><strong>:</strong></span> <span class='ocrx_word' id='word_1_237' title='bbox 1739 1829 1992 1898; x_wconf 87' lang='lat' dir='ltr'><strong>idemque</strong></span> 
     </span>
    </p>
   </div>
   <div class='ocr_carea' id='block_1_33' title="bbox 2109 1829 3522 1904">
    <p class='ocr_par' dir='ltr' id='par_1_33' title="bbox 2109 1830 3522 1904">
     <span class='ocr_line' id='line_1_33' title="bbox 2109 1830 3522 1904; baseline 0.001 -19"><span class='ocrx_word' id='word_1_238' title='bbox 2109 1832 2301 1904; x_wconf 73' lang='grc' dir='ltr'>[ιατήρο</span> <span class='ocrx_word' id='word_1_239' title='bbox 2331 1833 2394 1886; x_wconf 80' lang='grc' dir='ltr'>τὸ</span> <span class='ocrx_word' id='word_1_240' title='bbox 2412 1832 2543 1885; x_wconf 75' lang='grc' dir='ltr'>αὐτὸ</span> <span class='ocrx_word' id='word_1_241' title='bbox 2574 1831 2668 1886; x_wconf 77' lang='grc' dir='ltr'>καὶ</span> <span class='ocrx_word' id='word_1_242' title='bbox 2694 1833 2787 1886; x_wconf 76' lang='grc' dir='ltr'><strong>ἐπὶ</strong></span> <span class='ocrx_word' id='word_1_243' title='bbox 2806 1831 2852 1864; x_wconf 74' lang='grc'>⁸⁸</span> <span class='ocrx_word' id='word_1_244' title='bbox 2879 1831 2972 1885; x_wconf 80' lang='grc' dir='ltr'><strong>τοῦ</strong></span> <span class='ocrx_word' id='word_1_245' title='bbox 3003 1831 3157 1900; x_wconf 81' lang='grc' dir='ltr'>ἁγίου</span> <span class='ocrx_word' id='word_1_246' title='bbox 3183 1830 3522 1902; x_wconf 81' lang='grc' dir='ltr'>Πνεύματος.</span> 
     </span>
    </p>
   </div>
   <div class='ocr_carea' id='block_1_34' title="bbox 414 1921 1335 1994">
    <p class='ocr_par' dir='ltr' id='par_1_34' title="bbox 414 1921 1335 1994">
     <span class='ocr_line' id='line_1_34' title="bbox 414 1921 1335 1994; baseline 0 -17"><span class='ocrx_word' id='word_1_247' title='bbox 414 1923 756 1978; x_wconf 84' lang='lat' dir='ltr'><strong>sentiendum</strong></span> <span class='ocrx_word' id='word_1_248' title='bbox 794 1923 861 1979; x_wconf 89' lang='lat' dir='ltr'><strong>de</strong></span> <span class='ocrx_word' id='word_1_249' title='bbox 886 1921 1093 1994; x_wconf 89' lang='lat' dir='ltr'><strong>Spiritu</strong></span> <span class='ocrx_word' id='word_1_250' title='bbox 1123 1930 1335 1978; x_wconf 87' lang='lat' dir='ltr'><strong>sancto.</strong></span> 
     </span>
    </p>
   </div>
   <div class='ocr_carea' id='block_1_35' title="bbox 482 2007 1995 2080">
    <p class='ocr_par' dir='ltr' id='par_1_35' title="bbox 482 2007 1995 2080">
     <span class='ocr_line' id='line_1_35' title="bbox 482 2007 1995 2080; baseline -0.001 -13"><span class='ocrx_word' id='word_1_251' title='bbox 482 2011 614 2068; x_wconf 80' lang='lat' dir='ltr'><strong>Jesu</strong></span> <span class='ocrx_word' id='word_1_252' title='bbox 644 2014 932 2069; x_wconf 82' lang='lat' dir='ltr'><strong>secundum</strong></span> <span class='ocrx_word' id='word_1_253' title='bbox 973 2031 1088 2069; x_wconf 83' lang='lat' dir='ltr'><strong>nos.</strong></span> <span class='ocrx_word' id='word_1_254' title='bbox 1140 2013 1302 2080; x_wconf 79' lang='lat' dir='ltr'><strong>Nota,</strong></span> <span class='ocrx_word' id='word_1_255' title='bbox 1350 2014 1521 2069; x_wconf 90' lang='lat' dir='ltr'><strong>solius</strong></span> <span class='ocrx_word' id='word_1_256' title='bbox 1549 2011 1644 2068; x_wconf 82' lang='lat' dir='ltr'><strong>Dei</strong></span> <span class='ocrx_word' id='word_1_257' title='bbox 1663 2007 1826 2067; x_wconf 81' lang='lat' dir='ltr'><strong>Verbi</strong></span> <span class='ocrx_word' id='word_1_258' title='bbox 1872 2025 1995 2067; x_wconf 85' lang='lat' dir='ltr'><strong>esse</strong></span> 
     </span>
    </p>
   </div>
   <div class='ocr_carea' id='block_1_36' title="bbox 412 2103 1993 2175">
    <p class='ocr_par' dir='ltr' id='par_1_36' title="bbox 412 2103 1993 2175">
     <span class='ocr_line' id='line_1_36' title="bbox 412 2103 1993 2175; baseline -0.003 -15"><span class='ocrx_word' id='word_1_259' title='bbox 412 2106 865 2161; x_wconf 84' lang='lat' dir='ltr'><strong>incarnationem.</strong></span> <span class='ocrx_word' id='word_1_260' title='bbox 910 2104 1146 2162; x_wconf 84' lang='lat' dir='ltr'><strong>Prorsus</strong></span> <span class='ocrx_word' id='word_1_261' title='bbox 1189 2113 1368 2160; x_wconf 89' lang='lat' dir='ltr'><strong>autem</strong></span> <span class='ocrx_word' id='word_1_262' title='bbox 1412 2107 1584 2175; x_wconf 90' lang='lat' dir='ltr'><strong>ipsam</strong></span> <span class='ocrx_word' id='word_1_263' title='bbox 1610 2103 1765 2170; x_wconf 89' lang='lat' dir='ltr'><strong>dicit,</strong></span> <span class='ocrx_word' id='word_1_264' title='bbox 1801 2113 1993 2158; x_wconf 89' lang='lat' dir='ltr'><strong>contra</strong></span> 
     </span>
    </p>
   </div>
   <div class='ocr_carea' id='block_1_37' title="bbox 409 2197 1994 2268">
    <p class='ocr_par' dir='ltr' id='par_1_37' title="bbox 409 2197 1994 2268">
     <span class='ocr_line' id='line_1_37' title="bbox 409 2197 1994 2268; baseline -0.001 -16"><span class='ocrx_word' id='word_1_265' title='bbox 409 2197 1085 2268; x_wconf 81' lang='lat' dir='ltr'><strong>Apollinarium,constare</strong></span> <span class='ocrx_word' id='word_1_266' title='bbox 1124 2197 1462 2268; x_wconf 83' lang='lat' dir='ltr'><strong>intelligente</strong></span> <span class='ocrx_word' id='word_1_267' title='bbox 1505 2197 1688 2252; x_wconf 88' lang='lat' dir='ltr'><strong>anima</strong></span> <span class='ocrx_word' id='word_1_268' title='bbox 1720 2206 1774 2252; x_wconf 90' lang='lat' dir='ltr'><strong>et</strong></span> <span class='ocrx_word' id='word_1_269' title='bbox 1804 2203 1994 2251; x_wconf 89' lang='lat' dir='ltr'><strong>nostro</strong></span> 
     </span>
    </p>
   </div>
   <div class='ocr_carea' id='block_1_38' title="bbox 409 2291 1991 2363">
    <p class='ocr_par' dir='ltr' id='par_1_38' title="bbox 409 2291 1991 2363">
     <span class='ocr_line' id='line_1_38' title="bbox 409 2291 1991 2363; baseline 0.001 -19"><span class='ocrx_word' id='word_1_270' title='bbox 409 2306 672 2360; x_wconf 85' lang='lat' dir='ltr'><strong>corpore;</strong></span> <span class='ocrx_word' id='word_1_271' title='bbox 733 2292 836 2347; x_wconf 86' lang='lat' dir='ltr'><strong>hoc</strong></span> <span class='ocrx_word' id='word_1_272' title='bbox 894 2292 1044 2348; x_wconf 89' lang='lat' dir='ltr'><strong>enim</strong></span> <span class='ocrx_word' id='word_1_273' title='bbox 1097 2292 1340 2348; x_wconf 88' lang='lat' dir='ltr'><strong>declarat</strong></span> <span class='ocrx_word' id='word_1_274' title='bbox 1386 2291 1440 2346; x_wconf 90' lang='lat' dir='ltr'><strong>id</strong></span> <span class='ocrx_word' id='word_1_275' title='bbox 1477 2292 1622 2363; x_wconf 90' lang='lat' dir='ltr'><strong>quod</strong></span> <span class='ocrx_word' id='word_1_276' title='bbox 1677 2292 1796 2363; x_wconf 89' lang='lat' dir='ltr'><strong>ipse</strong></span> <span class='ocrx_word' id='word_1_277' title='bbox 1836 2291 1991 2356; x_wconf 80' lang='lat' dir='ltr'><strong>dicit,</strong></span> 
     </span>
    </p>
   </div>
   <div class='ocr_carea' id='block_1_39' title="bbox 409 2383 1996 2459">
    <p class='ocr_par' dir='ltr' id='par_1_39' title="bbox 409 2383 1996 2459">
     <span class='ocr_line' id='line_1_39' title="bbox 409 2383 1996 2459; baseline 0.001 -22"><span class='ocrx_word' id='word_1_278' title='bbox 409 2383 530 2437; x_wconf 83' lang='grc' dir='ltr'>καθ’</span> <span class='ocrx_word' id='word_1_279' title='bbox 558 2385 728 2456; x_wconf 81' lang='grc' dir='ltr'>ἡμᾶς,</span> <span class='ocrx_word' id='word_1_280' title='bbox 758 2385 898 2439; x_wconf 87' lang='lat' dir='ltr'><strong>sicut</strong></span> <span class='ocrx_word' id='word_1_281' title='bbox 929 2402 1044 2452; x_wconf 84' lang='lat' dir='ltr'><strong>nos,</strong></span> <span class='ocrx_word' id='word_1_282' title='bbox 1075 2385 1223 2458; x_wconf 90' lang='lat' dir='ltr'><strong>quod</strong></span> <span class='ocrx_word' id='word_1_283' title='bbox 1266 2385 1431 2442; x_wconf 91' lang='lat' dir='ltr'><strong>etiam</strong></span> <span class='ocrx_word' id='word_1_284' title='bbox 1479 2386 1705 2459; x_wconf 79' lang='lat' dir='ltr'><strong>Eutychi</strong></span> <span class='ocrx_word' id='word_1_285' title='bbox 1743 2385 1996 2442; x_wconf 85' lang='lat' dir='ltr'><strong>adversa-</strong></span> 
     </span>
    </p>
   </div>
   <div class='ocr_carea' id='block_1_40' title="bbox 408 2475 1993 2548">
    <p class='ocr_par' dir='ltr' id='par_1_40' title="bbox 408 2475 1993 2548">
     <span class='ocr_line' id='line_1_40' title="bbox 408 2475 1993 2548; baseline 0.001 -20"><span class='ocrx_word' id='word_1_286' title='bbox 408 2485 526 2542; x_wconf 80' lang='lat' dir='ltr'><strong>tur;</strong></span> <span class='ocrx_word' id='word_1_287' title='bbox 568 2485 761 2530; x_wconf 90' lang='lat' dir='ltr'><strong>contra</strong></span> <span class='ocrx_word' id='word_1_288' title='bbox 789 2475 1108 2532; x_wconf 84' lang='lat' dir='ltr'><strong>Nestorium</strong></span> <span class='ocrx_word' id='word_1_289' title='bbox 1147 2493 1282 2532; x_wconf 86' lang='lat' dir='ltr'><strong>vero</strong></span> <span class='ocrx_word' id='word_1_290' title='bbox 1313 2486 1396 2533; x_wconf 85' lang='lat' dir='ltr'><strong>est</strong></span> <span class='ocrx_word' id='word_1_291' title='bbox 1439 2478 1584 2548; x_wconf 92' lang='lat' dir='ltr'><strong>quod</strong></span> <span class='ocrx_word' id='word_1_292' title='bbox 1627 2479 1702 2532; x_wconf 91' lang='lat' dir='ltr'><strong>ait</strong></span> <span class='ocrx_word' id='word_1_293' title='bbox 1737 2493 1751 2529; x_wconf 89' lang='lat'><strong>:</strong></span> <span class='ocrx_word' id='word_1_294' title='bbox 1787 2475 1993 2530; x_wconf 87' lang='lat' dir='ltr'><strong>Immu-</strong></span> 
     </span>
    </p>
   </div>
   <div class='ocr_carea' id='block_1_41' title="bbox 411 2569 1994 2642">
    <p class='ocr_par' dir='ltr' id='par_1_41' title="bbox 411 2569 1994 2642">
     <span class='ocr_line' id='line_1_41' title="bbox 411 2569 1994 2642; baseline 0.002 -20"><span class='ocrx_word' id='word_1_295' title='bbox 411 2569 622 2624; x_wconf 86' lang='lat' dir='ltr'><strong>tabilem</strong></span> <span class='ocrx_word' id='word_1_296' title='bbox 653 2569 784 2626; x_wconf 74' lang='lat' dir='ltr'><strong>Iesu</strong></span> <span class='ocrx_word' id='word_1_297' title='bbox 833 2580 1088 2642; x_wconf 87' lang='lat' dir='ltr'><strong>tanquam</strong></span> <span class='ocrx_word' id='word_1_298' title='bbox 1119 2571 1216 2627; x_wconf 84' lang='lat' dir='ltr'><strong>Dei</strong></span> <span class='ocrx_word' id='word_1_299' title='bbox 1249 2573 1476 2627; x_wconf 82' lang='lat' dir='ltr'><strong>similem</strong></span> <span class='ocrx_word' id='word_1_300' title='bbox 1511 2581 1706 2627; x_wconf 63' lang='lat' dir='ltr'><strong>nostra?</strong></span> <span class='ocrx_word' id='word_1_301' title='bbox 1743 2573 1994 2626; x_wconf 71' lang='lat' dir='ltr'><strong>exsistet:—</strong></span> 
     </span>
    </p>
   </div>
   <div class='ocr_carea' id='block_1_42' title="bbox 410 2663 1992 2733">
    <p class='ocr_par' dir='ltr' id='par_1_42' title="bbox 410 2663 1992 2733">
     <span class='ocr_line' id='line_1_42' title="bbox 410 2663 1992 2733; baseline 0.001 -20"><span class='ocrx_word' id='word_1_302' title='bbox 410 2663 564 2724; x_wconf 82' lang='lat' dir='ltr'><strong>tiam,</strong></span> <span class='ocrx_word' id='word_1_303' title='bbox 596 2668 759 2732; x_wconf 89' lang='lat' dir='ltr'><strong>atque</strong></span> <span class='ocrx_word' id='word_1_304' title='bbox 793 2663 938 2733; x_wconf 88' lang='lat' dir='ltr'><strong>quod</strong></span> <span class='ocrx_word' id='word_1_305' title='bbox 974 2663 1110 2718; x_wconf 87' lang='lat' dir='ltr'><strong>dicit</strong></span> <span class='ocrx_word' id='word_1_306' title='bbox 1145 2665 1454 2718; x_wconf 85' lang='lat' dir='ltr'><strong>essentialia</strong></span> <span class='ocrx_word' id='word_1_307' title='bbox 1494 2680 1606 2720; x_wconf 88' lang='lat' dir='ltr'><strong>esse</strong></span> <span class='ocrx_word' id='word_1_308' title='bbox 1643 2663 1992 2717; x_wconf 79' lang='lat' dir='ltr'><strong>humanitatis</strong></span> 
     </span>
    </p>
   </div>
   <div class='ocr_carea' id='block_1_43' title="bbox 409 2755 1994 2828">
    <p class='ocr_par' dir='ltr' id='par_1_43' title="bbox 409 2755 1994 2828">
     <span class='ocr_line' id='line_1_43' title="bbox 409 2755 1994 2828; baseline 0.003 -20"><span class='ocrx_word' id='word_1_309' title='bbox 409 2756 685 2826; x_wconf 83' lang='lat' dir='ltr'><strong>mysteria,</strong></span> <span class='ocrx_word' id='word_1_310' title='bbox 725 2755 922 2812; x_wconf 83' lang='lat' dir='ltr'><strong>famem</strong></span> <span class='ocrx_word' id='word_1_311' title='bbox 945 2795 961 2822; x_wconf 93' lang='lat'><strong>,</strong></span> <span class='ocrx_word' id='word_1_312' title='bbox 993 2757 1399 2823; x_wconf 89' lang='lat' dir='ltr'><strong>lassitudinem,</strong></span> <span class='ocrx_word' id='word_1_313' title='bbox 1433 2773 1598 2828; x_wconf 85' lang='lat' dir='ltr'><strong>super</strong></span> <span class='ocrx_word' id='word_1_314' title='bbox 1633 2771 1805 2828; x_wconf 89' lang='lat' dir='ltr'><strong>aquas</strong></span> <span class='ocrx_word' id='word_1_315' title='bbox 1844 2757 1994 2812; x_wconf 86' lang='lat' dir='ltr'><strong>ince-</strong></span> 
     </span>
    </p>
   </div>
   <div class='ocr_carea' id='block_1_44' title="bbox 409 2847 1992 2921">
    <p class='ocr_par' dir='ltr' id='par_1_44' title="bbox 409 2847 1992 2921">
     <span class='ocr_line' id='line_1_44' title="bbox 409 2847 1992 2921; baseline -0.001 -20"><span class='ocrx_word' id='word_1_316' title='bbox 409 2847 561 2913; x_wconf 88' lang='lat' dir='ltr'><strong>dere,</strong></span> <span class='ocrx_word' id='word_1_317' title='bbox 594 2848 911 2920; x_wconf 83' lang='lat' dir='ltr'><strong>clausisque</strong></span> <span class='ocrx_word' id='word_1_318' title='bbox 955 2847 1168 2905; x_wconf 80' lang='lat' dir='ltr'><strong>l‘oribus</strong></span> <span class='ocrx_word' id='word_1_319' title='bbox 1209 2849 1281 2904; x_wconf 84' lang='lat' dir='ltr'><strong>ad</strong></span> <span class='ocrx_word' id='word_1_320' title='bbox 1313 2851 1616 2920; x_wconf 90' lang='lat' dir='ltr'><strong>discipulos</strong></span> <span class='ocrx_word' id='word_1_321' title='bbox 1672 2849 1906 2921; x_wconf 83' lang='lat' dir='ltr'><strong>ingredi,</strong></span> <span class='ocrx_word' id='word_1_322' title='bbox 1937 2854 1992 2904; x_wconf 90' lang='lat' dir='ltr'><strong>et</strong></span> 
     </span>
    </p>
   </div>
   <div class='ocr_carea' id='block_1_45' title="bbox 410 2943 1988 3014">
    <p class='ocr_par' dir='ltr' id='par_1_45' title="bbox 410 2943 1988 3014">
     <span class='ocr_line' id='line_1_45' title="bbox 410 2943 1988 3014; baseline 0.001 -21"><span class='ocrx_word' id='word_1_323' title='bbox 410 2949 658 2998; x_wconf 85' lang='lat' dir='ltr'><strong>mortuos</strong></span> <span class='ocrx_word' id='word_1_324' title='bbox 699 2943 963 3004; x_wconf 82' lang='lat' dir='ltr'><strong>excitare,</strong></span> <span class='ocrx_word' id='word_1_325' title='bbox 991 2950 1152 3013; x_wconf 89' lang='lat' dir='ltr'><strong>atque</strong></span> <span class='ocrx_word' id='word_1_326' title='bbox 1184 2943 1355 3014; x_wconf 89' lang='lat' dir='ltr'><strong>ipsam</strong></span> <span class='ocrx_word' id='word_1_327' title='bbox 1389 2943 1626 3014; x_wconf 89' lang='lat' dir='ltr'><strong>denique</strong></span> <span class='ocrx_word' id='word_1_328' title='bbox 1653 2943 1988 3014; x_wconf 90' lang='lat' dir='ltr'><strong>passionem,</strong></span> 
     </span>
    </p>
   </div>
   <div class='ocr_carea' id='block_1_46' title="bbox 411 3034 964 3104">
    <p class='ocr_par' dir='ltr' id='par_1_46' title="bbox 411 3034 964 3104">
     <span class='ocr_line' id='line_1_46' title="bbox 411 3034 964 3104; baseline 0.007 -18"><span class='ocrx_word' id='word_1_329' title='bbox 411 3043 721 3104; x_wconf 62' lang='lat' dir='ltr'><strong>cmteraquc</strong></span> <span class='ocrx_word' id='word_1_330' title='bbox 744 3034 964 3090; x_wconf 87' lang='lat' dir='ltr'><strong>similia.</strong></span> 
     </span>
    </p>
   </div>
   <div class='ocr_carea' id='block_1_47' title="bbox 480 3124 1988 3198">
    <p class='ocr_par' dir='ltr' id='par_1_47' title="bbox 480 3124 1988 3198">
     <span class='ocr_line' id='line_1_47' title="bbox 480 3124 1988 3198; baseline 0 -18"><span class='ocrx_word' id='word_1_331' title='bbox 480 3124 876 3180; x_wconf 82' lang='lat' dir='ltr'><strong>Substantiatia</strong></span> <span class='ocrx_word' id='word_1_332' title='bbox 912 3128 1186 3198; x_wconf 84' lang='lat' dir='ltr'><strong>mysteria.</strong></span> <span class='ocrx_word' id='word_1_333' title='bbox 1217 3126 1356 3183; x_wconf 87' lang='lat' dir='ltr'><strong>Nota</strong></span> <span class='ocrx_word' id='word_1_334' title='bbox 1382 3129 1690 3183; x_wconf 84' lang='lat' dir='ltr'><strong>essentiatia</strong></span> <span class='ocrx_word' id='word_1_335' title='bbox 1720 3129 1776 3183; x_wconf 92' lang='lat' dir='ltr'><strong>in</strong></span> <span class='ocrx_word' id='word_1_336' title='bbox 1807 3129 1988 3182; x_wconf 87' lang='lat' dir='ltr'><strong>incar—</strong></span> 
     </span>
    </p>
   </div>
   <div class='ocr_carea' id='block_1_48' title="bbox 2027 1903 3676 1995">
    <p class='ocr_par' dir='ltr' id='par_1_48' title="bbox 2027 1903 3676 1995">
     <span class='ocr_line' id='line_1_48' title="bbox 2027 1903 3676 1995; baseline -0.003 -15"><span class='ocrx_word' id='word_1_337' title='bbox 2027 1903 2070 1957; x_wconf 72' lang='grc' dir='ltr'>Β</span> <span class='ocrx_word' id='word_1_338' title='bbox 2176 1903 2408 1980; x_wconf 14' lang='grc' dir='ltr'><strong>Ἡνκαθ⁹</strong></span> <span class='ocrx_word' id='word_1_339' title='bbox 2442 1922 2600 1994; x_wconf 76' lang='grc' dir='ltr'>ἡμᾶς</span> <span class='ocrx_word' id='word_1_340' title='bbox 2639 1925 2864 1993; x_wconf 84' lang='grc' dir='ltr'>Ἰησοῦ.</span> <span class='ocrx_word' id='word_1_341' title='bbox 2906 1924 3226 1995; x_wconf 86' lang='grc' dir='ltr'>Σημείωσαι</span> <span class='ocrx_word' id='word_1_342' title='bbox 3257 1925 3339 1976; x_wconf 85' lang='grc' dir='ltr'>ὅτι</span> <span class='ocrx_word' id='word_1_343' title='bbox 3386 1924 3550 1995; x_wconf 83' lang='grc' dir='ltr'>μόνου</span> <span class='ocrx_word' id='word_1_344' title='bbox 3578 1921 3676 1975; x_wconf 78' lang='grc' dir='ltr'><strong>τοῦ</strong></span> 
     </span>
    </p>
   </div>
   <div class='ocr_carea' id='block_1_49' title="bbox 2093 2014 3678 2089">
    <p class='ocr_par' dir='ltr' id='par_1_49' title="bbox 2093 2014 3678 2089">
     <span class='ocr_line' id='line_1_49' title="bbox 2093 2014 3678 2089; baseline -0.002 -19"><span class='ocrx_word' id='word_1_345' title='bbox 2093 2016 2227 2070; x_wconf 86' lang='grc' dir='ltr'><strong>Θεοῦ</strong></span> <span class='ocrx_word' id='word_1_346' title='bbox 2260 2016 2432 2085; x_wconf 82' lang='grc' dir='ltr'>Λόγου</span> <span class='ocrx_word' id='word_1_347' title='bbox 2463 2017 2609 2070; x_wconf 74' lang='grc' dir='ltr'>ἐστὶν</span> <span class='ocrx_word' id='word_1_348' title='bbox 2635 2018 2668 2088; x_wconf 80' lang='grc' dir='ltr'><strong>ἡ</strong></span> <span class='ocrx_word' id='word_1_349' title='bbox 2700 2015 3128 2089; x_wconf 83' lang='grc' dir='ltr'>ὲνανθρὼπησις.</span> <span class='ocrx_word' id='word_1_350' title='bbox 3153 2015 3395 2085; x_wconf 85' lang='grc' dir='ltr'>Παντελῆ</span> <span class='ocrx_word' id='word_1_351' title='bbox 3427 2014 3483 2068; x_wconf 82' lang='grc' dir='ltr'><strong>δὲ</strong></span> <span class='ocrx_word' id='word_1_352' title='bbox 3505 2014 3678 2084; x_wconf 73' lang='grc' dir='ltr'>αὑτήν</span> 
     </span>
    </p>
   </div>
   <div class='ocr_carea' id='block_1_50' title="bbox 2093 2106 3680 2180">
    <p class='ocr_par' dir='ltr' id='par_1_50' title="bbox 2093 2106 3680 2180">
     <span class='ocr_line' id='line_1_50' title="bbox 2093 2106 3680 2180; baseline -0.001 -20"><span class='ocrx_word' id='word_1_353' title='bbox 2093 2123 2226 2178; x_wconf 82' lang='grc' dir='ltr'>φησι</span> <span class='ocrx_word' id='word_1_354' title='bbox 2274 2107 2416 2161; x_wconf 84' lang='grc' dir='ltr'>κατὰ</span> <span class='ocrx_word' id='word_1_355' title='bbox 2464 2106 2871 2180; x_wconf 80' lang='grc' dir='ltr'>’Λπολλναρίου,</span> <span class='ocrx_word' id='word_1_356' title='bbox 2914 2108 2990 2172; x_wconf 82' lang='grc' dir='ltr'>ὡς</span> <span class='ocrx_word' id='word_1_357' title='bbox 3037 2111 3103 2162; x_wconf 82' lang='grc' dir='ltr'>ὲκ</span> <span class='ocrx_word' id='word_1_358' title='bbox 3147 2106 3322 2178; x_wconf 73' lang='grc' dir='ltr'>ψυχῆς</span> <span class='ocrx_word' id='word_1_359' title='bbox 3353 2108 3549 2177; x_wconf 80' lang='grc' dir='ltr'>νοερᾶς</span> <span class='ocrx_word' id='word_1_360' title='bbox 3584 2106 3680 2158; x_wconf 76' lang='grc' dir='ltr'><strong>καὶ</strong></span> 
     </span>
    </p>
   </div>
   <div class='ocr_carea' id='block_1_51' title="bbox 2093 2198 3678 2273">
    <p class='ocr_par' dir='ltr' id='par_1_51' title="bbox 2093 2198 3678 2273">
     <span class='ocr_line' id='line_1_51' title="bbox 2093 2198 3678 2273; baseline -0.003 -20"><span class='ocrx_word' id='word_1_361' title='bbox 2093 2198 2358 2271; x_wconf 80' lang='grc' dir='ltr'><strong>ἡμετέρου</strong></span> <span class='ocrx_word' id='word_1_362' title='bbox 2390 2199 2671 2272; x_wconf 76' lang='grc' dir='ltr'>σώματος’</span> <span class='ocrx_word' id='word_1_363' title='bbox 2710 2199 2869 2254; x_wconf 80' lang='grc' dir='ltr'>τοῦτο</span> <span class='ocrx_word' id='word_1_364' title='bbox 2895 2200 3004 2273; x_wconf 89' lang='grc' dir='ltr'><strong>γάρ</strong></span> <span class='ocrx_word' id='word_1_365' title='bbox 3031 2199 3181 2272; x_wconf 80' lang='grc' dir='ltr'>δηλοῖ</span> <span class='ocrx_word' id='word_1_366' title='bbox 3211 2199 3271 2252; x_wconf 85' lang='grc' dir='ltr'>τὸ</span> <span class='ocrx_word' id='word_1_367' title='bbox 3299 2199 3473 2251; x_wconf 76' lang='grc' dir='ltr'>εἰπεῖν</span> <span class='ocrx_word' id='word_1_368' title='bbox 3517 2198 3678 2250; x_wconf 79' lang='grc' dir='ltr'>αὐτὸν</span> 
     </span>
    </p>
   </div>
   <div class='ocr_carea' id='block_1_52' title="bbox 2093 2285 3679 2363">
    <p class='ocr_par' dir='ltr' id='par_1_52' title="bbox 2093 2285 3679 2363">
     <span class='ocr_line' id='line_1_52' title="bbox 2093 2285 3679 2363; baseline -0.003 -19"><span class='ocrx_word' id='word_1_369' title='bbox 2093 2293 2218 2344; x_wconf 83' lang='grc' dir='ltr'>καθ’</span> <span class='ocrx_word' id='word_1_370' title='bbox 2266 2291 2458 2360; x_wconf 73' lang='grc' dir='ltr'>ἡμᾶς·</span> <span class='ocrx_word' id='word_1_371' title='bbox 2503 2291 2642 2363; x_wconf 82' lang='grc' dir='ltr'>ὅπερ</span> <span class='ocrx_word' id='word_1_372' title='bbox 2683 2292 2804 2345; x_wconf 71' lang='grc' dir='ltr'>ἐστὶ</span> <span class='ocrx_word' id='word_1_373' title='bbox 2851 2291 2946 2344; x_wconf 80' lang='grc' dir='ltr'><strong>καὶ</strong></span> <span class='ocrx_word' id='word_1_374' title='bbox 2993 2288 3133 2343; x_wconf 84' lang='grc' dir='ltr'>κατὰ</span> <span class='ocrx_word' id='word_1_375' title='bbox 3169 2286 3473 2358; x_wconf 73' lang='grc' dir='ltr'>Εὑτυχοῦςο</span> <span class='ocrx_word' id='word_1_376' title='bbox 3533 2285 3679 2340; x_wconf 84' lang='grc' dir='ltr'><strong>κατά</strong></span> 
     </span>
    </p>
   </div>
   <div class='ocr_carea' id='block_1_53' title="bbox 2092 2379 3682 2454">
    <p class='ocr_par' dir='ltr' id='par_1_53' title="bbox 2092 2379 3682 2454">
     <span class='ocr_line' id='line_1_53' title="bbox 2092 2379 3682 2454; baseline -0.004 -18"><span class='ocrx_word' id='word_1_377' title='bbox 2092 2383 2387 2454; x_wconf 80' lang='grc' dir='ltr'>Νεστορίου</span> <span class='ocrx_word' id='word_1_378' title='bbox 2417 2383 2506 2449; x_wconf 87' lang='grc' dir='ltr'>δὲ,</span> <span class='ocrx_word' id='word_1_379' title='bbox 2536 2383 2618 2436; x_wconf 86' lang='grc' dir='ltr'>ὅτι</span> <span class='ocrx_word' id='word_1_380' title='bbox 2648 2383 2807 2454; x_wconf 75' lang='grc' dir='ltr'>φησὶ,</span> <span class='ocrx_word' id='word_1_381' title='bbox 2830 2381 2936 2436; x_wconf 80' lang='grc' dir='ltr'>τοῦ</span> <span class='ocrx_word' id='word_1_382' title='bbox 2979 2381 3182 2449; x_wconf 84' lang='grc' dir='ltr'><strong>Ἰησοῦ</strong></span> <span class='ocrx_word' id='word_1_383' title='bbox 3207 2379 3322 2449; x_wconf 77' lang='grc' dir='ltr'><strong>τὴν</strong></span> <span class='ocrx_word' id='word_1_384' title='bbox 3349 2379 3682 2434; x_wconf 71' lang='grc' dir='ltr'>ἀναλλοίω-</span> 
     </span>
    </p>
   </div>
   <div class='ocr_carea' id='block_1_54' title="bbox 2083 2469 3676 2547">
    <p class='ocr_par' dir='ltr' id='par_1_54' title="bbox 2083 2469 3676 2547">
     <span class='ocr_line' id='line_1_54' title="bbox 2083 2469 3676 2547; baseline -0.004 -19"><span class='ocrx_word' id='word_1_385' title='bbox 2083 2473 2199 2528; x_wconf 81' lang='grc' dir='ltr'>’τον</span> <span class='ocrx_word' id='word_1_386' title='bbox 2231 2475 2312 2540; x_wconf 88' lang='grc' dir='ltr'>ὠς</span> <span class='ocrx_word' id='word_1_387' title='bbox 2345 2474 2494 2529; x_wconf 84' lang='grc' dir='ltr'><strong>Θεοῦ</strong></span> <span class='ocrx_word' id='word_1_388' title='bbox 2522 2476 2650 2529; x_wconf 79' lang='grc' dir='ltr'>καθ’</span> <span class='ocrx_word' id='word_1_389' title='bbox 2681 2472 2838 2544; x_wconf 73' lang='grc' dir='ltr'>ἡμᾶς</span> <span class='ocrx_word' id='word_1_390' title='bbox 2865 2474 3144 2547; x_wconf 77' lang='grc' dir='ltr'><strong>ὕπαρξιν·</strong></span> <span class='ocrx_word' id='word_1_391' title='bbox 3180 2473 3274 2527; x_wconf 75' lang='grc' dir='ltr'>καὶ</span> <span class='ocrx_word' id='word_1_392' title='bbox 3294 2473 3378 2525; x_wconf 87' lang='grc' dir='ltr'>ὃτι</span> <span class='ocrx_word' id='word_1_393' title='bbox 3408 2469 3676 2537; x_wconf 75' lang='grc' dir='ltr'>οῠσιὼὄη</span> 
     </span>
    </p>
   </div>
   <div class='ocr_carea' id='block_1_55' title="bbox 2093 2563 3677 2639">
    <p class='ocr_par' dir='ltr' id='par_1_55' title="bbox 2093 2563 3677 2639">
     <span class='ocr_line' id='line_1_55' title="bbox 2093 2563 3677 2639; baseline -0.004 -19"><span class='ocrx_word' id='word_1_394' title='bbox 2093 2566 2226 2638; x_wconf 76' lang='grc' dir='ltr'>φησὶ</span> <span class='ocrx_word' id='word_1_395' title='bbox 2252 2566 2324 2620; x_wconf 84' lang='grc' dir='ltr'>τὰ</span> <span class='ocrx_word' id='word_1_396' title='bbox 2350 2567 2420 2620; x_wconf 77' lang='grc' dir='ltr'><strong><em>ἐν</em></strong></span> <span class='ocrx_word' id='word_1_397' title='bbox 2440 2567 2517 2639; x_wconf 77' lang='grc' dir='ltr'>τῇ</span> <span class='ocrx_word' id='word_1_398' title='bbox 2547 2566 2956 2637; x_wconf 81' lang='grc' dir='ltr'>ἀνθρωπότητι</span> <span class='ocrx_word' id='word_1_399' title='bbox 2981 2570 3306 2636; x_wconf 75' lang='grc' dir='ltr'><strong>μυστήρια,</strong></span> <span class='ocrx_word' id='word_1_400' title='bbox 3330 2563 3428 2634; x_wconf 84' lang='grc' dir='ltr'>τὴν</span> <span class='ocrx_word' id='word_1_401' title='bbox 3451 2565 3677 2625; x_wconf 85' lang='grc' dir='ltr'>πεῖναν,</span> 
     </span>
    </p>
   </div>
   <div class='ocr_carea' id='block_1_56' title="bbox 2089 2654 3674 2728">
    <p class='ocr_par' dir='ltr' id='par_1_56' title="bbox 2089 2654 3674 2728">
     <span class='ocr_line' id='line_1_56' title="bbox 2089 2654 3674 2728; baseline -0.004 -16"><span class='ocrx_word' id='word_1_402' title='bbox 2089 2657 2182 2711; x_wconf 77' lang='grc' dir='ltr'>τὸν</span> <span class='ocrx_word' id='word_1_403' title='bbox 2211 2657 2401 2721; x_wconf 82' lang='grc' dir='ltr'>κόπον,</span> <span class='ocrx_word' id='word_1_404' title='bbox 2432 2659 2527 2712; x_wconf 71' lang='grc' dir='ltr'>καὶ</span> <span class='ocrx_word' id='word_1_405' title='bbox 2554 2657 2617 2711; x_wconf 78' lang='grc' dir='ltr'>τὸ</span> <span class='ocrx_word' id='word_1_406' title='bbox 2639 2657 2733 2710; x_wconf 72' lang='grc' dir='ltr'><strong>ἐπὶ</strong></span> <span class='ocrx_word' id='word_1_407' title='bbox 2769 2657 2962 2721; x_wconf 81' lang='grc' dir='ltr'>ὓδατος</span> <span class='ocrx_word' id='word_1_408' title='bbox 2994 2657 3244 2728; x_wconf 86' lang='grc' dir='ltr'>βαδίσαι,</span> <span class='ocrx_word' id='word_1_409' title='bbox 3275 2656 3369 2709; x_wconf 72' lang='grc' dir='ltr'><strong>καὶ</strong></span> <span class='ocrx_word' id='word_1_410' title='bbox 3408 2655 3470 2708; x_wconf 82' lang='grc' dir='ltr'>τὸ</span> <span class='ocrx_word' id='word_1_411' title='bbox 3499 2654 3674 2707; x_wconf 75' lang='grc' dir='ltr'>εἰσελ-</span> 
     </span>
    </p>
   </div>
   <div class='ocr_carea' id='block_1_57' title="bbox 2093 2745 3676 2822">
    <p class='ocr_par' dir='ltr' id='par_1_57' title="bbox 2093 2745 3676 2822">
     <span class='ocr_line' id='line_1_57' title="bbox 2093 2745 3676 2822; baseline -0.004 -17"><span class='ocrx_word' id='word_1_412' title='bbox 2093 2751 2204 2806; x_wconf 78' lang='grc' dir='ltr'>θεῖν</span> <span class='ocrx_word' id='word_1_413' title='bbox 2236 2749 2343 2804; x_wconf 82' lang='grc' dir='ltr'><strong>τῶν</strong></span> <span class='ocrx_word' id='word_1_414' title='bbox 2377 2748 2556 2822; x_wconf 85' lang='grc' dir='ltr'>θυρῶν</span> <span class='ocrx_word' id='word_1_415' title='bbox 2599 2749 3001 2821; x_wconf 81' lang='grc' dir='ltr'><strong>κεκλεισμένων</strong></span> <span class='ocrx_word' id='word_1_416' title='bbox 3039 2748 3178 2821; x_wconf 83' lang='grc' dir='ltr'>πρὸς</span> <span class='ocrx_word' id='word_1_417' title='bbox 3218 2749 3343 2812; x_wconf 80' lang='grc' dir='ltr'>τοὺς</span> <span class='ocrx_word' id='word_1_418' title='bbox 3389 2745 3676 2818; x_wconf 79' lang='grc' dir='ltr'>μαθητὰς,</span> 
     </span>
    </p>
   </div>
   <div class='ocr_carea' id='block_1_58' title="bbox 2092 2839 3678 2914">
    <p class='ocr_par' dir='ltr' id='par_1_58' title="bbox 2092 2839 3678 2914">
     <span class='ocr_line' id='line_1_58' title="bbox 2092 2839 3678 2914; baseline -0.001 -17"><span class='ocrx_word' id='word_1_419' title='bbox 2092 2844 2186 2898; x_wconf 69' lang='grc' dir='ltr'>καὶ</span> <span class='ocrx_word' id='word_1_420' title='bbox 2214 2842 2276 2898; x_wconf 80' lang='grc' dir='ltr'>τὸ</span> <span class='ocrx_word' id='word_1_421' title='bbox 2302 2844 2514 2914; x_wconf 81' lang='grc' dir='ltr'>ἐγεῖραι</span> <span class='ocrx_word' id='word_1_422' title='bbox 2540 2842 2667 2906; x_wconf 79' lang='grc' dir='ltr'>τοὺς</span> <span class='ocrx_word' id='word_1_423' title='bbox 2698 2844 2952 2913; x_wconf 85' lang='grc' dir='ltr'>νεκροὺς,</span> <span class='ocrx_word' id='word_1_424' title='bbox 2986 2842 3080 2895; x_wconf 62' lang='grc' dir='ltr'><strong>καὶ⁸</strong></span> <span class='ocrx_word' id='word_1_425' title='bbox 3103 2841 3233 2895; x_wconf 78' lang='grc' dir='ltr'>αὐτὸ</span> <span class='ocrx_word' id='word_1_426' title='bbox 3252 2840 3312 2894; x_wconf 82' lang='grc' dir='ltr'>τὸ</span> <span class='ocrx_word' id='word_1_427' title='bbox 3343 2839 3548 2907; x_wconf 73' lang='grc' dir='ltr'>πάθος,</span> <span class='ocrx_word' id='word_1_428' title='bbox 3581 2841 3678 2896; x_wconf 72' lang='grc' dir='ltr'><strong>καὶ</strong></span> 
     </span>
    </p>
   </div>
   <div class='ocr_carea' id='block_1_59' title="bbox 2089 2935 2469 2991">
    <p class='ocr_par' dir='ltr' id='par_1_59' title="bbox 2089 2935 2469 2991">
     <span class='ocr_line' id='line_1_59' title="bbox 2089 2935 2469 2991; baseline 0.003 -2"><span class='ocrx_word' id='word_1_429' title='bbox 2089 2936 2190 2990; x_wconf 82' lang='grc' dir='ltr'>ὃσα</span> <span class='ocrx_word' id='word_1_430' title='bbox 2224 2935 2469 2991; x_wconf 79' lang='grc' dir='ltr'>τοιαῦτα.</span> 
     </span>
    </p>
   </div>
   <div class='ocr_carea' id='block_1_60' title="bbox 2167 3131 3678 3209">
    <p class='ocr_par' dir='ltr' id='par_1_60' title="bbox 2167 3131 3678 3209">
     <span class='ocr_line' id='line_1_60' title="bbox 2167 3131 3678 3209; baseline -0.004 -18"><span class='ocrx_word' id='word_1_431' title='bbox 2167 3137 2438 3204; x_wconf 83' lang='grc' dir='ltr'>Οὐσιώδη</span> <span class='ocrx_word' id='word_1_432' title='bbox 2480 3141 2802 3209; x_wconf 73' lang='grc' dir='ltr'><strong>μυστήρια.</strong></span> <span class='ocrx_word' id='word_1_433' title='bbox 2852 3136 3166 3207; x_wconf 84' lang='grc' dir='ltr'>Σημείωσαι</span> <span class='ocrx_word' id='word_1_434' title='bbox 3195 3135 3256 3188; x_wconf 84' lang='grc' dir='ltr'>τὸ</span> <span class='ocrx_word' id='word_1_435' title='bbox 3283 3131 3549 3202; x_wconf 77' lang='grc' dir='ltr'>οὐσιώδη</span> <span class='ocrx_word' id='word_1_436' title='bbox 3581 3133 3678 3186; x_wconf 77' lang='grc' dir='ltr'><strong>ἐπὶ</strong></span> 
     </span>
    </p>
   </div>
   <div class='ocr_carea' id='block_1_61' title="bbox 412 3218 2010 3316">
    <p class='ocr_par' dir='ltr' id='par_1_61' title="bbox 412 3218 1987 3292">
     <span class='ocr_line' id='line_1_61' title="bbox 412 3218 1987 3292; baseline 0.003 -20"><span class='ocrx_word' id='word_1_437' title='bbox 412 3219 636 3273; x_wconf 76' lang='lat' dir='ltr'><strong>natione</strong></span> <span class='ocrx_word' id='word_1_438' title='bbox 677 3218 968 3289; x_wconf 87' lang='lat' dir='ltr'><strong>usurpari;</strong></span> <span class='ocrx_word' id='word_1_439' title='bbox 1015 3219 1119 3275; x_wconf 88' lang='lat' dir='ltr'><strong>hoc</strong></span> <span class='ocrx_word' id='word_1_440' title='bbox 1153 3220 1302 3275; x_wconf 87' lang='lat' dir='ltr'><strong>enim</strong></span> <span class='ocrx_word' id='word_1_441' title='bbox 1343 3221 1448 3284; x_wconf 90' lang='lat' dir='ltr'><strong>ait,</strong></span> <span class='ocrx_word' id='word_1_442' title='bbox 1482 3221 1739 3291; x_wconf 87' lang='lat' dir='ltr'><strong>rejiciens</strong></span> <span class='ocrx_word' id='word_1_443' title='bbox 1777 3221 1987 3292; x_wconf 91' lang='lat' dir='ltr'><strong>opinio-</strong></span> 
     </span>
    </p>
   </div>
   <div class='ocr_carea' id='block_1_62' title="bbox 2109 3218 3679 3316">
    <p class='ocr_par' dir='ltr' id='par_1_62' title="bbox 2109 3226 3679 3303">
     <span class='ocr_line' id='line_1_62' title="bbox 2109 3226 3679 3303; baseline -0.001 -20"><span class='ocrx_word' id='word_1_444' title='bbox 2109 3229 2191 3301; x_wconf 70' lang='grc' dir='ltr'>τῆς</span> <span class='ocrx_word' id='word_1_445' title='bbox 2226 3229 2770 3303; x_wconf 75' lang='grc' dir='ltr'>σαρκώσεωςοοτοῦτο</span> <span class='ocrx_word' id='word_1_446' title='bbox 2800 3228 2908 3302; x_wconf 85' lang='grc' dir='ltr'>γὰρ</span> <span class='ocrx_word' id='word_1_447' title='bbox 2933 3229 3036 3301; x_wconf 77' lang='grc' dir='ltr'>ἔφη</span> <span class='ocrx_word' id='word_1_448' title='bbox 3060 3270 3077 3295; x_wconf 96' lang='grc'><strong>,</strong></span> <span class='ocrx_word' id='word_1_449' title='bbox 3107 3228 3386 3283; x_wconf 77' lang='grc' dir='ltr'>ἐκϐάλλων</span> <span class='ocrx_word' id='word_1_450' title='bbox 3407 3226 3506 3298; x_wconf 85' lang='grc' dir='ltr'>τὴν</span> <span class='ocrx_word' id='word_1_451' title='bbox 3537 3227 3679 3281; x_wconf 79' lang='grc' dir='ltr'><strong>κατά</strong></span> 
     </span>
    </p>
   </div>
   <div class='ocr_carea' id='block_1_63' title="bbox 411 3306 2010 3390">
    <p class='ocr_par' dir='ltr' id='par_1_63' title="bbox 411 3306 1987 3379">
     <span class='ocr_line' id='line_1_63' title="bbox 411 3306 1987 3379; baseline -0.001 -19"><span class='ocrx_word' id='word_1_452' title='bbox 411 3322 540 3360; x_wconf 88' lang='lat' dir='ltr'><strong>nem</strong></span> <span class='ocrx_word' id='word_1_453' title='bbox 620 3306 768 3360; x_wconf 89' lang='lat' dir='ltr'><strong>illam</strong></span> <span class='ocrx_word' id='word_1_454' title='bbox 828 3321 953 3376; x_wconf 75' lang='lat' dir='ltr'><strong>qua:</strong></span> <span class='ocrx_word' id='word_1_455' title='bbox 1003 3308 1284 3362; x_wconf 82' lang='lat' dir='ltr'><strong>asserebat</strong></span> <span class='ocrx_word' id='word_1_456' title='bbox 1340 3315 1549 3362; x_wconf 86' lang='lat' dir='ltr'><strong>tantum</strong></span> <span class='ocrx_word' id='word_1_457' title='bbox 1609 3307 1987 3379; x_wconf 79' lang='lat' dir='ltr'><strong>imaginariam</strong></span> 
     </span>
    </p>
   </div>
   <div class='ocr_carea' id='block_1_64' title="bbox 2109 3306 2598 3390">
    <p class='ocr_par' dir='ltr' id='par_1_64' title="bbox 2109 3321 2598 3390">
     <span class='ocr_line' id='line_1_64' title="bbox 2109 3321 2598 3390; baseline -0.002 -14"><span class='ocrx_word' id='word_1_458' title='bbox 2109 3323 2390 3390; x_wconf 77' lang='grc' dir='ltr'>ραντασίαν</span> <span class='ocrx_word' id='word_1_459' title='bbox 2419 3321 2598 3388; x_wconf 81' lang='grc' dir='ltr'>δόξαν.</span> 
     </span>
    </p>
   </div>
   <div class='ocr_carea' id='block_1_65' title="bbox 411 3395 602 3453">
    <p class='ocr_par' dir='ltr' id='par_1_65' title="bbox 411 3395 602 3453">
     <span class='ocr_line' id='line_1_65' title="bbox 411 3395 602 3453; baseline 0.005 -3"><span class='ocrx_word' id='word_1_460' title='bbox 411 3395 602 3453; x_wconf 83' lang='lat' dir='ltr'><strong>fuisse.</strong></span> 
     </span>
    </p>
   </div>
   <div class='ocr_carea' id='block_1_66' title="bbox 485 3489 1991 3564">
    <p class='ocr_par' dir='ltr' id='par_1_66' title="bbox 485 3489 1991 3564">
     <span class='ocr_line' id='line_1_66' title="bbox 485 3489 1991 3564; baseline 0.001 -20"><span class='ocrx_word' id='word_1_461' title='bbox 485 3489 816 3544; x_wconf 75' lang='lat' dir='ltr'><strong>Traditiom’s</strong></span> <span class='ocrx_word' id='word_1_462' title='bbox 849 3507 1019 3546; x_wconf 67' lang='lat' dir='ltr'><strong>sacrw</strong></span> <span class='ocrx_word' id='word_1_463' title='bbox 1041 3502 1303 3553; x_wconf 84' lang='lat' dir='ltr'><strong>auctores,</strong></span> <span class='ocrx_word' id='word_1_464' title='bbox 1331 3491 1424 3547; x_wconf 87' lang='lat' dir='ltr'><strong>Gr.</strong></span> <span class='ocrx_word' id='word_1_465' title='bbox 1459 3492 1795 3564; x_wconf 81' lang='grc' dir='ltr'>ίερομύσται.</span> <span class='ocrx_word' id='word_1_466' title='bbox 1829 3491 1991 3563; x_wconf 85' lang='grc' dir='ltr'>Ἱερο-</span> 
     </span>
    </p>
   </div>
   <div class='ocr_carea' id='block_1_67' title="bbox 415 3579 1655 3654">
    <p class='ocr_par' dir='ltr' id='par_1_67' title="bbox 415 3579 1655 3654">
     <span class='ocr_line' id='line_1_67' title="bbox 415 3579 1655 3654; baseline 0.004 -19"><span class='ocrx_word' id='word_1_467' title='bbox 415 3580 616 3653; x_wconf 86' lang='grc' dir='ltr'>μύσται</span> <span class='ocrx_word' id='word_1_468' title='bbox 645 3581 905 3638; x_wconf 91' lang='lat' dir='ltr'><strong>dicuntur</strong></span> <span class='ocrx_word' id='word_1_469' title='bbox 934 3584 1028 3654; x_wconf 91' lang='lat' dir='ltr'><strong>qui</strong></span> <span class='ocrx_word' id='word_1_470' title='bbox 1063 3583 1240 3640; x_wconf 89' lang='lat' dir='ltr'><strong>sacris</strong></span> <span class='ocrx_word' id='word_1_471' title='bbox 1270 3584 1471 3638; x_wconf 88' lang='lat' dir='ltr'><strong>initiati</strong></span> <span class='ocrx_word' id='word_1_472' title='bbox 1503 3579 1655 3640; x_wconf 85' lang='lat' dir='ltr'><strong>sunt.</strong></span> 
     </span>
    </p>
   </div>
   <div class='ocr_carea' id='block_1_68' title="bbox 486 3674 1992 3746">
    <p class='ocr_par' dir='ltr' id='par_1_68' title="bbox 486 3674 1992 3746">
     <span class='ocr_line' id='line_1_68' title="bbox 486 3674 1992 3746; baseline 0.001 -17"><span class='ocrx_word' id='word_1_473' title='bbox 486 3674 723 3729; x_wconf 76' lang='lat' dir='ltr'><strong>Occulta:</strong></span> <span class='ocrx_word' id='word_1_474' title='bbox 756 3685 805 3729; x_wconf 87' lang='lat' dir='ltr'><strong>et</strong></span> <span class='ocrx_word' id='word_1_475' title='bbox 843 3692 1102 3746; x_wconf 86' lang='lat' dir='ltr'><strong>nusquam</strong></span> <span class='ocrx_word' id='word_1_476' title='bbox 1133 3675 1469 3744; x_wconf 82' lang='lat' dir='ltr'><strong>prodeuntes.</strong></span> <span class='ocrx_word' id='word_1_477' title='bbox 1499 3674 1758 3731; x_wconf 88' lang='lat' dir='ltr'><strong>Occultas</strong></span> <span class='ocrx_word' id='word_1_478' title='bbox 1791 3676 1992 3731; x_wconf 80' lang='lat' dir='ltr'><strong>unitio—</strong></span> 
     </span>
    </p>
   </div>
   <div class='ocr_carea' id='block_1_69' title="bbox 410 3767 1992 3838">
    <p class='ocr_par' dir='ltr' id='par_1_69' title="bbox 410 3767 1992 3838">
     <span class='ocr_line' id='line_1_69' title="bbox 410 3767 1992 3838; baseline 0.003 -18"><span class='ocrx_word' id='word_1_479' title='bbox 410 3781 512 3821; x_wconf 91' lang='lat' dir='ltr'><strong>nes</strong></span> <span class='ocrx_word' id='word_1_480' title='bbox 553 3773 749 3832; x_wconf 85' lang='lat' dir='ltr'><strong>vocat,</strong></span> <span class='ocrx_word' id='word_1_481' title='bbox 803 3767 1393 3838; x_wconf 79' lang='lat' dir='ltr'><strong>incomprehensibiles</strong></span> <span class='ocrx_word' id='word_1_482' title='bbox 1420 3767 1488 3823; x_wconf 89' lang='lat' dir='ltr'><strong>de</strong></span> <span class='ocrx_word' id='word_1_483' title='bbox 1516 3767 1704 3823; x_wconf 83' lang='lat' dir='ltr'><strong>divina</strong></span> <span class='ocrx_word' id='word_1_484' title='bbox 1751 3769 1992 3824; x_wconf 88' lang='lat' dir='ltr'><strong>essentia</strong></span> 
     </span>
    </p>
   </div>
   <div class='ocr_carea' id='block_1_70' title="bbox 411 3848 1992 3930">
    <p class='ocr_par' dir='ltr' id='par_1_70' title="bbox 411 3848 1992 3930">
     <span class='ocr_line' id='line_1_70' title="bbox 411 3848 1992 3930; baseline 0.001 -17"><span class='ocrx_word' id='word_1_485' title='bbox 411 3848 755 3929; x_wconf 84' lang='lat' dir='ltr'><strong>cognitiones</strong></span> <span class='ocrx_word' id='word_1_486' title='bbox 781 3877 794 3913; x_wconf 91' lang='lat'><strong>:</strong></span> <span class='ocrx_word' id='word_1_487' title='bbox 819 3859 1006 3914; x_wconf 91' lang='lat' dir='ltr'><strong>nullus</strong></span> <span class='ocrx_word' id='word_1_488' title='bbox 1028 3858 1180 3919; x_wconf 91' lang='lat' dir='ltr'><strong>enim</strong></span> <span class='ocrx_word' id='word_1_489' title='bbox 1206 3868 1498 3930; x_wconf 82' lang='lat' dir='ltr'><strong>cognoscet</strong></span> <span class='ocrx_word' id='word_1_490' title='bbox 1521 3859 1836 3930; x_wconf 88' lang='lat' dir='ltr'><strong>aliquando,</strong></span> <span class='ocrx_word' id='word_1_491' title='bbox 1859 3859 1992 3930; x_wconf 89' lang='lat' dir='ltr'><strong>quid</strong></span> 
     </span>
    </p>
   </div>
   <div class='ocr_carea' id='block_1_71' title="bbox 409 3948 1322 4007">
    <p class='ocr_par' dir='ltr' id='par_1_71' title="bbox 409 3948 1322 4007">
     <span class='ocr_line' id='line_1_71' title="bbox 409 3948 1322 4007; baseline 0.003 -3"><span class='ocrx_word' id='word_1_492' title='bbox 409 3950 482 4005; x_wconf 90' lang='lat' dir='ltr'><strong>sit</strong></span> <span class='ocrx_word' id='word_1_493' title='bbox 512 3950 752 4006; x_wconf 87' lang='lat' dir='ltr'><strong>essentia</strong></span> <span class='ocrx_word' id='word_1_494' title='bbox 784 3961 987 4007; x_wconf 68' lang='lat' dir='ltr'><strong>sancta:</strong></span> <span class='ocrx_word' id='word_1_495' title='bbox 1016 3948 1322 4007; x_wconf 89' lang='lat' dir='ltr'><strong>Trinitatis.</strong></span> 
     </span>
    </p>
   </div>
   <div class='ocr_carea' id='block_1_72' title="bbox 492 4041 1992 4116">
    <p class='ocr_par' dir='ltr' id='par_1_72' title="bbox 492 4041 1992 4116">
     <span class='ocr_line' id='line_1_72' title="bbox 492 4041 1992 4116; baseline 0.003 -21"><span class='ocrx_word' id='word_1_496' title='bbox 492 4041 898 4099; x_wconf 82' lang='lat' dir='ltr'><strong>Distinctiones.</strong></span> <span class='ocrx_word' id='word_1_497' title='bbox 947 4041 1342 4100; x_wconf 88' lang='lat' dir='ltr'><strong>Distinctiones</strong></span> <span class='ocrx_word' id='word_1_498' title='bbox 1379 4052 1539 4100; x_wconf 83' lang='lat' dir='ltr'><strong>vocat</strong></span> <span class='ocrx_word' id='word_1_499' title='bbox 1579 4060 1678 4116; x_wconf 90' lang='lat' dir='ltr'><strong>per</strong></span> <span class='ocrx_word' id='word_1_500' title='bbox 1717 4061 1778 4102; x_wconf 89' lang='lat' dir='ltr'><strong>se</strong></span> <span class='ocrx_word' id='word_1_501' title='bbox 1818 4045 1992 4101; x_wconf 85' lang='lat' dir='ltr'><strong>subsi-</strong></span> 
     </span>
    </p>
   </div>
   <div class='ocr_carea' id='block_1_73' title="bbox 413 4134 1990 4206">
    <p class='ocr_par' dir='ltr' id='par_1_73' title="bbox 413 4134 1990 4206">
     <span class='ocr_line' id='line_1_73' title="bbox 413 4134 1990 4206; baseline 0.003 -21"><span class='ocrx_word' id='word_1_502' title='bbox 413 4139 622 4190; x_wconf 86' lang='lat' dir='ltr'><strong>stentes</strong></span> <span class='ocrx_word' id='word_1_503' title='bbox 656 4134 968 4190; x_wconf 88' lang='lat' dir='ltr'><strong>adorandas</strong></span> <span class='ocrx_word' id='word_1_504' title='bbox 1001 4136 1358 4193; x_wconf 82' lang='lat' dir='ltr'><strong>exsistentias</strong></span> <span class='ocrx_word' id='word_1_505' title='bbox 1390 4155 1406 4191; x_wconf 90' lang='lat'>:</span> <span class='ocrx_word' id='word_1_506' title='bbox 1451 4136 1556 4191; x_wconf 92' lang='lat' dir='ltr'><strong>hoc</strong></span> <span class='ocrx_word' id='word_1_507' title='bbox 1583 4143 1689 4204; x_wconf 89' lang='lat' dir='ltr'><strong>est,</strong></span> <span class='ocrx_word' id='word_1_508' title='bbox 1713 4135 1837 4191; x_wconf 84' lang='lat' dir='ltr'><strong>Filii</strong></span> <span class='ocrx_word' id='word_1_509' title='bbox 1867 4135 1990 4206; x_wconf 88' lang='lat' dir='ltr'><strong>qui-</strong></span> 
     </span>
    </p>
   </div>
   <div class='ocr_carea' id='block_1_74' title="bbox 412 4216 1988 4296">
    <p class='ocr_par' dir='ltr' id='par_1_74' title="bbox 412 4216 1988 4296">
     <span class='ocr_line' id='line_1_74' title="bbox 412 4216 1988 4296; baseline 0.002 -21"><span class='ocrx_word' id='word_1_510' title='bbox 412 4221 536 4276; x_wconf 87' lang='lat' dir='ltr'><strong>dem</strong></span> <span class='ocrx_word' id='word_1_511' title='bbox 581 4216 1020 4292; x_wconf 81' lang='lat' dir='ltr'><strong>inexplicabilem</strong></span> <span class='ocrx_word' id='word_1_512' title='bbox 1067 4241 1135 4280; x_wconf 75' lang='lat' dir='ltr'><strong>ex</strong></span> <span class='ocrx_word' id='word_1_513' title='bbox 1172 4223 1335 4280; x_wconf 85' lang='lat' dir='ltr'><strong>Patre</strong></span> <span class='ocrx_word' id='word_1_514' title='bbox 1375 4226 1761 4296; x_wconf 84' lang='lat' dir='ltr'><strong>splendorem;</strong></span> <span class='ocrx_word' id='word_1_515' title='bbox 1811 4225 1988 4280; x_wconf 86' lang='lat' dir='ltr'><strong>sancti</strong></span> 
     </span>
    </p>
   </div>
   <div class='ocr_carea' id='block_1_75' title="bbox 413 4317 1989 4390">
    <p class='ocr_par' dir='ltr' id='par_1_75' title="bbox 413 4317 1989 4390">
     <span class='ocr_line' id='line_1_75' title="bbox 413 4317 1989 4390; baseline 0.003 -21"><span class='ocrx_word' id='word_1_516' title='bbox 413 4331 545 4371; x_wconf 81' lang='lat' dir='ltr'><strong>vero</strong></span> <span class='ocrx_word' id='word_1_517' title='bbox 601 4317 844 4387; x_wconf 88' lang='lat' dir='ltr'><strong>Spiritus</strong></span> <span class='ocrx_word' id='word_1_518' title='bbox 894 4319 1373 4389; x_wconf 90' lang='lat' dir='ltr'><strong>inconceptibilem</strong></span> <span class='ocrx_word' id='word_1_519' title='bbox 1434 4335 1501 4374; x_wconf 79' lang='lat' dir='ltr'><strong>ex</strong></span> <span class='ocrx_word' id='word_1_520' title='bbox 1551 4318 1713 4374; x_wconf 88' lang='lat' dir='ltr'><strong>Patre</strong></span> <span class='ocrx_word' id='word_1_521' title='bbox 1760 4334 1989 4390; x_wconf 72' lang='lat' dir='ltr'><strong>proces~</strong></span> 
     </span>
    </p>
   </div>
   <div class='ocr_carea' id='block_1_76' title="bbox 415 4409 649 4465">
    <p class='ocr_par' dir='ltr' id='par_1_76' title="bbox 415 4409 649 4465">
     <span class='ocr_line' id='line_1_76' title="bbox 415 4409 649 4465; baseline 0 0"><span class='ocrx_word' id='word_1_522' title='bbox 415 4409 649 4465; x_wconf 88' lang='lat' dir='ltr'><strong>sionem.</strong></span> 
     </span>
    </p>
   </div>
   <div class='ocr_carea' id='block_1_77' title="bbox 485 4498 1994 4574">
    <p class='ocr_par' dir='ltr' id='par_1_77' title="bbox 485 4498 1994 4574">
     <span class='ocr_line' id='line_1_77' title="bbox 485 4498 1994 4574; baseline 0.003 -18"><span class='ocrx_word' id='word_1_523' title='bbox 485 4498 663 4569; x_wconf 82' lang='lat' dir='ltr'><strong>Supra</strong></span> <span class='ocrx_word' id='word_1_524' title='bbox 689 4505 945 4557; x_wconf 85' lang='lat' dir='ltr'><strong>unitatem</strong></span> <span class='ocrx_word' id='word_1_525' title='bbox 968 4505 1351 4573; x_wconf 83' lang='lat' dir='ltr'><strong>principialem.</strong></span> <span class='ocrx_word' id='word_1_526' title='bbox 1387 4501 1576 4560; x_wconf 89' lang='lat' dir='ltr'><strong>Unitio</strong></span> <span class='ocrx_word' id='word_1_527' title='bbox 1604 4519 1769 4574; x_wconf 87' lang='lat' dir='ltr'><strong>supra</strong></span> <span class='ocrx_word' id='word_1_528' title='bbox 1799 4504 1994 4569; x_wconf 67' lang='lat' dir='ltr'><strong>unius:-</strong></span> 
     </span>
    </p>
   </div>
   <div class='ocr_carea' id='block_1_78' title="bbox 2161 3501 3678 3574">
    <p class='ocr_par' dir='ltr' id='par_1_78' title="bbox 2161 3501 3678 3574">
     <span class='ocr_line' id='line_1_78' title="bbox 2161 3501 3678 3574; baseline 0 -18"><span class='ocrx_word' id='word_1_529' title='bbox 2161 3501 2555 3571; x_wconf 81' lang='grc' dir='ltr'>Παραδόσεως</span> <span class='ocrx_word' id='word_1_530' title='bbox 2585 3503 2948 3572; x_wconf 81' lang='grc' dir='ltr'>ίερομύσται.</span> <span class='ocrx_word' id='word_1_531' title='bbox 2991 3501 3329 3574; x_wconf 77' lang='grc' dir='ltr'>Ἰερομύσται</span> <span class='ocrx_word' id='word_1_532' title='bbox 3358 3501 3608 3570; x_wconf 81' lang='grc' dir='ltr'>λέγονται</span> <span class='ocrx_word' id='word_1_533' title='bbox 3628 3504 3678 3556; x_wconf 85' lang='grc' dir='ltr'>οἱ</span> 
     </span>
    </p>
   </div>
   <div class='ocr_carea' id='block_1_79' title="bbox 2090 3593 2713 3668">
    <p class='ocr_par' dir='ltr' id='par_1_79' title="bbox 2090 3593 2713 3668">
     <span class='ocr_line' id='line_1_79' title="bbox 2090 3593 2713 3668; baseline -0.003 -18"><span class='ocrx_word' id='word_1_534' title='bbox 2090 3595 2162 3650; x_wconf 89' lang='grc' dir='ltr'><strong>τά</strong></span> <span class='ocrx_word' id='word_1_535' title='bbox 2196 3595 2320 3668; x_wconf 85' lang='grc' dir='ltr'><strong>ίερά</strong></span> <span class='ocrx_word' id='word_1_536' title='bbox 2350 3593 2713 3668; x_wconf 79' lang='grc' dir='ltr'>μεμυημένοι.</span> 
     </span>
    </p>
   </div>
   <div class='ocr_carea' id='block_1_80' title="bbox 2163 3687 3678 3758">
    <p class='ocr_par' dir='ltr' id='par_1_80' title="bbox 2163 3687 3678 3758">
     <span class='ocr_line' id='line_1_80' title="bbox 2163 3687 3678 3758; baseline -0.001 -16"><span class='ocrx_word' id='word_1_537' title='bbox 2163 3689 2430 3757; x_wconf 70' lang='grc' dir='ltr'>Κρυφίας</span> <span class='ocrx_word' id='word_1_538' title='bbox 2474 3688 2569 3741; x_wconf 79' lang='grc' dir='ltr'><strong>καὶ</strong></span> <span class='ocrx_word' id='word_1_539' title='bbox 2619 3687 3107 3758; x_wconf 73' lang='grc' dir='ltr'>ἀνεκφοιτήτους.</span> <span class='ocrx_word' id='word_1_540' title='bbox 3160 3688 3414 3758; x_wconf 81' lang='grc' dir='ltr'>Κρυφίας</span> <span class='ocrx_word' id='word_1_541' title='bbox 3455 3689 3678 3751; x_wconf 81' lang='grc' dir='ltr'>ὲνωσεις</span> 
     </span>
    </p>
   </div>
   <div class='ocr_carea' id='block_1_81' title="bbox 2093 3780 3679 3853">
    <p class='ocr_par' dir='ltr' id='par_1_81' title="bbox 2093 3780 3679 3853">
     <span class='ocr_line' id='line_1_81' title="bbox 2093 3780 3679 3853; baseline 0 -19"><span class='ocrx_word' id='word_1_542' title='bbox 2093 3780 2228 3852; x_wconf 80' lang='grc' dir='ltr'>φησὶ</span> <span class='ocrx_word' id='word_1_543' title='bbox 2253 3780 2353 3844; x_wconf 79' lang='grc' dir='ltr'><strong>τὰς</strong></span> <span class='ocrx_word' id='word_1_544' title='bbox 2380 3781 2509 3852; x_wconf 79' lang='grc' dir='ltr'>περὶ</span> <span class='ocrx_word' id='word_1_545' title='bbox 2550 3781 2648 3852; x_wconf 84' lang='grc' dir='ltr'>τῆς</span> <span class='ocrx_word' id='word_1_546' title='bbox 2682 3780 2832 3844; x_wconf 86' lang='grc' dir='ltr'>θείας</span> <span class='ocrx_word' id='word_1_547' title='bbox 2859 3780 3046 3845; x_wconf 82' lang='grc' dir='ltr'>οὐσίας</span> <span class='ocrx_word' id='word_1_548' title='bbox 3079 3780 3500 3853; x_wconf 77' lang='grc' dir='ltr'>ἀκαταλήπτους</span> <span class='ocrx_word' id='word_1_549' title='bbox 3537 3780 3679 3849; x_wconf 83' lang='grc' dir='ltr'>γνώ-</span> 
     </span>
    </p>
   </div>
   <div class='ocr_carea' id='block_1_82' title="bbox 2084 3871 3698 3946">
    <p class='ocr_par' dir='ltr' id='par_1_82' title="bbox 2084 3871 3698 3946">
     <span class='ocr_line' id='line_1_82' title="bbox 2084 3871 3698 3946; baseline 0.002 -22"><span class='ocrx_word' id='word_1_550' title='bbox 2084 3888 2240 3938; x_wconf 71' lang='grc' dir='ltr'>ρεις·</span> <span class='ocrx_word' id='word_1_551' title='bbox 2271 3872 2370 3942; x_wconf 87' lang='grc' dir='ltr'>τὴν</span> <span class='ocrx_word' id='word_1_552' title='bbox 2408 3871 2594 3925; x_wconf 81' lang='grc' dir='ltr'>οὐσίαν</span> <span class='ocrx_word' id='word_1_553' title='bbox 2627 3871 2795 3944; x_wconf 80' lang='grc' dir='ltr'>αὐτὴν</span> <span class='ocrx_word' id='word_1_554' title='bbox 2831 3873 2930 3945; x_wconf 84' lang='grc' dir='ltr'>τῆς</span> <span class='ocrx_word' id='word_1_555' title='bbox 2961 3873 3124 3941; x_wconf 81' lang='grc' dir='ltr'>ἁγίας</span> <span class='ocrx_word' id='word_1_556' title='bbox 3156 3873 3414 3946; x_wconf 82' lang='grc' dir='ltr'>Τριάδος,</span> <span class='ocrx_word' id='word_1_557' title='bbox 3445 3875 3499 3927; x_wconf 86' lang='grc' dir='ltr'><strong>τί</strong></span> <span class='ocrx_word' id='word_1_558' title='bbox 3530 3876 3698 3939; x_wconf 76' lang='grc' dir='ltr'>ἐστιν,</span> 
     </span>
    </p>
   </div>
   <div class='ocr_carea' id='block_1_83' title="bbox 2093 3962 2742 4032">
    <p class='ocr_par' dir='ltr' id='par_1_83' title="bbox 2093 3962 2742 4032">
     <span class='ocr_line' id='line_1_83' title="bbox 2093 3962 2742 4032; baseline 0 -15"><span class='ocrx_word' id='word_1_559' title='bbox 2093 3963 2266 4026; x_wconf 78' lang='grc' dir='ltr'>οὐδεὶς</span> <span class='ocrx_word' id='word_1_560' title='bbox 2298 3962 2564 4032; x_wconf 85' lang='grc' dir='ltr'>γνώσεταί</span> <span class='ocrx_word' id='word_1_561' title='bbox 2592 3980 2742 4017; x_wconf 87' lang='grc' dir='ltr'>ποτε.</span> 
     </span>
    </p>
   </div>
   <div class='ocr_carea' id='block_1_84' title="bbox 2172 4055 3675 4128">
    <p class='ocr_par' dir='ltr' id='par_1_84' title="bbox 2172 4055 3675 4128">
     <span class='ocr_line' id='line_1_84' title="bbox 2172 4055 3675 4128; baseline 0.004 -21"><span class='ocrx_word' id='word_1_562' title='bbox 2172 4055 2282 4121; x_wconf 83' lang='grc' dir='ltr'><strong>Τὰς</strong></span> <span class='ocrx_word' id='word_1_563' title='bbox 2326 4055 2670 4122; x_wconf 79' lang='grc' dir='ltr'><strong>διακρίσεις.</strong></span> <span class='ocrx_word' id='word_1_564' title='bbox 2714 4057 3024 4128; x_wconf 87' lang='grc' dir='ltr'>Διακρίσεις</span> <span class='ocrx_word' id='word_1_565' title='bbox 3061 4058 3194 4128; x_wconf 81' lang='grc' dir='ltr'>φησὶ</span> <span class='ocrx_word' id='word_1_566' title='bbox 3239 4061 3338 4121; x_wconf 79' lang='grc' dir='ltr'>τὰς</span> <span class='ocrx_word' id='word_1_567' title='bbox 3377 4059 3675 4113; x_wconf 81' lang='grc' dir='ltr'>ὲνυποστά-</span> 
     </span>
    </p>
   </div>
   <div class='ocr_carea' id='block_1_85' title="bbox 2097 4147 3677 4222">
    <p class='ocr_par' dir='ltr' id='par_1_85' title="bbox 2097 4147 3677 4222">
     <span class='ocr_line' id='line_1_85' title="bbox 2097 4147 3677 4222; baseline 0.003 -22"><span class='ocrx_word' id='word_1_568' title='bbox 2097 4164 2221 4211; x_wconf 90' lang='grc' dir='ltr'>τους</span> <span class='ocrx_word' id='word_1_569' title='bbox 2248 4147 2628 4220; x_wconf 65' lang='grc' dir='ltr'>προπυνητάς</span> <span class='ocrx_word' id='word_1_570' title='bbox 2656 4148 2949 4220; x_wconf 81' lang='grc' dir='ltr'>ὑπάρξεις,</span> <span class='ocrx_word' id='word_1_571' title='bbox 2981 4151 3244 4217; x_wconf 84' lang='grc' dir='ltr'>τουτέστι,</span> <span class='ocrx_word' id='word_1_572' title='bbox 3281 4150 3377 4204; x_wconf 77' lang='grc' dir='ltr'><strong>τοῦ</strong></span> <span class='ocrx_word' id='word_1_573' title='bbox 3412 4153 3510 4222; x_wconf 87' lang='grc' dir='ltr'>μὲν</span> <span class='ocrx_word' id='word_1_574' title='bbox 3547 4151 3677 4204; x_wconf 78' lang='grc' dir='ltr'><strong>Υίοῦ</strong></span> 
     </span>
    </p>
   </div>
   <div class='ocr_carea' id='block_1_86' title="bbox 2097 4238 3678 4314">
    <p class='ocr_par' dir='ltr' id='par_1_86' title="bbox 2097 4238 3678 4314">
     <span class='ocr_line' id='line_1_86' title="bbox 2097 4238 3678 4314; baseline 0.004 -23"><span class='ocrx_word' id='word_1_575' title='bbox 2097 4238 2188 4291; x_wconf 80' lang='grc' dir='ltr'>τὸν</span> <span class='ocrx_word' id='word_1_576' title='bbox 2236 4241 2300 4292; x_wconf 84' lang='grc' dir='ltr'>ὲκ</span> <span class='ocrx_word' id='word_1_577' title='bbox 2345 4239 2555 4310; x_wconf 82' lang='grc' dir='ltr'>Πατρὸς</span> <span class='ocrx_word' id='word_1_578' title='bbox 2607 4241 2982 4313; x_wconf 69' lang='grc' dir='ltr'>ἀνέκφραστον</span> <span class='ocrx_word' id='word_1_579' title='bbox 3028 4243 3426 4314; x_wconf 86' lang='grc' dir='ltr'>ἀπαυγασμόν·</span> <span class='ocrx_word' id='word_1_580' title='bbox 3477 4243 3575 4297; x_wconf 81' lang='grc' dir='ltr'>τοῦ</span> <span class='ocrx_word' id='word_1_581' title='bbox 3619 4245 3678 4298; x_wconf 82' lang='grc' dir='ltr'><strong>δὲ</strong></span> 
     </span>
    </p>
   </div>
   <div class='ocr_carea' id='block_1_87' title="bbox 2097 4331 3676 4406">
    <p class='ocr_par' dir='ltr' id='par_1_87' title="bbox 2097 4331 3676 4406">
     <span class='ocr_line' id='line_1_87' title="bbox 2097 4331 3676 4406; baseline 0.003 -22"><span class='ocrx_word' id='word_1_582' title='bbox 2097 4331 2256 4398; x_wconf 85' lang='grc' dir='ltr'>ἁγίου</span> <span class='ocrx_word' id='word_1_583' title='bbox 2303 4331 2619 4402; x_wconf 86' lang='grc' dir='ltr'>Πνεύματος</span> <span class='ocrx_word' id='word_1_584' title='bbox 2657 4331 2754 4403; x_wconf 79' lang='grc' dir='ltr'>τὴν</span> <span class='ocrx_word' id='word_1_585' title='bbox 2789 4335 2852 4388; x_wconf 82' lang='grc' dir='ltr'>ὲκ</span> <span class='ocrx_word' id='word_1_586' title='bbox 2891 4335 3102 4406; x_wconf 69' lang='grc' dir='ltr'>Πατρός</span> <span class='ocrx_word' id='word_1_587' title='bbox 3148 4335 3468 4405; x_wconf 84' lang='grc' dir='ltr'>ἀνεννόητον</span> <span class='ocrx_word' id='word_1_588' title='bbox 3509 4334 3676 4389; x_wconf 81' lang='grc' dir='ltr'>ἐκπό-</span> 
     </span>
    </p>
   </div>
   <div class='ocr_carea' id='block_1_88' title="bbox 2101 4439 2302 4493">
    <p class='ocr_par' dir='ltr' id='par_1_88' title="bbox 2101 4439 2302 4493">
     <span class='ocr_line' id='line_1_88' title="bbox 2101 4439 2302 4493; baseline 0.01 -17"><span class='ocrx_word' id='word_1_589' title='bbox 2101 4439 2302 4493; x_wconf 85' lang='grc' dir='ltr'>ρευσιν.</span> 
     </span>
    </p>
   </div>
   <div class='ocr_carea' id='block_1_89' title="bbox 2180 4515 3677 4592">
    <p class='ocr_par' dir='ltr' id='par_1_89' title="bbox 2180 4515 3677 4592">
     <span class='ocr_line' id='line_1_89' title="bbox 2180 4515 3677 4592; baseline 0.002 -23"><span class='ocrx_word' id='word_1_590' title='bbox 2180 4517 2252 4569; x_wconf 85' lang='grc' dir='ltr'><em>Ἠ</em></span> <span class='ocrx_word' id='word_1_591' title='bbox 2292 4515 2444 4583; x_wconf 80' lang='grc' dir='ltr'>ὑπὲρ</span> <span class='ocrx_word' id='word_1_592' title='bbox 2479 4516 2787 4586; x_wconf 81' lang='grc' dir='ltr'><strong>ἐναρχίαν.</strong></span> <span class='ocrx_word' id='word_1_593' title='bbox 2829 4517 2892 4571; x_wconf 82' lang='grc' dir='ltr'><strong>Ἦ</strong></span> <span class='ocrx_word' id='word_1_594' title='bbox 2925 4519 3064 4590; x_wconf 83' lang='grc' dir='ltr'>ὑπὲρ</span> <span class='ocrx_word' id='word_1_595' title='bbox 3095 4517 3348 4592; x_wconf 83' lang='grc' dir='ltr'>ὲναρχίαν</span> <span class='ocrx_word' id='word_1_596' title='bbox 3392 4519 3584 4591; x_wconf 69' lang='grc' dir='ltr'>ἑνότης</span> <span class='ocrx_word' id='word_1_597' title='bbox 3617 4520 3677 4572; x_wconf 85' lang='grc' dir='ltr'>τδ</span> 
     </span>
    </p>
   </div>
   <div class='ocr_carea' id='block_1_90' title="bbox 416 4591 2010 4683">
    <p class='ocr_par' dir='ltr' id='par_1_90' title="bbox 416 4591 1994 4666">
     <span class='ocr_line' id='line_1_90' title="bbox 416 4591 1994 4666; baseline 0.003 -21"><span class='ocrx_word' id='word_1_598' title='bbox 416 4591 823 4661; x_wconf 84' lang='lat' dir='ltr'><strong>principatum,</strong></span> <span class='ocrx_word' id='word_1_599' title='bbox 874 4595 1148 4666; x_wconf 83' lang='lat' dir='ltr'><strong>signiﬁcat</strong></span> <span class='ocrx_word' id='word_1_600' title='bbox 1193 4595 1480 4652; x_wconf 83' lang='lat' dir='ltr'><strong>divisionis</strong></span> <span class='ocrx_word' id='word_1_601' title='bbox 1525 4597 1891 4663; x_wconf 79' lang='lat' dir='ltr'><strong>vacuitatem,</strong></span> <span class='ocrx_word' id='word_1_602' title='bbox 1938 4605 1994 4652; x_wconf 88' lang='lat' dir='ltr'><strong>et</strong></span> 
     </span>
    </p>
   </div>
   <div class='ocr_carea' id='block_1_91' title="bbox 2109 4591 3675 4683">
    <p class='ocr_par' dir='ltr' id='par_1_91' title="bbox 2109 4606 3675 4683">
     <span class='ocr_line' id='line_1_91' title="bbox 2109 4606 3675 4683; baseline 0.004 -24"><span class='ocrx_word' id='word_1_603' title='bbox 2109 4606 2240 4678; x_wconf 67' lang='grc' dir='ltr'>ὅπερ</span> <span class='ocrx_word' id='word_1_604' title='bbox 2270 4609 2451 4661; x_wconf 76' lang='grc' dir='ltr'>πᾶσαν</span> <span class='ocrx_word' id='word_1_605' title='bbox 2487 4609 2711 4679; x_wconf 79' lang='grc' dir='ltr'>ἑνότητα</span> <span class='ocrx_word' id='word_1_606' title='bbox 2743 4610 2837 4663; x_wconf 75' lang='grc' dir='ltr'>καὶ</span> <span class='ocrx_word' id='word_1_607' title='bbox 2867 4610 3145 4682; x_wconf 83' lang='grc' dir='ltr'>ἁπλότητα</span> <span class='ocrx_word' id='word_1_608' title='bbox 3193 4614 3250 4664; x_wconf 82' lang='grc' dir='ltr'>ὲν</span> <span class='ocrx_word' id='word_1_609' title='bbox 3289 4614 3402 4675; x_wconf 87' lang='grc' dir='ltr'>τοῖς</span> <span class='ocrx_word' id='word_1_610' title='bbox 3429 4607 3552 4666; x_wconf 79' lang='grc' dir='ltr'>οὖσι</span> <span class='ocrx_word' id='word_1_611' title='bbox 3577 4611 3675 4683; x_wconf 79' lang='grc' dir='ltr'>τῆς</span> 
     </span>
    </p>
   </div>
   <div class='ocr_carea' id='block_1_92' title="bbox 415 4683 1991 4760">
    <p class='ocr_par' dir='ltr' id='par_1_92' title="bbox 415 4683 1991 4760">
     <span class='ocr_line' id='line_1_92' title="bbox 415 4683 1991 4760; baseline 0.005 -24"><span class='ocrx_word' id='word_1_612' title='bbox 415 4683 823 4760; x_wconf 82' lang='lat' dir='ltr'><strong>simplicitatem</strong></span> <span class='ocrx_word' id='word_1_613' title='bbox 869 4687 1068 4743; x_wconf 74' lang='lat' dir='ltr'><strong>divinae</strong></span> <span class='ocrx_word' id='word_1_614' title='bbox 1137 4697 1348 4743; x_wconf 70' lang='lat' dir='ltr'><strong>naturae</strong></span> <span class='ocrx_word' id='word_1_615' title='bbox 1409 4697 1758 4759; x_wconf 89' lang='lat' dir='ltr'><strong>superantem</strong></span> <span class='ocrx_word' id='word_1_616' title='bbox 1808 4705 1991 4745; x_wconf 87' lang='lat' dir='ltr'><strong>rerum</strong></span> 
     </span>
    </p>
   </div>
   <div class='ocr_carea' id='block_1_93' title="bbox 415 4777 1487 4850">
    <p class='ocr_par' dir='ltr' id='par_1_93' title="bbox 415 4777 1487 4850">
     <span class='ocr_line' id='line_1_93' title="bbox 415 4777 1487 4850; baseline 0.007 -21"><span class='ocrx_word' id='word_1_617' title='bbox 415 4777 661 4830; x_wconf 90' lang='lat' dir='ltr'><strong>omnium</strong></span> <span class='ocrx_word' id='word_1_618' title='bbox 689 4778 954 4833; x_wconf 85' lang='lat' dir='ltr'><strong>unitatem</strong></span> <span class='ocrx_word' id='word_1_619' title='bbox 983 4788 1037 4834; x_wconf 92' lang='lat' dir='ltr'><strong>et</strong></span> <span class='ocrx_word' id='word_1_620' title='bbox 1066 4780 1487 4850; x_wconf 89' lang='lat' dir='ltr'><strong>simplicitatem.</strong></span> 
     </span>
    </p>
   </div>
   <div class='ocr_carea' id='block_1_94' title="bbox 486 4867 1991 4944">
    <p class='ocr_par' dir='ltr' id='par_1_94' title="bbox 486 4867 1991 4944">
     <span class='ocr_line' id='line_1_94' title="bbox 486 4867 1991 4944; baseline 0.003 -22"><span class='ocrx_word' id='word_1_621' title='bbox 486 4867 808 4938; x_wconf 73' lang='lat' dir='ltr'><strong>Ineﬂ&#39;abilis,</strong></span> <span class='ocrx_word' id='word_1_622' title='bbox 843 4871 939 4927; x_wconf 89' lang='lat' dir='ltr'><strong>Gr.</strong></span> <span class='ocrx_word' id='word_1_623' title='bbox 961 4874 1020 4926; x_wconf 82' lang='grc' dir='ltr'>τὸ</span> <span class='ocrx_word' id='word_1_624' title='bbox 1049 4873 1374 4942; x_wconf 77' lang='grc' dir='ltr'>ἄφθεγκτον.</span> <span class='ocrx_word' id='word_1_625' title='bbox 1404 4873 1477 4926; x_wconf 87' lang='grc' dir='ltr'>Τὸ</span> <span class='ocrx_word' id='word_1_626' title='bbox 1507 4871 1835 4942; x_wconf 78' lang='grc' dir='ltr'>ἄφθεγκτον,</span> <span class='ocrx_word' id='word_1_627' title='bbox 1853 4873 1991 4944; x_wconf 83' lang='lat' dir='ltr'><strong>quod</strong></span> 
     </span>
    </p>
   </div>
   <div class='ocr_carea' id='block_1_95' title="bbox 415 4957 1994 5035">
    <p class='ocr_par' dir='ltr' id='par_1_95' title="bbox 415 4957 1994 5035">
     <span class='ocr_line' id='line_1_95' title="bbox 415 4957 1994 5035; baseline 0.004 -22"><span class='ocrx_word' id='word_1_628' title='bbox 415 4961 524 5015; x_wconf 85' lang='lat' dir='ltr'><strong>dici</strong></span> <span class='ocrx_word' id='word_1_629' title='bbox 572 4979 674 5017; x_wconf 84' lang='lat' dir='ltr'><strong>non</strong></span> <span class='ocrx_word' id='word_1_630' title='bbox 727 4972 918 5033; x_wconf 80' lang='lat' dir='ltr'><strong>potest,</strong></span> <span class='ocrx_word' id='word_1_631' title='bbox 959 4957 1094 5019; x_wconf 68' lang='lat' dir='ltr'><strong>dixit</strong></span> <span class='ocrx_word' id='word_1_632' title='bbox 1152 4972 1377 5035; x_wconf 88' lang='lat' dir='ltr'><strong>propter</strong></span> <span class='ocrx_word' id='word_1_633' title='bbox 1423 4965 1718 5020; x_wconf 85' lang='lat' dir='ltr'><strong>essentiam</strong></span> <span class='ocrx_word' id='word_1_634' title='bbox 1768 4964 1994 5021; x_wconf 89' lang='lat' dir='ltr'><strong>nomine</strong></span> 
     </span>
    </p>
   </div>
   <div class='ocr_carea' id='block_1_96' title="bbox 418 5054 1992 5129">
    <p class='ocr_par' dir='ltr' id='par_1_96' title="bbox 418 5054 1992 5129">
     <span class='ocr_line' id='line_1_96' title="bbox 418 5054 1992 5129; baseline 0.003 -23"><span class='ocrx_word' id='word_1_635' title='bbox 418 5061 716 5111; x_wconf 81' lang='lat' dir='ltr'><strong>carentem.</strong></span> <span class='ocrx_word' id='word_1_636' title='bbox 771 5054 941 5111; x_wconf 89' lang='lat' dir='ltr'><strong>Porro</strong></span> <span class='ocrx_word' id='word_1_637' title='bbox 995 5061 1136 5129; x_wconf 84' lang='lat' dir='ltr'><strong>quod</strong></span> <span class='ocrx_word' id='word_1_638' title='bbox 1178 5059 1362 5112; x_wconf 82' lang='lat' dir='ltr'><strong>multis</strong></span> <span class='ocrx_word' id='word_1_639' title='bbox 1445 5055 1614 5111; x_wconf 75' lang='lat' dir='ltr'><strong>verbis</strong></span> <span class='ocrx_word' id='word_1_640' title='bbox 1675 5057 1992 5126; x_wconf 74' lang='lat' dir='ltr'><strong>exprimitur</strong></span> 
     </span>
    </p>
   </div>
   <div class='ocr_carea' id='block_1_97' title="bbox 415 5146 2006 5217">
    <p class='ocr_par' dir='ltr' id='par_1_97' title="bbox 415 5146 2006 5217">
     <span class='ocr_line' id='line_1_97' title="bbox 415 5146 2006 5217; baseline 0.003 -19"><span class='ocrx_word' id='word_1_641' title='bbox 415 5146 576 5213; x_wconf 76' lang='lat' dir='ltr'><strong>dixit,</strong></span> <span class='ocrx_word' id='word_1_642' title='bbox 620 5148 748 5217; x_wconf 87' lang='lat' dir='ltr'><strong>quia</strong></span> <span class='ocrx_word' id='word_1_643' title='bbox 801 5149 1190 5206; x_wconf 80' lang='lat' dir='ltr'><strong>beneﬁciorum</strong></span> <span class='ocrx_word' id='word_1_644' title='bbox 1239 5151 1498 5204; x_wconf 78' lang='lat' dir='ltr'><strong>varietate</strong></span> <span class='ocrx_word' id='word_1_645' title='bbox 1545 5149 1731 5204; x_wconf 91' lang='lat' dir='ltr'><strong>multis</strong></span> <span class='ocrx_word' id='word_1_646' title='bbox 1772 5148 2006 5204; x_wconf 82' lang='lat' dir='ltr'><strong>aﬂicitur</strong></span> 
     </span>
    </p>
   </div>
   <div class='ocr_carea' id='block_1_98' title="bbox 419 5241 755 5299">
    <p class='ocr_par' dir='ltr' id='par_1_98' title="bbox 419 5241 755 5299">
     <span class='ocr_line' id='line_1_98' title="bbox 419 5241 755 5299; baseline 0.012 -5"><span class='ocrx_word' id='word_1_647' title='bbox 419 5241 755 5299; x_wconf 87' lang='lat' dir='ltr'><strong>nominibus.</strong></span> 
     </span>
    </p>
   </div>
   <div class='ocr_carea' id='block_1_99' title="bbox 497 5332 1996 5411">
    <p class='ocr_par' dir='ltr' id='par_1_99' title="bbox 497 5332 1996 5411">
     <span class='ocr_line' id='line_1_99' title="bbox 497 5332 1996 5411; baseline 0.001 -21"><span class='ocrx_word' id='word_1_648' title='bbox 497 5332 651 5404; x_wconf 89' lang='grc' dir='ltr'>ιιι</span> <span class='ocrx_word' id='word_1_649' title='bbox 686 5333 770 5388; x_wconf 82' lang='lat' dir='ltr'><strong>Ea:</strong></span> <span class='ocrx_word' id='word_1_650' title='bbox 800 5337 942 5390; x_wconf 84' lang='lat' dir='ltr'><strong>omni</strong></span> <span class='ocrx_word' id='word_1_651' title='bbox 972 5336 1326 5392; x_wconf 76' lang='lat' dir='ltr'><strong>intellectilis.</strong></span> <span class='ocrx_word' id='word_1_652' title='bbox 1361 5337 1647 5404; x_wconf 80' lang='lat' dir='ltr'><strong>Quomodo</strong></span> <span class='ocrx_word' id='word_1_653' title='bbox 1679 5341 1899 5411; x_wconf 85' lang='lat' dir='ltr'><strong>ignotus</strong></span> <span class='ocrx_word' id='word_1_654' title='bbox 1940 5347 1996 5393; x_wconf 87' lang='lat' dir='ltr'><strong>et</strong></span> 
     </span>
    </p>
   </div>
   <div class='ocr_carea' id='block_1_100' title="bbox 419 5423 1996 5504">
    <p class='ocr_par' dir='ltr' id='par_1_100' title="bbox 419 5423 1996 5504">
     <span class='ocr_line' id='line_1_100' title="bbox 419 5423 1996 5504; baseline 0.008 -30"><span class='ocrx_word' id='word_1_655' title='bbox 419 5423 646 5479; x_wconf 88' lang='lat' dir='ltr'><strong>omnino</strong></span> <span class='ocrx_word' id='word_1_656' title='bbox 698 5427 952 5498; x_wconf 82' lang='lat' dir='ltr'><strong>cognitus</strong></span> <span class='ocrx_word' id='word_1_657' title='bbox 997 5427 1162 5492; x_wconf 90' lang='lat' dir='ltr'><strong>Deus,</strong></span> <span class='ocrx_word' id='word_1_658' title='bbox 1217 5437 1271 5484; x_wconf 89' lang='lat' dir='ltr'><strong>et</strong></span> <span class='ocrx_word' id='word_1_659' title='bbox 1317 5431 1591 5500; x_wconf 83' lang='lat' dir='ltr'><strong>quomodo</strong></span> <span class='ocrx_word' id='word_1_660' title='bbox 1651 5431 1996 5504; x_wconf 87' lang='lat' dir='ltr'><strong>ignoratione</strong></span> 
     </span>
    </p>
   </div>
   <div class='ocr_carea' id='block_1_101' title="bbox 418 5513 1997 5594">
    <p class='ocr_par' dir='ltr' id='par_1_101' title="bbox 418 5513 1997 5594">
     <span class='ocr_line' id='line_1_101' title="bbox 418 5513 1997 5594; baseline 0.006 -27"><span class='ocrx_word' id='word_1_661' title='bbox 418 5513 540 5587; x_wconf 80' lang='lat' dir='ltr'><strong>ejus</strong></span> <span class='ocrx_word' id='word_1_662' title='bbox 570 5518 938 5588; x_wconf 86' lang='lat' dir='ltr'><strong>cognitionem</strong></span> <span class='ocrx_word' id='word_1_663' title='bbox 981 5535 1384 5590; x_wconf 87' lang='lat' dir='ltr'><strong>comparemus,</strong></span> <span class='ocrx_word' id='word_1_664' title='bbox 1415 5522 1726 5578; x_wconf 88' lang='lat' dir='ltr'><strong>dicendum.</strong></span> <span class='ocrx_word' id='word_1_665' title='bbox 1777 5522 1997 5594; x_wconf 83' lang='lat' dir='ltr'><strong>Ignora-</strong></span> 
     </span>
    </p>
   </div>
   <div class='ocr_carea' id='block_1_102' title="bbox 418 5603 1994 5682">
    <p class='ocr_par' dir='ltr' id='par_1_102' title="bbox 418 5603 1994 5682">
     <span class='ocr_line' id='line_1_102' title="bbox 418 5603 1994 5682; baseline 0.013 -27"><span class='ocrx_word' id='word_1_666' title='bbox 418 5603 573 5661; x_wconf 85' lang='lat' dir='ltr'><strong>tione</strong></span> <span class='ocrx_word' id='word_1_667' title='bbox 611 5609 756 5664; x_wconf 90' lang='lat' dir='ltr'><strong>enim</strong></span> <span class='ocrx_word' id='word_1_668' title='bbox 787 5609 932 5667; x_wconf 90' lang='lat' dir='ltr'><strong>Deus</strong></span> <span class='ocrx_word' id='word_1_669' title='bbox 968 5613 1320 5682; x_wconf 85' lang='lat' dir='ltr'><strong>cognoscitur</strong></span> <span class='ocrx_word' id='word_1_670' title='bbox 1354 5630 1365 5664; x_wconf 89' lang='lat'><strong>:</strong></span> <span class='ocrx_word' id='word_1_671' title='bbox 1410 5615 1804 5678; x_wconf 71' lang='lat' dir='ltr'><strong>ignorationem</strong></span> <span class='ocrx_word' id='word_1_672' title='bbox 1843 5631 1994 5676; x_wconf 83' lang='lat' dir='ltr'><strong>vero.</strong></span> 
     </span>
    </p>
   </div>
   <div class='ocr_carea' id='block_1_103' title="bbox 2100 4697 3494 4776">
    <p class='ocr_par' dir='ltr' id='par_1_103' title="bbox 2100 4697 3494 4776">
     <span class='ocr_line' id='line_1_103' title="bbox 2100 4697 3494 4776; baseline 0.004 -25"><span class='ocrx_word' id='word_1_673' title='bbox 2100 4697 2251 4762; x_wconf 90' lang='grc' dir='ltr'>θείας</span> <span class='ocrx_word' id='word_1_674' title='bbox 2287 4701 2504 4770; x_wconf 70' lang='grc' dir='ltr'>φύσεως</span> <span class='ocrx_word' id='word_1_675' title='bbox 2529 4702 2736 4773; x_wconf 85' lang='grc' dir='ltr'>ἀμερές</span> <span class='ocrx_word' id='word_1_676' title='bbox 2762 4719 2823 4755; x_wconf 91' lang='grc' dir='ltr'><strong>τε</strong></span> <span class='ocrx_word' id='word_1_677' title='bbox 2857 4704 2949 4757; x_wconf 78' lang='grc' dir='ltr'>καὶ</span> <span class='ocrx_word' id='word_1_678' title='bbox 2982 4702 3187 4756; x_wconf 80' lang='grc' dir='ltr'>ἁπλοῦν</span> <span class='ocrx_word' id='word_1_679' title='bbox 3217 4703 3494 4776; x_wconf 79' lang='grc' dir='ltr'>σημαίνει.</span> 
     </span>
    </p>
   </div>
   <div class='ocr_carea' id='block_1_104' title="bbox 2173 4877 3679 4953">
    <p class='ocr_par' dir='ltr' id='par_1_104' title="bbox 2173 4877 3679 4953">
     <span class='ocr_line' id='line_1_104' title="bbox 2173 4877 3679 4953; baseline 0.001 -21"><span class='ocrx_word' id='word_1_680' title='bbox 2173 4877 2240 4932; x_wconf 83' lang='grc' dir='ltr'><strong>Τὸ</strong></span> <span class='ocrx_word' id='word_1_681' title='bbox 2269 4878 2620 4950; x_wconf 72' lang='grc' dir='ltr'>ἄφθεγκτον.</span> <span class='ocrx_word' id='word_1_682' title='bbox 2652 4881 3020 4950; x_wconf 70' lang='grc' dir='ltr'>Ἀφθεγκτον</span> <span class='ocrx_word' id='word_1_683' title='bbox 3040 4881 3129 4936; x_wconf 77' lang='grc' dir='ltr'><strong>διὰ</strong></span> <span class='ocrx_word' id='word_1_684' title='bbox 3155 4881 3216 4935; x_wconf 84' lang='grc' dir='ltr'><strong>τὸ</strong></span> <span class='ocrx_word' id='word_1_685' title='bbox 3235 4881 3679 4953; x_wconf 81' lang='grc' dir='ltr'>ἀκατονόμαστον</span> 
     </span>
    </p>
   </div>
   <div class='ocr_carea' id='block_1_105' title="bbox 2095 4971 3686 5046">
    <p class='ocr_par' dir='ltr' id='par_1_105' title="bbox 2095 4971 3686 5046">
     <span class='ocr_line' id='line_1_105' title="bbox 2095 4971 3686 5046; baseline 0.002 -23"><span class='ocrx_word' id='word_1_686' title='bbox 2095 4971 2193 5041; x_wconf 82' lang='grc' dir='ltr'>τῆς</span> <span class='ocrx_word' id='word_1_687' title='bbox 2211 4971 2428 5036; x_wconf 74' lang='grc' dir='ltr'>οὐσίας’</span> <span class='ocrx_word' id='word_1_688' title='bbox 2452 4974 2812 5041; x_wconf 68' lang='grc' dir='ltr'>πολύφωνον</span> <span class='ocrx_word' id='word_1_689' title='bbox 2835 4973 2912 5040; x_wconf 84' lang='grc' dir='ltr'><strong>δὲ,</strong></span> <span class='ocrx_word' id='word_1_690' title='bbox 2931 4974 3013 5027; x_wconf 82' lang='grc' dir='ltr'>ὅτι</span> <span class='ocrx_word' id='word_1_691' title='bbox 3038 4976 3104 5046; x_wconf 81' lang='grc' dir='ltr'><strong>τῇ</strong></span> <span class='ocrx_word' id='word_1_692' title='bbox 3127 4973 3367 5045; x_wconf 74' lang='grc' dir='ltr'>ποικιλίᾳ</span> <span class='ocrx_word' id='word_1_693' title='bbox 3397 4972 3508 5027; x_wconf 81' lang='grc' dir='ltr'><strong>τῶν</strong></span> <span class='ocrx_word' id='word_1_694' title='bbox 3531 4973 3686 5045; x_wconf 81' lang='grc' dir='ltr'>εὐερ-</span> 
     </span>
    </p>
   </div>
   <div class='ocr_carea' id='block_1_106' title="bbox 2097 5063 3044 5136">
    <p class='ocr_par' dir='ltr' id='par_1_106' title="bbox 2097 5063 3044 5136">
     <span class='ocr_line' id='line_1_106' title="bbox 2097 5063 3044 5136; baseline 0.004 -20"><span class='ocrx_word' id='word_1_695' title='bbox 2097 5063 2439 5134; x_wconf 82' lang='grc' dir='ltr'>γετουμένων</span> <span class='ocrx_word' id='word_1_696' title='bbox 2469 5064 2532 5118; x_wconf 85' lang='grc' dir='ltr'>τὸ</span> <span class='ocrx_word' id='word_1_697' title='bbox 2567 5064 2887 5134; x_wconf 83' lang='grc' dir='ltr'>πολύφωνον</span> <span class='ocrx_word' id='word_1_698' title='bbox 2913 5065 3044 5136; x_wconf 79' lang='grc' dir='ltr'>ἔχει.</span> 
     </span>
    </p>
   </div>
   <div class='ocr_carea' id='block_1_107' title="bbox 2177 5340 3678 5414">
    <p class='ocr_par' dir='ltr' id='par_1_107' title="bbox 2177 5340 3678 5414">
     <span class='ocr_line' id='line_1_107' title="bbox 2177 5340 3678 5414; baseline 0.001 -18"><span class='ocrx_word' id='word_1_699' title='bbox 2177 5343 2244 5396; x_wconf 84' lang='grc' dir='ltr'><strong>Τὸ</strong></span> <span class='ocrx_word' id='word_1_700' title='bbox 2273 5345 2636 5410; x_wconf 72' lang='grc' dir='ltr'>παννόητον.</span> <span class='ocrx_word' id='word_1_701' title='bbox 2674 5340 2799 5404; x_wconf 84' lang='grc' dir='ltr'><strong>Πῶς</strong></span> <span class='ocrx_word' id='word_1_702' title='bbox 2829 5342 3104 5410; x_wconf 77' lang='grc' dir='ltr'>ἄγνωστος</span> <span class='ocrx_word' id='word_1_703' title='bbox 3143 5342 3238 5394; x_wconf 76' lang='grc' dir='ltr'><strong>καὶ</strong></span> <span class='ocrx_word' id='word_1_704' title='bbox 3264 5343 3560 5414; x_wconf 82' lang='grc' dir='ltr'>παννόητος</span> <span class='ocrx_word' id='word_1_705' title='bbox 3577 5344 3623 5377; x_wconf 79' lang='grc'><strong>⁸⁸</strong></span> <span class='ocrx_word' id='word_1_706' title='bbox 3650 5346 3678 5397; x_wconf 87' lang='grc' dir='ltr'><strong>ό</strong></span> 
     </span>
    </p>
   </div>
   <div class='ocr_carea' id='block_1_108' title="bbox 2099 5433 3677 5506">
    <p class='ocr_par' dir='ltr' id='par_1_108' title="bbox 2099 5433 3677 5506">
     <span class='ocr_line' id='line_1_108' title="bbox 2099 5433 3677 5506; baseline 0.001 -19"><span class='ocrx_word' id='word_1_707' title='bbox 2099 5435 2251 5498; x_wconf 85' lang='grc' dir='ltr'>Θεὸς,</span> <span class='ocrx_word' id='word_1_708' title='bbox 2287 5435 2379 5486; x_wconf 79' lang='grc' dir='ltr'><strong>καὶ</strong></span> <span class='ocrx_word' id='word_1_709' title='bbox 2411 5435 2528 5501; x_wconf 77' lang='grc' dir='ltr'><strong>πῶς</strong></span> <span class='ocrx_word' id='word_1_710' title='bbox 2555 5436 2613 5486; x_wconf 82' lang='grc' dir='ltr'>ὲν</span> <span class='ocrx_word' id='word_1_711' title='bbox 2640 5433 2886 5505; x_wconf 70' lang='grc' dir='ltr'>ἀγνωσία</span> <span class='ocrx_word' id='word_1_712' title='bbox 2931 5433 3029 5503; x_wconf 84' lang='grc' dir='ltr'>τὴν</span> <span class='ocrx_word' id='word_1_713' title='bbox 3069 5433 3196 5504; x_wconf 72' lang='grc' dir='ltr'>περὶ</span> <span class='ocrx_word' id='word_1_714' title='bbox 3227 5434 3391 5486; x_wconf 78' lang='grc' dir='ltr'>αὑτοῦ</span> <span class='ocrx_word' id='word_1_715' title='bbox 3420 5433 3677 5506; x_wconf 78' lang='grc' dir='ltr'>κτώμεθα</span> 
     </span>
    </p>
   </div>
   <div class='ocr_carea' id='block_1_109' title="bbox 2100 5525 3677 5599">
    <p class='ocr_par' dir='ltr' id='par_1_109' title="bbox 2100 5525 3677 5599">
     <span class='ocr_line' id='line_1_109' title="bbox 2100 5525 3677 5599; baseline 0.001 -20"><span class='ocrx_word' id='word_1_716' title='bbox 2100 5527 2320 5595; x_wconf 85' lang='grc' dir='ltr'>γνῶσιν,</span> <span class='ocrx_word' id='word_1_717' title='bbox 2348 5528 2568 5599; x_wconf 80' lang='grc' dir='ltr'>ῥητέον’</span> <span class='ocrx_word' id='word_1_718' title='bbox 2596 5526 2788 5598; x_wconf 73' lang='grc' dir='ltr'>ἀγνοίᾳ</span> <span class='ocrx_word' id='word_1_719' title='bbox 2809 5525 2916 5598; x_wconf 85' lang='grc' dir='ltr'><strong>γὰρ</strong></span> <span class='ocrx_word' id='word_1_720' title='bbox 2952 5526 3159 5594; x_wconf 88' lang='grc' dir='ltr'>γίνεται</span> <span class='ocrx_word' id='word_1_721' title='bbox 3195 5526 3432 5595; x_wconf 73' lang='grc' dir='ltr'>γνωστὸς</span> <span class='ocrx_word' id='word_1_722' title='bbox 3458 5529 3488 5580; x_wconf 88' lang='grc' dir='ltr'>ὁ</span> <span class='ocrx_word' id='word_1_723' title='bbox 3520 5528 3677 5590; x_wconf 70' lang='grc' dir='ltr'>Θεόςο</span> 
     </span>
    </p>
   </div>
   <div class='ocr_carea' id='block_1_110' title="bbox 2101 5617 3677 5693">
    <p class='ocr_par' dir='ltr' id='par_1_110' title="bbox 2101 5617 3677 5693">
     <span class='ocr_line' id='line_1_110' title="bbox 2101 5617 3677 5693; baseline -0.001 -17"><span class='ocrx_word' id='word_1_724' title='bbox 2101 5620 2320 5683; x_wconf 81' lang='grc' dir='ltr'>ἄγνοιαν</span> <span class='ocrx_word' id='word_1_725' title='bbox 2353 5619 2410 5673; x_wconf 79' lang='grc' dir='ltr'><strong>δὲ</strong></span> <span class='ocrx_word' id='word_1_726' title='bbox 2435 5659 2449 5678; x_wconf 84' lang='grc'><strong>.</strong></span> <span class='ocrx_word' id='word_1_727' title='bbox 2503 5618 2576 5687; x_wconf 78' lang='grc' dir='ltr'>μὴ</span> <span class='ocrx_word' id='word_1_728' title='bbox 2616 5619 2715 5672; x_wconf 53' lang='grc' dir='ltr'><strong>τὴν</strong></span> <span class='ocrx_word' id='word_1_729' title='bbox 2752 5619 2842 5673; x_wconf 87' lang='grc' dir='ltr'><strong>διὰ</strong></span> <span class='ocrx_word' id='word_1_730' title='bbox 2886 5619 2984 5690; x_wconf 82' lang='grc' dir='ltr'>τῆς</span> <span class='ocrx_word' id='word_1_731' title='bbox 3017 5617 3256 5690; x_wconf 79' lang='grc' dir='ltr'>ἀμαθίας</span> <span class='ocrx_word' id='word_1_732' title='bbox 3295 5617 3500 5693; x_wconf 72' lang='grc' dir='ltr'>λάϐῃς·</span> <span class='ocrx_word' id='word_1_733' title='bbox 3543 5619 3677 5674; x_wconf 75' lang='grc' dir='ltr'>αὕτη</span> 
     </span>
    </p>
   </div>
   <div class='ocr_carea' id='block_1_111' title="bbox 1379 5792 2846 5878">
    <p class='ocr_par' dir='ltr' id='par_1_111' title="bbox 1379 5792 2846 5878">
     <span class='ocr_line' id='line_1_111' title="bbox 1379 5792 2846 5878; baseline 0.001 -32"><span class='ocrx_word' id='word_1_734' title='bbox 1379 5792 1616 5848; x_wconf 69' lang='lat' dir='ltr'><strong>VARIA&#39;J</strong></span> <span class='ocrx_word' id='word_1_735' title='bbox 1653 5792 2035 5849; x_wconf 82' lang='lat' dir='ltr'><strong>LECTIONES</strong></span> <span class='ocrx_word' id='word_1_736' title='bbox 2068 5792 2157 5847; x_wconf 85' lang='lat' dir='ltr'><strong>ET</strong></span> <span class='ocrx_word' id='word_1_737' title='bbox 2191 5793 2748 5878; x_wconf 79' lang='lat' dir='ltr'><strong>CORRECTIONES.</strong></span> <span class='ocrx_word' id='word_1_738' title='bbox 2821 5836 2846 5848; x_wconf 76' lang='lat'><strong>-</strong></span> 
     </span>
    </p>
   </div>
   <div class='ocr_carea' id='block_1_112' title="bbox 517 5915 1623 6000">
    <p class='ocr_par' dir='ltr' id='par_1_112' title="bbox 517 5915 1623 6000">
     <span class='ocr_line' id='line_1_112' title="bbox 517 5915 1623 6000; baseline 0.028 -36"><span class='ocrx_word' id='word_1_739' title='bbox 517 5915 564 5947; x_wconf 71' lang='grc' dir='ltr'><strong>’δ</strong></span> <span class='ocrx_word' id='word_1_740' title='bbox 599 5933 688 5986; x_wconf 77' lang='grc' dir='ltr'><strong>γρ.</strong></span> <span class='ocrx_word' id='word_1_741' title='bbox 727 5919 806 5974; x_wconf 80' lang='grc' dir='ltr'>ὅτι</span> <span class='ocrx_word' id='word_1_742' title='bbox 842 5921 939 5992; x_wconf 80' lang='grc' dir='ltr'>τὴν</span> <span class='ocrx_word' id='word_1_743' title='bbox 976 5925 1168 5980; x_wconf 85' lang='grc' dir='ltr'>κτίσιν.</span> <span class='ocrx_word' id='word_1_744' title='bbox 1289 5929 1332 5960; x_wconf 76' lang='grc'><strong>⁸⁵⁸</strong></span> <span class='ocrx_word' id='word_1_745' title='bbox 1360 5945 1448 5996; x_wconf 82' lang='grc' dir='ltr'>γρ.</span> <span class='ocrx_word' id='word_1_746' title='bbox 1481 5929 1623 6000; x_wconf 78' lang='grc' dir='ltr'>περί-</span> 
     </span>
    </p>
   </div>
   <div class='ocr_carea' id='block_1_113' title="bbox 1726 5927 2410 6000">
    <p class='ocr_par' dir='ltr' id='par_1_113' title="bbox 1726 5927 2410 6000">
     <span class='ocr_line' id='line_1_113' title="bbox 1726 5927 2410 6000; baseline 0.001 -19"><span class='ocrx_word' id='word_1_747' title='bbox 1726 5929 1770 5960; x_wconf 78' lang='grc'><strong>⁹⁶</strong></span> <span class='ocrx_word' id='word_1_748' title='bbox 1801 5946 1887 6000; x_wconf 80' lang='grc' dir='ltr'><strong>γρ.</strong></span> <span class='ocrx_word' id='word_1_749' title='bbox 1928 5927 2086 5984; x_wconf 81' lang='grc' dir='ltr'>πάλιν</span> <span class='ocrx_word' id='word_1_750' title='bbox 2119 5929 2318 5999; x_wconf 85' lang='grc' dir='ltr'>νοητός,</span> <span class='ocrx_word' id='word_1_751' title='bbox 2405 5968 2410 5972; x_wconf 67' lang='grc' dir='ltr'><em>ς</em></span> 
     </span>
    </p>
   </div>
  </div>
