3874 6540
101 453 182 510 Si?
488 450 502 462 ’
858 445 913 503 S.
951 444 1199 501 MAXIM!
1234 443 1526 500 SCHOLIA
1557 441 1622 497 1N

1753 440 1790 494 ι.
1838 438 1923 493 DE
1954 435 2206 492 DlVlNlS
2238 425 2629 491 ΝοιιιΝιΒυδ.

3251 431 3357 482 2115

103 567 187 638 γὰρ
211 561 404 626 σκότος
447 562 572 616 ἐστὶ
602 563 781 634 ψυχῆς
799 581 815 596 ο
848 566 984 636 μήτε
1013 565 1115 638 τὴν
1146 566 1520 636 γινώσκουσαν
1541 609 1555 634 ,
1587 567 1647 620 ὅτ

1771 577 1881 617 non
1923 575 2044 616 eam
2078 573 2199 629 qua:
2242 573 2310 614 ex
2347 555 2617 626 imperitia
2664 544 2863 616 oritur,
2904 548 3146 620 accipias
3185 563 3199 602 :
3241 547 3358 602 haec

103 658 346 724 ἀγνοεῖται
369 657 399 709 ὁ
422 655 710 724 ἄγνωστος
730 672 745 686 °
780 653 918 719 εἶδος
946 655 1054 728 γὰρ
1082 658 1178 710 καὶ
1199 657 1342 730 αὑτὴ
1374 673 1668 730 γνωριστι-

103 751 200 802 κὸν·
229 747 361 800 ἀλλά
382 749 512 801 κατ’
548 747 766 819 ἐκείνην
801 748 902 821 τὴν
930 750 1151 818 ἄγνοιαν
1175 749 1502 820 γινώσκεται
1531 768 1671 820 γνω-

104 842 232 904 στὸς,
266 840 388 893 καθ’
417 839 489 912 ἢν
529 839 873 904 ἁπλωθέντες
905 841 1046 914 ὑπὲρ
1075 841 1174 906 τὰς
1193 845 1436 914 νοήσεις,
1465 843 1670 907 αἵτινες

105 932 484 1003 πληθυνόμεναι
529 933 943 998 σκεδάννυνται,
976 934 1070 989 καὶ
1101 931 1258 999 αὖθις
1291 936 1670 1008 συμπτύσσον-

103 1043 204 1089 ται,
233 1025 332 1078 οὑκ
369 1021 534 1078 οὖσαι
576 1025 721 1090 ἐνάς.
752 1026 915 1079 Ὅθεν
953 1022 1045 1080 οὖν
1093 1029 1273 1081 πᾶσαν
1313 1029 1494 1100 νόησιν
1539 1028 1669 1100 περὶ

104 1120 209 1172 Θεὸν
246 1118 627 1189 ὑπερϐάντες,
668 1117 832 1172 ἁπλοῖ
855 1119 1118 1191 γινόμεθα
1143 1160 1158 1185 ,
1193 1121 1515 1189 ἀγνοοῦντες
1553 1120 1667 1173 λοι-

103 1211 180 1264 πὸν
207 1212 296 1264 καὶ
330 1211 697 1282 ἀδιάκριτοι⁹⁷
731 1212 985 1282 μένοντες
1013 1211 1101 1265 διὰ
1128 1212 1226 1283 τὴν
1260 1212 1397 1284 πρὸς
1424 1211 1523 1284 τὴν
1550 1213 1667 1266 ὲνό-

101 1322 216 1375 τητα
261 1304 483 1366 στάσιν,
537 1304 635 1356 καὶ
688 1301 920 1374 βεϐαίως
971 1304 1205 1368 ἑστῶτες
1252 1307 1310 1358 ἐν
1349 1308 1415 1377 τῇ
1450 1304 1663 1373 ὲνώσει,

101 1396 375 1468 ἀγνοοῦμεν
431 1397 516 1450 ὅτι
563 1396 868 1467 ἀγνοοῦμεν
913 1387 982 1462 ⁸⁸,
1022 1399 1298 1451 τουτέστιν
1339 1399 1439 1469 οὑχ
1477 1398 1664 1471 ἐτέρου

101 1490 220 1554 τινὸς
239 1490 438 1553 εἰδότες
459 1491 529 1555 ⁹⁹,
565 1492 725 1562 ἡμεῖς
762 1491 838 1553 ὼς
877 1490 1109 1562 ἀμαθεῖς
1136 1491 1467 1562 ἀγνοοῦμεν,
1504 1490 1664 1545 δυνά-

105 1600 227 1652 μενοι
255 1582 444 1654 μαθεῖν
476 1584 514 1636 ἃ
541 1583 680 1647 τέως
701 1583 1003 1654 ἀγνοοῦμεν
1026 1601 1041 1615 ο
1066 1583 1198 1637 ἀλλά
1218 1583 1284 1638 τὰ
1305 1583 1457 1655 παρά
1484 1585 1666 1655 πάσης

102 1675 297 1746 λογικῆς
323 1675 562 1740 κτίσεως
591 1676 832 1740 εὐσεϐῶς
855 1677 1190 1748 ἀγνοούμενα
1225 1676 1570 1746 ἀγνοοῦντεςο
1605 1678 1664 1730 ἐν

101 1768 243 1840 ταύτῃ
280 1767 386 1840 γὰρ
433 1769 664 1832 στάντες
705 1771 772 1840 τῇ
819 1770 1043 1842 ἀγνοίᾳ,
1091 1765 1230 1832 εἶδος
1269 1768 1530 1842 γινόμεθα
1568 1768 1662 1822 τοῦ

103 1862 186 1933 πρὸ
217 1861 429 1915 πάντων
459 1862 616 1925 ὄντος
638 1878 652 1892 ο
686 1861 950 1925 ’ἐάσαντες
979 1862 1077 1932 μὲν
1111 1863 1288 1915 πάντα
1323 1861 1391 1915 τὰ
1424 1861 1540 1932 εῐδη
1570 1862 1664 1915 καὶ

1771 654 1916 710 enim
1953 652 2133 722 caligo
2159 658 2245 707 est
2287 649 2508 710 mentis,
2548 661 2726 716 neque
2775 652 3197 714 cognoscentem
3229 653 3356 694 eum

1770 745 2014 816 ignorari
2061 743 2155 814 qui
2213 742 2440 797 minime
2483 737 2744 809 cognosci
2783 743 2995 806 potest;
3046 733 3165 804 ipsa
3205 731 3355 786 enim

1769 848 1854 894 est
1887 838 2098 908 species
2130 834 2463 906 cognitionis
2506 847 2740 888 :verum
2783 830 2875 884 illa
2918 827 3262 899 ignoratione
3305 824 3354 880 is

1768 932 1863 1003 qui
1906 929 2164 1002 cognosci
2194 935 2408 1000 potest,
2454 925 2825 996 cognoscitur,
2859 939 2956 994 per
2987 936 3150 993 quam
3184 934 3354 989 supra

1769 1023 2112 1093 cognitiones
2166 1021 2444 1090 simplices
2491 1018 2786 1079 efficimur,
2830 1030 2954 1085 quae
2999 1014 3128 1068 dum
3175 1012 3355 1065 multi-

1770 1115 2062 1184 plicantur,
2094 1111 2416 1168 dividuntur
2449 1110 2757 1178 iterumque
2790 1106 3202 1176 conjunguntur
3226 1119 3350 1158 cum

1769 1225 1880 1263 non
1932 1209 2044 1264 sint
2076 1207 2280 1262 unitas.
2334 1203 2544 1259 Idcirco
2575 1204 2742 1274 igitur
2771 1216 2988 1256 omnem
3020 1199 3087 1254 de
3116 1198 3224 1254 Deo
3257 1213 3354 1252 co-

1767 1301 2085 1372 gitationem
2153 1297 2613 1353 transcendentes
2706 1294 2984 1364 simplices
3057 1289 3347 1354 efficimur,

1767 1395 2083 1462 ignorantes
2111 1390 2308 1446 deinde
2341 1398 2394 1444 et
2421 1404 2531 1443 non
2561 1388 2938 1442 discernentes
2978 1392 3199 1456 propter
3229 1384 3351 1438 uni-

1764 1488 1896 1543 tatis
1954 1493 2157 1542 statum
2208 1490 2616 1556 permanentes,
2665 1489 2732 1536 et
2764 1480 2995 1535 firmiter
3051 1479 3108 1533 in
3144 1478 3350 1532 unitate

1766 1578 2155 1640 consistentes,
2206 1577 2525 1646 ignoramus
2556 1589 2658 1628 nos
2706 1574 2981 1643 ignorare,
3015 1570 3070 1624 id
3097 1579 3181 1625 est
3213 1569 3351 1624 nihil

1765 1669 1912 1724 aliud
1944 1669 2200 1736 scientes,
2232 1683 2334 1723 nos
2365 1675 2423 1721 ut
2479 1665 2646 1722 rudes
2696 1665 3049 1736 ignoramus,
3104 1663 3350 1718 valentes

1764 1777 1827 1817 ea
1875 1761 2088 1815 discere
2126 1776 2246 1830 qua:
2286 1761 2573 1829 hucusque
2624 1760 2966 1829 ignoramus,
2999 1755 3096 1811 sed
3125 1771 3189 1810 ea
3228 1770 3350 1826 quae

1765 1855 1835 1910 ab
1901 1855 2159 1908 universa
2217 1853 2432 1908 ratione
2484 1852 2711 1922 praedita
2776 1859 3030 1905 creatura
3094 1848 3350 1918 religiose

101 1953 179 2015 τὰς
200 1954 432 2024 νοήσεις,
475 1953 535 2007 ὲν
567 1953 779 2026 ἀφασίᾳ
804 1953 860 2006 δὲ
889 1954 1158 2026 κρείττονι
1190 1954 1368 2026 πάσης
1390 1954 1652 2022 φθέγξεως

1769 1946 2134 2017 ignorantur,
2187 1945 2542 2016 ignorantes;
2603 1945 2661 1997 in
2726 1942 2831 1998 liae
2897 1941 3167 2012 siquidem
3225 1954 3350 2010 per-

102 2042 372 2113 ίδρυμένοι,
407 2045 489 2116 τῷ
521 2046 657 2118 μηδὲ
689 2047 846 2100 τοῦτο
874 2046 1184 2115 γινώσκειν,
1211 2047 1293 2101 ὅτι
1323 2045 1655 2117 ἀγνοοῦμεν·

101 2131 196 2188 εἶτα
227 2137 382 2192 πάλιν
411 2138 859 2210 ὑποστρέψαντες
887 2140 952 2193 ὲκ
984 2140 1082 2212 τῆς
1111 2141 1169 2193 ἐν
1200 2138 1408 2210 ἀφασίᾳ
1430 2139 1496 2170 ¹⁰⁰
1531 2156 1657 2191 σιω-

102 2227 218 2297 πῆς,
247 2229 336 2281 καὶ
361 2229 472 2282 ἀπὸ
503 2231 606 2302 τῆς
641 2230 803 2300 σιγῆς
836 2232 916 2296 είς
947 2231 1167 2300 φθέγξιν
1200 2232 1654 2297 καταϐαίνοντες,

104 2320 339 2386 συνιέντες
363 2323 446 2376 ὅτι
477 2323 803 2395 ἠγνοοῦμεν,
829 2325 1177 2396 ἀφιστάμεθα
1205 2326 1386 2380 λοιπὸν
1407 2326 1501 2380 τοῦ
1529 2327 1656 2398 περὶ

99 2411 343 2476 ἀγνώστου
377 2413 581 2486 ζητεῖν.
628 2418 974 2485 Παννόητος
1023 2417 1079 2470 δὲ
1123 2418 1285 2471 πάλιν
1326 2420 1355 2472 ό
1393 2418 1553 2484 Θεὸς,
1590 2419 1654 2471 ὲκ

98 2503 186 2555 τῶν
218 2505 518 2576 φιλοδώρων
565 2507 835 2578 προνοιῶν
873 2509 1160 2580 νοούμενος
1183 2551 1198 2575 ,
1243 2511 1270 2563 ὃ
1297 2527 1347 2563 τι
1380 2511 1528 2574 ἐστὶ,
1563 2511 1655 2564 καὶ

99 2596 149 2647 ἐκ
179 2596 277 2648 τῶν
315 2598 853 2671 δημιουργημάτων·
909 2603 972 2654 ὲκ
1014 2601 1120 2655 τῶν
1165 2603 1262 2673 μὲν
1286 2643 1300 2666 ,
1344 2603 1426 2655 ὅτι
1471 2608 1653 2674 σωτήρ

99 2686 251 2740 ἐστιν·
279 2689 341 2743 ὲκ
362 2691 471 2745 τῶν
499 2691 557 2745 δὲ
583 2732 599 2757 ,
632 2692 714 2745 ὅτι
734 2692 1080 2766 δημιουργός.
1113 2695 1222 2747 Καὶ
1251 2693 1397 2748 θέσιν
1429 2694 1526 2765 μὲν
1552 2695 1651 2768 τὴν

99 2777 301 2851 ὓπαρξιν
320 2779 503 2854 φησιν,
531 2785 610 2849 ώς
636 2784 694 2852 ἐξ
726 2786 897 2857 αὑτῆς
922 2787 1022 2858 τῆς
1049 2787 1264 2841 πάντων
1283 2786 1447 2859 οὑσης
1477 2787 1652 2859 ὑπάρ-

99 2869 230 2936 ξεως.
259 2875 486 2944 Λέγουσι
516 2876 575 2929 δὲ
615 2877 709 2932 καὶ
740 2879 787 2930 οἱ
821 2878 1100 2948 φιλόσοφοι
1134 2878 1280 2932 θέσιν
1313 2879 1381 2932 τὰ
1412 2881 1649 2933 ἐπιτιθέ-

100 2981 216 3032 μενα
244 2967 349 3040 είδη
382 2973 449 3041 τῇ
487 2969 591 3043 ὕλῃ
613 2987 628 3002 ο
663 2971 950 3044 ἀφαίρεσιν
980 2971 1074 3037 δὲ,
1115 2973 1242 3026 ὅταν
1279 2976 1335 3026 αί
1371 2974 1650 3046 ποιότητες

99 3057 400 3130 ἀφαιρεθῶσι
425 3061 536 3115 τῶν
571 3063 727 3116 είδῶν
747 3081 760 3094 ⁸
792 3061 902 3117 οἷον
933 3063 1037 3135 γῆς
1061 3065 1122 3118 τὸ
1157 3066 1294 3138 βαρὺ
1319 3110 1333 3133 ,
1372 3065 1562 3131 ὓδατος
1588 3067 1650 3120 τὸ

96 3148 256 3220 ὑγρόν.
298 3152 355 3205 Ὁ
387 3149 480 3207 οὖν
508 3155 672 3222 Θεὸς,
719 3158 748 3208 ὁ
791 3156 1087 3209 καὶταῦτα
1135 3159 1648 3230 μετασχηματίζων,

97 3243 346 3309 ἡπάντων
376 3246 526 3310 θέσις
561 3249 657 3301 καὶ
693 3249 982 3321 ἀφαίρεσίς
1013 3252 1159 3303 ἐστι·
1200 3251 1347 3316 θέσις
1382 3253 1480 3324 μὲν
1515 3252 1650 3306 πάν-

1763 2038 2023 2094 sistentes
2074 2037 2436 2109 ignoratione,
2494 2037 2762 2092 efﬁcimur
2824 2035 3000 2091 forma
3040 2035 3160 2104 ejus
3200 2031 3349 2103 quod

1763 2139 1893 2186 ante
1941 2131 2126 2185 omnia
2189 2131 2430 2199 exsistit,
2481 2131 2818 2200 negligentes
2867 2128 3088 2200 quidem
3143 2125 3347 2180 formas

1760 2237 1972 2287 omnes,
2012 2223 2066 2276 in
2098 2223 2320 2277 silentio
2364 2229 2545 2276 autem
2595 2235 2851 2276 sermone
2899 2218 3048 2272 omni
3081 2226 3349 2287 przestan-

1759 2313 1887 2368 tiori
1954 2314 2379 2378 constituimur,
2439 2312 2728 2373 nimirum,
2777 2325 2958 2380 neque
2997 2309 3100 2362 lioc
3139 2323 3346 2377 cogno-

1758 2421 1933 2470 scere,
1985 2406 2130 2476 quod
2179 2407 2519 2476 ignoramus,
2570 2409 2759 2472 postea
2811 2417 3010 2457 rursus
3076 2414 3106 2454 a
3155 2408 3345 2454 mutuo

1758 2494 1976 2549 silentio
2007 2495 2286 2561 conversi,
2330 2501 2385 2550 et
2431 2507 2462 2546 a
2499 2491 2876 2546 taciturnitate
2922 2490 2991 2544 ad
3035 2503 3344 2544 sermonem

1759 2579 2180 2647 descendentes,
2212 2581 2342 2636 dum
2374 2581 2732 2652 intelligimus
2769 2595 2871 2635 nos
2901 2580 3176 2651 ignorare,
3211 2579 3342 2635 abs-

1754 2673 1994 2730 tinemus
2037 2685 2225 2745 postea
2265 2675 2334 2729 ab
2375 2673 2496 2744 ejus
2541 2673 2689 2744 quod
2723 2673 2980 2744 cognosci
3029 2673 3219 2742 nequit
3253 2672 3343 2727 in-

1754 2764 2074 2833 quisitione.
2125 2763 2343 2821 Rursus
2388 2779 2518 2819 vero
2546 2763 2693 2819 Deus
2735 2765 2948 2816 omnino
2991 2763 3339 2833 intellig/ibitis

1752 2854 1974 2922 dicitur,
1999 2857 2128 2926 quia
2152 2872 2218 2912 ex
2247 2857 2455 2912 liberali
2481 2855 2822 2926 providentia
2854 2862 2908 2910 et
2929 2855 3340 2925 operationibus

1753 2949 2090 3024 agnoscitur,
2123 2949 2254 3018 quid
2287 2949 2391 3016 sit;
2427 2965 2495 3004 ex
2528 2949 2622 3003 illa
2653 2948 2897 3019 quidem,
2938 2963 3062 3002 esse
3096 2956 3340 3002 servato-

1752 3057 1889 3105 rem,
1919 3057 1985 3096 ex
2015 3042 2102 3096 his
2127 3050 2330 3109 autem,
2363 3056 2487 3097 esse
2527 3051 2860 3096 creatorem.
2900 3038 2967 3092 Et
3010 3039 3344 3109 positionem

1751 3148 1848 3188 seu
1879 3132 2318 3197 aﬂirmationem,
2348 3132 2730 3188 exsistentiam
2765 3137 2946 3194 vocat,
2980 3129 3108 3199 quia
3145 3129 3214 3183 ab
3250 3128 3344 3182 illa

1751 3227 1996 3280 omnium
2039 3227 2300 3297 procedat
2336 3225 2698 3292 exsistentia;
2747 3224 2938 3279 dicunt
2965 3239 3130 3294 porro
3159 3222 3343 3293 philo-

95 3348 204 3400 των,
233 3338 301 3402 ὡς
327 3340 396 3393 τά
445 3341 628 3394 πάντα
669 3315 782 3406 θείς
826 3315 920 3396 καὶ
962 3345 1221 3415 ποιήσας,
1258 3315 1351 3400 καί
1382 3315 1646 3418 ’ἱδρῦσθαι

1753 3319 1911 3390 sophi
1942 3320 2274 3390 positionem
2306 3317 2513 3374 formas
2534 3333 2658 3388 qua:
2685 3317 2930 3371 materiae
2962 3315 3339 3386 imponuntur;

99 3429 502 3496 παρασκευάζων
519 3446 532 3460 ·
567 3431 624 3482 ὲν
645 3429 793 3501 αὑτῷ
811 3430 920 3502 γὰρ
943 3431 1012 3484 τά
1035 3432 1248 3485 ἅπαντα
1281 3434 1607 3506 συνέστηκεν
1627 3452 1640 3465 ·

96 3514 352 3586 ἀφαίρεσις
377 3519 436 3572 δὲ
474 3518 696 3574 πάντων
726 3521 895 3585 ἐστὶν,
935 3521 1011 3585 ώς
1051 3523 1145 3576 καὶ
1169 3524 1267 3595 τὴν
1298 3525 1444 3578 θέσιν
1477 3525 1646 3597 αὑτὴν

98 3603 206 3675 ιτῶν
228 3609 409 3684 ὅντων]
438 3614 534 3666 καὶ
556 3612 656 3684 τὴν
679 3613 897 3686 ποίησιν
925 3615 1378 3688 μεταρρυθμίζων
1427 3620 1520 3672 καὶ
1553 3636 1648 3690 με-

96 3703 442 3769 τασκευάζων,
484 3707 580 3759 καὶ
629 3706 883 3780 ἀφαιρῶν
927 3711 992 3764 ἐκ
1038 3711 1146 3764 τῶν
1205 3711 1533 3783 τεθειμένων
1577 3713 1648 3767 τά

98 3793 218 3846 κατὰ
240 3795 390 3862 φύσιν
409 3813 422 3827 ⁸
453 3798 502 3850 εί
539 3797 648 3871 γάρ
676 3800 1015 3871 ὁμολογεῖται
1036 3805 1053 3834 ¹
1086 3803 1156 3856 τά
1184 3803 1243 3856 ὲν
1270 3803 1481 3872 γενέσει
1511 3804 1647 3857 πάν-

95 3898 185 3946 τως
219 3888 305 3940 καὶ
345 3888 699 3962 φθείρεσθαι²
720 3909 732 3921 ’
771 3893 933 3957 αὑτὸς
964 3894 1020 3948 δὲ
1063 3895 1276 3966 πλούτῳ
1312 3897 1647 3969 ἀγαθότητος

96 3973 187 4026 τῶν
217 3978 304 4047 μὲν
330 3980 508 4033 ἀνεῖλε
538 3982 633 4035 καὶ
656 3982 718 4035 τὸ
750 3983 1008 4057 φθαρτὸν,
1043 3986 1119 4050 ὡς
1148 3987 1394 4057 ἀγγέλων
1422 3990 1514 4042 καὶ
1539 3989 1643 4060 ψυ-

96 4064 210 4131 χῶν⁹
238 4069 338 4123 τῶν
365 4071 420 4124 δὲ
446 4072 511 4125 τὸ
539 4071 778 4145 φθαρτὸν
810 4077 888 4138 εἰς
916 4075 1255 4148 ἀφθαρσίαν,
1291 4076 1386 4130 καὶ
1426 4077 1487 4130 τὸ
1515 4076 1644 4149 θνη-

95 4157 171 4208 τὸν
200 4160 269 4224 είς
306 4161 602 4216 ἀθανασίαν
636 4164 894 4234 μετάγει,
926 4166 1001 4230 ὡς
1037 4166 1105 4219 τὰ
1140 4165 1367 4238 σώματα
1397 4169 1429 4237 ή
1441 4166 1555 4237 μῶν
1586 4170 1644 4221 ὲν

94 4250 150 4317 τῇ
171 4250 442 4307 ἀναστάσει
465 4272 476 4285 ³
504 4255 663 4326 δῆλον
681 4255 756 4319 ὡς
778 4257 938 4320 αὑτὸς
961 4257 1136 4312 ταῦτα
1163 4258 1294 4328 ἡμῖν
1314 4258 1334 4289 ³
1361 4258 1640 4329 ὑπάρχων,

97 4340 231 4405 αὐτὸς
262 4346 349 4398 καὶ
385 4346 530 4419 ὑπὲρ
561 4347 710 4401 θέσιν
739 4349 856 4401 ἐστὶ
881 4350 976 4402 καὶ
1015 4349 1325 4420 ἀφαίρεσιν,
1357 4351 1451 4403 καὶ
1482 4350 1645 4421 θεμέ-

95 4427 187 4494 λιος
211 4435 295 4488 καὶ
327 4437 450 4508 ῥίζα
477 4439 696 4492 πάντων
725 4438 819 4503 ὣν,
854 4441 915 4494 οὑ
944 4441 1186 4504 τοπικῶς
1206 4481 1221 4504 ,
1253 4440 1389 4495 ἀλλά
1412 4441 1555 4496 κατά
1581 4440 1644 4495 τὸ

96 4525 262 4580 αἴτιον·
307 4529 428 4582 οὔτε
474 4531 768 4604 ἀφαίρεσις
811 4533 970 4596 αὑτὸς
1011 4532 1119 4596 ὢν,
1165 4526 1242 4586 ὧν
1283 4533 1441 4598 αὑτὸς
1489 4532 1638 4604 ἔχει’

97 4616 204 4668 αὐτὸ
228 4618 328 4691 γὰρ
353 4621 624 4675 ἀθάνατον
656 4623 818 4686 αὑτὸς
846 4622 978 4693 ἔχει.
996 4624 1068 4677 Τὸ
1089 4623 1197 4696 γὰρ
1229 4623 1518 4688 ἀθάνατον,
1548 4624 1641 4677 καὶ

95 4706 461 4784 ἀκατάληπτον,
497 4713 594 4768 καὶ
621 4713 918 4782 ἄγνωστον,
953 4715 1048 4768 κα)⁸
1065 4716 1166 4770 ὅσα
1201 4714 1426 4769 τοιαῦτα
1446 4757 1461 4781 ,
1494 4715 1636 4787 ἔχει,

93 4800 177 4870 οὑχ
206 4803 274 4868 ὡς
305 4805 374 4877 μὴ
408 4799 488 4858 ὢν
520 4806 584 4858 τὸ
613 4806 882 4860 ἐναντίον·
914 4808 1048 4862 ἀλλά
1079 4809 1220 4862 κατά
1252 4809 1489 4881 ἰδιότητά
1518 4826 1640 4862 τινα

94 4895 232 4948 πᾶσιν
267 4899 502 4972 ἄρρητον
539 4899 634 4952 καί
679 4899 1059 4972 ἀνεπινόητοψ
1095 4899 1354 4973 ἐξῄρηται
1392 4901 1502 4973 γάρ
1531 4900 1641 4953 τῶν

94 4985 330 5058 ἁπάντων,
368 4993 444 5056 ώς
469 4992 824 5065 ἀφῃρημένος
843 4993 950 5047 τῶν
971 4994 1160 5059 όντων,
1196 4995 1289 5048 καὶ
1313 4995 1404 5047 ὑπ’
1427 4993 1640 5059 οὐδενὸς

92 5079 343 5150 νοούμενος
369 5085 478 5139 τῶν
510 5087 570 5139 ὲν
614 5085 942 5158 δημιουργίᾳ
980 5086 1012 5158 ἢ
1056 5087 1636 5160 καταλαμϐανόμενος,

93 5167 158 5230 ὡς
181 5174 322 5240 αὐτὸς
351 5179 546 5232 ἑαυτὸν
577 5178 834 5250 ἀρπάσας
864 5179 952 5232 διά
980 5179 1080 5250 τῆς
1109 5180 1363 5252 ἀπειρίας
1384 5197 1399 5211 ο
1439 5181 1500 5233 οὑ
1531 5181 1639 5253 γάρ

93 5259 215 5318 ἐστιν
231 5269 383 5323 αὑτοῦ
405 5272 600 5343 πέρας.
625 5271 936 5343 Σημείωσαι
957 5272 1015 5325 δὲ
1035 5272 1096 5325 τὸ
1117 5274 1174 5326 ὲν
1194 5273 1451 5344 ἀλλήλαις
1475 5267 1635 5337 εἶναι,

95 5358 214 5410 κατά
240 5377 354 5416 τινα
391 5365 558 5436 μονὴν
587 5363 686 5417 καὶ
715 5364 922 5435 ἵδρυσιν
952 5363 1052 5428 τὰς
1081 5364 1230 5429 θείας
1274 5365 1602 5430 ὑποστάσεις
1620 5404 1635 5428 ,

92 5442 158 5506 ὡς
179 5449 264 5503 τὸ⁶
305 5453 442 5527 Ἐγὼ
467 5457 539 5510 ἐν
567 5455 650 5522 τῷ
688 5455 905 5524 Πατρὶ,
941 5456 1036 5510 καί
1076 5459 1109 5511 ό
1146 5455 1350 5524 Πατὴρ
1367 5460 1444 5512 ἐν
1469 5457 1630 5526 ἐμοί’

1749 3412 2084 3467 ablationem
2126 3418 2308 3466 autem
2352 3427 2450 3466 seu
2493 3411 2839 3482 negationem
2869 3450 2884 3475 ,
2918 3408 3138 3479 quando
3165 3408 3342 3477 quali-

1748 3511 1889 3558 tates
1929 3519 1959 3557 a
1994 3503 2188 3558 formis
2239 3502 2590 3568 auferuntur,
2623 3503 2794 3558 veluti
2851 3516 2880 3555 a
2922 3509 3068 3558 terra
3099 3503 3343 3573 gravita-

1747 3602 1879 3660 tem,
1923 3597 1993 3651 ab
2031 3611 2172 3667 aqua
2228 3596 2634 3652 humiditatem.
2685 3594 2828 3650 Deus
2879 3595 3046 3665 igitur
3091 3595 3186 3665 qui
3225 3594 3341 3649 liazc

1747 3689 1933 3744 omnia
1975 3688 2359 3755 transformat,
2389 3689 2636 3743 omnium
2670 3696 2755 3743 est
2784 3689 2987 3757 positio
3017 3694 3072 3741 et
3102 3687 3336 3741 ablatio:

1747 3785 1994 3839 omnium
2039 3782 2263 3854 quidem
2315 3781 2551 3852 positio,
2599 3789 2658 3834 ut
2700 3779 2793 3850 qui
2843 3779 3025 3833 omnia
3078 3778 3232 3848 ponit
3285 3783 3340 3831 et

1745 3875 1897 3940 facit,
1947 3883 2113 3946 atque
2157 3883 2217 3929 ut
2259 3874 2568 3930 consistant
2611 3872 2889 3943 disponit;
2939 3873 2993 3925 in
3030 3871 3152 3940 ipso
3190 3872 3337 3926 enim

1745 3969 1931 4023 omnia
1977 3968 2314 4022 consistunt.
2362 3965 2460 4020 Est
2501 3973 2685 4019 autem
2726 3964 2970 4017 omnium
3011 3963 3236 4026 ablatio,
3276 3969 3337 4015 ut

1745 4063 1838 4132 qui
1865 4060 2387 4131 positionemipsam
2433 4056 2666 4130 [rerum]
2711 4065 2766 4111 et
2813 4056 3146 4110 creationem
3179 4069 3335 4108 com-

1745 4153 1899 4224 ponit
1931 4162 1984 4208 et
2015 4151 2332 4214 concinnat,
2369 4158 2534 4220 atque
2558 4164 2624 4204 ex
2660 4149 2852 4219 positis
2882 4162 2944 4202 ea
2974 4163 3095 4218 quae
3123 4154 3337 4201 natura:

1745 4252 1872 4301 sunt
1902 4245 2122 4316 propria
2143 4242 2353 4310 aufert;
2390 4243 2435 4298 si
2470 4243 2615 4297 enim
2647 4257 2749 4314 pro
2775 4241 3031 4295 confesso
3072 4239 3332 4305 habetur,

1743 4353 1809 4394 ea
1850 4353 1974 4411 quae
2005 4343 2339 4409 generantur
2394 4349 2622 4405 prorsus
2661 4332 2824 4388 etiam
2867 4332 3178 4400 corrumpi;
3216 4330 3336 4401 ipse

1745 4439 1930 4487 autem
1978 4430 2314 4484 abundantia
2339 4427 2602 4482 bonitatis
2630 4425 2848 4479 illorum
2878 4423 3101 4494 quidem
3130 4439 3332 4478 corru-

1743 4526 1986 4597 ptionem
2069 4523 2226 4593 112
2277 4520 2605 4584 abstulerit,
2658 4519 2830 4574 veluti
2887 4518 2956 4572 ab
3012 4511 3223 4589 angelis
3276 4521 3333 4572 et

1745 4619 2070 4684 animabus;
2120 4619 2320 4671 horum
2355 4630 2486 4670 vero
2529 4612 2941 4684 corruptionem
2988 4612 3043 4666 in
3079 4613 3334 4666 incorru-

1744 4714 1986 4785 ptionem
2019 4711 2293 4775 traducat,
2337 4709 2483 4764 sicut
2524 4722 2754 4778 corpora
2799 4715 2990 4762 nostra
3038 4705 3093 4759 in
3144 4720 3333 4760 resur-

1742 4808 2019 4874 rectione;
2069 4804 2425 4860 manifestum
2467 4809 2550 4857 est
2579 4799 2728 4871 quod
2769 4799 2887 4869 ipse
2917 4798 3106 4853 eadem
3150 4797 3334 4852 nobis-

1741 4917 1867 4957 cum
1899 4901 2196 4963 exsistens,
2241 4897 2313 4953 sit
2349 4904 2402 4951 et
2437 4910 2605 4966 supra
2636 4893 2966 4964 positionem
3013 4899 3069 4946 et
3097 4890 3329 4946 ablatio-

1740 5009 1887 5057 nem,
1929 5008 2054 5046 cum
2101 4989 2522 5045 fundamentum
2574 4987 2677 5048 sit,
2728 4984 3086 5054 omniumque
3138 4983 3324 5049 radix;

1741 5103 1851 5141 non
1879 5092 2145 5156 quantum
2183 5082 2252 5137 ad
2293 5083 2496 5145 locum,
2529 5079 2626 5135 sed
2659 5087 2721 5134 ut
2749 5093 2947 5144 causa;
2998 5091 3177 5146 neque
3211 5075 3328 5142 ipse

1742 5187 1827 5234 est
1869 5177 2074 5232 ablatio
2117 5190 2307 5231 eorum
2337 5189 2461 5244 qua:
2490 5172 2674 5236 habet,
2711 5173 2887 5242 ipsam
2922 5170 3068 5224 enim
3100 5169 3325 5221 immor—

1738 5273 1998 5327 talitatem
2033 5270 2150 5339 ipse
2181 5268 2367 5326 habet.
2415 5265 2553 5320 Illud
2579 5266 2725 5321 enim
2753 5263 2902 5335 quod
2938 5260 3076 5317 mori
3107 5256 3334 5366 nequiit,‘

1737 5381 1914 5436 neque
1937 5361 2348 5433 comprehendi,
2375 5375 2554 5432 neque
2580 5357 2860 5430 cognosci,
2885 5355 3101 5424 aliaque
3123 5350 3331 5406 similia‘

1739 5459 1942 5521 liabet,
1990 5471 2100 5512 non
2148 5453 2296 5526 quod
2350 5470 2461 5509 non
2509 5454 2582 5510 sit
2619 5449 2983 5510 contrarium,
3021 5444 3116 5500 sed
3159 5443 3322 5513 juxta

1016 5696 1248 5752 V'ARUE
1289 5695 1677 5754 LECTIONES
1710 5697 1799 5752 ET
1831 5696 2390 5755 CORRECTIONES.

146 5889 178 5917 Π

195 5909 271 5962 γρ.
285 5897 592 5968 νομίζοντες
609 5897 1011 5968 κατειληφέναι,
1037 5900 1129 5954 καὶ
1151 5900 1233 5954 ἁδι
1248 5937 1264 5962 ,
1279 5909 1518 5965 putantes
1550 5915 1652 5953 t'erc

1753 5916 1788 5951 ιδ
1817 5897 2110 5964 intelligere
2136 5908 2323 5952 etnon.
2379 5896 2424 5930 ’⁸
2445 5913 2534 5968 γρ.
2559 5893 2844 5951 κατέλαϐε.
2912 5895 3061 5963 ⁹⁹γρ.
3087 5893 3307 5959 εἰδότος.

167 5977 240 6031 γρ.
275 5966 558 6040 ἀφθαρσίᾳ.
631 5971 762 6040 ¹γρ.
793 5966 1158 6040 ὡμολόγηται.
1226 5975 1244 6004 ²
1272 5987 1360 6041 γρ.
1403 5970 1698 6041 φθείρεται.

1768 5970 1788 6000 ³
1821 5986 1910 6040 γρ.
1929 5969 2104 6040 ἡμῶν.
