3874 6540
517 404 627 460 219
1342 398 1687 456 APPENDIX
1720 397 1814 453 AD
1845 393 2075 452 OPERA
2109 389 2168 448 S.
2205 386 2506 446 DlONYSIl
2536 385 3022 445 AREOPAGITE.
3696 385 3786 443 πᾶα
3802 408 3825 478 ε

520 521 914 592 proprietatem
949 518 1244 591 quamdam
1273 519 1535 575 omnibus
1560 515 1916 580 ineffabilem,
1950 526 2114 584 pror-

2227 507 2359 562 οὕτω
2390 507 2485 560 καὶ
2528 507 2658 578 περ)⁸
2701 504 2796 559 τοῦ
2845 505 3002 574 ἁγίου
3052 503 3374 576 Πνεύματος
3409 505 3439 560 δ
3487 483 3824 592 Ἀπόστολοςξ

522 584 731 683 susque
809 584 1329 680 incon-ceptibilem;
1384 618 1674 681 exemptus
1721 606 1870 662 enim
1919 610 2005 659 est
2048 602 2116 657 ab
2221 600 2367 669 λέγει
2383 599 2424 692 δᾴ·
2546 691 2550 692 ν
3083 689 3096 692 _
3510 690 3516 692 Α
3586 676 3637 692 ._
3798 584 3818 692 ξ

522 706 800 766 omnibus,
834 710 1096 773 tanquam
1130 716 1160 755 a
1187 701 1353 757 rebus
1389 700 1626 765 ablatus,
1661 712 1840 768 neque
1885 695 1956 749 ab
1978 694 2091 749 ulla
2113 700 2368 748 creatura
2404 690 2716 746 intellectus
2736 699 2830 744 aut
2857 689 3312 762 comprehensus,
3338 699 3398 745 ut
3428 690 3523 761 qui
3563 689 3816 759 seipsumi

523 814 622 868 per
646 795 970 851 infinitatem
1012 795 1226 866 capiat,
1265 809 1445 863 neque
1499 793 1645 849 enim
1685 790 1807 861 ejus
1838 794 1923 844 est
1952 785 2246 842 terminus.
2270 783 2411 839 Nota
2432 791 2613 838 autem
2646 784 2702 838 in
2728 799 2787 838 se
2811 784 3045 839 invicem
3067 799 3224 847 esse,
3253 799 3350 855 per
3382 783 3607 838 modum
3635 783 3785 837 alicu-

521 888 612 959 jus
641 888 782 943 situs
810 894 865 942 et
897 886 1282 954 habitationis,
1321 886 1536 942 divinas
1567 898 1857 955 personas,
1891 888 1951 937 ut
1984 879 2142 942 illud,
2183 877 2293 943 Ego
2324 879 2380 931 in
2408 876 2593 941 Patre,
2627 888 2676 931 et
2711 877 2875 932 Pater
2910 879 2965 931 in
2999 894 3080 932 me
3101 888 3129 914 ν
3168 897 3181 933 :
3207 879 3280 931 ita
3309 878 3474 933 etiam
3503 875 3571 932 de
3600 874 3784 946 Spiritu

523 987 714 1034 sancto
736 979 1034 1049 Apostolus
1065 979 1218 1033 dicit.

595 1073 780 1146 [Sicut
818 1073 1024 1127 lumina
1071 1072 1399 1141 lampadum.
1466 1072 1682 1141 Integra
1731 1084 1887 1125 mens
1935 1067 2109 1123 sancti

520 1165 705 1221 Patris
744 1164 811 1218 ad
848 1164 998 1218 hunc
1029 1162 1249 1219 modum
1291 1180 1352 1219 se
1382 1164 1564 1218 habet.
1604 1161 1925 1232 Exemplum
1959 1159 2111 1230 ponit

521 1258 590 1312 de
621 1263 816 1312 sancta
841 1253 1127 1310 Trinitate.
1162 1254 1659 1321 Quemadmodum,
1692 1252 1888 1321 inquit,
1921 1251 1967 1305 si
1999 1257 2112 1305 tres

522 1349 801 1411 lucernae,
833 1354 929 1401 aut
968 1346 1211 1401 candelae
1258 1360 1368 1401 una
1398 1345 1510 1400 sint
1545 1345 1599 1398 in
1650 1343 1874 1415 templo,
1919 1342 2003 1398 ve!
2056 1341 2109 1395 in

522 1430 711 1505 domo,
746 1441 863 1496 suis
896 1439 1117 1511 quidem
1167 1439 1556 1510 hypostasibus
1605 1444 1970 1493 secernuntur
2014 1450 2110 1489 seu

524 1533 946 1604 distinguuntur
988 1532 1058 1587 ab
1102 1531 1376 1598 invicem;
1417 1544 1759 1600 unaquaeque
1812 1526 1961 1582 enim
2005 1526 2112 1579 alia

524 1626 753 1679 lucerna
793 1633 876 1679 est
920 1642 935 1680 :
977 1631 1217 1678 attamen
1258 1628 1525 1692 quantum
1572 1620 1641 1675 ad
1670 1621 1877 1683 lumen,
1903 1618 2113 1673 unitam

2296 1061 2596 1135 [Καθάπερ
2629 1063 2795 1133 φῶτα
2825 1064 3211 1145 λιιμπτήριιυντ
3273 1064 3434 1130 Ὅλος
3475 1067 3504 1120 ὁ
3552 1067 3675 1131 νοῦς
3708 1066 3786 1124 τοῦ

2217 1155 2434 1228 Πατρὸς
2460 1155 2648 1209 τοῦτον
2694 1155 2807 1227 ἔχει
2847 1155 2940 1210 τὸν
2985 1157 3210 1227 τρόπον.
3254 1156 3616 1229 Παράδειγμα
3658 1155 3787 1215 εἶπεν

2219 1250 2310 1302 ἐπὶ
2344 1250 2443 1321 τῆς
2473 1249 2633 1318 ἁγίας
2667 1249 2915 1322 Τριάδος,
2939 1249 3130 1322 ὥσπερ
3162 1250 3330 1322 τριῶν
3364 1267 3525 1305 τινων
3573 1251 3785 1323 λύχνων,

2220 1342 2404 1413 φησιν,
2440 1342 2473 1414 ἢ
2502 1342 2689 1415 κηρῶν
2720 1343 2983 1414 ἡμμένων
3029 1343 3086 1396 ἐν
3126 1361 3232 1396 τινι
3279 1344 3392 1415 ναῷ
3422 1343 3456 1416 ἢ
3491 1343 3625 1416 οίκῳ
3647 1387 3662 1411 ,
3693 1351 3789 1412 ταῖς

2223 1434 2322 1505 μὲν
2356 1434 2687 1488 ὑποστάσεσι
2710 1434 3163 1507 διακεκριμένων,
3188 1436 3355 1506 ἤγουν
3395 1438 3789 1509 κεχωρισμένων

2221 1527 2463 1599 ἀλλήλων
2479 1546 2493 1558 ·
2552 1527 2713 1592 ἄλλος
2733 1526 2841 1600 γὰρ
2874 1528 2969 1581 καὶ
2991 1528 3148 1592 ἄλλος
3174 1527 3367 1600 λύχνος
3388 1529 3538 1583 ἐστὶν
3566 1528 3738 1593 ίδικῶς
3767 1533 3790 1583 ὁ

2221 1620 2438 1684 καθείςο
2482 1620 2561 1691 τῷ
2589 1619 2645 1672 δὲ
2680 1621 2820 1689 φωτὶ
2849 1620 3133 1692 ἡνωμένην
3164 1620 3346 1691 ἔχουσι
3384 1622 3479 1674 καὶ
3514 1620 3790 1695 ἀχώριστον

524 1722 690 1786 atque
718 1715 1009 1770 indivisam
1042 1714 1245 1769 habent
1271 1721 1484 1768 natura;
1511 1720 1566 1767 et
1588 1710 1926 1782 operationis
1960 1724 2115 1763 com-

2227 1713 2320 1785 τὴν
2363 1712 2647 1766 κοινωνίαν
2684 1713 2783 1784 τῆς
2837 1712 3052 1782 φύσεως
3092 1713 3184 1766 καὶ
3222 1713 3323 1785 τῆς
3365 1714 3673 1784 ἐνεργείας
3714 1714 3792 1767 καὶ

524 1808 984 1874 municationcm;
1039 1806 1176 1862 adeo
1194 1814 1254 1860 ut
1282 1821 1443 1861 nemo
1471 1805 1790 1860 discernere
1819 1803 2019 1865 valeat,
2053 1816 2118 1855 ac

525 1899 734 1966 dicere,
780 1900 1057 1971 quodnam
1099 1900 1290 1970 hujus,
1341 1898 1560 1969 quodve
1605 1897 1833 1953 alterius
1880 1896 2118 1950 lucernte

526 1992 599 2047 sit
632 1992 836 2047 lumen.
870 1991 969 2048 His
994 1992 1181 2056 dictis,
1213 2007 1243 2045 a
1263 1990 1532 2047 Trinitate
1555 1990 1624 2045 ad
1650 1978 2116 2060 dispensationem

525 2096 839 2135 sermonem
896 2081 1194 2150 transfert,
1248 2090 1302 2137 et
1343 2097 1626 2153 egressum
1671 2080 1842 2135 divini
1884 2077 2049 2134 Verbi
2086 2094 2117 2133 a

524 2169 712 2236 Patre,
734 2171 893 2239 juxta
937 2171 1061 2241 ejus
1096 2187 1455 2242 vocem,qua3
1500 2171 1682 2226 dixit:
1726 2170 1769 2225 Α
1801 2170 1964 2225 Patre
2005 2186 2117 2225 meo

522 2264 692 2328 exivi,
724 2273 774 2316 et
805 2263 874 2316 ad
897 2263 1119 2318 Patrem
1164 2280 1338 2318 meum
1378 2263 1511 2318 vado
1552 2273 1601 2329 ξι,
1648 2263 1895 2318 declarat
1919 2303 1934 2324 .
1987 2263 2116 2319 sub-

523 2356 690 2412 dens:
712 2355 819 2411 Sed
840 2366 893 2411 et
917 2358 964 2411 si
986 2358 1104 2429 quis
1135 2363 1296 2411 unam
1323 2357 1623 2426 lampadem
1652 2356 1843 2411 educat
1875 2373 1903 2410 e
1930 2357 2112 2420 domo,

523 2450 690 2504 simul
732 2450 896 2505 exibit
940 2460 991 2505 et
1035 2459 1204 2506 totum
1243 2452 1517 2521 proprium
1564 2450 1679 2516 ejus
1734 2451 1930 2515 lumen,
1983 2449 2117 2504 nillil

524 2554 842 2598 cancrorum
874 2543 1143 2598 luminum
1186 2546 1241 2599 in
1275 2562 1330 2600 se
1366 2546 1483 2615 ipsa
1506 2542 1668 2598 simul
1695 2541 1928 2606 trahens,
1955 2558 2117 2612 neque

525 2636 730 2707 aliquid
788 2638 875 2693 sui
915 2638 1027 2692 illis
1062 2637 1382 2708 relinquens.
1434 2636 1678 2693 Veniens
1734 2636 1883 2691 enim
1940 2634 2116 2691 Filius

524 2745 592 2784 ex
621 2728 782 2784 Patre
830 2730 886 2787 in
929 2730 1217 2790 mundum,
1261 2745 1440 2800 neque
1482 2728 1727 2793 Patrem,
1779 2743 1959 2797 neque
1991 2727 2117 2799 Spi-

524 2820 691 2873 ritum
725 2821 780 2873 in
809 2836 871 2875 se
902 2820 1024 2891 ipso
1054 2821 1221 2876 simul
1250 2819 1442 2884 duxit,
1486 2836 1666 2891 neque
1693 2819 1974 2890 quidpiam
2012 2819 2117 2874 sibi

526 2909 816 2977 proprium
871 2908 1158 2979 egrediens
1202 2909 1314 2965 illis
1362 2909 1624 2980 reliquit:
1677 2908 1775 2965 sed
1817 2909 2116 2969 indivisatn

523 3017 640 3057 suae
677 3001 853 3072 ipsius
881 3000 1187 3058 mansionis
1219 3002 1594 3072 egressionem
1615 3001 1795 3077 fecit.]

2219 1806 2395 1870 οὐδεὶς
2424 1804 2647 1859 δύναται
2688 1807 2747 1859 ὲν
2772 1804 2850 1877 τῷ
2880 1805 3016 1877 οίκῳ
3047 1807 3109 1859 ὲν
3137 1805 3215 1877 τῷ
3246 1806 3372 1878 ἀέρι
3405 1806 3572 1860 αὐτοῦ
3603 1807 3795 1879 διακρῖ-

2220 1917 2307 1954 ναι
2343 1900 2437 1953 καὶ
2465 1899 2660 1963 εἰπεῖν,
2695 1902 2849 1954 ποῖον
2881 1897 2981 1971 μέν
3003 1901 3118 1952 ἐστι
3147 1898 3264 1969 φῶς
3290 1899 3449 1953 τοῦδε
3470 1900 3565 1954 τοῦ
3589 1899 3785 1972 λύχνου,

2221 1994 2374 2045 ποῖον
2396 1990 2455 2045 δὲ
2481 1991 2575 2045 τοῦ
2607 1992 2816 2063 ἑτέρου.
2848 1991 3033 2046 Ταῦτα
3054 1990 3244 2056 εἰπὼν,
3273 1991 3594 2064 μετέρχεται
3620 1991 3789 2046 λοιπὸν

2219 2084 2287 2139 ἐκ
2317 2083 2412 2138 τοῦ
2450 2082 2730 2156 τριαδικοῦ
2777 2086 2859 2148 εἰς
2887 2082 2979 2137 τὸν
3007 2084 3107 2156 τῆς
3155 2084 3465 2156 οἰκονομίας
3505 2084 3680 2154 λόγον,
3716 2086 3795 2139 καὶ

2218 2176 2318 2247 τὴν
2352 2174 2561 2241 ἔνδοξον
2611 2174 2787 2242 ἔξοδον
2831 2176 2926 2229 τοῦ
2975 2175 3112 2229 Θεοῦ
3146 2175 3325 2245 Λόγου
3360 2177 3460 2248 τὴν
3500 2177 3568 2231 ὲκ
3600 2176 3794 2248 Πατρὸς

2220 2268 2363 2322 κατὰ
2394 2269 2493 2340 τὴν
2523 2267 2688 2323 αὐτοῦ
2720 2268 2902 2340 φωνὴν
2930 2269 3029 2340 τὴν
3067 2269 3405 2338 φάσκουσαν,
3440 2271 3543 2333 ὅτι,
3577 2270 3674 2324 Ἐκ
3701 2269 3791 2323 τοῦ

2219 2361 2450 2428 Πατρός
2476 2379 2596 2431 μου
2636 2360 2752 2432 ἐγὼ
2788 2360 3072 2430 ἐξῆλθον,
3119 2361 3219 2415 καὶ
3259 2361 3410 2430 πρὸς
3451 2361 3559 2416 τὸν
3582 2360 3793 2430 Πατέρα

2215 2471 2334 2523 μου
2371 2450 2611 2523 ὑπάγω,
2651 2454 2944 2526 ,σαφηνίζει
2976 2453 3121 2508 καθά
3157 2470 3321 2526 φησιν
3344 2471 3358 2485 ⁶
3408 2453 3570 2509 Ἀλλ’
3612 2457 3665 2508 εί
3710 2453 3794 2507 καί

2218 2543 2325 2598 τὸν
2350 2544 2458 2598 ἕνα
2482 2563 2573 2611 τις
2601 2544 2718 2600 τῶν
2744 2545 2995 2615 πυρσῶν
3035 2544 3328 2616 ὑπεξάγοι
3357 2545 3466 2600 τοῦ
3498 2546 3794 2616 δωματίου,

2226 2638 2735 2703 συνεξελεύσεται
2773 2638 2872 2693 καὶ
2901 2638 2968 2693 τὸ
3010 2638 3232 2693 οἰκεῖον
3267 2638 3430 2694 ἅπαν
3458 2637 3604 2708 φῶς,
3635 2635 3795 2692 οὐδὲν

2223 2728 2336 2798 τῆς
2372 2729 2491 2783 τῶν
2518 2729 2736 2798 ἐτέρων
2763 2731 2974 2800 φώτων
2999 2731 3071 2784 ἐν
3109 2730 3303 2797 ἐαυτῷ
3355 2728 3797 2800 συνεπισπώμε-

2220 2839 2335 2876 νον
2387 2822 2775 2891 λαμπηδόνος
2794 2865 2809 2891 ,
2846 2822 2885 2892 ἢ
2929 2823 2994 2878 τὸ
3025 2822 3243 2878 ἑαυτοῦ
3280 2822 3405 2890 τοῖς
3446 2822 3668 2891 ἑτέροις
3706 2838 3795 2874 κα-

2222 2913 2529 2968 ταλεῖπον.
2597 2913 2797 2969 Ἐλθὼν
2871 2913 2983 2987 γὰρ
3044 2916 3073 2968 ὁ
3130 2915 3261 2980 Υἱὸς
3318 2918 3384 2970 ὲκ
3457 2914 3555 2969 τοῦ
3604 2915 3795 2987 Πατρὸς

2223 3005 2319 3058 καὶ
2351 3005 2695 3078 ἐπιδημήσας
2733 3006 2792 3059 ὲν
2833 3004 2913 3078 τῷ
2946 3006 3137 3078 κόσμῳ
3177 3007 3299 3064 οὐδὲ
3338 3007 3430 3060 τὸν
3468 3007 3686 3079 Πατέρα
3717 3004 3798 3059 καὶ

521 3093 584 3147 τὸ
622 3094 848 3165 Πνεῦμα
888 3096 1192 3167 συνήγαγεν
1231 3095 1290 3151 ὲν
1324 3095 1503 3165 ἐαυτῷ
1524 3135 1540 3160 ,
1575 3096 1697 3149 οὐδὲ
1743 3096 1849 3168 μὴν
1876 3095 1985 3150 τῶν
2031 3097 2248 3153 οἰκείων
2280 3117 2334 3152 τι
2362 3097 2594 3164 ἐξελθὼν
2631 3099 2859 3164 ἐκείνοις
2888 3100 3204 3165 κατέλιπεν,
3241 3101 3355 3155 ἀλλ’
3385 3102 3687 3173 ἀδιαίρετον
3713 3100 3798 3172 τῆς

525 3188 721 3246 ἑαυτοῦ
774 3187 943 3258 μονῆς
992 3190 1289 3260 ἐποιήσατο
1334 3189 1435 3260 τὴν
1481 3188 1707 3261 ἐξοδον.]

598 3279 778 3345 Quare
799 3294 955 3348 super
976 3279 1382 3334 substantialem
1414 3280 1585 3335 illam.
1617 3280 1905 3337 Unitiones
1927 3296 2124 3351 corpo-

2300 3282 2498 3339 Ὅπου
2520 3301 2588 3355 τε
2623 3284 2721 3338 καὶ
2750 3283 2866 3352 τὴν
2894 3285 3283 3352 ὑπερούσιον.
3314 3285 3381 3337 Al
3407 3284 3518 3338 τῶν
3552 3284 3797 3355 σωμάτων

525 3389 649 3428 rum
662 3388 853 3428 eorum
865 3388 1008 3443 quae.
1025 3381 1084 3427 ut
1094 3374 1378 3430 elementis
1390 3376 1717 3441 constantia,
1731 3383 1785 3431 et
1796 3376 1902 3430 alia
1915 3376 2117 3436 ratione

2228 3375 2452 3442 ἐνώσεις
2474 3416 2490 3442 ,
2523 3378 2635 3431 τῶν
2665 3395 2727 3430 τε
2763 3376 3119 3448 στοιχειωδῶς
3151 3375 3562 3449 θεωρουμένων,
3587 3379 3679 3447 καὶ
3704 3376 3799 3429 τῶν

529 3465 795 3535 permista
825 3465 1272 3531 considerantur,
1306 3482 1372 3523 ex
1393 3469 1600 3524 virtute
1626 3476 1680 3523 et
1702 3469 1964 3538 qualitate
1996 3484 2120 3522 mu—

527 3556 792 3610 tationem
818 3555 1042 3622 habent,
1068 3563 1124 3612 et
1142 3557 1349 3627 aliquid
1381 3557 1530 3612 aliud
1557 3558 1889 3629 simplicium
1909 3566 2122 3615 natura:

529 3648 874 3704 contrarium
921 3648 1116 3703 horum
1150 3651 1329 3705 unitio
1383 3650 1628 3722 perlicit;
1663 3652 1915 3709 similiter
1945 3654 2120 3709 facul—

528 3747 671 3796 tates
699 3739 896 3793 anima:
923 3738 1155 3795 diversae
1183 3740 1438 3796 videntur
1469 3757 1570 3812 pro
1602 3750 1783 3798 motus
1813 3744 1899 3799 sui
1921 3742 2120 3799 discri-

530 3834 698 3887 mine.
744 3830 1009 3902 Equidem
1038 3833 1360 3904 angelorum
1396 3849 1521 3890 cum
1560 3833 1762 3891 divinis
1798 3835 2121 3891 illustratio-

529 3925 697 3980 nihus
724 3923 1031 3987 unitiones,
1072 3923 1318 3980 vicissim
1358 3930 1414 3979 et
1442 3925 1833 3981 convenienter
1878 3927 2118 3996 propriis

530 4015 821 4071 ordinibus
854 4015 1095 4074 habent:
1135 4015 1400 4074 divinitas
1426 4025 1610 4074 autem
1641 4026 1847 4075 sancta:
1877 4018 2121 4075 Trinita-

528 4107 628 4172 tis,
660 4106 820 4177 113
851 4113 907 4163 et
927 4107 1198 4178 quidquid
1238 4109 1361 4180 ejus
1385 4117 1491 4177 est,
1519 4112 1670 4167 nullo
1698 4111 1975 4168 dictorum
2004 4113 2123 4169 dis-

532 4206 685 4253 secta
718 4207 816 4253 aut
855 4213 885 4252 a
921 4214 981 4255 se
1013 4200 1251 4266 diversa,
1284 4202 1483 4260 merito
1512 4211 1773 4261 censetur
1798 4219 1925 4261 esse
1950 4219 2121 4277 supra

531 4289 771 4347 uniones
802 4289 962 4347 istas.

610 4382 681 4438 Et
722 4384 1110 4453 supercmlestia
1166 4387 1480 4444 luminaria.
1531 4386 1675 4444 Nota
1722 4404 1849 4444 eum
1906 4389 2120 4445 animas

536 4474 937 4546 universasque
980 4486 1215 4544 mentes,
1261 4480 1547 4551 superiora
1585 4480 1742 4537 caelis
1776 4480 1987 4536 lumina
2024 4497 2122 4536 vo-

533 4582 682 4631 care,
728 4575 894 4638 atque
938 4568 1140 4634 dicere,
1186 4570 1289 4627 has
1334 4587 1529 4627 omnes
1561 4573 1813 4627 viventes
1852 4572 2121 4628 essentias

2224 3468 2399 3534 ἄλλως
2442 3487 2561 3534 πως
2613 3470 2981 3541 μιγνυμένων,
3031 3469 3295 3540 δυνάμεσι
3337 3471 3432 3524 καὶ
3479 3470 3718 3542 ποιότησι
3748 3468 3800 3520 τὸ

2226 3560 2685 3633 παρηλλαγμένον
2719 3560 2902 3631 ἔχουσι
2926 3601 2941 3626 ,
2970 3561 3065 3615 καὶ
3096 3560 3283 3633 ἕτερόν
3312 3578 3366 3615 τι
3401 3561 3556 3635 παρὰ
3580 3563 3674 3634 τὴν
3704 3560 3797 3613 τῶν

2221 3654 2411 3707 ἁπλῶν
2443 3654 2605 3724 φύσιν
2646 3655 2680 3725 ἠ
2720 3654 2927 3709 τούτων
2974 3655 3170 3719 ένωσις
3210 3655 3501 3709 ἀποτελεῖ·
3555 3654 3797 3717 ὡσαύτως

2222 3748 2315 3799 καὶ
2346 3746 2577 3817 ψυχικαὶ
2595 3746 2853 3818 δυνάμεις
2880 3746 2943 3800 τὸ
2974 3746 3278 3819 ἑτεροειδὲς
3310 3747 3454 3801 κατὰ
3478 3747 3576 3819 τὴν
3605 3747 3800 3817 κίνησιν

2219 3837 2473 3909 διάφορον
2518 3838 2729 3908 ἔχουσι’
2762 3840 2857 3893 καὶ
2897 3841 3005 3912 μὴν
3036 3841 3132 3894 καὶ
3162 3841 3218 3894 αἱ
3246 3839 3355 3893 τῶν
3387 3840 3636 3910 ἀγγέλων
3677 3839 3800 3909 πρὸς

2218 3929 2321 3994 τὰς
2350 3929 2499 3993 θείας
2531 3931 2830 4003 ὲλλάμψεις
2863 3933 3117 4003 ὲνότητες
3153 3933 3213 3986 τὸ
3243 3931 3349 3987 ἀνὰ
3379 3933 3546 4004 μέρος
3565 3934 3655 3986 καὶ
3680 3930 3799 3985 ἀνά-

2219 4022 2376 4091 λογον
2402 4025 2522 4087 ταῖς
2548 4024 2777 4089 οἰκείαις
2800 4022 3019 4090 τάξεσιν
3048 4025 3264 4096 ἔχουσιν
3286 4041 3300 4056 ο
3335 4026 3370 4098 ἡ
3405 4024 3466 4078 δὲ
3497 4026 3557 4078 ὲν
3589 4027 3653 4096 τῇ
3681 4022 3800 4092 ἁγίᾳ

2220 4114 2411 4188 Τριάδι
2444 4115 2635 4188 θεότης
2656 4157 2671 4182 ,
2703 4118 2799 4173 καὶ
2831 4119 2932 4172 ὅσα
2968 4118 3206 4189 ταύτης,
3237 4116 3414 4171 οὐδενὶ
3445 4116 3555 4172 τῶν
3588 4113 3800 4189 εἰρημέ-

2220 4225 2327 4262 νων
2376 4208 2780 4282 διακοπτομένη
2833 4211 2868 4282 ἦ
2918 4210 3120 4281 ἑαυτῆς
3148 4209 3503 4282 ’διαφέρουσα
3525 4248 3544 4275 ,
3593 4208 3800 4269 εἰκότως

2220 4299 2364 4372 ὑπὲρ
2383 4300 2588 4365 ταύτας
2611 4300 2711 4365 τὰς
2740 4300 2960 4366 ἐνώσεις
2992 4297 3133 4356 εἶναι
3171 4299 3457 4367 δοξάζεται
3477 4303 3521 4355 ⁵.

2290 4393 2402 4446 Καὶ
2427 4394 2830 4463 ὑπερουράνια
2866 4395 3051 4466 φῶτα.
3098 4393 3412 4467 Σημείωσαι
3453 4395 3538 4449 ὅτι
3578 4395 3670 4449 καὶ
3711 4390 3801 4456 τὰς

2219 4484 2398 4556 ψυχὰς
2426 4488 2520 4540 καὶ
2545 4487 2673 4552 τοὺς
2699 4488 2826 4553 νόας
2851 4489 3099 4553 ἃπαντας
3128 4484 3501 4562 ὑπερουράνια
3532 4489 3682 4558 φῶτα
3711 4502 3793 4539 κα·

2220 4577 2331 4631 λεί·
2358 4578 2452 4632 καί
2489 4596 2654 4652 φησιν
2688 4580 2938 4635 ὲνοῦσθαι
2970 4581 3072 4645 τὰς
3117 4581 3364 4647 ζωούσας
3393 4583 3415 4614 ⁸
3460 4581 3648 4645 οὐσίας
3673 4577 3799 4632 ταύ-

533 4658 703 4724 uniri,
735 4661 1195 4730 quemadmodum
1233 4662 1441 4717 dictum
1469 4673 1555 4718 est
1589 4664 1646 4717 in
1678 4663 1930 4733 exemplo
1971 4664 2117 4718 mul-

2227 4685 2320 4733 τας
2358 4669 2594 4735 ἁπάσας,
2640 4670 2716 4735 ὡς
2764 4672 2977 4746 εἴρηται
3030 4674 3088 4728 ἐν
3126 4673 3206 4744 τῷ
3250 4673 3654 4745 παραδείγματι
3699 4669 3800 4724 τῶν

531 4756 715 4805 torum
757 4753 815 4805 in
861 4752 1026 4807 domo
1055 4753 1248 4808 eadem
1298 4753 1569 4808 luminum
1616 4752 1724 4807 sibi
1761 4761 1953 4807 mutuo
1997 4755 2117 4813 sine

2227 4761 2280 4814 ὲν
2299 4723 2443 4832 ὀικῳ
2473 4723 2594 4816 τινῖ
2609 4723 3199 4838 ποὶλσᾷξλὲᾀὲττῆριᾲἶ
3227 4723 3483 4837 ὦἧᾷξᾷ
3500 4723 3718 4837 tu...
3745 4779 3799 4816 τε

533 4844 790 4899 mistione
831 4851 886 4901 et
915 4844 1241 4901 confusione
1267 4845 1571 4907 unitorum,
1604 4859 1729 4899 cum
1772 4845 1885 4901 sint
1916 4845 2009 4901 Dei
2041 4850 2116 4904 si-

2227 4853 2314 4906 καὶ
2363 4852 2687 4924 ἀσυγχύτως
2734 4855 3058 4928 ὲνουμένων,
3108 4857 3362 4921 θεοειδεῖς
3392 4875 3454 4911 τε
3500 4857 3662 4921 οὔσας
3711 4854 3801 4909 καὶ

531 4937 710 5001 miles,
741 4942 796 4992 et
825 4952 925 5008 pro
957 4945 1120 5007 captu
1145 4952 1248 4991 suo
1281 4935 1653 4991 unitissimam
1686 4935 1783 4991 Dei
1813 4938 2112 4996 unitionem

2227 4946 2556 5017 μετεχούσας
2584 4947 2864 5017 ἀναλόγως
2894 4950 3116 5010 ἑαυταῖς
3148 4950 3248 5021 τῆς
3277 4947 3374 5002 τοῦ
3415 4948 3553 5003 Θεοῦ
3602 4947 3799 5020 ὑπερη-

531 5029 864 5099 participent
892 5047 905 5081 :
935 5042 1098 5094 quas,
1122 5026 1647 5093 scilicetunitiones,
1671 5028 1993 5100 incorporea
2016 5031 2115 5085 ha-

2227 5038 2466 5112 νωμένης
2496 5039 2768 5105 ὲνὼσεως·
2802 5041 3045 5107 ἅστινας,
3076 5042 3296 5106 ένώσεις
3325 5042 3586 5113 δηλονότι,
3619 5041 3711 5093 ἐπὶ
3737 5037 3803 5091 τὰ

533 5122 683 5186 bent,
721 5136 845 5192 qua:
880 5120 1048 5176 etiam
1091 5134 1151 5173 se
1193 5124 1384 5172 mutuo
1427 5117 1549 5174 sine
1578 5117 1904 5176 confusione
1947 5137 2115 5192 pene-

2227 5128 2507 5201 ἀσώματα,
2542 5131 2578 5186 ἃ
2617 5132 2711 5187 καί¹
2743 5132 2810 5186 δι’
2845 5132 3088 5204 ἀλλήλων
3122 5133 3446 5205 ἁσυγχύτως
3478 5134 3666 5205 χωρεῖ.

531 5223 705 5272 trant.

606 5304 1079 5379 Superessentialis
1121 5302 1268 5355 illius
1306 5300 1771 5370 Deifeeunditatis.
1813 5304 1953 5361 Nota
1990 5324 2116 5363 eum

2308 5310 2703 5379 Ὑπερουσίου
2741 5313 3068 5384 θεογονίας.
3109 5310 3424 5384 Σημείωσαι
3456 5313 3538 5366 ὅτι
3572 5307 3802 5379 ὖπερού-

534 5416 733 5456 vocare
769 5398 1013 5459 Patrem,
1068 5395 1584 5463 superessentialcm
1626 5395 2114 5455 Deifccunditatem

2227 5419 2337 5456 σιον
2370 5402 2642 5470 θεογονίαν
2668 5404 2763 5458 καί¹
2791 5405 2974 5477 πηγὴν
3003 5404 3095 5459 τὸν
3126 5404 3345 5478 Πατέρα
3375 5402 3534 5457 καλεῖ
3552 5420 3565 5433 '
3602 5400 3696 5456 καὶ
3726 5400 3803 5452 ὅτι

536 5501 590 5546 et
621 5492 846 5553 fontem,
873 5501 1051 5555 neque
1081 5486 1196 5539 haec
1224 5487 1446 5540 nomina
1476 5503 1601 5545 esse
1626 5491 1928 5560 reciproca.

2227 5495 2323 5549 οὐκ
2355 5497 2700 5569 ἀντιστρέφει
2730 5495 2800 5551 τὰ
2826 5497 3083 5569 ὀνόματα.

642 5618 672 5647 ν
698 5605 858 5661 Joan.
892 5619 949 5667 x,
982 5602 1071 5656 58.
1152 5615 1179 5643 κ
1210 5602 1369 5658 Joan.
1396 5622 1507 5673 xvr,
1532 5606 1623 5662 28.

1504 5718 1741 5774 V'ARUE
1781 5714 2169 5775 LECTIONES
2207 5715 2296 5772 ET
2336 5717 2891 5775 CORRECTIONES.

642 5858 664 5888 ⁵
690 5872 781 5926 γρ.
817 5853 1001 5924 φησίν.
1096 5856 1117 5885 ⁸
1142 5873 1229 5926 γρ.
1262 5852 1557 5926 νομίζεται.
1657 5861 1678 5892 ⁸
1704 5875 1794 5928 γρ,
1831 5858 2030 5923 ζώσας.
