3874 6564
166 488 250 543 εει

234 600 514 666 Ἐνώσεις
540 599 736 653 τε’καῑ
765 602 1104 672 διακρίσεις.
1138 606 1216 658 Τὰ
1254 602 1378 677 περῖ
1419 602 1518 678 τῆς
1550 607 1726 678 ὰφρά-
1757 616 1800 671 Α

170 707 272 744 στου
305 690 544 760 Τριάδος
584 691 743 763 μέχρι
782 689 947 763 τριῶν
990 695 1335 748 ὑποστάσεων
1376 697 1596 768 προόδου
1630 697 1724 752 νῦν

169 781 402 848 θεσλογεῖ,
436 783 634 852 ὅτιπερ
661 783 688 833 ὁ
711 782 840 845 Θεὸς
871 782 966 836 καὶ
992 783 1198 854 Πατὴρ,
1223 785 1460 854 κινηθεὶς
1483 788 1728 859 ᾴχρόνως

172 872 246 923 καὶ
264 871 648 941 ἀγαπητικῶς,
673 872 938 942 προῆλθεν
963 874 1043 935 εἰς
1065 874 1335 945 διάκρισιν
1357 877 1723 942 ὑποστάσεων,

172 958 368 1029 ἀμερῶς
399 975 463 1010 τε
490 959 588 1011 καὶ
617 959 897 1029 ἀμειώτως
929 961 1119 1028 μείνας
1144 963 1200 1012 ὲν
1223 963 1288 1030 τῇ
1318 961 1491 1032 οἰκείᾳ
1515 961 1726 1031 ὁλότητι

173 1046 570 1116 ὑπερηνωμένος
593 1047 686 1098 καὶ
712 1046 1192 1116 ὑπερηπλωμένος,
1221 1047 1312 1099 τοῦ
1334 1049 1532 1100 οἰκείου
1550 1050 1728 1102 ἀπαυ-

171 1140 424 1207 γὰσματος
441 1138 523 1198 είς
541 1137 772 1209 ὕπαρξιν
789 1137 1164 1208 προελθόντος,
1187 1139 1263 1201 ὡς
1293 1139 1496 1203 εἰκόνος
1523 1139 1723 1212 ζώσης,

171 1229 246 1280 καὶ
255 1226 340 1279 τοῦ
360 1228 632 1294 παναγίου
649 1228 785 1280 Πνεύ
795 1245 958 1298 ματος
970 1230 1353 1297 προσκυνητιῖκ
1366 1230 1458 1282 καὶ
1473 1231 1573 1282 ὑπε
1581 1248 1729 1301 ραεν-

168 1320 289 1381 vim;
307 1319 743 1388 ἐκπορευομένου
773 1320 837 1370 ἐκ
867 1318 960 1371 τοῦ
984 1319 1212 1389 Πατρὸς,
1233 1319 1308 1378 ὡς
1343 1323 1724 1390 μυσταγωγεῖό

170 1412 349 1482 Κύριος
368 1429 382 1441 ο
421 1410 722 1480 ἁγαθάτητι
753 1410 810 1462 δὲ
842 1410 1149 1480 ἐπληθύνθη
1182 1412 1273 1466 ἐπὶ
1303 1412 1725 1481 τρισυπόστατον

171 1503 404 1574 θεαρχίαν
451 1505 486 1573 ἡ
521 1502 671 1555 αἰτία
719 1502 935 1555 πάντων
981 1503 1073 1554 καὶ
1126 1503 1290 1572 πηγή.
1336 1501 1519 1554 Ταῦτα
1558 1503 1651 1554 καὶ
1695 1505 1725 1557 ὁ

171 1595 394 1661 θεολόγος
426 1594 724 1664 Γρηγόριος
761 1595 818 1644 ὲν
859 1595 968 1654 τοῖς
1010 1594 1174 1645 Κατὰ
1214 1594 1509 1659 Εὐνομίου
1551 1593 1724 1661 λόγοις

171 1686 330 1756 φησίν.
360 1687 520 1736 Ἐστι
551 1685 609 1737 δὲ
631 1684 724 1737 καὶ
752 1683 894 1736 κατὰ
923 1683 1077 1736 ἄλλον
1107 1684 1262 1750 λόγον
1295 1683 1412 1736 θεία
1435 1683 1719 1754 διάκρισις,

169 1779 196 1845 ή
228 1777 304 1828 διὰ
337 1776 545 1845 πλῆθος
591 1775 924 1844 ἀγαθότητος
962 1773 1188 1842 πρόοδος
1232 1773 1323 1825 τοῦ
1353 1772 1485 1825 Θεοῦ
1517 1776 1596 1836 είς
1625 1775 1722 1845 τὴν

170 1867 484 1919 πολυείδειαν
510 1865 613 1934 τῆς
642 1864 998 1934 δημιουργίας
1027 1865 1044 1893 ⁷
1077 1864 1174 1932 τῆς
1211 1863 1442 1933 ἀοράτου
1471 1865 1562 1916 καὶ
1588 1865 1719 1933 ὁρα-

167 1959 267 2028 τῆς.
297 1959 492 2009 Κοιναὶ
521 1957 578 2008 δέ
611 1957 713 2008 εἰσι
741 1957 840 2025 τῆς
866 1955 1290 2025 τρισυποστάτου
1325 1956 1418 2006 καὶ¹
1447 1955 1720 2026 διακεκρι-

171 2050 315 2120 μένης
354 2048 541 2109 ἑνὰδος
573 2049 628 2100 αἱ
661 2045 1043 2116 δημιουργικαὶ
1090 2045 1334 2113 πρόνοιαί
1361 2061 1419 2096 τε
1455 2045 1547 2096 καὶ
1587 2045 1695 2112 ἀγα

170 2140 398 2211 θότητες’
442 2142 475 2209 ή
524 2139 634 2208 γὰρ
680 2136 1008 2206 παμϐασιλὶς
1041 2135 1207 2206 Τριὰς
1255 2137 1312 2188 ὲν
1369 2135 1578 2205 μεθέξει
1613 2135 1720 2188 τῶν

167 2231 457 2300 δυναμένων
496 2231 518 2262 ⁸
561 2229 803 2298 μετέχειν
836 2228 1038 2294 γίνεται
1068 2227 1308 2296 ἀσχέτως
1348 2243 1406 2277 τε
1436 2226 1526 2278 καὶ
1560 2225 1727 2296 ἀμεθ-

169 2321 350 2383 έκτως·
402 2320 602 2372 ταύτὸν
639 2319 746 2390 γὰρ
791 2319 936 2388 δηλοῖ
974 2317 1263 2388 ἑκάτερονο
1303 2318 1581 2386 μετέχεται
1614 2316 1724 2388 γὰρ

166 2411 334 2480 όΘεὸς
377 2411 623 2478 ἀσχέτως
667 2410 726 2461 οὑ
772 2408 1126 2477 κατεχόμενος
1169 2408 1225 2458 ὲν
1253 2405 1420 2476 ,τόπῳ
1449 2405 1526 2475 τῷ
1563 2405 1722 2475 μετέ-

167 2519 316 2569 χοντι,
351 2501 472 2552 οὐδὲ
507 2500 776 2569 αἰσθητῶς
807 2499 1176 2569 μετεχόμενος,
1210 2497 1322 2549 ἀλλ’
1350 2497 1468 2558 ὅλος
1499 2497 1555 2548 ὲν
1590 2513 1720 2566 μετ-

165 2595 249 2662 οχῇ
270 2592 498 2645 ἑκάστου
529 2590 603 2643 ὢν
635 2592 726 2643 καὶ
748 2590 1079 2660 ἐξῃρημένος
1115 2588 1221 2640 τῶν
1242 2587 1508 2640 ἁπάντων
1529 2585 1718 2657 ὥσπερ

167 2685 335 2754 φωνῆς
384 2683 628 2753 μεγάλης
673 2682 962 2750 γενομένης
1019 2679 1254 2740 ἅπαντες
1311 2677 1620 2746 μετέχουσιν
1667 2676 1717 2730 οἱ

167 2776 416 2846 παρόντες
457 2773 603 2827 κατὰ
629 2774 726 2843 τὴν
775 2771 977 2824 οἰκείαν
1010 2770 1254 2838 δύναμιν,
1289 2766 1383 2820 καὶ
1423 2767 1582 2836 ἀνὴρ,
1623 2764 1716 2819 καὶ

163 2866 361 2934 νήπιον,
394 2865 488 2916 καὶ
521 2863 722 2935 ἄλογα·
759 2860 870 2913 ἀλλ’
902 2860 950 2912 οἱ
987 2861 1082 2929 μὲν
1123 2855 1588 2928 ἐρρωμενέστερον
1609 2893 1624 2916 ,
1673 2855 1722 2907 οἱ

164 2956 213 3007 δὲ
240 2955 624 3025 ἀμυδρότερον,
662 2952 794 3022 πρὸς
826 2950 1038 3021 τὴνξτῆς
1069 2947 1394 3016 ἀκουστικῆς
1425 2945 1721 3014 ἐνέργειαν,

166 3047 249 3098 καὶ
278 3045 392 3097 ἐστι
426 3044 662 3114 μεθεκτὴ
689 3044 722 3104 ἡ
753 3037 928 3110 φωνὴ,
961 3041 1054 3092 καὶ
1085 3041 1167 3108 ἐφ’
1200 3038 1396 3107 ἑαυτῆς
1425 3035 1722 3106 ἀμέθεκτος

165 3135 404 3203 μείνασα.

882 480 1226 542 5.Γ1ῘΑΧ1ΜΙ
1278 483 1565 541 scaeua
1605 487 1670 541 lN
1710 488 1812 544 LIB
1880 476 1964 531 DE
2001 480 2251 537 DIVINtb
2288 483 2684 539 NOMINIBUS.

3246 490 3355 543 2‘22

1890 593 2162 650 Unitiones
2191 606 2239 650 et
2265 597 2647 651 distinctiones.
2669 596 2936 667 Loqmtur
2958 601 3122 655 modo
3146 601 3211 655 de
3231 618 3358 670 pro-

1814 689 2061 743 cessione
2085 687 2375 742 ineﬂ‘abilis
2387 688 2670 743 Trinitatis
2683 689 2748 742 ad
2768 701 2878 744 tres
2900 706 3187 760 personas,
3210 692 3357 761 quod

1813 777 1913 831 etsi
1936 775 2079 831 Deus
2101 787 2155 831 et
2178 776 2339 831 Pater
2374 778 2493 832 sine
2522 788 2767 848 tempore
2801 789 3006 848 motus,
3045 791 3099 836 et
3133 793 3354 852 propter

1809 873 1920 924 vim
1945 871 2147 926 amoris
2173 872 2226 926 in
2255 871 2661 926 distinctionem
2686 887 3041 941 personarum
3069 876 3356 942 processit,

1813 964 1932 1018 sine
1952 963 2220 1018 divisione
2241 970 2294 1016 et
2316 961 2679 1016 diminutione
2704 978 3033 1032 permanens
3057 963 3108 1016 in
3142 965 3358 1034 prapria

1812 1053 2082 1106 totalitate
2124 1067 2290 1121 supra
2331 1050 2555 1105 modum
2587 1051 2797 1118 unitus,
2831 1064 2884 1105 et
2917 1067 3082 1121 supra
3125 1054 3349 1107 modum

1811 1144 2075 1212 simplex,
2115 1144 2342 1212 proprio
2379 1142 2670 1211 splendore
2711 1143 2765 1196 in
2810 1143 3187 1196 exsisteutiam
3229 1159 3356 1212 pro-

1807 1236 2024 1299 deunte,
2069 1249 2128 1290 ut
2149 1237 2243 1306 qui
2285 1236 2356 1291 sit
2390 1236 2510 1290 viva
2542 1236 2744 1306 imago,
2773 1244 2826 1288 et
2858 1237 3208 1290 sanctissimo
3233 1236 3357 1306 Spi-

1807 1330 1915 1384 ritu
1945 1344 2068 1384 cum
2099 1327 2442 1390 adoratione,
2475 1337 2530 1381 et
2555 1326 2626 1381 ab
2659 1336 2865 1380 aeterno
2903 1343 2930 1379 a
2961 1325 3122 1381 Patre
3160 1343 3353 1397 proce-

1807 1420 1986 1486 dente,
2023 1420 2166 1475 sicut
2193 1418 2352 1474 docet
2386 1418 2685 1485 Dominus;
2717 1418 2958 1472 bonitate
2998 1428 3180 1472 autem
3214 1419 3356 1473 mul-

1808 1515 2082 1584 tiplicatus
2132 1511 2235 1567 fuit
2281 1512 2334 1566 in
2385 1511 2688 1566 divinitatis
2736 1510 3067 1580 principium
3092 1511 3147 1563 in
3176 1509 3355 1564 tribus

1807 1603 2110 1658 consistens
2138 1600 2413 1671 personis,
2445 1601 2535 1669 qui
2565 1615 2731 1654 causa
2766 1608 2867 1665 est,
2899 1609 2952 1653 et
2984 1599 3108 1654 fons
3131 1599 3353 1652 univer-

1807 1708 2015 1748 sorum.
2055 1691 2182 1747 Haec
2221 1691 2386 1746 etiam
2425 1691 2724 1761 Gregorius
2774 1691 3060 1759 theologus
3101 1690 3154 1742 in
3192 1689 3347 1742 libris

1807 1788 2004 1841 Contra
2065 1785 2391 1839 Eunomium
2456 1785 2610 1838 dicit.
2653 1782 2739 1837 Fit
2800 1790 2980 1837 autem
3040 1781 3144 1834 alia
3207 1794 3351 1850 qun-

1805 1896 1912 1952 que
1950 1881 2162 1934 ratione
2199 1879 2382 1933 divina
2421 1877 2725 1940 distinctio,
2761 1889 3084 1946 progressus
3125 1872 3219 1925 Dei
3261 1886 3355 1939 per

1807 1975 2065 2030 bonitatis
2089 1972 2482 2027 abundantiam
2522 1971 2576 2024 in
2613 1972 2793 2024 varias
2820 1968 3030 2038 species
3062 1963 3350 2019 invisibilis

1805 2075 1966 2136 atque
1992 2064 2224 2120 visibilis
2257 2071 2556 2125 creaturai;
2582 2075 2903 2114 communes
2933 2068 3112 2111 autem
3145 2064 3269 2109 sunt
3296 2054 3353 2107 in

1807 2158 1982 2212 tribus
2012 2154 2383 2211 subsistentiis
2404 2161 2458 2208 et
2480 2151 2831 2208 consistentis
2854 2159 2908 2203 et
2938 2149 3209 2204 distinctae
3237 2145 3355 2200 uni.

1805 2247 1952 2312 tatis,
1987 2248 2092 2302 illae
2121 2262 2244 2316 quae
2273 2246 2339 2299 ad
2365 2244 2697 2298 creationem
2731 2229 2976 2311 spe'ctant
3001 2236 3355 2308 providentiae

1803 2349 1857 2396 ct
1879 2340 2170 2393 bonitates.
2227 2335 2482 2391 Omnium
2518 2333 2662 2387 enim
2707 2332 2895 2401 regina
2945 2329 3190 2383 Trinitas
3235 2328 3354 2384 sine

1821 2411 2128 2464 detentione
2150 2419 2202 2466 et
2237 2412 2728 2467 communicatione
2755 2413 2823 2466 ab
2864 2412 2933 2466 iis
2963 2411 3056 2481 qui
3101 2427 3219 2465 eam
3251 2427 3375 2479 par-

1819 2499 2046 2568 ticipare
2076 2502 2287 2568 valent;
2312 2502 2452 2556 idem
2478 2505 2621 2556 enim
2641 2503 2881 2556 declarat
2904 2509 3215 2570 utrumque.
3241 2500 3371 2552 Nam

1820 2591 2176 2660 participatur
2209 2593 2350 2648 Deus
2389 2594 2506 2648 sine
2535 2594 2843 2648 detentione
2889 2594 3110 2647 minime
3139 2606 3379 2661 compre~

1819 2679 2022 2736 hensus
2051 2683 2105 2738 in
2138 2684 2258 2738 loco
2288 2685 2665 2753 participante,
2698 2701 2870 2754 neque
2895 2685 3228 2739 sensibiliter
3249 2697 3367 2751 par-

1817 2773 2112 2842 ticipatus;
2168 2775 2262 2828 sed
2313 2783 2480 2838 totus,
2533 2777 2586 2829 in
2643 2777 2911 2845 cujusque
2961 2776 3376 2844 participatione

1819 2863 2114 2926 exsistens,
2161 2871 2214 2918 et
2256 2865 2322 2917 ab
2359 2865 2614 2918 omnibus
2659 2877 2940 2934 exemptus
2975 2885 2986 2918 :
3027 2866 3166 2918 sicut
3202 2863 3376 2917 valida

1819 2965 1950 3005 voce
1979 2954 2212 3006 excitata
2239 2969 2428 3008 omnes
2457 2963 2749 3022 prwsentes
2774 2954 2929 3023 juxta
2960 2954 3232 3022 propriam
3264 2952 3378 3004 vir-

1819 3047 1985 3096 tutem
2005 3043 2122 3111 ejus
2142 3045 2436 3113 participes
2459 3052 2607 3106 sunt,
2631 3051 2684 3098 et
2705 3045 2807 3107 vir,
2832 3050 2886 3097 et
2906 3043 3086 3098 infans
3107 3050 3160 3094 et
3181 3043 3374 3105 bruta;

1819 3133 1914 3186 sed
1946 3135 2023 3187 illi
2054 3136 2269 3203 quidem
2304 3136 2517 3200 fortius,
2546 3137 2635 3191 isti
2660 3151 2787 3190 vero
2810 3136 3062 3198 debilius,
3081 3133 3379 3189 secundum

159 3219 428 3278 facultatis
494 3221 750 3276 audiendi
811 3221 1123 3286 eﬂicaciam,
1190 3226 1350 3288 atque
1405 3218 1562 3290 114
1619 3225 2088 3280 communicabilis
2125 3235 2207 3284 est
2248 3243 2373 3292 vox,
2419 3235 2474 3282 et
2506 3229 2560 3281 in
2601 3244 2659 3284 se
2698 3229 2815 3297 ipsa
2855 3221 3384 3282 incommunicabilis

167 3321 400 3370 manens.

241 3402 338 3456 Ἐκ
367 3404 487 3456 τῶν
510 3403 782 3472 μετοχῶν
809 3404 906 3456 καὶ
938 3404 1054 3456 τῶν
1085 3404 1472 3472 μετεχόντων.
1505 3403 1576 3454 Τὸ
1604 3405 1722 3455 κατ’

1895 3401 1980 3454 Ex
2025 3403 2514 3472 participationibus
2583 3412 2632 3456 et
2692 3401 3056 3471 participibus.
3116 3399 3384 3457 Divinitas

164 3496 338 3547 οὐσίαν
370 3497 466 3565 μὲν
496 3497 529 3564 ἡ
557 3494 756 3564 Θεότης
783 3495 842 3546 οὐ
875 3495 1170 3564 μετέχεται,
1193 3492 1312 3545 οὔτε
1340 3497 1534 3545 νοεῖται
1558 3509 1570 3521 °
1595 3493 1722 3562 μεθ-

166 3586 286 3656 εκτὴ
329 3586 383 3638 δέ
430 3586 580 3638 ἐστιν
613 3587 670 3637 ὲν
698 3585 774 3655 τῷ
804 3584 863 3649 ἐξ
891 3586 1059 3654 αὐτῆς
1102 3583 1237 3638 εἶναι
1276 3583 1342 3636 τὰ
1374 3585 1582 3645 πάντα,
1632 3585 1724 3636 καὶ

168 3675 250 3727 ὑπ’
282 3678 454 3748 αὐτῆς
486 3677 803 3746 συνέχεσθαι
832 3679 911 3739 είς
939 3677 999 3729 τὸ
1026 3672 1183 3731 εἶναι.

241 3878 339 3931 Ἐν
366 3876 604 3940 ἑκάστῳ
658 3875 773 3928 τῶν
800 3876 1243 3944 ἐκτυπωμάτων.
1289 3877 1723 3947 Παραδειγματι-

168 3967 269 4030 κῶς
292 3986 420 4039 φησι
453 3969 576 4031 πῶς
604 3967 916 4036 ἁμεθέκτως
947 3967 1224 4036 μετέχεται
1254 3968 1283 4018 ό
1314 3967 1463 4029 Θεός.

232 4059 258 4130 §
294 4060 376 4116 Vl.
403 4063 527 4114 Οὐκ
553 4060 726 4112 ἐστιν
752 4060 789 4124 ἡ
819 4059 1092 4125 σφραγίς.
1133 4057 1422 4118 Ἀντίθεσις
1454 4058 1546 4109 καὶ
1574 4056 1723 4117 λύσις
1767 4068 1769 4070 '

168 4151 225 4203 ὲκ
251 4153 341 4204 τοῦ
373 4150 817 4222 παραδείγματος
846 4149 946 4217 τῆς
978 4147 1284 4218 σφραγῖδος.

242 4242 708 4310 Ἀπομόργματα.
763 4238 1181 4308 Ἀπομόργματα
1212 4235 1440 4288 ἐνταῦθα
1466 4235 1533 4287 τὰ
1564 4236 1721 4287 ἐκτυ-

167 4331 388 4402 πὼματα
420 4332 591 4398 λέγει.

231 4423 338 4475 Καὶ
359 4421 513 4490 μήτε
545 4420 858 4473 ἀντίτυπα.
901 4419 986 4481 Ὠς
1027 4418 1159 4470 λίθοι
1193 4417 1284 4470 xui.
1317 4415 1466 4480 ξύλα,
1500 4415 1532 4485 ἢ
1565 4415 1720 4468 πάλιν

169 4513 230 4564 τὰ
269 4515 366 4585 τῆς
420 4513 598 4582 ὑγρᾶς
639 4510 853 4572 οὐσίας,
887 4504 960 4563 ὧν
1000 4510 1148 4561 οὐδὲν
1181 4508 1482 4577 ἐπιδέχεται
1510 4507 1604 4577 τὴν
1658 4508 1722 4560 ἐκ

167 4604 439 4658 δακτυλίου
473 4588 766 4674 σφραγῖδα.

233 4696 594 4762 Διακέκριται
634 4691 720 4745 δέ.
763 4691 1066 4762 Σημείωσαι
1125 4692 1205 4742 ὅτι
1247 4689 1583 4759 διακέκριται
1623 4687 1720 4756 τῆς

1825 3494 2039 3562 quidem
2082 3495 2377 3548 secundum
2404 3495 2693 3550 essentiam
2722 3509 2897 3564 neque
2923 3494 3379 3560 communicatur,

1824 3598 1998 3652 neque
2042 3584 2396 3654 intelligitur;
2438 3586 2910 3640 communicabilis
2944 3599 3071 3638 vero
3101 3593 3204 3649 est,
3245 3600 3384 3654 qua-

1822 3680 1984 3729 tenus
2011 3675 2192 3728 omnia
2223 3691 2289 3730 ex
2331 3676 2451 3745 ipsa
2499 3683 2648 3740 sunt,
2690 3685 2744 3731 et
2773 3676 2840 3730 ab
2879 3677 2996 3745 ipsa
3028 3676 3085 3729 in
3117 3692 3216 3732 suo
3261 3693 3384 3732 esse

1823 3767 2188 3823 continentur.

1893 3857 1956 3910 In
1979 3875 2286 3928 unaquaque
2312 3861 2656 3926 expressione.
2682 3857 2939 3928 Exemplo
2961 3859 3220 3924 declarat,
3246 3876 3384 3930 quo-

1818 3949 1982 4002 modo
2010 3949 2152 4004 Deus
2182 3952 2298 4004 sine
2325 3949 2741 4019 participatione
2774 3949 3147 4018 participetur.

1889 4038 2035 4110 §Vl.
2079 4039 2201 4092 Non
2250 4049 2327 4094 est
2357 4040 2609 4108 sigillum.
2662 4038 2941 4109 Oppositio
2987 4046 3040 4093 et
3073 4039 3270 4093 solutio
3314 4055 3383 4096 ex

1820 4131 2063 4198 exemplo
2094 4130 2299 4200 sigilliﬂ,

1890 4220 2134 4291 Efﬁgies,
2179 4220 2274 4276 Gr.
2319 4221 2737 4292 ἀπομόργματα.
2803 4221 3233 4292 Ἀπομόργματα
3281 4222 3384 4276 hoc

1819 4311 1940 4366 loco
1965 4320 2122 4365 vocat
2149 4312 2551 4380 expressiones.

1891 4402 2001 4456 Nec
2027 4402 2358 4456 reluctantia.
2389 4401 2560 4455 Veluti
2586 4403 2792 4471 lapides
2816 4410 2869 4457 et
2899 4403 3064 4472 ligna,
3091 4410 3184 4456 aut
3203 4418 3233 4457 e
3253 4417 3386 4457 con-

1820 4494 1989 4547 trario
2029 4509 2146 4562 qua:
2175 4501 2303 4547 sunt
2335 4493 2491 4545 ﬂuxae
2523 4493 2864 4558 substantiae,
2893 4508 3126 4562 quorum
3176 4494 3386 4548 nullum

1820 4583 2056 4636 admittit
2092 4583 2276 4636 annuli
2306 4583 2565 4652 sigillum.

1890 4673 2207 4727 Distinctum
2264 4682 2340 4727 est
2388 4683 2581 4728 autem.
2632 4671 2770 4728 Nota
2819 4674 3130 4728 distinctam
3181 4689 3304 4728 esse
3355 4689 3385 4726 a

171 4786 318 4852 ἁγίας
343 4757 574 4857 Τρίάδος
607 4786 639 4854 ἡ
669 4757 1069 4853 ὲνανθρώπησις
1095 4781 1188 4833 τοῦ
1207 4782 1378 4848 Λόγου
1407 4757 1600 4842 ὁλικῶς
1628 4781 1720 4833 καὶ

1826 4773 2012 4819 sancta
2043 4765 2310 4819 Trinitate
2346 4767 2568 4819 omnino
2601 4773 2653 4820 et
2683 4781 2809 4820 vere
2837 4765 2999 4820 Verbi
3048 4766 3384 4820 incarnatio-

168 4873 384 4944 ἀληθῶς.

239 4969 302 5019 Τὸ
333 4969 459 5020 καθ’
492 4962 669 5033 ἡμᾶς.
713 4961 970 5015 Ἐνταῦθα
1001 4962 1125 5032 περὶ
1151 4960 1251 5029 τῆς
1278 4959 1584 5029 οἶκονομίας
1612 4959 1718 5010 πά-

167 5055 243 5107 λιν
289 5055 576 5118 διαλαϐὼν,
637 5053 714 5123 τῷ
758 5051 874 5122 Θεῷ
931 5053 1086 5121 Λόγῳ
1139 5051 1338 5119 ταύτην
1396 5049 1717 5120 προσάπτει,

171 5146 299 5213 μήτε
329 5145 542 5216 Πατρὸς
575 5143 707 5213 μήτε
737 5140 829 5193 τοῦ
860 5140 1009 5215 ἁγίου
1032 5140 1340 5210 Πνεύματος
1368 5141 1718 5210 ὲπικοινωνη-

171 5235 389 5298 σάντων,
426 5236 565 5305 πλὴν
600 5232 739 5286 κατὰ
771 5231 958 5302 βουλὴν
992 5231 1173 5301 μόνην.
1205 5229 1512 5300 Σημείωσαι
1542 5231 1597 5282 δὲ
1625 5231 1720 5302 τὴν

1827 4872 1948 4911 nem
1959 4898 1970 4910 .

1893 4944 2099 5000 Nostri.
2154 4944 2266 4999 Hoc
2313 4946 2435 4999 loco
2483 4945 2697 4999 iterum'
2722 4945 2788 5000 de
2823 4946 3229 5014 dispensatione
3272 4954 3387 4999 tra-

1824 5045 1998 5099 ctans,
2042 5037 2143 5090 soli
2173 5035 2281 5090 Deo
2313 5036 2492 5089 Verbo
2521 5037 2788 5100 attribuit,
2830 5036 2949 5091 sine
2985 5039 3094 5091 ulla
3125 5037 3299 5090 Patris
3332 5045 3388 5090 et

1827 5126 2060 5196 Spiritus
2087 5125 2260 5179 sancti
2290 5127 2807 5190 communicatione,
2835 5127 2941 5182 nisi
2971 5143 3069 5196 per
3099 5129 3267 5180 solam
3289 5140 3388 5178 vo-

1825 5217 2106 5271 luntatem.
2127 5214 2264 5268 Nota
2289 5230 2415 5269 vero
2439 5225 2748 5268 accuratam
2773 5217 3197 5286 dispensationis
3222 5230 3386 5269 enar-

169 5325 364 5396 ἁκριϐἧ
413 5303 530 5396 τῆς
569 5323 876 5393 οἰκονομίας
924 5323 1189 5393 διήγησιν,
1225 5320 1352 5392 [ὅτι]
1411 5321 1640 5391 οὐσιώθη
1698 5323 1724 5373 ὁ

1826 5307 2111 5371 rationem,
2172 5304 2337 5359 Deum
2390 5303 2645 5369 Verbum,
2698 5307 2844 5375 quod
2900 5321 3114 5360 omnem
3169 5309 3388 5372 superat

172 5395 487 5486 ὑπεροῦσιος
518 5414 652 5475 Θεὸς
683 5413 851 5479 Λόγος
886 5410 1268 5472 ἁναλλοιώτως,
1303 5411 1421 5462 ἐπεὶ
1458 5410 1724 5480 μεμένηκε

1829 5398 2144 5460 essentiam,
2180 5397 2296 5451 siue
2330 5397 2438 5450 ulla
2488 5398 2786 5451 mutatione
2829 5395 3186 5452 substantiam
3230 5409 3388 5447 acce-

173 5485 322 5570 Θεὸς,
351 5507 444 5560 καὶ
474 5504 707 5573 οὑσιώθη
737 5502 854 5556 καθ’
883 5504 1030 5571 ἡμᾶς
1063 5502 1119 5565 ἐξ
1151 5501 1302 5570 ἡμῶν
1334 5500 1542 5563 ὁλικῶς,
1576 5517 1724 5552 τουτ-

1829 5492 2007 5560 pisse;
2047 5488 2298 5558 quoniam
2350 5488 2648 5558 permansit
2688 5487 2852 5549 Deus,
2887 5497 2939 5542 et
2979 5485 3142 5541 sicuti
3177 5501 3277 5538 nos
3321 5500 3387 5538 ex

175 5594 306 5658 ἐστι,
340 5597 495 5666 σῶμα
538 5592 634 5646 καὶ
687 5592 866 5660 ψυχὴν
890 5588 1107 5658 λογικὴν
1139 5586 1277 5639 κατὰ
1305 5587 1552 5656 ἀλήθειαν
1575 5587 1724 5654 ὲσχη-

1831 5583 1989 5636 nobis
2017 5579 2374 5635 substantiam
2407 5579 2630 5631 omnino
2658 5579 2885 5646 accepit,
2912 5577 2965 5630 id
2990 5582 3074 5630 est
3103 5590 3306 5645 corpus
3337 5587 3390 5631 et

176 5685 284 5750 κῶς
307 5706 320 5719 ·
357 5690 450 5741 καὶ
491 5687 574 5739 ὅτι
601 5685 630 5736 ὁ
668 5682 797 5744 Θεὸς
829 5674 999 5747 Λόγος
1039 5679 1182 5730 ἐστὶν
1217 5676 1358 5747 [κατ’
1399 5675 1675 5746 ἀλήθειαν]
1704 5678 1724 5728 ό

1834 5675 2067 5726 animam
2094 5670 2415 5724 rationalem
2445 5684 2571 5724 vere
2610 5668 2816 5735 habuit,
2857 5676 2910 5725 et
2939 5668 3108 5724 Deum
3149 5667 3389 5724 Verbum

1109 5798 1340 5855 VARUE
1374 5795 1750 5852 LECTIONES
1782 5794 1870 5848 ET
1903 5789 2441 5850 CORRECTIONES.

238 5920 258 5949 ⁷
292 5937 384 5990 γρ.
421 5919 726 5975 πολυειδίαν
758 5922 861 5974 τῶν
895 5921 1395 5990 δημιοιῳγημὰτων.
1459 5921 1484 5954 ⁸
1518 5936 1601 5987 γρ.
1638 5917 1928 5984 δυνάμεων.
