3874 6536
497 426 605 484 ΞΞΞ

1212 466 1215 471 -
1313 426 1661 513 APPENDIX
1692 428 1785 484 AD
1817 427 2049 484 OPERA
2077 426 2133 481 S.
2169 424 2465 483 DIONYSII
2502 424 2984 493 AREOPAGITE,

3675 420 3765 480 224

503 541 679 617 [vere]
710 560 835 602 esse
862 560 986 602 eum
1019 545 1114 615 qui
1149 560 1349 616 passus
1377 553 1483 611 est,
1518 545 1732 601 scilicet
1761 559 1949 608 carne,
1984 544 2087 597 Im-

2211 539 2406 604 ταθὼν,
2449 541 2690 613 δηλονότι
2736 543 2931 613 σαρκίο
2983 541 3080 596 καὶ
3122 540 3209 595 ὅτι
3249 537 3570 612 ἀνθρωπικὴ
3608 540 3760 594 αὐτοῦ

501 650 837 708 manumque
875 637 1049 708 ipsius
1082 637 1326 693 divinam
1373 638 1752 709 operationem
1789 637 1978 692 vocari
2026 651 2092 692 ea

505 729 693 783 omnia
716 745 835 800 quae
860 729 916 783 in
952 728 1369 799 dispensatione
1399 745 1497 785 seu
1528 729 1909 784 incarnatione
1939 727 2090 782 acci~

505 821 725 886 derunt,
760 835 936 892 neque
974 820 1192 876 Patrem
1224 837 1403 892 neque
1447 819 1710 890 Spiritum
1741 826 1991 875 sanctum
2037 820 2091 873 in

507 913 595 969 his
630 913 834 985 aliquid
868 913 1248 984 participasse,
1292 913 1401 968 nisi
1444 913 1785 983 beneplacito
1813 920 1867 967 et
1899 912 2092 966 volun-

508 1012 617 1060 tate
650 1007 1067 1069 incarnationis,
1099 1014 1262 1077 atque
1295 1022 1402 1060 una
1436 1022 1562 1061 cum
1597 1005 1708 1060 Deo
1740 1002 1878 1059 Filio
1907 1005 2091 1059 divina

507 1097 661 1168 signa
717 1098 1017 1168 cperando.
1074 1096 1214 1151 Nota
1264 1112 1394 1152 vero
1444 1098 1558 1151 haec
1616 1097 1851 1152 maxime
1901 1104 2093 1152 contra

503 1187 884 1257 Nestorianos,
903 1200 957 1247 et
986 1192 1318 1261 Acephalos,
1352 1198 1516 1261 atque
1548 1189 1984 1247 Phantasiastas.

576 1281 901 1337 Distinctum
934 1294 1031 1339 est.
1068 1283 1183 1339 Hoc
1209 1291 1294 1340 est
1334 1294 1607 1339 secretum
1645 1299 1676 1337 a
1720 1282 2011 1341 Trinitatis
2039 1291 2095 1340 et

505 1373 736 1430 Deitatis
764 1375 975 1430 ratione
1008 1374 1164 1439 illud,
1194 1375 1342 1445 quod
1373 1384 1595 1445 propter
1640 1390 1742 1430 nos
1803 1383 1858 1431 et
1894 1391 1961 1431 ex
1992 1391 2095 1431 no-

505 1467 591 1523 bis
616 1482 839 1522 carnem
868 1468 1259 1538 assumpserit,
1302 1484 1398 1523 seu
1439 1469 1808 1537 susceptionis
1837 1468 2096 1524 humani-

504 1560 634 1614 tatis
660 1567 885 1624 nostrm,
910 1567 1075 1631 atque
1094 1558 1498 1615 Incarnationis
1519 1559 1725 1616 Christi
1753 1562 1929 1629 ratio;
1952 1562 2095 1617 sicut

505 1660 561 1708 et
588 1652 734 1723 quod
769 1651 959 1707 fecerit
983 1661 1037 1707 et
1062 1666 1260 1722 passus
1291 1651 1455 1707 fuerit
1499 1666 1622 1722 quae
1646 1652 1902 1709 humanae
1920 1653 2095 1725 ipsius

507 1745 965 1801 considerationis
996 1745 1232 1801 maxime
1258 1746 1482 1816 propria
1510 1752 1661 1801 sunt.
1683 1744 1915 1816 Propria
1966 1761 2096 1803 vero

506 1845 562 1891 ot
591 1836 890 1907 singularia
922 1836 1078 1900 dicit,
1138 1836 1242 1891 hoc
1266 1845 1351 1892 est
1381 1852 1516 1909 pura
1546 1845 1601 1892 et
1633 1838 1855 1893 innoxia
1886 1847 2097 1894 naturae

2196 634 2314 687 ἐστι
2365 633 2623 706 θεουργία
2665 635 2844 689 πάντα
2884 636 2955 689 τὰ
2998 637 3057 689 ὲν
3100 636 3167 705 τῇ
3209 631 3527 704 οἰκονομίᾳ·
3576 632 3670 687 καὶ
3692 633 3763 689 ὅτι

2193 726 2295 780 οὐκ
2332 726 2688 799 ἐκοινώνησεν
2717 730 2798 792 είς
2824 727 2996 781 ταῦτα
3021 730 3050 782 6
3080 726 3291 798 Πατὴρ,
3321 724 3444 779 οὔτε
3470 725 3533 778 τὸ
3556 724 3762 797 Πνεῦμα

2149 886 2153 891 ι
2191 819 2254 873 τὸ
2286 818 2462 887 ἅγιον,
2497 822 2545 873 εί
2577 820 2652 891 μὴ
2682 822 2747 891 τῇ
2800 820 3019 890 εὐδοκία
3050 820 3144 874 καὶ
3174 817 3424 890 βουλήσει
3453 818 3475 849 ⁹
3515 817 3615 888 τῆς
3647 834 3764 889 σαρ-

2195 909 2440 974 κώσεως,
2474 912 2567 965 καὶ
2598 913 2678 973 είς
2706 911 2769 965 τὸ
2802 911 3230 984 συνεργάζεσθαι
3273 909 3353 981 τῷ
3385 909 3503 981 Υίῷ
3529 908 3650 981 Θεῷ
3678 909 3763 973 τὰς

2195 1002 2540 1076 θεοσημείας.
2576 1005 2892 1075 Σημείωσαι
2935 1005 2993 1058 δὲ
3021 1004 3195 1057 ταῦτα
3225 1003 3460 1076 μάλιστα
3502 1003 3644 1057 κατὰ
3678 1003 3765 1058 Νε-

2197 1095 2494 1165 στοριανῶν
2526 1099 2621 1150 καὶ
2661 1096 2974 1167 Ἀκεφάλων
3004 1097 3099 1149 καὶ
3134 1095 3572 1150 Φαντασιαστῶν.

2278 1276 2666 1346 Διακέκριται.
2715 1275 2872 1330 Τοῦτ’
2902 1275 3019 1329 ἐστι
3061 1274 3408 1347 ηχωρῆσθαι
3442 1270 3540 1327 τοῦ
3576 1275 3762 1344 τριαδι-

2197 1368 2297 1424 κοῦ
2323 1371 2420 1423 καὶ
2450 1368 2761 1439 θεολογικοῦ
2791 1368 2951 1438 λόγου
2976 1368 3040 1422 τὸ
3068 1367 3189 1422 καθ’
3223 1368 3372 1439 ἡμᾶς
3402 1367 3462 1434 ἐξ
3494 1367 3649 1438 ἡμῶν
3672 1366 3766 1421 ὀλι-

2198 1461 2311 1526 κῶς
2331 1462 2425 1515 καὶ
2450 1462 2666 1534 άληθῶς
2689 1461 3058 1533 σαρκωθῆναι,
3104 1461 3251 1514 τοῦτ’
3282 1459 3430 1513 ἔστιν
3455 1462 3485 1514 6
3508 1461 3608 1530 τῆς
3629 1462 3766 1513 ὲναν-

2196 1554 2535 1627 θρωπήσεως
2575 1555 2671 1609 καὶ
2713 1553 3044 1627 σαρκώσεως
3072 1552 3169 1607 τοῦ
3204 1552 3440 1625 Χριστοῦ
3473 1551 3648 1621 λόγος,
3684 1552 3767 1605 καὶ

2196 1647 2391 1719 δρᾶσαι
2431 1647 2524 1701 καὶ
2555 1646 2747 1700 παθεῖν
2787 1647 2886 1700 ὅσα
2938 1646 3039 1717 τῆς
3068 1644 3422 1717 άνθρωπικῆς
3447 1643 3613 1697 αὑτοῦ
3649 1643 3767 1697 θεω-

2200 1739 2321 1812 ρίας
2349 1740 2500 1794 ἐστὶν
2536 1739 2784 1812 ἐκκριτα.
2827 1738 3041 1809 ’Δδιατή
3052 1736 3191 1809 ρητά
3222 1753 3355 1808 φησι
3388 1736 3485 1790 καὶ
3508 1732 3765 1808 ἐξαίρετα,

2195 1830 2342 1886 τοῦτ’
2389 1831 2503 1886 ἔστι
2543 1830 2764 1904 καθαρὰ
2803 1831 2899 1886 καὶ
2944 1828 3242 1900 ἀδιάϐλητα
3284 1829 3386 1899 τῆς
3434 1826 3769 1901 ἀνθρωπίνης

507 1904 760 1983 humanae
787 1927 963 1998 ipsius
987 1944 1001 1981 :
1028 1928 1341 1998 cuiusmodi
1366 1904 1495 1984 sunt
1526 1929 1810 1993 nativitas,
1843 1929 2093 1994 infantia,

2211 1922 2368 1979 αὑτοῦ
2396 1924 2645 1994 φύσεωςο
2692 1922 2852 1977 ἅτινά
2885 1924 3000 1976 ἐστι
3020 1920 3198 1986 τόκος,
3229 1921 3512 1994 νηπιότης,
3536 1919 3763 1991 αὔξησις,

506 2019 924 2086 incrementum,
971 2020 1115 2083 sitis,
1163 2020 1339 2085 labor,
1387 2021 1637 2085 tristitia,
1692 2021 1968 2093 Iacrymae,
2008 2037 2099 2076 sa-

505 2112 631 2177 liva,
667 2112 914 2183 sanguis,
959 2112 1150 2175 sudor,
1193 2115 1497 2183 corruptio,
1547 2112 1754 2177 fluxus,
1785 2113 2098 2169 voluntaria

504 2203 876 2269 mortificatio,
904 2201 1067 2259 vocis’
1085 2203 1343 2273 privatio,
1380 2204 1700 2274 impotentia
1732 2220 1793 2261 se
1819 2206 2095 2272 movendi,

504 2302 559 2349 et
589 2296 811 2352 similia.
856 2294 986 2355 Haec
1008 2296 1157 2351 enim
1189 2296 1342 2357 nulla
1370 2297 1584 2353 ratione
1610 2295 1775 2353 Pater
1824 2307 1878 2354 et
1923 2296 2098 2369 Spiri-

504 2393 595 2442 tus
645 2397 874 2444 sanctus
924 2388 1283 2458 participant,
1338 2389 1448 2444 nisi
1491 2390 1618 2461 quis
1688 2389 1837 2447 dicat
1885 2391 2100 2449 ratione

507 2480 923 2550 approbationis
967 2487 1022 2534 et
1051 2495 1381 2536 consensus.

577 2570 735 2641 115
770 2571 877 2637 Qui
904 2572 1255 2627 immutabilis
1299 2582 1437 2629 erat.
1463 2571 1750 2640 Quomodo
1781 2574 1930 2630 dicat
1962 2574 2099 2632 Ver-

504 2661 635 2716 bum
666 2677 914 2732 passum,
950 2673 1009 2717 ut
1055 2664 1190 2718 illud
1220 2681 1233 2716 :
1278 2663 1473 2719 Manus
1515 2675 1712 2721 nostra:
1744 2677 2099 2723 contrectans-

505 2762 629 2806 runt
678 2751 743 2807 de
784 2752 952 2807 Verbo
978 2754 1166 2819 vitari,
1198 2755 1577 2825 exposuimus.

576 2840 604 2912 ς
636 2839 750 2897 VII.
792 2841 892 2896 His
935 2852 1112 2896 autem
1142 2843 1305 2898 veluti
1337 2846 1595 2916 mysticis.
1642 2845 1807 2903 Juxta
1836 2849 2095 2906 virtutem

504 2932 923 2989 inexsisteutem
957 2935 1083 3004 pani
1111 2942 1166 2990 et
1207 2938 1390 2991 calici.

575 3025 757 3094 Supra
790 3025 1089 3081 intellectus
1119 3029 1499 3097 operationem.
1534 3030 1875 3089 Intellectum
1905 3050 2096 3090 eorum

504 3132 628 3189 qua:
666 3119 735 3174 de
763 3117 874 3173 Deo
901 3119 1181 3186 dicuntur,
1212 3136 1369 3177 sacra
1400 3123 1621 3193 quidem
1653 3141 1812 3183 mens
1833 3127 2095 3197 explicat,

2190 2017 2346 2088 δίψα,
2377 2017 2561 2081 κότος,
2597 2015 2762 2087 λύπη,
2793 2014 3048 2087 δάκρυον,
3087 2014 3335 2078 πτύελος,
3368 2009 3529 2085 αἷμα,
3566 2012 3764 2086 τρῆσις,

2199 2109 2397 2182 φθορὰ,
2439 2109 2614 2183 ῥύσις,
2648 2107 2894 2172 ἑκούσιος
2925 2107 3214 2179 νέκρωσις,
3256 2106 3546 2176 ἁφθεγξία,
3593 2108 3767 2178 ἀκινη-

2200 2199 2312 2264 σία,
2363 2201 2459 2254 καὶ
2502 2199 2574 2253 τὰ
2626 2200 2806 2270 ὃμοια.
2853 2198 3078 2261 Τούτοις
3117 2197 3227 2270 γὰρ
3272 2198 3302 2250 6
3343 2198 3537 2269 Πατὴρ
3580 2198 3673 2250 καὶ
3716 2196 3772 2249 τὸ

2199 2290 2427 2362 Πνεῦμα
2463 2292 2584 2344 κατ’
2608 2289 2797 2344 οὐδένα
2834 2288 3035 2360 τρόπον
3080 2288 3114 2360 ἢ
3161 2287 3318 2356 λόγον
3356 2286 3765 2358 κεκοινώνηκενο

2200 2381 2249 2434 εί
2287 2381 2360 2452 μή
2392 2397 2477 2444 τις
2505 2379 2637 2451 φαίη
2667 2380 2788 2433 κατ’
2816 2378 3064 2434 εὐδοκίαν
3090 2395 3152 2432 τε
3181 2379 3277 2432 καὶ
3295 2377 3570 2451 βούλησιν.

2269 2564 2541 2633 Γεγονὼς
2566 2564 2601 2617 ὁ
2623 2561 3041 2627 ἀναλλοίωτος.
3061 2559 3187 2625 Πῶς
3202 2559 3351 2629 λέγει
3374 2559 3468 2613 τὸν
3494 2559 3662 2627 Λόγον
3677 2575 3772 2610 πα-

2199 2652 2312 2706 θεῖν
2333 2693 2349 2717 ,
2397 2653 2476 2717 ὡς
2519 2654 2614 2707 καὶ
2662 2653 2745 2718 τὸ,
2802 2656 2871 2707 Al
2916 2652 3112 2722 χεῖρες
3158 2650 3331 2721 ἡμῶν
3375 2650 3771 2720 ἐψηλάφησαν

2198 2742 2334 2811 περὶ
2361 2743 2467 2798 τοῦ
2493 2745 2689 2815 Λόγου
2726 2743 2839 2812 τῆς
2869 2742 3042 2812 ζωῆς,
3078 2742 3394 2814 ὲξεθέμεθα.

2272 2833 2302 2905 ς
2334 2831 2447 2889 VII.
2493 2833 2621 2900 Τοῖς
2650 2833 2720 2887 δὲ
2746 2835 2829 2901 ὡς
2862 2833 3201 2904 μυστικοῖς.
3243 2834 3403 2888 Κατὰ
3428 2834 3530 2907 τὴν
3558 2834 3771 2907 δύναμιν

2196 2926 2297 2997 τὴν
2324 2926 2737 2998 ἐνυπάρχουσαν
2764 2927 2824 2979 ὲν
2852 2926 2930 2997 τῷ
2958 2925 3109 2997 ἄρτῳ
3138 2926 3233 2979 καὶ
3261 2925 3339 2997 τῷ
3373 2927 3637 2998 ποτηρίῳ.

2282 3016 2463 3085 ’Υπὲρ
2502 3018 2721 3086 γοερὰν
2758 3015 3084 3087 ἐνέργειαν.
3123 3016 3243 3070 Τῶν
3283 3018 3414 3089 περὶ
3447 3016 3584 3072 Θεοῦ
3628 3018 3770 3086 λεγο-

2203 3108 2380 3179 μένων
2428 3107 2526 3179 τὴν
2570 3108 2808 3163 διάνοιαν
2848 3109 2944 3179 μὲν
2983 3108 3320 3161 ἀναπτύσσει
3368 3111 3397 3162 6
3448 3108 3590 3181 ἱερὸς
3635 3107 3771 3172 νοῦς,

508 3228 605 3270 seu
638 3214 1031 3282 interpretatur
1060 3214 1150 3267 illa
1180 3230 1336 3270 mens
1365 3231 1486 3285 qua:
1513 3219 1739 3272 omnino
1767 3218 1970 3275 divinis
1996 3233 2093 3274 va-

2211 3200 2369 3271 ήγουν
2394 3198 2683 3271 ὲρμηνεύει
2714 3200 2744 3252 6
2767 3201 2880 3262 τοῖς
2909 3197 3074 3263 θείοις
3099 3197 3272 3252 διόλου
3307 3199 3769 3271 ὲνασχολούμενος,

508 3314 620 3369 cat,
650 3312 705 3360 et
734 3321 913 3375 neque
936 3320 965 3359 a
997 3307 1353 3363 terrestribus
1381 3316 1435 3363 et
1462 3311 1819 3380 passionibus
1842 3310 2098 3368 obnoxiis

510 3398 897 3468 perturbatur;
936 3397 1074 3469 ipsis
1104 3414 1236 3454 vero
1279 3398 1484 3456 divinis
1526 3416 1637 3456 non
1674 3403 1836 3459 aliter
1883 3403 2099 3459 iucun-

510 3490 629 3553 bit,
679 3503 842 3558 quam
893 3504 991 3560 per
1022 3491 1387 3547 cessationem
1429 3494 1609 3549 omnis
1640 3504 1847 3565 motus,
1890 3499 1984 3567 qui
2030 3497 2099 3552 ad

510 3581 923 3652 intelligendum
967 3599 1056 3638 res
1103 3582 1276 3652 facit;
1333 3585 1437 3641 hoc
1469 3587 1614 3642 enim
1660 3583 1903 3644 declarat
1950 3593 2099 3662 quod

510 3672 651 3727 dixit
678 3687 843 3741 supra
886 3674 1264 3745 intelligantur:
1296 3675 1605 3745 eﬁicaciam,
1655 3678 1710 3733 id
1750 3687 1836 3736 cst
1878 3679 2100 3751 quando

512 3763 755 3833 undique
778 3763 870 3819 Dei
902 3763 1561 3837 incomprehensibilitate
1582 3770 2093 3841 comprehenditur,

512 3866 630 3911 tum
659 3855 972 3925 assequitur
1005 3855 1150 3925 quod
1186 3857 1487 3926 quaerebat.

587 3946 729 4004 Solis
759 3946 1278 4017 participationibus.
1304 3947 1862 4007 Praesubaudiendum
1892 3959 1979 4010 est
2006 3971 2101 4009 no-

514 4039 681 4094 mina.
742 4038 1206 4109 Participationes
1261 4049 1445 4095 autem
1496 4052 1657 4098 vocat
1718 4044 2100 4114 praebitionem

513 4144 703 4185 eorum
737 4146 860 4201 quae
888 4133 1281 4205 participamus
1319 4135 1388 4189 ab
1417 4135 1537 4206 ipso
1564 4135 1677 4191 Deo
1703 4135 1925 4193 factam.

528 4230 533 4237 ‘
588 4221 882 4279 Arcanum.
929 4222 1065 4279 Illud
1110 4242 1310 4282 nomen
1357 4226 1501 4283 Deus
1530 4243 1639 4282 non
1672 4229 1983 4301 significare
2011 4246 2100 4287 es-

522 4314 776 4379 sentiam,
794 4330 970 4385 neque
998 4316 1130 4387 quid
1162 4318 1423 4387 sitDeus;
1458 4318 1554 4373 sed
1572 4319 1792 4389 aliquod
1807 4320 1862 4375 in
1884 4337 1988 4377 nos
2007 4322 2101 4377 be-

522 4404 808 4473 neficium;
842 4413 1005 4476 atque
1019 4424 1122 4463 nos
1153 4424 1218 4463 ex
1240 4408 1738 4463 communicatione
1758 4424 1949 4464 eorum
1978 4426 2100 4482 quae

519 4496 681 4552 nobis
724 4513 759 4551 a
790 4496 901 4553 Deo
948 4501 1247 4566 donantur,
1289 4500 1688 4570 appellationes
1719 4499 1814 4556 Dei
1867 4502 2090 4573 fingere.

2200 3294 2296 3348 καὶ
2323 3296 2435 3356 τοῖς
2455 3294 2660 3363 γηϊνοις
2678 3294 2772 3347 καὶ
2800 3291 3101 3364 ὲμπαθέσιν
3129 3290 3540 3355 ἀνεπιθολώτως
3573 3292 3766 3362 μένων·

2199 3388 2385 3447 αὐτοῖς
2424 3385 2481 3439 δὲ
2512 3388 2624 3450 τοῖς
2659 3386 2824 3449 θείοις
2862 3385 2963 3438 οῦκ
3008 3383 3184 3448 ἄλλως
3230 3383 3511 3437 ἐπιϐάλλει
3554 3383 3586 3455 ἦ
3639 3382 3772 3437 κατὰ

2199 3478 2510 3532 ἀπόπαυσιν
2562 3477 2742 3548 πάσης
2795 3478 3061 3549 κινήσεως
3117 3476 3374 3546 νοητικῆς
3421 3474 3531 3530 τῶν
3579 3475 3768 3529 ὅντων

2197 3570 2357 3625 τοῦτο
2383 3568 2491 3642 γὰρ
2533 3568 2683 3642 δηλοῖ
2721 3569 2782 3622 τὸ
2812 3567 2966 3638 ὑπὲρ
2995 3568 3212 3636 γοερὰν
3246 3567 3552 3638 ἐνέργειαν
3586 3568 3769 3628 εἰπεῖν,

2198 3662 2474 3717 τουτέστιν
2511 3663 2638 3717 ὃταν
2678 3662 2757 3734 τῷ
2803 3660 3173 3733 ἀκαταλήπτῳ
3213 3659 3308 3713 τοῦ
3340 3659 3477 3713 Θεοῦ
3518 3658 3773 3714 πάντοθεν

2202 3756 2517 3828 περισχεθῇ.
2546 3756 2669 3809 τότε
2700 3754 3109 3826 καταλαμϐάνει
3141 3754 3203 3807 τὸ
3234 3752 3584 3825 ζητούμενον.

2279 3934 2409 4001 Ταῖς
2416 3934 2697 4005 μετοχα7ς
2705 3934 2938 4004 μόναις.
2962 3934 3324 4005 Προσυπακου
3330 3931 3484 3985 στέον
3498 3931 3770 3999 ὀνόματα.

2198 4027 2451 4097 Μετοχὰς
2480 4027 2538 4080 δέ
2571 4043 2757 4098 φησιν,
2800 4019 2874 4079 ὧν
2920 4025 3217 4096 μετέχομεν
3246 4023 3347 4096 τὴν
3380 4022 3440 4091 ἐξ
3485 4020 3647 4077 αὑτοῦ
3678 4019 3772 4074 τοῦ

2200 4118 2334 4173 Θεοῦ
2367 4121 2631 4192 παροχήν.
3504 4176 3518 4187 ,

2268 4215 2662 4285 Κρυεριότητα.
2698 4213 2819 4266 ’Ότι
2851 4212 2945 4266 καὶ
2969 4211 3031 4265 τὸ
3067 4211 3200 4275 Θεὸς
3226 4211 3398 4283 ϐνομα
3423 4211 3488 4265 ού
3515 4208 3664 4282 δηλοῖ
3688 4207 3774 4259 οὐ-

2202 4306 2499 4371 σίαν,·ούδὲ
2544 4307 2596 4359 τί
2628 4307 2778 4358 ὲστιν
2805 4306 2834 4356 6
2861 4303 3013 4368 Θεὸς,
3051 4302 3166 4357 ἀλλ’
3198 4304 3521 4375 εὐεργεσίαν
3550 4301 3669 4356 τινὰ
3699 4302 3776 4363 εἰς

2199 4401 2348 4471 ἡμᾶς
2366 4416 2380 4430 ’
2416 4398 2511 4452 καὶ
2549 4398 2633 4451 ὅτι
2671 4399 2737 4450 ἐκ
2777 4395 2885 4450 τῶν
2921 4395 3160 4467 μετοχῶν
3205 4394 3315 4449 τῶν
3362 4396 3470 4450 ὑπὸ
3504 4395 3597 4449 τοῦ
3638 4386 3774 4448 Θέοῦ

2199 4491 2555 4564 δωρουμένων
2604 4492 2757 4562 ἡμῖν,
2809 4489 2904 4544 καὶ
2956 4488 3057 4552 τὰς
3104 4490 3233 4562 περὶ
3281 4488 3418 4542 Θεοῦ
3486 4488 3776 4559 ὀνομασίας

516 4586 657 4653 Quid
688 4605 852 4660 porro
881 4592 952 4647 sit
984 4594 1150 4659 Deus,
1183 4592 1425 4663 cogitare
1452 4601 1616 4662 queat
1642 4594 1859 4661 nullus;
1891 4597 2092 4651 etenim

2211 4583 2499 4654 ποιούμεθα
2524 4601 2538 4614 ο
2580 4583 2642 4635 τὸ
2672 4581 2729 4635 δὲ
2759 4580 2813 4634 τί
2855 4583 3002 4635 ἐστιν
3034 4582 3063 4634 6
3094 4581 3247 4645 Θεὸς,
3284 4581 3451 4634 πᾶσίν
3482 4582 3625 4634 ἔστιν
3656 4580 3777 4632 ἁνε-

517 4676 702 4732 divina
727 4680 1048 4735 exsistentia
1091 4682 1169 4735 ita
1196 4681 1358 4753 digne
1396 4682 1795 4752 aliquantulum
1839 4685 2090 4741 laudabi-

515 4779 629 4831 tur.
662 4772 881 4842 quando
927 4774 997 4828 ab
1025 4772 1265 4829 efﬁcacia
1294 4775 1443 4829 omni
1476 4775 1815 4832 validissima
1846 4785 1900 4833 et
1934 4779 2096 4835 intel-

518 4862 720 4932 Iigeule
750 4881 976 4934 prorsus
1011 4882 1042 4920 a
1085 4866 1548 4933 nobis'absoluta,
1593 4869 1860 4941 suscipiet
1888 4887 1992 4928 nos
2036 4873 2093 4927 in

518 4966 712 5011 sancto
748 4958 986 5021 silentio,
1018 4968 1255 5014 mentem
1295 4958 1362 5015 iis
1390 4975 1512 5030 quae
1544 4961 1697 5017 illinc
1742 4964 2097 5035 egrediuntur

519 5046 681 5105 donis
700 5048 1021 5119 adjicientcs
1054 5067 1067 5103 :
1095 5052 1377 5107 voluntate
1407 5054 1672 5125 siquidem
1698 5072 1788 5112 res
1813 5056 2091 5128 producit,

518 5142 682 5198 nobis
707 5141 938 5199 firmiter
965 5143 1021 5197 in
1048 5145 1248 5200 mentis
1271 5156 1473 5202 nostra:
1494 5148 1818 5205 confusione
1843 5155 2097 5219 perstan-

518 5235 688 5296 tibus,
747 5249 909 5305 quam
961 5236 1125 5306 paqu
1178 5244 1305 5293 ante
1352 5241 1589 5306 vocavit,
1643 5241 1994 5312 cognitionem
2038 5240 2095 5294 in

519 5326 842 5397 ignorantia.
1810 5325 1815 5329 i

592 5418 822 5473 Rursum
850 5418 1060 5492 quidem
1102 5437 1216 5479 esse
1256 5425 1513 5497 originem
1554 5441 1649 5482 seu
1685 5424 1908 5495 fontem.
1954 5422 2094 5479 Nota

601 5564 625 5603 θ’
659 5553 677 5608 1
705 5554 863 5611 Joan.
894 5573 932 5628 ι,
956 5558 1006 5615 Ι.

2197 4678 2451 4747 πινόητον
2469 4693 2482 4705 °
2520 4675 2616 4729 xui.
2641 4674 2751 4745 γὰρ
2788 4675 2823 4745 ἡ
2851 4672 2972 4727 θεία
2999 4671 3255 4745 ῦπαρξις,
3284 4672 3459 4737 οὕτως
3487 4672 3648 4740 ἀξίως
3681 4687 3777 4723 πο-

2201 4769 2308 4833 σῶς
2363 4767 2754 4840 ὑμνηθήσεται,
2812 4767 2899 4819 ὅτε
2952 4766 3133 4836 πάσης
3187 4765 3484 4837 ἐνεργείας,
3541 4766 3632 4819 καὶ¹
3678 4762 3776 4832 τῆς

2198 4860 2665 4935 δραστικωτάτης,
2698 4861 2889 4931 νοερᾶς
2913 4858 2990 4924 δὲ,
3025 4859 3242 4922 πάντως
3274 4860 3365 4929 ὑφ’
3394 4859 3551 4930 ἡμῶν
3578 4857 3779 4911 ἀπολυ-

2202 4956 2378 5020 θεῖσα,
2422 4953 2632 5018 δέξεται
2664 4955 2812 5025 ἡμᾶς
2854 4951 2940 5005 διὰ
2971 4950 3132 5021 σιγῆς
3169 4950 3349 5021 ἁγίας,
3394 4950 3780 5009 ἐπιϐάλλοντας

2200 5054 2321 5114 ταῖς
2349 5048 2556 5103 ἐκεῖθεν
2584 5045 2945 5118 ὲκφοιτώσαις
2970 5046 3199 5118 δωρεαῖς
3217 5062 3232 5075 ο
3269 5043 3533 5116 θελήματι
3572 5042 3684 5115 γὰρ
3711 5042 3779 5094 τὰ

2196 5144 2326 5198 ὄντα
2350 5140 2607 5213 παράγει,
2638 5140 2877 5194 στάντων
2905 5138 3060 5210 ⁴ἡμῶν
3091 5136 3320 5208 βεϐαίως
3348 5137 3406 5189 ὲν
3432 5138 3499 5208 τῇ
3529 5133 3620 5188 τοῦ
3643 5137 3780 5206 ἠμε-

2197 5237 2358 5309 τέρου
2391 5234 2483 5289 νοῦ
2516 5233 2849 5307 ἀδιακρισίᾳ,
2898 5231 2964 5303 ῆν
3003 5230 3230 5284 ἐκάλεσε
3262 5229 3368 5301 πρὸ
3402 5226 3596 5302 μικροῦ
3628 5224 3781 5295 τιτῦ-

2198 5346 2303 5386 σιν
2326 5328 2396 5382 ἐν
2422 5329 2708 5399 ἀγνωσία.

2270 5419 2485 5485 Πάλιν,
2519 5418 2607 5473 ὅτι
2633 5418 2750 5489 μέν
2774 5417 2908 5472 ἐστι
2935 5415 3178 5487 amula.
3213 5413 3524 5488 Σημείωσαι
3564 5410 3635 5466 τὰ
3686 5428 3780 5466 σε·

1479 5712 1716 5771 ἾΑΒΙιΕ
1752 5713 2141 5775 LECTIONES
2179 5715 2269 5774 ET
2303 5707 2854 5776 οοιιιιἘοΤιοΝεδ.

610 5880 628 5909 9
657 5897 746 5954 γρ,
777 5885 855 5946 εἰς
883 5882 979 5958 τὴν
995 5881 1242 5937 εῦδοκῐαν
1278 5878 1369 5933 καὶ
1400 5875 1672 5948 βούλησιν.
