3872 6544
90 379 197 452 225

873 389 928 445 S.
971 386 1222 444 MAXIMI
1262 384 1557 444 SCHOLIA
1592 384 1658 442 IN
1693 383 1821 440 LIB.
1859 385 1947 440 DE
1979 385 2228 442 DIVINIS
2259 377 2656 449 NOMINIBUS;

3259 391 3368 450 2-16

90 505 296 578 δάσμια
343 505 440 558 καὶ
473 502 677 577 φρικτὰ
717 502 812 556 ἐπὶ
842 503 941 573 τῆς
976 502 1244 574 ἀχράντου
1295 503 1524 574 Τριάδος
1565 501 1682 555 ὀνό-

1789 500 2098 554 veneranda
2143 509 2199 554 et
2245 501 2519 558 horrenda
2576 503 2888 574 purissima:
2931 502 3220 563 Trinitatis
3269 525 3374 563 no-

94 619 255 672 ματα,
288 601 374 653 ὅτι
405 598 617 670 πηγαία
644 595 832 667 θεότης
863 596 891 648 6
918 596 1144 666 Πατήρ
1182 597 1210 647 6
1240 595 1297 648 δὲ
1329 595 1456 658 Υἱὸς
1485 594 1579 648 καὶ
1611 595 1672 647 τὸ

91 693 312 765 Πνεῦμα
339 693 402 746 τὸ
431 693 584 760 ἆγιον
617 688 834 761 βλαστοί
853 691 956 742 εἱσι
984 689 1082 760 τῆς
1111 688 1358 757 Θεογόνου
1387 672 1670 760 Θεᾶτητος,

88 787 331 840 τουτέστι
360 783 455 838 τοῦ
481 784 713 855 Πατρδς,
745 783 1040 852 θεόφυτοι,
1071 781 1169 835 καὶ
1193 781 1364 849 ἄνθη,
1390 781 1486 835 καὶ
1511 781 1675 850 φῶτα

89 878 440 945 ὑπερούσια.
476 875 693 930 Μᾶλλον
725 873 781 927 δὲ
829 872 1091 943 βλαστοὺς
1123 873 1286 944 φησιν
1330 871 1582 943 εἰρῆσθαι
1616 873 1674 925 ὲν

89 974 157 1041 τῇ
188 967 379 1038 Γραφῇ
425 967 535 1022 ἀπὸ
578 967 677 1037 τῆς
718 967 823 1019 τῶν
861 965 1055 1018 ἐλαιῶν
1099 964 1364 1026 ὀπτασίας
1406 963 1674 1035 Ζαχαρίου

89 1061 184 1114 τοῦ
211 1061 500 1114 ἑνδεκάτου
528 1060 635 1112 τῶν
664 1058 976 1130 προφητῶψ
1009 1057 1116 1110 δύο
1139 1055 1248 1127 γὰρ
1277 1054 1541 1121 κλάδους
1568 1053 1677 1122 τῆς

89 1155 296 1220 ἐλαίας
315 1154 478 1222 φασιν
495 1153 543 1204 οἱ
572 1151 999 1222 Ἑϐδομήκοντα·
1023 1150 1071 1201 oi
1094 1148 1148 1200 δὲ
1171 1147 1317 1203 ἄλλοι
1346 1147 1678 1219 έρμηνευτα“ι

89 1247 362 1316 στάχυας
396 1243 494 1298 καὶ
530 1244 874 1309 βλαστούς·
911 1241 1075 1311 φῶτα
1119 1240 1196 1303 δὲ,
1231 1241 1288 1292 ὲν
1330 1233 1410 1302 οἷς
1442 1239 1674 1310 εἴρηται,

93 1341 321 1408 Πατρός
343 1339 464 1393 τῶν
484 1338 694 1408 φώτων
723 1337 816 1390 καὶ
847 1333 976 1400 Φῶς
1004 1333 1072 1386 ἐκ
1094 1333 1308 1402 φωτός.
1333 1332 1594 1400 Πατριὰν
1623 1332 1680 1385 δὲ

89 1434 234 1502 λέγει
256 1434 354 1505 τὴν
387 1433 550 1486 οἱονεὶ
582 1431 944 1499 πικρότητα.
985 1427 1263 1498 Ἐπιφέρει
1286 1425 1414 1494 γοῦν
1439 1426 1643 1491 υίότης
1662 1440 1676 1452 ·

91 1529 184 1580 καί
216 1526 348 1595 γοῦν
379 1543 543 1595 φησιν
576 1525 604 1577 6
649 1521 990 1585 Ἀπὸστολοςο
1033 1520 1133 1585 Ἐξ
1165 1519 1236 1572 οὗ
1267 1517 1435 1573 πᾶσα
1467 1517 1682 1585 πατριὰ

87 1620 159 1671 ἐν
186 1617 423 1686 copem?)
459 1618 557 1671 καὶ
595 1617 694 1669 ἐπὶ
722 1614 836 1685 γῆς
878 1613 1249 1684 ὀνομάζεται·
1293 1613 1355 1666 τὸ
1396 1612 1505 1684 γὰρ
1543 1609 1682 1666 εἷναί

90 1729 148 1765 τε
181 1712 426 1782 πατέρας
457 1711 551 1763 καὶ
582 1711 732 1772 υἱοὺς
763 1705 1122 1779 ὀνομάζεσθαι
1157 1705 1363 1759 ἄνωθεν
1397 1705 1680 1777 ἒρρευσεν,

91 1805 153 1856 ἐκ
178 1803 278 1856 τοῦ
299 1802 516 1872 Πατρδς
552 1803 648 1873 μὲν
681 1801 839 1872 φύσει
869 1799 962 1852 τοῦ
996 1798 1127 1853 Υἱοῠ
1167 1799 1349 1862 ὄντοςο
1382 1797 1596 1870 Πατρδς
1626 1797 1683 1850 δὲ

1780 590 1949 644 mina.
1983 590 2203 646 Patrem
2247 609 2370 650 esse
2415 594 2694 649 fontanam
2739 595 3122 666 divinitatem;
3170 600 3370 659 Filium

1777 697 1907 738 vero
1963 692 2018 739 et
2061 681 2324 755 Spiritum
2376 694 2628 742 sanctum
2682 687 2927 744 fecunda:
2970 691 3198 750 Deitatis
3247 710 3374 751 esse

1777 776 2140 846 germinapid
2170 783 2253 832 est
2282 776 2485 842 Patris,
2515 797 2548 833 a
2585 779 2694 834 Deo
2725 783 3005 850 producta,
3031 793 3080 836 et
3113 783 3274 852 ﬂores
3305 801 3374 839 ac

1777 866 1983 922 lumina
2019 887 2137 940 qua:
2179 873 2408 925 essentia
2439 875 2716 942 superiora
2754 884 2898 930 sunt.
2935 875 3026 930 Ait
3060 886 3240 931 autem
3271 895 3372 948 po-

1780 960 1891 1016 tius
1910 961 2194 1032 βλαστούς,
2220 967 2480 1034 germina,
2505 964 2714 1019 dictum
2747 982 2867 1021 esse
2892 966 2946 1020 in
2977 967 3369 1038 Scriptura,ex

1781 1054 1995 1110 visione
2021 1057 2291 1110 olivarum
2330 1057 2612 1112 Zachariae
2642 1059 3032 1129 prophetarum
3064 1061 3377 1129 undecimi;

1781 1143 2134 1218 Septuaginta
2176 1149 2320 1203 enim
2352 1149 2545 1204 dicunt
2584 1151 2678 1204 δύο
2721 1151 2983 1216 κλάδους,
3016 1152 3150 1207 duos
3200 1170 3380 1208 ramos

1781 1238 1932 1293 oliva:
1962 1256 1982 1295 :
2024 1240 2115 1294 alii
2145 1257 2276 1296 vero
2320 1242 2647 1312 interpretes
2681 1245 2918 1314 στάχυας
2951 1246 3046 1298 καὶ
3091 1245 3378 1315 βλαστούς,

1781 1331 1956 1398 spicas
1987 1340 2036 1384 et
2071 1333 2311 1402 germina
2351 1348 2369 1385 :
2402 1332 2604 1387 lumina
2638 1350 2769 1390 vero
2819 1337 2876 1390 in
2923 1337 3126 1406 quibus
3167 1338 3376 1392 dictum

1782 1430 1887 1486 est,
1922 1421 2106 1476 Patris
2147 1426 2427 1488 luminum,
2461 1435 2514 1480 et
2547 1427 2722 1481 lumen
2767 1443 2830 1480 ex
2861 1427 3078 1483 lumine.
3128 1430 3382 1500 Πατριάν

1783 1532 1915 1570 vero
1946 1516 2077 1571 dicit
2108 1517 2209 1588 τὴν
2244 1518 2583 1589 πατρότητα,
2621 1519 2834 1574 scilicet
2862 1521 3257 1587 paternitatem.
3287 1521 3384 1575 Af-

1787 1608 1890 1665 fert
1908 1610 2070 1681 igitur
2097 1610 2304 1680 υἱότης,
2326 1612 2427 1680 ﬁlii
2458 1616 2714 1666 rationem
2737 1628 2757 1676 ;
2785 1612 3037 1682 equidem
3065 1613 3386 1680 aitAposto-

1785 1702 1918 1758 ius:
1974 1701 2058 1755 Ea:
2100 1719 2200 1772 quo
2247 1705 2417 1757 omnis
2463 1704 2762 1772 paternitas
2810 1705 2863 1758 in
2906 1704 3036 1757 caelo
3067 1713 3116 1757 et
3152 1706 3209 1756 in
3243 1713 3385 1758 terra

1787 1797 2099 1851 nominatur
2134 1806 2195 1850 z:
2237 1796 2397 1866 116
2427 1806 2610 1864 patres
2648 1797 2794 1851 enim
2842 1813 2987 1860 esse,
3025 1805 3080 1851 et
3112 1797 3252 1853 lilios
3285 1813 3386 1852 no-

96 1896 314 1949 πάντων
356 1895 764 1967 δημιουργικῶς
811 1895 906 1947 καὶ
955 1891 1382 1955 διδασκαλικῶς·
1417 1891 1538 1944 ὅθεν
1588 1890 1682 1943 καὶ

1788 1891 2008 1955 minari,
2061 1905 2298 1960 superne
2334 1890 2592 1958 deﬂuxit;
2644 1891 2773 1961 quia
2802 1906 2928 1945 vere
2966 1890 3140 1945 Filius
3179 1899 3264 1946 est
3313 1908 3380 1946 cx

97 1989 378 2059 ἀσώματοι
403 1988 498 2041 καὶ⁸
527 1988 707 2060 νοητοὶ
743 1985 879 2040 θεῶν
907 1987 1138 2056 πατέρες
1175 1985 1270 2039 καὶ
1297 1983 1403 2037 υἱοὶ
1431 1983 1682 2037 διδασκα-

95 2081 259 2144 λικῶς
305 2080 402 2133 καὶ
441 2079 854 2151 ὑπερκειμένως
886 2080 944 2131 ὲν
992 2078 1242 2148 ἀγγέλοις
1291 2079 1385 2132 καὶ
1431 2077 1679 2142 δικαίοις,

94 2175 162 2238 ὡς
188 2175 286 2227 καὶ
317 2176 347 2226 6
390 2173 710 2236 Ἀπόστολος
737 2172 904 2242 δηλοῖ,
937 2171 1154 2225 πάντων
1182 2171 1289 2224 τῶν
1315 2171 1563 2241 πατέρων
1583 2172 1681 2242 ἄρ-

95 2285 277 2338 χοντος
318 2265 416 2319 τοῦ
466 2267 669 2338 κυρίιός
719 2265 952 2338 Πατρὸς,
990 2265 1084 2318 ἆτε
1135 2267 1230 2318 καὶ
1274 2265 1373 2335 τὴν
1427 2263 1681 2335 τοιαύτην

99 2360 309 2430 μέθεξιν
337 2359 541 2422 δόντος,
577 2360 670 2412 καὶ
702 2357 917 2412 πάντων
957 2357 1065 2410 τῶν
1105 2357 1235 2410 υἱῶν
1282 2357 1542 2430 ἄρχοντος
1587 2354 1681 2410 τοῦ

100 2451 244 2516 Tia-3,
279 2452 378 2505 ἆτε
409 2452 503 2506 καί
525 2449 688 2505 αὑτοῦ
720 2449 983 2522 μεθεκτοῦ
1013 2452 1069 2502 έν
1096 2449 1270 2520 τούτῳ
1298 2449 1582 2520 γινομένου
1617 2449 1680 2514 ¹⁰,

98 2547 164 2609 ὡς
195 2546 366 2607 αὐτὸς
412 2561 610 2615 φησιν’
661 2542 1045 2612 Ἐφανέρωσὰ
1085 2560 1201 2598 σου
1238 2543 1303 2596 τὸ
1335 2543 1522 2613 ὄνομα
1560 2543 1683 2610 τοῖς

98 2638 457 2705 ἀνθρώποις·
503 2637 585 2690 ὃτι
619 2637 862 2690 καλεῖται
896 2637 1085 2708 Πατὴρ
1131 2639 1160 2690 6
1190 2636 1352 2689 αὑτὸν
1391 2635 1528 2706 ἔχων
1557 2636 1683 2690 Υἰδν

98 2730 179 2782 τὸν
207 2729 389 2783 ταῦτα
415 2728 658 2784 εἰπόντα.

167 3005 297 3070 Τοῖς
319 3002 626 3069 αὶτιατοῖς.
651 3000 882 3056 Αίτιατά
903 3003 1019 3055 ἐστι
1049 3001 1226 3054 πάντα
1246 3001 1313 3054 τὰ
1336 3001 1685 3071 παραχθέντα

44 3101 46 3104 ’
102 3100 168 3160 εἰς
200 3098 407 3160 κτίσιν,
459 3095 567 3148 εἴτε
601 3096 658 3148 ὲν
691 3092 925 3166 οὐρανῷ,
965 3093 1074 3147 εἴτε
1108 3094 1199 3146 ἐπὶ
1245 3093 1384 3164 γῆς’
1438 3093 1586 3146 αἴτια
1628 3093 1686 3147 δὲ

101 3190 158 3242 τά
180 3191 480 3262 ὑπερὸντα,
508 3188 780 3242 τουτέστιν
808 3188 864 3240 αἱ
887 3189 1035 3258 τρεῖς
1065 3185 1390 3249 ὑποστάσεις
1411 3185 1508 3257 τῆς
1527 3185 1686 3254 ἁγίας

104 3283 343 3353 Τριάδος.
382 3281 655 3354 Πρόδηλον
694 3277 787 3334 οὖν
830 3281 912 3336 ὅτε
937 3279 1162 3350 οὐδεμία
1188 3280 1452 3352 ὲμφέρεια
1480 3279 1683 3334 τούτων

104 3377 229 3444 πρὸς
270 3375 499 3446 ἄλληλα,
553 3375 741 3428 αἰτίων
774 3373 908 3445 φησὶ
953 3373 1044 3426 καὶ
1077 3372 1352 3427 αἰτιατῶν.
1399 3371 1596 3436 Καλῶς
1627 3371 1683 3425 δὲ

106 3467 408 3538 προσέθηκε
441 3467 503 3520 τὸ
535 3465 962 3536 ἐνδεχομένας⁸
1005 3465 1064 3518 οὐ
1094 3464 1203 3535 γὰρ
1237 3464 1474 3528 ἁπάσας.

170 3559 279 3612 Καὶ
294 3557 403 3627 ζῇν
425 3559 588 3625 εἴτις
603 3560 769 3628 φαίη.
791 3557 1228 3625 Ὅτιπερισσῶς
1257 3556 1354 3610 καὶ
1382 3555 1685 3622 οὑσιωδῶς

107 3653 461 3719 προσένεστι
489 3652 560 3706 τὰ
583 3650 699 3705 τῶν
728 3649 1006 3703 αἱτιατῶν
1036 3648 1158 3714 τοῖς
1181 3649 1410 3713 αἰτίοις.
1432 3649 1590 3700 Ὥστε
1623 3649 1683 3701 οὐ

108 3745 280 3809 καλῶς
301 3746 532 3816 λέγομεν
548 3745 647 3815 ζῇν
661 3745 757 3798 καὶ
772 3741 1099 3813 φωτίζεσθαι
1113 3742 1174 3794 τὸ
1185 3741 1327 3794 θεῖον
1346 3758 1359 3770 ·
1391 3740 1550 3794 τοῦτο
1577 3741 1686 3812 γὰρ

107 3839 198 3892 τοῦ
211 3839 305 3911 ζῇν
318 3841 466 3910 ἡμᾶς
478 3839 572 3891 καὶ
586 3835 914 3906 φωτίζεσθαι
928 3835 1118 3887 αἴτιον·
1135 3833 1406 3896 οὐσιωδῶς
1420 3828 1512 3886 οὖν
1526 3851 1687 3904 προσ-

107 3933 278 3986 ένεστι
317 3932 396 4004 τῷ
439 3931 589 4000 θείῳ,
625 3930 769 4001 ἅπερ
811 3929 940 3999 ἡμῖν
974 3927 1116 3981 κατὰ
1148 3927 1309 3998 χάριν
1335 3943 1348 3957 ο
1384 3925 1545 3979 τοῦτο
1574 3926 1684 3999 γὰρ

107 4028 355 4096 σημαίνει
385 4025 450 4078 τὸ
482 4023 633 4078 κατὰ
655 4022 928 4092 μέθεξινο
957 4021 1104 4090 λέγει
1136 4021 1245 4091 γὰρ
1277 4021 1305 4073 6
1348 4019 1682 4083 Ἀπόστολος·

107 4117 302 4184 Χάριτι
323 4115 467 4171 ἐστὲ
493 4114 889 4184 σεσωσμένοι,
918 4115 1011 4167 καὶ
1039 4115 1199 4183 ἡμεῖς
1235 4112 1332 4183 μὲν
1357 4111 1688 4182 σεσωσμένοι

106 4209 400 4281 λεγόμεθαο
437 4208 600 4272 αὐτὸς
630 4207 688 4261 δὲ
719 4207 876 4277 ἡμῶν
909 4206 1101 4277 Σωτήρ
1145 4207 1279 4258 ἐστι.
1329 4205 1437 4258 Καὶ
1484 4204 1645 4258 πάλιν
1669 4221 1682 4234 ·

121 4302 257 4356 Ἀπὸ
291 4304 402 4372 τὰρ
440 4302 550 4356 τοῦ
591 4299 984 4369 πληρώματος
1020 4298 1207 4354 αὐτοῦ
1255 4298 1426 4367 ἡμεῖς
1466 4297 1689 4364 πάντες

107 4395 414 4464 ἐλάϐομεν.

1788 1981 1990 2048 Patre,
2043 1986 2135 2053 qui
2177 1986 2422 2039 omnium
2473 1993 2557 2039 est
2610 1981 2775 2037 Pater
2823 1982 2893 2036 ob
2941 1983 3277 2037 creationem
3330 1995 3384 2039 et

1785 2075 2126 2143 doctrinam;
2153 2076 2298 2131 unde
2331 2075 2640 2146 incorporei
2666 2082 2720 2129 et
2749 2074 3125 2144 intelligibiles
3153 2074 3383 2131 deorum

1783 2178 1966 2240 patres
1997 2177 2160 2240 atque
2198 2169 2296 2224 lilii
2355 2175 2751 2240 praceptorum
2780 2183 2933 2222 more
2956 2174 3010 2221 et
3059 2169 3388 2225 excellenter

1787 2262 1842 2316 in
1872 2262 2082 2333 angelis
2112 2270 2165 2317 et
2191 2261 2382 2332 justis,
2423 2261 2566 2317 sicut
2592 2260 2758 2316 etiam
2789 2259 3088 2329 Apostolus
3120 2260 3383 2329 declarat,

1785 2353 1878 2408 illo
1901 2354 2152 2424 patribus
2182 2355 2440 2408 omnibus
2469 2353 2802 2423 principium
2839 2351 3003 2405 dante
3030 2351 3126 2420 qui
3161 2357 3385 2423 proprie

1785 2452 1871 2502 est
1908 2443 2094 2510 Pater,
2127 2445 2272 2500 sicut
2304 2445 2351 2500 is
2382 2447 2475 2517 qui
2499 2445 2661 2500 talem
2690 2449 3245 2506 communicationem
3270 2449 3385 2502 lar-

1785 2540 1964 2610 gitur,
2021 2552 2087 2592 ac
2149 2537 2410 2593 omnibus
2452 2536 2578 2593 liliis
2625 2536 2766 2592 Filio
2813 2541 3150 2613 principium
3195 2543 3382 2603 dante.

1786 2633 1932 2689 sicut
1962 2631 2083 2702 ipso
2100 2631 2267 2686 etiam
2294 2631 2349 2684 in
2373 2630 2479 2686 hoc
2504 2631 2893 2702 participante,
2919 2635 3384 2705 quemadmodum

1787 2729 1906 2796 ipse
1955 2724 2033 2778 ait
2076 2739 2088 2776 :
2144 2723 2493 2793 Manifestavi
2541 2741 2728 2778 nomen
2783 2734 2932 2780 tuum
2977 2727 3280 2782 hominibus
3323 2740 3382 2782 οε

1787 2816 1932 2884 quod
1986 2824 2214 2870 vocetur
2255 2814 2418 2869 Pater
2468 2814 2515 2870 is
2567 2815 2662 2884 qui
2711 2813 2909 2869 Filium
2963 2817 3078 2871 haec
3141 2818 3386 2872 locutum

1789 2907 1968 2962 habet.

1860 3000 2172 3069 E/fectibus.
2194 3002 2424 3074 Effectus
2440 3007 2573 3058 sunt
2603 3002 2790 3057 omnia
2833 3004 2888 3057 in
2939 3003 3224 3058 creatione
3253 3020 3376 3073 pro

1789 3093 1978 3158 ducta,
2017 3111 2115 3150 seu
2151 3094 2206 3148 in
2232 3095 2393 3159 cmlo,
2428 3111 2524 3150 seu
2570 3097 2624 3150 in
2669 3102 2838 3150 terra.
2873 3097 3066 3150 Causa:
3100 3111 3228 3150 vero
3259 3102 3390 3150 sunt

1714 3221 1756 3278 ο
1791 3187 1884 3242 illa
1912 3203 2033 3258 qua:
2061 3188 2366 3242 eminenter
2393 3189 2688 3255 exsistunt;
2727 3187 2778 3242 id
2827 3195 2913 3243 est
2970 3195 3083 3244 tres
3130 3185 3389 3242 Personas

1789 3290 1990 3338 sancta:
2006 3281 2312 3337 Trinitatis.
2333 3279 2692 3350 Perspicuum
2717 3281 2885 3351 igitur
2907 3281 3114 3334 nullam
3149 3295 3274 3335 esse
3290 3280 3390 3334 lio-

1788 3391 1909 3430 rum
1929 3376 2071 3430 inter
2083 3391 2142 3430 se
2161 3373 2601 3438 similitudinem,
2621 3387 2938 3437 causarum,
2964 3373 3159 3442 inquit,
3185 3379 3238 3428 et
3259 3372 3391 3428 eﬂ'e-

1785 3477 1997 3523 ctuum.
2023 3467 2190 3523 Recte
2211 3475 2395 3522 autem
2423 3467 2677 3537 apposuit
2701 3466 3078 3537 ἐνδεχομένας,
3101 3481 3234 3536 quas
3264 3481 3388 3534 pos-

1790 3571 1954 3615 sunt:
1985 3576 2163 3630 neque
2185 3560 2332 3615 enim
2357 3575 2547 3615 omnes
2580 3575 2639 3613 se
2675 3556 2921 3613 referunt
2953 3558 3241 3628 imagines.

1860 3651 1931 3706 Et
1954 3655 2121 3707 vivere
2143 3653 2190 3706 si
2210 3653 2326 3722 quis
2357 3651 2572 3706 dixerit.
2600 3650 2756 3718 Quod
2785 3649 3118 3706 abundanter
3137 3661 3188 3706 et
3209 3668 3389 3706 essen-

1790 3746 1989 3800 tialiter
2010 3762 2074 3800 ea
2103 3761 2219 3815 qua:
2241 3755 2362 3798 sunt
2385 3744 2666 3813 effectuum
2685 3752 2806 3797 ante
2838 3743 3151 3798 inexsistant
3177 3745 3352 3798 causis
3368 3760 3387 3798 :

1788 3839 1912 3893 ideo
1925 3853 2032 3892 non
2061 3838 2198 3892 bene
2210 3837 2447 3892 dicimus
2460 3836 2803 3892 divinitatem
2819 3839 3000 3891 vivere
3017 3843 3070 3891 et
3087 3837 3350 3899 illustrari
3371 3857 3384 3890 :

1789 3930 1905 3986 haec
1921 3931 2066 3986 enim
2079 3929 2240 3986 nobis
2262 3943 2429 3985 causa
2445 3937 2530 3985 est
2545 3929 2762 3984 vivendi
2775 3938 2829 3984 et
2843 3928 3178 3997 illustrandi;
3196 3944 3386 3986 essen-

1790 4023 1994 4078 tialiter
2007 4022 2170 4092 igitur
2187 4030 2313 4076 ante
2332 4020 2826 4086 insuntdivinitati,
2841 4035 2963 4091 quae
2981 4021 3138 4076 nobis
3152 4037 3248 4092 per
3260 4037 3388 4092 gra-

1790 4115 1922 4168 tiam
1960 4134 1972 4168 :
2007 4114 2113 4169 hoc
2139 4113 2286 4170 enim
2310 4113 2584 4186 significat
2605 4129 2696 4184 per
2723 4113 3211 4182 participationem,
3242 4113 3379 4168 dicit

1791 4209 1938 4264 enim
1962 4208 2294 4279 Apostolus:
2325 4205 2518 4261 Gratia
2538 4207 2734 4261 salvati
2760 4207 2885 4261 estis
2904 4207 2952 4273 δ,
2971 4213 3137 4260 etnos
3165 4204 3385 4276 quidem

1791 4303 1985 4359 salvati
2034 4301 2304 4369 dicimur;
2352 4302 2472 4372 ipse
2512 4309 2700 4355 autem
2749 4298 3012 4356 Servator
3052 4308 3240 4353 noster
3278 4306 3381 4352 est.

1790 4393 2126 4464 llerumque,
2156 4410 2281 4447 nam
2303 4409 2368 4447 ea:
2394 4393 2722 4462 plenitudine
2751 4392 2864 4461 ejus
2896 4408 2990 4445 nos
3024 4407 3203 4444 omnes
3237 4405 3388 4448 acce-

1791 4488 1964 4555 pimus
1998 4497 2046 4542 ο.

179 4575 208 4646 ᾗ
236 4577 326 4631 IX.
367 4577 558 4632 Ἀλλὰ
583 4577 681 4630 καὶ
714 4578 778 4630 τὸ
808 4577 1013 4644 πάσης
1051 4578 1382 4646 θεολογίας.
1415 4577 1534 4630 Ὅτι
1568 4576 1682 4629 θεο-

1863 4579 1890 4650 §
1922 4577 2013 4632 1X.
2056 4577 2200 4645 Quin
2228 4577 2392 4632 etiam
2423 4577 2476 4631 id
2499 4575 2638 4648 quod
2675 4585 2754 4632 est
2783 4577 3044 4630 universa:
3087 4575 3383 4647 theologia’.

109 4666 286 4735 λογίαν
317 4669 472 4723 καλεῖ
494 4668 565 4722 τὰ
593 4668 772 4741 [περὶ]
808 4670 908 4740 τῆς
948 4669 1412 4741 ὲνανθρωπήσεως
1436 4686 1448 4698 ³
1481 4670 1576 4722 καὶ
1605 4669 1684 4722 ὅτι

110 4763 224 4816 καθ’
259 4767 404 4836 ἡμᾶς
438 4763 796 4818 θεοπλαστίαν
829 4763 962 4833 φησὶ
993 4763 1091 4834 τὴν
1122 4761 1217 4815 τοῦ
1252 4761 1459 4833 Κυρίου
1507 4760 1683 4832 Ἰησοῦ

112 4854 394 4926 σάρκωσιν.
417 4855 605 4909 Ταῦτα
636 4855 776 4910 κατὰ
804 4853 1180 4925 Νεστοριανῶν
1217 4853 1470 4924 μάλιστα,
1501 4853 1560 4905 τὸ
1588 4855 1682 4906 άν-

108 4947 298 5017 δρικῶς
323 4951 486 5003 αὐτὸν
518 4948 843 5020 οὑσιωθῆναι
888 4947 1094 5016 λέγειν⁸
1130 4947 1232 5018 δρα
1270 4946 1325 4998 δὲ
1362 4947 1446 4999 ὅτι
1476 4947 1542 4998 ὲκ
1574 4945 1682 4998 τῶν

111 5042 442 5110 παρθενικῶν
468 5043 713 5113 αἱμάτων
735 5041 868 5113 φησὶ
892 5041 952 5094 τὸ
973 5041 1130 5111 σῶμα
1148 5039 1241 5092 τοῦ
1268 5039 1470 5111 Κυρίου
1505 5038 1681 5110 Ἰησοῦ

108 5130 503 5206 διαπλασθῆναισ
542 5137 856 5207 Σημείωσαι
887 5134 966 5198 δε,
1010 5133 1127 5196 πῶς
1173 5149 1326 5204 φησι,
1373 5131 1679 5204 πρεσϐυτά.

109 5241 232 5292 τους
258 5229 514 5298 ἀγγέλους
546 5225 685 5282 εἷναί
732 5246 904 5292 τινας,
939 5229 1032 5280 καὶ
1077 5226 1290 5298 πρῶτον
1340 5224 1520 5278 αὐτῶν
1561 5243 1676 5278 τινα

111 5311 262 5372 εἶναι.
287 5323 446 5390 Λέγει
471 5321 528 5374 δὲ
553 5320 955 5392 πρεσϐυτέρους
984 5319 1245 5388 ἀγγέλους
1279 5321 1307 5371 6
1333 5318 1470 5380 θεῖος
1503 5317 1683 5370 Ἰωάν-

111 5426 210 5480 VI};
237 5415 290 5466 ὲν
316 5418 380 5486 τῇ
422 5413 804 5483 Ἀποκαλύψει·
830 5415 922 5467 καὶ
949 5413 1087 5468 ἑπτά
1118 5408 1260 5465 εἶναι
1278 5413 1403 5475 τους
1431 5410 1681 5482 πρώτους

193 5572 212 5600 τ
240 5563 425 5635 Ephes.
454 5584 538 5630 Ill,
577 5567 662 5622 i5.
733 5579 756 5607 ει
788 5565 948 5622 Joan.
974 5581 1109 5631 xvu,
1145 5566 1198 5621 6.
1276 5566 1305 5606 ι)
1339 5565 1536 5636 Ephes.
1581 5582 1642 5632 ll,
1674 5566 1730 5622 8.

1792 4669 2147 4742 Theologiam
2194 4680 2356 4724 vocat
2400 4684 2522 4740 qua:
2555 4669 3066 4724 inhumanationem
3110 4677 3382 4740 tangunt;

1790 4772 1921 4818 nota
1954 4763 2204 4832 insuper,
2251 4777 2377 4818 eum
2407 4776 2610 4816 vocare
2660 4776 2728 4814 ex
2773 4769 2970 4814 natura
3021 4768 3214 4814 nostra
3257 4759 3384 4816 Dei-

1787 4855 2066 4910 tictionem
2108 4853 2326 4908 Domini
2352 4851 2483 4909 Jesu
2509 4852 2965 4907 incarnationem.
2994 4850 3120 4906 Haec
3149 4853 3385 4906 maxime

1787 4957 1983 5002 contra
2011 4945 2368 5002 Nestorianos
2403 4944 2609 5010 dicere,
2642 4945 2822 5014 ipsum
2860 4953 2919 4998 ut
2948 4944 3224 5000 hominem
3253 4944 3385 4999 sub-

1787 5039 2048 5096 stantiam
2101 5039 2386 5110 accepisse
2429 5057 2442 5093 :
2489 5038 2742 5104 observa,
2791 5054 2917 5094 eum
2958 5038 3143 5094 dicere
3181 5055 3384 5109 corpus

1790 5133 2004 5188 Domini
2054 5131 2209 5198 Jesu,
2263 5149 2332 5188 ex
2395 5131 2644 5202 virgineo
2689 5131 3040 5187 elformatum
3091 5134 3381 5202 sanguine.

1783 5225 1922 5279 Nota
1951 5241 2134 5296 porro,
2167 5223 2444 5296 quomodo
2475 5224 2623 5279 dicat
2654 5240 2667 5274 :
2705 5224 2976 5294 quosdam
3007 5240 3130 5280 esse
3159 5223 3383 5294 angelos

1785 5319 2179 5391 dignissimos,
2231 5318 2582 5388 primumque
2628 5318 2848 5374 illorum
2896 5317 3189 5388 quemdam
3235 5331 3380 5371 esse.

1785 5411 2056 5468 Beccnset
2086 5419 2269 5466 autem
2301 5411 2523 5467 divinus
2553 5410 2796 5467 Joannes
2837 5409 2893 5464 in
2925 5408 3260 5480 Apocalypsi
3299 5407 3378 5461 di-

1843 5577 1866 5606 ο
1898 5563 2060 5622 Joan.
2097 5581 2137 5631 ι,
2173 5566 2262 5622 16.

1029 5741 1268 5794 VARI/[‘3
1304 5739 1709 5796 LECTIONES
1747 5740 1836 5796 ET
1889 5739 2450 5800 CORRECTIONES.

278 5885 328 5959 _“
359 5883 636 5958 γρ.”αυτο“ι
664 5887 918 5960 μεθεκτο)⁸
947 5890 1010 5941 ἐκ
1041 5888 1232 5941 τούτου
1267 5887 1571 5957 γενόμενοι.
