3874 6534
525 349 627 405 29.7

1350 347 1687 404 APPENDIX
1721 348 1812 400 AD
1841 347 2070 402 OPERA
2103 348 2161 404 S.
2197 349 2491 404 DlONYSll
2526 349 3010 408 ΑΒΕΟΡΑΟΙΤίΕ.

3654 357 3746 413 ἓὶὲ

525 462 818 534 guissimos
845 463 1094 534 angelos,
1134 472 1189 518 et
1217 472 1421 532 septem
1451 478 1574 517 esse
1610 462 1814 531 primos
1859 462 2084 530 legimus

2189 461 2245 510 ὲν
2277 461 2355 530 τῷ
2389 460 2572 530 Τωϐία
2596 460 2924 531 ἀνέγνωμεν,
2957 461 3047 512 καὶ
3081 458 3228 531 παρά
3259 459 3534 531 Κλήμεντι
3576 460 3754 530 βιϐλίῳ

527 555 582 608 iu
607 553 800 618 Tobia,
830 564 988 623 atque
1017 555 1159 624 apud
1187 553 1520 608 Clementem
1556 555 1696 607 libro
1733 553 1928 619 quinto
1973 552 2090 622 11y-

523 657 856 715 potyposeon.
883 644 1028 700 Solet
1054 653 1236 700 autem
1259 645 1610 712 dignissimos
1632 646 1851 715 angelos
1875 659 2088 708 vocare,

525 749 808 804 supremos
849 743 960 790 tres
990 735 1234 798 ordines,
1267 735 1519 798 thronos,
1562 735 1859 803 seraphim,
1891 734 2089 788 cheru-

526 829 658 891 bim,
689 827 832 882 sicut
875 826 1120 881 declarat
1165 825 1480 895 frequenter
1512 825 1568 879 in
1603 825 1745 880 libro
1778 824 1854 878 De
1899 822 2092 877 cmlesti

525 917 845 981 hieran/tia;
893 917 1027 970 dicit
1077 925 1258 971 autem
1311 917 1414 970 hoc
1458 917 1598 983 loco,
1641 932 1816 985 neque
1855 916 2089 985 primum

525 1008 835 1077 angelorum
881 1009 1036 1078 117
1084 1007 1302 1076 assequi
1349 1023 1510 1082 posse
1557 1008 1776 1062 modum
1834 1007 2088 1060 inhuma-

522 1099 779 1153 nationis.

598 1188 664 1242 Et
703 1189 768 1241 ab
791 1189 1010 1258 inclyta,
1043 1188 1137 1244 Gr.
1168 1188 1354 1260 καὶτῷ
1388 1189 1597 1259 κλεινῷ.
1629 1189 1897 1244 Glorioso.

590 1279 939 1346 Prwceptore.
1003 1279 1389 1350 Praeceptorem
1451 1282 1728 1351 proprium
1760 1320 1777 1346 ,
1839 1289 2088 1335 sanctum

523 1369 872 1426 llierotheum
906 1373 1168 1436 insinuat,
1203 1376 1345 1426 sicut
1378 1389 1498 1426 mox
1520 1373 1757 1428 declarat
1789 1373 2087 1442 :siquidem

522 1476 644 1534 post
673 1472 922 1520 sanctum
948 1464 1173 1518 Paulum
1203 1465 1270 1518 ah
1299 1465 1400 1519 hoc
1431 1465 1650 1532 adjutus
1683 1474 1794 1531 est;
1829 1465 1962 1520 dicit
1992 1482 2091 1520 au-

524 1565 631 1610 tem
662 1557 806 1625 quod
841 1556 1092 1611 fortassis
1124 1564 1380 1625 expertus
1413 1556 1502 1610 ille
1527 1557 1734 1621 divina,
1759 1559 1832 1611 ita
1865 1558 2093 1627 inspira-

525 1656 612 1702 tus
643 1649 744 1714 sit;
768 1647 897 1717 quid
924 1664 1086 1718 porro
1115 1649 1184 1703 sit
1205 1663 1305 1701 non
1323 1657 1526 1701 tantum
1552 1648 1787 1711 edoctus,
1817 1649 1906 1703 sed
1931 1652 2090 1703 etiam

520 1748 786 1806 expertus,
817 1738 1016 1792 dicitur
1053 1739 1268 1808 quidem
1292 1740 1347 1793 in
1370 1739 1612 1808 Epistola
1643 1741 1709 1793 ad
1743 1739 1996 1795 Hebraeos
2015 1740 2042 1779 ἀ
2069 1759 2084 1796 :

523 1829 723 1883 Didicit
744 1847 807 1884 ea:
828 1832 902 1885 eis
933 1848 1046 1901 quw
1061 1849 1248 1900 passus
1269 1843 1345 1886 est
1365 1832 1732 1886 obedientiam.
1755 1831 1803 1887 ls
1824 1834 1968 1886 enim
1993 1834 2084 1902 qui

523 1923 747 1991 patitur,
771 1923 1102 1992 experientia
1145 1924 1288 1992 capit
1332 1921 1476 1992 quod
1519 1923 1767 1986 docetur,
1802 1925 1965 1978 veluti
1995 1926 2086 1994 qui

522 2013 858 2076 verberatur,
894 2015 1087 2068 melius
1103 2029 1166 2068 eo
1191 2015 1283 2084 qui
1307 2023 1516 2067 tantum
1546 2015 1755 2067 audivit
1781 2034 1793 2068 :
1827 2031 1936 2068 non
1975 2031 2088 2069 me-

523 2107 628 2161 lius
653 2123 736 2170 eo,
767 2107 860 2177 qui
891 2107 1183 2176 aliquando
1211 2107 1528 2160 verberatus
1560 2105 1682 2170 fuit,
1709 2105 1830 2175 quis
1857 2106 1980 2160 talis
2009 2106 2089 2159 la-

523 2198 624 2252 bor
651 2200 742 2262 sit,
791 2200 1092 2268 cognoscit,
1135 2198 1412 2266 multoque
1447 2199 1620 2266 magis
1652 2205 2083 2266 reprzeseutaret,

521 2289 699 2358 qualis
745 2291 813 2344 sit
849 2289 1037 2356 dolor;
1069 2291 1143 2342 ita
1173 2304 1388 2359 quoque
1426 2289 1518 2358 qui
1563 2304 1659 2358 per
1701 2289 2084 2342 revelationem

520 2379 766 2439 docetur,
793 2380 976 2434 divina
1027 2381 1265 2434 divinius
1301 2380 1772 2450 interpretabitur;
1805 2380 1911 2448 pati
1958 2394 2086 2433 vero

518 2469 723 2532 divina,
754 2471 858 2524 tale
888 2479 1002 2537 est;
1034 2470 1171 2523 dixit
1197 2471 1492 2540 Apostolus
1520 2490 1532 2524 :
1569 2469 1883 2538 Consepulti
1914 2470 2086 2524 simus

517 2559 758 2626 Christo,
782 2569 839 2613 ut
864 2577 987 2613 cum
1036 2561 1128 2613 illo
1148 2577 1496 2631 resurgamus
1529 2571 1582 2615 et
1612 2576 2006 2630 conregnemus
2035 2571 2082 2622 ος

517 2650 611 2718 qui
642 2658 818 2705 autem
845 2653 1083 2720 scipsum
1122 2668 1448 2722 carnemque
1489 2668 1643 2706 suam
1685 2651 1954 2720 cruciﬁgit
1979 2692 1994 2717 ,
2039 2650 2086 2705 is

516 2729 767 2808 stigmata
797 2738 997 2794 Christi
1029 2742 1083 2794 in
1115 2742 1334 2811 proprio
1364 2757 1592 2810 corpore
1615 2739 1948 2794 circumfert.
1978 2738 2084 2793 Me-

515 2828 625 2882 rito
656 2828 824 2898 igitur
853 2831 1017 2884 etiam
1052 2841 1348 2903 conregnat
1391 2832 1641 2895 Christo,
1686 2832 1954 2900 audetque
2001 2831 2086 2886 di.

516 2919 642 2971 vina
675 2919 794 2988 ejus
822 2922 1075 2990 mysteria
1118 2924 1492 2992 contemplari,
1527 2924 1744 2992 quando
1767 2933 1820 2978 et
1863 2935 2085 2981 sanctus

516 3009 842 3068 lllerotheus
857 3012 1057 3067 dicitur
1073 3029 1182 3067 non
1196 3015 1370 3067 solum
1387 3014 1666 3079 didicisse,
1683 3017 1777 3071 sed
1789 3019 1950 3072 etiam
1967 3034 2088 3087 pas-

2191 559 2231 604 ε⁹
2262 552 2371 604 τῶν
2411 550 2893 605 ’Υποτυπὼσεων.
2944 551 3350 622 Πρεσϐυτάτους
3399 553 3454 604 δὲ
3499 548 3746 620 ἀγγέλους

2189 642 2349 695 εἴωθε
2397 642 2601 705 καλεῖν,
2651 642 2751 705 τάς
2799 643 3056 694 ἀνωτάτω
3088 645 3235 712 τρεῖς
3281 642 3484 707 τάξεις,
3520 642 3757 712 θρόνους,

2191 734 2450 804 σεραφὶμ,
2486 733 2763 804 χερουϐιμ,
2794 733 2868 796 ὡς
2893 732 3039 802 δηλοῖ
3070 733 3126 784 ὲν
3158 732 3235 797 τῷ
3267 733 3405 800 Περὶ
3438 732 3551 800 τῆς
3591 737 3756 804 οὐρα,

2187 825 2324 890 νίας
2368 824 2664 892 ίεραρχίας
2705 823 2847 893 λόγῳ
2881 823 3172 886 πολλάκις·
3227 824 3358 894 φησὶ
3398 823 3456 876 δὲ
3505 825 3746 879 ἐνταῦθα.

2193 919 2330 989 μήτε
2374 917 2450 987 τῷ
2493 915 2778 987 πρωτίστῳ
2816 916 2922 967 τῶν
2955 916 3196 985 ἀγγέλων
3239 915 3454 980 ἐφικτὸν
3501 913 3640 970 εἶναι
3669 919 3754 971 τὸν

2187 1009 2388 1081 τρόπον
2416 1009 2513 1077 τῆς
2546 1007 2861 1078 ὲνανθρωπή
2871 1023 3020 1070 σεως.

2259 1186 2369 1240 Καὶ
2389 1185 2468 1252 τῷ
2500 1184 2732 1250 κλεινᾷ).
2777 1185 3020 1254 Ἐνδόξῳ.

2257 1278 2644 1346 Καθηγεμόνι.
2668 1277 3027 1347 Καθηγεμόνα
3047 1277 3264 1340 οἰκεῖον,
3295 1274 3386 1327 τὸν
3408 1275 3562 1342 ἅγιον
3592 1276 3632 1307 ¹¹
3663 1275 3742 1328 '1:-

2193 1369 2374 1440 ρόθεον
2417 1369 2744 1434 αἰνίττεται,
2793 1367 2868 1430 ὡς
2909 1350 3069 1429 εὐθὺς
3100 1366 3289 1438 ⁸δηλοῖ·
3340 1365 3476 1436 μετά
3520 1366 3630 1438 γὰρ
3669 1365 3749 1419 τὸν

2189 1462 2398 1515 Παῦλον
2429 1464 2491 1514 ἐκ
2518 1460 2706 1512 τούτου
2752 1457 3034 1529 ὠφελήθη·
3078 1459 3223 1527 λέγει
3266 1458 3321 1511 δὲ
3365 1460 3444 1510 ὅτι
3488 1458 3618 1521 ἴσως
3653 1476 3738 1511 παι

2191 1553 2296 1607 θὼν
2326 1553 2395 1606 τά
2425 1553 2542 1605 θεῖα
2571 1555 2791 1617 ἐκεῖνος,
2826 1550 2995 1612 οὕτως
3033 1550 3390 1621 ὲνεπνεύσθηο
3430 1550 3483 1602 τί
3519 1549 3577 1602 δέ
3616 1552 3747 1602 ἐστιν

2191 1648 2262 1700 οὑ
2278 1647 2465 1714 μόνον
2489 1645 2712 1712 μαθὼν,
2741 1643 2899 1696 ἀλλὰ
2929 1643 3023 1694 καὶ
3057 1639 3269 1704 παθὼν,
3301 1641 3515 1712 εἴρηται
3544 1641 3640 1711 μὲν
3667 1638 3748 1694 οὖν

2191 1739 2284 1790 καὶ
2295 1739 2350 1788 ὲν
2361 1741 2425 1807 τῇ
2441 1737 2573 1808 πρὸς
2588 1735 2886 1807 Ἐὗριιίουε⁸
2902 1736 3117 1804 Ἐμαθε
3129 1734 3237 1802 γὰρ
3252 1734 3350 1801 ἀφ’
3361 1731 3636 1792 ὦνέπαθε
3646 1732 3747 1799 τὴν

2187 1828 2480 1893 ὑπακοήν.
2521 1828 2578 1880 '0
2602 1826 2710 1898 γὰρ
2744 1825 2928 1879 παθὼν
2950 1825 3110 1896 πείρᾳ
3141 1823 3402 1893 λαμϐάνει
3437 1823 3498 1876 τὸ
3519 1823 3735 1876 διδασκό

2189 1937 2347 1989 μενον
2387 1922 2451 1982 ¹²,
2484 1915 2594 1973 οἷον
2622 1921 2650 1972 ό
2680 1923 3011 1988 τυπτόμενος
3043 1916 3240 1987 μᾶλλον
3283 1915 3374 1968 τοῦ
3406 1916 3564 1986 μόνον
3594 1915 3748 1968 ἀκού·

2188 2028 2404 2075 σαντοςο
2435 2012 2495 2064 οὐ
2537 2013 2641 2082 μὴν
2675 2013 2768 2064 καὶ
2786 2009 3146 2080 τυπτηθέντος
3177 2009 3220 2040 ¹⁸
3249 2009 3398 2070 ποτὲ,
3421 2007 3503 2070 τίς
3531 2010 3558 2061 ό
3583 2009 3748 2061 τοιοῦο

2184 2121 2276 2167 τος
2311 2105 2470 2167 πόνος
2513 2103 2802 2173 γινώσκει,
2853 2103 2945 2156 καὶ
2989 2101 3183 2172 μᾶλλον
3225 2101 3293 2154 ἂν
3339 2101 3746 2172 παραστήσειεν,

2185 2196 2366 2248 ὁποῖόν
2406 2198 2520 2248 ἐστι
2552 2196 2612 2248 τὸ
2661 2195 2822 2263 ἄλγος
2843 2211 2856 2224 ’
2905 2194 3046 2246 οὕτω
3076 2194 3169 2245 καὶ
3206 2196 3234 2246 ό
3267 2192 3333 2244 δι’
3367 2192 3749 2262 ἀποκαλύψεως

2189 2287 2506 2357 μυούμενος,
2540 2287 2806 2356 θειότερον
2834 2283 3158 2355 ἑρμηνεύσει
3189 2283 3257 2336 τὰ
3295 2283 3433 2337 θεῖα.
3465 2283 3540 2336 Τὸ
3568 2284 3623 2336 δὲ
3654 2302 3742 2336 πα·

2187 2377 2296 2430 θεῖν
2338 2378 2408 2430 τά
2436 2377 2552 2430 θεῖα
2580 2377 2817 2430 τοιοῦτόν
2858 2379 3036 2428 ἐστιν·
3075 2376 3287 2446 εἴρηται
3319 2375 3396 2446 τῷ
3437 2375 3748 2445 Ἀποστόλῳ’

2185 2469 2549 2538 Συπαφῶμεν
2578 2469 2654 2539 τῷ
2683 2471 2724 2520 Χ
2734 2469 2919 2540 ριστῷ,
2952 2469 3037 2520 ἵνα
3058 2468 3150 2520 καὶ
3173 2468 3586 2538 συναναστῶμεν
3614 2466 3748 2536 αὐτῷ

2185 2561 2278 2613 καὶ
2312 2559 2858 2630 συμὸασιλεύσωμεν·
2889 2561 2918 2611 ὁ
2949 2559 3005 2611 δὲ
3037 2558 3282 2628 σταυρῶν
3315 2557 3505 2611 ἑαυτὸν
3538 2559 3632 2610 καὶ
3659 2558 3747 2627 τὴν

2185 2651 2376 2705 ἑαυτοῦ
2403 2653 2598 2723 σάρκα,
2635 2651 2794 2715 αὐτὸς
2813 2652 2880 2704 τὰ
2906 2653 3176 2721 στίγματα
3208 2651 3300 2703 τοῦ
3327 2650 3562 2722 Χριστοῦ
3595 2652 3651 2702 ἐν
3680 2649 3748 2718 τῷ

2184 2743 2368 2811 οἰκείῳ
2383 2743 2591 2814 σώματι
2609 2744 2908 2814 περιφέρει·
2924 2745 3144 2805 εἰκότως
3159 2739 3248 2796 οὖν
3265 2743 3358 2795 καὶ
3377 2741 3747 2812 συμϐασιλεύει

2183 2835 2261 2905 τῷ
2292 2836 2530 2906 Χριστῷ,
2564 2837 2656 2889 καὶ
2691 2836 2759 2888 τά
2803 2836 2920 2887 θεῖα
2950 2835 3112 2888 αὑτοῦ
3147 2835 3423 2906 θαρρεῖται
3461 2836 3744 2904 μυστήρια,

2183 2925 2310 2978 ὅταν
2343 2927 2435 2978 καὶ
2458 2928 2486 2978 ό
2519 2928 2670 2994 ἅγιος
2711 2926 2964 2996 Ἰερόθεος
2992 2926 3205 2993 λέγεται
3239 2926 3310 2995 μὴ
3345 2926 3504 2995 μόνον
3538 2926 3745 2995 μαθεῖν,

2185 3017 2318 3069 ἀλλά
2347 3017 2439 3069 καὶ
2463 3017 2650 3069 παθεῖν
2667 3018 2733 3070 τά
2754 3017 2887 3070 θεῖα’
2908 3018 2999 3070 καὶ
3016 3019 3043 3068 ὁ
3059 3018 3126 3069 δι’
3143 3016 3532 3085 ἀποκαλύψεως
3549 3017 3616 3068 τὰ
3640 3017 3747 3068 θεῖα

513 3119 610 3158 sus
629 3118 744 3158 esse
757 3105 966 3158 divina:
1003 3113 1163 3174 atque
1186 3107 1232 3159 is
1260 3107 1351 3174 qui
1374 3121 1470 3173 per
1502 3108 1886 3162 revelationem
1903 3109 2084 3162 divina

2191 3107 2506 3178 μυούμενος,
2525 3108 2796 3172 ἐξίσταται
2813 3107 3025 3170 ἑαυτοῦ,
3045 3109 3137 3160 καὶ
3150 3107 3328 3170 καλῶς
3340 3107 3554 3175 λέγεται
3570 3107 3747 3160 παθεῖν

515 3195 762 3258 docetur,
795 3204 946 3249 extra
970 3197 1206 3265 seipsum
1230 3197 1601 3263 constituitur,
1624 3214 1686 3252 ac
1708 3209 1854 3254 recte
1879 3201 2084 3255 dicitur

516 3285 629 3352 pati
655 3287 838 3340 utilem
877 3287 1018 3340 hanc
1041 3291 1371 3356 passionem,
1397 3296 1456 3342 ut
1489 3288 1578 3342 ﬁat
1609 3289 1700 3345 Dei
1727 3292 2079 3350 domicilium.

516 3377 707 3431 Aliter.
745 3377 886 3432 Dixit
922 3380 1099 3448 ipsum
1124 3396 1341 3448 passum
1371 3381 1575 3445 divina,
1601 3384 1756 3451 quasi
1787 3385 1932 3438 dicat
1961 3402 2082 3440 eum

517 3483 626 3521 non
655 3470 937 3539 disciplina
959 3486 1052 3539 per
1076 3485 1378 3526 sermonem
1413 3472 1603 3525 horum
1637 3484 1946 3530 assecutum
1987 3478 2084 3532 do-

514 3561 776 3627 ctrinam;
810 3562 903 3616 sed
932 3563 1118 3616 divina
1147 3563 1513 3616 illustratione
1549 3564 1870 3634 impressam
1905 3578 1958 3621 et
1986 3585 2082 3622 ve-

515 3652 614 3705 luti
671 3654 982 3723 insignitam
1022 3656 1078 3707 in
1119 3665 1297 3710 mente
1329 3659 1794 3726 supernaturalcm
1831 3659 2086 3715 habuisse

513 3745 916 3812 cognitionem,
967 3746 1239 3815 talemque
1300 3747 1628 3802 diviniorum
1691 3749 2083 3805 institutionem

513 3837 923 3903 compassionem
948 3838 1184 3900 vocavit,
1217 3855 1312 3892 seu
1343 3841 1778 3896 contensionem.

587 3924 878 3995 §X.Causa
895 3928 1148 3980 omnium.
1168 3925 1226 3981 Di
1239 3930 1354 3984 vina
1372 3931 1484 3985 haec
1501 3934 1663 3986 verba
1674 3945 2080 4003 reprmseutant,

515 4032 624 4086 quo
669 4016 830 4072 modo
859 4026 912 4073 et
957 4016 1131 4075 Filius
1182 4021 1236 4074 in
1284 4023 1463 4076 omnia
1510 4025 1799 4089 omnibus,
1831 4035 1884 4080 et
1922 4038 2084 4095 caput

515 4108 757 4162 omnium
789 4109 1086 4164 secundum
1120 4112 1437 4182 Apostolum
1470 4115 1514 4178 ί,
1548 4131 1611 4170 ac
1646 4116 1777 4171 dicit
1807 4133 1927 4172 esse
1967 4135 2084 4173 om-

515 4200 665 4252 nium
691 4199 1083 4268 plenitudinem
1127 4213 1181 4259 et
1204 4220 1539 4276 compagem,
1588 4219 1960 4263 creaturarum
1996 4227 2083 4265 se.-

2183 3204 2243 3251 τδ
2274 3200 2549 3267 ὲπωιρελὲς
2567 3201 2722 3253 τοῦτο
2751 3191 2939 3262 π’ἀθος,
2975 3199 3060 3252 ἵνα
3089 3199 3222 3251 Θεοῦ
3253 3199 3474 3269 γένηται
3510 3199 3747 3272 καταχώ-

2182 3309 2319 3360 γιον.
2361 3291 2588 3353 Ἀλλως.
2625 3291 2823 3344 Παθεῖν
2855 3293 3016 3344 αὑτὸν
3037 3292 3138 3363 ἔφη
3158 3292 3226 3344 τά
3245 3292 3380 3356 θεῖα,
3415 3291 3491 3353 ὡς
3522 3294 3582 3344 οὐ
3611 3293 3745 3344 διδα-

2183 3385 2324 3447 κτῶς
2367 3383 2456 3436 διὰ
2505 3384 2660 3451 λόγου
2711 3385 2808 3454 τὴν
2860 3386 2986 3455 περὶ
3029 3384 3230 3436 τούτων
3258 3383 3510 3450 δέξασθαι
3560 3385 3745 3454 μύησιιο

2182 3475 2522 3544 λέγων,ἀλλά
2551 3479 2614 3547 τῇ
2649 3476 2768 3546 θείᾳ
2797 3476 3066 3546 ὲκλάμψει
3091 3467 3484 3544 ἓντυπωθῆναι,
3519 3478 3613 3528 καὶ
3645 3471 3748 3528 οἷον

2182 3570 2578 3641 ὲνσημανθῆναι
2609 3573 2675 3639 τῇ
2705 3567 2910 3638 διανοίᾳ
2930 3568 3028 3638 τὴν
3049 3566 3248 3635 γνῶσιν
3275 3566 3382 3619 τῶν
3411 3568 3551 3638 ὑπὲρ
3574 3568 3746 3636 φύσιν,

2181 3663 2275 3714 καὶ
2315 3662 2414 3722 τὴν
2451 3661 2493 3691 ⁸⁵
2524 3661 2776 3730 τοιαύτην
2821 3659 2930 3712 τῶν
2973 3659 3254 3729 θειοτέρων
3289 3658 3487 3724 μύησιν
3518 3658 3747 3722 συμπά-

2181 3757 2333 3808 θειαν
2377 3753 2651 3818 ἐκάλεσεν,
2685 3753 2850 3821 ἤγουν
2872 3750 3224 3803 συνδιάθεσιν.

2253 3928 2279 3998 §
2302 3930 2365 3982 Χ.
2387 3930 2454 3982 Ἡ
2469 3927 2707 3981 πάντων
2732 3929 2908 3980 αἰτία.
2928 3929 3007 3981 Τά
3026 3929 3143 3981 θεῖα
3157 3929 3322 3981 ταῦτα
3341 3929 3634 4000 παρίστησι
3654 3930 3746 3999 ῥή-

2185 4037 2346 4090 ματα,
2379 4019 2494 4082 πῶς
2523 4021 2615 4072 καὶ
2643 4021 2670 4070 ὁ
2703 4020 2829 4082 Υἱὸς
2855 4019 2922 4072 τὰ
2954 4021 3128 4073 πάντα
3159 4021 3214 4070 ἐν
3240 4021 3394 4082 πᾶσι,
3425 4019 3517 4071 καὶ
3545 4019 3744 4087 κεφαλὴ

2182 4111 2396 4165 πάντων
2424 4109 2562 4162 κατά
2591 4111 2681 4162 τὸν
2716 4111 3063 4162 Ἀπόστολον·
3098 4109 3187 4163 καί
3217 4125 3401 4178 φησιν,
3426 4110 3506 4161 ὅτι
3539 4110 3748 4162 πάντων

2181 4204 2296 4254 ἐστί
2345 4201 2617 4273 πλήρωμα
2661 4202 2755 4255 καὶ
2797 4204 3071 4271 συνοχεὺς,
3111 4203 3208 4272 τὴν
3256 4201 3612 4272 ἀλληλουχίαν
3643 4200 3746 4252 τῶν

510 4289 645 4341 riem
680 4295 1160 4364 constringeutcm,
1198 4295 1250 4348 id
1277 4304 1360 4350 est
1388 4305 1572 4366 partes
1599 4314 1720 4352 cum
1741 4308 1876 4364 toto,
1901 4309 1959 4354 ut
1987 4303 2080 4370 qui

2188 4295 2672 4366 δημιουργημὰτων
2721 4294 3065 4362 συσφίγγων,
3111 4292 3452 4344 τουτέστιτά
3491 4293 3628 4362 μέρη
3672 4289 3748 4360 τῷ

511 4390 596 4436 est
621 4384 831 4450 omnia;
853 4401 983 4455 ergo
997 4386 1146 4440 velut
1166 4387 1404 4442 universi
1433 4398 1862 4457 coagmentator,
1883 4399 1935 4444 et
1955 4407 2080 4460 pars

2188 4389 2364 4451 παντὶ,
2390 4387 2465 4448 ὼς
2494 4387 2554 4438 τὸ
2574 4388 2678 4438 πᾶν
2699 4385 2791 4437 ῶν·
2822 4385 2896 4448 ὡς
2919 4384 3012 4437 τοῦ
3043 4384 3242 4446 παντὸς
3260 4381 3352 4437 οὖν
3385 4384 3747 4451 συναγωγεὺς,

513 4475 731 4539 merito,
765 4477 1023 4544 quoniam
1048 4493 1173 4546 pars
1206 4479 1383 4533 omnis
1405 4486 1486 4532 est
1519 4479 1684 4533 totius
1713 4497 1861 4549 pars,
1892 4496 1956 4532 ac.
1984 4497 2081 4535 ne-

2188 4479 2275 4530 καὶ
2302 4477 2465 4547 μέρος
2493 4475 2734 4541 εἰκότως,
2771 4476 2953 4546 ἐπειδὴ
2985 4475 3077 4528 καὶ
3108 4477 3212 4528 πᾶν
3248 4476 3411 4545 μέρος
3441 4475 3534 4528 τοῦ
3555 4473 3747 4535 παντός

511 4579 617 4634 que
645 4573 837 4630 totum,
887 4583 1062 4636 neque
1109 4583 1265 4637 pars,
1314 4577 1373 4622 ut
1417 4571 1510 4638 qui
1557 4571 1688 4624 nihil
1718 4571 1938 4636 horum;
1987 4571 2081 4626 sed

2188 4571 2296 4619 ἐστι
2335 4566 2498 4636 μέρος
2521 4608 2534 4631 ,
2569 4567 2662 4618 καὶ
2693 4565 2814 4618 οὕτε
2846 4569 2972 4630 πᾶν,
3007 4566 3129 4618 οὔτε
3163 4567 3352 4637 μέρος,
3381 4567 3457 4630 ὡς
3476 4568 3652 4638 ’μηδὲν
3677 4566 3748 4618 ὣν

514 4669 678 4722 supra
725 4669 938 4708 omnem
994 4659 1324 4724 essentiam;
1383 4668 1566 4727 partes
1613 4668 1794 4714 autem
1843 4661 2083 4715 universi

2188 4658 2241 4724 ἐξ
2291 4657 2488 4720 αὐτῶν,
2525 4656 2658 4709 ἀλλά
2695 4657 2788 4709 καὶ
2837 4659 2976 4728 ὑπὲρ
3021 4659 3198 4710 πᾶσαν
3242 4657 3461 4711 οὐσίαν·
3515 4659 3656 4729 μέρη
3693 4657 3748 4710 δὲ

513 4746 700 4799 mundi
736 4755 860 4800 sunt
889 4763 1008 4816 quae
1034 4749 1329 4802 secundum
1376 4751 1534 4818 118
1553 4751 1785 4818 speciem
1810 4751 2080 4814 ridentur,

514 4851 626 4900 aer,
658 4845 819 4900 terra,
853 4840 1047 4908 plantae
1075 4849 1128 4893 et
1159 4843 1391 4909 reliqua,
1427 4851 1620 4910 estque
1642 4841 1805 4893 veluti
1843 4841 2080 4909 perfecta

511 4927 710 4996 aliqua,
763 4944 881 4997 quae
926 4929 1046 4998 ejus
1085 4930 1284 4984 dicitur
1312 4930 1570 4984 divinitas
1602 4939 1852 4998 respectu
1875 4933 2071 4998 nostri,

505 5023 600 5090 qui
654 5021 955 5091 imperfecti
997 5039 1206 5077 sumus.
1251 5020 1406 5075 Sicut
1447 5022 1590 5089 apud
1654 5021 1964 5076 Matthazum
1996 5027 2019 5063 ε
2056 5045 2067 5078 :

505 5112 732 5182 Perfecti
768 5123 950 5176 estote,
977 5115 1100 5183 quia
1121 5131 1212 5182 ego
1248 5113 1502 5180 perfectus
1529 5127 1666 5175 sum,
1699 5121 1944 5181 respectu
1976 5131 2074 5169 au-

2181 4747 2302 4800 ὅλου
2325 4747 2418 4798 τοῦ
2449 4747 2650 4816 κόσμου
2680 4749 2785 4800 είσὶ
2806 4747 2874 4800 τά
2899 4748 3018 4800 κατ’
3036 4745 3173 4809 εἶδος
3190 4747 3464 4818 ὁρώμενα,
3498 4750 3626 4819 ἀὴρ,
3655 4765 3680 4815 οι
3695 4749 3745 4815 ἧ,

2182 4837 2346 4906 φυτὰ,
2378 4838 2470 4889 καὶ
2496 4837 2564 4889 τά
2593 4838 2772 4891 λοιπά’
2822 4839 2914 4890 καὶ
2945 4839 3058 4891 ἐστι
3091 4839 3188 4908 μὲν
3220 4833 3308 4892 οἷά
3338 4857 3423 4902 τις
3455 4839 3633 4892 τελεία
3664 4838 3748 4889 λε-

2180 4931 2380 5002 γομένη
2412 4932 2444 5000 ἡ
2485 4930 2646 4983 αὑτοῦ
2679 4930 2885 5000 θεάτης,
2919 4930 2993 4992 ὡς
3023 4931 3158 5001 πρὸς
3183 4931 3329 4999 ἡμᾶς
3357 4932 3485 4993 τοὺς
3505 4929 3746 4991 ἀτελεῖς’

2177 5025 2253 5086 ὼς
2286 5023 2435 5093 παρά
2483 5023 2773 5093 Ματθαίῳ·
2828 5023 3042 5076 Τέλειοι
3084 5025 3340 5092 γίνεσθε,
3396 5023 3485 5076 ὅτι
3514 5022 3631 5092 ἐγὼ
3663 5021 3750 5075 τέ-

2178 5117 2340 5180 λειός
2369 5117 2484 5184 ειμι
2503 5133 2516 5145 ³
2553 5117 2687 5186 πρὸς
2705 5116 2761 5168 δὲ
2781 5116 3043 5183 ἀγγέλους
3058 5117 3183 5178 τοὺς
3197 5116 3434 5178 τελείους
3457 5117 3518 5168 οὐ
3546 5115 3751 5177 τέλειος

574 5249 599 5288 ἀ
630 5248 759 5320 Cap.
791 5267 842 5314 ν,
867 5266 918 5304 v.
947 5249 999 5303 8.
1080 5258 1103 5286 ο
1139 5248 1217 5301 Ex
1244 5247 1413 5301 variis
1460 5245 1832 5317 Epistolarum
1865 5249 1921 5304 S.
1956 5252 2084 5306 Paul

2188 5254 2296 5307 μείς,
2397 5251 2644 5311 ίΟοΙυεε.
2664 5267 2726 5311 ιι,
2754 5251 2840 5306 10.
2888 5251 3062 5321 δῦθι).
3101 5267 3155 5315 ν,
3185 5267 3241 5306 γ.
3268 5250 3361 5304 48.

1476 5401 1716 5456 unus
1757 5392 2141 5462 LECTIONES
2175 5408 2260 5461 ΕΤ
2292 5403 2842 5463 CORRELI'IONES.

567 5545 607 5616 ’ξ
627 5561 728 5616 Αγρ.
753 5544 945 5616 θεῖον.⁸
980 5545 1030 5616 ff
1049 5542 1101 5593 τί
1132 5542 1186 5592 δέ
1214 5545 1328 5616 ἐστι
1359 5542 1635 5616 παθεῖντά
1669 5542 1805 5606 θεῖα,
1840 5546 2095 5616 εἰσόμεθα
2130 5549 2193 5600 ὲκ
2224 5547 2316 5598 τοῦ
2335 5545 2638 5616 εἰρημένου
2659 5563 2671 5574 ο
2703 5546 2881 5612 ἔμαθε
2914 5543 3022 5611 γὰρ
3037 5542 3135 5609 ἀφ’
3167 5538 3252 5592 ὧν
3283 5539 3504 5616 ,ἔπαθεν
3523 5553 3536 5565 ·
3577 5537 3610 5588 ὁ
3641 5536 3751 5604 γὰρ

503 5608 688 5683 παθὼν
722 5613 883 5682 πείρα
925 5612 1229 5664 διδάσκεται
1260 5612 1320 5662 τὸ
1350 5610 1798 5683 προϐαλλόμενον.
1836 5608 1972 5679 Quid
2006 5633 2084 5668 ver

2188 5619 2221 5669 il
2254 5619 2365 5683 pati
2407 5608 2614 5677 diuina,
2651 5608 2884 5666 nouimus
2922 5608 3005 5666 vei:
3059 5608 3117 5664 eo
3158 5608 3299 5680 quod
3349 5610 3548 5683 dictum
3625 5616 3748 5658 est:

505 5681 764 5802 aébidicit
786 5678 868 5780 £1:
895 5682 958 5732 iis
991 5697 1106 5762 quq:
1138 5697 1324 5748 passus
1373 5678 1488 5734 est:
1527 5700 1544 5729 ι
1587 5678 1674 5750 qui
1719 5678 1864 5736 enim,
1911 5687 2128 5754 patitur,
2162 5678 2477 5755 experientia
2512 5686 2754 5737 educetur
2789 5683 2926 5751 quod
2961 5678 3292 5754 prapouitur.
3366 5678 3409 5707 ¹³
3444 5693 3531 5745 γρ.
3560 5691 3747 5746 τυπηυ

567 5767 708 5811 ντος.
868 5766 957 5817 γρ.
989 5767 1208 5817 ταύτην.

661 5782 708 5811 ιο.
878 5782 957 5817 ιγ.
1001 5782 1208 5818 σμυυιμ.
