3874 6548
103 425 183 481 29,9
807 420 862 475 S.
897 419 1143 476 MAXIM]
1185 419 1472 476 SCHOLIA
1509 419 1576 475 IN
1630 419 1754 474 LIB.
1803 420 1887 475 DE
1926 422 2176 477 DIVINIS
2223 422 2619 481 MOMINIBUS.

3256 433 3363 489 250

103 544 195 600 ἀλλ’
240 541 596 614 ὑπερτέλειός
629 543 768 594 ἐστι’
819 541 914 593 καὶ
956 539 1290 611 τελετάρχης
1334 540 1362 592 ὁ
1409 539 1556 601 Υἱὸς,
1592 539 1653 600 ὡς

1771 541 2243 610 tem-angelorum
2289 540 2678 610 perfectorum,
2730 559 2840 598 non
2900 547 3198 616 perfectus,
3264 551 3363 605 sed

104 639 256 708 ἄρχων
303 635 489 706 πάσης
532 633 902 704 τελειότητος,
957 631 1142 702 ἐπειδὴ
1186 631 1279 684 καὶ
1322 630 1662 701 προτέλειοςο

104 728 218 780 οὕτω
259 728 349 780 καὶ
401 722 546 788 εἶδος
579 725 791 794 λέγεται
840 726 896 776 ἐν
938 726 1050 787 τοῖς
1080 722 1360 788 ἀνειδέοις,
1399 723 1493 775 καὶ
1523 724 1666 775 ἀσω-

107 819 285 889 μάτοις,
326 817 404 881 ὡς
437 817 659 888 ἁπάσης
697 817 793 888 τῆς
834 815 1125 878 εἰδοποιίας
1165 814 1524 886 δημιουργὸς,
1574 814 1668 868 καὶ

105 912 220 982 ἁρχὴ
254 911 453 974 παντὸς
483 911 686 973 εἴδους·
723 908 860 981 πρὸς
884 909 940 962 δὲ
970 907 1143 961 ταῦτα
1180 907 1249 960 τὰ
1278 907 1394 978 εἴδη
1428 907 1667 971 ἀνείδεος

105 1005 179 1056 καὶ
207 1003 339 1074 ὑπὲρ
380 999 547 1067 εἶδος,
598 1002 784 1073 ἐπειδὴ
817 1000 1048 1073 δεύτερα
1083 1001 1248 1054 αὐτοῦ
1300 1001 1393 1054 καὶ
1431 999 1499 1052 τὰ
1546 1000 1664 1070 εἴδη

106 1095 179 1146 καὶ
206 1095 256 1148 αἱ
291 1093 448 1147 ἰδέαι.

168 1359 563 1429 Ἀφορίζουσα.
612 1361 756 1413 Ἀντὶ
791 1360 886 1412 τοῦ
913 1359 1284 1431 διακρίνουσα,
1319 1358 1414 1410 καὶ
1443 1356 1578 1429 πρὸς
1599 1355 1660 1411 τὺ

103 1447 372 1518 ἀτόγχυτον
412 1449 502 1501 δια
510 1447 774 1513 σώζουσα.

160 1539 252 1592 Καὶ
275 1538 499 1608 μέτρον
529 1537 682 1593 ἐστι.
709 1539 925 1610 Μέτρον
961 1539 1078 1592 ἐστὶ
1115 1539 1224 1592 τῶν
1256 1539 1443 1605 ὄντων,
1474 1539 1658 1610 ἐπειδὴ

103 1633 150 1683 ἐν
174 1629 305 1700 αὑτῷ
323 1629 390 1682 τὰ
423 1629 605 1683 πάντα
637 1629 996 1702 πεπέρασται,
1022 1630 1116 1684 καὶ
1149 1629 1282 1684 αἰὼν
1313 1630 1546 1702 μάλιστα
1577 1631 1658 1684 δι-

103 1725 242 1787 καίως
269 1724 332 1777 ἂν
362 1723 608 1792 λέγοιτο·
653 1727 704 1777 εἰ
746 1723 858 1796 γὰρ
899 1724 1045 1778 αἰὼν
1077 1723 1328 1792 λέγεται,
1363 1725 1524 1803 οἱονεὶ
1567 1721 1658 1778 ἀεὶ

101 1815 184 1880 ὢν,
211 1816 359 1878 αὐτός
387 1817 539 1869 ἐστιν
565 1819 594 1869 ὁ
625 1817 712 1870 ἀεὶ
732 1815 808 1870 ῶν
827 1833 840 1846 ’
872 1816 1083 1887 εἴρηται
1118 1815 1246 1886 γὰρ,
1280 1814 1364 1868 Σὺ
1397 1814 1464 1867 δὲ
1492 1817 1524 1867 ὁ
1551 1817 1656 1867 αὑ-

1773 642 1937 697 supra
1958 629 2368 698 perfectionem,
2399 639 2453 685 et
2483 631 2654 688 Filius
2689 643 2772 690 est
2801 635 3154 710 τελετάρχης,
3186 655 3360 696 caere-

1771 719 2081 774 moniarum
2105 723 2376 787 conditor,
2413 726 2580 779 veluti
2611 727 2787 782 omnis
2818 729 3173 797 perfectionis
3204 734 3359 801 prin-

1774 811 1982 882 cipium
2009 830 2022 880 ;
2049 816 2308 884 quoniam
2340 824 2394 870 et
2426 818 2754 888 προτέλειος,
2782 821 3176 889 perfectionem
3202 835 3359 881 ante-

1769 904 1948 970 cedit;
1971 905 2045 958 ita
2077 907 2240 960 etiam
2267 907 2472 962 dicitur
2497 911 2708 979 species
2730 913 2782 965 in
2816 913 2884 967 iis
2913 931 3033 984 quae
3062 917 3245 984 specie
3263 933 3357 971 ca-

1767 1001 1909 1056 rent,
1932 1003 1986 1050 et
2015 996 2375 1067 incorporeis,
2397 1001 2562 1055 veluti
2594 1004 2863 1058 universae
2885 999 3093 1074 speciei
3117 1007 3356 1066 fictionis

1767 1095 2004 1153 creator,
2035 1097 2088 1142 et
2120 1090 2450 1161 principium
2483 1097 2663 1150 omnis
2696 1098 2899 1166 speciei
2928 1115 2943 1164 ;
2974 1112 3222 1169 respectu
3255 1120 3356 1158 au-

1767 1184 1874 1231 tem
1907 1181 2214 1249 specierum
2248 1183 2472 1249 harum,
2511 1189 2694 1256 specie
2724 1197 2896 1254 caret,
2931 1206 2994 1244 ac
3029 1209 3194 1263 supra
3229 1212 3357 1266 spe-

1761 1267 1902 1323 ciem
1933 1278 2017 1324 est
2045 1273 2337 1341 :quoniam
2374 1277 2583 1344 species
2613 1287 2666 1334 et
2697 1279 2831 1334 idea:
2853 1289 2980 1336 sunt
3003 1283 3121 1353 ipso
3138 1286 3351 1344 viliora.

1835 1359 2125 1431 Dte/iniens.
2152 1363 2278 1431 Pro,
2306 1368 2648 1438 discernens,
2683 1382 2848 1442 atque
2878 1375 2996 1430 sine
3032 1378 3356 1435 confusione

1762 1461 2121 1508 conserv‘ans.

1833 1540 1904 1595 Et
1936 1560 2183 1598 mensura
2217 1552 2316 1604 eSt.
2353 1548 2610 1606 Mensura
2644 1562 2727 1608 est
2758 1571 2940 1611 rerum
2963 1601 2976 1625 ,
3009 1561 3268 1630 quoniam
3298 1562 3354 1618 in

1760 1632 1880 1702 ipso
1922 1635 2180 1691 universa
2215 1640 2613 1710 terminantur,
2647 1654 2699 1699 et
2737 1651 3007 1704 wternitas
3048 1653 3356 1720 justissime

1759 1724 1869 1778 dici
1889 1735 2095 1795 potest;
2123 1728 2168 1783 si
2197 1730 2340 1784 enim
2359 1732 2493 1786 αἰών
2515 1736 2718 1790 dicitur
2740 1741 3023 1794 veluti'dei
3039 1742 3132 1801 ὢν,
3154 1761 3358 1814 semper

1757 1815 2036 1883 exsislens,
2071 1819 2185 1887 ipse
2211 1833 2295 1876 est
2325 1825 2421 1892 qui
2451 1840 2665 1894 semper
2696 1836 2780 1884 est
2808 1829 3046 1885 :dicitur
3068 1834 3247 1889 enim:
3275 1836 3354 1890 Tu

101 1907 182 1971 τὸς
207 1902 272 1972 εἷ,
296 1908 393 1960 καὶ
423 1907 500 1961 τὰ
524 1909 629 1976 ἐτη
659 1908 775 1962 σοῦ
800 1910 911 1962 οὐκ
938 1908 1322 1976 ἐκλείψουσιο
1346 1908 1440 1959 καὶ
1472 1905 1653 1959 τιὸιλιν⁴

1768 1915 1942 1960 autem
1964 1908 2099 1963 idem
2119 1916 2401 1977 es,etanni
2429 1918 2507 1968 tui
2535 1935 2638 1970 non
2667 1920 2910 1989 deficient
2929 1923 2955 1962 h
2976 1943 2990 1992 ;
3012 1940 3345 1997 rursusque:

111 1995 163 2052 '0
187 1999 433 2068 ἀριθμῶν
474 1999 678 2068 πλήθη
719 1999 976 2069 ἄστρων,
1021 2000 1115 2054 καί
1143 1999 1250 2054 τὸν
1279 1997 1539 2067 οὐρανὸν
1559 2014 1662 2067 με·

101 2089 228 2156 τρῶν
269 2092 544 2162 σπιθαμῇ
593 2094 690 2146 καὶ
737 2093 853 2161 τὴν
896 2093 1014 2164 γῆν
1061 2094 1254 2162 δρακί.
1302 2093 1540 2162 Ποιητὴς
1597 2091 1654 2143 δὲ

103 2183 280 2238 αἰώνων
300 2227 314 2250 ,
365 2187 463 2241 ἅτε
514 2186 622 2240 τῶν
672 2187 917 2256 ἀγγέλων
966 2187 1192 2258 ποιητὴς
1247 2184 1322 2238 ὢν
1378 2184 1660 2258 [ἀθάνατοι

102 2275 190 2344 γὰρ
234 2270 395 2340 οὗτοι,
451 2278 546 2330 καὶ
693 2277 982 2344 ἀθανασία,
1037 2277 1361 2348 παράτασις,
1412 2277 1657 2343 ἀειςωτα,

102 2369 226 2428 αἰὼν,
258 2367 366 2421 ἀλλ’
414 2369 476 2421 οὐ
515 2370 724 2440 χρόνος,
759 2370 1175 2440 ἀτελεύτητοςη
1210 2371 1301 2423 καὶ
1335 2371 1422 2422 ἀεὶ
1466 2370 1660 2439 ἐσόμε-

100 2478 189 2526 νος,
219 2461 462 2530 λέγεται·
501 2464 561 2515 οὐ
597 2462 737 2516 κατὰ
768 2463 925 2516 τοῦτο
957 2460 1048 2517 οὖν
1081 2463 1296 2533 λέγεται
1331 2463 1482 2528 αἰὼν,
1520 2463 1659 2517 κατὰ

99 2553 172 2605 τὸν
210 2555 386 2623 χρόνον
419 2555 514 2607 τὸν
548 2554 701 2619 τέλος
732 2555 954 2627 ἔχοντα,
976 2557 1112 2610 ἀλλὰ
1144 2557 1283 2612 κατὰ
1326 2559 1386 2611 τὸ
1417 2557 1508 2612 ἀεὶ
1549 2555 1654 2621 ὢν,

98 2647 162 2708 εἰς
195 2645 385 2710 αἰῶνας
427 2647 586 2711 τέλος
625 2647 730 2701 οὐκ
781 2647 1021 2719 ἔχοντας.

153 2824 374 2893 Πλ-ήρης
404 2826 478 2880 ἐν
509 2827 635 2894 τοῖς
665 2827 1142 2900 ἐνδεέσιν.”οπερ
1176 2825 1327 2882 εἶπεν
1362 2829 1493 2894 ἅνω,
1528 2831 1658 2884 ἀτε-

99 2916 192 2983 λὴς
214 2917 276 2970 δὲ
303 2918 373 2971 ἐν
403 2918 532 2985 τοῖς
565 2920 836 2986 τελείοις,
853 2914 958 2973 ὧδέ
988 2937 1151 2991 φησιν
1184 2921 1574 2990 ὺπερετλήρης
1588 2922 1657 2976 ἐν

99 3009 198 3074 τοῖς
225 3009 504 3079 πλήρεσι·
571 3010 664 3062 καὶ
702 3013 766 3067 τὸ
816 3012 1040 3079 ἀτελὴς
1071 3011 1166 3066 οὖν
1212 3013 1384 3079 οὕτως
1421 3013 1657 3083 ὀφείλεις

99 3105 230 3165 νοεῖν,
265 3101 592 3174 ὑπερτέλειοι
625 3107 684 3158 ἐν
715 3105 828 3168 τοίς
859 3103 1105 3168 τελείοις.

68 3253 82 3266 τ
154 3194 248 3247 Καὶ
278 3194 386 3261 ἕως
417 3196 683 3264 φύσεως.
731 3197 896 3268 Ὁρᾷς
941 3197 1060 3260 πῶς
1105 3215 1289 3268 φησιν,
1339 3199 1525 3272 ἐπειδὴ
1561 3203 1655 3256 καὶ
1684 3241 1726 3298 C

98 3285 187 3351 ἕως
229 3290 467 3356 φύσεως
513 3288 770 3360 ἐλήλυθε·
819 3290 1034 3358 φύσεως
1082 3291 1178 3362 μὲν
1235 3292 1334 3363 τῆς
1384 3294 1682 3366 ἡμετέρας,

98 3377 275 3449 νόησον⁹
323 3381 418 3434 καὶ
464 3382 550 3434 ὅτι
593 3380 660 3434 τὸ
708 3381 922 3451 φύσεως
967 3383 1029 3435 οὐ
1065 3383 1245 3447 καλῶς
1288 3384 1518 3456 λέγομεν
1566 3389 1658 3441 ἐπὶ

95 3469 222 3524 Θεοῦ·
259 3473 362 3526 ἰδοὺ
396 3472 511 3544 γὰρ
548 3473 664 3536 πῶς
709 3491 894 3545 φησιν,
930 3474 1040 3541 ἕως
1072 3477 1313 3544 φύσεως
1358 3477 1654 3546 κατῆλθε,

95 3563 352 3633 τουτέστιν,
388 3566 498 3629 ἓως
541 3565 750 3618 ἐκείνου
800 3566 1000 3635 ἔφθασε
1045 3566 1138 3620 τοῦ
1171 3568 1492 3640 ἀτιμοτέρου
1515 3611 1528 3632 ,
1565 3571 1656 3623 καὶ

95 3648 236 3725 οὗπερ
266 3657 426 3721 αὐτὸς
457 3657 562 3710 οὐκ
595 3657 890 3730 ἐκέκτητο(
911 3659 1226 3730 Σημειωσαι
1257 3659 1358 3724 τὰς
1389 3662 1656 3732 ἐμφάσεις

95 3744 182 3798 τῶν
210 3746 418 3814 λέξεων.

163 3839 597 3906 Άναλλοιώτως.
654 3841 965 3912 Σημείωσαι
1015 3843 1097 3896 ὅτι
1147 3843 1516 3909 ἀναλλοιώτως
1560 3849 1654 3901 καὶ

94 3926 376 3998 ἀσυγχύτως
409 3928 776 4001 ἐκοινώνησεν
807 3933 940 4002 ἡμῖν
974 3933 1066 3985 καὶ
1100 3933 1344 3998 ἀπαθῶς·
1372 3937 1465 3989 καὶ
1480 3937 1561 3988 ὅτι
1595 3939 1652 3989 ἐν

92 4019 184 4078 τοῖς
211 4021 452 4086 φυσικοῖς
497 4019 657 4090 ἡμῶν
698 4019 911 4090 ἔμεινεν
962 4021 1265 4097 ὑπερφυὴς,
1302 4024 1394 4076 καὶ
1435 4026 1495 4078 ἐν
1539 4028 1653 4089 τοῖς

92 4111 189 4160 κατ’
211 4110 386 4164 οὐσίαν
421 4110 771 4182 ὑπερούσιος,
797 4113 891 4165 καὶ
913 4110 1025 4182 εἶχε
1047 4113 1115 4167 τὰ
1139 4115 1294 4186 ἡμῶν
1319 4117 1457 4188 ὑπὲρ
1478 4119 1510 4187 ἡ
1520 4119 1648 4187 μᾶς,

90 4195 181 4254 οἷον
207 4204 263 4256 τὸ
293 4206 356 4257 ἐκ
384 4204 684 4275 παρθένου,
710 4205 772 4257 τὺ
802 4206 1185 4278 ἀναμάρτητον
1209 4247 1223 4271 ,
1257 4207 1319 4260 τὸ
1350 4210 1408 4261 ἐν
1433 4207 1651 4282 ἐξουσίᾳ

90 4293 202 4346 Θεοῦ
245 4296 420 4350 λαλεῖν
462 4297 507 4327 ¹⁸
539 4296 634 4349 καὶ
675 4296 852 4349 πάντα
893 4299 1188 4368 πράττειν,
1221 4300 1284 4352 τὸ
1325 4305 1649 4372 περιπατεῖν

91 4385 243 4441 ἐπάνω
272 4387 363 4442 τοῦ
398 4388 626 4450 ὓδατος,
662 4389 754 4440 καὶ
799 4389 897 4442 ὅσα
929 4389 1172 4444 τοιαῦτα.
1211 4390 1523 4461 Σημείωσαι
1555 4389 1647 4447 οὖν

89 4477 153 4528 ὅτι
179 4480 339 4545 οὐδεὶς
384 4481 533 4534 οὕτω
582 4478 823 4549 θεολογεῖ
865 4482 990 4552 περὶ
1038 4482 1136 4553 τῆς
1166 4484 1475 4554 οἰκονομίας
1507 4486 1645 4539 κατὰ

88 4568 430 4641 Νεστοριανῶν
464 4573 562 4625 καὶ
608 4572 918 4646 Ἀκεφὰλων
950 4574 1042 4625 και)⁸
1071 4575 1504 4630 Φαντασιαστῶν.

143 4748 276 4819 §XL
315 4753 391 4806 Τὰ
422 4751 600 4805 κοινὰ
633 4752 750 4804 καί.
801 4752 971 4805 Κοινὰ
1019 4753 1113 4806 καὶ
1146 4755 1401 4825 ἡνωμένα
1447 4757 1515 4809 τὰ
1545 4758 1646 4828 τῆς

85 4836 222 4904 ἁγίας
261 4843 489 4913 Τριὰδος
537 4841 799 4912 ὀνόματα,
835 4843 935 4897 ὅσα
977 4847 1041 4897 ἐκ
1085 4844 1194 4897 τῶν
1227 4847 1396 4917 αὐτῆς
1428 4847 1644 4919 δωρεῶν

83 4929 172 4984 τῶν
199 4936 273 4997 εἰς
291 4935 354 4988 τὰ
393 4937 512 5005 μετ’
561 4934 730 5006 αὐτὴν
762 4934 1101 5007 ὀνομάζεται·
1139 4939 1205 5001 ἃς
1235 4956 1388 5004 τινας
1437 4941 1644 5011 δωρεὰς

84 5018 376 5094 διακρίσεις
410 5028 566 5099 φησὶ,
602 5028 694 5080 καὶ
726 5029 886 5082 οἱονεὶ
911 5032 1326 5099 πληθυσμούς.

137 5117 456 5185 Πληθύεται
483 5118 554 5172 δὲ
581 5118 811 5185 ἑνικῶς.
841 5120 1010 5174 Τοῦτο
1027 5121 1167 5177 κατὰ
1197 5125 1636 5192 Φαντασιαστῶν,

82 5205 622 5275 πολλαπλασιάζεσθαι
669 5211 884 5279 λέγεται
930 5213 992 5266 τὸ
1023 5214 1082 5267 ἓν
1105 5216 1166 5246 ¹⁷·
1217 5217 1404 5288 ἐπειδὴ
1438 5217 1547 5289 γὰρ
1581 5219 1639 5286 ἐξ

81 5298 218 5354 αὑτοῦ
250 5303 485 5368 ἃπαντα,
522 5305 616 5357 καὶ
648 5304 715 5357 δι’
733 5305 915 5371 αὑτοῦ,
940 5309 1035 5360 καὶ
1067 5310 1146 5371 εἰς
1177 5311 1338 5364 αὑτὸν
1371 5311 1634 5376 ἔκτισται,

80 5391 155 5443 καὶ
184 5395 334 5460 αὑτός
381 5400 500 5450 ἐστι
537 5396 746 5468 κεφαλὴ
787 5397 1007 5452 πάντων
1037 5400 1145 5453 τῶν
1177 5401 1346 5456 ὄντων
1371 5443 1384 5467 ,
1423 5406 1516 5457 καὶ
1547 5406 1638 5458 αὑ-

134 5570 155 5609 h
184 5571 324 5630 Psal.
355 5591 405 5629 cn
430 5617 446 5642 ,
501 5575 594 5629 28.
681 5589 696 5614 ι
740 5574 885 5631 Psal.
910 5580 1140 5635 cxtv14.
1220 5582 1246 5620 κ
1278 5583 1384 5638 Isa.
1421 5597 1508 5651 IL,
1542 5587 1624 5646 12.

1766 1998 1870 2065 Qui
1897 2013 2137 2056 numerat
2162 2007 2552 2062 multitudinem
2574 2013 2848 2068 stellarum
2876 2018 2918 2081 ί,
2949 2028 3001 2072 et
3029 2021 3213 2073 caelum
3245 2038 3353 2076 mc-

1765 2091 1897 2144 tiens
1927 2091 2105 2159 palmo
2166 2106 2214 2148 et
2291 2107 2486 2151 terram
2544 2104 2741 2172 pugillo
2769 2106 2816 2159 ιε.
2875 2108 3141 2164 Conditor
3170 2120 3352 2168 autem

1762 2182 2112 2248 aeternitatis,
2139 2199 2262 2238 cum
2303 2189 2372 2243 sit
2399 2195 2716 2261 angelorum
2743 2206 2959 2252 creator
2990 2199 3353 2272 [immortales

1761 2272 1908 2325 enim
1933 2281 2059 2326 sunt
2082 2275 2206 2345 ipsi,
2239 2279 2316 2350 et]
2346 2280 2752 2350 immortalitas,
2779 2295 3050 2356 extensio,
3079 2295 3189 2347 vita
3219 2312 3353 2350 con-

1762 2362 1937 2426 tinua,
1970 2366 2268 2433 aeternitas,
2295 2385 2403 2424 non
2435 2388 2566 2427 vero
2588 2383 2824 2446 tempus,
2856 2380 3264 2438 interminatum
3295 2395 3352 2441 et

1763 2467 1976 2522 semper
2000 2453 2242 2510 futurum
2266 2459 2466 2516 dicitur
2485 2479 2498 2514 :
2521 2480 2629 2519 non
2648 2467 2812 2536 igitur
2831 2475 3130 2528 secundum
3149 2477 3253 2532 hoc
3267 2478 3354 2533 di-

1761 2542 1905 2596 citur
1929 2545 2228 2614 aeternitas,
2260 2553 2560 2607 secundum
2591 2565 2803 2626 tempus
2824 2563 2969 2630 quod
2991 2562 3149 2619 finem
3167 2569 3349 2636 habet,

1769 2635 1864 2688 sed
1893 2644 2158 2705 quatenus
2180 2657 2380 2710 semper
2410 2654 2516 2711 est,
2548 2649 2604 2701 in
2635 2653 2854 2718 szecula,
2887 2671 3010 2725 quae
3039 2657 3199 2714 linem
3236 2678 3350 2718 non

1758 2725 1984 2784 habent.

1827 2817 1999 2875 Plena
2028 2831 2107 2876 est
2138 2823 2192 2876 in
2223 2827 2289 2879 iis
2320 2844 2438 2897 qua:
2472 2842 2642 2901 egent.
2667 2833 2822 2900 Quod
2867 2855 3034 2910 supra
3061 2843 3220 2912 dixit,
3251 2847 3352 2900 im-

1757 2914 1988 2982 perfecta
2024 2932 2142 2969 vero
2173 2921 2227 2970 in
2253 2921 2500 2988 perfectis
2520 2963 2534 2985 ,
2566 2924 2654 2979 hic
2686 2928 2820 2980 dicit
2853 2932 3022 2999 effusa
3051 2935 3106 2986 in
3141 2937 3208 2989 iis
3232 2955 3350 3007 qua:

1757 3006 1914 3073 plena
1942 3021 2065 3060 sunt
2097 3026 2114 3060 :
2147 3025 2278 3080 ergo
2301 3013 2462 3068 etiam
2490 3016 2794 3086 imperfecta
2831 3021 2902 3074 ita
2929 3023 3231 3098 intelligere
3246 3006 3347 3085 rde-

1760 3097 1880 3162 bes,
1919 3100 2224 3155 eminenter
2254 3103 2496 3171 perfecta
2527 3108 2585 3183 in
2618 3110 2901 3178 perfectis.

1833 3189 1902 3242 Et
1933 3207 2094 3262 usque
2109 3192 2177 3246 ad
2201 3204 2474 3251 naturam.
2498 3193 2663 3256 Vides
2687 3206 2966 3273 quomodo
2995 3208 3149 3274 dicit,
3171 3227 3349 3281 quan-

1761 3282 1832 3337 do
1861 3285 2024 3339 etiam
2078 3287 2146 3339 ad
2177 3299 2428 3344 naturam
2462 3293 2611 3348 venit
2652 3314 2666 3350 :
2709 3307 2962 3354 naturam
2995 3303 3214 3372 quidem
3248 3322 3348 3360 no-

1759 3383 1930 3430 stram
1964 3377 2237 3451 intellige,
2287 3399 2466 3454 neque
2514 3402 2615 3442 nos
2659 3399 2808 3446 recte
2852 3401 3108 3449 naturam
3138 3396 3205 3452 de
3237 3397 3348 3453 Deo

1757 3471 1945 3527 dicere
1975 3491 1989 3527 :
2022 3489 2152 3529 ecce
2177 3476 2324 3529 enim
2343 3479 2622 3546 quomodo
2641 3481 2738 3544 ait,
2764 3481 2833 3533 ad
2853 3493 3103 3538 naturam
3125 3488 3344 3542 descen-

1756 3563 1856 3631 dit,
1890 3565 1946 3619 id
1978 3573 2063 3622 est
2093 3583 2160 3622 eo
2193 3585 2369 3640 usque
2396 3571 2650 3634 vilitatis,
2685 3580 2846 3643 atque
2876 3577 2997 3645 ejus
3044 3580 3189 3648 quod
3230 3582 3347 3652 ipse

1756 3671 1867 3710 non
1895 3656 2152 3724 habebat,
2177 3661 2445 3728 pervenit.
2476 3661 2613 3716 Nota
2632 3663 2741 3718 vim
2766 3666 3116 3737 significandi
3147 3669 3345 3728 dictio-

1754 3761 1908 3802 num.

1824 3839 1952 3896 Sine
1979 3846 2290 3900 mutatione.
2324 3845 2462 3901 Nota
2493 3849 2614 3904 sine
2642 3853 2946 3908 mutatione
2975 3863 3028 3910 et
3059 3859 3177 3913 sine
3207 3874 3342 3914 cou-

1754 3931 1991 4000 fusione,
2027 3945 2080 3992 et
2118 3938 2238 3993 sine
2267 3940 2548 4009 passione,
2577 3945 2750 3999 nostri
2774 3944 2977 4000 factum
3008 3963 3137 4004 esse
3166 3955 3344 4020 parti-

1753 4025 1951 4095 cipem,
1999 4037 2162 4098 atque
2197 4030 2253 4083 in
2283 4033 2490 4087 nostris
2531 4037 2876 4091 naturalibus
2925 4047 3120 4093 natura
3175 4057 3337 4112 supe-

1751 4117 1866 4171 rior
1891 4119 2154 4188 perstitit,
2190 4129 2354 4191 atque
2389 4123 2444 4178 in
2472 4127 2862 4184 essentialibus
2907 4133 3147 4186 essentia
3175 4150 3340 4204 supe-

1752 4210 1886 4274 rior,
1919 4219 2218 4283 nostraque
2242 4230 2407 4284 supra
2429 4232 2529 4272 nos
2561 4218 2773 4283 habuit,
2805 4223 2996 4290 veluti,
3030 4240 3098 4279 ex
3128 4227 3339 4298 virgine

1750 4303 1926 4365 nasci.
1957 4303 2492 4376 impeccabilitatem,
2524 4312 2579 4364 in
2611 4321 2885 4383 potestate
2917 4315 3011 4371 Dei
3052 4319 3220 4390 loqui,
3256 4333 3340 4377 at-

1749 4410 1856 4465 que
1887 4395 2068 4451 facere
2103 4397 2263 4468 119
2311 4401 2563 4457 universa
2585 4445 2600 4470 ,
2634 4405 2916 4461 ambulare
2962 4424 3126 4479 super
3165 4428 3336 4482 aquas

1747 4495 1802 4540 ct
1841 4487 1946 4541 alia
1978 4488 2196 4545 similia.
2241 4491 2379 4546 Nota
2428 4495 2597 4564 igitur
2622 4497 2830 4552 nullum
2865 4500 2937 4554 ita
2969 4502 3036 4557 de
3081 4504 3336 4559 incarna-

1682 4597 1726 4651 Ι)
1751 4577 1900 4632 tione
1920 4579 2102 4635 divine
2129 4582 2297 4652 loqui,
2323 4593 2516 4639 contra
2546 4586 2906 4647 Nestorianos
2929 4603 2982 4648 et
3011 4594 3325 4667 Acephalos

1748 4681 1803 4724 et
1831 4668 2271 4729 Phantasiastas.

1821 4759 1943 4831 §XI.
1961 4760 2277 4820 Communia
2299 4777 2368 4823 et.
2384 4767 2710 4827 Communia
2729 4781 2782 4830 et
2809 4777 2959 4832 unita
2976 4789 3180 4835 sancta:
3209 4781 3333 4838 Tri-

1747 4851 1936 4908 nitatis
1984 4870 2106 4911 esse
2149 4860 2407 4924 nomina,
2459 4863 2662 4932 quibus
2695 4881 2761 4921 ex
2810 4870 2929 4938 ejus
2968 4871 3130 4928 donis
3166 4876 3331 4932 rebus

1747 4953 1871 5014 post
1924 4949 2097 5017 ipsam
2141 4953 2358 5008 collatis
2408 4958 2748 5025 appellatur;
2793 4976 2915 5030 qua:
2956 4963 3099 5018 dona
3137 4966 3329 5019 distin-

1746 5041 1945 5095 ctiones
1972 5052 2150 5108 vocat,
2183 5053 2238 5100 et
2263 5049 2424 5102 veluti
2450 5050 2937 5119 multiplicationes.

1805 5131 2199 5204 Multiplicatur
2221 5150 2398 5193 autem
2437 5143 2605 5197 unice.
2635 5143 2750 5198 Hoc
2781 5160 2972 5202 contra
3004 5148 3326 5205 Phantasia-

1744 5231 1880 5289 stas,
1913 5228 2265 5298 multiplicari
2297 5232 2497 5286 dicitur
2527 5237 2672 5306 quod
2700 5254 2869 5293 unum
2897 5248 2980 5295 est
3014 5256 3029 5292 :
3074 5244 3325 5314 quando-

1741 5318 1963 5387 quidem
2031 5321 2174 5375 enim
2253 5339 2318 5378 ex
2391 5326 2511 5395 ipso
2571 5331 2792 5394 omnia,
2857 5340 2909 5387 et
2978 5349 3077 5402 per
3142 5337 3323 5404 ipsum

1740 5418 1794 5464 et
1843 5411 1899 5465 in
1953 5412 2072 5482 ipso
2107 5426 2290 5471 creata
2341 5418 2472 5489 sint,
2532 5421 2759 5494 ipseque
2805 5425 2876 5479 sit
2924 5435 3087 5494 caput
3136 5442 3322 5485 rerum

1033 5755 1266 5814 VARle
1301 5760 1684 5817 LECTIONES
1716 5762 1804 5816 ET
1838 5763 2394 5821 CORHECTIONES.

157 5888 194 5919 ιι
226 5907 311 5964 γρ,
341 5892 431 5946 ὁδὲ
480 5890 617 5948 αἰὼν
649 5893 840 5964 χρόνος
895 5895 1268 5968 ἁτελεύτητος.

1363 5905 1403 5934 ¹⁶
1425 5919 1515 5974 γρ.
1559 5904 1634 5966 ὡς
1656 5901 1796 5975 Θεὸς
1826 5902 2025 5960 λαλεῖν.

2129 5906 2169 5935 ¹⁷
2210 5921 2298 5976 γρ.
2341 5905 2420 5960 ὅν.
