3872 6538
543 360 646 418 231

1327 359 1677 416 APPENDIX
1716 361 1808 414 AD
1840 349 2072 416 OPERA
2113 360 2170 417 S.
2216 359 2515 419 DIONYSII
2557 363 3020 423 AREOPAGITE

3716 375 3804 432 232

508 497 524 550 ς,
543 477 790 532 omnium
818 515 834 542 ,
901 475 1295 546 universasque
1359 476 1700 534 substantias
1752 478 2076 554 produxerit
2115 496 2130 534 :

2240 479 2326 542 τὸς
2357 481 2456 542 τάς
2488 481 2614 545 ὅλας
2643 482 2831 548 οὐσίας
2863 485 3220 556 παρήγαγεν,
3258 486 3482 552 εἰκότως
3516 487 3802 544 πολλαπλα-

546 569 744 624 merito
768 568 1121 640 multiplicari
1162 568 1370 624 dicitur
1397 584 1496 640 per
1541 584 1606 624 ea
1652 585 1774 640 qua:
1816 585 1913 640 per
1948 570 2127 640 ipsum

546 661 882 717 exsistunt:
944 660 1387 732 quandoquidem
1454 661 1671 716 cunctis
1734 659 1882 716 Patri
1946 662 2132 732 subje-

545 753 650 807 ctis
673 752 788 822 ipse
822 751 1040 806 dicatur
1076 752 1132 806 in
1179 753 1248 808 iis
1287 767 1409 824 quae
1438 767 1536 822 per
1567 751 1749 823 ipsum
1792 751 1935 808 facta
1977 762 2128 820 sunt,

545 842 696 898 Patri
735 843 967 913 subjici,
1003 844 1149 900 sicut
1169 843 1304 899 dicit
1340 842 1640 914 Apostolus
1677 861 1690 895 :
1743 844 1890 899 Tunc
1934 855 1984 900 et
2024 847 2132 916 ipse

545 934 721 990 Filius
771 935 1164 1006 subjicieturl;
1205 948 1369 1008 atque
1399 952 1523 991 cum
1566 937 1692 992 talis
1726 944 1895 1002 esset,
1931 940 2134 996 mansit

547 1043 689 1083 unus
724 1029 781 1082 in
815 1029 1271 1098 multiplicatione
1313 1029 1694 1100 productionis
1724 1030 2132 1098 universorum,

543 1129 596 1175 et
620 1121 765 1176 idem
798 1122 852 1176 in
887 1122 1114 1177 minime
1136 1121 1424 1179 deﬁciente
1450 1138 1678 1178 suorum
1707 1124 1978 1179 donorum
2003 1139 2124 1195 pro-

545 1213 783 1278 fusione,
823 1231 948 1270 cum
982 1216 1037 1270 in
1083 1217 1341 1272 universo
1384 1231 1512 1288 pars
1541 1225 1724 1282 esset,
1756 1225 1812 1274 et
1841 1219 1977 1272 nihil
2008 1219 2134 1272 uni-

544 1307 690 1362 versi
715 1316 895 1372 esset;
929 1318 1152 1378 superat
1180 1309 1326 1363 enim
1356 1308 1674 1373 essentiam.
1697 1317 1751 1364 et
1774 1325 1952 1380 neque
1979 1309 2132 1364 illum

547 1400 772 1470 assequi
805 1402 1090 1467 valemus;
1124 1401 1274 1456 istud
1305 1412 1488 1457 autem
1531 1401 1764 1458 inferius
1803 1404 2134 1474 interpreta-

547 1500 658 1548 tur.
1954 1493 1970 1519 ‘

621 1584 691 1639 Et
719 1586 1039 1657 singularia.
1084 1585 1315 1644 Unicam
1354 1588 1488 1643 dicit
1523 1586 1909 1644 universorum
1930 1587 2136 1658 produ—

545 1680 785 1734 ctionem
806 1721 820 1744 ,
860 1681 1152 1737 declarans
1185 1681 1347 1738 simul
1378 1697 1443 1736 ac
1475 1681 1620 1737 Deus
1651 1681 1846 1746 voluit,
1876 1697 1988 1736 non
2011 1691 2136 1738 ante

551 1775 816 1845 paulatim
851 1783 906 1830 et
935 1774 1136 1844 partim
1172 1781 1356 1829 creata
1388 1773 1582 1837 fuisse,
1617 1789 1714 1828 seu
1752 1789 1842 1829 res
1871 1774 1927 1828 in
1955 1774 2134 1829 lucem

547 1869 841 1940 prodiisse.
872 1867 993 1922 Non
1025 1868 1370 1923 imminutam
1412 1883 1543 1923 vero
1572 1867 2130 1922 communicationem

547 1961 703 2026 dicit,
751 1977 860 2032 qua
892 1961 1106 2018 scilicet
1136 1960 1282 2017 Deus
1326 1967 1526 2016 cuncta
1573 1959 1960 2032 producendo,
1993 1957 2134 2014 nihil

546 2055 899 2126 propriorum
929 2053 1201 2109 bonorum
1235 2054 1456 2108 minuit.

621 2145 932 2216 Intelligens
963 2145 1254 2200 communis
1282 2158 1479 2200 noster.
1519 2143 1843 2200 Communis
1873 2144 2136 2216 magister

547 2247 602 2294 et
631 2239 916 2292 institutor
943 2237 1205 2292 nimirum
1231 2237 1516 2307 apostolus
1536 2235 1741 2292 Paulus
1777 2256 1790 2292 :
1820 2237 1966 2292 illius
1987 2238 2135 2293 enim

511 2330 651 2400 cpe
701 2328 961 2391 credidit,
1009 2328 1154 2384 sicut
1207 2328 1441 2400 legimus
1491 2331 1545 2384 in
1591 2329 1766 2386 Actis.
1821 2328 2135 2384 Notandum

547 2423 715 2478 etiam
741 2460 757 2485 ,
791 2431 1046 2477 sanctum
1093 2419 1450 2478 Hierotheum
1491 2437 1522 2476 a
1563 2431 1759 2478 sancto
1796 2420 1970 2478 Paulo
2003 2422 2138 2478 edo-

547 2522 720 2569 ctum.

621 2604 766 2659 Nam
787 2607 889 2660 etsi
916 2609 1023 2662 sint
1059 2608 1148 2678 qui
1176 2606 1446 2662 dicantur.
1471 2606 1607 2662 Illud
1626 2646 1640 2669 ,
1679 2607 1778 2660 etsi
1798 2605 1876 2660 dii
1901 2606 2058 2660 multi
2087 2618 2136 2662 et

550 2699 755 2752 domini
782 2700 924 2764 sint,
959 2707 1142 2756 tamen
1194 2715 1362 2754 unum
1409 2715 1532 2754 esse
1575 2715 1702 2754 vere
1739 2698 1912 2754 Deum
1947 2707 2003 2754 et
2033 2698 2139 2754 Pa-

548 2799 710 2854 trem,
743 2808 1022 2862 unumque
1046 2808 1172 2848 vere
1195 2791 1484 2848 Dominum
1515 2791 1726 2857 Jesum,
1756 2793 1861 2848 hoc
1895 2792 2138 2848 declarat

548 2899 770 2939 causam
786 2884 1034 2942 omnium
1059 2892 1112 2939 et
1124 2884 1444 2940 crcatricem
1459 2883 1822 2950 divinitatem,
1837 2883 2138 2940 secundum

545 2977 842 3034 indivisam
883 2987 938 3033 et
966 2977 1345 3033 indistinctam
1374 2977 1930 3032 communicationem
1959 2975 2140 3032 nomi—

547 3069 637 3124 nis
670 3068 911 3139 proprize
937 3068 1245 3124 divinitatis
1272 3078 1325 3124 et
1350 3068 1771 3134 dominationis,
1807 3084 1904 3124 eos
1929 3071 2025 3139 qui
2061 3068 2140 3123 dii

2233 572 2516 638 σιάζεσθαι
2558 574 2777 645 λέγεται
2820 576 2908 631 διὰ
2951 577 3061 631 τῶν
3108 579 3237 651 παρ’
3269 579 3436 633 αὑτοῦ
3480 582 3801 652 γενομένων,

2231 667 2356 721 ὃταν
2391 668 2486 722 καὶ
2509 668 2724 722 πάντων
2748 670 3202 742 ὑποταττομένων
3225 671 3304 744 τῷ
3331 673 3527 744 Πατρὶ,
3553 674 3714 738 αὐτὸς
3741 675 3802 730 λέ.

2231 777 2388 829 γεται
2418 760 2507 815 διὰ
2539 761 2651 816 τῶν
2670 765 2800 836 παρ’
2824 765 2990 818 αὑτοῦ
3011 767 3338 838 γενομένων,
3373 769 3452 840 τῷ
3472 771 3652 843 Πατρὶ
3688 774 3800 826 ὑπο-

2229 855 2555 918 τάττεσθαι,
2589 855 2665 920 ὡς
2699 858 2862 928 φησὶν
2893 858 2921 910 ὁ
2957 859 3301 925 Ἀπόστολος,
3343 863 3479 916 Τότε
3506 863 3608 916 καὶ
3643 867 3800 931 αὑτές

2242 948 2274 999 ὁ
2296 945 2427 1011 Υἱὸς
2448 947 2905 1017 ὑποταγήσεται·
2933 951 3026 1004 καὶ⁵
3046 953 3074 1005 ὁ
3094 951 3332 1016 τοιοῦτος
3347 955 3404 1006 ὲν
3417 954 3496 1025 τῷ
3517 954 3799 1028 πληθυσμῷ

2232 1036 2334 1108 τῆς
2366 1038 2583 1092 πάντων
2611 1041 2949 1111 παραγωγῆς
2967 1041 3180 1112 ἔμεινεν
3208 1038 3289 1108 εἷς
3317 1046 3453 1098 καὶὸ
3471 1047 3639 1112 αὐτὸς
3667 1051 3720 1102 έν
3746 1053 3799 1120 τῇ

2232 1130 2588 1203 ἀνελαττώτῳ
2627 1132 2781 1203 χύσει
2829 1133 2938 1188 τῶν
2979 1135 3145 1189 αὑτοῦ
3195 1137 3555 1208 μεταδόσεων,
3623 1143 3684 1194 ἐν
3738 1142 3800 1211 «ᾖ

2233 1225 2397 1278 παντὶ
2435 1225 2601 1297 μέρος
2635 1225 2731 1290 ὢν,
2762 1227 2857 1280 καὶ
2892 1227 3058 1298 μηδὲν
3089 1227 3164 1280 ὢν
3194 1228 3288 1282 τοῦ
3310 1232 3528 1294 παντός·
3565 1232 3681 1287 ἔστι
3711 1236 3801 1305 γὰρ

2235 1316 2574 1388 ὑπερούσιος’
2619 1320 2718 1372 καὶ
2747 1321 2880 1390 ἡμῖν
2913 1318 3234 1389 ἀνέφικτος·
3273 1323 3569 1394 ὲρμηνεύει
3602 1325 3660 1378 δὲ
3685 1327 3801 1380 αὑτὸ

2235 1409 2563 1464 ὑποκατιών.

2306 1590 2416 1643 Καὶ
2451 1588 2526 1658 τῇ
2557 1591 2767 1658 emata.
2815 1591 3050 1644 Ἑνιαίαν
3090 1591 3193 1662 ἔφη
3225 1592 3336 1646 τῶν
3381 1595 3518 1648 ὅλων
3558 1613 3801 1668 παραγω-

2235 1680 2356 1753 γὴν,
2390 1680 2564 1754 δηλῶν
2607 1685 2728 1753 ἅμα
2769 1682 2848 1754 τῷ
2879 1682 3182 1754 βούλεσθαι,
3225 1686 3320 1738 καὶ
3351 1686 3410 1740 οὑ
3446 1687 3589 1740 κατὰ
3626 1691 3800 1760 μικρόν

2235 1788 2288 1824 τι
2321 1772 2416 1826 καὶ
2449 1773 2687 1845 μερικῶς
2720 1774 3028 1845 κτισθῆναι,
3064 1776 3179 1847 ἢτοι
3210 1777 3346 1848 πρὸς
3375 1777 3436 1831 τὸ
3462 1774 3606 1832 εἶναι
3645 1780 3799 1833 ἐλθεῖν

2232 1865 2301 1920 τά
2329 1866 2605 1936 γεγονότα.
2653 1866 3040 1920 Ἀνελάττωτον
3066 1866 3123 1919 δὲ
3159 1869 3472 1939 μετάδοσιν,
3510 1871 3630 1942 ἦτοι
3678 1873 3800 1924 ὅτιιε

2233 1958 2434 2023 κτίζων
2463 1958 2533 2014 τὰ
2553 1958 2682 2012 ὄντα
2713 1959 2741 2011 ὁ
2766 1957 2919 2022 Θεὸς,
2945 1959 3098 2013 οὐδὲν
3124 1959 3233 2013 τῶν
3262 1960 3476 2014 οἰκείων
3513 1965 3658 2033 μειοί
3685 1965 3801 2030 ἀγει-

2235 2050 2362 2104 θῶν.

2323 2141 2650 2210 Ἠν-νοήσας
2701 2145 2734 2196 ό
2785 2142 2985 2209 κοινὸς
3018 2143 3205 2213 ἡμῶν.
3251 2144 3448 2209 Κοινὺς
3488 2147 3800 2218 καθηγεμὼν

2238 2236 2334 2288 καὶ
2364 2234 2701 2307 χειραγωγὺς
2723 2236 2752 2289 ό
2785 2234 3080 2300 ἀπόστολος
3103 2235 3315 2300 Παῦλος
3341 2236 3604 2308 δηλονότι·
3641 2238 3704 2290 δι’
3724 2239 3803 2291 αὑ-

2234 2328 2330 2382 τοῦ
2381 2327 2491 2398 γάρ
2527 2327 2867 2391 ἐπίστευσεν,
2914 2327 2990 2391 ὡς
3019 2326 3267 2399 ἔγνωμεν
3310 2331 3368 2382 ἐν
3400 2332 3520 2393 ταῖς
3548 2330 3795 2402 Πράξετι.

2236 2420 2348 2474 Καὶ
2377 2419 2707 2491 σημειωτέον
2727 2459 2742 2482 ,
2778 2419 2860 2472 ὅτι
2892 2420 2985 2473 καὶ¹
3024 2421 3053 2474 ὁ
3085 2419 3238 2488 ἀγιος
3282 2420 3540 2494 Ἱερόθεος
3570 2421 3652 2493 τῷ
3682 2424 3802 2494 ἁγίῳ

2238 2513 2434 2584 Παύλῳ
2466 2511 2828 2584 ἐμαθητεύθη.

2306 2605 2417 2659 Καὶ
2450 2603 2560 2674 γὰρ
2591 2605 2760 2672 εἴπερ
2791 2603 3498 2674 εἰσίλεγόμενοι.Τὸ,κᾶν
3518 2607 3640 2661 θεοὶ
3675 2612 3802 2662 πολ-

2236 2698 2334 2753 λοὶ
2362 2697 2459 2751 καὶ
2479 2697 2669 2764 κύριοι
2698 2696 2830 2760 ὦσι,
2857 2695 2997 2766 πλὴν
3021 2695 3116 2749 ἕνα
3144 2691 3283 2750 εἶναι
3301 2697 3392 2751 τὸν
3416 2697 3635 2768 ἀληθῶς
3666 2699 3800 2764 Θεὸν,

2239 2791 2333 2847 καὶ
2378 2789 2596 2860 Πατέρα
2615 2790 2680 2853 ¹⁹,
2725 2788 2820 2843 καὶ
2857 2787 2953 2840 ἕνα
2983 2786 3075 2840 τὸν
3105 2787 3320 2859 ἀληθῶς
3349 2788 3553 2860 Κύριον
3594 2790 3799 2860 Ἰησοῦν,

2236 2883 2396 2938 τοῦτο
2426 2881 2577 2953 δηλοῖ
2603 2882 2685 2934 ὅτι
2715 2883 2749 2952 ὴ
2776 2880 2994 2934 πάντων
3023 2879 3191 2944 αἰτία,
3227 2881 3320 2934 καὶ
3351 2880 3684 2953 δημιουργὸς
3713 2883 3803 2935 θεό-

2236 2994 2338 3047 της
2368 2974 2509 3029 κατά
2556 2971 2838 3045 μετάδοσιν
2882 2971 3175 3043 ἀμέριστον
3224 2971 3319 3025 καὶ
3359 2972 3692 3028 ἀσκέδαστον
3720 2975 3803 3044 τῆς

2240 3066 2555 3137 ἐπωνυμίας
2573 3065 2673 3136 τῆς
2704 3064 2911 3127 οἰκείας
2943 3063 3197 3136 θεότητος
3226 3067 3321 3118 καὶ
3349 3065 3674 3137 κυριότητος
3696 3070 3804 3130 τοὺς

547 3170 603 3216 et
624 3161 832 3216 domini
859 3159 1141 3224 dicuntur,
1176 3159 1506 3230 produxisse
1538 3178 1550 3213 :
1604 3161 1832 3216 minime
1862 3168 2044 3216 tamen
2080 3161 2133 3216 in

2240 3158 2562 3231 λεγομένους
2581 3156 2737 3221 θεοὺς
2759 3157 2853 3211 καὶ
2864 3157 3087 3229 κυρίους
3107 3159 3444 3230 προήγαγεν,
3464 3159 3527 3212 οὑ
3549 3177 3804 3232 κατακερ-

548 3261 740 3326 partes
789 3253 1054 3308 deitatum
1103 3251 1308 3308 deitate
1349 3253 1621 3316 discissa,
1675 3253 1820 3309 sicut
1859 3268 2054 3309 aurum
2080 3255 2136 3310 in

547 3346 734 3417 plures
763 3358 1050 3409 nummos;
1082 3359 1260 3415 neque
1298 3345 1486 3400 multis
1509 3345 1614 3400 diis
1644 3345 1766 3416 ejus
1794 3345 2136 3403 divinitatem

547 3436 974 3508 complentibus,
1007 3437 1471 3506 quemadmodum
1512 3438 1698 3492 multa:
1723 3439 1936 3508 species
1966 3455 2136 3495 unum

546 3529 810 3583 mundum
836 3547 850 3595 ;
882 3528 976 3584 sed
1002 3527 1357 3598 multiplicari
1376 3529 1578 3584 dicitur
1612 3529 1778 3595 Deus,
1813 3546 2139 3602 unaquaque

548 3619 930 3690 productionis
975 3636 1158 3676 rerum
1200 3622 1506 3687 voluntate,
1545 3623 1704 3692 120
1741 3623 1968 3693 provido
2005 3638 2133 3692 pro-

551 3729 774 3784 gressu,
801 3714 1205 3784 multiplicatus
1234 3716 1475 3784 quidem,
1500 3731 1733 3773 manens
1756 3724 1938 3772 tamen
1967 3733 2136 3774 unum

548 3805 918 3871 individuum,
936 3806 1081 3860 sicut
1103 3806 1187 3862 sol
1217 3805 1346 3862 dum
1372 3805 1559 3876 plures
1589 3807 1790 3862 emittit
1828 3809 2036 3874 radios,
2055 3817 2138 3864 at-

547 3916 656 3971 que
687 3901 742 3955 in
770 3902 982 3956 unitate
1002 3907 1288 3970 permanet
1313 3917 1328 3966 ;
1360 3900 1563 3955 dicitur
1589 3901 1736 3956 enim
1753 3902 1918 3956 etiam
1938 3901 2006 3957 de
2021 3901 2138 3957 sole

544 3992 792 4061 justitiae,
808 3992 1059 4064 quotidie
1095 3991 1330 4056 divisus,
1357 3999 1412 4048 et
1434 4007 1546 4047 non
1574 4000 1966 4064 consumptus;
1989 4003 2138 4050 recte

547 4093 732 4141 autem
775 4085 980 4140 dicitur
1023 4086 1078 4139 in
1103 4084 1238 4154 ipsis
1260 4099 1479 4155 quoque
1503 4083 1707 4139 divinis
1731 4083 1988 4142 fortiores
2013 4100 2137 4141 esse

546 4177 999 4232 distinctionibus
1014 4177 1318 4244 unitiones;
1333 4178 1535 4232 etenim
1550 4191 1660 4232 non
1674 4185 1889 4246 Oportet
1903 4193 2028 4233 eum
2041 4177 2136 4247 qui

547 4284 673 4324 cum
702 4269 913 4338 judicio
941 4269 1219 4325 audiendo
1247 4269 1412 4326 discit
1440 4284 1564 4324 esse
1607 4270 1663 4323 in
1702 4268 1814 4325 Deo
1844 4269 2132 4335 unitatem,

547 4360 678 4415 dum
712 4361 829 4416 haec
868 4361 1044 4426 audit,
1081 4361 1341 4416 arbitrari
1374 4375 1496 4418 esse
1520 4361 1717 4432 inipso
1741 4359 2132 4428 inﬁrmitatem,

547 4467 726 4521 neque
777 4451 1080 4522 simplicem
1133 4459 1397 4522 tanquam
1436 4451 1766 4515 invalidum;
1819 4451 1959 4506 nihil
1987 4451 2134 4507 enim

548 4544 770 4613 preprie
819 4544 885 4598 de
925 4538 1037 4598 Deo
1064 4561 1093 4597 a
1143 4545 1306 4600 nobis
1336 4545 1760 4614 pronuntiatur,
1795 4544 1943 4614 quod
1983 4544 2132 4600 illius

548 4635 937 4704 proprietatem
967 4636 1232 4706 attingat,
1269 4652 1446 4705 neque
1460 4652 1558 4705 per
1581 4637 1962 4706 privationem,
1991 4638 2131 4694 sicut

547 4725 890 4791 inmortalis,
946 4735 1002 4781 et
1045 4726 1276 4793 similia;
1318 4743 1494 4798 neque
1531 4743 1626 4797 per
1666 4727 1996 4797 positionem
2034 4745 2129 4785 seu

543 4816 986 4883 aﬂirmationem,
1011 4828 1069 4872 ut
1096 4820 1203 4872 vita
1242 4818 1477 4876 fortasse
1505 4829 1559 4874 et
1588 4836 1784 4884 unum;
1817 4821 1911 4877 sed
1946 4838 2128 4889 unum,

548 4918 809 4981 tanquam
849 4910 995 4980 quod
1037 4927 1163 4966 cum
1196 4911 1349 4967 nullo
1381 4912 1692 4984 comparari
1730 4913 1905 4982 possit
1945 4912 2131 4970 dicen-

546 5002 699 5068 dum,
733 5002 879 5073 quod
905 5003 1099 5058 eodem
1133 5005 1298 5060 modo
1325 5019 1385 5059 se
1415 5003 1580 5060 habet
1603 5005 1659 5059 in
1682 5005 1752 5061 iis
1773 5005 1938 5061 etiam
1970 5015 2130 5061 caete-

544 5110 736 5151 rorum
759 5095 1137 5152 subsistentiis
1168 5112 1290 5167 qua:
1311 5112 1378 5152 ex
1399 5097 1522 5166 ejus
1551 5097 1760 5153 unitate
1789 5097 2015 5153 minime
2029 5112 2128 5153 ex-

545 5199 714 5258 eunt;
747 5188 890 5244 idem
919 5191 1085 5244 etiam
1113 5197 1298 5244 manet
1329 5209 1341 5244 :
1379 5191 1486 5247 etsi
1511 5189 1765 5247 voluntas
1795 5191 1852 5245 in
1883 5191 2128 5261 reliquo-

546 5299 669 5338 rum
717 5283 1078 5355 productione
1121 5282 1292 5338 dividi
1334 5284 1607 5340 videatur.
1649 5283 1810 5339 Omni
1853 5284 2024 5355 igitur
2052 5283 2132 5338 di-

547 5377 877 5441 stinctione,
922 5375 975 5430 id
1021 5383 1108 5431 est
1155 5383 1215 5429 ut
1255 5384 1458 5430 cuncta
1501 5377 1771 5433 exsistant
1807 5391 2124 5447 progressi].

627 5558 640 5596 ί
676 5557 692 5609 1
724 5560 854 5614 Cor.
881 5576 972 5622 xv,
998 5558 1090 5614 28.

2164 4511 2211 4570 D

2242 3249 2596 3323 ματισθείσης
2615 3249 2715 3320 τῆς
2735 3249 2988 3321 θεότητος
3003 3251 3082 3314 είς
3116 3249 3256 3322 μέρη
3278 3250 3566 3322 θεοτήτων,
3591 3251 3670 3316 ὡς
3687 3270 3802 3324 χρυ-

2240 3345 2331 3408 σὸς
2378 3345 2457 3408 εἰς
2493 3343 2802 3415 νομίσματα
2853 3341 3052 3396 πολλάο
3095 3339 3218 3395 οὔτε
3269 3342 3377 3398 τῶν
3421 3343 3633 3398 πολλῶν
3685 3345 3804 3398 θεῶν

2240 3437 2706 3510 συμπληρούντων
2747 3435 2844 3507 τὴν
2881 3433 3049 3488 αὑτοῦ
3098 3433 3356 3505 θεότητα,
3406 3433 3464 3487 ὃν
3508 3427 3710 3506 τρόπον
3748 3435 3804 3488 τὰ

2239 3530 2410 3585 πολλά
2437 3530 2574 3602 εἴδη,
2605 3529 2697 3582 τὸν
2734 3527 2830 3581 ἕνα
2861 3527 3082 3598 κόσμονο
3112 3526 3248 3580 ἀλλά
3268 3526 3631 3598 πληθύνεσθαι
3663 3528 3803 3596 λέγε-

2237 3640 2326 3676 ται
2350 3625 2379 3676 ὁ
2411 3621 2562 3685 Θεὸς,
2597 3619 2677 3691 τῷ
2706 3619 2826 3674 καθ’
2855 3619 3082 3673 ἕκαστον
3113 3621 3193 3682 είς
3233 3621 3571 3692 παραγωγὴν
3600 3620 3707 3672 τῶν
3730 3621 3804 3672 δν-

2235 3734 2345 3770 των
2368 3714 2686 3786 βουλήματι,
2711 3715 3098 3785 προνοητικαίς
3123 3712 3389 3784 προόδοις,
3414 3711 3804 3767 πολλαπλασια-

2238 3804 2465 3878 ζόμενος
2485 3806 2604 3877 μὲν,
2635 3806 2809 3878 μένων
2835 3805 2890 3859 δὲ
2910 3801 3117 3878 ἀμερὲς
3135 3804 3195 3858 ἒν
3215 3806 3262 3838 ³ο
3290 3805 3481 3876 ῶσπερ
3501 3804 3652 3877 ἣλιος
3665 3807 3805 3859 ἀκτῖ-

2238 3916 2334 3962 νας
2366 3897 2567 3963 πολλὰς
2596 3899 2919 3970 ἐκπέμπων,
2960 3899 3056 3952 καὶ
3099 3897 3274 3968 μένων
3307 3899 3366 3952 ὲν
3397 3901 3464 3970 τῇ
3488 3899 3719 3970 ἑνότητιο
3741 3899 3806 3950 εἷ-

2239 4009 2401 4064 ρηται
2427 3992 2539 4063 γὰρ
2567 3993 2660 4046 καὶ
2689 3991 2820 4064 περὶ
2851 3991 2945 4045 τοῦ
2974 3991 3124 4062 ἡλίου
3145 3990 3247 4060 τῆς
3263 3989 3632 4061 δικαιοσύνης,
3656 3994 3683 4045 ὁ
3699 3991 3803 4044 καθ’

2237 4085 2450 4157 ἡμέραν
2486 4084 2858 4157 μεριζόμενος,
2889 4083 2983 4138 καὶ
3017 4083 3092 4155 μὴ
3121 4083 3525 4155 δαπανώμενοςο
3555 4083 3733 4148 καλῶς

2237 4178 2332 4231 καὶ
2363 4177 2455 4230 ἐπὶ
2485 4176 2594 4230 τῶν
2627 4175 2784 4230 θείων
2816 4177 3048 4248 εἴρηται,
3084 4175 3182 4238 τὰς
3211 4173 3432 4239 ἑνώσεις
3461 4175 3570 4228 τῶν
3609 4176 3803 4247 διακρίο

2239 4287 2377 4324 σεων
2404 4269 2870 4342 ὲπικρατεστέρας
2897 4264 3052 4321 εἶναι’
3087 4268 3179 4322 καὶ
3208 4267 3319 4340 γὰρ
3343 4268 3404 4320 οὑ
3432 4267 3513 4320 δεῖ
3530 4268 3624 4322 τὸν
3641 4285 3804 4322 νουνε-

2238 4361 2347 4431 κῶς
2379 4359 2728 4433 ἀκροώμενον
2761 4359 2888 4432 περὶ
2907 4359 3066 4428 Θεοῦ,
3107 4360 3268 4414 ὲνάδα
3295 4362 3426 4433 περὶ
3458 4363 3628 4416 αὑτοῦ
3660 4362 3806 4416 ἁκού-

2237 4469 2387 4515 οντα,
2413 4455 2660 4506 ὑπονοεῖν
2683 4451 2984 4516 ἀσθένειαν,
3017 4451 3141 4506 οῐοτε
3183 4453 3390 4507 ἁπλοῦν
3424 4454 3500 4518 ὡς
3535 4454 3802 4508 ἀδύνατον·

2237 4543 2386 4596 οὐδὲν
2423 4542 2533 4614 γὰρ
2569 4544 2664 4596 ἐπὶ
2701 4543 2838 4597 Θεοῦ
2883 4545 3100 4608 οἰκείως
3129 4546 3256 4616 παρ’
3286 4544 3444 4616 ἡμῶν
3482 4546 3700 4614 λέγεται
3720 4547 3804 4616 τῆς

2238 4635 2495 4705 ἰδιότητος
2534 4635 2748 4706 ἐκείνης
2774 4635 3184 4706 ὲφικνούμενον,
3214 4636 3337 4690 οὔτε
3371 4637 3510 4690 κατά
3542 4638 3802 4710 στέρησιν,

2234 4728 2310 4793 ὡς
2337 4727 2655 4794 ἀθάνατος,
2683 4729 2780 4782 καὶ
2803 4726 2871 4782 τά
2899 4728 3079 4799 ὅμοια⁸
3110 4727 3234 4780 οὔτε
3255 4727 3394 4782 κατά
3418 4728 3588 4794 θέσιν,
3613 4730 3688 4793 ὡς
3707 4728 3804 4794 ζωὴ

2233 4821 2394 4892 τυχὸν
2414 4821 2587 4875 καὶτὸ
2612 4819 2702 4887 ἐν,
2727 4820 2862 4876 ἀλλά
2887 4821 2949 4873 τὸ
2962 4820 3051 4886 ἓν,
3071 4821 3146 4884 ὡς
3165 4823 3330 4875 πᾶσιν
3353 4821 3700 4894 ἀσύμϐλητον
3722 4827 3807 4893 ρη-

2233 4915 2375 4981 τέον,
2391 4915 2527 4986 ὅπερ
2543 4914 2804 4978 ὡσαύτως
2820 4913 2933 4984 ἔχει
2951 4915 3046 4968 καὶ
3072 4915 3130 4968 ὲν
3163 4918 3282 4978 ταῖς
3301 4915 3709 4987 άνεκφοιτήτοις
3721 4916 3806 4984 τῆς

2230 5009 2438 5071 οἰκείας
2460 5007 2646 5070 ένάδος
2660 5006 2768 5060 τῶν
2784 5005 2986 5058 λοιπῶν
3003 5006 3353 5060 ὑποστάσεσι·
3379 5007 3531 5078 μένει
3547 5006 3658 5079 γὰρ
3674 5009 3703 5060 ὁ
3719 5007 3805 5059 αὑ·-

2230 5101 2340 5164 τὸς,
2363 5099 2465 5154 κᾶν
2490 5100 2552 5154 τὸ
2571 5097 2815 5170 βούλημα
2828 5097 2961 5169 δοκῇ
2977 5097 3345 5169 διακρίνεσθαι
3360 5100 3439 5161 είς
3457 5099 3558 5169 τὴν
3582 5099 3689 5153 τῶν
3708 5099 3805 5150 λοι-

2232 5192 2350 5245 πῶν
2365 5191 2722 5264 παραγωγήν.
2739 5189 2928 5260 Πάσης
2952 5185 3045 5243 οὖν
3073 5188 3418 5262 διακρίσεως,
3432 5192 3711 5246 τουτέστιν
3739 5193 3807 5251 εἰς

2231 5285 2290 5337 τὸ
2308 5281 2443 5338 εἶναι
2465 5284 2536 5338 τὰ
2565 5283 2741 5338 πάντα
2761 5281 3017 5354 παρόδου.
3034 5281 3298 5353 Προαιτία
3327 5282 3383 5336 δὲ
3408 5285 3502 5338 καὶ
3529 5286 3806 5356 ἐπικρατεο

2234 5376 2401 5448 στέρα
2427 5378 2460 5446 ὴ
2489 5376 2584 5429 τοῦ
2609 5374 2744 5428 Θεοῦ
2771 5373 3067 5444 ἀμέριστος
3098 5373 3242 5438 ὲνάς,
3272 5376 3464 5432 Ἐπὶδὲ
3492 5377 3600 5433 τῶν
3629 5379 3807 5446 αἰσθη-

1511 5670 1748 5725 V'ARl/E
1787 5667 2177 5724 LECTIONES
2211 5667 2298 5724 ΕΤ
2332 5668 2886 5725 CORRECTIONES.

613 5849 656 5879 ⁸⁸
678 5865 767 5917 γο.
805 5848 910 5919 ἔφη
951 5850 1054 5903 ὅτι.
1127 5852 1167 5882 ¹⁹
1201 5867 1294 5921 γρ.
1321 5849 1496 5921 ἀληθῆ
1529 5850 1662 5905 Θεὸν
1685 5899 1697 5918 ,
1738 5847 1952 5903 Πατέοα
1990 5850 2083 5902 καὶ
2109 5848 2233 5901 Υἰδν
2267 5848 2357 5900 καὶ
2385 5846 2540 5916 ἅγιον
2583 5846 2825 5918 Πνεῦμα.
2894 5848 2939 5879 ¹⁰
2973 5864 3064 5918 γρ.
3092 5851 3273 5920 μένειν
3303 5850 3360 5905 δὲ
3393 5851 3702 5920 ἀμερίστως
3730 5850 3799 5900 ἓν.
