3872 6616
135 496 226 553 357

849 495 906 550 S.
942 493 1193 551 MAXIMI
1235 492 1530 551 SCHOLIA
1567 490 1635 547 IN
1674 489 1803 545 LIB.
1846 487 1934 544 DE
1958 488 2224 564 DWINIS
2262 485 2663 544 NOMINIBUS.

3231 490 3341 547 238

114 612 576 688 ἀπροπαράσκευον
626 609 800 682 πάντη
849 610 952 682 τῆς
993 609 1122 680 ὅλης
1178 607 1344 663 αὐτοῦ
1398 607 1661 678 ὲνσάρκου

1781 605 2135 675 perrimorum
2181 586 2538 674 piscatorum,
2597 604 2742 675 quod
2785 601 2907 663 sine
2961 609 3108 658 tecto
3155 601 3342 661 fuerit.

112 708 261 779 ζωῆς,
281 705 366 758 τὸν
387 704 580 774 ἄτιμον
602 703 696 756 ἐπὶ
728 701 964 772 σταυροῦ
985 701 1213 755 θάνατον
1241 699 1660 772 (Ἐπικατάρα-

110 818 202 866 τος
229 799 325 869 τὰρ
352 795 471 862 πᾶς
500 798 534 851 ὁ
581 793 950 864 κρεμάμενος
987 793 1087 846 ἐπὶ
1127 793 1318 857 ξύλου
1336 793 1375 863 ),
1403 792 1502 864 τὴν
1525 792 1662 863 μετὰ

109 895 207 948 τῶν
232 891 540 964 κακούργων
572 888 783 961 λῃστῶν
826 887 1243 959 συναρίθμησιν,
1287 886 1386 949 τὰς
1410 886 1662 957 διαπερο-

109 987 270 1057 νήσεις
309 983 416 1036 τῶν
462 983 631 1053 ἥλων,
676 981 777 1052 τὴν
829 979 919 1033 διὰ
963 979 1063 1050 τῆς
1123 979 1320 1050 λόγχης
1369 978 1515 1045 νύξιν
1563 978 1662 1048 τῆς

108 1079 340 1150 πλευρᾶς,
374 1075 446 1130 τὰ
490 1069 831 1148 ῥαπίσματα,
865 1072 936 1126 τὰ
987 1073 1375 1143 ὲμπτύσματα,
1409 1072 1471 1124 τὸ
1518 1070 1658 1137 ὅξος,

106 1172 194 1243 τὴν
222 1169 390 1241 χολὴν,
418 1169 509 1221 τὸν
537 1167 823 1222 ἀκάνθινον
853 1166 1133 1234 στέφανον,
1155 1166 1281 1228 τοὺς
1297 1164 1660 1234 διαπαιγμοὺς

101 1265 188 1317 καὶ
211 1261 614 1331 διαγελασμοὺς,
654 1259 754 1323 τὰς
781 1257 1189 1328 γονυπετήσεις,
1216 1256 1316 1328 τὴν
1347 1254 1661 1309 εὐτελεστά-

100 1372 191 1426 την
217 1354 426 1426 κηδείαν
455 1371 516 1406 τε
543 1353 637 1406 καὶ
663 1353 860 1423 ταφήν.
897 1349 1066 1403 Τοῦτο
1112 1349 1174 1402 τὸ
1220 1349 1421 1402 ὡσανεὶ
1478 1349 1659 1420 μωρὸν

100 1450 186 1503 καὶ
211 1447 424 1511 ἀσθενὲς
440 1444 536 1498 τοῦ
565 1442 722 1508 Θεοῦ,
744 1443 822 1514 τῷ
849 1443 993 1513 λόγῳ
1023 1443 1120 1512 τῆς
1141 1442 1459 1512 οἰκονομίας
1485 1440 1660 1510 σοφὼ-

97 1558 244 1612 τερον
284 1538 375 1593 καὶ
420 1537 764 1608 ἰσχυρότερον
809 1534 1154 1604 ἁσυγκρίτως
1181 1533 1289 1587 τῶν
1335 1533 1657 1603 ἀνθρώπων,

97 1636 158 1704 τῇ
180 1630 533 1703 ὑπερδυνάμῳ
558 1631 652 1683 καὶ
672 1627 965 1700 ὑπερσόφῳ
993 1627 1270 1697 ὲκνικήσει
1301 1626 1394 1679 τοῦ
1425 1626 1662 1697 κρείττο-

96 1742 178 1788 νος
201 1722 528 1795 διαπρυσίως
575 1720 888 1792 ἀπεδείχθη,
917 1718 1206 1790 ἀφθέγκτῳ
1235 1721 1361 1790 σιγῇ
1387 1719 1454 1772 δι’
1483 1718 1660 1789 ἔργων

93 1815 418 1887 ἐκὸοὼμενον
457 1815 608 1888 πάσῃ
641 1815 705 1885 τῇ
751 1813 926 1866 κτίσει
980 1811 1410 1884 ἁκαταλήπτωςσ
1461 1813 1508 1864 εί
1551 1810 1660 1882 γὰρ

93 1911 180 1963 καὶ
216 1907 556 1976 ἐσταυρώθη
577 1907 1008 1987 ὲξθὰσθενείας,
1032 1905 1167 1959 ἀλλὰ
1195 1905 1261 1977 ζῇ
1283 1907 1349 1959 ὲκ
1377 1904 1659 1976 δυνάμεως

1762 696 1911 768 quod
1951 696 2074 765 ejus
2103 694 2159 749 iu
2188 709 2354 750 carne
2395 695 2506 749 vita
2556 695 2868 751 communis
2898 702 2953 750 et
2977 693 3190 766 plebeia
3217 697 3344 751 nul-

1764 789 1940 858 lisque
1993 786 2259 842 subsidiis
2297 787 2602 852 ,instructa,
2653 787 2798 857 quod
2836 784 3031 841 infami
3077 795 3255 842 morte
3285 787 3339 856 in

1761 895 1926 936 cruce
1955 880 2282 935 occubuerit
2313 877 2657 950 (Haledictus
2683 880 2821 934 enim
2843 879 3013 934 omnis
3041 880 3132 948 qui
3155 880 3344 950 pendet

1763 973 1818 1024 in
1845 970 1984 1041 ligno
2007 970 2081 1040 ρ),
2100 969 2246 1040 quod
2271 985 2396 1024 cum
2422 968 2685 1038 improbis
2706 969 3010 1025 latronibus
3039 970 3110 1025 sit
3133 985 3332 1026 connu-

1764 1073 2039 1131 meralus;
2073 1064 2212 1119 adde
2255 1063 2462 1118 ﬁxuras
2493 1064 2800 1129 clavorum,
2835 1063 3038 1120 lancea:
3060 1064 3260 1120 vulnus
3285 1065 3339 1120 in

1763 1156 1953 1220 latere,
1988 1157 2275 1227 colaphos,
2303 1166 2484 1225 sputa,
2517 1163 2756 1221 acetum,
2790 1154 2886 1221 fel,
2921 1171 3182 1212 coronam
3229 1159 3342 1228 spi-

1762 1262 1943 1311 neam,
1973 1246 2398 1312 ludiﬁcationes,
2423 1247 2734 1313 irrisiones,
2766 1246 3194 1318 genuﬂexiones,
3219 1250 3340 1305 sim.

1761 1340 2122 1412 plicissimum
2168 1341 2334 1396 funus
2363 1348 2417 1396 et
2461 1341 2733 1396 modicam
2771 1341 2927 1412 123
2981 1343 3340 1413 sepulturam.

1763 1431 1888 1486 Haec
1915 1438 2098 1487 autem
2124 1433 2293 1488 veluti
2326 1433 2562 1488 stultitia
2585 1433 3050 1503 imbecillitasque
3067 1433 3340 1498 Numinis,

1763 1522 1980 1578 ratione
2036 1522 2438 1578 incarnationis
2486 1523 2785 1593 sapientior
2824 1528 2879 1577 et
2930 1522 3089 1594 longe
3147 1522 3356 1581 fortion

1763 1611 1882 1666 sine
1919 1611 2332 1680 comparatione
2377 1611 2717 1678 hominibus,
2755 1612 3141 1682 potentissima
3171 1621 3227 1669 et
3250 1629 3344 1669 ex-

1763 1705 1979 1766 cellenti
2014 1704 2281 1774 sapientia
2327 1711 2606 1774 reportata
2651 1704 2720 1759 de
2767 1703 2927 1760 hoste
2971 1703 3206 1759 victoria
3234 1704 3334 1759 cla-

1760 1810 1823 1852 re
1870 1805 2093 1852 ostensa
2139 1794 2264 1860 fuit,
2296 1797 2470 1850 multo
2518 1795 2742 1851 silentio
2771 1811 2868 1866 per
2897 1811 3064 1866 opera
3126 1797 3185 1852 in
3230 1804 3340 1852 tota

1763 1887 2126 1941 universitate
2150 1885 2526 1941 indesinenter
2559 1886 2871 1952 celebrata;
2901 1885 3005 1942 etsi
3048 1886 3192 1942 enim
3225 1904 3333 1941 cru-

99 2001 231 2054 κατὰ
254 1999 463 2055 Παῦλον
487 1999 579 2054 τὸν
609 1978 909 2052 θεσπέσιον.
944 2000 1041 2062 Εἰς
1081 1997 1143 2051 τὸ
1185 1996 1318 2050 αὐτὸ
1375 1995 1555 2060 καλῶς
1594 1996 1656 2048 τὸ
1687 1989 1728 2044 Β
1757 1980 1969 2072 σέβαιδῄ
1995 1980 2099 2049 fu“
2151 1995 2218 2072 ἐκ
2264 1979 2634 2072 ίηῑδεσίίίίεαίε
2655 2021 2670 2048 ι
2702 1978 2799 2035 sed
2840 1979 2977 2034 νίνίῑ
3016 1994 3082 2035 ει
3115 1980 3346 2072 νίτιυις,

94 2093 195 2161 τῆς
224 2092 540 2157 ἀσθενείας
576 2090 688 2159 τῆς
718 2089 1043 2159 θεαρχικῆς
1067 2088 1288 2162 εἴρηκεο
1321 2087 1409 2141 διὰ
1431 2087 1540 2159 γὰρ
1566 2087 1665 2158 τὴν

91 2186 220 2258 πρὸς
249 2187 398 2256 ἡμᾶς
429 2184 676 2238 ἑκούσιον
699 2181 1128 2250 συγκατάόασιν,
1160 2179 1337 2234 πάντα
1365 2177 1664 2249 ὑπομείνας

91 2279 218 2347 ἄχρι
246 2275 528 2334 θανάτου,
551 2274 810 2330 θανάτου
838 2273 906 2326 δὲ
943 2273 1232 2342 σταυροῦ,
1257 2273 1351 2327 καὶ
1378 2271 1477 2336 τὰς
1507 2271 1667 2326 ἀσθε-

89 2371 228 2433 νείας
247 2368 404 2440 ἡμῶν
432 2368 594 2431 αὐτὸς
623 2366 792 2438 αἴρει,
824 2367 918 2421 καὶ
938 2366 1066 2437 περὶ
1093 2365 1249 2436 ἡμῶν
1281 2360 1549 2426 ὁδυνᾶται,
1574 2366 1669 2418 καὶ

87 2462 159 2531 τῷ
188 2460 412 2531 μώλωπι
437 2459 602 2512 αὐτοῦ
630 2461 791 2530 ἡμεῖς
806 2457 1004 2521 πάντες
1031 2457 1387 2528 ίάθημεν,κα“ι
1407 2456 1471 2509 τὸ
1498 2455 1669 2520 πάθος

86 2552 241 2608 αὑτοῦ
263 2554 388 2608 ἴδιον
402 2551 617 2620 λέγεται
643 2550 783 2604 κατὰ
799 2549 898 2620 τὴν
923 2549 1017 2603 τοῦ
1034 2549 1240 2621 Πέτρου
1268 2548 1450 2620 φωνὴν
1466 2547 1564 2619 τὴν
1579 2546 1670 2599 λὲο

85 2663 281 2712 γουσαν
299 2662 313 2674 ·
349 2641 603 2712 Χριστοῦ
633 2640 746 2695 οὖν
774 2641 1068 2705 παθόντος
1093 2639 1244 2708 ὑπὲρ
1269 2638 1437 2708 ἡμῶν
1453 2639 1635 2706 σαρκί
1649 2655 1663 2668 ’

83 2737 574 2806 καὶ,Ειέτνωσαν.
589 2734 700 2786 οὐκ
714 2731 790 2787 ἂν
804 2731 909 2785 τὸν
918 2732 1138 2800 Κύριον
1147 2729 1254 2798 τῆς
1264 2729 1448 2798 δόξης
1461 2729 1671 2783 ἐσταύ-

77 2846 299 2897 ρωσαν·
324 2828 448 2882 ὅθεν
466 2826 560 2881 καὶ
583 2822 918 2895 κυριοκτόνοι
945 2824 995 2876 οἱ
1024 2822 1262 2875 Ἰουδαῖοι
1290 2820 1557 2889 λέγονται.

161 3009 528 3078 ’Υμνολότος
570 3006 937 3076 κρινόμενος.
993 3005 1114 3058 ’Ὁτι
1152 3003 1244 3057 καὶ
1271 3003 1519 3074 ψαλμοὺς
1548 3001 1666 3054 ελε-

82 3118 176 3169 γον
221 3101 345 3154 τότε
392 3100 651 3171 ἐμμελεῖς
693 3099 742 3152 οἱ
777 3098 907 3170 περὶ
948 3097 1040 3150 τὸν
1085 3096 1241 3166 ἅγιον
1285 3095 1543 3168 Ἱερόθεον
1572 3096 1668 3148 καὶ

78 3194 240 3264 ᾠδὰς,
272 3193 351 3256 ὡς
378 3192 527 3262 δηλοῖ
553 3191 728 3245 καὶτὸ
754 3188 1115 3261 ὐμνολογεῒν
1140 3189 1235 3242 καὶ
1261 3188 1323 3242 τὸ
1348 3187 1662 3258 ὑμνῳδεῒνο

80 3286 172 3339 καὶ
196 3287 279 3338 ὅτι
309 3283 381 3337 τὰ
405 3284 502 3355 μὲν
533 3282 713 3354 ὑψηλὰ
740 3282 834 3336 καὶ
878 3279 1119 3352 μυστικὰ
1145 3280 1361 3354 ἄρρητα
1391 3282 1502 3343 τοῖς
1535 3278 1666 3331 πολ-

1751 2070 2071 2152 secundum
2128 2071 2374 2127 divinum
2458 2071 2710 2128 Paulum.
2783 2072 2866 2140 ln_
2923 2072 3113 2128 eadem
3179 2070 3345 2128 verba

1767 2165 2028 2234 praeclare
2059 2164 2204 2234 quod
2235 2171 2320 2220 est
2371 2164 2562 2219 divina:
2604 2163 2982 2219 imbecillitatis
3022 2164 3190 2231 dixit;
3217 2179 3345 2220 nam

1767 2263 1990 2324 propter
2025 2264 2382 2326 spontaneam
2416 2256 2483 2310 ad
2513 2271 2616 2311 nos
2652 2255 3197 2317 condescensionem.
3229 2271 3348 2309 oin-

1768 2346 1860 2401 nia
1888 2345 2170 2418 perferens
2202 2363 2364 2419 usque
2403 2347 2470 2401 ad
2500 2356 2743 2412 mortem,
2773 2358 2993 2402 mortem
3016 2357 3190 2401 autem
3221 2364 3346 2400 cru-

1769 2440 1842 2494 cis
1859 2450 1910 2504 ει,
1926 2446 1982 2494 et
2007 2438 2354 2495 inﬁrmitates
2375 2446 2594 2494 nostras
2618 2438 2736 2511 ipse
2747 2440 2908 2505 tollit,
2933 2446 2988 2496 et
3001 2447 3224 2511 pr0pter
3244 2457 3348 2496 nos

1769 2531 1958 2588 dolore
1997 2532 2300 2597 cruciatur,
2341 2531 2702 2588 et'vihicibus
2733 2531 2883 2588 illius
2918 2533 3097 2588 sanati
3131 2547 3346 2599 sumus,

1769 2633 1824 2680 et
1844 2625 2029 2696 passio
2075 2624 2224 2681 illius
2255 2623 2481 2694 propria
2530 2623 2737 2678 dicitur
2762 2638 2897 2679 voce
2929 2621 3078 2680 Petri
3121 2623 3201 2680 sic
3229 2639 3350 2678 me-

1770 2717 2068 2771 morantis:
2086 2714 2297 2770 Christo
2328 2716 2490 2786 igitur
2508 2731 2666 2784 passo
2691 2716 2746 2770 in
2769 2723 2997 2783 carne';
3024 2722 3110 2771 et:
3136 2713 3197 2771 Si
3211 2716 3352 2770 enim

1770 2809 2150 2880 cognovissent,
2200 2824 2467 2878 nunquam
2509 2793 2796 2862 Dom'inum
2830 2808 3014 2880 gloria:
3049 2809 3351 2880 cruciﬁxit-

1769 2910 1881 2955 sent
1913 2913 1972 2967 8;
2022 2900 2166 2955 unde
2189 2907 2244 2956 et
2283 2899 2497 2956 Domini
2529 2902 2817 2972 parricidae
2860 2901 3122 2958 dicuntur
3149 2900 3346 2960 Judaei.

1839 2992 2063 3048 Divinas
2102 2993 2372 3048 laudator.
2421 2993 2557 3060 Quia
2588 2995 2832 3064 psalmos
2867 3001 2985 3048 tum
3029 2993 3350 3052 modulatos

1768 3085 2012 3156 odasque
2056 3086 2328 3140 canebant
2367 3085 2459 3156 qui
2499 3094 2694 3141 sancto
2739 3085 3041 3143 Hierotheo
3095 3088 3350 3157 aderant,

1770 3177 1917 3247 quod
1971 3177 2284 3249 signiﬁcant
2335 3177 2502 3232 etiam
2532 3193 2696 3234 voces
2744 3179 3060 3250 ὑμνολογεῖν
3085 3187 3140 3235 et
3167 3182 3352 3252 ὑμνῳο

1769 3269 1898 3323 δεῖν.
1931 3268 1997 3323 Ει
2025 3268 2153 3340 quia
2186 3284 2308 3340 qute
2351 3270 2605 3326 sublimia
2661 3280 2790 3326 sunt
2818 3281 2872 3326 et
2907 3273 3159 3344 mystica,
3204 3281 3351 3328 tecta

77 3379 189 3442 λοῖς
215 3378 301 3430 δεῖ
333 3341 650 3446 φυλάττειν’·
683 3341 893 3446 ὁμιλεῖν
923 3373 980 3427 δὲ
1001 3375 1096 3427 καὶ
1139 3341 1411 3427 διδάσκειν
1432 3341 1516 3425 δεῖ
1539 3372 1661 3436 τοὺς

1781 3364 1826 3416 in
1855 3361 2016 3432 vulgo
2045 3369 2096 3416 et
2132 3362 2463 3431 inexplicata
2510 3377 2734 3418 servare
2792 3341 3042 3433 oportet;
3073 3365 3352 3436 explicare

79 3471 310 3534 πολλοὺς
345 3469 417 3523 τὰ
435 3467 639 3523 δυνατὰ
668 3467 763 3522 καὶ
790 3467 1168 3522 εὐαπόδεικτα.

153 3643 279 3698 Τῶν
304 3645 501 3699 θείων.
534 3641 768 3714 Γραφῶν
809 3641 1048 3712 δηλονότι
1079 3643 1172 3696 καὶ
1203 3642 1594 3715 θεωρημάτων.

145 3825 253 3876 Διὰ
283 3820 593 3891 περισσὴν
620 3821 956 3876 εὐλάϐειαν.
990 3819 1352 3884 ’Ὀτιεὺλαϐὲς
1379 3819 1440 3873 τὸ
1465 3820 1540 3892 μὴ
1573 3820 1669 3891 ζη-

64 3921 190 3971 τεῖν
219 3915 294 3968 τὰ
323 3915 592 3987 θειότερα.

138 4007 524 4077 Εὶλήςραμεν.
568 4006 882 4079 Σημείωσαι
920 4007 1002 4060 ὅτι
1041 4006 1102 4058 οὐ
1130 4005 1209 4058 δεῖ
1245 4005 1346 4076 τῆς
1387 4003 1668 4076 ἐνδεχομέ-

63 4117 170 4171 νης
200 4099 313 4152 τῶν
342 4099 503 4154 θείων
547 4098 802 4168 γνώσεως
846 4097 1088 4170 ἀμελεῖν,
1140 4095 1276 4150 ἀλλὰ
1324 4095 1417 4150 καὶ
1464 4096 1670 4166 ἑτέροις

65 4191 456 4262 μεταδιδόναι·
517 4192 614 4245 καὶ
659 4191 741 4245 ὅτι
794 4188 936 4244 κατὰ
992 4189 1154 4260 φύσιν
1205 4189 1254 4241 οἱ
1308 4188 1429 4252 νόες
1486 4188 1669 4257 ἔφεσιν

63 4283 274 4356 ἔχουσι’
297 4286 437 4356 πρὸς
467 4284 569 4356 τὴν
617 4282 969 4356 ὲγχωροῦσαν
1027 4281 1136 4335 τῶν
1189 4279 1484 4352 ὑπερφυῶν
1538 4280 1670 4333 θεω-

64 4381 200 4450 ρίαν
218 4413 234 4424 ο

143 4471 235 4524 Τὰ
257 4470 378 4540 μὲν
406 4469 562 4538 ὑπὲρ
582 4468 762 4539 ἡμᾶς.
793 4469 915 4522 Ὅτι
943 4468 1006 4522 οὐ
1033 4468 1113 4521 δεῖ
1138 4468 1206 4521 τὰ
1232 4467 1371 4539 ὑπὲρ
1389 4467 1546 4539 ἡμᾶς
1572 4483 1670 4519 πο-

57 4562 513 4634 λυπραγμονεῖν,
542 4561 661 4614 οὐδὲ
689 4559 909 4632 ἀμελεῖν
928 4559 1028 4630 τῆς
1055 4557 1206 4624 θείας
1232 4558 1506 4627 γνώσεως,
1535 4556 1671 4612 ἀλλὰ

1765 3461 1947 3510 autem
2002 3454 2162 3510 decet
2202 3470 2267 3510 ea
2314 3454 2834 3526 multitudinemque
2876 3455 3100 3523 docere,
3136 3473 3258 3528 qua:
3295 3468 3351 3514 et

1768 3547 1886 3604 fieri
1906 3554 1962 3603 et
1989 3547 2148 3604 facile
2180 3547 2550 3605 demonstrari
2580 3556 2836 3619 possunt.

1837 3638 2034 3694 Rerum
2067 3639 2391 3696 divinarum.
2447 3638 2788 3710 Scriptorum
2827 3639 3086 3697 videlicet
3115 3649 3170 3698 et
3197 3656 3347 3704 com,

1768 3734 2192 3788 mentationum.

1842 3824 1961 3881 Prw
1995 3825 2326 3880 abundantia
2373 3827 2660 3898 religionis.
2695 3821 2919 3899 Spectat
2946 3827 3092 3882 enim
3127 3826 3197 3883 ad
3225 3828 3352 3885 reli-

1767 3915 1977 3987 giosam
2006 3918 2331 3973 modestiam
2361 3917 2634 3973 diviniora
2663 3934 2772 3973 non
2796 3918 3123 3988 disquirere.

1807 4049 1809 4052 ι
1843 4007 2314 4066 Intellexissemus.
2373 4011 2760 4067 Animadverte
2789 4011 2936 4081 quod
2971 4027 3080 4066 non
3121 4019 3356 4081 oportet

1771 4109 2083 4172 susceptam
2107 4117 2291 4158 rerum
2312 4103 2624 4158 divinarum
2651 4103 3022 4174 cngnitionem
3050 4103 3350 4174 negligere,

1773 4196 1867 4252 sed
1885 4195 2008 4250 aliis
2036 4209 2154 4250 eam
2182 4193 2439 4262 tradere;
2461 4202 2517 4250 et
2545 4195 2693 4263 quod
2741 4201 2952 4249 mentes
2981 4193 3222 4248 naturali
3252 4209 3335 4249 cu-

1771 4287 1997 4357 piditate
2037 4287 2331 4358 rapiuntur
2358 4287 2426 4341 ad
2464 4302 2783 4345 concessam
2826 4286 3229 4342 admirabilium
3264 4302 3327 4343 re
3423 4332 3432 4340 .

1773 4396 1892 4434 rum
1925 4379 2464 4450 contemplationem.

1844 4471 1976 4539 Qua:
2015 4487 2178 4541 supra
2214 4487 2329 4526 nos.
2365 4470 2482 4526 Non
2515 4479 2729 4542 oportet
2757 4485 2879 4542 quae
2900 4485 3064 4540 supra
3091 4484 3196 4526 nos
3221 4478 3348 4525 sunt

1773 4563 2050 4618 curiosius
2086 4562 2388 4632 inquirere,
2436 4555 2744 4634 neque’pro
2777 4563 2948 4618 nihilo
2981 4561 3184 4618 habere
3210 4562 3346 4618 divi-

57 4653 162 4707 καὶ
230 4654 442 4726 ἑτέροις
500 4650 835 4723 μεταδιδόναι
877 4650 985 4703 τῶν
1031 4649 1422 4721 ἐνδεχομένων·
1456 4649 1661 4720 εῖρηται

1781 4671 1897 4709 nam
1928 4654 2300 4724 cognitionem
2328 4695 2342 4722 ,
2386 4653 2481 4710 sed
2520 4655 2936 4718 communicare.
2970 4669 3096 4710 cum
3133 4655 3349 4711 caeteris

55 4747 216 4818 γὰρ,
277 4743 650 4816 Ὺψηλότερὰ
700 4758 816 4798 σου
852 4740 983 4835 μὴ
1025 4739 1200 4807 ζήτει,
1243 4743 1340 4794 καὶ
1360 4738 1661 4835 ,ϐαθύτεριὶ

1781 4761 1896 4817 quae
1907 4747 2244 4817 excepimus.
2262 4744 2476 4802 Dictum
2497 4755 2582 4802 est
2599 4746 2745 4801 enim
2765 4764 2778 4800 :
2796 4746 3007 4800 Altiora
3032 4759 3079 4800 te
3096 4744 3183 4818 [ne
3204 4739 3363 4816 qua?

52 4835 221 4908 σου]
247 4836 335 4906 μὴ
361 4836 608 4904 ἐρεύναο
633 4829 1021 4902 ἂπροσέτάγη
1041 4846 1162 4896 σοι,
1193 4830 1376 4884 ταῦτα
1403 4829 1665 4885 διανοοῦ.

146 5012 655 5082 ’Ξῖ-κελευομένη.
686 5010 844 5064 Κατά
884 5010 974 5064 τὸν
1016 5009 1336 5063 ’Δπόστολον
1365 4971 1662 5081 {alumna}

54 5104 286 5158 Ταῦτα
301 5104 570 5174 παράθου
601 5102 838 5169 πιστοῖς
865 5103 1216 5171 ἀνθρώποις.

136 5195 398 5262 Τούτοις
428 5196 544 5250 οὖν
571 5195 670 5250 καὶ
699 5193 886 5264 ἡμεῖς.
932 5193 1260 5266 Σημείωσαι,
1301 5193 1461 5247 πόθεν
1489 5194 1581 5247 ἐπὶ
1607 5193 1668 5246 τὸ

44 5287 427 5358 συγγράφειν
453 5283 638 5360 ἦλθεν.

138 5378 440 5446 Ἰεροθέῳ.
477 5381 600 5432 Ὀτι
628 5380 686 5433 ὲν
713 5381 826 5442 τοῖς
854 5377 1273 5450 λεχθησομένοις
1293 5376 1363 5431 τὰ
1404 5376 1663 5448 Ἰεροθὲου

36 5469 399 5543 Epp-quatiet.

566 5613 676 5666 Ειε
707 5613 795 5666 το
821 5603 1079 5668 uno“.
1117 5614 1177 5665 Α.

118 5723 156 5794 §
193 5723 252 5775 ι.
309 5723 543 5794 ειενδὴ
573 5725 706 5780 οὖν.
738 5726 874 5794 Ἀγε
903 5725 966 5796 δὴ
994 5721 1110 5779 οὖν.
1195 5700 1198 5704 ’

137 5813 558 5884 Ἆφορίζουσι.
593 5818 668 5871 Τὸ
703 5819 801 5888 μὲν
827 5815 1174 5902 ἀρορίζοοσι
1211 5817 1332 5872 ἀντὶ
1359 5817 1452 5871 τοῦ
1482 5819 1688 5897 ἀνατιέ

117 6014 156 6054 ιι»
191 5999 358 6056 Gal.
389 6017 466 6072 ιιι,
499 6006 586 6063 l5.
690 6004 983 6079 «Philipp.
1009 6021 1067 6080 ιι,
1093 6013 1145 6079 8,
1225 6014 1246 6043 τ
1281 6005 1298 6060 l
1329 6003 1498 6074 Petr.,
1533 6021 1604 6072 ιγ,
1638 6020 1674 6059 ι.

1773 4839 1951 4904 sieris,
1983 4849 2033 4893 et
2077 4839 2430 4910 profundiora
2468 4838 2539 4912 te]
2569 4856 2671 4895 non
2700 4839 3045 4904 scrutaberis,
3093 4838 3184 4894 sed
3231 4856 3349 4910 quia

1775 4930 2032 4986 mandata
2061 4941 2184 4986 sunt
2212 4931 2326 4995 tibi,
2359 4931 2467 4986 haec
2497 4933 2669 5002 cogita
2695 4932 2760 4986 ‘.~
3077 4994 3080 4998 ,

1841 5018 2019 5088 lubet.
2055 5020 2369 5077 Secundum
2398 5021 2716 5091 Apostolum
2739 5020 3062 5094 [dicentem]
3085 5039 3099 5088 ;
3125 5020 3256 5076 ﬂare
3287 5020 3360 5090 [i-

1771 5111 1974 5166 delibus
2010 5098 2306 5166 hdminibus
2336 5111 2642 5166 commenda
2673 5123 2700 5152 ιι
2720 5151 2737 5168 .
2841 5175 2848 5181 _

1841 5201 1944 5259 His
1969 5204 2146 5274 itaque
2186 5203 2348 5258 etiam
2381 5220 2496 5258 nos.
2528 5203 2668 5258 Nota
2697 5203 2845 5260 unde
2874 5205 2941 5270 ad
2972 5210 3346 5266 commentan-

1773 5291 1902 5346 dum
1947 5293 2302 5362 processerit.
2879 5339 2881 5342 ‹
3341 5355 3346 5360 ,

1846 5385 2149 5440 Hierotheo.
2209 5384 2271 5440 In
2304 5385 2372 5442 iis
2399 5401 2522 5458 quae
2549 5395 2673 5460 post
2699 5388 2970 5454 dicentur,
2994 5401 3115 5457 quae
3152 5385 3344 5441 Hiero-

1775 5476 1883 5532 thei
1911 5485 2060 5542 sunt,
2077 5477 2336 5548 explicat.

2216 5689 2220 5693 _
2283 5611 2546 5686 124m
2583 5611 2737 5669 CAP.
2769 5611 2859 5668 tv.
2953 5625 2956 5632 -

1839 5723 1965 5781 Εἶεν
1994 5728 2059 5799 δὴ
2093 5724 2204 5782 οὖν.
2236 5726 2347 5799 Age
2381 5743 2529 5799 ergo.

1840 5819 2171 5887 Attribuunt,
2196 5819 2290 5875 Gr.
2326 5820 2664 5890 ἀφορίζουσι.
2696 5817 2872 5874 Dictio
2908 5819 3226 5889 άφορίζουσι
3250 5835 3343 5877 ao-

1778 6016 1797 6042 ε
1832 6004 1850 6059 1
1878 6003 2003 6060 Cor.
2042 6019 2102 6074 ll,
2134 6005 2185 6059 8.
2275 6008 2289 6043 ί
2321 5986 2487 6061 Εεριί.
2523 6019 2608 6071 ιιι,
2637 6003 2728 6061 22.
2808 6019 2834 6047 ιι
2864 6003 2906 6062 ΙΙ
2935 6005 3075 6064 Tim.
3108 6022 3178 6067 ιι,
3209 6001 3285 6073 9.,
3355 6001 3363 6024 ⁴
