3872 6564
581 478 686 536 259

1344 475 1685 532 APPENDIX
1717 475 1806 530 AD
1834 473 2060 532 OPERA
2105 472 2163 531 S.
2200 473 2494 531 DIONYSII
2529 475 3011 535 AREUPAGITE.

3729 486 3828 540 2w

574 595 826 666 cipienda
858 603 942 651 est
977 601 1035 649 ut
1065 594 1137 650 sit
1169 594 1315 651 idem
1347 595 1493 666 quod
1525 593 1865 658 attribuunt;
1897 590 2030 645 illud
2060 607 2130 645 au

2252 592 2439 647 θέασιν
2469 593 2768 664 ἐκληπτέον
2787 611 2798 624 ·
2831 595 2892 648 τὸ
2914 596 2971 650 δὲ
3018 595 3126 650 ἀπὸ
3167 596 3383 651 πάντων
3421 596 3711 670 δηλοῦσθαι
3740 601 3827 671 τὴν

567 697 708 755 tem,
744 690 812 745 ab
843 689 1103 743 omnibus
1136 687 1476 742 manifestari
1519 688 1838 750 bonitatem,
1874 683 2146 755 signiﬁcat

566 780 748 834 omnia
776 791 839 832 ex
865 779 1003 850 ipsa,
1041 786 1099 832 ut
1121 787 1331 843 essent,
1373 777 1642 850 produda
1672 776 1861 832 fuisse.

642 873 915 943 Tanquam
962 872 1336 927 substantiale.
1395 870 1742 925 Divinitatem
1789 883 1910 925 esse
1941 869 2142 923 bonum

564 964 881 1026 essentiale,
919 977 1116 1033 resque
1143 978 1335 1018 omnes
1377 978 1502 1018 cum
1537 961 1682 1017 bono
1711 960 2140 1024 communicare,

565 1057 709 1112 sicut
730 1063 910 1111 creata
934 1071 1060 1110 cum
1091 1055 1224 1112 sole.

637 1147 1090 1215 Quemadmodum
1120 1148 1201 1203 sol
1241 1148 1332 1204 ille
1375 1158 1572 1204 noster.
1619 1147 1791 1202 Nemo
1835 1146 2145 1216 suspicetur

565 1255 823 1310 magnum
855 1239 1175 1312 Dionysium
1206 1256 1270 1296 ex
1303 1242 1436 1297 solis
1460 1241 1710 1311 exemplo
1743 1239 2055 1295 omnimode
2078 1238 2146 1293 de

563 1331 766 1387 divinis
815 1332 983 1388 rebus
1026 1332 1309 1402 judicare;
1345 1349 1530 1388 verum
1583 1334 1658 1387 ita
1711 1333 1959 1403 cogitet:
1999 1331 2144 1386 sicut

563 1424 670 1490 sol,
709 1439 834 1478 eum
868 1424 1004 1477 nihil
1044 1424 1116 1478 sit
1148 1432 1345 1494 praeter
1372 1425 1575 1489 lumen,
1614 1439 1724 1478 non
1771 1424 1932 1478 habet
1959 1423 2141 1476 lumen

561 1523 621 1568 ut
651 1515 908 1572 accidens
951 1525 1006 1571 et
1043 1517 1251 1587 aliquid
1291 1516 1573 1572 diversum
1606 1518 1898 1583 exsistens,
1925 1525 2018 1570 aut
2059 1517 2144 1570 in-

561 1617 682 1663 star
708 1609 935 1662 animati
965 1610 1244 1664 voluntate
1279 1607 1655 1664 benefaciendi
1698 1609 1766 1662 ab
1806 1609 2024 1663 interno
2046 1624 2141 1663 seu

559 1716 591 1754 a
620 1702 806 1773 seipso
847 1703 1029 1758 lumen
1063 1703 1265 1774 accipit
1316 1711 1479 1772 atque
1518 1702 1572 1756 in
1604 1702 1788 1756 omnia
1826 1701 2138 1757 distribuit:

559 1796 896 1849 contrarium
928 1796 1096 1856 enim,
1147 1811 1274 1851 cum
1315 1811 1496 1867 neque
1521 1797 1796 1851 animatus
1828 1795 1920 1859 sit,
1965 1810 2143 1865 neque

558 1888 838 1943 voluntate
857 1887 1188 1950 benefaciat,
1215 1889 1429 1944 ratione
1453 1888 1723 1958 siquidem
1750 1896 1921 1948 caret.
1963 1901 2142 1956 neque

2245 683 2394 738 θείαν
2450 685 2786 756 ἀγαθὸτητα,
2850 687 2911 739 τὺ
2966 687 3144 741 πάντα
3189 685 3250 753 ἐξ
3279 689 3450 760 αὐτῆς
3477 689 3523 720 ⁸⁸
3554 689 3825 760 παρῆχθαι

2245 775 2381 848 πρὸς
2411 775 2644 848 ὓπαρξιν
2662 777 2830 848 δηλοῖ.

2327 868 2419 934 Ὡς
2436 867 2744 935 οὐσιῶδες.
2771 869 3162 936 emeatuss;
3190 871 3392 940 ἀγαθὸν
3420 873 3554 926 αὐτὸ
3581 872 3818 925 160550:-

2244 961 2338 1013 καὶ
2372 961 2452 1014 ὅτι
2496 959 2592 1014 τοῦ
2635 959 2844 1029 ἀγαθοῦ
2871 961 3050 1018 πάντα
3079 963 3148 1017 τὰ
3176 962 3306 1016 ὄντα
3362 963 3603 1035 μετέχει,
3635 964 3710 1026 ὡς
3737 964 3820 1016 τοῦ

2241 1051 2395 1121 ἡλίου
2425 1051 2495 1104 τὰ
2525 1051 2743 1123 ποιητά.

2315 1141 2544 1209 Ὠσπερ
2572 1144 2605 1194 ό
2645 1143 2773 1195 καθ’
2807 1138 2968 1210 ἡμᾶς
3011 1141 3203 1210 ἥλιος.
3252 1143 3459 1214 Μηδεὶς
3513 1142 3820 1196 ὑπολαϐέτω

2244 1233 2381 1303 πρὸς
2412 1231 2473 1286 τὸ
2508 1233 2602 1286 τοῦ
2629 1233 2782 1306 ἡλίου
2827 1235 3179 1306 παράδειγμα
3224 1235 3536 1307 ὁλοκλήρως
3582 1235 3655 1288 τὰ
3704 1239 3817 1306 περὶ

2241 1325 2377 1378 Θεοῦ
2407 1326 2613 1398 κρίνειν
2660 1327 2753 1381 τὸν
2811 1328 2984 1399 μέγαν
3027 1330 3328 1383 Διονύσιον·
3376 1329 3491 1383 ἀλλ’
3521 1329 3671 1382 οὕτω
3697 1331 3817 1382 νοεί-

2245 1417 2377 1482 σθω,
2408 1418 2597 1492 ὥσπερ
2629 1421 2658 1473 6
2681 1420 2853 1492 ἥλιος,
2884 1423 2983 1475 οὐκ
3006 1421 3133 1476 ἄλλο
3161 1439 3215 1476 τι
3237 1419 3322 1475 ὢν
3349 1422 3498 1493 παρὰ
3527 1422 3589 1474 τὺ
3609 1422 3745 1490 φῶς,
3764 1423 3815 1475 οὔ

2243 1510 2521 1582 συμϐατὺν
2553 1511 2664 1583 ἔχει
2691 1511 2754 1565 τὸ
2790 1512 2906 1582 φῶς
2947 1514 3042 1566 καὶ
3094 1513 3170 1578 ὡς
3201 1513 3328 1568 ἄλλο
3355 1531 3406 1565 τι
3425 1511 3499 1565 ὢν
3533 1513 3816 1584 ἧψυχικῶς

2243 1603 2566 1675 προαιρέσει
2589 1604 2682 1657 τοῦ
2711 1605 3020 1676 εὐεργετεῖν
3063 1605 3266 1660 ἔσωθεν
3292 1604 3560 1676 λαμϐάνει
3590 1606 3656 1658 τὸ
3684 1605 3807 1675 φῶς,

2242 1697 2338 1750 καὶ
2375 1697 2676 1751 διαδίδωσιν
2705 1700 2785 1761 είς
2804 1697 3010 1752 πάντα·
3040 1699 3350 1752 τούναντίον
3396 1698 3535 1770 γάρ’
3570 1697 3695 1750 οὔτε
3724 1698 3802 1767 ψυ-

2241 1791 2396 1861 χικὸς
2422 1789 2518 1856 ὢν,
2560 1790 2684 1844 οῦτε
2733 1792 3050 1863 προαίρεσιν
3098 1791 3238 1863 ἔχων
3286 1793 3583 1864 εὐεργετεῖ,
3638 1791 3810 1860 ἄλογος

2244 1883 2354 1954 γάρ
2372 1900 2386 1913 ⁶
2418 1884 2511 1936 καὶ
2539 1883 2660 1938 οὐδε
2681 1880 2946 1954 ἑτέρωθεν
2967 1883 3029 1936 τὸ
3058 1884 3174 1953 φῶς
3199 1883 3490 1955 λαμϐάνων
3509 1901 3524 1914 ·
3557 1883 3693 1936 αὐτὸ
3711 1884 3806 1953 γὰρ

559 1975 628 2030 ab
648 1977 754 2031 alio
786 1977 970 2032 lumen
1013 1977 1250 2048 accipit;
1281 1985 1364 2032 est
1388 1977 1532 2032 enim
1574 1977 1678 2031 hoc
1720 1976 1896 2047 ipsum
1933 1976 2130 2037 lumen,

2240 1973 2399 2027 τοῦτο
2418 1974 2532 2044 φῶς
2563 1977 2681 2028 ἐστι
2711 1975 2804 2028 καὶ
2831 1973 3082 2045 φωτίζει·
3124 1975 3267 2028 οὕτω
3303 1977 3408 2048 χρὴ
3451 1975 3614 2028 τοῦτο
3670 1977 3809 2046 μόνον

558 2077 614 2123 et
639 2069 1052 2135 illuminat;ita
1105 2074 1322 2138 oportet
1356 2068 1458 2122 hoc
1505 2069 1666 2122 etiam
1723 2069 1898 2121 solum
1929 2067 1995 2121 de
2027 2065 2130 2120 Deo

2238 2066 2335 2119 καὶ
2372 2067 2465 2119 ἐπὶ
2497 2066 2633 2120 Θεοῦ
2675 2069 2836 2130 νοεῖν,
2866 2067 2948 2120 ὅτι
2975 2069 3004 2118 6
3029 2067 3162 2130 Θεὸς
3186 2065 3248 2120 τὸ
3274 2067 3480 2136 ἀγαθὸν
3528 2068 3590 2120 οὐ
3627 2068 3809 2138 συμϐε-

558 2159 823 2230 cogitare,
867 2159 1128 2214 nimirum
1173 2157 1344 2213 Deum
1393 2173 1504 2212 non
1549 2157 1750 2214 habere
1796 2158 1998 2212 bonum
2043 2170 2130 2227 per

2238 2158 2487 2229 ὄηκὸτως
2518 2159 2653 2229 ἔχει,
2684 2159 2936 2231 καθάπερ
2977 2160 3098 2212 τινὰ
3127 2159 3404 2230 ποιότητα,
3434 2159 3513 2222 ὡς
3538 2161 3702 2230 ἡμεῖς
3727 2161 3808 2222 τὰς

556 2251 814 2307 accidens
842 2259 902 2304 ut
923 2251 1241 2321 qualitatem
1274 2250 1536 2320 aliquam,
1567 2250 1710 2304 sicut
1739 2265 1840 2305 nos
1865 2249 2094 2304 virtutes
2118 2267 2134 2316 ;

555 2345 651 2399 sed
681 2344 826 2414 quod
859 2360 984 2397 cum
1015 2345 1129 2413 ipse
1172 2342 1315 2398 Deus
1369 2344 1441 2398 sit
1487 2344 1728 2398 essentia
1767 2343 1919 2408 boni,
1945 2359 2138 2413 quem-

553 2437 848 2492 admodum
881 2436 1062 2489 lumen
1086 2443 1169 2491 est
1197 2435 1436 2490 essentia
1471 2434 1625 2501 solis,
1661 2445 1823 2506 atque
1856 2445 1915 2490 ut
1962 2437 2008 2490 is
2040 2436 2134 2506 qui

554 2532 733 2601 ipsum
764 2530 966 2584 bonum
998 2535 1082 2583 est
1119 2527 1284 2592 Deus,
1316 2527 1582 2582 bonitatis
1616 2527 1963 2599 splendorem
1988 2529 2135 2583 circa

553 2636 747 2676 omnes
776 2619 1047 2682 extendit,
1077 2617 1469 2674 benefacieudo
1501 2618 1568 2673 iis
1604 2621 1695 2688 qui
1721 2619 2132 2673 illuminantur:

553 2713 741 2782 itaque
794 2711 925 2765 dicit
978 2709 1112 2764 solis
1159 2709 1492 2779 exemplum,
1525 2709 1616 2778 qui
1641 2709 1932 2764 obscuram
1965 2720 2018 2763 et
2046 2708 2135 2762 vix

553 2811 904 2876 apparentem
954 2800 1117 2872 primi
1167 2800 1518 2872 exemplaris,
1580 2800 1725 2871 quod
1776 2801 1925 2855 nullo
1974 2799 2136 2854 modo

455 2953 458 2956 ,
552 2895 1019 2956 communicatur,
1064 2893 1352 2962 imaginem
1385 2894 1578 2960 habet;
1611 2895 1658 2948 si
1685 2894 1830 2947 enim
1869 2893 2135 2964 imagines

550 2989 830 3044 veritatem
864 2988 1163 3054 baberent,
1191 3002 1302 3041 non
1349 2987 1584 3056 amplius
1629 2994 1816 3042 essent
1855 2985 2134 3055 exempla-

549 3079 630 3134 ria
645 3119 661 3145 ,
676 3078 770 3134 sed
811 3080 1126 3150 archetypa.
1989 3077 1996 3082 ’

623 3170 965 3225 Intellectiles
1006 3181 1055 3225 et
1102 3170 1470 3240 intelligentes.
1564 3168 1794 3238 Proprie
1858 3169 2135 3240 loquendo

551 3263 701 3317 aliud
737 3270 822 3318 est
853 3262 1040 3334 νοητόν
1075 3271 1128 3316 et
1157 3261 1303 3314 aliud
1337 3259 1543 3330 νοερόν.
1573 3258 1709 3314 Nam
1755 3260 1900 3330 quod
1930 3261 2134 3314 intelli-

550 3354 696 3423 gitur
733 3361 816 3407 est
860 3352 1009 3408 velut
1062 3351 1384 3406 alimentum
1454 3349 1576 3420 ejus
1636 3353 1782 3422 quod
1824 3351 2078 3421 intelligit
2113 3370 2126 3406 ι

549 3443 994 3514 quandoquidem
1026 3442 1173 3513 quod
1218 3443 1544 3514 intelligitur
1574 3458 1671 3498 seu
1716 3443 1924 3515 νοητόν,
1974 3443 2132 3498 nobi-

550 3537 659 3592 lius
682 3538 772 3600 sit,
805 3545 861 3592 et
891 3545 1050 3592 antea
1090 3535 1424 3607 intelligatur
1453 3537 1544 3590 illo
1573 3535 1718 3606 quod
1754 3536 2006 3607 intelligit
2033 3553 2129 3592 seu

551 3626 698 3696 quod
728 3633 813 3680 est
860 3624 1066 3696 νοερόν.
1124 3625 1448 3696 Superiores
1506 3626 1675 3696 igitur
1703 3632 1756 3680 et
1796 3625 1964 3679 vieini
2020 3624 2130 3681 Deo

551 3719 772 3776 ordines
797 3719 1015 3789 proprie
1043 3717 1256 3773 dicendi
1282 3727 1410 3774 sunt
1439 3720 1634 3790 νοητὰς
1661 3717 1948 3774 inferiores
1975 3735 2125 3785 vero,

552 3812 716 3882 νοερά
741 3820 801 3867 ιιι
826 3813 919 3882 qui
947 3813 1254 3884 intelligant
1284 3813 1626 3882 superiores:
1659 3826 1766 3865 non
1796 3812 1917 3866 ideo
1946 3818 2126 3867 tamen

549 3903 698 3973 quod
727 3905 894 3975 νοητά
927 3904 1184 3959 dicantur
1207 3919 1277 3960 ea
1310 3919 1432 3974 qua:
1461 3902 1860 3973 intelliguntur,
1898 3918 2130 3958 censen-

548 3996 680 4049 dum
701 4003 788 4051 est
813 3996 960 4064 ipsos
980 4011 1088 4049 non
1121 3995 1422 4066 intelligere
1448 4012 1464 4060 ;
1496 3995 1586 4048 illa
1619 3993 1762 4048 enim
1794 3994 2124 4064 intelligunt,

547 4086 807 4156 quoniam
847 4095 1058 4142 mentes
1088 4099 1218 4142 sunt
1249 4095 1304 4142 et
1334 4087 1655 4143 substantia:
1690 4086 1814 4140 vitae
1841 4097 1897 4153 et
1928 4087 2126 4140 mentis

550 4191 819 4246 suprema:
859 4187 1086 4244 creatae;
1119 4180 1367 4248 quinimo
1403 4179 1513 4231 illic
1565 4179 1730 4231 etiam
1767 4187 1894 4232 sunt
1926 4194 2125 4248 opera-

549 4265 730 4320 tiones
774 4264 1024 4320 eﬂlcaces
1051 4265 1418 4321 subsistentes
1447 4273 1500 4319 et
1529 4266 1812 4319 essentiae:
1839 4267 2018 4319 omnis
2049 4269 2126 4321 si-

547 4360 769 4430 quidem
814 4368 995 4414 motus
1020 4368 1074 4414 et
1101 4360 1259 4429 quies
1301 4361 1415 4413 illic
1467 4369 1594 4414 sunt
1642 4359 2040 4424 subsistentes,
2071 4368 2126 4414 et

553 4456 782 4507 virtutes
803 4453 960 4518 virm,
1009 4452 1164 4522 125
1195 4461 1358 4523 atque
1389 4452 1553 4508 ﬂuxis
1583 4453 1974 4523 corporeisque
2005 4470 2125 4507 mu-

551 4545 851 4599 tationibus
902 4546 1254 4615 superiores:
1288 4545 1409 4599 ideo
1465 4545 1849 4615 intelliguntur
1877 4547 2119 4616 quidem,

2238 2251 2464 2322 ἀρετάς·
2512 2252 2625 2324 ἀλλ’
2671 2252 2829 2306 οὐσία
2859 2251 2954 2304 τοῦ
2987 2251 3196 2320 ἀγαθοῦ
3238 2252 3402 2315 αὐτὸς
3427 2253 3456 2303 6
3481 2252 3620 2316 Θεὸς
3651 2253 3806 2322 ὑπάρ-

2236 2361 2367 2414 χων,
2399 2344 2588 2416 ὥσπερ
2606 2345 2700 2398 καὶ
2723 2344 2784 2397 τὸ
2810 2345 2944 2414 φῶς,
2978 2344 3135 2398 οὐσία
3183 2343 3356 2414 ἡλίου,
3391 2345 3486 2398 καὶ
3508 2345 3586 2407 ὡς
3615 2345 3743 2398 αὐτὸ
3760 2344 3808 2394 τὸ

2233 2435 2438 2503 ἀγαθὸν
2457 2435 2532 2488 ὣν
2557 2437 2586 2488 6
2618 2435 2750 2499 Θεὸς
2781 2436 3009 2490 ἐκτείνει
3043 2437 3172 2507 περὶ
3203 2436 3414 2499 πάντας
3429 2437 3533 2507 τὴν
3561 2435 3669 2506 τῆς
3690 2437 3803 2502 ἁγα-

2239 2528 2461 2600 θότητος
2498 2527 2692 2600 αἴγλην
2719 2527 2806 2582 διὰ
2833 2528 2927 2581 τοῦ
2957 2529 3312 2599 εὐεργετῆσαι
3347 2529 3476 2590 τοὺς
3517 2527 3804 2598 φωτιζομέ-

2234 2637 2388 2685 νους·
2441 2621 2562 2674 ὅθεν
2608 2621 2741 2692 φησὶ
2767 2621 2826 2674 τὸ
2852 2619 2947 2674 τοῦ
2985 2619 3136 2692 ἡλίου
3185 2620 3558 2692 παράδειγμα,
3591 2619 3672 2682 ὡς
3701 2635 3804 2671 σκο-

2235 2715 2416 2787 τεινὴν
2440 2715 2532 2768 καὶ
2563 2711 2749 2786 σχεδὸν
2795 2714 2978 2784 ἀφανῆ
3023 2711 3206 2767 εἰκόνα
3234 2712 3331 2765 τοῦ
3361 2712 3644 2775 παντελῶς
3672 2713 3800 2765 ἀκοι-

2236 2809 2476 2879 νωνήτου
2525 2802 2836 2878 ἀρχετύπου
2861 2805 3000 2875 ἔχει·
3025 2807 3073 2859 εί
3106 2805 3216 2877 γὰρ
3247 2806 3303 2858 αί
3326 2805 3533 2868 είκὸνες
3560 2804 3801 2875 ἀλήθειαν

2235 2897 2401 2971 εἶχον,
2434 2899 2618 2953 οὐκέτι
2638 2893 2780 2973 ἦσαν
2818 2897 3262 2970 παραδείγματα,
3301 2895 3412 2950 ἀλλ’
3441 2896 3742 2968 ἀρχέτυπα.

2306 3163 2616 3232 Αί·νοηταί
2671 3163 2770 3217 καί
2827 3163 3047 3231 γοεραί.
3105 3162 3264 3215 Κατὰ
3305 3161 3604 3234 κυριότητα
3636 3163 3798 3232 ἕτερον

2235 3257 2354 3308 ἐστι
2380 3256 2618 3323 νοητὸν,
2644 3256 2739 3308 καὶ
2758 3255 2940 3326 ἕτερον
2956 3255 3190 3322 γοεράν.
3211 3255 3284 3308 Τὸ
3304 3254 3414 3324 γὰρ
3431 3255 3628 3326 νοητὸν
3645 3257 3796 3327 τροφὴ

2236 3343 2327 3403 οἷά
2355 3366 2440 3412 τις
2467 3348 2560 3402 τοῦ
2586 3348 2774 3420 νοεροῦ
2804 3350 2971 3411 ἐστιν,
3012 3349 3172 3418 εἰπερ
3203 3348 3263 3401 τὸ
3306 3348 3619 3419 νοούμενον,
3648 3351 3676 3402 ὃ
3703 3352 3795 3401 ἐστι

2231 3439 2443 3512 νοητὸν,
2480 3440 2661 3512 μεῖζόν
2686 3442 2800 3493 ἐστι
2829 3441 2924 3494 καὶ
2969 3439 3461 3511 προεπινοούμενον
3493 3439 3594 3493 τοῦ
3636 3440 3794 3493 νοοῦν

2229 3551 2340 3600 τος,
2376 3537 2404 3589 ὃ
2455 3537 2570 3588 ἐστι
2616 3533 2817 3606 νοερόν.
2863 3534 2943 3588 Τὰ
3001 3535 3098 3606 μὲν
3143 3529 3236 3588 οὖν
3296 3535 3667 3606 ὑπερκείμενα
3719 3535 3794 3587 καὶ

2230 3630 2470 3700 προσεχῆ
2499 3627 2580 3699 τῷ
2607 3627 2727 3699 Θεῷ
2760 3626 3017 3698 τάγματα
3043 3627 3208 3698 νοητὰ
3241 3627 3447 3699 κυρίως
3466 3628 3712 3681 λεκτέον
3739 3629 3792 3678 τὰ

2230 3723 2287 3776 δὲ
2320 3722 2700 3793 ὑποϐεϐηκότα
2728 3721 2911 3792 νοερὰ,
2948 3716 3042 3775 ἅτε
3059 3720 3283 3774 νοοῦντα
3309 3719 3377 3774 τὰ
3411 3721 3788 3796 ὑπερκείμενα·

2229 3814 2326 3883 οὐχ
2357 3815 2436 3866 δτι
2465 3813 2521 3867 δὲ
2557 3813 2724 3883 νοητά
2758 3815 2874 3866 ἐστι
2903 3812 2971 3866 τὰ
3012 3812 3298 3884 νοούμενα,
3345 3811 3630 3883 νομιστέον
3675 3810 3792 3865 αὐτὰ

2233 3907 2306 3977 μὴ
2336 3908 2509 3958 νοεῖνο
2543 3909 2654 3959 νοεῖ
2697 3906 2806 3978 γὰρ
2857 3907 2949 3960 καὶ
2994 3905 3152 3969 αὐτὰ,
3198 3905 3386 3976 ἐπειδὴ
3437 3905 3558 3968 νόες
3585 3907 3689 3958 είσὶ
3714 3903 3789 3956 καὶ

2226 3997 2402 4050 οὐσίαι
2437 3996 2580 4069 ζωῆς
2601 4000 2694 4052 καὶ
2724 3998 2817 4051 νοῦ
2841 3998 3118 4051 ἀνωτάτου
3140 3997 3202 4068 δη
3213 3996 3647 4067 μιουργηθεῖσαι·
3676 3995 3787 4049 ἀλλὰ

2227 4091 2321 4143 καὶ
2348 4089 2619 4161 ἐνέργειαι
2647 4092 2766 4144 ἐκεῖ
2794 4089 3147 4143 ἐνυπόστατοί
3177 4091 3280 4142 είσι
3311 4091 3406 4142 καὶ
3423 4089 3604 4144 οὐσίαι
3625 4107 3637 4120 ⁸
3664 4091 3786 4142 πᾶσι

2226 4179 2335 4249 γὰρ
2381 4180 2593 4250 κίνησις
2649 4181 2742 4233 καὶ
2793 4181 3000 4252 ἠρεμία
3047 4181 3168 4233 ἐκεῖ
3218 4180 3399 4251 μέντοι
3454 4175 3786 4231 ὲνυπὸστατοί

2226 4273 2353 4334 είσι,
2384 4272 2477 4324 καὶ
2507 4270 2763 4341 δυνάμεις
2809 4271 3001 4336 ζῶσαι,
3034 4273 3129 4325 καὶ
3155 4271 3266 4324 τῶν
3299 4271 3538 4343 ρευστῶν
3581 4272 3671 4323 καὶ
3702 4286 3785 4321 σω-

2229 4362 2470 4433 ματικῶν
2514 4362 2846 4416 ἁλλοιώσεων
2894 4361 3223 4437 ὑπέρτεραι·
3264 4363 3344 4417 διὸ
3389 4363 3638 4418 νοοῦνται
3684 4364 3809 4434 μὲννῖ

2225 4449 2301 4513 ὡς
2327 4451 2480 4504 ἄῦλοι
2501 4468 2514 4480 ’
2539 4450 2719 4504 νοοῦσι
2737 4450 2792 4504 δὲ
2825 4451 2894 4504 τὰ
2923 4451 3074 4515 ὄντα,
3121 4453 3198 4516 ὼς
3225 4453 3345 4516 νόες
3389 4451 3673 4523 ἀσώματοι
3709 4447 3807 4503 καὶ¹

2226 4541 2327 4595 ΰπε
2337 4541 2581 4613 ρκὸσμιοι
2608 4542 2814 4596 ἄνωθεν
2851 4543 3094 4616 ὲλλαμπό
3103 4562 3254 4617 μενοι
3291 4547 3418 4608 τοὺς
3441 4563 3507 4598 πε
3515 4547 3572 4617 ρὶ
3592 4547 3695 4598 τῶν
3710 4544 3782 4596 ὃν·
3801 4525 3805 4621 Il

552 4648 610 4691 ut
669 4638 909 4691 materiae
962 4645 1264 4707 expertes;
1314 4637 1622 4706 intelligunt
1671 4647 1850 4692 autem
1901 4655 2010 4702 res,
2064 4649 2123 4692 ut

2236 4649 2333 4687 των
2359 4634 2566 4702 λόγους,
2599 4637 2692 4688 καὶ
2735 4635 3141 4701 διαϐιϐάζοντες
3183 4638 3381 4702 αὐτοὺς
3412 4639 3689 4709 μυστικῶς
3717 4637 3801 4698 εξςι

551 4740 759 4783 mentes
789 4728 1124 4798 incorporea:
1145 4727 1457 4798 urendoque
1485 4728 1706 4782 altiores
1729 4727 1782 4781 in
1817 4729 2121 4785 rationibus

549 4836 735 4876 rerum
768 4834 1005 4890 superne
1062 4820 1342 4884 illustrati,
1393 4819 1650 4889 ipsasque
1679 4819 1910 4890 mystice
1940 4820 2006 4874 ad
2037 4821 2124 4874 in-

550 4914 779 4968 feriores
821 4913 1042 4983 angelos
1083 4927 1206 4967 cum
1242 4913 1517 4968 intellectu
1549 4920 1604 4967 et
1633 4913 1962 4968 rerelatione
2011 4926 2123 4969 tra-

545 5005 821 5074 jicnentes.
869 5003 1030 5058 Potes
1053 5013 1234 5058 autem
1274 5004 1380 5058 alio
1417 5003 1580 5058 etiam
1609 5003 1777 5059 modo
1810 5005 2038 5062 virtutes
2067 5015 2122 5061 et

549 5084 796 5150 actionés
813 5095 1063 5150 eﬂieaces
1084 5096 1411 5167 intelligere:
1435 5097 1663 5152 virtutes
1684 5095 1922 5166 quidem,
1952 5085 2120 5168 quod,

551 5202 675 5241 cum
730 5186 958 5241 necdum
992 5194 1256 5241 creatura:
1306 5196 1650 5258 apparerent,
1693 5188 1875 5241 omnia
1921 5189 2123 5243 virtute

553 5278 608 5330 in
648 5276 756 5330 Deo
813 5285 968 5330 antea
1020 5276 1383 5343 substiterint,
1435 5278 1504 5331 ab
1531 5293 1597 5332 eo
1649 5285 1709 5330 ut
1757 5285 1943 5333 essent
1995 5293 2122 5350 pro-

551 5368 836 5422 ducenda:
865 5382 1029 5436 porro
1067 5368 1310 5422 actiones
1355 5367 1623 5434 eﬂicaees,
1675 5371 1819 5439 quod
1869 5382 2120 5426 creatura

551 5461 713 5514 etiam
744 5461 811 5515 ad
842 5461 1212 5531 operationem
1241 5461 1498 5531 perducta
1531 5463 1711 5517 fuerit.
1752 5464 1988 5521 Adverte
2017 5480 2118 5519 au-

551 5561 657 5606 tem
685 5555 956 5622 quomodo
991 5553 1119 5608 illud
1159 5553 1321 5622 Ilua:
1377 5555 1690 5608 mutationes
1744 5558 2112 5625 exposuerim,

551 5644 809 5712 quoniam
845 5652 896 5698 et
926 5645 1101 5716 angeli
1135 5644 1420 5700 mutabiles
1455 5653 1605 5711 sunt,
1639 5646 1895 5701 nimirum
1930 5648 1984 5702 in
2018 5664 2114 5702 co-

2223 4725 2349 4789 τοὺς
2399 4726 2808 4797 ὑποδεΰηκάτας
2851 4729 3117 4797 ἀγγέλους
3151 4729 3357 4801 νοητῶς
3393 4729 3488 4783 καὶ
3530 4729 3799 4801 ἀποκαλυοι

2224 4817 2452 4882 πτικῶς.
2486 4819 2626 4893 Δύνῃ
2653 4821 2712 4874 δὲ
2740 4822 2833 4874 καὶ
2863 4821 3038 4884 ἄλλως
3072 4799 3266 4892 νοῆσαι
3303 4823 3365 4875 τὸ
3400 4822 3657 4894 δυνάμεις
3705 4799 3797 4915 mill

2223 4912 2490 4983 ἐνέργειαι
2510 4927 2524 4942 ·
2549 4911 2650 4965 δυ)
2662 4911 2829 4983 ήμεις
2870 4914 2968 4984 μὲν
3010 4913 3138 4984 γὰρ,
3167 4915 3248 4967 ὅτι
3282 4913 3397 4979 καὶ,
3434 4915 3600 4985 μήπω
3619 4913 3717 4966 τῶν
3735 4912 3793 4989 iw]

2221 5005 2496 5074 τῇ“’κτίσει
2515 5004 2808 5074 φανέντων,
2835 5005 3061 5076 δυνάμει
3093 5006 3272 5058 πάντα
3299 5007 3356 5058 ὲν
3388 5004 3468 5076 τῷ
3504 5004 3624 5076 Θεῷ
3645 5004 3791 5072 προῦο,

2224 5099 2508 5168 φεστήκει,
2540 5097 2800 5169 μέλλοντα
2817 5098 3160 5169 παράγεσθαι
3181 5098 3248 5152 δι’
3267 5097 3434 5151 αὐτοῦ
3455 5098 3535 5160 είς
3547 5098 3608 5150 τὸ
3627 5093 3750 5148 εἶναι
3764 5103 3789 5135 ἰ

2221 5188 2506 5259 ἐνέργειαι
2527 5190 2606 5253 δὲ,
2637 5191 2720 5243 ὃτι
2740 5190 2990 5262 καὶπρὸς
3037 5189 3196 5262 ἔργον
3228 5193 3261 5261 ἡ
3291 5189 3623 5262 δημιουργία
3658 5189 3787 5281 739',"

2215 5279 2376 5352 ήχθη.
2415 5281 2732 5353 Σημείωσαι
2764 5282 2822 5335 δὲ
2863 5283 2959 5335 καὶ
2993 5282 3056 5336 τὸ
3100 5281 3210 5350 τῆς
3232 5280 3502 5349 ῥευστῆς
3543 5277 3783 5355 ἀλλοιὼπ

2221 5386 2374 5439 σεως
2413 5373 2488 5438 ὡς
2509 5376 2850 5452 ἡρμήνευσα,
2886 5374 3074 5445 ἐπειδὴ
3097 5374 3322 5447 τρεπτοὶ
3356 5374 3450 5428 καὶ
3477 5374 3529 5426 οί
3557 5371 3781 5452 ἄγγελοιί

2221 5391 2374 5439 σεως
2413 5391 2488 5438 ως
2509 5391 2850 5452 ηρμηνευσα,
2886 5391 3074 5445 επειοη
3097 5391 3322 5447 τρεπτοι
3356 5391 3450 5428 και
3477 5391 3529 5426 οι
3557 5391 3781 5520 arvus:

2221 5465 2362 5519 κατὰ
2397 5469 2622 5538 γνώμην
2644 5466 2905 5537 δηλονότι,
2937 5466 3031 5520 καὶ
3060 5467 3158 5519 οὐκ
3189 5466 3397 5529 οὐσίαν,
3426 5467 3501 5529 ὡς
3536 5480 3777 5538 μαρτυρἸ

2219 5559 2248 5609 6
2266 5527 2536 5621 diﬁcia,
2558 5527 2654 5612 καὶ
2689 5527 2750 5614 τὸ
2763 5527 2954 5630 τάγμα
2988 5557 3178 5623 αὐτοῦ,
3202 5527 3390 5616 πεσὼν
3415 5527 3491 5612 ἐκ
3507 5527 3602 5611 τοῦ
3618 5527 3777 5649 'oem'

2219 5650 2333 5712 νοῦ,
2363 5649 2439 5712 ὡς
2465 5650 2559 5703 καὶ
2585 5651 2642 5703 ὲν
2670 5649 2747 5721 τῷ
2780 5649 2897 5704 Ἰὼϐ
2918 5652 2978 5723 ἔγ
3001 5670 3132 5723 ’μενο
3497 5688 3520 5709 ο
3771 5655 3773 5721 l

1469 5803 1698 5860 VARI/l5
1733 5804 2115 5864 LECTIONES
2148 5806 2236 5862 ET
2273 5806 2828 5867 COltltECTIONES.

635 5961 688 6033 _"
726 5959 893 6017 πάντα
918 5959 981 6013 δι’
1014 5960 1197 6033 ιὺἠς.
