3872 6534
110 415 209 474 241

881 423 938 478 S.
978 421 1227 480 MAXIM!
1263 423 1559 483 SCHOLIA
1594 425 1660 480 IN
1694 425 1822 482 LIB.
1865 426 1952 480 DE
1991 425 2243 482 DlVlNlS
2280 423 2676 483 NOMiMDUS.

3278 422 3384 477 242

109 545 382 615 gnitioue,
418 557 529 596 non
569 556 699 597 vero
729 542 786 596 in
818 544 1085 609 essentia,
1134 544 1279 600 sicut
1343 545 1636 600 conllrmat
1663 545 1938 607 diabolus,
1999 545 2228 615 ejusque
2277 552 2574 607 exerentus,
2641 558 2672 596 e
2727 541 2870 596 cwlo
2915 539 3197 609 delapsus,
3240 540 3382 594 sicut

109 636 383 692 habemus
414 637 470 690 in
516 635 641 692 Job.

183 725 406 796 Φθορᾶς
431 726 530 782 καί
558 728 836 784 θανάτου.
874 729 1061 786 Ταῦτα
1091 727 1204 801 γάρ
1237 729 1504 801 σωμάτων
1536 731 1665 786 ίδια.

1874 731 1915 782 Α
1960 727 2296 796 corruptione
2339 736 2387 780 et
2445 735 2630 781 morte.
2678 724 2802 782 Haec
2853 724 2998 782 enim
3054 723 3386 794 corporibus

185 910 427 976 οἰκείως
476 909 904 980 ἐλλάμπων-ται.
966 913 1088 966 Ὅτι
1145 911 1216 966 τὰ
1271 912 1540 983 ἀσώματα
1603 914 1696 966 καὶ

104 1003 336 1072 οὐράνια
371 1002 619 1057 νοοῦνται
649 1004 741 1057 καὶ
768 1004 970 1058 νοοῦσι.

178 1095 289 1148 Kal
313 1095 546 1164 sapovpa
573 1097 670 1150 καὶ
703 1097 894 1151 ἑστία.
918 1093 1081 1167 Mevi}
1097 1093 1190 1150 καὶ
1217 1095 1370 1150 ἑστία
1397 1097 1463 1152 ὲκ
1491 1096 1698 1168 παραλη

102 1186 271 1258 λήλου
308 1187 508 1241 ταύτὸν
547 1189 892 1260 σημαίνουσι.
943 1189 1117 1242 Φίλων
1149 1189 1180 1240 ὁ
1222 1185 1474 1251 Ἰουδαῖος
1513 1190 1575 1244 ὲν
1618 1187 1698 1258 τῷ

103 1281 247 1348 Περί
298 1278 411 1348 τῆς
447 1280 742 1350 salarii-nc,-
771 1283 1074 1351 ῥομφαίας
1112 1281 1210 1334 καὶ
1253 1278 1373 1334 τῶν
1415 1279 1698 1349 κερουϐἰμ

102 1371 250 1442 λόγῳ
280 1371 447 1441 φησιν
479 1370 682 1442 οὕτως’,
705 1373 770 1426 Ἦ
788 1373 846 1427 δὲ
869 1373 1026 1444 μονὴ,
1048 1370 1269 1426 τῶν-τοῦ
1289 1372 1495 1443 κόσμου
1516 1372 1697 1443 μερῶν

101 1463 320 1516 ἑστῶσα
355 1463 589 1530 παγίως,
621 1463 776 1516 ἑστία
807 1464 942 1534 προς
967 1463 1076 1517 τῶν
1104 1463 1348 1518 παλαιῶν
1386 1463 1695 1528 εὐθυὸόλως

99 1555 443 1624 ὠνόμασται.
489 1553 660 1608 Τοῦτο
713 1555 771 1610 δὲ
828 1557 923 1609 καὶ
962 1558 1075 1612 ἄνω
1107 1558 1262 1631 φησι,
1287 1557 1418 1629 περὶ
1445 1558 1508 1610 τὸ
1542 1557 1696 1622 τέλος

97 1647 194 1698 τοῦ
231 1645 452 1715 πρώτου
487 1647 801 1717 κεφαλαίου,
837 1649 895 1700 ὲν
922 1651 988 1720 τῇ
1019 1649 1152 1722 ἕκτῃ
1190 1653 1549 1721 παραγραφῇ.

170 1738 280 1808 ςιι.
301 1737 558 1792 Ἐκεῖθεν
582 1739 810 1806 αὐταῖς.
833 1741 906 1812 Ση
915 1740 1144 1812 μείωσαι
1169 1740 1241 1795 τά
1256 1743 1385 1814 περὶ
1404 1741 1513 1794 τῶν
1533 1742 1694 1810 ἀγγέ-

97 1829 226 1894 λων,
252 1829 349 1883 καὶ
375 1831 456 1883 ὅτι
493 1831 563 1885 τά
594 1832 751 1897 ᾰῦλα,
789 1834 882 1885 καὶ
901 1834 960 1888 ὲν
977 1831 1226 1904 ἀλλήλοις
1254 1837 1424 1905 χωρεῖ
1455 1832 1694 1903 ἀσυγχύ-

1799 837 2043 893 propria.

1871 913 2115 983 Propriis
2167 911 2463 967 rationibus
2522 910 2886 964 illustrantur.
2945 907 3272 980 incorporea
3325 915 3384 964 et-

1799 1005 2044 1062 cmlestia
2070 1005 2302 1076 intelligi
2333 1014 2497 1074 atque
2529 1003 2855 1073 intelligere.

1870 1095 1940 1149 Et
1959 1095 2202 1151 custodia
2227 1105 2278 1149 et
2303 1095 2531 1148 mansio.
2563 1092 2722 1162 Μονή
2741 1100 2797 1148 et
2829 1091 2980 1146 ἑστία
3009 1092 3114 1151 sibi
3144 1092 3379 1148 invicem

1798 1189 1995 1246 collata
2027 1187 2172 1242 idem
2206 1186 2541 1258 signiﬁcant.
2574 1185 2729 1240 Philo
2757 1183 3002 1247 Judaeus,
3034 1184 3088 1237 in
3129 1184 3271 1240 libro
3305 1183 3392 1262 De

1797 1283 2048 1351 flammea
2074 1279 2340 1344 rompluza
2367 1296 2414 1334 ei
2440 1277 2762 1343 cherubinis,
2790 1279 2864 1332 ita
2919 1277 3164 1346 loquitur
3195 1277 3291 1332 :'H
3320 1277 3377 1332 δὲ

1800 1375 1935 1446 μονή
1975 1389 2072 1430 seu
2116 1374 2335 1430 mansio
2383 1373 2628 1444 partium
2665 1369 2856 1426 mundi
2919 1377 3078 1426 stans
3127 1368 3374 1432 ﬁrmiter,

1797 1468 1948 1521 ἑστία
1993 1468 2061 1522 ab
2098 1468 2343 1537 antiquis
2376 1473 2526 1522 recta
2571 1465 2892 1534 conjectura
2940 1463 3224 1516 nominata
3269 1470 3374 1518 est.

1797 1557 1914 1614 lloc
1945 1565 2126 1614 autem
2163 1558 2328 1613 etiam
2365 1557 2623 1626 superius
2653 1555 2809 1620 dicit,
2840 1554 2992 1610 circa
3023 1551 3185 1610 linem
3213 1552 3379 1623 primi

1797 1650 1994 1720 capitis
2029 1650 2083 1704 in
2111 1649 2454 1720 paragrapho
2485 1656 2661 1704 sexto.
3184 1704 3194 1712 ,

1865 1739 1894 1811 ς
1921 1739 1986 1794 ll.
2019 1738 2150 1796 Inde
2182 1739 2316 1798 illis.
2346 1736 2584 1793 Adverte
2614 1753 2735 1808 qua
2777 1736 2844 1793 de
2887 1738 3100 1808 angelis
3130 1737 3299 1800 dicat,
3326 1743 3381 1789 et

1795 1833 2156 1902 incorporeas
2177 1845 2305 1887 esse
2351 1838 2518 1901 atque
2547 1844 2606 1885 se
2633 1830 2869 1886 invicem
2903 1830 3023 1885 sine
3051 1829 3390 1885 confusione.

95 1940 204 1986 τως
234 1924 332 1976 καὶ
367 1923 666 1995 ἀποχωρεῖ,
689 1926 784 1978 καὶ
807 1926 970 1979 οἰονεί
993 1926 1090 1996 βαθ
1101 1927 1200 1997 μδς
1221 1926 1317 1980 καὶ
1344 1923 1526 1991 τάξεις
1555 1928 1681 1980 είσίι

1821 1929 2086 1980 ienetrare
2106 1933 2161 1978 et
2187 1923 2519 1993 relinquere,
2547 1938 2612 1976 ac
2629 1923 2797 1977 veluti
2822 1921 3027 1992 gradus
3047 1922 3384 1990 ordinesque

96 2015 316 2086 πρῶται
379 2012 520 2087 [καὶ]
572 2015 848 2088 δεύτεραι·
895 2018 990 2072 καὶ
1017 2018 1098 2070 ὅτι
1159 2019 1208 2070 οἰ
1254 2017 1386 2072 θεῖοι
1429 2019 1546 2082 νόες
1577 2019 1681 2073 ἐκεῖ

1821 2017 1906 2070 int
1930 2015 2092 2086 primi
2127 2023 2184 2071 et
2209 2013 2439 2071 secundi
2468 2032 2485 2082 ;
2516 2028 2733 2068 necnon
2764 2013 2986 2068 divinas
3026 2019 3238 2068 mentes
3265 2012 3378 2066 illic

95 2109 226 2180 περὶ
258 2110 487 2172 ἑαυτοὺς
509 2108 827 2175 ὲλίσσονται,
861 2110 960 2179 οὐχ
989 2109 1152 2176 ἕλιξιν
1184 2126 1306 2164 τινα
1339 2111 1681 2183 σωματικὴν,

1823 2109 1998 2164 ircum
2029 2108 2244 2179 seipsas
2265 2107 2436 2170 volvi,
2468 2123 2580 2162 non
2609 2107 2894 2162 volutione
2917 2105 3154 2177 quadam
3179 2121 3378 2176 corpo-

93 2201 206 2254 ἀλλ’
231 2199 610 2272 ὖπερκὸσμιον
648 2202 742 2256 καὶ
785 2202 1000 2274 νοεράν,
1033 2203 1126 2256 καὶ
1169 2203 1290 2256 οἵαν
1322 2203 1533 2273 πέφυκε
1566 2205 1681 2268 νοῦς

1822 2217 1918 2264 ea,
1949 2200 2044 2258 sed
2092 2216 2214 2271 qua:
2256 2189 2525 2255 mundum
2557 2199 2732 2255 vincit
2761 2207 2816 2256 et
2843 2200 3156 2270 intelligens
3183 2209 3290 2264 est,
3321 2207 3378 2256 et

93 2294 426 2359 ἑῖιίττεσθαι,
461 2294 521 2359 ἐξ
555 2293 749 2347 ἑαυτοῦ
781 2293 986 2366 προῖὼν
1019 2293 1099 2358 εἰς
1127 2296 1455 2367 ἐπινοήσεις,
1487 2297 1580 2350 καὶ
1611 2299 1681 2361 εἰς

1821 2293 1887 2348 ali
1919 2308 2042 2364 qua:
2079 2300 2317 2348 mentem
2347 2293 2567 2348 volvere
2599 2300 2800 2363 potest,
2834 2307 2902 2347 ex
2936 2293 3114 2362 seipse
3138 2291 3206 2346 ad
3239 2307 3375 2347 con-

94 2385 289 2440 ἑαυτὸν
338 2384 780 2458 ἀναστρέφων¹⁴,
819 2388 882 2439 οὐ
920 2387 1026 2458 μὴν
1066 2385 1172 2454 ἔξω
1202 2387 1396 2440 ἑαυτοῦ
1435 2389 1681 2460 χωρῶν¹¹

1821 2385 2152 2441 iderationes
2209 2384 2607 2456 progrediens,
2663 2392 2830 2455 atque
2880 2385 2939 2438 in
2995 2386 3235 2454 seipsam
3283 2400 3374 2440 re-

92 2477 405 2542 σκεδαστῶς
449 2479 544 2531 καὶ
593 2477 900 2550 μεριστῶς·
938 2477 1100 2531 τοῦτο
1137 2479 1466 2533 αἰνίττονται
1503 2480 1598 2532 καὶ
1637 2482 1681 2534 οἰ

1821 2479 1981 2543 iens,
2025 2494 2137 2534 non
2181 2494 2311 2534 vero
2357 2487 2511 2534 extra
2560 2477 2796 2548 seipsam
2841 2492 2966 2532 cum
3022 2477 3374 2546 separatione

90 2570 242 2642 παρὰ
291 2570 390 2624 τοῦ
439 2571 728 2624 Θεσπεσίου
771 2570 1029 2644 Ἱεξεκιὴλ
1064 2573 1250 2643 τροχοὶ
1283 2572 1681 2644 πολυόμματοι·

1821 2581 1840 2625 ι
1887 2571 2158 2627 divisione
2222 2571 2445 2637 abiens;
2503 2571 2609 2626 hoc
2671 2569 2838 2625 etiam
2903 2569 3186 2626 insinuant
3237 2575 3374 2625 rem

91 2666 180 2718 mi
209 2665 294 2718 ὅτι
333 2665 462 2736 περὶ
489 2664 581 2717 τὸν
613 2664 756 2718 θεῖον
781 2664 959 2736 ἔρωτα
988 2666 1046 2716 ὲν
1090 2665 1384 2736 ταύτότητι
1434 2668 1542 2720 εἰσι
1590 2669 1681 2722 καὶ

1825 2679 1907 2719 ua:
1932 2664 2122 2719 multis
2167 2662 2311 2734 apud
2363 2662 2764 2732 diviniloquum
2830 2659 3176 2718 Ezechielem
3231 2676 3371 2714 con-

89 2756 382 2828 ἁκρότητι·
413 2757 746 2822 ταύτότητα
775 2756 833 2810 δὲ
861 2756 1080 2828 νοητέον
1124 2756 1222 2828 τὴν
1251 2758 1623 2813 ἀναπόστατον
1639 2761 1681 2798 ’⁸

1821 2763 1936 2810 tant
1979 2756 2186 2823 oculis;
2232 2769 2296 2810 ac
2337 2769 2460 2811 esse
2503 2755 2656 2810 circa
2714 2755 2961 2810 divinum
3017 2767 3261 2811 amorem
3312 2756 3369 2810 in

90 2849 227 2918 πρὸς
249 2847 388 2901 Θεὸν
411 2849 718 2919 προσοχήνο
754 2849 1054 2916 ἀκρότητα
1080 2847 1157 2915 δὲ,
1188 2850 1288 2920 τὴν
1316 2847 1416 2919 τῆς
1445 2851 1681 2920 νοήσεως

1821 2847 2071 2904 lentitate
2132 2856 2188 2903 et
2260 2847 2608 2904 extremitate
2641 2866 2656 2902 :
2695 2862 2792 2917 per
2855 2847 3188 2905 ideatitatem
3238 2863 3379 2904 vero

88 2940 268 2992 αὐτῶν
297 2940 394 2993 καὶ
423 2939 614 3002 οὐσίας
645 2940 746 3011 ήδη
794 2955 913 3002 πως
953 2942 1034 3003 εἰς
1065 2939 1261 2994 θέωσιν
1294 2939 1520 3012 πρόοδον
1560 2942 1681 3011 νόη-

1821 2937 2219 3012 ιιειιίεεηὰιιιη,
2263 2938 2492 2994 minime
2526 2939 2885 2994 desistentem
2927 2953 3051 2993 cum
3097 2936 3370 2994 Dcocon-

90 3049 177 3084 σον
192 3050 205 3062 ·
224 3032 437 3098 καὶτὰς
455 3032 705 3098 ὲνώσεις
723 3033 800 3094 δὲ,
813 3033 921 3099 τὰς
938 3033 1088 3101 πρὸς
1108 3033 1391 3100 ἀλλήλας
1403 3033 1522 3088 τῶν
1544 3051 1681 3102 νοη-

1821 3033 2120 3088 mctionem
2149 3047 2162 3085 :
2192 3047 2292 3104 per
2317 3031 2706 3088 extremitatem
2736 3045 2869 3086 vero
2908 3030 3148 3102 intellige
3184 3031 3371 3102 cogni-

89 3123 222 3187 τῶν,
263 3123 359 3177 τὸν
378 3124 517 3195 πρὸς
551 3123 815 3194 ἀλλήλους
840 3125 1119 3197 θεοπρεπῆ
1151 3125 1345 3197 νόησον
1367 3125 1566 3197 ἔρωτα,
1597 3127 1676 3190 ὃς,

1826 3125 1948 3182 onis
1978 3127 2222 3197 ipsarum
2246 3133 2301 3181 et
2330 3125 2588 3182 essentia:
2611 3138 2965 3196 progressum
3001 3138 3114 3194 quo
3143 3122 3256 3178 fere
3287 3123 3367 3178 dii

89 3216 224 3280 0:10;
255 3215 331 3269 ῶν
371 3217 466 3269 καί
497 3216 762 3280 ἑνοποιδς,
797 3215 1057 3270 συνάπτει
1091 3217 1312 3282 αὐτοὺς,
1347 3219 1409 3271 οὐ
1437 3218 1678 3290 σωρηδὸν

1821 3225 2079 3274 vaserunt
2113 3233 2256 3289 :per
2289 3227 2504 3274 mutuos
2557 3226 2742 3276 autem
2786 3216 3204 3288 intelligibitiam
3243 3217 3367 3272 uiti-

90 3306 458 3379 συγκομίζων,
488 3309 602 3362 ἀλλ’
632 3307 935 3379 ἀγαπητῶς
973 3309 1306 3381 συνδεσμῶν.
1343 3309 1463 3363 Τῶν
1492 3309 1551 3365 δὲ
1587 3311 1676 3364 δν-

1827 3327 1971 3374 ones,
2002 3311 2248 3382 intelligo
2280 3308 2390 3366 Deo
2416 3309 2644 3382 dignum
2664 3323 2780 3380 quo
2806 3323 2870 3364 se
2901 3309 3137 3366 invicem
3169 3323 3364 3379 prose-

87 3415 188 3451 των
231 3401 329 3454 καὶ
371 3399 482 3452 τῶν
528 3400 757 3470 νοητῶν,
796 3401 874 3465 ὡς
925 3403 1022 3455 καί.
1071 3402 1180 3456 τῶν
1221 3403 1450 3475 νοητῶν,
1476 3405 1553 3468 ὡς
1584 3407 1677 3459 καὶ

1821 3413 2024 3460 uuntnr
2049 3417 2313 3467 amorem,
2346 3403 2466 3474 qui,
2515 3402 2738 3458 divinus
2778 3415 2904 3457 cum
2949 3402 3040 3468 sit,
3081 3416 3366 3473 unumque

85 3491 191 3544 τῶν
236 3491 512 3562 αἰσθητῶν
565 3491 872 3563 ὁμωνύμως
913 3493 1241 3565 λεγομένων,
1277 3495 1346 3549 τά
1390 3497 1488 3567 μὲν
1527 3496 1674 3550 ἔστιν

1821 3499 1969 3560 iciat,
1992 3496 2144 3566 ipsos
2169 3495 2480 3568 conjungit,
2512 3510 2622 3553 non
2652 3495 2951 3550 acervatim
2982 3501 3360 3564 comparans,

87 3583 336 3655 ⁴ἡνωμένα
363 3585 460 3638 καὶ
500 3584 1002 3657 ἀλληλουχούμενα·
1033 3587 1102 3640 τὰ
1145 3587 1203 3641 δὲ
1248 3588 1552 3661 διῃρημένα
1585 3592 1679 3646 καὶ

1821 3589 2051 3661 ,2686ά
2084 3589 2394 3644 amabiliter
2414 3588 2821 3658 constringens.
2849 3588 3057 3643 Ὄντων
3085 3588 3166 3662 δέ,
3196 3588 3362 3644 rebus

87 3677 142 3727 ἐν
181 3677 505 3751 παραθέσει,
545 3673 654 3732 οἷον
696 3680 967 3750 σωρηδόν·
1003 3681 1098 3733 καὶ
1144 3679 1350 3752 νοητῶν
1393 3683 1491 3753 μὲν
1530 3685 1676 3754 ἠνω-

1821 3689 1960 3737 utem
1979 3683 2035 3736 et
2063 3682 2267 3753 νοητῶν
2293 3681 2749 3753 intelligibilibus,
2785 3695 2851 3736 ac
2877 3681 3043 3736 etiam
3082 3679 3360 3752 αἰσθητῶν

91 3769 243 3836 μένα,
283 3764 397 3823 οἷον
437 3769 597 3834 ζῶον,
646 3771 742 3824 καὶ
780 3771 916 3840 φῶς,
947 3772 1043 3824 καὶ
1077 3773 1268 3844 νοητὸς
1314 3774 1537 3846 κόσμος,
1582 3777 1676 3831 καὶ

1821 3774 2073 3832 eusilibus
2087 3775 2190 3830 sub
2201 3775 2391 3830 eodem
2420 3775 2639 3828 nomine
2651 3773 3088 3844 comprehensis,
3109 3774 3214 3828 alia
3233 3783 3362 3829 sunt

86 3861 182 3913 ὅσα
216 3860 470 3915 τοιαῦτα·
523 3857 826 3937 διῃρημένα
879 3861 938 3916 δὲ
984 3864 1080 3918 καὶ
1120 3864 1178 3916 ὲν
1210 3865 1530 3936 παραθέσει,
1561 3862 1673 3920 οἷον

1821 3869 1931 3922 nita
1981 3875 2036 3923 et
2075 3883 2106 3921 a
2155 3883 2215 3923 se
2261 3873 2454 3922 mutuo
2505 3866 2902 3937 dependentia,
2955 3867 3062 3920 alia
3103 3881 3237 3922 vero
3273 3866 3361 3922 di-

89 3954 334 4023 στρατιὰ,
364 3952 538 4018 τάξις,
568 3953 797 4026 πατριὰ,
827 3955 1125 4026 χορόςσὲπὶ
1155 3956 1213 4010 δὲ
1238 3957 1511 4030 αἰσθητῶν
1537 3959 1670 4014 ἕνω-

1821 3962 1891 4014 isa
1919 3961 2243 4031 et,apposita
2269 3959 2436 4013 veluti
2462 3959 2759 4014 acervatim
2793 3975 2807 4013 :
2842 3971 2907 4012 ac
2932 3957 3356 4028 intelligibilium

88 4061 188 4109 σις,
224 4043 385 4113 ζῶον,
416 4046 655 4118 δένδρον,
686 4047 920 4119 κόσμοςο
957 4046 1225 4119 διαίρεσις
1255 4050 1332 4117 δὲ,
1382 4050 1525 4104 κατά
1557 4068 1666 4104 σω-

1821 4051 1979 4122 ιητῶν
2013 4051 2231 4121 quidem
2279 4052 2454 4115 unita,
2497 4058 2558 4104 ut
2591 4050 2818 4115 animal,
2855 4059 2910 4105 et
2955 4051 3161 4114 lumen,
3192 4060 3356 4121 atque

86 4139 255 4206 ρείαν,
289 4140 516 4210 ποίμνη,
542 4139 732 4211 δῆμος,
763 4141 956 4212 σωρὸς,
989 4142 1167 4212 χορός.

1821 4142 2143 4214 ιισειιίεἱῑιίἰὶει.⁴
2175 4142 2433 4208 mundus,
2484 4149 2538 4198 et
2588 4157 2710 4212 qua:
2755 4142 2987 4210 similia;
3019 4141 3195 4197 divisa
3223 4157 3355 4212 vero

83 4241 134 4284 et
164 4233 432 4303 apposita,
462 4234 612 4288 velut
641 4236 939 4298 exercitus,
985 4235 1144 4300 ordo,
1176 4235 1406 4302 familia,
1436 4236 1639 4294 chorus
1665 4257 1678 4293 :
1716 4237 1770 4292 in
1804 4237 2102 4296 sensilibus
2134 4243 2316 4294 autem
2351 4237 2550 4302 unitio,
2574 4236 2799 4301 animal,
2829 4235 3014 4300 arbor,
3082 4234 3352 4303 mundus,

83 4323 275 4380 divisio
307 4341 460 4391 vero,
495 4342 593 4398 per
635 4317 1127 4394 coacervationem,
1175 4346 1330 4400 grex,
1373 4333 1631 4400 populus,
1667 4347 1918 4396 acervus,
1945 4333 2170 4388 chorus.
2316 4391 2318 4393 .

163 4415 255 4469 Ἑν
279 4416 362 4483 τῷ
394 4417 533 4488 Περὶ
574 4418 684 4472 τῶν
724 4420 1051 4489 ἀγγελικῶν.
1090 4421 1222 4476 Ἰδοὺ
1265 4423 1391 4478 ἄλλο
1438 4424 1659 4497 πόνημα

1840 4424 1905 4480 In
1941 4425 2076 4479 libro
2107 4424 2182 4480 De
2211 4424 2508 4482 Anaclicis.
2544 4423 2685 4479 Ecce
2715 4422 2862 4477 aliud
2906 4433 3048 4493 epus
3078 4419 3346 4493 Dionysii,

81 4510 353 4564 Διονυσίου
380 4510 647 4583 ζητεῖται,
685 4514 822 4583 Περί
845 4514 964 4569 τῶν
991 4515 1320 4586 ἁγγελικῶν
1352 4517 1659 4586 ibim-iitum

1821 4534 1843 4572 ε
1876 4518 2126 4589 angelicis
2164 4517 2572 4588 proprietatibus
2616 4523 2666 4571 et
2705 4513 3012 4578 ordinibus,
3063 4513 3348 4570 desidera-

80 4599 178 4650 καὶ
202 4601 443 4665 τάξεων.

1826 4626 1875 4668 r.
2695 4615 2701 4620 ’

148 4695 216 4746 Αἱ
275 4696 766 4765 ἀττελοπρεπεῖς.
851 4699 1308 4774 Ἀγγελοπρεπείς
1359 4703 1657 4776 καθάρσεις
1686 4765 1724 4776 _
1833 4702 2128 4774 Angelica,
2167 4699 2263 4758 Gr.
2322 4705 2774 4775 ἀγγελοπρεπεῖς.
2847 4699 3341 4771 Ἀγγελοπρεπεῖς,

78 4788 258 4855 φησὶν,
287 4784 400 4843 οἷον
429 4789 532 4861 τὴν
573 4791 795 4846 Ἡσαῖου
828 4765 936 4847 καὶ*
957 4765 1058 4866 τὴν
1103 4765 1362 4869 ’ίεζεκιὴλ
1391 4765 1656 4869 φαγδντος

1821 4797 1961 4869 igelis
1993 4797 2376 4863 convenientes,
2397 4797 2740 4868 expiationes
2790 4793 2944 4858 dicit,
3001 4793 3145 4849 sicut
3195 4791 3344 4845 illam

77 4879 134 4930 ὲν
151 4881 411 4962 ἐκστάσει
422 4881 520 4955 τὴν
542 4885 805 4954 κεφαλίδα
819 4883 913 4939 τοῦ
930 4886 1154 4958 βιϐλίου.
1171 4887 1422 4950 Τελεσιου
1431 4891 1588 4962 ργίαν
1599 4890 1656 4944 δὲ

1821 4891 1916 4945 aia:
1954 4899 2006 4945 et
2048 4888 2353 4946 Ezechielis
2395 4889 2718 4945 devorantis
2773 4889 2831 4941 in
2871 4900 3104 4942 excessu
3143 4883 3352 4939 mentis,

75 4972 314 5037 ἀγγέλων
345 4961 518 5044 λέγει,
549 4977 623 5042 ὡς
657 4979 750 5032 ἐπὶ
779 4976 875 5032 τοῦ
917 4979 1136 5052 Δανιὴλ,
1167 4983 1262 5035 καὶ
1288 4981 1384 5035 τοῦ
1417 4961 1650 5051 ἀγγέλου

1822 4989 1918 5052 put
1947 4983 2092 5042 libri.
2130 4981 2302 5038 Porro
2327 4980 2682 5054 perfectionis
2719 4979 3068 5036 eﬂlcientiam
3109 4976 3344 5047 angelo-

75 5063 171 5115 τοῦ
209 5065 641 5138 ἑρμηνεύσαντος
685 5071 835 5137 αὐτὸ,
867 5071 962 5126 καὶ
990 5073 1120 5144 περὶ
1142 5071 1237 5126 τοῦ
1280 5075 1534 5145 ποιμένος
1559 5075 1653 5127 τὸν

1821 5093 1871 5131 m
1903 5082 2087 5142 vocat,
2126 5076 2273 5131 sicut
2303 5077 2360 5131 in
2388 5075 2636 5140 Daniele,
2656 5082 2710 5129 et
2746 5075 2939 5146 angelo
2961 5073 3138 5144 ipsum
3169 5068 3342 5126 inter-

87 5156 287 5226 Ἑρμᾶν
314 5159 726 5228 τελειώσαντος,
756 5164 832 5227 ὡς
862 5165 980 5217 ἐκεῖ
1001 5165 1314 5238 ἀνέγνωμεν
1334 5167 1392 5218 ἐν
1421 5165 1500 5237 τῷ
1521 5165 1651 5219 Ποι-

1821 5176 2019 5234 etante,
2067 5174 2231 5238 atque
2279 5167 2336 5221 in
2393 5175 2613 5240 pastore
2669 5164 2928 5221 Hennam
2983 5162 3334 5234 perliciente,

80 5247 225 5314 μένι·
273 5251 408 5305 ἀλλά
457 5253 552 5305 καὶ
587 5253 738 5307 αὐτοί
786 5256 836 5308 οἰ
887 5256 1110 5325 ἄγγελοι
1151 5258 1268 5320 πῶς
1299 5258 1651 5331 καθαίρονται

1821 5268 1896 5315 :ut
1930 5260 2016 5325 ibi,
2049 5260 2284 5331 legimus
2324 5260 2379 5314 in
2430 5259 2572 5314 libro
2597 5259 2692 5330 qui
2731 5266 2957 5314 vocatur
2989 5255 3220 5310 Pastor:
3245 5268 3336 5308 ve-

76 5339 171 5391 xzi
215 5341 712 5416 τελεσιουργοῦνταί
758 5365 932 5420 φησιν.
955 5350 1014 5402 ὲν
1045 5349 1125 5421 τῷ
1177 5351 1315 5420 Περὶ
1369 5353 1653 5420 οὐρανίας

1821 5369 1872 5407 ιιι
1910 5360 1966 5409 et
1986 5353 2264 5424 quomodo
2294 5353 2399 5422 ipsi
2433 5354 2615 5424 angeli
2641 5352 2936 5423 expientur
2963 5355 3019 5404 et
3047 5345 3334 5418 perﬁcian-

76 5433 374 5503 Iepapzlac
405 5437 572 5509 λόγῳ.

1821 5463 1858 5510 r,
1884 5446 2020 5501 dicit
2047 5446 2102 5500 in
2133 5443 2274 5500 libro
2313 5443 2386 5501 De
2416 5447 2611 5502 ca’lesti
2643 5442 2963 5500 hirrarchia.
3349 5519 3352 5524 _

147 5526 255 5579 Kal
290 5529 439 5584 εἶναι
480 5532 797 5601 ἀγγέλους.
845 5535 949 5593 Διά
998 5535 1056 5589 τί·
1093 5537 1318 5605 ἄγγελοι
1366 5537 1648 5606 λέγονταιι

1825 5536 2046 5610 Sintque
2075 5539 2269 5610 angeli.
2296 5536 2410 5595 Cur
2446 5537 2623 5610 angeli
2669 5536 2945 5600 dicantur,
2974 5548 3180 5606 eosque
3206 5548 3332 5594 esse

76 5617 171 5669 καὶ
201 5617 277 5670 ὅτι
306 5623 396 5676 καὶ
426 5625 580 5678 αὐτοὶ
607 5625 780 5694 φῶτα.

1821 5633 1983 5690 mina.

999 5781 1229 5840 VARIE
1268 5783 1654 5843 LECTIONES
1687 5785 1776 5842 ET
1810 5786 2360 5846 CORRECTiONES.

154 5891 209 5927 “
235 5893 664 5971 ὲπαναστρέφων.
733 5901 775 5934 ⁸⁷
802 5901 1118 5974 ὑποχωρῶν.
1189 5905 1232 5938 ’⁸
1261 5903 1360 5975 τὴν
1391 5903 1489 5957 οὐκ
1519 5904 1840 5960 ἀπόπατον.
