3872 6612
181 383 303 442 945

941 381 1000 440 S.
1037 382 1286 439 MAXIMl
1325 382 1619 440 SCHOLIA
1653 385 1719 439 IN
1751 385 1880 441 LIB.
1920 387 2011 442 DE
2043 387 2292 444 DlVlNlS
2326 387 2721 448 NOMINIBUS.

3362 391 3472 456 2M

183 500 643 574 ὐποπερατὼσεις
664 502 709 534 ³³
754 501 974 577 νοητέον
1025 502 1124 573 τὴν
1174 501 1250 565 ὡς
1292 503 1356 554 ἐκ
1396 501 1624 572 σημείου
1670 502 1757 572 ἦτε

1893 511 2154 574 tanquam
2199 520 2264 560 ex
2305 512 2510 575 puncto
2543 519 2638 559 seu
2672 511 2862 559 centro
2897 501 3338 575 volquatis'Dei,
3375 520 3468 556 ru-

180 599 418 667 κέντρου
451 594 544 648 τοῦ
579 594 884 665 Θελήματος
914 593 1010 648 τοῦ
1043 592 1204 655 Θεοῦ,
1246 593 1520 657 κυκλικῶς
1546 594 1784 648 ὑποστᾶ-

183 707 287 743 σαν
305 689 352 720 ³⁸
371 687 485 741 τῶν
515 686 762 760 οὐρανῶν
793 686 1111 758 σφαιροειδῆ
1155 684 1553 756 δημιουργίαν·
1583 684 1644 737 τὸ
1671 685 1782 756 γὰρ

177 780 446 836 κυκλικὸν
468 779 653 852 σχῆμα
675 778 974 852 ἀρχόμενον
1003 777 1064 843 ἐξ
1083 776 1300 838 ἑαυτοῦ,
1321 779 1400 842 είς
1429 776 1590 830 έαυτδ
1619 794 1782 848 περα·

176 871 405 926 τοῦται·
429 871 529 944 τὴν
565 871 619 925 δὲ
653 871 911 944 οὐρανίαν
933 870 1123 925 οὐσίαν
1141 869 1349 941 ἀναυξῆ
1383 871 1478 924 καί⁹
1509 871 1780 942 ἀμείωτόν

175 981 371 1041 quem,
394 963 470 1026 ὡς
487 961 710 1026 τελείως
728 962 954 1034 ἔχουσαν
979 961 1074 1018 καὶ
1102 963 1392 1036 αὐτάρκως
1412 964 1456 996 ³⁸
1481 964 1618 1036 πρὸς
1632 964 1662 1018 ὃ
1687 965 1781 1034 γε-

175 1073 306 1126 γονε
323 1070 339 1086 °
363 1055 446 1109 διὸ
463 1056 557 1111 καὶ
585 1055 940 1110 ἀναλλοίωτον
972 1054 1337 1127 αὐτὴνσλέγει,
1359 1055 1417 1122 ἐξ
1439 1049 1500 1110 οὗ
1530 1056 1776 1125 γέγονεν,

168 1149 239 1202 οὐ
273 1151 766 1222 παρατραπεῖσανο
797 1147 1029 1203 τέλειον
1055 1149 1112 1202 δέ
1143 1149 1310 1213 ἐστιν,
1339 1149 1369 1202 δ
1421 1150 1558 1220 μήτε
1602 1149 1775 1214 αὔξει,

181 1243 327 1313 μήτε
347 1242 617 1314 μειοῦται.
636 1240 1151 1311 ’Υποπερατώσεις
1169 1241 1226 1294 δὲ
1249 1241 1388 1295 αὐτὰ
1405 1241 1662 1314 κέκληκε,
1681 1243 1776 1296 καὶ

171 1334 279 1386 οὐκ
312 1333 821 1402 ἀποπερατώσεις,
844 1334 932 1387 διὰ
960 1334 1021 1386 τὸ
1046 1334 1342 1407 σφαιρικὴν
1373 1333 1472 1405 μὲν
1500 1329 1639 1387 εἶναι
1675 1334 1776 1407 τὴν

173 1426 425 1498 κίνησιν·
461 1427 524 1480 οὐ
569 1427 774 1499 κυρίως
801 1426 860 1480 δὲ
893 1426 1068 1498 πέρας
1117 1425 1284 1497 ἔχειν,
1319 1425 1433 1480 ἀλλ’
1469 1427 1632 1481 οἱονεὶ
1674 1428 1774 1481 πέ-

173 1535 281 1589 ρας
313 1518 415 1590 τὴν
442 1519 536 1571 ἐπὶ
565 1519 627 1572 τὸ
658 1518 791 1577 αὐτὸ
820 1517 1011 1590 ὥσπερ
1035 1518 1142 1572 ἀπό
1171 1536 1317 1582 τινος
1345 1519 1523 1591 ἀρχῆς
1558 1519 1651 1573 ἐπί
1695 1537 1769 1584 τι,

169 1607 288 1664 οἷον
319 1613 493 1685 πέρας
522 1611 782 1683 φέρεσθαι
825 1612 986 1684 τυχὸν
1031 1612 1318 1684 ἀνατολήν.
1366 1612 1680 1683 Σημείωσαι
1716 1613 1772 1667 δὲ

167 1705 258 1757 ὅτι
290 1704 389 1758 καὶ
407 1704 675 1758 κινεῖσθαι
701 1703 925 1774 ἀψύφως
955 1704 1088 1776 φησὶ
1119 1704 1212 1758 καὶ
1241 1703 1658 1776 ἀνεπαισθήτως
1678 1705 1770 1758 τὸν

169 1795 436 1866 οὐρανόνο
469 1795 530 1848 τὸ
553 1795 598 1849 δ’
618 1795 798 1850 ἐνίων
841 1796 1112 1864 ἀστέρων
1135 1793 1534 1865 μεταϐατικῆς
1579 1799 1768 1850 πολυο

1888 596 2110 649 tundam
2155 597 2419 650 caelorum
2456 595 2870 650 fabricationem
2911 595 2966 649 in
3005 595 3241 648 circuitu
3283 591 3468 654 subsis'

1887 695 2152 754 Slentem;
2203 687 2493 745 circularis
2538 687 2684 741 enim
2737 685 2908 756 figura
2960 701 3028 742 ex
3093 685 3292 762 seipsal
3327 685 3467 746 inci-

1886 779 2043 850 piens
2074 778 2131 833 in
2172 780 2354 849 seipsa
2399 778 2753 845 terminatur;
2780 778 3075 833 cmlestem’
3094 793 3224 833 vero
3274 793 3465 839 essen-

1883 871 2015 924 tiam
2066 886 2246 942 neque
2273 885 2546 936 crescere,
2579 886 2755 940 neque
2789 871 2965 926 minui
2993 871 3091 935 ait,
3130 879 3191 926 ut
3223 863 3469 942 perfecte

1881 971 1938 1019 et
1989 963 2333 1020 sufficienter
2366 963 2543 1018 linem
2579 981 2584 987 ·
2613 979 2777 1020 suum
2825 969 3134 1020 assecuta'm
3169 979 3183 1016 ι
3229 963 3468 1036 ideoque

1881 1053 2278 1109 immutabilem
2330 1053 2508 1124 ipsam
2554 1052 2713 1117 dixit,
2746 1069 2810 1109 ex
2859 1069 2970 1125 quo
3021 1053 3165 1109 facta
3217 1065 3324 1120 est,
3351 1071 3465 1111 non

1881 1159 2194 1215 perversam
2250 1164 2263 1201 :
2319 1144 2608 1216 perfectum
2668 1153 2851 1201 autem
2893 1154 3007 1210 est,
3075 1147 3222 1217 quod
3283 1164 3457 1218 neque

1879 1237 2102 1303 crescit,
2136 1254 2314 1308 neque
2342 1239 2628 1294 minuitur.
2659 1238 2786 1293 llch
2818 1254 2982 1310 porro
3017 1239 3464 1312 ὐποπερατὼσεις

1879 1345 1988 1384 non
2025 1337 2206 1384 autem
2237 1330 2688 1403 ἀποπερατώσεις
2725 1332 2962 1399 vocavit,
2997 1333 3126 1403 quia
3162 1340 3344 1407 motus
3371 1341 3457 1388 est

1876 1421 2198 1490 circularis;
2257 1423 2556 1493 improprie
2603 1439 2735 1479 vero
2769 1424 3068 1479 terminum
3129 1425 3310 1486 habet.
3359 1427 3453 1483 sed

1873 1514 2041 1569 veluti
2089 1514 2420 1580 terminum,
2469 1525 2650 1578 motus
2694 1517 2787 1587 qui
2835 1516 2904 1574 ad
2956 1517 3099 1573 idem
3148 1517 3457 1589 (punctum)

1875 1607 2020 1667 sicut
2063 1607 2132 1666 ab
2174 1607 2360 1678 aliquo
2408 1609 2679 1680 principio
2713 1607 2781 1662 ad
2813 1608 3022 1684 aliquid
3055 1610 3221 1671 veluti
3267 1611 3456 1671 termi-

1872 1713 2004 1754 num
2028 1715 2092 1758 v._
2115 1715 2172 1770 ε.
2200 1701 2465 1763 orientem
2493 1699 2686 1761 fertur.
2721 1699 2882 1766 Nota,
2905 1717 3030 1758 eum
3061 1702 3248 1762 dicere
3285 1703 3457 1758 caelos

1875 1792 1997 1850 sine
2034 1805 2173 1848 sono
2199 1799 2254 1850 et
2279 1794 2488 1864 absque
2522 1808 2690 1850 sensu
2738 1795 2982 1849 moveri:
3012 1794 3176 1871 128
3201 1793 3334 1854 illud
3365 1810 3456 1855 au,

171 1888 459 1955 κινησίας
501 1888 630 1960 περὶ
671 1887 781 1942 τῶν
831 1888 1117 1959 πλανήτων
1163 1887 1315 1960 φησί.
1366 1888 1684 1958 Σημείωσαι
1714 1888 1757 1942 δὲ

1877 1892 1987 1939 tem
2020 1903 2034 1939 :
2067 1884 2416 1953 Quarundam
2470 1887 2747 1941 stellarum
2805 1887 3082 1956 multiplex
3131 1898 3309 1941 motus
3351 1905 3454 1958 quo

169 1978 269 2032 καὶ
296 1977 478 2045 τοῦτο,
513 1981 594 2034 ὅτι
635 1981 835 2043 αὐτοὺς
871 1979 1068 2050 μόνους
1094 1979 1315 2046 ἐδέξατο
1347 1979 1636 2033 κινεῖσθαι.
1663 1980 1769 2050 Ση-

172 2070 412 2142 μείωσαι
441 2071 500 2125 δὲ
526 2071 623 2125 καὶ
658 2071 820 2126 πόθεν
839 2073 894 2125 αἱ
925 2071 1174 2142 χρονικαὶ
1200 2070 1547 2144 ἀριθμήσεις.

240 2251 381 2324 [Καὶ
423 2251 534 2320 τῆς
569 2251 688 2306 τῶν
713 2251 824 2307 δύο
852 2253 1204 2323 φωστὴρων,
1226 2251 1335 2319 οὓς
1365 2251 1437 2306 τὰ
1456 2253 1641 2321 Λόγια
1659 2269 1760 2307 κα-

167 2343 269 2400 λεῖ
304 2329 636 2416 usq-diove.
688 2345 793 2399 Δύο
838 2345 1137 2417 φωστῆρας
1185 2345 1278 2398 τὸν
1326 2344 1489 2416 ἥλιον.
1523 2345 1619 2399 καὶ
1662 2345 1766 2416 τὴν

170 2436 406 2509 σελήνην
440 2437 600 2509 φησί’
635 2436 940 2508 μεγάλους
965 2437 1022 2490 δὲ
1057 2433 1212 2491 εἶπεν
1249 2437 1514 2508 ἑπόμενος
1550 2436 1629 2508 τῷ
1657 2439 1763 2490 Δα-

168 2529 252 2582 υίδ
268 2545 284 2559 ⁶
308 2529 494 2596 Λόγια
512 2528 569 2581 δὲ
594 2530 719 2592 τοὺς
747 2529 952 2582 ἐκείνου
972 2528 1236 2600 Ψαλμούς
1253 2528 1529 2598 ὀνομάζει.
1561 2531 1763 2596 Hepta—

165 2619 347 2689 δικὴν
376 2621 435 2675 δὲ
474 2620 976 2674 ἀποκατάστασιν
1003 2619 1102 2691 τὴν
1123 2618 1234 2674 ἀπὸ
1261 2618 1356 2672 τοῦ
1396 2618 1562 2675 αὐτοῦ
1593 2621 1671 2683 είς
1701 2620 1764 2674 τὺ

165 2713 299 2767 αὐτὸ
330 2712 506 2784 φορὰν
529 2712 698 2783 λέγει,
730 2713 797 2784 ἦν
817 2713 845 2766 ὁ
873 2712 1025 2783 ἥλιος
1057 2712 1154 2783 μὲν
1185 2713 1304 2765 κατ’
1323 2712 1568 2766 ἐνιαυτὸν
1595 2716 1766 2766 ποιεῖ-

164 2823 253 2859 ται
288 2806 382 2860 τὸν
432 2805 698 2871 ζωδιακὸν
747 2805 946 2859 κύκλον
995 2803 1313 2877 περιῖὼνοή
1358 2805 1415 2858 δὲ
1468 2804 1660 2876 σελήνη
1694 2804 1762 2858 δι’

163 2899 391 2974 ἡμερῶν
420 2917 583 2954 τινων
610 2899 701 2952 τὸν
727 2899 834 2952 ἀπὸ
873 2897 1089 2952 συνόδου
1127 2897 1289 2970 μέχρι
1318 2897 1420 2967 τῆς
1466 2895 1764 2962 παντελοῦς

163 2990 368 3064 ταύτης
408 2991 706 3062 μειώσεως.
740 2991 1052 3062 Σημείωσαι
1075 2990 1131 3042 δὲ
1149 3029 1164 3052 ,
1194 2988 1271 3052 ὡς
1307 2989 1403 3042 καὶ
1430 2991 1486 3042 αἱ
1515 2991 1763 3061 χρονικαλ

165 3083 496 3156 ἀριθμήσεις
528 3084 594 3136 ὲκ
621 3082 827 3137 τούτων
855 3083 984 3148 εἰσὶ,
1015 3081 1109 3135 καὶ
1137 3079 1219 3134 ἔτι
1265 3081 1329 3135 ὲκ
1371 3079 1480 3134 τῶν
1527 3079 1759 3152 μηνῶν.]

246 3177 636 3246 Ἀφορίζουσι.
665 3175 879 3240 Τελέως
899 3171 1194 3247 ὁρίζουσιν.

245 3268 557 3322 Ἐπέκεινα
577 3268 874 3344 θεότητος.
905 3265 1078 3320 Τοῦτο
1107 3268 1201 3320 καὶ
1230 3265 1289 3320 ἐν
1316 3268 1430 3330 τοῖς
1460 3266 1572 3322 ἄνω
1611 3285 1752 3339 παρ-

166 3360 382 3433 ἔγραψα
416 3360 483 3425 ³⁸,
513 3361 594 3413 ὅτι
625 3360 719 3412 καὶ
763 3361 819 3413 ἐν
868 3361 981 3422 τοῖς
1017 3359 1183 3412 πᾶσιν
1216 3359 1246 3411 δ
1287 3359 1440 3423 Θεδς;
1468 3360 1563 3413 καὶ
1603 3359 1754 3413 οὐδὲν

164 3453 268 3506 τῶν
299 3453 581 3506 ἁπάντων.
628 3450 892 3505 Ἐνταῦθα
921 3449 978 3504 δὲ
1009 3449 1071 3503 τὸ
1117 3449 1277 3503 πλέον
1309 3451 1495 3521 φησιν,
1537 3451 1622 3504 δτι
1661 3452 1754 3505 καὶ

163 3545 240 3599 ἔτι
268 3545 411 3617 ὑπὲρ
449 3544 632 3607 πάσας
658 3543 759 3607 τὰς
793 3543 982 3607 οὐσίας
1017 3542 1186 3608 ἐστὶν,
1216 3543 1357 3614 ὅπερ
1385 3543 1533 3612 λέγει
1579 3560 1753 3596 κατω-

164 3637 325 3710 τέρω,
364 3637 457 3692 ὄτι
508 3637 605 3691 καὶ
654 3637 773 3690 τῶν
814 3636 900 3705 μὴ
950 3635 1142 3689 ὄντων
1187 3635 1321 3689 ἐστὶ
1356 3637 1748 3705 πληρωτικός.

166 3729 301 3800 Ὅρα
320 3729 379 3782 δὲ
399 3729 518 3792 πῶς
535 3728 682 3796 λέγει
705 3727 860 3797 μήτε
887 3726 1005 3781 τῶν
1027 3727 1149 3781 ἅνω
1173 3727 1536 3796 φθανουσῶν
1560 3728 1752 3797 αὐτῆς

164 3820 274 3889 τὴν
304 3819 639 3890 ὑπεροχὴν,
682 3819 835 3889 μήτε
882 3817 1001 3872 τῶν
1047 3817 1224 3881 κάτω,
1265 3818 1471 3890 ταύτην
1529 3819 1750 3876 διαϐαι-

162 3913 403 3968 νουσῶν
425 3930 438 3943 '
477 3912 780 3978 τουτέστιν,
802 3910 927 3964 οὐτε
965 3911 1162 3984 ἀρχὴν,
1193 3908 1316 3964 οὐτε
1345 3910 1520 3982 πέρας
1553 3911 1664 3983 ἔχει
1687 3912 1751 3965 τὸ

164 4005 320 4072 θεῖον,
348 4006 459 4061 τῶν
488 4005 756 4078 οὐρανίων
806 4004 902 4059 καὶ
951 4005 1280 4077 ὑπερτέρων.
1301 4004 1581 4075 δυνάμεων
1617 4003 1749 4058 ταύ-

161 4113 253 4169 την
290 4099 366 4170 μὴ
405 4097 848 4162 καταλαϐουσῶν,
895 4097 993 4167 οὐχ
1038 4097 1119 4150 ὅτι
1160 4098 1277 4150 ἐστὶ
1339 4097 1458 4167 μὲν,
1499 4099 1560 4150 οὐ
1597 4114 1750 4151 κατε-

163 4190 335 4263 λήφθη
359 4191 445 4245 δέ’
483 4191 558 4262 μὴ
588 4189 730 4243 οὕτω
763 4190 1003 4260 νοήσεις⁸
1039 4189 1265 4243 ἀλλ”ὄτι
1293 4189 1424 4242 αὐτὸ
1445 4187 1569 4242 οὐτε
1597 4188 1743 4244 ἐστί·

161 4282 314 4338 τοῦτο
343 4283 456 4352 γάρ
489 4284 637 4336 ἐστιν
667 4283 710 4347 ἡ
736 4281 806 4333 ἐν
832 4280 1101 4350 ἀγνωσία
1148 4280 1388 4349 γνῶσις.
1428 4280 1745 4355 Ὑπέρτεροι

163 4374 264 4446 γὰρ
288 4375 594 4446 γενόμενοι,
618 4375 712 4428 καὶ
729 4373 818 4427 διὰ
845 4372 1124 4441 φιλοθεῒας
1163 4371 1459 4435 ὲνωθέντες
1489 4375 1608 4436 ταῖς
1633 4373 1745 4426 ἄνω

162 4465 437 4538 δυνάμεσι,
480 4465 817 4537 γινώσκομεν
859 4466 940 4518 ὅτι
996 4463 1138 4536 μετὰ
1188 4465 1404 4519 πάντων
1444 4466 1546 4538 τὴν
1593 4465 1746 4524 Θείαν

164 4558 456 4630 ἀγνοοῦμεν
489 4559 672 4627 φύσιν.
724 4621 731 4634 ι

228 4653 334 4706 Καὶ
379 4650 628 4722 φωτίζει.
659 4651 917 4704 Τουτέστι
956 4649 1027 4704 τὰ
1057 4649 1340 4722 χωροῦντα
1377 4651 1476 4722 τὴν
1513 4650 1741 4721 ὁλότητα

165 4744 317 4797 αὐτοῦ
371 4743 509 4814 πρὸς
558 4744 618 4796 τὸ
667 4743 861 4814 μέτρον
909 4743 937 4796 ὃ
986 4742 1248 4814 χωροῦσι’
1288 4742 1368 4795 διὸ
1419 4741 1513 4795 καὶ
1544 4741 1740 4814 μέτρον

166 4829 289 4888 εἶναι
312 4835 530 4905 λέγεται
551 4835 658 4888 τῶν
692 4834 893 4888 ὄντων·⁴
918 4833 952 4905 ἢ
981 4835 1063 4887 ὅτι
1097 4833 1195 4905 τὴν
1218 4833 1393 4904 ἀρχὴν
1429 4833 1524 4886 καὶ
1550 4833 1612 4886 τὸ
1642 4834 1740 4886 πέ-

169 4941 256 4995 ρας
292 4927 549 4982 ἁπάντων
586 4927 892 4989 ἐπίσταται,
920 4925 996 4989 ὡς
1027 4925 1184 4997 μὸνος
1221 4925 1579 4997 δημιουργός’
1616 4926 1740 4984 ἐαυ-

164 5017 244 5071 τὸν
275 5019 380 5092 γὰρ
403 5019 757 5092 παρακατιὼν
790 5017 1095 5090 έρμηνεύει.

228 5113 330 5166 Καὶ
382 5112 569 5178 τάξις.
615 5112 780 5176 Τάξις
824 5111 913 5164 διὰ
955 5108 1114 5166 τοῦτο
1161 5110 1377 5179 λέγεται
1419 5112 1448 5164 ὁ
1498 5109 1649 5174 Θεὸς,
1697 5109 1730 5180 ἢ

166 5203 333 5275 ἐπειδὴ
364 5206 482 5275 μετ’
509 5203 762 5268 εὐταξίας
782 5204 827 5236 ⁸⁷
873 5202 941 5256 τὰ
989 5202 1167 5256 πάντα
1192 5200 1669 5273 ἐδημιούργησεν·
1697 5201 1730 5271 ἢ

165 5290 238 5345 ὅτι
285 5295 462 5348 πίστει
484 5294 657 5366 ιπαρὰ
703 5293 812 5348 τῶν
851 5295 930 5356 εἰς
980 5293 1142 5347 αὐτὸν
1186 5291 1494 5362 φοιτώντων
1533 5295 1730 5363 χωρεῖ-

167 5399 245 5437 ται
263 5385 324 5449 ³⁸,
358 5388 494 5458 μήτε
516 5386 593 5457 τῷ
625 5384 929 5456 πληθυσμῷ
960 5385 1086 5447 τοὺς
1114 5382 1533 5453 ἀσθενεστέρους
1561 5399 1730 5435 κατα-

169 5471 451 5544 εαπτίζων,
499 5478 637 5548 μήτε
681 5479 748 5548 τῇ
782 5473 1185 5544 συγκαταϐάσει
1218 5474 1304 5526 ἐπ’
1327 5471 1548 5530 ἔλαττον
1578 5472 1731 5544 παρὰ

1869 1978 2285 2048 transferuntur,
2315 1979 2382 2033 de
2399 1979 2633 2050 planetis
2664 1979 2820 2040 dicit.
2851 1978 2988 2034 Nota
3019 1982 3248 2050 insuper
3271 1981 3450 2045 istud,

1865 2086 1991 2128 eum
2017 2072 2165 2128 solos
2198 2072 2449 2143 planetas
2484 2073 2692 2128 moveri
2715 2074 3029 2134 admittere.
3057 2073 3293 2136 Adverte
3313 2091 3454 2148 quon

1867 2181 1974 2234 que
2003 2164 2149 2221 unde
2171 2167 2437 2237 temporis
2466 2167 2900 2223 numerationes.

1939 2257 2201 2328 [Duorum
2225 2259 2591 2323 luminarium,
2615 2277 2731 2330 qua:
2762 2259 2992 2330 Eloquia
3022 2271 3207 2321 vocant
3233 2279 3448 2333 magna.

1866 2347 1984 2403 Duo
2014 2350 2305 2409 luminaria
2355 2351 2550 2415 solem,
2583 2360 2638 2406 et
2667 2352 2852 2406 lunam
2881 2351 3016 2406 dicit
3049 2373 3062 2407 :
3098 2352 3296 2424 Magna
3319 2369 3451 2409 vero

1867 2447 2024 2494 vocat
2060 2438 2320 2498 Davidem
2350 2451 2592 2503 secutus.
2623 2440 2854 2512 Eloquia
2873 2441 3126 2502 Psalmos
3159 2443 3331 2514 ipsius
3350 2460 3449 2515 ap.

1865 2531 2053 2603 pellat.
2101 2531 2440 2588 Periodicam
2496 2535 2883 2595 restitutionem
2933 2537 2989 2589 in
3040 2537 3345 2606 pristinum.
3378 2535 3448 2590 ab

1864 2627 2056 2682 eodem
2082 2627 2137 2682 in
2162 2626 2304 2682 idem
2333 2629 2776 2706 progressionem
2814 2629 2971 2692 dicit,
3012 2645 3177 2703 quam
3207 2629 3289 2684 sol
3310 2645 3448 2699 quo—

1865 2717 2049 2773 tannis
2069 2717 2305 2788 perﬁcit,
2339 2718 2550 2774 zodiaci
2588 2717 2859 2774 circulum
2893 2733 3224 2789 percurrens
3255 2735 3270 2784 ;
3317 2717 3446 2774 luna

1864 2822 1994 2862 vero
2031 2809 2174 2862 intra
2203 2809 2412 2878 aliquot
2431 2808 2550 2864 dies
2571 2809 3011 2879 aconjunctione
3039 2822 3139 2864 sua
3170 2823 3345 2876 usque
3376 2808 3446 2862 ad

1863 2899 2088 2955 totalem
2132 2898 2308 2968 ipsius
2358 2899 2821 2955 imminutionem.
2845 2898 2983 2954 Nota
3020 2915 3151 2955 vero
3178 2899 3446 2970 temporis

1864 2991 2275 3046 numerationes
2335 3006 2403 3046 ex
2464 2991 2575 3056 his,
2628 3006 2692 3046 ac
2741 2998 3004 3061 praeterea
3060 3007 3127 3046 ex
3160 2990 3446 3055 mensibus

1863 3079 2054 3154 sumis]

1938 3173 2302 3245 Distinguam,
2332 3173 2427 3233 Gr.
2455 3175 2788 3248 ἀφορίζουσι.
2806 3175 3053 3232 Perfecte
3079 3176 3367 3235 definiunt.

1931 3265 2244 3321 Divinitatis
2295 3268 2472 3320 omnia
2526 3269 2847 3340 superantis.
2880 3267 2995 3326 Hoc
3044 3269 3209 3324 etiam
3264 3285 3440 3339 supra

1856 3360 2146 3430 adscripsi,
2164 3359 2422 3418 nimirum
2445 3359 2614 3416 Deum
2640 3359 2695 3414 in
2717 3359 2974 3423 omnibus
3002 3360 3303 3426 esse,nihil
3318 3377 3441 3417 esse

1848 3453 2123 3510 omnium.
2156 3451 2256 3512 Hic
2306 3460 2489 3512 autem
2522 3453 2761 3522 amplius
2789 3452 2944 3517 dicit,
2976 3468 3172 3530 nempe
3219 3454 3438 3510 univer-

1856 3558 1956 3602 sas.
1976 3545 2144 3601 etiam
2177 3545 2450 3601 essentias
2487 3560 2771 3616 superare,
2803 3544 2951 3615 quod
2992 3543 3221 3607 inferius
3254 3546 3434 3608 dicit:

1852 3651 2004 3704 posse
2043 3639 2206 3692 etiam
2243 3655 2307 3692 ea
2341 3653 2458 3708 quin
2509 3655 2612 3691 non
2653 3647 2778 3692 sunt
2819 3638 3057 3706 implere.
3089 3637 3224 3694 Vide
3254 3646 3436 3696 autem

1852 3729 2129 3800 quomodo
2161 3730 2344 3786 dicat:
2385 3731 2464 3784 ita
2512 3739 2569 3783 ut
2599 3748 2690 3784 nec
2721 3731 3018 3799 superiores
3061 3729 3132 3784 ad
3160 3730 3274 3803 ejus
3307 3747 3431 3800 prie-

1851 3824 2112 3883 stantiam
2141 3823 2466 3892 perveniant,
2499 3839 2592 3876 nec
2622 3822 2898 3892 inferiores
2940 3822 3084 3880 hanc
3117 3833 3393 3878 transeant
3413 3841 3435 3886 ί

1853 3914 1906 3968 id
1937 3923 2042 3976 est.
2074 3915 2416 3974 divinitatem
2448 3929 2626 3984 neque
2669 3915 3240 3992 principium,_neq_ue
3271 3915 3434 3971 linem

1851 4006 2054 4067 habere
2087 4021 2215 4061 cum
2261 4007 2516 4068 cmlestes
2565 4015 2616 4061 et
2669 3991 2979 4075 superiOres
3016 3991 3248 4065 virtutes
3292 4008 3433 4070 hanc

1850 4097 2078 4152 minime
2107 4097 2596 4168 comprehendant,
2628 4113 2738 4151 non
2768 4097 2915 4167 quod
2958 4099 3030 4154 sit
3057 4098 3300 4169 quidem,
3332 4098 3431 4152 sed

1849 4196 2083 4259 nequeat
2119 4189 2538 4260 comprehendi;
2563 4205 2670 4244 non
2709 4190 2783 4244 ita
2821 4189 3090 4260 intelliges
3121 4189 3252 4252 ;_sed
3282 4188 3431 4257 quod

1849 4281 1967 4351 ipsa
2008 4296 2118 4336 non
2150 4282 2255 4348 sit;
2293 4282 2398 4339 hoc
2427 4283 2571 4337 enim
2605 4289 2691 4337 est
2721 4282 2774 4336 in
2806 4282 3140 4354 ignoratione
3168 4282 3424 4351 cognitio.

1851 4371 2179 4444 Superiores
2219 4375 2365 4432 enim
2391 4373 2590 4438 effecti,
2626 4385 2788 4446 atque
2829 4374 2920 4434 Dei
2966 4389 3152 4429 amore
3209 4374 3428 4452 superis

1847 4467 2150 4525 virtutibus.
2195 4452 2357 4534 uniti,
2390 4472 2773 4536 cOgnoscimus
2827 4483 2935 4531 nos
2986 4482 3110 4523 cum
3172 4467 3428 4532 omnibus

1778 4576 1819 4631 ι)
1845 4558 2087 4618 divinam
2131 4559 2388 4629 ignorare
2419 4567 2717 4624 naturama

1917 4649 1986 4703 Et
2013 4650 2275 4705 illustrat.
2325 4647 2384 4710 ιιι
2438 4659 2522 4706 est
2550 4667 2614 4705 ea
2664 4668 2788 4721 quae
2838 4650 3206 4724 integritatem
3251 4649 3426 4720 ipsius

1841 4743 2084 4812 capiunt,
2113 4743 2415 4798 secundum
2448 4757 2761 4798 mensuram
2789 4759 2977 4798 eorum
3007 4761 3021 4809 ;
3053 4743 3282 4814 ideoque
3305 4759 3425 4798 om-

1843 4837 1992 4890 nium
2014 4851 2134 4906 quae
2155 4835 2440 4893 exsistunt.
2453 4851 2707 4892 mensura
2734 4851 2858 4891 esse
2879 4835 3106 4901 dicitur;
3122 4842 3186 4898 et
3217 4835 3424 4904 princi-

1837 4929 1989 4996 pium
2048 4929 2320 4997 finemque
2375 4927 2620 4982 omnium
2673 4927 2838 4992 scire,
2877 4933 2937 4986 ut
2988 4927 3148 4982 solus
3175 4937 3422 4992 creatori;

1842 5021 2084 5091 seipsum
2119 5021 2264 5076 enim
2291 5019 2521 5075 inferius
2555 5019 2812 5090 exponit.

1910 5105 1977 5159 Et
2000 5104 2151 5160 ordo.
2185 5105 2331 5190 Deus
2375 5113 2664 5175 propterea
2707 5104 2837 5164 ordo
2885 5104 3110 5165 dicitur.
3144 5113 3240 5158 aut
3284 5103 3417 5172 quia

1833 5198 2015 5253 omnia
2049 5213 2173 5253 cum
2218 5197 2364 5252 bono
2409 5199 2602 5253 ordine
2649 5198 2877 5261 creavit,
2915 5206 3010 5252 aut
3041 5213 3108 5253 eo
3132 5195 3279 5266 quod
3312 5195 3420 5258 fide

1832 5291 1902 5345 ab
1921 5290 1988 5345 iis
2009 5290 2102 5359 qui
2133 5289 2198 5342 ad
2236 5289 2410 5359 ipsum
2434 5288 2724 5354 accedunt,
2751 5290 3018 5360 capiatur,
3049 5303 3222 5358 neque
3264 5287 3418 5341 inﬁr-

1834 5382 2043 5438 miores
2091 5381 2436 5452 demergens,
2467 5397 2644 5452 neque
2697 5379 3164 5441 condescensione
3193 5379 3262 5434 ad
3292 5379 3414 5433 ἱηα·

1835 5474 1980 5540 piam
2013 5489 2042 5528 a
2083 5475 2291 5531 sanctis
2321 5475 2783 5546 comprehensus;
2839 5473 2935 5531 sed
2967 5489 3067 5544 pro
3102 5473 3251 5528 vasis
3301 5471 3410 5534 mei

1082 5631 1321 5688 VAllhE
1362 5631 1752 5687 LECTIONES
1789 5633 1876 5689 ET
1903 5636 2457 5695 CORRECTIONES.

248 5750 781 5824 ’fdmnapacdnzzg.
834 5823 839 5824 ν
874 5750 931 5824 ³⁸-
965 5750 1330 5824 ὐτξοστάντων.

176 5815 212 5849 ⁸⁸
237 5821 376 5889 τάξει,
401 5815 548 5895 παρὰ
581 5823 686 5876 τῶν
716 5823 842 5892 παρ’
874 5819 1036 5874 αὐτοῦ
1071 5820 1456 5893 φωτιζημένων
1487 5815 1757 5892 χωρεῖταὶ.

1437 5750 1480 5780 ³⁵
1514 5748 1544 5818 ἦ
1590 5746 1892 5821 αὐτάρκως,

1998 5755 2042 5788 ³⁸
2074 5756 2130 5808 ἐν
2173 5757 2282 5820 τοῖς
2315 5753 2569 5826 ἀνωτέρω
2607 5749 2943 5824 προέγραψα.
3065 5749 3108 5783 θ’
3139 5746 3428 5815 ἐξουσίας),
