3872 6534
492 341 600 414 an

1303 357 1652 428 APPENDIX
1685 357 1778 412 AD
1812 355 2038 414 OPERA
2073 359 2132 413 S.
2161 355 2458 414 DIONYSII
2489 346 2971 412 ARE’OPAGITA‘L

3651 351 3753 407 258

493 477 822 548 capacitate,
865 477 945 532 sic
986 476 1039 530 in
1089 491 1172 530 me
1207 473 1507 532 bonitatem
1558 476 1911 532 scaturiendo
1947 491 2064 547 pro-

2179 475 2288 528 τῶν
2322 476 2636 547 ἁγιωτέρων
2669 472 3038 544 χωρούμενος,
3067 469 3202 524 ἀλλα
3241 465 3378 538 πρὸς
3408 465 3470 518 τὺ
3495 464 3628 536 ὲμδν
3661 466 3754 533 ἀγ-

492 568 666 623 ducit.

563 657 732 713 Juxta
767 657 1118 714 multesimam
1175 661 1556 714 resonantium.
1600 657 2069 726 Quemadmodum

492 752 576 808 sol
598 754 691 823 qui
717 768 880 808 sensu
910 752 1214 822 percipitur
1238 754 1419 807 omnia
1444 745 1679 808 visibilia
1701 753 1970 817 illustrat,
2008 769 2071 810 ac

489 859 576 910 ea,
609 853 729 915 qua?
756 843 929 914 ipsius
960 845 1146 900 lumen
1179 861 1288 900 non
1312 845 1661 918 participant,
1686 853 1912 916 propter
1937 855 2066 916 pro-

489 937 665 1008 priam
684 928 1056 992 infirmitatem
1081 952 1191 991 non
1213 937 1565 1007 participant:
1583 937 1657 990 ita
1679 939 1842 993 etiam
1861 937 1918 992 in
1933 927 2063 1002 Deo,

489 1043 680 1082 omnes
706 1027 776 1081 ab
798 1027 918 1098 ipso
936 1027 1355 1083 sanctificantur
1377 1018 1536 1097 129
1551 1029 1646 1098 qui
1663 1029 1874 1083 volunt.
1903 1027 2071 1085 Recte

487 1127 670 1174 autem
695 1117 918 1174 divinus
947 1114 1243 1191 Dionysius
1274 1120 1322 1176 ei
1353 1119 1497 1189 quod
1519 1120 1930 1176 dissentaneum
1953 1128 2070 1176 erat

486 1206 544 1268 in
581 1212 650 1267 iis
698 1225 821 1282 quae
871 1212 939 1269 de
991 1213 1107 1270 sole
1141 1213 1488 1283 dicebantur,
1519 1215 1704 1269 statim
1741 1215 2068 1270 medicinam

486 1306 656 1360 fecit:
690 1305 954 1376 quoniam
999 1305 1144 1361 enim
1185 1301 1400 1360 dixerat
1454 1306 1623 1360 solem
1656 1306 1849 1360 anima?
1877 1317 2071 1376 exper-

483 1404 596 1451 tem
627 1396 985 1466 conspicuam
1026 1413 1151 1452 esse
1203 1397 1469 1452 bonitatis
1499 1395 1594 1452 Dei
1626 1398 1941 1469 imaginem,
1973 1413 2069 1452 vo-

485 1487 667 1543 cando
699 1497 1010 1543 creaturam
1062 1491 1329 1546 creatoris
1385 1490 1698 1562 imaginem,
1744 1491 1921 1561 primo
1947 1487 2070 1560 qui-

484 1580 607 1635 dem
641 1595 767 1634 mox
809 1579 1078 1650 adjunxit,
1105 1596 1200 1651 pro
1231 1582 1452 1635 minima
1480 1580 1856 1646 similitudine,
1893 1583 1949 1636 in
1981 1598 2070 1638 se-

481 1673 670 1741 quenti
704 1682 882 1729 autem
917 1673 1118 1744 capite,
1167 1673 1301 1729 illud
1349 1675 1526 1746 ipsum
1567 1673 1866 1745 perfectius
1901 1685 2070 1744 eXpo~

481 1763 586 1820 nit.
611 1761 751 1829 Quid
783 1779 949 1834 porro
977 1765 1050 1820 sit
1077 1765 1367 1818 πολλοστὸν
1402 1767 1676 1836 ἀπὴχημα
1717 1765 1939 1818 minima
1985 1780 2068 1819 re-

2175 567 2322 636 γεῖον
2349 565 2524 630 οὕτως
2552 569 2609 619 ἐν
2638 566 2763 639 ἐμοὶ⁴
2800 561 3060 636 πηγάζων
3083 562 3182 634 τὴν
3213 558 3542 629 ἀγαθότητα.

2243 656 2405 712 Κατὰ
2441 657 2788 712 πολλοστὸν
2833 655 3143 724 ἁπήχημα.
3166 652 3374 722 ’Ὠσπερ
3419 651 3448 702 ὁ
3500 647 3750 719 αἰσθητὸς

2170 751 2321 822 ἡλιος
2351 749 2528 803 πάντα
2560 747 2627 802 τὰ
2653 747 2828 820 ὁρατά
2847 747 3091 817 φωτίζει,
3129 744 3224 797 καὶ
3257 741 3327 794 τά
3358 741 3433 812 μὴ
3464 739 3749 811 μετέχοντα

2169 840 2265 895 τοῦ
2317 842 2493 911 φωτὸς
2541 840 2706 894 αὐτοῦ
2753 835 3040 893 διὀίκείαν
3078 836 3366 909 ἀδράνέιαν
3402 833 3464 885 οὐ
3502 831 3716 903 μετέχει
3736 848 3748 861 ·

2171 935 2312 989 οὕτω
2331 935 2424 988 καὶ
2451 935 2542 987 ἐπὶ
2567 932 2663 988 τοῦ
2693 929 2851 998 Θεοῦ,
2876 933 3078 994 πάντες
3095 931 3227 1001 παρ’
3251 926 3416 982 αὐτοῦ
3440 925 3758 995 ἀγιάζονται

2170 1027 2284 1080 ὅσοι
2318 1023 2615 1095 βούλονται.
2644 1016 2843 1086 Καλῶς
2867 1022 2927 1076 δὲ
2956 1023 3020 1075 τὸ
3049 1021 3390 1090 ἀπμφαίνον
3417 1015 3534 1070 τῶν
3558 1016 3655 1068 ἐπὶ
3679 1015 3756 1084 τῷ

2171 1114 2305 1186 ἡλίῳ
2323 1114 2628 1186 λεγομένων
2662 1114 2822 1177 εὐθὺς
2851 1112 3270 1185 ἐθεράπευσενηὸ
3301 1108 3442 1170 Οεῖος
3461 1107 3749 1170 Διονύσιος·

2171 1209 2358 1279 ἐπειδὴ
2386 1208 2495 1279 γὰρ
2525 1208 2738 1278 ἐμφανῆ
2773 1206 2954 1259 εἰκόνα
2991 1204 3092 1276 τῆς
3131 1202 3464 1274 ἀγαθότητος
3495 1199 3594 1252 τοῦ
3625 1197 3754 1251 Θεοῦ

2169 1301 2261 1355 τὸν
2292 1301 2443 1372 ἣλιον
2463 1295 2584 1352 εἷπε
2616 1299 2706 1352 τὸν
2743 1298 2972 1368 ἄψυχον,
3005 1297 3067 1350 τὸ
3111 1294 3502 1367 δημιούργημα
3533 1291 3630 1345 τοῦ
3663 1291 3752 1361 δη-

2173 1393 2436 1466 μιουργοῦ
2483 1389 2717 1455 καλέσας
2767 1391 2974 1451 εἰκόνα,
3024 1389 3241 1460 πρῶτον
3285 1389 3380 1458 μὲν
3418 1384 3755 1457 παραχρῆμα

2170 1488 2416 1558 ἐπήγαγε
2450 1478 2599 1546 κατὰ
2627 1481 2977 1537 πολλοστὸν
3006 1478 3316 1549 (innxium,
3349 1478 3406 1530 ἐν
3431 1477 3490 1530 δέ
3521 1474 3603 1546 τῷ
3634 1474 3752 1543 ἑξῆς

2170 1575 2470 1646 κεφαλαίῳ,
2517 1573 2844 1644 τελεώτερον
2888 1570 3070 1643 [αὐτὸ]
3116 1568 3420 1640 σαφηνίζει.
3456 1567 3522 1620 Τί
3545 1566 3604 1618 δέ
3642 1567 3754 1618 ἐστι

2170 1667 2517 1721 πολλοστὸν
2551 1664 2861 1734 ἁπήχημα,
2895 1661 3138 1717 λεκτέον·
3191 1661 3381 1732 ὥσπερ
3431 1658 3543 1731 γὰρ
3589 1658 3642 1711 εἴ
3675 1674 3752 1720 τις

2173 1761 2313 1832 μέγα
2342 1759 2538 1830 βοήσας
2558 1758 2653 1812 καὶ
2679 1754 2991 1828 ἀνακράξας
3017 1751 3162 1807 εἴποι
3192 1768 3266 1817 τι,
3299 1752 3392 1804 καὶ
3416 1751 3465 1803 oi
3496 1749 3596 1820 μὲν
3623 1763 3742 1816 παρ

480 1856 732 1908 sonantia
769 1873 859 1909 seu
892 1857 1212 1922 similitudo,
1241 1834 1555 1913 dicendum?
1576 1834 1698 1912 est:
1728 1857 1870 1912 sicut
1897 1855 2064 1928 igitur

2173 1850 2419 1913 εστῶτες,
2472 1838 2617 1919 [ἐὰν]
2676 1845 2979 1918 ἐρρωμένοι
3043 1843 3144 1904 τὰς
3205 1840 3376 1906 ἀκοὰς
3431 1834 3610 1912 [dm],
3666 1837 3752 1890 καὶ

481 1947 528 2001 si
559 1947 684 2016 quis
709 1946 818 2002 alte
846 1947 1159 2003 vociferans
1203 1955 1256 2004 et
1308 1949 1555 2003 clamans
1595 1947 1802 2019 aliquid
1843 1945 2062 2012 dixerit,

480 2046 780 2110 praesentes
809 2041 1055 2110 quidem,
1098 2041 1411 2096 valentibus
1437 2041 1650 2112 praediti
1689 2041 1936 2109 auribus,
1968 2055 2066 2095 vo-

480 2149 600 2188 cem
642 2143 1063 2204 sermonemque
1113 2133 1343 2187 audiunt
1370 2153 1383 2201 ;
1417 2134 1512 2204 qui
1543 2142 1723 2189 autem
1752 2149 1946 2204 parum
1975 2131 2065 2188 di-

480 2235 649 2290 stant,
670 2235 878 2297 quanto
899 2227 1119 2290 absunt,
1141 2225 1340 2298 [tanto]
1354 2226 1590 2283 debilius
1600 2243 1786 2282 vocem
1801 2227 2062 2293 audiunt;

479 2319 570 2389 qui
603 2334 766 2390 porro
809 2318 1043 2390 longiori
1080 2319 1274 2374 remoti
1308 2326 1436 2374 sunt
1477 2320 1675 2388 spatio,
1696 2319 1980 2374 minimam
2012 2327 2066 2374 et

479 2412 930 2467 obscurissimam
999 2412 1121 2467 soni
1184 2417 1395 2482 partem
1449 2412 1697 2484 capiunt,
1757 2420 1817 2467 ut
1873 2425 2065 2467 vocem

479 2504 702 2574 quidem
745 2505 986 2574 aliquam
1024 2504 1318 2560 obscuram
1351 2505 1598 2569 audiant,
1632 2504 1728 2560 sed
1762 2504 1908 2576 quod
1939 2519 2068 2574 pro-

480 2597 792 2651 nuntiatum
839 2603 925 2652 est
971 2597 1195 2652 minime
1254 2595 1759 2666 intelligantmnde
1811 2596 2068 2667 colligere

480 2691 611 2746 licet
635 2697 847 2746 tantum
880 2704 1004 2745 esse
1058 2689 1239 2743 solare
1280 2689 1486 2753 lumen,
1523 2689 1569 2744 si
1602 2703 1728 2744 cum
1754 2702 1883 2744 vero
1918 2703 2068 2744 com-

481 2791 735 2855 paretur,
765 2791 824 2837 ut
855 2779 1210 2852 intercapedo
1246 2782 1462 2852 concipi
1497 2789 1751 2851 nequeat.
1975 2779 1981 2786 ’

551 2873 656 2930 Sed
683 2875 842 2928 etiam
872 2872 942 2927 ad
970 2873 1379 2943 generationem.
1431 2872 1510 2928 Ne
1551 2874 1838 2929 arbitreris
1893 2874 2065 2929 solem

479 2983 604 3025 esse
634 2975 914 3022 auctorem
944 2965 1338 3038 generationis,
1365 2969 1460 3021 aut
1488 2966 1636 3034 vitae,
1669 2974 1764 3022 aut
1785 2961 2068 3024 educatio-

479 3063 590 3128 nis,
627 3068 723 3116 aut
750 3059 1116 3125 acc-retionis,
1169 3067 1264 3114 aut
1296 3059 1649 3131 perfectionis
1688 3060 1768 3115 rei
1799 3059 2062 3130 alienius;

480 3155 627 3216 sicut
681 3169 857 3224 neque
902 3152 1123 3224 aliquod
1155 3153 1304 3209 aliud
1337 3153 1671 3209 elementum
1697 3192 1712 3216 ,
1755 3152 1861 3208 etsi
1904 3152 2064 3208 valde

479 3243 853 3300 necessarium
888 3252 1072 3309 esset,
1107 3244 1271 3298 veluti
1308 3258 1488 3315 aqua;
1540 3255 1838 3314 possumus
1887 3241 2062 3312 siqui-

480 3334 606 3387 dem
657 3333 965 3388 consistere
1008 3341 1063 3389 et
1118 3334 1326 3405 absque
1378 3334 1494 3390 sole
1523 3343 1576 3389 et
1616 3340 1780 3405 aqua,
1814 3334 2070 3404 quamvis

480 3425 665 3481 minus
715 3423 956 3496 perfecte
981 3465 997 3491 ,
1034 3434 1275 3482 attamen
1328 3427 1491 3498 longo
1536 3435 1783 3498 tempore
1818 3444 1832 3481 :
1874 3441 2066 3483 verum

480 3519 627 3576 Deus
655 3518 836 3575 sciens
868 3517 1076 3592 [omne]
1106 3519 1279 3591 frigus
1307 3536 1432 3576 esse
1458 3521 1686 3576 omnino
1716 3521 1924 3587 sterile,
1947 3531 2067 3576 mo-

480 3614 732 3668 deratum
781 3619 964 3666 autem
1012 3611 1253 3666 calorem
1309 3610 1377 3665 ad
1409 3612 1813 3683 generationem
1862 3615 2062 3677 facere,

481 3711 649 3774 atque
679 3702 881 3774 stirpes
904 3709 958 3758 et
991 3703 1204 3759 semina
1225 3703 1471 3775 indigere
1495 3704 1715 3769 caloris,
1735 3705 1875 3760 sicut
1900 3704 2064 3760 etiam

479 3811 714 3866 corpora
743 3796 928 3851 omnia
962 3811 1084 3866 quae
1115 3796 1226 3850 vita
1264 3794 1524 3850 fruuntur
1558 3812 1655 3852 seu
1701 3790 1888 3852 sensili
1968 3812 2064 3852 seu

478 3887 823 3960 vegetativa;
857 3887 1026 3942 multa
1056 3903 1187 3943 vero
1212 3903 1468 3959 purgare,
1499 3888 1572 3942 ita
1602 3895 1662 3943 ut
1690 3889 1746 3942 in
1768 3889 2064 3944 candorem

479 3979 755 4047 ferantur,
803 3981 948 4038 sicut
979 3989 1162 4037 vestes
1199 3989 1254 4036 et
1286 3979 1426 4048 alia;
1468 3991 1736 4037 renovare
1761 3989 1943 4037 autem
1976 3996 2065 4037 se-

480 4074 631 4127 mina
657 4087 778 4144 qua‘,
806 4071 1180 4138 refrixerunt,
1214 4071 1335 4142 ejus
1367 4073 1447 4127 rei
1487 4073 1666 4145 gratia
1694 4074 1864 4129 solem
1899 4088 1958 4130 se
1987 4074 2064 4129 ita

481 4163 686 4219 habere
724 4163 887 4229 fecit,
922 4172 984 4219 ut
1024 4163 1171 4218 dicta
1198 4165 1385 4218 omnia
1423 4165 1695 4221 creatoris
1724 4179 1888 4235 opera
1921 4181 2063 4236 prae-

483 4262 610 4321 stet,
644 4269 769 4309 cum
797 4270 908 4310 non
938 4271 1004 4311 ex
1038 4268 1136 4309 sua
1157 4255 1441 4310 voluntate
1473 4262 1568 4310 aut
1594 4257 1797 4311 virtute
1824 4264 2067 4327 p0testa-

480 4353 594 4402 tem
645 4346 943 4417 acceperit.
994 4344 1134 4401 Dicit
1182 4344 1289 4401 hoc
1330 4345 1572 4418 perfecte
1624 4345 1682 4403 S.
1739 4346 2063 4418 Dionysius.

468 4425 744 4507 tanquam
783 4437 1026 4508 seipsum
1075 4438 1312 4508 amplius
1357 4447 1685 4509 exponeret,
1739 4439 1970 4495 inferius
2009 4434 2067 4496 in

2165 1940 2264 2011 τῆς
2293 1939 2422 2010 βοῆς
2463 1937 2558 1990 καὶ
2603 1935 2700 1989 τοῦ
2737 1933 3018 2005 λεχθέντος
3057 1933 3377 1988 ἀκούουσιν·
3413 1933 3463 1984 οἱ
3494 1930 3553 1984 δὲ
3584 1929 3753 2000 βραχὺ

2167 2031 2495 2100 ἀφεστῶτες,
2525 2029 2648 2102 ὅσον
2685 2027 2973 2098 ἀπέχουσι,
3027 2023 3332 2098 [τοσοῦτον]
3365 2021 3753 2093 ἀδρανέστερον

2165 2122 2259 2177 τοῦ
2290 2121 2598 2192 φθέγματος
2617 2118 2952 2190 ἀκροῶνται·
2985 2120 3034 2171 οἱ
3064 2117 3121 2171 δέ
3147 2118 3242 2170 ἐπὶ
3275 2116 3457 2188 μεῖζον
3481 2113 3753 2182 διάστημα

2166 2212 2563 2286 κεχωρισμένοι
2607 2209 2898 2263 πολλοστόν
2934 2227 2986 2262 τι
3037 2208 3204 2279 μέρος
3242 2208 3338 2262 καὶ
3383 2205 3756 2277 ἀμυδρότατον

2166 2303 2259 2356 τοῦ
2306 2303 2669 2373 ἀπηχήματος
2714 2300 3106 2372 λαμϐάνουσιν,
3146 2299 3224 2363 ὡς
3268 2297 3453 2368 φωνῆς
3495 2297 3596 2367 μὲν
3624 2295 3752 2364 ἀσή-

2169 2411 2271 2468 μου
2319 2395 2465 2459 τινὸς
2497 2393 2748 2458 ἀκοῦσαι,
2795 2394 2870 2467 μὴ
2923 2394 3117 2464 νοῆσαι
3166 2393 3228 2445 τὸ
3270 2391 3326 2445 δέ
3340 2393 3383 2424 ³⁸
3415 2390 3753 2460 ἐκφωνηθέν·

2172 2485 2432 2540 τοσοῦτον
2475 2486 2622 2539 ἔστιν
2669 2485 2960 2539 ὑπολαϐεῖν
3005 2483 3067 2538 τὸ
3100 2483 3322 2554 ἡλιακὸν
3359 2481 3474 2551 φῶς
3516 2481 3599 2552 τῷ
3626 2481 3752 2552 ἀλη-

2165 2577 2316 2652 θινῷ,
2350 2581 2426 2644 ὡς
2455 2579 2550 2634 καὶ
2582 2578 2927 2651 ἀσύμϐλητον
2961 2573 3100 2630 εἶναι
3126 2577 3188 2629 τὸ
3221 2576 3404 2646 μέσον.

2251 2849 2438 2905 Ἀλλὰ
2481 2848 2592 2902 καὶ,
2624 2847 2769 2917 πρὸς
2801 2845 2932 2916 τὴν
2959 2845 3224 2916 γένεσιν.
3263 2844 3356 2918 Μὴ
3391 2843 3627 2914 νομίσῃς
3666 2842 3756 2895 τὸν

2164 2943 2315 3014 ἥλιον
2343 2941 2613 3011 γενέσεως
2631 2979 2646 3004 ,
2676 2939 2710 3011 ἦ
2742 2938 2910 3008 ζωῆς,
2939 2939 2973 3010 ἢ
3006 2936 3319 3008 αὐξήσεως,
3349 2935 3384 3007 ἢ
3417 2934 3752 3005 τελειότητος

2165 3034 2337 3087 αἴτιον
2377 3031 2516 3088 εἶναι
2561 3030 2672 3085 τῶν
2717 3029 2893 3084 ὅντων
2935 3030 3110 3093 τινός·
3141 3027 3330 3100 ὥσπερ
3369 3027 3492 3081 οὐδὲ
3536 3025 3668 3080 ἄλλο
3703 3042 3751 3078 τι

2169 3128 2427 3196 στοιχεῖον
2440 3125 2508 3188 ⁸ο,
2560 3126 2607 3177 εί
2655 3123 2752 3177 καὶ
2798 3121 3006 3194 σφόδρα
3049 3120 3204 3192 τύχοι
3242 3119 3353 3174 τῶν
3405 3120 3750 3188 ἀναγκαίων,

2089 3193 2133 3256 c
2164 3193 2382 3272 οἷον-τὸ
2426 3216 2603 3288 ὕδωρ
2643 3215 2869 3271 δυνατὸν
2905 3193 3018 3288 γὰρ
3063 3215 3212 3287 ἡμᾶς
3251 3212 3594 3283 διαγενέσθαι
3651 3215 3740 3266 καὶ

2169 3309 2319 3382 ἡλίου
2356 3310 2528 3381 χωρὶς
2544 3349 2560 3372 ,
2609 3309 2706 3361 καὶ⁸
2738 3307 2934 3371 ὓδατος
2950 3346 2966 3372 ,
3015 3309 3063 3361 εί
3107 3307 3204 3361 καὶ
3239 3306 3313 3378 μὴ
3351 3304 3574 3368 τελείως
3591 3343 3608 3368 ,
3642 3304 3750 3357 ἀλλ’

2167 3398 2259 3458 οὖν
2295 3402 2479 3456 ἱκανὸν
2501 3400 2721 3473 χρόνον
2755 3399 2869 3454 ἀλλ’
2898 3398 3056 3462 ειᾶὼς
3080 3401 3110 3453 ό
3138 3398 3292 3462 Θεὸς,
3318 3398 3402 3451 ὅτι
3429 3395 3493 3450 τὸ
3534 3396 3637 3467 μὲν
3656 3396 3750 3467 ψυ-

2166 3497 2296 3570 χρὸν
2325 3493 2523 3568 [ἅπαν]
2553 3494 2748 3563 ἄγονον
2785 3491 3096 3556 παντελῶςσ
3127 3491 3188 3545 τὸ
3225 3491 3284 3545 δὲ
3325 3490 3751 3563 μεμετρημένιικ

2169 3589 2366 3660 θερμὸν
2398 3586 2771 3657 γενεσιουργεῖ
2789 3626 2806 3649 ,
2850 3585 2944 3638 καὶ
2971 3585 3054 3637 ὅτι
3083 3583 3154 3637 τὰ
3185 3584 3331 3653 φυτά
3357 3583 3454 3637 καὶ
3482 3581 3555 3635 τὰ
3586 3583 3749 3653 σπέρ-

2167 3699 2317 3753 ματα
2335 3680 2674 3752 θερμότητος
2696 3678 2888 3743 δεῖται,
2912 3677 2988 3741 ὡς
3017 3676 3112 3730 καὶ
3131 3675 3200 3729 τὰ
3231 3673 3459 3748 σώματα
3480 3674 3663 3729 πάντα
3686 3674 3752 3730 τὰ

2166 3775 2313 3846 ζωὴν
2357 3773 2549 3846 ἔχοντα
2582 3772 2694 3826 εἴτε
2736 3770 3061 3842 αίσθητικὴν
3101 3767 3211 3821 εἴτε
3261 3770 3526 3840 φυτικήν·
3559 3767 3749 3821 καθαί-

2171 3883 2351 3939 ρονται
2374 3867 2435 3922 δὲ
2463 3865 2654 3931 πολλὰ,
2683 3864 2759 3929 ὡς
2789 3865 2884 3918 καὶ
2915 3865 2995 3927 είς
3020 3861 3320 3932 λευκότητα
3352 3859 3645 3931 φέρεσθαι,
3679 3859 3749 3922 ὡς

2165 3961 2393 4032 ἐσθῆτες
2424 3959 2518 4013 καὶ
2547 3958 2712 4014 ἄλλα·
2746 3958 2965 4012 ἀνανεοῖ
3004 3955 3064 4009 δὲ
3087 3956 3183 4008 καὶ
3212 3954 3282 4008 τὰ
3308 3953 3553 4024 ψυγέντα
3582 3953 3748 4024 σπέρο

2155 4065 2315 4124 ματα
2337 4069 2351 4083 ⁸
2395 4052 2587 4106 τούτου
2627 4049 2788 4121 χάριν
2829 4048 2923 4103 τὸν
2955 4047 3106 4119 ἥλιον
3147 4046 3320 4110 οὕτως
3353 4045 3498 4118 ἔχειν
3539 4045 3750 4115 φύσεως

2158 4145 2452 4217 ⁸ἐποίησεν,
2493 4143 2584 4197 ἵνα
2630 4141 2700 4197 τά
2746 4141 3012 4213 είρημένα
3041 4139 3219 4194 πάντα
3265 4141 3394 4211 ποιῇ
3432 4139 3501 4190 ἐκ
3534 4136 3633 4190 τοῦ
3659 4136 3749 4206 δη-

2170 4220 2431 4311 μιουργοῦ
2455 4279 2473 4305 ,
2519 4237 2583 4290 τὸ
2615 4234 2874 4289 δύνασθαι
2921 4233 3100 4288 λαϐὼν
3143 4233 3244 4286 οὐκ
3279 4233 3346 4287 ἐκ
3382 4231 3750 4303 προαιρέσεως

2171 4329 2306 4394 ιδίας
2351 4330 2386 4402 ἢ
2441 4328 2744 4400 δυνάμεως.
2782 4326 2954 4381 Τοῦτο
2993 4325 3213 4389 τελείως
3255 4326 3417 4396 φησὶν
3461 4326 3492 4378 ὁ
3537 4323 3694 4393 ἀγιος
3707 4322 3748 4353 ⁸³

2167 4423 2475 4487 Διονύσιος,
2505 4420 2698 4474 ἑαυτὸν
2749 4419 2938 4492 ὥσπερ
2971 4418 3414 4490 ἐπεξηγούμενος
3451 4417 3751 4490 κατωτέρω

481 4527 591 4583 ﬁne
637 4528 836 4599 capitis
875 4530 1093 4600 quinti,
1135 4541 1297 4605 atque
1346 4508 1556 4586 influe
1606 4533 1745 4588 sexti
1775 4574 1789 4600 ,
1823 4532 2064 4604 intellige

2173 4516 2226 4568 ἐν
2270 4514 2349 4585 τῷ
2396 4513 2538 4567 τέλει
2576 4511 2672 4565 τοῦ
2718 4511 2970 4582 πέμπτου
3017 4510 3343 4602 κεφαλαίου,
3396 4511 3492 4564 καὶ
3555 4512 3619 4563 ἐν
3676 4508 3749 4580 τῷ

485 4618 701 4693 [igitur]
733 4635 948 4689 secure,
979 4637 1157 4692 neque
1188 4623 1541 4693 pervertaris.

553 4770 655 4826 Est
690 4788 958 4828 mensura.
1018 4773 1112 4830 Sol
1139 4775 1343 4831 dicitur
1385 4790 1648 4833 mensura
1695 4787 1750 4835 et
1796 4795 2063 4838 numerus

481 4867 905 4934 tempestatum,
957 4875 1246 4939 propterea
1288 4869 1434 4938 quod
1463 4870 1609 4926 diem
1644 4872 1903 4943 incipiat;
1944 4873 2063 4932 dies

481 4965 666 5011 autem
716 4957 964 5013 revoluta
1013 4958 1175 5016 edicit
1225 4974 1465 5030 annum;
1516 4959 1640 5018 ideo
1689 4970 1922 5019 vocatus
1981 4973 2065 5020 est

469 5053 786 5116 mensura,
839 5052 1011 5108 veluti
1062 5063 1313 5110 nostram
1369 5055 1604 5113 metiens
1662 5057 1872 5125 vitam;
1929 5055 2066 5116 dicit

462 5141 624 5198 ’enim
654 5163 667 5199 :
707 5139 979 5214 Temporis
1007 5147 1176 5201 nostri
1207 5148 1457 5204 universi.

554 5233 670 5291 Hoc
690 5238 830 5292 enim
857 5248 935 5293 est
964 5238 1100 5293 illud
1136 5240 1329 5297 lumen.
1355 5240 1494 5297 Nota
1521 5244 1715 5309 solem,
1748 5246 1911 5300 etiam
1935 5261 2062 5303 cum

480 5325 652 5398 ﬁgura
700 5337 943 5396 careret,
977 5339 1093 5387 tres
1127 5331 1286 5404 130
1305 5332 1424 5390 dies
1453 5336 1547 5406 qui
1575 5335 1700 5406 ejus
1727 5338 2063 5393 creationem

479 5429 880 5491 praecesserunt
934 5423 1270 5489 illustrasse,
1315 5433 1480 5496 atque
1522 5427 1700 5483 lucem
1727 5441 1850 5498 quae
1885 5431 2064 5500 prima

477 5515 745 5583 producta
779 5516 911 5584 fuit,
950 5517 1042 5575 die
1069 5523 1263 5589 quarta
1295 5517 1350 5573 in
1384 5520 1556 5575 solem
1606 5523 2059 5580 transformatam

2163 4606 2309 4664 τέλει
2335 4605 2432 4658 τοῦ
2469 4604 2658 4662 ἕκτου,
2704 4604 2833 4658 Νόει
2874 4599 3044 4676 [οὖν]
3089 4589 3380 4673 ἀσφαλῶς,
3410 4604 3506 4657 καὶ
3543 4605 3624 4676 μὴ
3647 4605 3751 4657 δια-

2167 4693 2419 4770 στρέφου.

2234 4789 2468 4859 Μέτρον
2494 4791 2649 4845 ἐστί.
2697 4790 2914 4866 Μέτρον
2948 4790 3038 4844 διὰ
3077 4789 3237 4843 τοῦτο
3271 4789 3490 4858 λέγεται
3530 4791 3560 4842 ὸ
3604 4790 3752 4861 ἥλιος

2167 4884 2261 4937 καὶ
2300 4883 2530 4955 ἀριθμὸς
2555 4883 2745 4955 ὡρῶν,
2779 4883 2968 4955 ἐπειδὴ
3007 4882 3108 4955 τῆς
3149 4883 3362 4954 ἡμέρας
3409 4883 3570 4954 ἀρχει
3592 4900 3607 4912 ι
3638 4885 3670 4953 ἡ
3697 4882 3750 4934 δὲ

2167 4975 2350 5046 ἡμέρα
2391 4975 2842 5046 ἀνακυκλουμένη
2884 4976 2976 5029 τὸν
3020 4976 3215 5046 χρόνον
3257 4979 3428 5030 ποιεῖ·
3467 4976 3558 5031 διὰ
3598 4976 3754 5030 τοῦτο

2168 5066 2362 5140 μέτρον
2395 5066 2597 5139 ἐκλήθη
2617 5107 2633 5132 ,
2659 5061 2748 5120 οἷα
2775 5068 2876 5138 τὴν
2899 5069 3174 5142 ἡμετέραν
3206 5068 3421 5141 μετρῶν
3452 5067 3631 5141 ζωήν·
3665 5069 3752 5121 λέ-

2163 5170 2250 5227 γει
2279 5158 2387 5230 γὰρ
2417 5158 2644 5226 παντὸς
2671 5159 2777 5214 τοῦ
2798 5159 2928 5215 καθ’
2955 5158 3114 5230 ἡμᾶς
3142 5161 3390 5231 χρόνου.

2231 5251 2388 5306 Αὐτὸ
2437 5251 2551 5322 γάρ
2595 5251 2727 5306 ἐστι
2767 5251 2834 5306 τὸ
2877 5251 3023 5321 ερῶς.
3055 5253 3371 5324 Σημείωσαι
3412 5254 3499 5307 ὅτι
3537 5255 3570 5308 ό
3606 5252 3751 5324 ἥλιος

2162 5343 2257 5396 καὶ
2298 5343 2398 5406 τὰς
2445 5347 2595 5416 τρεῖς
2632 5343 2845 5415 ἡμέρας
2871 5343 2972 5408 τὰς
3001 5346 3109 5416 πρὸ
3146 5345 3246 5416 τῆς
3282 5345 3456 5399 αὑτοῦ.
3481 5346 3750 5416 ποιήσεως

2167 5434 2430 5502 ἐφώτιζεν
2449 5435 2854 5506 ἀσχημάτιστος
2882 5435 2985 5489 ὤν’
3021 5438 3115 5491 καὶ
3137 5438 3221 5490 ὅτι
3257 5437 3320 5490 τὸ
3345 5438 3749 5510 πραπόκτιστον

2166 5527 2282 5598 φῶς
2315 5531 2382 5600 τῇ
2425 5528 2663 5602 τετάρτῃ
2691 5529 2875 5601 ἡμέρᾳ
2914 5531 3396 5604 μετεσχηματίσθη
3440 5532 3523 5596 εἰς
3561 5530 3745 5603 ἥλιονο

1397 5697 1634 5758 VABLE
1675 5699 2068 5763 LECTiONES
2105 5700 2196 5763 ET
2233 5701 2786 5767 CORRECTIONES.

537 5807 579 5838 ³⁸
614 5807 799 5880 νοῆσαι
822 5810 880 5866 δὲ
899 5813 976 5868 τό.

1079 5814 1124 5848 ⁸ο
1153 5815 1260 5874 τῶν
1299 5820 1596 5890 στοιχείων.
1714 5823 1754 5856 δι
1787 5821 1945 5888 θεῖος.
