3872 6538
104 422 199 476 249

891 421 947 476 S.
993 416 1247 474 ΠᾹΧΙΙῙῘ
1283 418 1574 476 SCBOLIA
1615 417 1655 475 Π

1771 417 1849 473 IB.
1888 416 1977 472 DE
2014 417 2271 475 DIVINIS
2308 417 2709 476 NOMINIBUS.

3256 422 3363 481 250

98 536 182 589 καὶ
209 535 292 588 ὅτι
319 534 542 607 ἡμερῶν
575 536 769 607 τριάδα
798 537 993 606 φησιν,
1030 534 1107 599 ὡς
1132 535 1225 587 καὶ
1244 537 1274 588 6
1316 535 1489 606 μέγας
1513 531 1655 585 Βασίι

1780 530 1986 598 fuisse;
2010 547 2251 601 eumque
2280 532 2584 589 ternionem
2612 532 2828 590 dierum
2853 532 3070 597 dicere,
3108 542 3168 590 ut
3196 538 3361 592 etiam

96 642 226 693 λειος
264 631 322 681 ὲν
353 632 420 701 τῇ
466 627 792 702 Ἑξαημέρῳ
826 632 1013 701 σαφῶς
1060 646 1253 702 φησιν·
1286 630 1462 682 ἐκεῖνο
1507 627 1565 680 δὲ
1598 626 1673 699 μὴ

95 720 485 794 παραδράμῃς,
510 723 595 776 ὅτι
628 723 697 776 τά
724 725 1101 796 προειρημένα
1128 726 1189 779 οὐ
1215 723 1345 795 περὶ
1368 719 1465 774 τοῦ
1493 719 1669 794 ἡλίου,

94 816 219 869 ἀλλά
269 816 400 887 περὶ
432 814 530 867 τοῦ
563 816 1024 887 σχηματισθέντος
1063 819 1143 881 είς
1178 816 1330 888 ἥλιον
1370 814 1673 887 πρωτοκτί-

96 925 209 959 στου
241 907 421 976 φωτὸς
448 900 676 979 ἑρρήθη.

161 1000 258 1065 Ὡς
288 999 598 1069 ἐναρχική.
626 1000 917 1055 Τουτέστιν
939 1002 1082 1073 ἀρχὴ
1115 1001 1209 1056 καί
1233 999 1381 1056 uitia.
1410 1000 1511 1071 τῆς
1532 999 1672 1071 πρὸς

90 1091 141 1143 τὸ
169 1090 347 1156 ὄντως
374 1088 624 1155 ἑνώσεως
651 1093 684 1163 ἢ
714 1092 1046 1164 ὁμοιώσεως.

146 1273 259 1326 Kal
287 1273 362 1327 οὗ
393 1273 620 1344 ἐφίεται
648 1273 865 1329 πάντα.
898 1275 1038 1347 Ὅρα
1071 1275 1187 1340 πῶς
1213 1274 1411 1347 διαιρεῖ
1438 1276 1508 1329 τὰ
1538 1274 1668 1329 ὄντα

90 1366 277 1430 πάντα,
309 1367 406 1419 καὶ
432 1366 561 1439 περὶ
592 1368 683 1421 τὸν
712 1369 929 1423 πάντων
948 1369 1078 1423 ὅντα
1110 1369 1352 1441 βασιλέα,
1383 1364 1444 1423 οὗ
1474 1369 1569 1423 καὶ
1598 1368 1669 1422 τὰ

88 1461 201 1514 ὄντα
239 1461 453 1530 ἐφίεται
484 1463 681 1515 πάντα.
715 1463 884 1532 Φησὶν
915 1457 1007 1515 οὖν
1037 1462 1254 1533 πρῶτον
1300 1461 1465 1534 νοερὰ
1486 1505 1499 1528 ,
1549 1458 1667 1514 εἶτα

88 1551 288 1618 λογικά.
321 1552 503 1622 Νοερά
532 1549 626 1606 οὖν
672 1555 779 1606 εἱσι
810 1552 880 1606 τά
925 1554 999 1624 μὴ
1054 1553 1365 1623 μεμιγμένα
1398 1552 1663 1623 σώμασιν,

87 1637 179 1695 οἷον
230 1646 286 1695 αἱ
339 1644 704 1715 ὑπερκόσμιοι
739 1644 1000 1716 δυνάμεις
1030 1647 1231 1699 πᾶσαι·
1281 1643 1474 1713 λογικά
1512 1644 1571 1697 δὲ
1608 1646 1664 1697 αἱ

87 1733 412 1804 ἀνθρώπιναι
456 1735 663 1806 ψυχαὶ,
699 1738 756 1790 ai
787 1737 886 1807 τὴν
921 1738 1105 1807 σχέσιν
1153 1737 1372 1808 ἔχουσαι
1422 1738 1558 1810 πρὸς
1604 1739 1665 1791 τὸ

88 1826 231 1898 σῶμα
259 1866 274 1890 ,
321 1825 505 1892 καθώς
535 1830 681 1881 ἐστιν
723 1832 752 1882 6
794 1828 1050 1899 αἰσθητὸς
1074 1828 1359 1899 ἄνθρωπος
1380 1846 1391 1859 ο
1422 1832 1470 1882 εἰ
1503 1829 1611 1899 γὰρ
1637 1832 1665 1883 6

1775 639 2009 695 magnus
2054 623 2292 680 Basilius
2323 626 2379 679 in
2422 624 2763 687 Hexaemero
2796 634 2985 697 aperte
3029 626 3192 695 dicit;
3227 630 3363 687 illud

1775 725 1958 772 autem
2010 733 2121 772 non
2175 718 2585 788 praetermittas,
2639 720 2899 774 nimirum
2954 734 3018 777 ea
3066 736 3190 790 quae
3236 731 3365 778 ante

1774 809 1925 865 dicta
1957 817 2115 874 sunt,
2144 826 2256 865 non
2286 810 2354 865 de
2386 811 2531 873 sole,
2573 812 2669 866 sed
2698 811 2767 867 de
2799 814 2973 882 prima
3002 825 3185 870 creata
3214 816 3360 882 luce,

1773 914 1894 971 quae
1923 900 1980 955 in
2012 901 2182 957 solem
2215 901 2602 971 transﬁgurata
2633 909 2740 965 est,
2771 902 2898 958 dici.
3131 952 3142 965 ,

1846 993 2124 1065 Tanquam
2169 995 2484 1063 principium
2516 995 2762 1060 unitatis,
2816 995 2911 1051 Gr.
2951 998 3028 1061 ὡς
3071 1000 3358 1071 ὲναρχική,

1770 1085 1829 1141 id
1873 1094 1961 1142 est
2002 1086 2334 1156 principium
2387 1094 2442 1141 et
2486 1101 2657 1142 causa
2711 1088 2978 1143 unitionis
3026 1091 3111 1145 vel
3158 1091 3357 1147 simili-

1771 1177 1996 1241 tudinis.
2030 1193 2152 1248 qua:
2178 1192 2368 1234 revera
2400 1179 2527 1234 talis
2560 1186 2665 1235 est.

1841 1267 2096 1340 Quodque
2153 1280 2405 1339 appetunt
2465 1272 2666 1326 omnia.
2745 1270 2883 1328 Vide
2936 1274 3214 1343 quomodo
3267 1292 3359 1331 res

1770 1375 1963 1417 omnes
2020 1361 2265 1427 dividat,
2314 1371 2369 1420 et
2422 1364 2490 1419 de
2548 1379 2677 1435 rege
2725 1366 3006 1433 omnium,
3055 1384 3217 1438 quem
3269 1384 3358 1426 res

1767 1469 1960 1509 omnes
1995 1463 2277 1525 expetunt.
2320 1455 2465 1511 Dicit
2505 1457 2671 1528 igitur
2715 1457 2894 1528 primo
2926 1460 3090 1531 νοερά
3128 1475 3192 1515 ea
3237 1476 3359 1531 quae

1769 1548 2101 1618 intelligunt,
2156 1549 2353 1605 deinde
2400 1550 2599 1618 λογικά
2643 1550 2737 1604 illa
2771 1566 2894 1621 quae
2937 1553 3359 1609 ratiocinatione

1768 1647 2017 1696 utuntur.
2046 1641 2230 1712 Νοερά
2252 1642 2425 1712 igitur
2458 1651 2621 1708 sunt,
2654 1659 2777 1714 quae
2808 1660 2919 1700 non
2949 1653 3079 1699 sunt
3108 1646 3357 1715 corpori-

1767 1732 1871 1787 bus
1929 1733 2227 1802 permista,
2284 1734 2450 1788 veluti
2503 1736 2709 1790 mundo
2757 1736 3073 1805 superiores
3122 1736 3357 1793 virtutes

1768 1840 1993 1890 omnes;
2039 1825 2234 1893 λογικὰ
2265 1842 2395 1881 vero
2433 1835 2565 1883 sunt
2618 1828 2901 1883 hominum
2950 1830 3187 1891 animae,
3231 1846 3357 1899 qua:

86 1917 176 1972 ἔσω
212 1917 506 1989 ἄνθρωπος
558 1920 716 1990 μόνον
744 1921 979 1991 ἐνεργεῖ,
1007 1919 1149 1973 κατὰ
1174 1920 1267 1973 τὸν
1310 1919 1655 1986 Ἀπόστολον,

1771 1916 1960 1973 aﬂ‘ectu
1984 1918 2040 1971 in
2077 1933 2280 1987 corpus
2323 1919 2595 1983 feruntur.
2637 1921 2782 1977 sicut
2814 1922 3070 1976 sensibus
3101 1921 3355 1978 addictus

85 2010 351 2063 τουτέστιν
384 2013 417 2081 ἡ
446 2010 615 2084 ψυχὴ,
650 2012 724 2084 μὴ
751 2013 850 2084 τὴν
880 2014 1061 2067 πᾶσαν
1087 2012 1285 2083 ἔχουσα
1316 2012 1499 2082 σχέσιν
1523 2012 1661 2083 πρὸς

86 2101 251 2171 σῶμα,
284 2102 411 2155 τότε
441 2104 627 2175 νοερὸς
652 2107 682 2159 6
706 2103 1014 2176 ἄνθρωπος,
1045 2106 1108 2158 οὐ
1149 2106 1256 2177 μὴν
1282 2104 1513 2173 λογικῶς
1557 2122 1660 2158 κα-

84 2193 208 2247 λοῖτο
222 2195 316 2259 ἂν,
344 2195 487 2249 κατά
509 2197 571 2249 τὸ
598 2199 705 2250 πᾶν
732 2197 868 2262 ζῶον
887 2198 948 2251 τὸ
963 2200 1028 2252 ἐκ
1048 2198 1298 2270 σώματος
1320 2200 1415 2253 καὶ
1439 2198 1661 2270 λογικῆς

80 2284 244 2358 ψυχῆς
299 2288 593 2353 συνεστώς.
634 2290 956 2354 Γνωστικῶς
987 2291 1043 2344 δέ
1088 2309 1221 2362 φησι
1266 2292 1334 2345 τὰ
1372 2292 1535 2364 νοερὰ
1565 2293 1660 2345 καὶ

80 2376 262 2445 λογικὰ
299 2379 553 2448 ἐφίεσθαι
582 2380 678 2434 τοῦ
719 2382 856 2436 Θεοῦ
876 2421 891 2448 ,
925 2384 1001 2447 ὡς
1032 2385 1192 2454 φύσει
1222 2387 1534 2458 προσούσης
1564 2387 1660 2442 αὐ·-

78 2472 173 2531 τοίς
193 2471 299 2540 τῆς
325 2470 562 2543 ὀρέξεως
590 2474 814 2545 ταύτης,
837 2476 933 2528 τοῦ
962 2477 1163 2545 γνῶναι
1186 2478 1278 2531 τὸν
1307 2478 1417 2531 τῶν
1439 2478 1657 2535 πάντων

80 2562 313 2631 βασιλέα,
350 2567 445 2619 καὶ
474 2583 573 2636 μετ
586 2567 729 2636 ἐχειν
766 2568 867 2638 τῆς
896 2568 1233 2640 ἀγαθότητος
1273 2570 1459 2637 αὑτοῦ,
1483 2570 1573 2624 διὰ
1595 2571 1657 2624 τὸ

76 2652 199 2709 εἶναι
227 2658 332 2728 τὴν
368 2658 545 2730 ψυχὴν
570 2661 878 2732 γνωστικὴν
906 2662 1000 2715 καὶ
1027 2661 1269 2733 λογικὴν,
1301 2663 1481 2727 καλῶς
1506 2663 1658 2733 λέγε-

76 2764 151 2800 ται
178 2750 275 2802 καὶ
308 2752 342 2821 ἡ
394 2750 580 2820 ἔφεσις
614 2750 709 2805 τοῦ
738 2752 969 2820 ἀγαθοῦ.
1002 2752 1084 2806 Τὰ
1110 2753 1166 2807 δὲ
1196 2754 1364 2823 ἄλογα
1395 2755 1509 2819 ζῶα
1536 2758 1654 2809 κατ’

74 2842 231 2911 αὐτὴν
262 2843 365 2912 τὴν
391 2842 721 2915 αἰσθητικὴν
753 2845 983 2917 δύναμιν
1013 2845 1163 2917 ζωῆς
1193 2847 1433 2915 ἐφίεται·
1457 2847 1539 2901 διὸ
1562 2849 1655 2901 καὶ

74 2930 153 2982 τοῦ
180 2932 397 3000 ἀγαθοῦ
417 2950 432 2964 ·
479 2934 626 2989 τάὀὲ
654 2936 957 3009 ἀναίσθητα
976 2980 991 3003 ,
1024 2932 1135 2993 οἷον
1172 2939 1242 2993 τὰ
1277 2938 1419 3009 φυτά
1464 2941 1557 2993 καὶ
1588 2940 1656 2994 τὰ

74 3022 244 3094 ἀψυχα
272 3026 368 3079 καὶ
393 3023 569 3091 ἄζωα,
599 3028 809 3097 ἐφίεται
842 3030 941 3101 μὲν
962 3030 1207 3099 φυσικῶς
1220 3032 1264 3064 ⁵³
1303 3032 1398 3085 τοῦ
1424 3032 1652 3101 ἀγαθοῦ,

72 3117 124 3168 οὗ
152 3118 258 3188 μὴν
291 3118 382 3173 ἶνα
427 3117 523 3173 καὶ
550 3121 663 3192 γνῷ
689 3123 850 3186 αὐτὸ,
882 3122 997 3177 ἀλλ’
1026 3125 1113 3178 ἵνα
1144 3125 1303 3198 μείνῃ
1327 3165 1341 3189 ,
1372 3126 1511 3196 ὅπερ
1537 3127 1655 3180 ἐστὶ

1764 2010 1961 2076 homo;
2017 2012 2064 2065 si
2101 2012 2247 2066 enim
2283 2012 2511 2067 interior
2542 2012 2739 2079 homo,
2773 2012 3080 2069 secundum
3117 2014 3353 2083 Αροειοι

1764 2103 1876 2158 lum
1898 2142 1914 2169 ,
1947 2111 2160 2158 tantum
2194 2113 2489 2171 operatur,
2545 2106 2597 2160 id
2631 2114 2716 2160 est
2748 2106 2934 2159 anima
2986 2121 3097 2159 non
3134 2121 3354 2161 onmem

1762 2210 1892 2265 erga
1922 2210 2125 2265 corpus
2163 2195 2421 2251 aii‘ectum
2450 2197 2658 2253 habens
2683 2236 2699 2261 ,
2736 2205 2854 2251 tum
2886 2197 3071 2268 νοερός
3117 2213 3214 2252 seu
3269 2198 3356 2252 in-

1762 2289 1986 2343 tellectu
2017 2289 2137 2345 solo
2165 2297 2384 2345 constat
2429 2290 2629 2355 homo;
2661 2298 3039 2345 verumtamen
3064 2300 3353 2345 vocaretur

1762 2380 1993 2450 λογικῶς
2020 2422 2035 2447 ,
2088 2383 2235 2437 sicut
2286 2398 2450 2439 omne
2489 2384 2693 2437 animal
2734 2384 2883 2453 quod
2928 2398 2996 2438 ex
3028 2394 3260 2453 corpore
3295 2392 3352 2437 et

1761 2476 1940 2530 anima
1964 2476 2217 2530 rationali
2250 2483 2489 2531 constat.
2521 2475 2611 2530 Ait
2653 2485 2833 2530 autem
2864 2475 3027 2546 νοερὰ
3067 2483 3121 2530 et
3157 2474 3353 2544 λογικά

1761 2576 2021 2637 appetere
2049 2568 2365 2638 cognitione
2386 2566 2582 2632 Deum,
2609 2577 2871 2637 tanquam
2903 2582 2935 2621 a
2966 2573 3163 2621 natura
3202 2566 3352 2621 hunc

1760 2663 2063 2733 appetitum
2104 2662 2376 2725 habeant,
2422 2674 2606 2731 regem
2660 2659 2907 2712 omnium
2936 2657 3349 2729 cognoscendi,

1758 2761 1923 2824 atque
1966 2753 2268 2807 bonitatem
2318 2752 2440 2821 ejus
2489 2750 2895 2821 partieipandi,
2960 2766 3027 2806 eo
3083 2751 3233 2821 quod
3276 2756 3352 2806 sit

1758 2847 1941 2901 anima
1982 2845 2300 2916 cognitione
2330 2853 2385 2900 et
2419 2844 2632 2898 ratione
2664 2842 2891 2914 praedita
2913 2881 2928 2907 ,
2962 2850 3110 2897 recte
3144 2842 3352 2897 dicitur

1756 2945 1811 2992 et
1832 2937 1963 2993 boni
2002 2939 2301 3009 appetitus.
2333 2935 2507 2991 Porro
2536 2936 2797 2990 animalia
2824 2936 3038 2990 ratione
3081 2936 3350 2992 destituta

1758 3032 1943 3089 sensili
1990 3033 2095 3088 ista
2136 3033 2339 3087 virtute
2370 3032 2538 3085 vitam
2569 3036 2836 3101 appetunt
2866 3048 2884 3097 ;
2920 3030 3153 3099 ideoque
3182 3030 3348 3084 etiam

1754 3124 1959 3178 bonum
1986 3141 2001 3190 ;
2034 3139 2158 3195 quae
2181 3131 2365 3179 autem
2396 3138 2564 3177 sensu
2594 3130 2809 3186 carent,
2841 3129 2903 3175 ut
2932 3124 3154 3193 stirpes,
3185 3131 3351 3193 atque

75 3208 217 3277 μόνον
252 3215 319 3283 τῇ
352 3216 557 3285 φυσικῇ
590 3214 774 3284 ἐφέσει
797 3217 1131 3287 συνεχόμενα
1155 3218 1303 3289 παρὰ
1322 3217 1416 3271 τοῦ
1437 3218 1643 3288 ἀγαθοῦ

1771 3218 1850 3271 .lla
1874 3232 1996 3287 quae
2022 3217 2205 3271 anima
2226 3222 2281 3271 et
2312 3216 2425 3271 vita
2452 3216 2759 3286 privantur,
2779 3216 3106 3270 naturaliter
3127 3215 3351 3285 quidem

74 3302 140 3363 εἰς
162 3303 222 3356 τὸ
253 3300 397 3359 εἶναι
429 3307 590 3361 αὑτά.

130 3570 334 3626 Πάντα
357 3573 558 3644 ἀολλῆ
587 3576 763 3634 ποιεῖ.
792 3577 1004 3651 Ἀολλῆ,
1040 3582 1493 3654 συνηθροισμένα.
1526 3586 1648 3639 Ὅτι

68 3664 93 3713 ὁ
119 3664 264 3733 ἦλιος
289 3665 513 3735 λέγεται
537 3669 689 3741 παρὰ
706 3672 767 3724 τὸ
790 3671 954 3745 ἀολλῆ
978 3678 1151 3728 ποιεῖν
1176 3676 1272 3729 καὶ
1306 3676 1556 3746 συνάγειν
1580 3679 1651 3734 τὰ

68 3752 521 3829 διεσκεδασμένα,
572 3763 667 3815 καὶ
713 3765 795 3817 ὅτι
840 3767 1057 3836 ἀναιρεί
1100 3768 1162 3822 τὸ
1202 3765 1342 3823 εἶναι
1380 3771 1511 3824 Θεὸν
1555 3772 1647 3825 τὸν

68 3847 223 3915 ἣλιον,
260 3853 309 3903 εἶ
354 3853 449 3905 καὶ
478 3852 649 3909 πολλὰ
680 3856 909 3928 εἴπομεν
922 3859 967 3890 ”
996 3859 1099 3931 τῆς
1130 3860 1371 3934 εὐχερῶς
1400 3862 1649 3934 διαστρε-

69 3941 305 4012 mm;
330 3943 595 3999 δοκοῦντα
628 3948 844 4002 ἐναντία
879 3942 1038 4006 εἶναι.

130 4034 295 4088 Κατὰ
333 4036 441 4090 τὸν
468 4037 581 4107 τῆς
607 4042 1029 4111 παλαιότητος.
1065 4045 1224 4100 Κατά
1272 4047 1365 4101 τὸν
1402 4048 1503 4119 τῆς
1544 4064 1649 4101 πα-

67 4121 338 4196 λαιότητος
368 4127 527 4197 λόγον
548 4173 562 4198 ,
586 4131 620 4203 ἢ
650 4132 733 4186 ὃτι
768 4134 1029 4207 Ἕλληνες
1064 4139 1333 4211 ὑπῆρχον,
1361 4138 1505 4204 θεῖος
1531 4143 1649 4193 Διο-

63 4216 234 4283 νύσιος
284 4221 381 4275 καὶ
431 4222 461 4271 ὁ
502 4221 646 4288 θεῖος
674 4226 939 4297 Τιμόθεος
959 4228 1026 4293 ⁸⁸,
1052 4230 1129 4293 ὡς
1156 4232 1215 4284 ἐν
1244 4235 1364 4295 ταῖς
1407 4228 1647 4303 Πράξεσι

63 4307 157 4362 ὠν
204 4312 380 4380 ἁγίων
421 4314 738 4371 ἀποστόλων
769 4319 1025 4391 δηλοῦται
1046 4339 1059 4353 ο
1110 4322 1258 4394 ἢτδν
1289 4324 1471 4396 μωρὸν
1508 4324 1645 4398 [τὸν]

62 4402 157 4454 τῶν
201 4404 475 4477 Ἑλλήνων
508 4407 665 4477 λόγον
695 4412 857 4481 φησί·
891 4414 1122 4468 παλαιὸν
1154 4415 1263 4488 γὰρ
1297 4416 1393 4470 καὶ
1418 4417 1648 4489 ἀρχαῖον

63 4494 101 4523 ⁸⁵
137 4495 229 4548 τὸν
259 4496 412 4568 ἥλιον
443 4498 650 4569 ἔλεγον,
681 4502 757 4566 ὼς
795 4505 853 4556 ὲν
876 4508 944 4575 τῇ
979 4507 1241 4579 κωμῳδίᾳ
1264 4506 1501 4580 εἴρηται.

135 4589 597 4661 Ἁνακαθαίρειν.
640 4592 865 4665 Εἴρηται
892 4590 1005 4669 γάρ
1035 4614 1049 4629 ο
1084 4599 1459 4667 Προσέλθετε
1495 4600 1649 4671 πρὸς

1673 3284 1718 3344 C
1751 3284 1953 3365 bonum
1978 3316 2265 3379 appetunt,
2290 3322 2401 3362 non
2432 3284 2657 3377 quidem
2683 3314 2743 3359 ut
2774 3307 2955 3376 ipsum
2988 3284 3346 3376 cognoscant,

1752 3405 1847 3460 sed
1864 3411 1925 3457 ut
1955 3404 2284 3474 persistant;
2310 3399 2459 3471 quod
2485 3408 2571 3455 est
2592 3407 2809 3453 tantum
2834 3400 3079 3454 naturali
3103 3400 3348 3471 appetitu

1751 3512 1782 3550 a
1810 3496 1955 3550 bono
1992 3495 2049 3550 in
2077 3494 2402 3550 exsistentia
2434 3507 2535 3547 sua
2569 3500 2993 3546 conservantur.

1822 3587 2019 3645 Omnia
2038 3586 2236 3655 ἀολλῆ
2265 3587 2416 3656 facit.
2458 3584 2645 3655 Ἀολλῆ
2680 3600 2775 3640 seu
2801 3594 3139 3655 congregata.
3162 3584 3345 3641 Solem

1749 3680 1884 3737 dicit
1913 3680 2066 3751 ἥλιον
2114 3680 2302 3734 vocari
2337 3678 2464 3748 quia
2495 3677 2745 3747 dispersa
2776 3676 2939 3748 ἁολλῆ
2978 3681 3154 3743 ποιεῖ,
3178 3677 3232 3732 id
3258 3686 3347 3733 est

1750 3782 2039 3843 congregat
2074 3778 2130 3826 et
2174 3771 2421 3841 colligit;
2454 3780 2726 3840 negatque
2775 3771 2947 3825 solem
2994 3786 3118 3826 esse
3150 3769 3343 3839 Deum,

1749 3866 1849 3920 etsi
1897 3864 2071 3920 multa
2112 3863 2417 3918 dixerimus
2452 3877 2576 3933 qua:
2614 3862 2693 3916 illi
2744 3862 3021 3916 contraria
3050 3861 3346 3917 videantur

1748 3969 1871 4029 quae
1898 3956 2056 4012 facile
2084 3956 2503 4027 detorquentur.

1816 4047 1987 4101 Juxta
2018 4049 2380 4118 antiquitatis.
2415 4046 2582 4102 Juxta
2626 4047 2972 4118 antiquitatis
3004 4061 3338 4111 sermonem,

1750 4146 1846 4194 aut
1874 4139 2020 4209 quod
2054 4140 2288 4210 gentiles
2318 4140 2545 4196 fuerunt
2571 4139 2793 4195 divinus
2835 4138 3133 4211 Dionysius
3171 4146 3223 4194 et
3256 4138 3337 4192 di-

1748 4232 1911 4286 vinus
1938 4230 2287 4296 Timotheus,
2316 4232 2462 4288 sicut
2494 4231 2549 4286 in
2575 4231 2729 4287 Actis
2758 4239 3082 4287 sanctorum
3113 4239 3339 4300 aposto--

1757 4327 1931 4381 lorum
1949 4324 2275 4393 declaratur;
2313 4334 2406 4378 aut
2456 4324 2687 4380 stultum
2729 4325 2987 4395 gentilem
3029 4338 3343 4379 sermonem

1749 4415 1901 4469 dicit.
1932 4415 2169 4469 Παλαιόν
2195 4416 2343 4471 enim
2374 4423 2429 4471 et
2460 4417 2688 4488 ἀρχαῖον
2718 4417 2949 4472 stultum
2982 4416 3345 4475 nominabant

1754 4508 1907 4581 131
1932 4508 2126 4573 solem,
2160 4509 2306 4564 sicut
2337 4508 2393 4563 in
2418 4508 2691 4564 comoedia
2719 4509 2942 4564 dicitur.

1820 4598 2147 4670 Repurgare.
2196 4598 2410 4656 Dicitur
2456 4601 2602 4656 enim
2640 4614 2659 4654 :
2704 4600 2951 4657 Accedite
2986 4599 3056 4656 ad
3098 4618 3242 4669 eam,
3288 4612 3349 4659 et;

60 4680 259 4748 αὐτὸν,
288 4684 385 4737 καὶ
430 4685 767 4755 φωτίσθητε
786 4705 799 4718 ·
826 4687 925 4741 καὶ
951 4692 1025 4743 τὰ
1051 4692 1344 4759 πρόσωπα
1369 4692 1537 4762 ὑμῶν
1565 4695 1637 4747 οὐ

1771 4693 2154 4761 iluminamim';
2204 4690 2254 4749 et
2287 4694 2452 4763 facias
2503 4703 2689 4750 vestrm
2728 4710 2835 4749 non
2879 4694 3272 4759 contunderit"
3287 4703 3335 4747 ν.

54 4772 133 4843 μὴ
162 4776 604 4846 καταισχυνθῇ.

124 4866 246 4921 Ὅτι
288 4869 617 4939 ἠτάπησαν
644 4873 824 4928 πολύ.
872 4873 962 4945 Τῷ
1009 4873 1120 4946 γὰρ
1170 4875 1457 4943 ἀγαπῶντι
1507 4876 1643 4931 πολὺ

57 4958 142 5010 καὶ
180 4959 368 5035 [πολὺ]
395 4964 710 5036 δοθήσεται·
750 4966 831 5037 τῷ
859 4967 919 5021 δὲ
946 4966 1165 5021 ἔλαττον
1181 4969 1248 5031 ⁸⁸,
1277 4969 1414 5040 πρὸς
1440 4970 1502 5023 τὸ
1546 4971 1643 5042 μέ-

56 5064 174 5117 τρον
220 5052 326 5123 τῆς
372 5054 623 5127 ἀγάπης·
654 5058 795 5129 ὅπερ
821 5057 968 5127 λέγει
996 5058 1143 5126 ἄνω,
1194 5058 1286 5113 ὅτι
1330 5056 1500 5127 τάξις
1541 5062 1640 5115 καί

51 5139 271 5209 μέτρον
299 5146 466 5214 ήμῶν
492 5148 664 5203 ἐστιν
695 5153 728 5204 ό
760 5151 923 5216 Θεός.
1436 5192 1439 5193 ν

120 5234 146 5303 §
175 5234 270 5289 VI.
300 5239 406 5291 Καὶ
434 5241 864 5311 ὐπερκόσμιον.
898 5244 971 5296 Τὸ
1001 5243 1371 5316 ὑπερκόσμιον
1392 5246 1644 5317 εἰρῆσθαι

56 5326 193 5391 νοῦν,
221 5328 306 5392 ὥς
330 5348 490 5385 τινων
522 5335 621 5403 μὲν
657 5336 799 5407 ὑπὲρ
827 5338 955 5399 τοὺς
980 5336 1192 5401 πάντας
1212 5338 1451 5410 κόσμους
1474 5339 1645 5393 ὄντων

56 5421 183 5472 νοῶν
217 5422 392 5489 ἁγίων
432 5425 722 5491 ἀνωτάτω,
759 5426 967 5496 τάξεων
1011 5429 1348 5498 ἀγγελικιῖη,
1394 5430 1558 5484 τινῶν
1588 5431 1646 5485 δὲ

193 5588 222 5617 '
254 5576 404 5635 Psal.
446 5596 647 5648 xxxut,
677 5580 730 5637 6.

1824 4870 1969 4939 Quia
2018 4880 2330 4927 amaverunt
2375 4870 2625 4928 multum.
2660 4869 2892 4927 Multum
2921 4870 3068 4925 enim
3101 4868 3332 4931 amanti,

1745 4965 1977 5020 multum
2018 4964 2185 5020 etiam
2213 4964 2470 5020 dabitur:
2505 4965 2634 5019 huic
2678 4974 2863 5020 autem
2904 4964 3087 5020 minus
3120 5003 3136 5028 ,
3177 4964 3339 5034 juxta

1748 5072 2061 5113 mensuram
2087 5058 2398 5124 charitatis,
2418 5058 2565 5127 quod
2588 5058 2845 5128 superius
2874 5058 2991 5115 ait:
3022 5056 3189 5114 Deum
3218 5072 3341 5111 esse.

1746 5151 1985 5205 ordinem
2018 5159 2067 5204 et
2097 5166 2400 5205 mensuram
2430 5159 2693 5205 nostram.

1851 5243 1878 5315 ᾗ
1913 5242 1999 5297 Vl.
2035 5241 2104 5295 Et
2133 5243 2652 5312 aupermundanam,
2696 5242 2791 5299 Gr.
2822 5244 2915 5298 καὶ
2942 5241 3333 5314 ὑπερκόσμιον.

1751 5336 1984 5391 Mentem
2010 5336 2120 5391 dici
2152 5336 2523 5409 ὑπερκόσμιον
2548 5337 2753 5392 mundo
2771 5337 3141 5407 superiorem,
3167 5334 3339 5396 veluti

1749 5438 1939 5489 essent
1969 5445 2238 5501 suprema
2264 5431 2517 5502 quaedam
2554 5441 2763 5488 sancta:
2801 5440 3014 5486 mentes
3058 5428 3345 5499 angelico.

982 5734 1218 5791 VARIAB
1256 5732 1652 5793 LECTIONES
1682 5735 1772 5792 ET
1809 5734 2367 5801 COBRECTIONES.

118 5873 158 5901 δ’
188 5870 461 5944 ψυχλῑκῶς.
523 5943 528 5944 γ
555 5870 607 5944 ξ³
629 5867 769 5925 εἷπε.
870 5873 912 5904 ⁸⁵
932 5874 1012 5944 ἀμ

196 5911 461 5939 ,ηδ-πω...
629 5911 769 5925 .....-.
932 5911 1231 5945 ..μγνυερη
1265 5911 1293 5928 υ
1330 5911 1377 5928 ..ο
1403 5911 1538 5938 νων,
1574 5911 1688 5929 ...νυ

65 5943 153 5995 xz“.
189 5939 359 5996 αὑτὸν
389 5943 478 5997 τὸν
516 5941 665 6013 ἥλιον
694 5944 917 6015 ἀρχαῖον
953 5943 1200 6011 ἐκάλουν,
1228 5945 1301 6011 ὡς
1332 5947 1388 6002 ὲν
1418 5950 1484 6019 τῇ
1514 5963 1688 6018 κωμῳ

1015 5873 1231 5945 φότεροι
1265 5876 1293 5928 ὅ
1319 5892 1377 5928 τε
1401 5875 1542 5938 θεῖος
1574 5878 1738 5937 Διον.,
1770 5877 1862 5931 καὶ
1893 5879 1922 5931 6
1950 5877 2106 5968 ἅγιος
2131 5880 2412 5950 Τιμόθεος.

1024 5943 1179 5977 nm...
1228 5945 1301 5977 ,εν
1332 5947 1388 5977 ιι..
1418 5950 1482 5977 ..α
1514 5947 1774 5977 u._......::-
1896 5949 1939 5977 te
1976 5971 1985 5977 .
2006 5972 2013 5977 .
2038 5950 2091 5977 τι
2131 5950 2348 5977 ra----..

1689 5947 1795 6019 δίᾳ.

2534 5883 2576 5915 ⁸⁸
2603 5883 2691 5936 τὸν
2723 5884 2904 5954 μωρὸν
2938 5885 3152 5956 ἔλεγον,
3183 5887 3214 5959 ἦ
3249 5888 3339 5945 ὅτι

1896 5950 1939 5979 ⁸⁸
1974 5950 2015 6021 ᾧ
2038 5950 2092 6002 δὲ
2130 5950 2367 6006 ἔλαττον.
