3872 6536
501 413 600 472 251

1227 401 1246 410 ”
1289 409 1632 468 APPENDIX
1662 403 1754 466 AD
1781 407 2018 468 OPERA'
2039 407 2436 467 S.'DIONYSII
2464 407 2944 464 AREOPAGITE.

3653 405 3762 461 252‘

508 545 636 586 rum
686 523 940 584 ordinum
991 542 1154 598 supra
1206 527 1444 583 mundos
1509 527 1838 583 universos:
1889 527 2086 598 aliqua

2217 525 2520 598 πικοσμίων
2543 568 2560 592 ,
2610 525 2854 579 τουτέστι
2903 523 3012 576 τῶν
3053 522 3156 577 ἐπὶ
3189 525 3259 595 τῇ
3301 521 3611 594 λειτουργίᾳ
3651 522 3754 576 τῶν

510 631 693 680 autem
733 622 876 678 circa
908 621 1169 676 mundum
1199 629 1409 687 essent,
1455 621 1510 676 id
1544 629 1630 677 est
1668 622 1814 676 circa
1840 620 2087 676 ministe-

509 717 655 770 rium
696 714 1023 769 mundorum
1049 720 1474 783 occuparentur,
1507 713 1819 769 constituta:
1852 713 1908 767 in
1939 712 2087 782 ipso-
2126 743 2131 751 -

511 822 635 862 rum
686 806 1250 870 administrationem,
1309 820 1341 859 a
1391 806 1832 876 quibusdamque
1894 805 2086 860 mundi

510 898 1115 954 rectores-dicerentur.
1140 897 1351 966 Aliqua:
1379 913 1509 954 vero
1542 906 1753 954 mentes
1795 899 1852 953 in
1884 898 2090 954 mundo

508 983 859 1047 versarentur
885 980 1169 1045 hominum
1195 995 1359 1059 atque
1390 990 1732 1060 angelorum,
1769 989 2088 1047 nationibus

509 1083 914 1156 praefectorum,
947 1089 1002 1137 et
1024 1081 1316 1152 praesidum
1341 1082 1659 1148 civitatum,
1694 1091 1862 1152 atque
1902 1081 1957 1136 in
1996 1096 2088 1136 ec-

508 1175 696 1233 clesiis
724 1183 778 1230 et
808 1174 1051 1238 sanctis,
1095 1173 1240 1228 sicut
1282 1173 1340 1228 in
1385 1173 1714 1245 Apocalypsi
1749 1174 1828 1228 ait
1867 1173 2090 1230 divinus

507 1268 780 1333 Joannes,
810 1281 876 1322 ac
921 1267 977 1321 in
1011 1256 1226 1321 caneris
1254 1266 1446 1321 mundi
1475 1265 1998 1331 constitutionibus;
2035 1274 2091 1321 et

509 1361 849 1432 psalmorum
880 1366 1075 1413 cantor
1112 1357 1247 1412 dicit
1272 1377 1286 1414 :
1318 1357 1514 1414 Castra
1542 1359 1840 1414 metabitur
1866 1357 2092 1428 angelus

509 1451 770 1517 Domini;
794 1449 998 1507 mundo
1020 1450 1276 1520 superior
1297 1460 1383 1506 est
1402 1451 1728 1520 spiritualis,
1753 1449 1902 1504 circa
1930 1464 2095 1503 mun-

510 1545 641 1600 dum
670 1542 963 1608 animalis,
1011 1542 1070 1597 in
1099 1541 1304 1597 mundo
1333 1542 1596 1596 carnalis.
1643 1541 1816 1597 Aliter
1851 1560 1864 1595 :
1892 1538 2094 1594 Mundo

511 1645 597 1692 est
624 1635 895 1705 superior,
924 1634 1015 1705 qui
1045 1633 1368 1704 theologiam
1399 1632 1619 1704 dirigit;
1648 1633 1798 1688 circa
1825 1632 2093 1687 mundum

512 1737 598 1785 est
625 1729 718 1798 qui
751 1729 1054 1782 naturalem
1088 1725 1643 1795 contemplationem;
1675 1726 1734 1779 in
1767 1724 1972 1780 mundo
2009 1729 2096 1779 est

512 1820 608 1892 qui
634 1821 892 1876 virtutem
921 1817 980 1872 in
1009 1817 1224 1872 actione
1252 1817 1666 1872 consistentem.

587 1911 781 1968 Omnia
797 1907 1367 1980 congregans.Cuncta
1388 1909 1555 1964 simul
1582 1905 1812 1973 faciens,
1829 1912 1884 1962 et
1906 1905 2096 1964 fovens

515 2019 581 2059 ac
609 2017 839 2073 augens,
868 2011 1032 2071 atque
1058 2008 1426 2056 commutans.

586 2095 829 2150 Dii-imit.
875 2093 1188 2165 Ignorantia
1239 2093 1386 2149 enim
1443 2108 1474 2147 a
1517 2092 1628 2149 Deo
1675 2093 1899 2160 dividit,
1957 2092 2101 2148 sicut

515 2188 699 2243 lumen
727 2187 901 2258 magis
929 2186 1138 2258 colligit
1165 2194 1220 2241 et
1250 2187 1542 2251 convertit,
1582 2195 1642 2241 ut
1668 2201 1834 2257 supra
1865 2185 2025 2241 dixit.

583 2365 1020 2436 Opinationibus.
1087 2365 1554 2431 Simulacrorum,
1612 2374 1673 2422 et.
1733 2366 2101 2424 multitudinis

515 2459 766 2522 deorum,
800 2473 940 2528 quos
965 2458 1204 2513 habent.

600 2550 761 2613 Visa,
817 2549 912 2605 Gr.
963 2550 1285 2620 φαντασίας.
1329 2553 1635 2616 Φαντασιας
1683 2551 2102 2624 imaginationes

517 2641 687 2704 dicit,
720 2640 1000 2697 l'ahulosas
1045 2643 1192 2697 circa
1236 2645 1492 2708 sensilia,
1547 2652 1643 2699 aut
1684 2653 1943 2715 tanquam
1977 2661 2103 2700 sen-

520 2733 666 2799 silia,
699 2736 1086 2805 cogitationes.

590 2824 763 2896 §VII.
813 2824 884 2880 Et
928 2835 986 2880 ut
1030 2827 1330 2895 pulchrum.
1382 2827 1620 2884 Pulcher
1649 2829 1872 2899 quidem
1901 2829 2135 2884 dicitur.

516 2915 664 2973 Deus
699 2916 753 2972 in
790 2917 1020 2973 Cantico
1063 2920 1407 2974 canticorum
1434 2938 1448 2974 :
1479 2921 1560 2976 sic
1591 2922 1758 2990 igitur
1787 2920 1951 2976 etiam
1981 2921 2104 2991 pul-

517 3008 774 3064 chritudo
809 3009 1033 3066 dicitur.
1066 3011 1238 3067 David
1267 3032 1281 3067 :
1315 3012 1601 3082 Speciosus.
1624 3012 1806 3081 forma
1826 3028 1937 3081 pra:
1971 3013 2101 3082 ﬁliis

517 3103 792 3158 hominum
814 3117 863 3158 ι.
926 3103 1224 3158 Pulchrum
1279 3114 1460 3160 autem
1508 3105 1710 3158 dicitur
1769 3104 1933 3158 etiam
1971 3104 2102 3159 illud

2123 1869 2173 1929 Β

2185 619 2428 690 κόσμων,
2469 619 2549 682 εἰς
2575 617 2837 688 διοίκησιν
2863 613 3042 668 αὐτῶν
3077 613 3444 684 τεταγμένων,
3476 613 3585 666 τῶν
3613 614 3757 685 παρά

2183 729 2294 766 τισι
2345 711 2438 766 καὶ
2479 708 2858 781 κοσμαγωγῶν
2898 706 3225 778 λεγομένων.
3258 704 3430 770 Τινῶν
3469 705 3528 758 δὲ
3565 707 3755 774 ἐγκοσ-

2190 804 2330 876 μὲων
2354 802 2496 858 νοῶν
2524 802 2713 866 ὄντων,
2744 799 3044 874 ἀνθρώπων
3075 816 3138 857 τε
3168 800 3263 854 καὶ
3286 798 3552 868 ἀγγέλων,
3581 798 3764 871 ἐθναρ-Δ

2187 896 2298 968 χῶν
2330 913 2389 950 τε
2429 896 2524 950 καὶ
2565 894 2897 966 πολιούχων·
2945 894 3039 948 καὶ
3080 892 3172 946 ἐπὶ
3199 891 3309 951 τῶν
3337 891 3641 972 ἐκκλησιῶν
3670 892 3758 945 καὶ

2188 989 2299 1043 τῶν
2346 989 2516 1058 ἁγίων
2539 1028 2556 1054 ,
2602 988 2678 1052 ὡς
2725 989 2786 1044 ὲν
2828 989 2894 1058 τῇ
2932 985 3293 1056 *Δποκαλύψει
3344 985 3510 1055 φησὶν
3551 986 3582 1038 6
3625 983 3756 1047 θεῖος

2202 1079 2456 1152 Ἰωάννης
2472 1121 2488 1145 ,
2514 1080 2608 1134 καὶ
2635 1081 2728 1132 ἐπὶ
2754 1078 2869 1135 τῶν,
2905 1078 3106 1151 ἑτέρων
3133 1077 3411 1148 κοσμικῶν
3437 1075 3755 1140 διατάξεων·

2191 1173 2286 1226 καὶ
2299 1174 2327 1226 6
2343 1171 2629 1243 ψαλμῳδὸς
2665 1172 2722 1226 δέ
2748 1180 2905 1243 φησι·
2918 1168 3268 1242 Παρεμϐαλεῖ
3287 1168 3513 1238 ἄγγελος
3533 1168 3754 1239 Κυρίου⁸

2193 1264 2560 1336 ὑπερκόσμιόλς
2602 1265 2752 1318 ἐστιν
2798 1266 2828 1318 6
2873 1261 3240 1334 πνευματικός
3256 1278 3269 1291 ·
3333 1277 3401 1320 πε
3409 1260 3694 1335 ρικόσμιος
3731 1263 3757 1313 6

2192 1357 2450 1428 ψυχικός·
2498 1358 2790 1429 ὲγκόσμιος
2847 1358 2876 1411 6
2935 1355 3196 1428 σαρκικός
3216 1355 3283 1410 ⁸⁷.
3338 1353 3549 1418 Ἄλλως
3598 1353 3758 1423 ὑπερ-

2194 1450 2418 1521 κόσμιός
2441 1452 2588 1504 ἐστιν
2610 1451 2638 1502 6
2659 1450 2753 1504 καὶ
2782 1448 2879 1521 τὴν
2909 1448 3185 1518 Θεολογίαν
3209 1445 3589 1519 κατορθώσαςο
3616 1462 3759 1517 περιρ

2196 1543 2420 1614 κόσμιος
2462 1544 2491 1596 6
2533 1541 2632 1613 τὴν
2675 1541 2908 1615 φυσικὴν
2953 1541 3214 1612 θεωρίανπ
3263 1538 3554 1615 ὲγκόσμιος
3593 1540 3622 1594 ὁ
3664 1536 3759 1610 τὴν

2196 1634 2502 1708 πρακτικὴν
2527 1637 2754 1708 ἀρετήν.

2267 1919 2477 1979 Πάντα
2516 1919 2888 1988 συνάγουσαι
2943 1916 3107 1989 Ὁμοῦ
3155 1917 3340 1972 πάντα
3368 1915 3629 1981 ποιοῦσα,
3675 1916 3770 1970 ut.

2200 2014 2496 2076 Θάλπουσα,
2530 2014 2625 2066 καὶ
2649 2011 2907 2076 αὔξουσα,
2933 2012 3028 2064 καὶ
3061 2009 3450 2081 μεταπτοιοῦσα.

2271 2104 2618 2175 Διαιρετική.
2659 2107 2866 2176 Διαιρεῖ
2891 2103 3002 2173 γὰρ
3043 2103 3151 2165 ἀπὸ
3179 2101 3274 2155 τοῦ
3310 2100 3445 2154 Θεοῦ
3482 2102 3536 2172 ἠ-
3558 2101 3763 2171 ἄγνοια,

2197 2197 2274 2261 ὡς
2299 2197 2496 2269 μᾶλλον
2523 2197 2584 2250 τὸ
2615 2194 2730 2264 φῶς
2756 2194 3020 2262 συνάγει,
3049 2192 3146 2246 καὶ
3171 2190 3334 2262 ἀολλῆ
3365 2193 3511 2243 ποιεῖ
3525 2229 3541 2254 ,
3566 2190 3644 2254 ὡς
3669 2191 3765 2261 ἔφη

2199 2291 2328 2345 ἄνω.
2607 2322 2617 2330 η

2242 2409 2246 2412 ~
2272 2381 2685 2450 Δοξασμάτων,
2725 2380 2843 2433 Τῶν
2870 2377 3124 2446 εἰδώλων,
3158 2379 3252 2432 καὶ
3277 2379 3375 2450 τῆς
3410 2377 3594 2433 αὐτῶν
3619 2375 3761 2428 πολυ-

2236 2476 2368 2527 εἴας.

2203 2474 2319 2529 Θεῒα
2355 2513 2368 2527 .

2273 2492 2632 2630 dirui-malm.
2675 2563 2981 2627 Φαντασίας
3025 2563 3158 2634 φησὶ
3209 2563 3310 2627 τὰς
3364 2560 3776 2635 πλασματῶδες·

2203 2658 2410 2720 ἑννοίας
2435 2658 2566 2728 περὶ
2585 2655 2840 2726 αἰσθητὰ,
2868 2654 2903 2725 ἢ
2930 2654 3006 2718 ὡς
3035 2654 3286 2726 αἰσθητά.

2273 2835 2302 2908 §
2330 2832 2444 2889 VII.
2484 2833 2594 2887 Καὶ
2622 2832 2705 2899 ὡς
2739 2833 2954 2887 καλόν.
2979 2829 3160 2894 Καλὸς
3191 2831 3290 2902 μὲν
3319 2829 3543 2902 εἴρηται.
3583 2830 3620 2886 ὁ,
3653 2829 3775 2890 ΘεὸςΔ

2204 2929 2298 2982 καὶ
2343 2930 2401 2981 ἐν
2438 2925 2518 2998 τῷ
2548 2925 2786 2998 ’ᾼσματι
2831 2923 2940 2979 τῶν
2988 2924 3268 2996 ᾀσμάτων,
3321 2922 3512 2994 ὥσπερ
3549 2917 3647 2976 οὖν
3691 2921 3770 2974 καί

2205 3020 2398 3083 κάλλος
2421 3019 2636 3089 λέγεται
2654 3035 2668 3050 ο
2695 3018 2793 3072 καὶ
2818 3019 2846 3072 6
2874 3018 3036 3072 Δαυίδ
3054 3035 3067 3047 ·
3115 3016 3342 3084 Ὠραῒος
3381 3015 3598 3069 κάλλει
3627 3012 3768 3082 παρὰ

2205 3112 2348 3178 τοὺς
2375 3111 2546 3177 υἱοὺς
2572 3110 2694 3165 τῶν
2718 3108 3064 3177 ἀνθρώπων.
3088 3108 3331 3177 ’Λέγεται
3375 3107 3433 3160 δὲ
3477 3106 3649 3162 καλὸν
3689 3104 3766 3157 καὶ

520 3194 667 3264 quod
693 3195 1158 3269 pulchritudinem
1199 3197 1512 3266 participat.
1547 3195 1787 3250 Advorte
1823 3195 2101 3266 quomodo

2213 3203 2266 3256 τὸ
2292 3203 2521 3266 κάλλους
2566 3201 2810 3274 μετέχον.
2843 3201 2954 3256 Καὶ
2982 3198 3285 3270 σημείωσαι
3306 3239 3320 3263 ,
3352 3199 3469 3261 πῶς
3495 3197 3766 3268 διαιρεῖται

521 3285 580 3339 in
623 3285 790 3340 rebus
833 3286 1111 3342 dividatur
1163 3288 1450 3358 pulchrum
1502 3295 1558 3342 et
1606 3288 1994 3358 pulchritudo,
2047 3289 2106 3342 in

523 3377 918 3448 participantes
955 3390 1011 3435 et
1047 3395 1143 3436 eas
1189 3395 1311 3449 qua:
1358 3381 1496 3434 liunt
1545 3380 1868 3450 participes;
1907 3380 1962 3437 in
1996 3378 2107 3434 Deo

523 3475 709 3524 autem
748 3485 859 3526 non
899 3471 978 3525 ita
1008 3486 1022 3522 :
1054 3471 1408 3542 pulchritudo
1435 3472 1581 3526 enim
1627 3472 1850 3534 dicitur,
1883 3481 2108 3543 propter

523 3560 783 3616 clunibus
816 3563 1274 3616 communicatam
1318 3565 1388 3618 ab
1439 3565 1560 3634 ipso
1613 3566 2104 3635 pulchritudinem,

524 3659 582 3708 et
609 3653 756 3722 quod
789 3661 988 3709 cuncta
1017 3654 1084 3709 ad
1117 3671 1178 3710 se
1202 3663 1392 3722 vocet;
1425 3657 1719 3726 pulchrum
1753 3667 1936 3714 autem
1969 3660 2111 3714 dici-

527 3750 638 3809 tur,
679 3754 738 3800 ut
783 3761 999 3816 semper
1040 3748 1312 3805 exsistens
1358 3756 1412 3805 et
1463 3766 1747 3820 nunquam
1781 3751 2110 3810 decrescens

527 3844 625 3891 aut
654 3852 999 3895 accrescens.
1479 3889 1482 3892 .

604 3929 760 4000 132
781 3928 1078 3986 Secundum
1105 3949 1160 3987 se
1200 3934 1482 4003 uniforme.
1507 3934 1652 3991 Deus
1684 3945 1769 3992 est
1797 3937 2110 3993 uniusmodi

527 4022 850 4092 pulchrum,
888 4025 1148 4096 quoniam
1179 4043 1359 4098 neque
1397 4028 1664 4084 dividitur
1709 4031 1770 4084 in
1800 4031 2018 4087 habitus
2056 4039 2111 4086 et

528 4115 876 4172 diversitates
929 4119 1354 4187 pulchritudinis
1411 4119 1753 4184 effectrices,
1813 4137 1990 4191 neque
2043 4122 2112 4176 ad

529 4205 670 4262 alios
699 4207 919 4276 quidem
941 4210 1234 4277 pulchrum
1268 4210 1533 4280 possidet,
1557 4213 1622 4266 ad
1656 4213 1794 4266 alios
1822 4228 1933 4267 non
1957 4213 2109 4276 item;

532 4297 627 4352 sed
658 4298 1072 4357 immutabiliter
1113 4303 1294 4372 ipsum
1341 4303 1629 4372 pulchrum
1675 4305 1794 4359 sine
1843 4305 2113 4374 principio

530 4397 586 4442 et
610 4389 996 4458 dissolutione,
1016 4393 1136 4448 sine
1165 4395 1275 4448 ulla
1308 4394 1596 4450 aliectione
1625 4411 1690 4450 ac
1718 4395 1912 4450 eodem
1952 4396 2114 4452 modo

533 4497 750 4551 semper
786 4491 871 4538 est
890 4526 904 4550 ,
935 4491 988 4539 et
1021 4493 1311 4557 propterea
1340 4487 1545 4542 dicitur
1572 4496 1698 4542 ante
1733 4488 1935 4543 habere
1964 4489 2021 4542 in
2051 4503 2113 4544 se

2207 3294 2270 3347 τὸ
2301 3293 2464 3347 καλὸν
2496 3295 2590 3347 καὶ
2619 3293 2680 3346 τὸ
2703 3292 2896 3356 κάλλος
2923 3293 3014 3346 ἐπὶ
3041 3291 3150 3355 τῶν
3179 3290 3367 3354 ὄντων,
3386 3291 3466 3352 εις
3491 3289 3776 3359 μετέχοντα

2209 3388 2304 3440 καὶ
2328 3389 2406 3450 εἰς
2441 3385 2806 3458 μετεχόμενα·
2837 3385 2930 3438 ἐπὶ
2969 3384 3025 3437 δὲ
3052 3383 3147 3437 τοῦ
3193 3381 3351 3446 Θεοῦ,
3375 3382 3474 3452 οὐχ
3507 3381 3652 3435 οὖτω
3699 3381 3763 3411 ⁸⁸·

2211 3479 2404 3543 κάλλος
2430 3478 2530 3550 μὲν
2555 3479 2665 3549 γὰρ
2687 3475 3006 3546 λέγεταιδιά
3018 3476 3115 3546 τὴν
3129 3473 3187 3539 ἐξ
3214 3473 3378 3527 αὐτοῦ
3397 3472 3767 3544 διαδεδομένην

2211 3577 2344 3628 πᾶσι
2375 3572 2654 3643 καλλονὴν,
2683 3570 2778 3624 καὶ
2806 3570 2888 3623 ὅτι
2917 3568 3095 3622 πάντα
3125 3565 3262 3638 πρὸς
3291 3564 3451 3618 ἑαυτὸ
3479 3563 3664 3618 nale?
3693 3579 3768 3615 και

2211 3665 2300 3719 λδν
2329 3665 2410 3730 δὲ,
2443 3665 2518 3728 ὡς
2543 3664 2629 3717 ἀεὶ
2658 3661 2717 3716 ὃν
2746 3662 2841 3715 καὶ
2869 3660 3136 3746 μηδέποτε
3173 3657 3490 3729 μειούμενον
3534 3656 3567 3726 ἦ
3604 3651 3770 3720 αὔξον.

2281 3933 2424 3990 Μεθ’
2452 3931 2668 3986 ἑαυτοῦ
2698 3928 3026 4000 μονοειδές.
3061 3925 3349 3988 Μονοειδὲς
3375 3921 3539 3976 καλόν
3581 3921 3720 3973 ἐστιν
3748 3918 3770 3968 ὁ

2211 4028 2375 4092 Θεὸς,
2406 4026 2527 4080 ἐπεὶ
2560 4027 2693 4097 μήτε
2727 4023 3074 4078 σκεδάννυται
3105 4020 3186 4083 εἰς
3232 4018 3372 4084 ἕξεις
3403 4015 3498 4072 καὶ
3527 4010 3769 4085 διαφορὰς

2212 4119 2564 4180 καλλοποιοὺς
2583 4159 2596 4182 ,
2627 4117 2761 4188 μήτε
2794 4115 2932 4185 πρὸς
2964 4113 3138 4176 ἐνίους
3174 4110 3273 4182 μὲν
3299 4107 3360 4161 τὸ
3399 4106 3561 4164 καλὸν
3592 4104 3771 4170 κέκτη-

2211 4230 2320 4277 ται,
2354 4211 2491 4282 πρὸς
2523 4208 2695 4271 ἐνίους
2726 4207 2784 4261 δὲ
2810 4204 2870 4260 οὔ
2887 4223 2899 4236 ·
2930 4205 3043 4260 ἀλλ’
3070 4202 3355 4274 ἀτρέπτως
3378 4196 3512 4258 αὐτὸ
3539 4195 3601 4248 τὸ
3626 4193 3772 4247 καλὸν

2214 4305 2463 4377 ἀνάρχως
2482 4303 2576 4356 καὶ
2602 4299 2905 4364 ἀπολύτως,
2931 4291 3364 4365 ἀνεπιτηδεύτως
3397 4289 3494 4358 καὶ
3529 4285 3773 4342 ὡσαύτως

2213 4396 2298 4449 ἀεί
2329 4399 2475 4448 ὲστιο
2497 4394 2607 4450 ,καὶ
2639 4391 2727 4447 διὰ
2756 4391 2916 4445 τοῦτο
2950 4387 3203 4459 προέχειν
3247 4385 3311 4436 ὲν-
3349 4380 3527 4451 ἐαυτῷ
3571 4378 3774 4447 λέγεται

2213 4489 2312 4559 τὴν
2365 4487 2659 4556 καλλονὴν,
2711 4484 2787 4547 ὡς
2831 4481 2926 4536 καὶ
2972 4479 3080 4550 πρὸ
3132 4477 3240 4534 τῶν
3291 4476 3598 4546 δημιουργη
3609 4471 3774 4542 μάτων

532 4574 992 4643 pulchritudinem
1083 4551 1251 4632 veluti
1301 4578 1464 4632 etiam
1495 4585 1621 4633 ante
1648 4586 1927 4634 creaturas
1955 4579 2101 4633 exsi-

2217 4551 2366 4651 πηγὴ
2383 4623 2397 4644 ,
2432 4579 2526 4632 καὶ⁴
2553 4551 2694 4650 ἀρχὴ
2719 4615 2734 4640 ,
2763 4576 2857 4628 καὶ
2888 4575 3058 4630 αἴτιον
3083 4571 3158 4624 ὣν
3181 4567 3475 4633 τούκαλοῢ
3493 4583 3506 4596 ’
3544 4565 3666 4618 ὅθεν
3693 4562 3775 4615 καὶ

534 4674 686 4722 stens
727 4667 850 4723 fons
901 4675 957 4723 et
997 4668 1424 4740 principiumoet
1469 4685 1640 4725 causa
1685 4671 1899 4739 pulchri
1937 4687 1950 4722 :
1985 4672 2109 4727 ideo

532 4775 752 4829 quoque
779 4761 980 4816 eximie
1026 4762 1189 4818 habet
1234 4761 1546 4827 pulchrum;
1587 4763 1692 4816 etsi
1743 4764 1888 4818 enim
1935 4764 2109 4818 multa

534 4848 666 4908 sunt
689 4853 938 4922 pulchra,
981 4861 1037 4908 at
1061 4869 1128 4910 ex
1161 4855 1280 4925 ipso
1309 4865 1438 4911 sunt
1467 4855 1716 4925 pulchra,
1752 4871 1928 4926 neque
1965 4857 2111 4912 sicut

534 4945 653 5015 ipse
695 4945 954 5015 pulchra;
993 4947 1120 5018 quia
1155 4948 1274 5019 ipse
1294 4949 1602 5019 ipulchrum
1634 4958 1720 5004 est
1758 4949 1876 5004 sine
1903 4964 2107 5014 causa,

536 5039 642 5092 ista
673 5054 802 5094 vero
847 5039 1077 5108 pulchra
1110 5047 1238 5095 sunt
1269 5056 1365 5111 per
1393 5056 1616 5097 causam
1648 5050 1702 5096 et
1734 5041 2112 5112 participatio-

537 5147 696 5198 nem;
727 5147 853 5186 nam
886 5131 1028 5188 Deus
1059 5149 1170 5188 uno
1199 5135 1360 5190 modo
1408 5137 1698 5206 pulchrum
1729 5147 1813 5192 est
1846 5137 2109 5206 quoniam

536 5237 603 5276 ex
627 5221 747 5292 ipso
775 5240 896 5294 quae
919 5232 1040 5294 post
1065 5226 1240 5295 ipsum
1256 5227 1510 5297 pulchra,
1535 5244 1599 5283 ac
1629 5230 1920 5299 pulchrum
1942 5229 2109 5284 veluti

541 5314 596 5368 in
627 5317 891 5386 qualitate
920 5318 1142 5373 habent.

617 5406 701 5461 Ea:
741 5409 837 5465 hoc
866 5411 977 5479 ipso
1018 5411 1258 5480 pulchro.
1293 5411 1469 5469 Illud:
1502 5414 1637 5469 Ecce
1667 5417 1843 5470 omnia
1891 5415 2113 5484 pulchra

656 5601 683 5629 ι
717 5587 859 5646 Psa..
895 5601 1041 5657 ntv,
1071 5593 1124 5647 3.

2215 4669 2555 4742 ὑπεροχικῶς
2600 4669 2711 4738 ἔχει
2759 4666 2823 4720 τὸ
2868 4665 3094 4719 καλόνε
3132 4661 3235 4715 κᾶν
3268 4659 3374 4730 γὰρ
3408 4656 3578 4710 πολλά
3615 4652 3772 4710 καλὰ,

2213 4763 2325 4818 ἀλλ’
2351 4762 2411 4827 ἐξ
2440 4758 2604 4815 αὑτοῦ
2637 4760 2742 4812 εἰσι
2770 4757 2909 4812 καλά
2931 4796 2946 4820 ,
3000 4755 3096 4808 καὶ
3127 4753 3248 4806 οὐδὲ
3273 4751 3393 4804 κατ’
3422 4749 3586 4802 αὐτὸν
3612 4744 3768 4799 καλά·

2216 4855 2379 4908 πόθεν
2429 4855 2457 4907 ὃ
2511 4871 2573 4923 γε
2623 4850 2874 4914 ἀναιτίως
2917 4848 3114 4914 καλὸν,
3153 4843 3292 4898 αὑτά
3319 4842 3375 4896 δὲ
3401 4840 3657 4903 αἰτιατῶς
3692 4837 3775 4889 καὶ

2216 4948 2358 5003 κατά
2393 4949 2623 5020 μετοχήν
2643 4962 2656 4974 ·
2691 4942 2934 5006 ὲνοειδῶς
2954 4941 3062 5012 γάρ
3091 4942 3206 4992 ἐστι
3238 4937 3404 4991 καλὸν
3431 4937 3460 4988 6
3493 4932 3646 4996 Θεὸς,
3668 4929 3774 4983 ἐπεὶ

2215 5041 2276 5106 ὲξ
2308 5039 2470 5094 αὑτοῦ
2517 5038 2586 5091 τὰ
2620 5039 2735 5108 μετ’
2767 5035 2928 5094 αὑτὸν
2960 5032 3128 5098 καλὰς,
3176 5031 3270 5085 καὶ
3309 5028 3385 5090 ὡς
3436 5027 3494 5082 ὲν
3545 5023 3774 5091 ποιότητι

2219 5151 2384 5204 κεκτη
2393 5131 2526 5204 μένα
2556 5130 2618 5184 τὸ
2651 5129 2833 5184 καλόν.

2296 5414 2395 5465 Ἐκ
2427 5410 2526 5464 τοῦ
2567 5407 2757 5464 κα.λοῦ
2802 5408 3032 5462 τούτου.
3069 5405 3175 5471 Τὸ,
3221 5403 3367 5461 Ἰδοὺ
3398 5402 3596 5466 πάντα
3629 5392 3782 5450 καλὰ

1477 5706 1706 5764 varum
1741 5695 2124 5764 LECTIONES
2159 5705 2246 5762 ET
2285 5693 2831 5763 CURRECTIONES.

670 5837 713 5872 "
740 5841 982 5910 φυσικός.
1015 5884 1018 5887 .

1102 5842 1148 5882 ⁸⁸
1174 5841 1267 5898 ἐπὶ
1297 5842 1352 5897 δὲ
1385 5841 1519 5896 Θεοῦ
1546 5839 1809 5900 διαίρεσιν
1835 5839 1932 5895 οὐκ
1961 5839 2273 5912 ἐπιδέχεται
2307 5835 2519 5895 κάλλος.
