3872 6560
123 427 221 487 953

834 434 892 484 δ.
932 432 1185 484 ΜΑλωι
1222 429 1519 485 SCHOLIA
1555 428 1622 483 IN
1662 427 1801 484 LIB.
1828 426 1919 483 DE
1949 426 2204 487 DIVINIS
2235 429 2631 492 NOMINIBUS.

3271 434 3379 492 254

121 553 283 613 λίαν.
312 549 409 603 καὶ⁸
437 547 502 603 τὸ
546 546 686 603 κατά
715 546 806 602 τὸν
848 547 1151 620 Ζαχαρίαν,
1194 548 1302 602 πᾶν
1337 546 1393 600 εἴ
1432 565 1486 601 τι
1532 547 1696 602 καλὸν

1800 547 1971 614 valde,
2003 558 2058 603 et
2080 550 2213 605 illud
2231 549 2529 616 Zachariae,
2549 562 2732 612 omne,
2760 547 2804 603 si
2836 546 3057 618 aliquod
3089 547 3379 618 pulchrum

121 642 277 701 αὐτοῦ
309 642 517 696 ἐκεῖθεν
548 642 613 695 ἐκ
642 641 736 695 τοῦ
768 641 1009 695 ἀναιτίου
1032 640 1198 697 καλοῦ
1221 641 1441 711 γέγονεο
1473 639 1563 694 διὰ
1587 640 1697 712 γὰρ

119 735 177 789 τὸ
206 734 372 789 καλὸν
423 735 481 787 αἱ
512 733 622 787 τῶν
678 732 954 804 στοιχείων
994 733 1282 803 γεγόνασιν
1316 732 1663 805 ἁλληλουχίαι
1681 773 1695 799 ,

118 827 182 891 ἃς
229 826 553 899 ἐφαρῳγάς
598 843 759 901 φησι·
811 828 907 881 καὶ
957 828 1015 881 αἱ
1067 827 1177 881 τῶν
1222 827 1391 880 ὄντων
1446 827 1700 881 εὔτακτοι

123 920 389 983 συνδέσεις
430 920 739 992 διαρκοῦσι,
786 921 1075 992 λεγόμεναι
1117 921 1287 991 φιλίαι
1350 919 1444 974 καὶ
1506 937 1700 973 κοινω-

116 1014 221 1067 νίαι
267 1013 489 1069 πάντων
519 1016 790 1088 ἐναρέτων
823 1014 1089 1085 λογικῶν,
1144 1016 1200 1069 αἱ
1233 1014 1370 1087 πρὸς
1415 1014 1547 1068 Θεόν
1595 1030 1697 1067 που

114 1109 416 1181 διανοήσεις
441 1148 456 1174 ,
491 1109 565 1173 ὡς
598 1110 631 1181 ή
664 1108 775 1163 τῶν
800 1109 1158 1182 πρωτοτόκων
1197 1108 1491 1181 Ἐκκλησία
1515 1111 1574 1162 ἐν
1604 1108 1698 1161 ού-

118 1199 263 1271 ρανῷ
311 1201 409 1255 καὶ
439 1202 530 1255 ἐπὶ
577 1202 706 1273 γῆς’
739 1202 833 1256 ἐπὶ
856 1202 913 1255 δέ
946 1202 1057 1255 τῶν
1102 1202 1313 1272 ἀλόγων
1356 1203 1414 1256 αἱ
1449 1202 1699 1272 ἀγελαῖαι

112 1290 510 1361 συνδιαγωγαί·
548 1294 642 1347 ἐπὶ
683 1294 741 1348 δὲ
788 1294 900 1348 τῶν
945 1294 1168 1365 ἀψύχων
1215 1296 1275 1348 αι
1313 1295 1451 1367 πρὸς
1496 1295 1700 1367 ἄλληλα

111 1384 329 1437 ἐκτικαὶ
343 1383 462 1418 ’⁵9⁸⁸⁸
476 1402 542 1439 συ
548 1386 832 1456 μπάθειαι.
865 1387 1049 1442 Πάντα
1061 1383 1154 1442 οῦν
1170 1389 1215 1420 ⁸⁸
1240 1388 1444 1459 ἥνωται
1458 1388 1700 1461 τῷςκαλῷ

110 1478 176 1549 τῇ
212 1476 430 1548 μεθέξει
461 1478 599 1551 πρὸς
622 1480 773 1551 τὸνσ⁸¹
800 1481 971 1535 αἴτιον
1005 1482 1449 1554 ἐπεστραμμένα.

175 1674 294 1729 Kal
312 1674 499 1745 πέρας
522 1675 783 1735 πάντων.
807 1679 989 1752 Πέρας
1017 1680 1233 1733 πάντων
1254 1679 1470 1750 λέγεται
1495 1683 1523 1736 6
1544 1676 1696 1747 Θεὸς,

110 1767 203 1820 καὶ
234 1767 313 1832 ὡς
361 1771 601 1840 συνέχων
639 1771 848 1836 πάντα,
882 1774 978 1826 καὶ
1010 1773 1086 1836 ὡς
1137 1773 1353 1827 πάντων
1388 1774 1469 1837 εἰς
1520 1774 1697 1843 ἀσφάέ

108 1859 257 1915 λειαν
288 1862 810 1935 περιδεδραγμένος,
840 1865 935 1919 καὶ
962 1866 1038 1929 ὡς
1066 1864 1231 1920 αὑτοῦ
1263 1883 1326 1935 γε
1360 1865 1522 1919 ἕνεκα
1557 1866 1695 1920 πάν-

108 1972 215 2009 των
248 1957 334 2018 εἰς
362 1956 426 2010 τὸ
463 1951 603 2009 εἶναι
636 1956 1059 2028 παραχθέντων,
1093 1958 1185 2011 καὶ
1218 1958 1405 2030 ἐτέρου
1437 1958 1585 2022 τινὸς
1615 1960 1696 2023 εἰς

109 2047 164 2100 τὸ
192 2047 569 2101 τετελέσθαι⁸³
595 2050 656 2102 οὒ
679 2050 968 2121 δεομένωνο
1005 2050 1127 2103 ὅθεν
1158 2049 1235 2114 ὡς
1266 2050 1410 2121 ἀρχὴ
1454 2050 1707 2114 πάντων,

108 2138 397 2203 ἃτεάῐτιος
419 2179 435 2203 ,
465 2140 705 2209 λέγεται,
742 2141 887 2195 οὕτω
918 2144 1012 2196 καί
1048 2142 1242 2213 μέσον,
1282 2144 1359 2205 ὡς
1386 2144 1486 2216 τὴν
1517 2144 1598 2207 εἰς
1634 2144 1697 2197 τὸ

112 2231 435 2286 συνεστάναι
468 2233 772 2304 παράτασιν
801 2234 997 2299 διδοὺς,
1026 2236 1120 2288 καὶ
1141 2234 1388 2307 τελευτὴ,
1424 2236 1501 2300 ὡς
1531 2237 1588 2289 ὲν
1617 2232 1696 2307 τῷ

109 2323 375 2396 θελήματι
408 2325 571 2379 αὑτοῦ
598 2327 1015 2398 περατουμένων
1046 2327 1155 2380 τῶν
1183 2328 1372 2393 ὄντων,
1395 2330 1480 2398 ἐφ’
1513 2329 1572 2383 6v
1602 2330 1697 2382 καὶ

109 2416 506 2489 ἐπέστραπται,
532 2418 668 2472 καθὸ
704 2420 799 2473 καὶ
829 2419 1042 2473 τελικὸν
1074 2421 1236 2475 αὐτόν
1271 2439 1456 2494 φησιν,
1487 2422 1564 2487 ὡς
1593 2423 1694 2494 ἅρ-

109 2510 204 2581 ;qu
234 2510 371 2565 ὄντα
400 2512 495 2565 καὶ
525 2511 697 2575 τέλος.
720 2511 863 2566 κατὰ
878 2513 970 2566 τὸν
995 2513 1135 2567 θεῖον
1163 2514 1415 2586 Ἰωάννην
1446 2516 1505 2568 ἐν
1534 2516 1689 2569 Ἀπο-

110 2603 338 2673 metu
358 2642 373 2666 ,
406 2605 503 2657 καὶ
531 2605 1051 2676 παραδειγματικὸν,
1082 2607 1158 2671 ὡς
1188 2607 1404 2661 πάντων
1434 2607 1543 2661 τῶν
1575 2610 1695 2662 ἐσο-

109 2695 284 2765 μένων
314 2698 448 2759 τοὺς
482 2699 853 2770 προορισμοὸς
880 2699 939 2752 ἐν
968 2699 1145 2771 ἐαυτῷ
1178 2701 1566 2773 προειληφότα,
1599 2701 1695 2755 καὶ

108 2787 237 2857 πρὶν
268 2786 302 2858 ἤ
336 2791 693 2859 προαγαγεῖν,
718 2788 794 2853 ὥς
828 2806 992 2861 φησιν
1024 2792 1053 2844 6
1076 2791 1426 2859 Ἀπόστολος,
1457 2792 1565 2859 οὓς
1597 2790 1709 2847 καὶ

109 2878 423 2947 κροώρισε,
445 2878 540 2933 καὶ
573 2879 646 2933 τὰ.
667 2880 796 2951 ἐξῆς
815 2897 829 2911 ο
852 2881 1027 2935 ταῦτα
1049 2882 1157 2954 γὰρ
1182 2885 1210 2936 6
1236 2883 1390 2953 ἅγιος
1421 2884 1696 2950 Διονύσιος

113 2970 528 3043 παραδείγματα
558 2972 770 3043 ἐνόησε,
803 2972 865 3025 τὸ
890 2973 1227 3046 προωρίσθαι
1258 2976 1317 3027 ἐν
1352 2974 1527 3046 ἐαυτῷ
1560 2992 1713 3053 προ-⁵

104 3064 423 3130 γνωστικῶς
450 3063 519 3117 τὰ
548 3064 802 3136 ἐσόμενα,
837 3067 931 3120 καὶ
960 3069 1090 3138 πρὶν
1121 3067 1374 3140 παραχθῇ
1393 3108 1408 3131 ,
1449 3071 1695 3123 τουτέστι

114 3155 235 3226 πρὶν
263 3156 538 3229 ἀφορισθῇ
571 3158 667 3211 καὶ
706 3157 958 3230 διακριθῇ
991 3158 1079 3212 διὰ
1107 3160 1205 3231 τῆς
1240 3159 1599 3233 περιεχούσης
1625 3160 1697 3214 τὰ

1800 641 1997 712 ipsius.
2029 642 2182 697 illinc
2213 658 2277 697 ex
2307 644 2541 714 pulchro
2568 642 2715 715 quod
2746 656 2913 697 causa
2937 648 3111 704 caret,
3146 640 3377 711 prodiit;

1798 741 2024 804 propter
2054 735 2343 805 pulchrum
2373 736 2542 798 enim,
2583 737 2980 791 elementorum
3012 735 3384 789 connexiones

1799 842 1935 899 quas
1965 829 2288 900 ἐφαρμογάς
2324 829 2701 899 coaptationes
2749 836 2934 892 vocat,
2968 827 3135 892 fiunt,
3167 844 3385 883 rerum-

1798 937 1905 992 que
1932 921 2071 978 bene
2093 922 2359 978 ordinata:
2388 922 2772 993 colligationes
2798 922 3119 992 perdurant,
3151 936 3274 991 quae
3296 920 3385 975 di-

1798 1022 2003 1070 cuntur
2029 1016 2292 1071 amicitiae
2326 1023 2380 1072 et
2410 1016 2828 1071 communiones
2858 1014 3244 1070 universorum
3269 1014 3383 1068 vir-

1797 1114 1915 1162 tute
1940 1107 2290 1179 prmditorum
2316 1109 2690 1173 rationalium,
2732 1107 2902 1162 animi
2933 1107 2999 1163 ad
3030 1107 3199 1163 Deum
3260 1119 3383 1161 ere-

1796 1198 2024 1262 ctiones,
2052 1200 2196 1256 sicut
2230 1199 2479 1257 Ecclesia
2528 1199 3021 1270 primogenitorum
3066 1200 3121 1255 in
3153 1200 3295 1255 caelo
3328 1208 3383 1255 et

1799 1291 2064 1355 interra;
2108 1293 2168 1347 in
2210 1292 2390 1349 brutis
2430 1300 2611 1348 autem
2659 1293 2909 1363 gregales
2958 1292 3291 1359 societates;
3325 1292 3383 1347 in

1798 1383 2059 1439 inanimis
2089 1399 2219 1441 vero
2238 1425 2254 1449 ,
2303 1392 2495 1440 mutua
2551 1384 2846 1440 liabitualis
2875 1383 3125 1456 quaedam
3156 1390 3382 1439 natura-

1797 1492 1925 1531 rum
1946 1476 2181 1533 afﬁnitas
2224 1497 2237 1533 :
2267 1477 2453 1533 omnia
2482 1477 2651 1549 igitur
2680 1493 2807 1533 cum
2833 1477 3064 1550 pulchro
3092 1477 3380 1543 uniuntur,

1799 1584 1896 1640 per
1928 1569 2402 1640 participationem
2440 1570 2509 1625 ad
2539 1580 2820 1626 auctorem
2851 1584 3142 1627 conversa.

1870 1659 1941 1713 Et
1966 1661 2092 1730 ﬁnis
2120 1662 2377 1717 omnium.
2419 1661 2565 1718 Deus
2593 1662 2799 1717 dicitur
2826 1662 2956 1717 ﬁnis
2977 1662 3383 1725 universorum,

1798 1759 1853 1807 et
1900 1760 2164 1823 tanquam
2207 1754 2392 1808 omnia
2428 1754 2755 1821 continens,
2789 1763 2963 1825 atque
2981 1754 3149 1809 veluti
3184 1762 3385 1809 cuncta

1801 1843 1856 1898 in
1888 1847 2183 1902 securitate
2213 1848 2609 1919 complectens,
2641 1862 2704 1901 ac
2734 1847 2894 1917 quasi
2923 1848 3044 1918 ejus
3067 1862 3236 1902 causa
3264 1862 3388 1917 pro-

1726 1913 1771 1969 Β
1796 1934 1959 1990 ducta
2008 1937 2119 1992 sint
2166 1913 2456 2003 universa,
2496 1954 2674 2010 neque
2704 1913 2811 1994 alio
2842 1913 3026 2009 aliquo
3067 1938 3137 1995 ad
3198 1913 3387 2006 perfe-

1796 2028 2427 2101 ctionemindiguerint;
2468 2029 2616 2085 unde
2662 2036 2724 2085 ut
2765 2030 3096 2105 principium
3138 2031 3384 2085 omnium

1798 2122 1943 2177 sicut
1968 2130 2163 2177 auctor
2188 2123 2416 2187 dicitur,
2449 2123 2526 2178 ita
2555 2122 2720 2180 etiam
2755 2122 2999 2179 medium
3026 2123 3229 2179 dicitur
3266 2123 3376 2178 vel-

1798 2215 1878 2268 uti
1914 2214 2362 2285 perdurationem
2394 2214 2450 2270 in
2478 2215 2833 2271 consistendo
2864 2215 3208 2279 concedens,
3241 2224 3296 2272 et
3324 2216 3383 2269 li-

1796 2306 1905 2373 nis,
1936 2314 2200 2378 tanquam
2232 2306 2424 2361 omnia
2466 2307 2522 2361 in
2566 2309 2741 2377 ipsius
2772 2308 3052 2364 voluntate
3078 2311 3384 2364 terminen-

1796 2406 1909 2462 tur,
1952 2399 2008 2453 in
2048 2413 2225 2470 quem
2263 2398 2428 2454 etiam
2465 2407 2885 2474 convertuntur,
2922 2400 3394 2471 quemadmodum

1796 2491 1976 2560 ipsum
2004 2491 2169 2547 etiam
2201 2491 2415 2545 τελικόν
2451 2490 2668 2547 ﬁnalem
2696 2500 2885 2556 vocat,
2931 2500 2991 2547 ut
3052 2494 3393 2564 principium

1795 2592 1851 2639 et
1880 2583 2038 2639 tinem
2064 2623 2079 2648 ,
2111 2584 2417 2640 secundum
2443 2584 2692 2639 divinum
2721 2584 2991 2639 Joannem
3025 2586 3083 2640 in
3116 2586 3395 2659 Apocaly-.

1798 2677 1961 2746 psit,
2010 2684 2065 2731 et
2103 2676 2506 2748 exemplarem,
2580 2678 2729 2732 velut
2774 2678 3021 2732 omnium
3075 2678 3385 2733 futurorum

1797 2768 2258 2839 praadetlnitiones
2279 2770 2336 2823 in
2358 2769 2545 2839 seipso
2564 2770 2998 2840 praecipientem,
3014 2772 3177 2826 etiam
3204 2774 3395 2843 prius-.

1796 2876 1960 2932 quam
1995 2862 2341 2932 produceret,
2375 2862 2522 2917 sicut
2548 2863 2626 2916 ait
2660 2861 2978 2933 Apostolus,
3011 2880 3142 2933 quos
3168 2875 3218 2919 et
3249 2882 3395 2935 pra-

1796 2953 2151 3018 destinam’tt,
2207 2961 2263 3008 et
2315 2968 2439 3024 quae
2490 2954 2789 3023 deinceps:
2823 2954 2940 3009 haec
2981 2957 3127 3009 enim
3163 2966 3395 3013 sanctus

1797 3045 2093 3118 Dionysius
2134 3047 2385 3117 exempla
2429 3047 2727 3117 cogitavit,
2774 3046 3174 3114 praadeliniisse
3215 3051 3281 3104 in.
3328 3066 3398 3105 se

1798 3137 1917 3208 ipso
1935 3138 2363 3209 praecognitione
2389 3137 2574 3192 futura
2602 3139 2765 3193 etiam
2796 3140 3089 3210 antequam
3119 3140 3395 3211 producta

110 3246 283 3301 πάντα
313 3247 525 3313 ἐνιαίας
546 3249 905 3321 προγνώσεως
925 3250 1020 3304 τοῦ
1051 3250 1206 3304 Θεοῦ.
1230 3230 1416 3306 Ταῦτα
1446 3230 1696 3325 εὑρήσεις

1801 3231 2042 3295 fuerunt,
2059 3231 2114 3285 id
2140 3237 2225 3286 est
2238 3232 2560 3301 priusquam
2581 3230 2737 3301 133
2751 3230 3114 3286 deﬁnirentur
3130 3232 3399 3287 etdistin~

109 3338 197 3391 ut
224 3341 282 3392 ἐν
311 3338 392 3409 τῷ
426 3339 558 3410 ἐξῆς
595 3342 832 3412 πέμπτῳ
864 3343 1162 3414 κεφαλαίῳ.
1186 3344 1497 3416 Σημείωσαι
1525 3345 1581 3399 δὲ
1610 3346 1693 3399 ὅτι

101 3433 299 3489 ταύτὸν
331 3430 474 3491 εἷναί
502 3452 633 3507 φησι
660 3435 738 3507 τῷ
766 3434 958 3506 ἀγαθῷ
981 3435 1048 3488 τὸ
1066 3435 1249 3492 καλόν..

177 3703 299 3755 Ὅτι
328 3704 431 3757 καὶ
472 3702 642 3773 τὸμὴ
673 3704 763 3759 ὃν.
806 3704 931 3773 Πῷς
967 3704 1187 3758 δύναται
1217 3704 1279 3758 τὸ
1321 3705 1396 3778 μὴ
1433 3703 1493 3758 ὃν
1533 3705 1694 3775 μετέ-

109 3811 223 3863 χειν
248 3795 346 3849 τοῦ
376 3795 617 3865 ἀγαθοῦς
643 3798 691 3850 εἰ
719 3796 831 3869 γὰρ
849 3797 922 3869 μὴ
943 3799 1167 3856 ὕπεσιτν
1179 3796 1334 3863 αὐτὸ,
1355 3795 1481 3850 οὔτε
1508 3796 1695 3867 ἔφεσιν

107 3886 251 3956 ἔχει,
280 3886 410 3941 οῦτε
443 3888 678 3961 μετοχὴν
708 3888 847 3960 πρός
889 3906 944 3941 τι
981 3886 1090 3941 τῶν
1116 3888 1305 3942 όντων.
1338 3888 1573 3943 Λεκτέον
1600 3884 1715 3943 οὖν’

104 3984 189 4033 ὅτι
229 3980 291 4033 τὸ
315 3978 405 4049 μὴ
435 3978 799 4051 ὃνδιαφόρως
834 3980 883 4012 ⁵⁴
923 3982 1035 4033 νοεῖ
1071 3981 1101 4034 ὁ
1139 3980 1283 4044 θεῖος
1326 3972 1483 4043 οὗτος
1522 3980 1692 4052 ἀνήρ’

112 4072 241 4124 αοτέ
270 4074 371 4142 μὲν
398 4070 508 4143 γὰρ
537 4072 668 4125 αὐτὸ
695 4072 759 4125 τὸ
784 4071 926 4125 θεῖον
958 4071 1100 4125 οὓτω
1130 4072 1305 4137 καλεῖ,
1336 4073 1413 4136 ὡς
1444 4072 1608 4144 μηδὲν
1635 4072 1695 4125 ὃν

114 4163 214 4213 σῶν
242 4163 444 4216 ὄντων’
480 4163 610 4215 ποτὲ
629 4163 685 4217 δέ
713 4164 813 4234 τὴν
843 4163 1003 4235 ῦληψ
1038 4164 1154 4217 ἐστι
1183 4164 1240 4216 δὲ
1265 4165 1355 4217 ὅτε
1384 4165 1479 4217 καὶ
1504 4164 1565 4217 τὸ
1596 4181 1696 4217 κα-

108 4254 202 4307 λὸν
230 4254 377 4308 οῦτω
407 4255 563 4308 καλεί
600 4255 743 4309 κατὰ
781 4255 1071 4327 διαφόρους
1112 4256 1340 4320 ἐννοίας.
1378 4255 1564 4309 Ἔστιν
1601 4252 1695 4309 οῦν

104 4347 284 4403 εἰπεῖν
322 4346 405 4399 ὄτι
434 4347 467 4417 ἡ
501 4346 597 4418 ὕλη
625 4346 841 4417 μετέχει
861 4345 1353 4416 τοῦάγαθοῦ,καθὸ
1390 4346 1694 4419 μετεϐλήθη

101 4440 183 4499 εἰς
209 4432 375 4500 εἶδος,
405 4437 499 4490 καὶ
526 4437 816 4510 ἀπηλλάγη
846 4439 946 4509 τῆς
975 4437 1167 4510 πρώην
1198 4438 1507 4510 ἀμορφίαςο
1540 4439 1574 4510 ἢ
1614 4440 1697 4493 ὅτι

102 4529 162 4580 τὸ
192 4528 365 4582 κακὸν
397 4528 616 4599 μετέχει
650 4527 756 4582 τοῦ,
775 4528 1004 4598 ἀγαθοῦ,
1037 4529 1172 4583 καθὸ
1199 4530 1519 4602 προαιρέσει
1555 4531 1693 4603 καλῇ

1797 3330 2096 3394 guerentur
2126 3338 2225 3393 per
2268 3324 2485 3377 unicam
2552 3323 2737 3377 omnia
2787 3323 3237 3392 complectentem
3293 3323 3397 3380 Dei

1797 3416 2209 3483 praenotionem.
2240 3413 2368 3469 Haec
2396 3415 2563 3470 etiam
2595 3414 2839 3485 reperies
2891 3416 2949 3469 in
2997 3416 3250 3485 sequenti
3294 3432 3394 3470 ca-.

1797 3507 1910 3576 pite
1925 3507 2141 3577 quinto.
2172 3504 2311 3562 Nota
2342 3515 2548 3573 autem,
2583 3520 2710 3562 eum
2738 3508 2922 3563 dicere
2942 3508 3235 3577 pulchrum
3263 3525 3389 3565 esse

1796 3598 1940 3653 idem
1967 3613 2091 3653 cum
2126 3600 2291 3655 bono.

1870 3692 2025 3760 Quod
2054 3694 2239 3759 etiam,
2278 3694 2333 3747 id
2363 3694 2501 3766 quod
2530 3713 2634 3751 non
2672 3705 2770 3751 est.
2800 3695 3088 3763 Quomodo
3121 3704 3302 3768 potest
3331 3698 3383 3753 id

1797 3788 1943 3857 quod
1988 3794 2229 3843 nonest
2290 3789 2497 3844 bonum
2548 3790 2883 3860 participare
2923 3791 3025 3846 ?si
3073 3792 3219 3846 enim
3275 3808 3383 3846 non

1798 3879 2074 3943 subsistit,
2102 3894 2280 3949 neque
2302 3882 2605 3950 appetitum
2641 3881 2823 3945 habet,
2850 3897 3028 3953 neque
3048 3899 3172 3937 cum
3202 3884 3386 3954 aliquo

1798 3973 2283 4040 communionem;
2317 3973 2612 4028 dicendum
2646 3975 2832 4044 itaque
2861 3974 3116 4030 divinum
3141 3976 3287 4031 hunc
3310 3978 3388 4029 vi-

1798 4078 1921 4117 rum
1951 4064 2103 4119 varie
2155 4064 2464 4135 intelligere
2517 4065 2573 4118 id
2620 4066 2757 4135 quod
2792 4084 2895 4120 non
2938 4076 3053 4131 est;
3090 4067 3385 4137 aliquando

1796 4155 1944 4210 enim
1975 4154 2321 4211 divinitatem
2354 4156 2529 4227 ipsam
2561 4157 2643 4211 ita
2668 4166 2848 4224 vocat,
2888 4165 2949 4213 ut
2975 4174 3099 4230 quae
3126 4159 3279 4213 nulla
3309 4162 3383 4214 sit

1798 4262 2023 4314 rerum;
2080 4249 2415 4319 quandoque
2458 4264 2591 4304 vero
2639 4252 2964 4319 materiam;
3021 4252 3163 4307 solet
3215 4253 3380 4307 etiam

1797 4342 2001 4395 malum
2028 4341 2109 4396 sic
2141 4357 2341 4397 vocare
2371 4344 2675 4398 secundum
2708 4344 2956 4399 diversas
2987 4345 3261 4402 notiones.
3292 4344 3385 4401 Li~

1797 4442 1884 4487 cet
1922 4434 2090 4504 igitur
2134 4433 2321 4489 dicere
2360 4436 2647 4490 materiam
2696 4436 2830 4490 boni
2884 4437 3209 4508 participem
3257 4454 3385 4495 esse

1796 4536 2072 4597 quatenus
2120 4534 2366 4581 mutatur
2401 4527 2456 4580 in
2491 4527 2745 4590 formam,
2786 4536 2843 4585 et
2887 4544 2919 4583 a
2971 4530 3145 4600 priori
3194 4530 3385 4587 forma:

100 4622 197 4673 καὶ
227 4620 362 4673 αὐτὸ
380 4620 442 4673 τὸ
469 4620 657 4674 δοκοῦν
690 4620 833 4675 θέλει
868 4621 1036 4675 κακὸν
1079 4616 1217 4675 εἶναι
1238 4624 1305 4685 ⁵⁵,
1355 4624 1450 4677 καὶ
1487 4624 1569 4677 ὃτι
1608 4626 1696 4678 ἀεὶ

1800 4620 2109 4690 privatione
2156 4620 2455 4687 liberatur;
2501 4629 2597 4674 aut
2642 4623 2846 4677 malum
2876 4636 3000 4676 cum
3047 4623 3193 4678 bono
3229 4640 3382 4679 com-

100 4711 355 4778 βούλεται
380 4708 525 4766 εἶναι
551 4713 612 4766 τὸ
633 4714 801 4767 κακόν
821 4731 834 4745 ο
867 4716 975 4768 πᾶν
1002 4715 1059 4769 δὲ
1084 4714 1179 4768 τοῦ
1211 4710 1350 4769 εἶναι
1382 4717 1691 4787 ἐφιέμενον,

101 4804 195 4858 τοῦ
225 4805 434 4874 ἀγαθοῦ
456 4805 687 4874 ἐφίεται.
720 4808 867 4860 Ἀνω
896 4807 953 4861 δὲ
982 4806 1089 4878 πρὸ
1126 4808 1173 4839 ⁸⁸
1202 4808 1297 4862 δύο
1331 4808 1563 4877 φύλλων,
1601 4811 1707 4864 τὸνη

96 4896 237 4949 Θεόν
270 4914 402 4969 φησι
432 4898 529 4951 καὶ
549 4898 687 4970 ὑπὲρ
714 4898 784 4953 τὰ
809 4898 939 4953 ὄντα
971 4896 1112 4953 εἶναι
1132 4916 1146 4929 ·
1181 4899 1379 4955 οὐκοῦν
1413 4902 1594 4965 καλῶς
1625 4902 1693 4957 ἂν

96 4992 249 5043 dm:
283 5005 361 5054 τις
385 4992 480 5044 τὸν
507 4990 639 5043 Θεὸν
660 4990 801 5061 ὑπὲρ
828 4990 903 5045 τὰ
922 4991 1051 5045 ὄντα
1074 4987 1232 5058 εἶναι,
1276 4993 1370 5047 καλ⁵
1402 4994 1464 5049 τὸ
1512 4995 1587 5067 μὴ
1626 4997 1693 5050 ὸν

96 5082 354 5153 μετέχειν
381 5083 479 5137 τοῦ
499 5082 725 5152 ἀγαθοῦ,
754 5083 829 5148 ὡς
860 5084 954 5141 καὶ
982 5085 1122 5156 ὑπὲρ
1149 5085 1218 5138 τὰ
1238 5084 1369 5140 ὅντα
1395 5085 1569 5150 ὄντος,
1601 5089 1694 5139 καὶ

95 5175 273 5245 μηδὲν
297 5175 446 5240 ὄντος
472 5176 582 5229 τῶν
608 5177 795 5230 όντων.
846 5178 1162 5249 Σημείωσαι
1203 5179 1523 5247 ἀναγκαῖον,
1575 5179 1692 5242 πῶς

95 5284 259 5337 ἵεηειί,
292 5270 349 5321 τὸ
378 5270 457 5341 μὴ
483 5268 543 5323 ὃν
566 5271 877 5341 εὑρίσκεται
901 5269 1170 5330 καλὸνκαὶ
1190 5269 1417 5338 ἀγαθὸν,
1441 5270 1530 5323 ὅτε
1562 5271 1692 5341 περὶ
1718 5318 1721 5319 ν

94 5360 236 5419 θεοῦ
269 5360 513 5429 λέγεται·
546 5365 574 5415 6
598 5362 708 5434 γὰρ
728 5363 859 5427 Θεὸς
886 5364 981 5421 καὶ
1010 5362 1070 5421 ὃν
1108 5364 1343 5431 λέγεται,
1374 5363 1466 5416 καὶ
1511 5362 1584 5433 μὴ
1610 5361 1692 5429 ὃν,

200 5550 234 5590 1
273 5538 408 5611 Cap.
444 5558 482 5603 I,
511 5558 566 5604 v,
591 5542 645 5596 8.
727 5551 747 5577 ι
774 5539 933 5598 Rom.
968 5556 1092 5604 vm,
1119 5539 1213 5595 50.

1801 4714 2106 4778 municare,
2139 4722 2305 4784 prout
2337 4715 2621 4770 voluntate
2653 4715 2796 4770 bona
2827 4716 2962 4771 illud
2990 4717 3135 4786 quod
3166 4718 3382 4774 videtur

1798 4807 1916 4861 vult
1939 4822 2062 4863 esse
2094 4808 2322 4871 malum,
2356 4815 2411 4863 et
2441 4807 2571 4878 quia
2594 4808 2798 4863 malum
2824 4810 2942 4863 vult
2984 4826 3201 4881 semper
3225 4828 3378 4871 esse:

1799 4915 1962 4957 omne
2014 4910 2197 4956 autem
2254 4901 2400 4971 quod
2444 4917 2567 4957 esse
2606 4901 2836 4973 appetit,
2884 4903 3088 4957 bonum
3147 4907 3380 4975 appetit,

1796 5010 1961 5064 supra
1990 5009 2121 5048 vero
2152 5002 2278 5049 ante
2308 4993 2438 5048 folia
2464 4995 2596 5058 duo,
2651 4997 2730 5049 ait
2778 4996 2945 5051 Deum
2991 4998 3158 5052 etiam
3210 5014 3376 5069 supra

1794 5102 1885 5141 res
1920 5101 2043 5142 esse
2077 5106 2092 5141 :
2126 5097 2274 5142 recte
2302 5086 2470 5158 igitur
2494 5087 2642 5143 dicat
2665 5090 2885 5160 aliquis,
2918 5090 3088 5146 Deum
3128 5108 3254 5149 esse
3284 5107 3379 5145 su-

1794 5195 1893 5249 pra
1918 5194 2027 5244 res,
2056 5188 2111 5235 et
2139 5180 2193 5234 id
2224 5180 2372 5250 quod
2408 5196 2517 5235 non
2566 5190 2675 5242 est,
2729 5184 2859 5238 boni
2903 5185 3179 5255 particeps
3228 5199 3377 5249 esse,

1795 5286 1917 5325 cum
1948 5272 2019 5324 sit
2041 5287 2207 5341 supra
2239 5288 2301 5327 ea
2333 5288 2456 5342 qua:
2480 5282 2630 5341 sunt,
2662 5276 2909 5347 nihilque
2932 5277 3005 5333 sit
3035 5291 3225 5331 eorum
3255 5291 3384 5345 quae

1797 5372 1943 5419 sunt.
1987 5362 2126 5418 Nota
2181 5367 2522 5433 necessario,
2579 5369 2855 5439 quomodo
2903 5370 3072 5434 dicat,
3134 5368 3186 5423 id
3227 5368 3379 5440 quod

1025 5691 1258 5758 VARM'Z
1296 5693 1681 5757 LECTIONES
1715 5698 1802 5757 ET
1837 5702 2284 5763 CORRECTION
2299 5708 2403 5764 ES.

164 5844 303 5877 δ’δ’
340 5841 598 5901 δεκτικαε.
669 5847 711 5878 ⁸¹
738 5844 908 5899 ταῦτα
929 5842 1043 5901 οὖν.
1112 5846 1155 5875 ⁸¹
1183 5844 1263 5898 τό.
1328 5844 1381 5884 ⁸⁸
1397 5843 1685 5899 τελεῖσθαι.

91 5916 232 5973 αὐτὸ
261 5916 333 5971 τὸ
359 5915 517 5973 κακὸν
539 5916 801 5987 δοκοῦμεν
832 5912 990 5973 εἶναι.

1090 5915 1135 5948 ³⁸
1164 5913 1346 5987 ὀλίγον
1370 5912 1426 5970 δὲ
1457 5914 1568 5969 ἄνω
1593 5916 1716 5987 πρό.

1787 5847 1833 5879 ⁵⁵
1861 5816 2191 5924 ἀδιαφόρωξ.
2275 5852 2321 5883 ⁸⁸
2357 5849 2485 5909 καθὸ
2536 5851 2849 5921 προαιρέσει
2897 5853 2987 5907 τοῦ
3042 5854 3218 5909 καλοῦ.
3266 5856 3369 5911 καὶ
