3872 6534
491 401 594 458 335i
1271 400 1611 459 APPENDIX
1646 402 1734 460 AD
1763 401 1998 459 OPERA
2031 402 2068 456 S

2176 401 2425 458 IONYSII
2457 401 2945 462 ΑΒΕΟΡΔΕΙΤᾹΞ.
3653 406 3753 462 εει

491 536 604 575 non
632 525 741 583 est,
769 517 1044 574 invenitur
1068 521 1356 592 pulchrum
1385 533 1440 580 et
1472 526 1699 589 bonum,
1748 522 1970 593 quando
2003 522 2068 578 de

2176 523 2250 587 ὡς
2276 523 2428 577 οὐδὲν
2453 521 2529 576 ὢν
2559 522 2668 577 τῶν
2703 523 2894 588 ὄντων,
2927 522 3043 578 άλλ⁴⁵
3066 524 3442 597 ὑπερηρμένος
3466 526 3754 596 ἀγνώστοις

492 610 607 667 Deo
636 610 878 667 dicitur:
920 610 1062 668 Deus
1114 615 1263 669 enim
1315 617 1521 673 dicitur
1571 626 1628 674 et
1663 617 1810 689 quod
1854 625 1960 681 est,
2014 626 2068 672 et

2177 617 2285 670 τῶν
2319 616 2576 671 ἁπάντων
2597 633 2610 648 ο
2642 617 2704 670 οὐ
2732 617 2842 688 γάρ
2874 618 2991 671 ἐστί
3029 635 3082 672 τι
3117 618 3182 674 τὸ
3211 619 3476 688 τινῶσκον
3522 622 3667 674 κατὰ
3704 622 3752 674 τί

491 705 639 773 quod
663 719 772 758 non
803 711 909 766 est,
942 719 1068 758 cum
1108 707 1243 762 nihil
1276 708 1350 765 sit
1379 725 1571 765 eorum
1612 727 1734 781 quae
1785 717 1935 774 sunt,
1970 710 2068 764 sed

2176 710 2328 764 οὐδέν
2355 713 2503 764 ἐστιν
2530 711 2560 762 ὁ
2577 709 2728 773 Θεός.

494 810 660 865 supra
681 795 865 850 omnia
899 796 1062 852 modo
1088 796 1276 868 ignoto
1306 802 1608 867 attollitur;
1655 817 1764 857 non
1802 810 1888 857 est
1933 801 2083 857 enim
2121 801 2331 873 aliquid
2377 802 2529 873 quod
2572 809 2877 873 cognoscat
2919 804 3226 859 secundum
3255 803 3404 875 quod
3448 803 3598 860 Deus
3631 805 3705 860 sit

491 891 650 947 nihil.

556 992 952 1048 Substantiales
981 994 1244 1049 essentia.
1279 993 1519 1050 Pulchre
1543 994 1955 1059 substantiales;
1981 1010 2074 1050 ex-

491 1087 758 1142 sistentia:
783 1086 930 1141 enim
962 1086 1265 1141 secundum
1313 1085 1629 1157 Scripturas
1657 1097 1788 1143 sunt
1814 1086 2076 1142 essentlis

491 1181 843 1251 superiores;
873 1195 1024 1234 nunc
1052 1187 1239 1233 autem
1269 1180 1533 1249 quoniam
1563 1180 1631 1234 de
1658 1179 1864 1234 creatis
1891 1178 2075 1248 loqui-

490 1284 601 1338 tur,
641 1273 841 1328 merito
887 1272 1129 1332 dictioni,
1163 1271 1426 1344 ὐπάρξεις
1474 1271 1731 1343 apposuit
1773 1269 2072 1334 οὐσκὶιδεις.

489 1365 780 1421 Unitiones
806 1379 936 1419 vero
965 1364 1249 1430 dicuntur,
1299 1379 1409 1418 non
1442 1363 1590 1434 quod
1647 1363 1813 1419 simul
1844 1377 2075 1416 acerva~

2244 994 2316 1046 Al
2341 989 2652 1056 οὐσιώδεις
2700 989 3010 1059 ὑπάρξεις.
3065 987 3261 1049 Καλῶς
3306 986 3367 1040 τὺ
3417 986 3748 1055 οὺιγιώόεις⁹

2175 1084 2436 1156 ὑπάρξεις
2462 1083 2584 1138 καθ’
2615 1083 2816 1147 ἑαυτὰς
2851 1082 3124 1155 άνὼτεραι
3155 1081 3264 1134 τῶν
3287 1080 3484 1133 οὐσιῶν
3512 1083 3644 1133 εἰσιο
3669 1082 3754 1134 νῦν

2173 1177 2230 1232 δὲ
2260 1176 2446 1247 ἐπειδὴ
2473 1177 2605 1248 περὶ
2633 1175 2742 1230 τῶν
2761 1175 2997 1230 κτιστῶν
3016 1191 3201 1248 φησιν,
3223 1172 3447 1237 εἰκότως
3467 1173 3548 1244 τῷ
3575 1173 3756 1241 ὑπάρ-

2176 1269 2301 1335 ξεις
2329 1267 2635 1340 προσέθηκε
2663 1267 2726 1322 τὸ
2753 1267 3083 1334 οὐσιώδεις.
3113 1266 3367 1330 Ἐνώσεις
3404 1265 3460 1319 δὲ
3487 1265 3755 1335 λέγονται,

2176 1363 2275 1432 οὐχ
2306 1362 2389 1415 ὅτι
2427 1361 2732 1414 συνέκειντο
2762 1360 3007 1432 σωρηδὸν
3039 1361 3099 1413 ἓν
3137 1378 3190 1413 τι
3224 1359 3613 1421 ἀποτελοῦντα,
3649 1359 3756 1412 ἀλλ’

489 1459 584 1512 tim
619 1456 826 1528 aliquid
867 1471 1034 1511 unum
1070 1456 1335 1521 efﬁciant,
1369 1455 1465 1511 scd
1481 1455 1609 1526 quia
1635 1453 1779 1510 Deus
1805 1461 1923 1508 erat
1950 1453 2068 1508 fons

2180 1455 2260 1509 ὅτι
2274 1455 2425 1526 πηγὴ
2439 1453 2616 1507 αὐτῶν
2640 1454 2737 1519 καὶ
2752 1455 2894 1525 ἀρχὴ
2916 1449 2985 1524 ἦν
3004 1455 3032 1507 ό
3051 1453 3210 1517 Θεὸς,
3229 1453 3323 1507 καὶ
3349 1451 3412 1516 ἐξ
3433 1451 3603 1505 αὐτοῦ
3625 1469 3758 1521 παρ-

487 1550 732 1620 ipsorum
759 1557 813 1604 et
836 1549 1192 1620 principium,
1225 1555 1390 1618 atque
1415 1563 1478 1603 ex
1506 1547 1627 1617 ipso
1657 1545 1924 1617 producta
1957 1545 2068 1600 iuet

2181 1545 2425 1617 ήχθησαν
2455 1545 2804 1616 ὲλλάμψαντα
2825 1546 2918 1600 καί⁵
2958 1545 3268 1599 ὑποστάντα
3305 1545 3422 1600 καθ’
3441 1544 3752 1599 ὑπόϐασινεπ

487 1653 618 1696 runt
654 1643 802 1697 entia
849 1647 1033 1698 omnia
1063 1657 1185 1711 quae
1216 1641 1517 1701 illustrant,
1545 1649 1599 1695 et
1622 1636 1984 1694 subsistentia
2016 1635 2068 1690 in

2181 1636 2396 1692 ἅπαντα
2425 1637 2494 1690 τὰ
2523 1637 2672 1702 ὄντα,
2704 1638 2781 1702 ὡς
2815 1637 2911 1692 καὶ
2951 1639 3035 1702 εἰς
3082 1637 3381 1709 διακρίσεις
3410 1636 3754 1691 ὗποστάσεων

487 1750 752 1804 persona,
783 1738 855 1790 ita
892 1745 956 1789 ut
989 1737 1046 1788 in
1082 1733 1536 1790 distinctionibus
1583 1730 2068 1787 subsistentiarum

2179 1731 2429 1801 φανῆναι.
2450 1731 2788 1802 Ταὺτότητες
2801 1731 2858 1784 δέ
2881 1733 3016 1784 εἰσιν
3031 1732 3087 1785 αἰ
3105 1732 3379 1800 ἀναγωγοί
3394 1732 3485 1785 καὶ
3506 1731 3758 1785 ἐνωτικαὶ

487 1837 807 1898 appareant.
842 1827 1162 1882 ldentitates
1193 1835 1376 1881 autem
1423 1835 1554 1883 sunt
1583 1825 1818 1881 virtutes
1855 1824 2062 1878 intelli-

2178 1823 2314 1894 πρὸς
2332 1823 2463 1877 Θεὸν
2481 1823 2736 1894 δυνάμεις
2761 1823 2872 1877 τῶν
2903 1824 3132 1896 νοητῶν,
3177 1824 3254 1888 ὡς
3292 1825 3386 1880 καί
3406 1824 3722 1896 ὁμοιότητες
3739 1843 3752 1854 ·

489 1922 762 1990 gibilium,
790 1935 914 1990 quae
944 1935 1165 1974 sursum
1194 1920 1398 1974 ducere
1421 1927 1586 1988 atque
1607 1932 1732 1971 cum
1772 1915 1884 1972 Deo
1915 1916 2068 1971 unire

2176 1914 2361 1987 ἐπειδὴ
2391 1916 2488 1969 καὶ
2516 1915 2576 1980 ἐξ
2606 1915 2770 1970 αὑτοῦ
2789 1918 2896 1970 εἰσι
2923 1917 3017 1970 καὶ
3049 1920 3335 1989 προσεχεῖς
3356 1917 3524 1988 αὐτῷ.
3553 1916 3748 1988 Ἐτερό

489 2015 778 2078 valent,ut
821 2013 988 2068 etiam
1043 2009 1464 2077 similitudines;
1527 2009 1790 2080 quoniam
1837 2024 1904 2063 ex
1955 2008 2068 2079 ipso

2176 2023 2334 2077 τητες
2354 2008 2413 2061 δέ
2462 2007 2596 2062 καθὸ
2627 2009 2946 2078 καταγωγὸς
2974 2003 3110 2063 οὖσα
3147 2010 3182 2080 ἡ
3220 2009 3492 2080 ἑτερότης,
3542 2009 3641 2062 καὶ
3673 2025 3754 2078 με·

487 2123 706 2178 quoque
730 2115 860 2161 sunt
893 2114 949 2162 et
977 2106 1082 2175 ipsi
1121 2105 1428 2159 adhaerent.
1487 2102 1844 2160 Diversitates
1894 2113 2068 2158 autem

2179 2101 2358 2172 ριστὴ,
2391 2101 2450 2153 ὲν
2472 2103 2594 2164 ταῖς
2622 2100 3052 2173 ὑποϐεϐηκυίαις
3087 2102 3182 2156 καὶ
3218 2101 3474 2172 ἐσχάταις
3517 2101 3757 2172 προόδοις

486 2208 759 2269 quatenus
791 2199 1084 2255 diversitas
1123 2199 1381 2254 deorsum
1417 2198 1588 2262 ducit,
1621 2203 1676 2251 et
1706 2196 1935 2251 divisiva
1963 2201 2075 2262 est,

486 2291 542 2345 iu
576 2290 841 2362 subjectis
890 2299 944 2346 et
987 2291 1250 2346 extremis
1297 2291 1498 2345 divina:
1537 2288 1839 2344 voluntatis
1882 2287 1952 2342 ad
1995 2287 2076 2342 vi-

483 2383 665 2438 sibilia
710 2383 1192 2454 progressionibus
1240 2383 1667 2452 multiplicatur.
1714 2379 2076 2436 Dissimilitu-

482 2471 641 2527 dines
668 2487 800 2526 vero
832 2485 1052 2538 rursus,
1079 2474 1340 2543 quoniam
1367 2471 1513 2541 quod
1533 2479 1754 2526 creatur
1780 2470 1932 2526 aliud
1963 2486 2076 2525 om-

482 2564 616 2616 nino
645 2563 808 2618 fuerit
842 2577 871 2618 a
910 2571 1162 2619 creatore
1210 2565 1267 2619 in
1317 2565 1600 2631 omnibus,
1639 2579 1818 2634 neque
1869 2562 2070 2619 simile.

481 2653 657 2710 Porro
680 2656 1104 2711 communiones
1138 2655 1297 2729 135
1333 2665 1463 2711 sunt
1499 2656 1910 2710 contrariorum
1958 2655 2068 2710 ele-

484 2755 796 2802 mentorum
827 2749 1287 2818 temperationes;
1332 2765 1457 2803 nam
1471 2765 1535 2804 cx
1560 2757 1801 2819 quatuor
1834 2747 2074 2802 elemen-

480 2843 554 2892 tis
597 2855 830 2909 corpora
881 2849 1011 2895 sunt
1061 2841 1266 2896 omnia.
1300 2839 1662 2896 Cohaerentite
1712 2847 1895 2896 autem
1943 2848 2074 2894 sunt

479 2932 810 2987 mundorum
845 2934 900 2987 in
931 2933 1122 2988 eodem
1150 2932 1347 2988 ordine
1371 2933 1768 2989 collocatorum
1790 2973 1806 2997 ,
1833 2934 2071 2990 visibilis

475 3033 534 3080 et
576 3025 939 3096 intelligibilis
973 3027 1028 3080 in
1065 3027 1341 3082 descensu
1390 3026 1783 3096 dispositiones
1806 3067 1822 3092 ,
1862 3043 1926 3082 ex
1957 3039 2072 3081 una

479 3119 727 3171 materia:
775 3117 1086 3172 substantia
1133 3118 1190 3172 in
1229 3117 1402 3172 tinnis
1447 3118 1774 3187 corporibus
1804 3119 2071 3190 multipli-

479 3216 635 3272 catae,
662 3217 824 3278 atque
850 3209 1016 3264 veluti
1043 3217 1240 3264 catena
1267 3223 1326 3263 se
1350 3216 1544 3263 mutuo
1569 3215 1856 3276 tenentes;
1889 3225 1957 3265 ex
1982 3210 2069 3266 his

479 3300 862 3370 cogitationes,
891 3308 945 3356 et
971 3315 1094 3371 quae
1140 3307 1471 3371 sequuntur.
1505 3298 1625 3354 Non
1655 3302 2066 3358 commistiones

479 3401 662 3446 autem
701 3393 1015 3458 unitorum,
1077 3401 1211 3446 sunt
1259 3392 1406 3447 sicut
1461 3392 1516 3446 in
1572 3393 1797 3448 humani
1844 3395 2066 3465 generis

479 3485 902 3548 communitate,
960 3492 1015 3541 et
1063 3484 1334 3554 cujusque
1396 3483 1640 3540 hominis
1692 3487 2064 3556 proprietate;

477 3577 758 3630 communi
807 3577 952 3632 enim
991 3578 1244 3633 essentiaa
1290 3576 1504 3632 ratione
1548 3592 1741 3632 omnes
1774 3577 1913 3631 uniti
1954 3592 2175 3646 sumus,

476 3669 796 3725 miscemur.

551 3761 738 3818 Status
767 3780 965 3822 omnes.
1011 3764 1154 3822 Dicit
1177 3774 1292 3824 tres
1313 3783 1438 3824 esse
1465 3769 1734 3825 stationes
1761 3777 1817 3825 et
1859 3771 2065 3825 motio-

479 3872 601 3922 nes,
638 3871 777 3926 quas
809 3857 978 3914 etiam
1021 3870 1295 3925 recenset,
1328 3862 1618 3928 mentium,
1647 3872 1700 3918 et
1733 3861 2065 3928 animarum,

475 3959 533 4005 et
563 3965 858 4020 corporum
884 3969 899 4019 ;
929 3961 1149 4024 oportet
1192 3954 1382 4024 itaque
1411 3955 1701 4010 commode
1742 3955 2066 4026 intelligere.

481 4040 692 4099 Mentes
726 4043 895 4115 igitur
919 4051 1067 4101 stant
1095 4053 1150 4101 et
1181 4054 1495 4112 moventur,
1539 4047 1686 4104 sicut
1731 4046 1903 4103 Isaias
1933 4048 2069 4102 dicit

477 4145 533 4190 et
583 4137 833 4193 Ezechiel
876 4137 946 4194 de
993 4139 1272 4209 seraphim
1321 4149 1378 4196 et
1419 4139 1706 4196 cherubim
1731 4179 1746 4204 ,
1804 4139 2063 4209 quoniam

481 4231 788 4286 ascendunt
813 4240 869 4286 et
910 4231 1290 4297 descendunt,
1339 4241 1398 4286 ut
1437 4232 1516 4285 ait
1547 4230 1793 4302 Moyses;
1819 4246 1946 4285 nam
1981 4232 2067 4284 in—

480 4323 800 4380 desinenter
835 4322 901 4378 ad
927 4322 1098 4378 Deum
1125 4323 1397 4385 converti,
1425 4331 1480 4378 et
1506 4323 1715 4378 haerere
1744 4323 1802 4377 in
1834 4331 2066 4378 conten-

481 4415 632 4472 tione
673 4415 741 4471 ad
777 4416 978 4486 ipsum,
1011 4416 1115 4471 etsi
1163 4417 1486 4485 ablegentur
1534 4423 1589 4468 et
1627 4413 1968 4470 descendant
1997 4414 2064 4469 ad

2175 2191 2269 2246 τοῦ
2299 2191 2444 2245 θείου
2475 2191 2778 2264 θελήματος
2810 2195 2890 2256 εἰς
2909 2192 3084 2265 ὁρατὰ
3120 2192 3451 2265 ἐπληθύνθη.
3489 2192 3756 2263 Ἀνομοιό-

2174 2301 2335 2356 τητες
2355 2285 2413 2338 δὲ
2444 2284 2625 2352 πάλιν,
2649 2286 2835 2358 ἐπειδὴ
2865 2286 2926 2338 τὸ
2945 2285 3225 2358 γινόμενον
3255 2286 3440 2358 ἕτερον
3469 2285 3538 2339 ἂν
3561 2284 3651 2356 εῐη
3673 2283 3757 2337 τοῦ

2173 2374 2674 2449 δημιουργήσαντος
2700 2377 2842 2432 κατὰ
2861 2377 3060 2446 πάντα,
3083 2379 3178 2432 καὶ
3195 2378 3296 2434 οὐκ
3337 2377 3598 2449 ἐμφερές.
3634 2379 3755 2431 Κοι-

2174 2470 2358 2525 νωνίαι
2391 2470 2449 2524 δὲ
2475 2471 2583 2525 τῶν
2611 2473 2936 2527 ἐναντίωναί
2957 2472 3066 2526 τῶν
3090 2472 3366 2542 στοιχείων
3380 2471 3485 2524 εἰσὶ
3517 2470 3752 2542 κράσεις

2175 2563 2239 2615 ἐκ
2263 2561 2373 2634 γὰρ
2400 2563 2512 2617 τῶν
2533 2564 2814 2636 τεσσάρων
2837 2564 3114 2636 στοιχείων
3143 2564 3250 2618 εἰσὶ
3275 2562 3345 2616 τὰ
3367 2561 3599 2632 σώματα
3630 2562 3756 2616 πάν-

2172 2671 2260 2707 τα.
2321 2654 2693 2728 Ἀλληλουχίαι
2727 2657 2784 2710 δὲ
2831 2657 2939 2712 τῶν
2988 2657 3322 2728 ὁμοστοίχων
3370 2656 3510 2708 εἰσὶν
3549 2656 3610 2708 αι
3659 2654 3758 2708 τῶν

2175 2748 2415 2820 κόσμων,
2438 2748 2534 2802 τοῦ
2558 2766 2618 2802 τε
2647 2749 2847 2822 ὁρατοῦ
2869 2749 3078 2805 καὶτοῦ
3105 2748 3317 2822 νοητοῦ,
3353 2747 3473 2802 καθ’
3497 2747 3756 2802 ὑπόϐασιν

2174 2840 2519 2908 κατατάξεις,
2563 2843 2630 2896 ἐκ
2677 2844 2807 2913 μιᾶς
2855 2843 3043 2907 οὐσίας
3085 2842 3185 2914 τῆς
3229 2841 3359 2913 ὕλης
3402 2842 3482 2904 εἰς
3534 2838 3756 2910 σώματα

2173 2932 2562 3004 πληθυνθεῖσαι
2598 2935 3016 3007 στερεωμάτων,
3050 2936 3139 2990 καὶ
3183 2935 3350 2988 οἱονεὶ
3393 2933 3571 3006 σειρὰ,
3603 2933 3756 3003 άλλη

2172 3023 2280 3078 λων
2305 3026 2560 3097 ἐχόμεναι
2576 3045 2588 3057 ·
2622 3029 2687 3082 ἐκ
2713 3028 2917 3082 τούτων
2946 3029 3158 3100 νοήσεις
3178 3027 3272 3081 καὶ
3289 3027 3358 3080 τὰ
3373 3026 3522 3097 ἑξῆς.
3563 3025 3756 3095 Ἀσυμ-

2176 3119 2347 3188 μιξίαι
2377 3119 2434 3174 δὲ
2461 3119 2572 3174 τῶν
2597 3121 2890 3192 ἡνωμένων
2910 3119 3159 3184 εἰσὶν,ὼς
3187 3119 3280 3172 ἐπὶ
3307 3119 3407 3190 τῆς
3431 3117 3528 3172 τοῦ
3555 3115 3755 3188 ἀνθρώ-

2174 3229 2276 3265 που
2295 3213 2340 3245 “
2353 3213 2543 3282 γένους
2567 3214 2898 3285 κοινότητος,
2920 3212 3016 3266 καὶ
3044 3213 3143 3284 τῆς
3158 3211 3518 3266 καθ”ἑκαστον
3548 3211 3752 3282 ἄνθρω-

2175 3321 2275 3357 πον
2312 3304 2598 3377 ἰδιότητος·
2633 3305 2712 3378 τῷ
2746 3305 2848 3376 μὲν
2885 3304 2996 3377 γὰρ
3037 3303 3202 3376 κοινῷ
3251 3304 3353 3374 τῆς
3391 3304 3581 3367 οὐσίας
3620 3304 3758 3371 λόγῳ

2176 3397 2375 3460 πάντες
2391 3396 2668 3469 ήνὼμεθα,
2696 3401 2765 3470 τῇ
2791 3398 2850 3454 δὲ
2865 3397 2989 3452 καθ’
3005 3397 3236 3456 ἕκαστον
3253 3397 3499 3469 ἰδιότητι,
3519 3397 3582 3450 τὸ
3593 3396 3754 3465 ἀσύμ-

2178 3507 2372 3560 μικτον
2401 3490 2620 3562 ἔχομεν.

2249 3581 2689 3652 uniuscujusque
2717 3597 2850 3638 vero
2913 3583 3271 3654 proprietate,
3333 3581 3560 3638 minime
3612 3596 3749 3636 com-

2238 3769 2308 3821 Αί
2335 3765 2588 3833 στάσεις
2635 3764 2846 3822 πᾶσαι.
2905 3767 3134 3831 Στάσεις
3181 3768 3277 3821 καὶ
3325 3749 3568 3838 κινήσεις
3612 3770 3750 3838 λέγει

2167 3863 2339 3931 τρεῖς,
2367 3858 2435 3923 ἃς
2465 3859 2559 3913 καὶ
2586 3859 2895 3928 καταλέγει,
2925 3860 3064 3918 νοῶν
3091 3860 3188 3914 καὶ
3211 3859 3422 3931 ψυχῶν,
3448 3861 3547 3916 καὶ
3576 3863 3750 3932 σωμά-

2167 3969 2304 4004 των·
2351 3951 2433 4004 δεῖ
2473 3950 2654 4004 τοίνυν
2701 3951 3028 4023 προσφόρως
3060 3955 3220 4005 νοεῖν.
3263 3954 3328 4006 0i
3366 3952 3466 4024 μὲν
3503 3950 3599 4008 οὖν
3638 3955 3748 4015 vos;

2169 4044 2414 4097 ἵστανται
2435 4043 2530 4097 καὶ
2559 4043 3186 4110 κινοῦνται,ὠςᾚσαῖας
3207 4045 3358 4115 φησὶ,
3389 4045 3486 4098 καὶ
3503 4044 3748 4115 Ἱεζεκιὴλ

2169 4136 2297 4207 περὶ
2329 4135 2438 4189 τῶν
2467 4135 2710 4206 σεραφίμ
2745 4135 2840 4188 καὶ
2870 4134 3167 4206 χερουϐίμο
3211 4135 3401 4207 ἐπειδὴ
3434 4136 3588 4189 αὐτοί
3620 4138 3748 4190 εἰσιν

2166 4229 2216 4282 οἰ
2247 4227 2628 4291 ἀναϐαίνοντες
2659 4228 2754 4285 καὶ
2784 4227 3314 4292 καταϐαίνοντες,ῶς
3337 4244 3468 4298 φησι
3495 4229 3744 4299 Μωῦσῆςο

2167 4319 2228 4372 τὸ
2277 4320 2376 4390 μὲν
2412 4319 2520 4392 γὰρ
2562 4318 2938 4391 ἐπεστράφθαι
2998 4319 3250 4390 ausam»;
3280 4320 3375 4374 ἐπὶ
3397 4319 3443 4352 ⁸⁸
3472 4320 3566 4374 τὸν
3602 4320 3750 4384 NV,

2172 4413 2266 4466 καὶ
2289 4411 2534 4484 ἱδρῦσθαι
2559 4415 2618 4466 ἐν
2637 4415 2704 4484 τῇ
2736 4413 2871 4484 πρὸς
2890 4411 3052 4468 αὐτὸν
3071 4413 3350 4477 ἀνατάσει,
3372 4413 3477 4467 κᾶν
3490 4413 3748 4468 ἀποστέλ-

482 4507 765 4574 inferiora,
797 4515 858 4562 ut
889 4507 1216 4578 adjuvandis
1252 4507 1597 4577 provideant,
1624 4506 1728 4560 hoc
1760 4506 1941 4576 ipsum
1981 4515 2066 4562 est

2176 4503 2344 4563 λοιντο
2375 4507 2469 4561 καὶ
2490 4506 2927 4561 καταϐαίνοιεν⁶⁰
2958 4507 3053 4560 ἐπὶ
3083 4505 3154 4560 τὰ
3182 4505 3584 4578 ὑποσεΰηκότα,
3617 4522 3744 4577 προ-

485 4600 715 4655 ﬁrmiter
744 4601 802 4654 in
829 4598 927 4655 Dei
956 4599 1158 4654 vicinia
1185 4609 1355 4663 stare,
1380 4608 1545 4669 atque
1573 4597 1642 4652 ad
1675 4597 1923 4652 liberalia
1944 4613 2064 4652 mo-

480 4694 597 4748 veri
625 4691 820 4748 otiicia.
853 4691 1139 4747 Moventur
1169 4698 1351 4746 autem
1379 4692 1544 4746 etiam
1588 4691 1872 4761 superiora
1916 4691 2068 4761 cogi-

481 4785 651 4840 tando
672 4824 688 4849 ,
718 4792 774 4840 et
812 4794 963 4841 stant
991 4785 1121 4842 dum
1154 4784 1226 4840 ab
1264 4782 1618 4838 inferioribus
1658 4783 2062 4852 intelliguntur,

481 4887 541 4932 ut
599 4877 972 4947 intelligibiles
995 4915 1010 4942 ,
1047 4883 1335 4932 manentes
1377 4876 1434 4930 in
1468 4875 1690 4947 propria
1738 4875 2065 4943 identitate;

482 4986 608 5026 nam
645 4977 777 5026 sunt
809 4985 910 5025 sua
951 4971 1205 5040 pmsidia
1247 4979 1302 5025 et
1336 4971 1674 5033 mansiones,
1701 4976 1867 5039 atque
1897 4969 1954 5023 in
1985 4984 2070 5024 se-

480 5064 615 5132 ipsis
665 5062 936 5128 habitant,
990 5078 1204 5117 necnon
1257 5063 1326 5117 ad
1387 5063 1598 5133 seipsos
1643 5067 2063 5126 convertuntur,

480 5171 658 5226 neque
694 5154 864 5209 dividi
916 5162 1148 5224 possunt
1204 5155 1260 5210 in
1307 5170 1370 5210 ea
1408 5171 1532 5226 qua:
1568 5171 1598 5209 a
1635 5154 1730 5211 Dei
1763 5157 1912 5210 cultu
1937 5164 2069 5211 sunt

480 5248 680 5303 aliena.
713 5245 901 5318 Itaque
934 5246 1340 5317 imperfectiora
1367 5248 1550 5304 omnia
1573 5257 1972 5304 convertuntur
1998 5249 2067 5304 ad

481 5341 893 5398 excellentiora.
919 5339 1099 5396 Motus
1128 5346 1310 5394 autem
1336 5342 1672 5398 mentiumet
1684 5343 1990 5398 animarum
2006 5341 2062 5396 in

481 5433 671 5488 urbem
701 5434 1080 5505 circulumque
1108 5432 1360 5488 feruntur
1383 5470 1398 5492 .
1439 5433 1584 5488 sicut
1611 5435 1775 5488 etiam
1812 5433 2066 5489 Ezechiel

481 5525 596 5592 ait;
621 5525 1062 5596 quandoquidem
1092 5541 1164 5581 ex
1185 5540 1245 5581 se
1267 5523 1404 5595 ipsis
1433 5526 1875 5596 progrediuntur,
1901 5536 2066 5596 atque

484 5617 543 5677 in
574 5634 633 5674 sc
665 5629 1031 5685 revertuntur,
1061 5616 1167 5674 etsi
1201 5631 1232 5670 a
1277 5631 1336 5673 se
1375 5633 1485 5673 non
1531 5617 1802 5673 abierunt.
1844 5615 1910 5673 Et
1949 5618 2063 5673 haec

2169 4600 2321 4664 νοίας
2346 4599 2506 4672 χάριν
2519 4599 2628 4654 τῶν
2654 4597 3178 4672 ὠφεληθησομένων,
3201 4596 3358 4652 τοῦτό
3384 4600 3502 4653 ἐστι
3524 4599 3586 4652 rb
3603 4600 3748 4652 ἐστά-

2168 4711 2256 4748 ναι
2281 4694 2514 4765 βεϐαίως
2551 4695 2611 4746 ὲν
2644 4695 2716 4764 τῇ
2750 4694 2888 4763 πρὸς
2917 4693 3051 4746 Θεὸν
3091 4693 3322 4761 ἐγγίσει,
3355 4692 3450 4746 καὶ
3488 4688 3744 4746 κινεῖσθαι

2168 4788 2248 4850 εἰς
2271 4786 2372 4850 τὰς
2398 4787 2529 4857 περὶ
2548 4786 2676 4849 τοὺς
2703 4786 3190 4858 εὐεργετουμένους
3206 4785 3512 4849 διακονίας·
3542 4785 3744 4840 κινθῦνο

2167 4897 2258 4934 ται
2285 4881 2342 4934 δὲ
2378 4882 2437 4933 ἐν
2461 4879 2542 4950 τῷ
2577 4881 2718 4934 νοεῖν
2745 4881 2815 4934 τὰ
2843 4880 3283 4951 ὑπερϐεϐηκότα,
3325 4880 3419 4934 καὶ
3447 4881 3667 4934 ἑστᾶσιν
3691 4877 3745 4928 ἐν

2165 4971 2245 5042 τῷ
2269 4972 2505 5031 νοεῖσθαι
2529 4972 2682 5045 παρὰ
2711 4972 2820 5026 τῶν
2844 4972 3306 5045 καταδεεστέρων,
3332 4969 3410 5035 ὡς
3436 4971 3622 5044 νοητὰ,
3643 4970 3746 5041 ’μὲ-

2166 5081 2325 5118 νοντα
2349 5067 2408 5120 ἐν
2429 5068 2494 5138 τῇ
2524 5067 2704 5139 οἰκεία
2725 5067 3016 5138 ταυτότητι
3036 5083 3049 5097 ·
3074 5066 3308 5137 φρουραὶ
3323 5064 3433 5138 γάρ
3456 5069 3598 5119 εἰσιν
3626 5065 3746 5117 ἐαυ-

2165 5159 2274 5212 τῶν
2307 5159 2403 5214 καὶ
2433 5159 2616 5230 μοναί·
2670 5160 2765 5213 καὶ
2803 5161 2886 5222 είς
2920 5158 3090 5213 ἑαυτὰ
3135 5158 3486 5223 οἰκειοῦνται,
3537 5159 3628 5213 καὶ
3661 5157 3744 5225 ἐφ’

2168 5250 2337 5305 ἑαυτὰ
2371 5253 2862 5324 συνεστραμμένα,
2897 5253 2992 5307 καὶ
3018 5252 3327 5307 ἁσκέδαστα
3368 5252 3465 5304 ἐπὶ
3502 5251 3570 5305 τὰ
3597 5249 3747 5303 ἀλλό-

2165 5362 2293 5417 τρια
2310 5346 2410 5416 τῆς
2428 5343 2757 5409 θεοσεϐείας.
2785 5343 2896 5398 Καὶ
2919 5343 3050 5414 γοῦν
3070 5343 3249 5398 πάντα
3261 5343 3330 5402 τὰ
3352 5341 3744 5413 καταδεέστερα

2165 5439 2540 5510 ἐπέστραπται
2571 5437 2667 5492 ἐπὶ
2703 5438 2774 5492 τὰ
2815 5438 3252 5511 ὑπερϐεϐηκότα.
3296 5440 3363 5492 Αἰ
3407 5438 3465 5492 δὲ
3512 5439 3744 5506 κινήσεις

2163 5530 2272 5584 τῶν
2297 5529 2434 5583 νοῶν
2473 5531 2568 5584 καὶ
2590 5529 2777 5600 ψυχῶν
2801 5529 3125 5601 τροχοειδεῖς
3143 5533 3248 5584 εἰσι
3267 5531 3360 5584 καὶ
3373 5527 3648 5594 κυκλικαὶ,
3667 5529 3744 5590 ὡς

2167 5617 2260 5671 καὶ
2276 5615 2532 5687 Ἰεζεκιήλ
2557 5633 2742 5689 φησιν,
2771 5617 3003 5690 ἐπείπερ
3033 5618 3092 5685 ἐξ
3131 5619 3340 5676 ἑαυτῶν
3370 5622 3623 5694 προΐασι,
3654 5619 3745 5674 καὶ

1417 5755 1655 5814 VARIE
1689 5757 2074 5815 [ECTIONES
2109 5757 2197 5812 ET
2230 5754 2782 5814 CORRECTIONES.

595 5873 638 5905 ⁸⁷
666 5867 977 5930 ὑπίστασιν.
1081 5877 1123 5908 δ’
1147 5875 1501 5951 ἀνθριιπεείνυ.
1606 5879 1648 5910 "’
1680 5878 1828 5943 πρός.

1930 5879 1971 5910 ⁸ο
2007 5875 2443 5932 ἀποστέλλωνται
2478 5874 2572 5929 καὶ
2593 5875 3012 5934 καταϐαίνιιισιν.
