3872 6576
177 457 276 513 257

921 455 976 514 S.
1006 453 1255 514 MAXIM]
1294 452 1586 514 SCHOLIA
1621 453 1689 511 IN
1725 446 1856 512 LIB.
1898 453 1990 510 DE
2028 455 2281 514 DIVINIS
2316 453 2714 520 NOMINlBUS.

3325 463 3433 520 258

175 574 248 635 εἰς
293 571 466 628 ἑαυτὰ
513 575 1013 647 ἑπαναστρέφουσιν
1040 576 1356 642 ἀνεξόδευτα
1386 577 1616 634 ἑαυτῶν.
1649 577 1732 630 Κα

1861 572 2080 643 quidem
2111 575 2186 630 ita
2215 589 2275 630 se
2302 574 2507 630 habent
2537 576 2591 630 in
2625 574 3006 646 incorporeis;
3033 576 3214 632 status
3249 585 3429 636 anteiit

172 661 342 716 ταῦτα
368 663 468 734 μὲν
503 665 597 721 ἐπὶ
626 664 734 720 τῶν
774 667 1100 738 ἀσωμάτων⁸
1133 670 1322 732 στάσις
1346 669 1403 722 δὲ
1428 669 1522 722 καὶ
1543 668 1755 739 κίνησις

173 754 258 807 ἐπὶ
309 756 421 809 τῶν
473 757 742 825 σωμάτων
789 759 1134 832 νοηθήσεται,
1187 760 1453 832 μενούσης
1511 760 1610 832 μὲν
1655 761 1754 831 τῆς

172 846 301 918 ὕλης
344 851 406 902 ὲν
453 850 826 924 ὑποκειμένῳ·
871 853 1202 924 κινουμένης
1254 854 1312 907 δὲ
1398 856 1478 918 εις
1514 853 1613 917 τὰς
1641 853 1752 907 τῶν

171 940 471 1010 γινομένων
514 943 557 974 ⁸³
601 941 660 1007 ἐξ
695 944 864 1016 αὐτῆς
897 945 1108 1016 τροπὰς
1139 943 1234 998 καὶ
1277 944 1617 1016 μεταλλαγὰς
1648 959 1752 998 σω-

173 1033 357 1101 μάτων
396 1033 657 1105 ἐμψύχων
693 1052 753 1087 τε
785 1036 881 1090 καὶ
911 1033 1156 1107 ἀψύχων.

231 1125 552 1192 κυκλικῶς
583 1127 718 1196 μέν.
760 1125 1073 1199 Σημείωσαι
1114 1129 1230 1192 πῶς
1262 1129 1535 1184 κινοῦνται
1563 1127 1633 1182 τὰ
1660 1130 1750 1182 οὐ-

169 1218 329 1289 ράνια
354 1219 650 1286 κυκλικῶς,
668 1221 763 1276 καὶ
789 1222 909 1274 κατ’
931 1220 1144 1276 εὐθεῖαν
1173 1223 1267 1276 καὶ
1295 1220 1617 1284 ἑλικοειδῶς·
1655 1219 1749 1274 καὶ

168 1309 281 1374 πῶς
311 1314 512 1366 νοεῖται
542 1311 720 1384 ψυχῆς
745 1312 1043 1385 ἑλικοειδὴς
1068 1313 1300 1385 κίνησις.

573 1427 636 1480 Οἱ
667 1425 798 1481 θεῖοι
828 1427 947 1492 νόες
973 1429 1246 1483 κινοῦνται
1278 1431 1326 1463 ⁸⁸

228 1543 272 1612 ἢ
303 1546 626 1614 κυκλικῶς,
685 1548 722 1617 ἢ
755 1547 881 1602 κατ’
913 1549 1168 1613 εὐθεῖαν,
1231 1549 1270 1617 ἣ
1314 1547 1670 1618 ἐλικοειδὼς.

231 1638 454 1708 Ψυχῆς
492 1638 562 1694 δὲ
610 1641 868 1710 κίνησις.
914 1640 1131 1714 Ἐπειδὴ
1177 1643 1299 1706 καὶ,
1333 1643 1410 1709 ὡς
1439 1644 1554 1698 ἅνω
1607 1661 1746 1717 προ-

163 1731 516 1802 εγράψαμεν,
548 1733 708 1804 νοερὰ
739 1734 835 1805 μέν
869 1735 974 1788 εἰσι
1003 1734 1072 1788 τὰ
1099 1735 1322 1789 νοοῦντα
1341 1753 1354 1766 ·
1392 1736 1560 1808 νοητὰ
1587 1737 1644 1790 δὲ
1677 1737 1745 1791 τὰ

162 1824 458 1895 νοούμενα·
491 1827 666 1898 τροφὴ
706 1827 762 1880 δὲ
793 1826 902 1879 τῶν
937 1827 1138 1898 νοερῶν
1173 1828 1242 1882 τὰ
1286 1830 1484 1901 νοητὰο
1519 1830 1746 1894 εἰκότως

161 1911 245 1970 οὖν
277 1919 373 1970 ἐπὶ
406 1917 586 1990 ψυχῆς
619 1919 811 1991 νοερᾶς
845 1935 978 1990 φησι
1010 1918 1268 1990 δυνάμεις
1311 1919 1507 1991 αὐτῆς,
1535 1921 1611 1985 ὡς
1646 1918 1732 1992 μό·

1848 1922 1954 1969 tem
2010 1913 2432 1984 intelligentium
2481 1924 2609 1970 sunt
2659 1916 3058 1990 intelligibilia;
3108 1919 3308 1973 merito
3370 1919 3426 1975 in
3525 1996 3527 2000 ι

160 2024 240 2059 νον
271 2005 504 2078 νοούσης
534 2007 604 2060 τὰ
635 2007 1078 2080 ύπερόεϐηκότα·
1109 2006 1246 2080 αῦτη
1270 2008 1377 2079 γὰρ
1413 2011 1504 2062 ὑπ’
1533 2010 1744 2075 οὐδενὸς

162 2101 398 2152 νοεῖται·
434 2100 531 2153 καὶ
565 2100 782 2154 πάντων
813 2101 921 2155 τῶν
954 2099 1158 2170 νοητῶν
1191 2100 1391 2173 ἐσχάτη
1419 2102 1553 2156 ὲστί.
1577 2104 1745 2157 Δυνά-

163 2206 280 2260 μεις
308 2191 367 2244 δέ
399 2192 506 2245 είσι
537 2191 712 2264 ψυχῆς
745 2193 800 2245 αἱ
838 2189 974 2264 πρὸς
1013 2192 1110 2255 τὰς
1143 2189 1424 2266 αἰσθήσεις
1447 2193 1744 2278 επιτηδειό-

157 2298 338 2354 τητες.

234 2460 629 2528 Ἐλικοειὸῶς.
677 2462 840 2535 Ὁρᾷς
882 2462 1128 2518 ἐντεῦθεν
1151 2505 1166 2528 ,
1210 2463 1350 2534 πόση
1381 2463 1608 2537 διαφορὰ
1638 2465 1742 2535 ψυ-

157 2553 254 2624 χῆς
289 2553 428 2624 πρὸς
455 2553 524 2607 τὰ
563 2555 753 2625 νθητά.
792 2555 860 2609 τὰ
892 2555 988 2626 μὲν
1029 2556 1138 2627 γὰρ
1164 2557 1365 2629 νοερῶς
1387 2557 1481 2611 καὶ
1503 2558 1736 2622 ὲνιαίως,

155 2647 404 2700 τουτέστι
451 2647 591 2700 κατὰ
643 2647 841 2718 ἀθρόαν
883 2647 1168 2720 ἐπιϐολὴν,
1215 2650 1325 2702 νοεῖ
1351 2647 1452 2710 τὰς
1483 2649 1740 2719 ὑπερκει-

158 2739 325 2810 μένας
359 2738 514 2802 Θείας
544 2739 836 2810 ὲλλάμψεις
857 2780 872 2807 ,
904 2741 1046 2795 κατὰ
1079 2741 1140 2793 τὸ
1168 2739 1344 2793 αὐτῶν
1377 2740 1573 2812 μέτρον
1601 2742 1739 2794 ἀπο-

153 2829 602 2902 καλυπτομένας·
637 2834 669 2904 ἡ
712 2832 768 2885 δὲ
814 2831 959 2903 ψυχὴ
993 2831 1226 2901 λογικῶς
1265 2833 1360 2886 καὶ
1401 2832 1735 2900 διεξοδικῶς,

152 2923 434 2976 τουτέστιν
468 2925 550 2988 εἰς
585 2923 783 2995 μερικέι
831 2923 1198 2996 μεριζομένη,
1248 2923 1344 2978 καὶ
1397 2925 1461 2978 ὲκ
1506 2926 1738 2997 μετοχῆς

151 3015 544 3088 διδασκομένησ
598 3018 627 3070 ὁ
672 3017 780 3089 γὰρ
830 3015 982 3080 νοῦς,
1034 3017 1113 3082 εἰς
1159 3017 1451 3089 λογισμοὺς
1505 3016 1734 3084 κατιὼν,

150 3109 312 3163 οἰονεὶ
348 3110 630 3183 μερίζεται
672 3109 764 3164 καὶ
799 3109 976 3164 δέεται
1016 3110 1110 3163 τοῦ
1143 3110 1232 3164 διὰ
1265 3110 1526 3164 πλειόνων
1555 3128 1736 3182 παρα-

149 3199 462 3274 δειγμάτων
494 3202 878 3271 διεξοδεύοντος
903 3202 1060 3272 λόγου
1095 3203 1232 3276 πρὸς
1261 3203 1600 3276 παράστασιν
1639 3202 1733 3257 τοῦ

151 3294 478 3366 νοουμένου,
537 3293 598 3348 τὺ
644 3294 1122 3366 ύπεραναὸεόηκός
1149 3295 1212 3350 ⁸⁸.
1260 3296 1591 3366 Συμμίκτως
1639 3291 1733 3351 οῦν

149 3387 367 3460 ἐνεργεῖ
393 3389 428 3460 ἠ
458 3387 604 3461 ψυχὴ
627 3389 718 3442 καὶ
751 3387 1150 3460 μεταϐατικῶς,
1172 3389 1260 3444 ὅτε
1291 3389 1385 3442 καὶ
1418 3390 1556 3443 νοεῐ’
1577 3387 1734 3442 τοῦτο

149 3481 255 3553 γὰρ
281 3481 484 3534 οἰκεῖον
513 3480 711 3553 ψυχῆς,
747 3482 842 3534 καὶ
873 3481 961 3534 ὅτε
991 3480 1188 3548 ἔξωθεν
1212 3481 1304 3535 ἐπὶ
1329 3479 1396 3535 τὰ
1428 3479 1733 3552 ὑψηλότερα

146 3573 603 3644 χειραγωγεῖται.·
640 3574 704 3628 ὲκ
732 3572 840 3646 γὰρ
866 3572 975 3626 τῶν
1007 3568 1296 3647 ἀλλοτρίων
1324 3572 1621 3627 ἀναϐαίνει.

487 3865 554 3917 Αἰ
583 3863 751 3936 ψυχαὶ
783 3865 839 3918 αἱ
865 3865 1079 3935 λογικαὶ
1110 3866 1382 3924 κινοῦνται

145 3976 187 4045 ἣ
212 3974 540 4043 κυκλικῶς,
687 3978 726 4045 ἢ
748 3977 1106 4044 ἐλικοειδῶς,
1245 3980 1286 4048 ἢ
1316 3979 1442 4034 κατ’
1470 3979 1727 4036 εὐθεῖαν.

219 4092 459 4145 Τσύτων
484 4090 617 4155 οὖν,
653 4089 751 4144 καί
788 4089 906 4146 τῶν
941 4087 1263 4158 αἱσθητῦν.
1295 4092 1469 4162 Ὅρα,
1505 4093 1588 4146 δτι
1634 4095 1730 4147 καὶ

140 4182 256 4236 τῶν
298 4181 578 4255 αἰσθητῶν
608 4185 757 4255 τρεῖς
786 4199 952 4254 φησιν
997 4177 1135 4236 εῖναι
1182 4182 1283 4246 τὰς
1329 4185 1597 4254 κινήσεις·
1629 4185 1728 4256 τὴν

141 4275 466 4346 κυκλοειδῆ,
501 4275 596 4328 καὶ
621 4275 721 4347 τὴν
745 4274 1011 4346 ἑλικοειδῆ
1038 4314 1054 4338 ,
1083 4275 1177 4328 καὶ
1205 4275 1306 4346 την
1333 4277 1452 4328 κατ’
1482 4267 1693 4329 εὐθεῖαν
1710 4293 1723 4308 ο

141 4367 503 4440 προαγόμεθα
531 4367 586 4420 δὲ
617 4367 818 4432 ταύτας
838 4370 976 4420 νοεῖν
1005 4369 1068 4420 ἐκ
1090 4367 1198 4420 τῶν
1216 4367 1344 4438 περὶ
1371 4366 1550 4437 ψυχῆς
1579 4369 1729 4441 εἰρη-

143 4460 356 4530 μένων·
390 4460 654 4532 κυκλικὴν
699 4460 797 4531 μὲν
835 4458 1033 4531 αὐτὴν,
1067 4461 1197 4512 ὅταν
1226 4458 1294 4512 τὰ
1323 4459 1556 4529 αἰσθητὰ
1588 4460 1726 4514 αὐτὰ

687 3978 726 4045 ἢ
748 3977 1106 4044 ἐλικοειδῶς,

1855 670 1910 720 et
1949 672 2129 720 motus
2159 663 2216 718 in
2245 665 2570 735 corporibus
2603 667 2956 737 intelligetur,
3017 674 3272 724 manente
3309 670 3428 738 qui-

1851 754 1974 810 dem
2002 754 2057 808 in
2095 755 2346 825 subjecto
2394 758 2653 823 materia;
2683 765 2832 812 mota
2863 773 2994 816 vero
3034 758 3090 813 in
3128 759 3323 816 modos
3376 767 3432 816 et

1856 845 2182 906 mutationes
2236 862 2532 918 corporum
2602 849 2967 907 animatorum
3035 859 3092 910 et
3161 853 3432 911 inanimo—

1855 950 1999 994 rum.

1919 1114 2269 1172 Circulariter
2294 1118 2526 1189 quidem.
2587 1118 2726 1175 Nota
2764 1121 3040 1192 quomodo
3077 1124 3321 1181 celestis
3375 1127 3429 1182 in

1847 1209 2035 1263 orbem
2066 1218 2410 1275 moveantur,
2438 1221 2491 1268 et
2522 1220 2672 1267 recta
2702 1221 2757 1268 et
2785 1212 3004 1284 oblique
3033 1231 3046 1265 :
3071 1225 3125 1274 et
3151 1217 3430 1286 quomodo

1848 1299 2189 1371 intelligatur
2216 1311 2399 1360 motus
2431 1304 2626 1360 animae
2657 1305 2934 1376 obliquus.

2236 1413 2444 1470 Divina:
2474 1428 2682 1472 mentes
2715 1429 3003 1473 moventur

1845 1524 1951 1578 Aut
1982 1528 2032 1580 in
2065 1526 2264 1592 orbem,
2517 1540 2610 1583 aut
2644 1540 2808 1598 recta,
3080 1541 3171 1586 aut
3200 1533 3426 1602 oblique.

1920 1639 2076 1710 135
2105 1639 2285 1694 Animi
2331 1651 2505 1694 autem
2540 1650 2732 1695 motus.
2766 1640 3250 1714 Quandoquidem,
3284 1645 3428 1698 sicut

1845 1734 2010 1790 etiam
2042 1746 2209 1803 supra
2239 1733 2590 1802 scripsimus,
2624 1733 2785 1804 νοερά
2817 1740 2946 1787 sunt
2974 1749 3036 1788 ea
3065 1751 3185 1805 qttae
3216 1735 3427 1790 intelli-

1845 1830 2010 1894 gunt;
2037 1822 2208 1894 νοητά
2235 1838 2370 1878 vero
2394 1839 2514 1894 quae
2541 1823 2949 1894 intelliguntur;
2974 1825 3291 1880 alimentum
3323 1841 3426 1880 au-

1846 2006 2030 2060 anima
2096 2006 2433 2076 intelligente
2483 2005 2772 2063 facultates
2817 2007 2938 2076 ejus
3003 2008 3192 2072 aﬂ'ert,
3239 2020 3428 2082 utpote

1845 2103 2057 2150 tantum
2083 2098 2469 2154 excellentiora
2500 2098 2883 2169 intelligentis;
2912 2099 3024 2154 haec
3044 2101 3189 2155 enim
3221 2116 3250 2156 a
3274 2105 3427 2161 nullo

1843 2186 2205 2259 intelligitur,
2255 2189 2612 2260 omniumque
2664 2190 3088 2261 intelligibilium
3163 2200 3248 2246 est
3277 2211 3422 2268 post-

1848 2296 2014 2338 rema.
2070 2278 2383 2337 Facultates
2421 2296 2586 2350 porro
2635 2281 2830 2337 animae
2881 2289 3046 2346 sunt,
3091 2284 3425 2354 aptitudincs

1842 2379 1981 2442 apta:
2011 2373 2078 2428 ad
2112 2389 2374 2430 sensuum
2407 2373 2744 2428 functiones.

1916 2463 2156 2535 Oblique.
2197 2463 2335 2519 Hinc
2369 2465 2522 2519 vides
2550 2474 2755 2534 quanta
2782 2463 2855 2519 sit
2886 2463 3192 2519 diﬂ'erentia
3224 2469 3424 2525 anima:

1841 2555 1910 2610 ab
1958 2555 2442 2629 intelligibilibus:
2480 2555 2596 2610 haec
2647 2555 2834 2619 enim,
2880 2555 3323 2612 intellectualiter
3366 2567 3422 2614 et

1841 2649 2014 2713 unite,
2052 2649 2154 2704 hoc
2188 2657 2301 2713 ;est
2345 2648 2508 2703 celeri
2552 2663 2646 2704 seu
2687 2647 2924 2718 simplici
2977 2648 3180 2704 mentis
3221 2664 3423 2720 apprc-

1838 2740 2135 2807 hensione,
2199 2741 2512 2812 superiores
2563 2739 2779 2795 divinas
2831 2740 3146 2811 intelligunt
3177 2741 3424 2796 illustra-

1840 2832 2041 2897 tiones,
2078 2848 2200 2903 quas
2230 2848 2331 2903 pro
2363 2831 2605 2901 ipsorum
2635 2840 2800 2900 captu
2845 2831 3161 2888 revelantur
3189 2850 3202 2886 ε
3237 2832 3421 2886 anima

1837 2939 1994 2989 vero,
2027 2923 2450 2978 ratiocinatione
2471 2930 2524 2977 et
2554 2921 2832 2985 discursu,
2865 2922 2919 2977 id
2951 2933 3034 2978 est
3068 2924 3123 2978 in
3172 2926 3422 2994 particu-

1839 3015 1977 3070 laria
2001 3013 2208 3081 divisa,
2238 3022 2403 3086 atque
2433 3029 2500 3069 ex
2531 3013 3027 3070 communicatione
3043 3015 3421 3071 addiscensin.

1840 3105 2059 3176 telligit.
2086 3103 2240 3160 Meus
2267 3105 2436 3169 enim,
2474 3103 2542 3159 ad
2576 3105 3023 3162 ratiocinationes
3055 3107 3418 3173 descendens,

1841 3198 2026 3270 aliquo
2055 3199 2217 3254 modo
2237 3198 2499 3256 dividitur
2526 3205 2581 3256 et
2609 3199 2859 3269 pluribus
2888 3201 3294 3271 exemplaribus
3320 3219 3418 3258 seu

1789 3292 1804 3317 ‘
1835 3293 2122 3366 speciebus
2145 3291 2371 3363 indiget,
2402 3291 2614 3346 ratione
2641 3290 2984 3348 discurrente
3015 3298 3074 3346 ut
3100 3292 3334 3349 sublime
3359 3304 3418 3350 et

1834 3383 2230 3440 transcendens
2295 3382 2431 3438 illud
2498 3381 2643 3454 quod
2699 3383 2974 3453 cogitatur
3036 3393 3414 3456 repraesentet.

1834 3475 1978 3548 Ergo
2009 3477 2191 3530 anima
2248 3475 2579 3532 commistim
2629 3483 2684 3531 et
2735 3475 3098 3530 transcursim
3135 3486 3417 3547 operatur,

1833 3568 1999 3624 etiam
2033 3567 2253 3639 quando
2285 3567 2730 3622 intellectualiter
2760 3565 3014 3637 intelligit
3043 3585 3056 3622 :
3097 3566 3202 3622 hoc
3240 3569 3418 3640 siqui-

1833 3660 1956 3716 dem
1988 3661 2184 3716 anima:
2213 3660 2516 3732 proprium,
2539 3660 2762 3730 quando
2785 3669 2937 3714 extra
2971 3674 3029 3714 se
3060 3659 3128 3713 ad
3162 3661 3416 3721 sublimia

1832 3751 2078 3807 elevatur
2110 3771 2122 3806 :
2162 3767 2226 3806 ex
2259 3750 2454 3806 alienis
2484 3750 2630 3806 enim
2663 3751 2930 3805 ascendit.

2188 3864 2400 3920 Anima:
2433 3863 2729 3918 rationales
2762 3874 3050 3921 moventur

2505 3984 2600 4029 aut
2631 3975 2858 4045 oblique,
3115 3987 3209 4034 aut
3243 3991 3410 4035 recta.

1830 3977 1936 4031 Aut
1966 3978 2023 4030 in
2053 3975 2252 4040 orbem,

1903 4111 2110 4166 Horum
2151 4112 2345 4182 igitur,
2388 4111 2470 4164 uti
2507 4119 2558 4165 et
2600 4110 2893 4167 sensilium.
2947 4111 3216 4176 Adverte,
3267 4113 3410 4184 quod

1828 4203 1991 4258 etiam
2006 4203 2153 4258 dicat
2178 4210 2291 4257 tres
2317 4216 2439 4257 esse
2463 4202 2744 4257 sensilium
2763 4202 3052 4270 motiones,
3069 4203 3411 4277 circularetn,

1828 4295 2107 4366 obliquam
2129 4302 2183 4349 et
2206 4300 2410 4348 rectam
2440 4312 2454 4347 :
2486 4293 2880 4363 persuademur
2903 4302 3082 4350 autem
3099 4311 3162 4350 ex
3195 4295 3262 4351 iis
3287 4311 3409 4366 quae

1827 4385 1896 4440 de
1926 4384 2109 4438 anima
2138 4385 2283 4440 dicta
2313 4393 2463 4450 sunt,
2483 4385 2808 4456 intelligere,
2835 4386 3156 4442 circularem
3186 4389 3408 4459 quidem

1827 4494 1974 4542 eam,
1994 4476 2213 4547 quando
2228 4475 2452 4534 sensilia
2485 4475 2787 4532 secundum
2817 4476 3070 4547 proprias
3095 4477 3326 4533 virtutes
3354 4487 3410 4534 et

138 4553 290 4607 κατὰ
335 4554 438 4617 τὰς
483 4553 688 4618 οἰκείας
733 4552 992 4624 δυνάμεις
1034 4553 1128 4608 καὶ
1176 4553 1468 4625 ποιότητας
1497 4554 1722 4625 ἂνεργῇθ

1846 4566 2123 4637 qualitates
2156 4573 2475 4636 operantur,
2512 4571 2572 4618 ut
2613 4564 2758 4634 ignis
2789 4563 3117 4621 calefaciens
3138 4604 3154 4630 ,
3184 4573 3238 4622 et
3268 4581 3407 4637 aqua

137 4641 258 4699 οἷον
289 4645 405 4718 πῦρ
433 4645 758 4718 θερμαῖνον,
793 4647 888 4700 καὶ
928 4647 1074 4718 ὕδωρ
1107 4645 1309 4718 ψῦχον,
1356 4647 1450 4700 καὶ
1489 4647 1558 4700 τὰ
1599 4647 1726 4718 ἑξῆς

1846 4655 2196 4726 έεῐτῑεθτοηε,
2272 4654 2488 4726 aliaque
2553 4654 2848 4721 similiter;
2908 4655 3130 4727 oblique
3187 4665 3404 4723 autem,

138 4739 379 4810 ὁμοίωςο
416 4740 777 4804 ἐλικοειδῶς⁶⁸
813 4740 898 4803 δὲ,
925 4741 1053 4794 ὅταν
1098 4739 1476 4812 μεταϐατικῶς
1505 4742 1722 4812 ἐνεργῇ,

137 4828 256 4884 οἷον
299 4832 361 4897 ἐξ
407 4831 614 4886 ὑδάτων
663 4833 872 4903 ἰχθύες,
908 4833 1002 4887 καὶ⁸
1048 4832 1295 4898 πετεινὰ,
1338 4832 1495 4904 καὶὴ
1532 4832 1724 4903 ῥάϐδος

137 4924 427 4988 Μωῦσέως
449 4927 531 4988 εἰς
555 4925 708 4994 ὅφιν,
734 4925 828 4979 καὶ⁹
857 4925 927 4978 τὰ
964 4923 1188 4978 τοιαῦτα
1207 4941 1220 4956 ο
1247 4925 1372 4978 κατ’
1399 4924 1614 4978 εὐθεῖαν
1640 4923 1718 4990 δὲ,

131 5018 271 5071 ὅταν
299 5015 455 5082 αὖθις
487 5021 568 5082 εἰς
597 5019 697 5082 τὰς
725 5018 930 5081 οἰκείας
949 5017 1123 5089 ἀρχὰς
1141 5017 1434 5088 ἀνατρέχῃ,
1463 5009 1575 5086 οἷον
1593 5016 1721 5069 ὅταν

136 5109 284 5180 μετὰ
311 5110 554 5164 διάλυσιν
585 5109 692 5164 τῶν
724 5109 1024 5181 γινομένων
1072 5109 1233 5164 πάλιν
1265 5110 1345 5173 εἰς
1374 5109 1444 5162 τὰ
1483 5111 1721 5180 στοιχεῖα

131 5205 206 5258 τὰ
241 5204 574 5277 φθειρόμενα
605 5203 924 5274 ἀναλύηται.

209 5299 320 5351 Καὶ
366 5299 631 5365 κίνησιν.
669 5297 896 5368 Κίνησιν
944 5295 1010 5350 ἄν
1045 5313 1130 5360 τις
1177 5294 1476 5367 προαχθείη
1521 5294 1716 5366 νοῆσαι

130 5391 250 5444 τῶν
280 5389 551 5460 αἰσθητῶν
579 5389 678 5461 τὴν
702 5389 986 5442 ἀλλοίωσιν
1022 5389 1116 5442 καὶ
1144 5389 1246 5460 τὴν
1279 5387 1488 5459 φθοράν
1505 5402 1520 5417 ⁸
1563 5386 1624 5451 ἐξ
1651 5379 1719 5441 οὗ

132 5483 252 5552 γὰρ
283 5485 315 5554 ἡ
349 5483 556 5547 στάσις,
588 5480 793 5535 τούτων
839 5481 1090 5553 σημαίνει
1117 5481 1216 5551 τὴν
1247 5479 1457 5549 γένεσιν
1475 5519 1490 5544 ,
1518 5478 1720 5550 πρόδη-

1828 4747 2050 4819 quando
2113 4746 2544 4803 transcurrendo
2597 4754 2929 4818 operantur,
2991 4755 3052 4802 ut
3107 4749 3287 4818 pisces
3338 4765 3404 4804 ex

1826 4838 1984 4909 aquis
2012 4877 2026 4903 ,
2057 4845 2111 4893 et
2138 4837 2391 4893 volucres
2414 4877 2430 4902 ,
2463 4844 2626 4906 atque
2659 4838 2810 4908 virga
2854 4837 3055 4909 Moysis
3095 4837 3150 4892 in
3183 4854 3404 4910 serpen-

1825 4936 1960 4996 tem,
1987 4943 2052 4984 ac
2085 4929 2320 4995 similia;
2352 4935 2504 4982 recta
2535 4943 2687 4993 vero,
2715 4928 2932 4999 quando
2963 4944 3154 4984 rursus
3179 4929 3246 4983 ad
3276 4945 3405 4999 pro-

1824 5021 1944 5091 pria
1957 5020 2101 5076 redit
2126 5019 2415 5093 principia,
2433 5028 2490 5072 ut
2503 5035 2668 5089 quum
2682 5035 2802 5090 qua:
2814 5027 3260 5090 corrumpuntur,
3277 5028 3402 5090 post

1824 5110 2247 5166 dissolutionem
2286 5123 2399 5164 sua:
2439 5115 2672 5174 naturze,
2706 5110 2904 5164 iterum
2935 5109 2989 5162 in
3012 5109 3280 5164 elementa
3311 5123 3402 5164 rea

1823 5201 2134 5258 solvuntur.

1894 5291 1974 5344 Ac
1997 5297 2216 5344 malum.
2251 5289 2454 5346 Motum
2485 5287 2780 5345 crediderit
2804 5288 2928 5360 quis
2963 5301 3084 5342 esse
3112 5285 3394 5341 sensilium

1825 5382 2204 5438 alterationem
2249 5390 2304 5438 et
2335 5382 2779 5453 corruptionem:
2806 5395 2872 5435 ex
2902 5393 3010 5450 quo
3039 5376 3182 5432 enim
3215 5385 3402 5433 status

1824 5474 2096 5547 signiﬁcat
2151 5474 2348 5529 horum
2402 5475 2810 5546 generationem
2905 5469 3252 5524 manifestum
3308 5478 3394 5526 est

1053 5697 1290 5756 vanus
1329 5697 1713 5761 announs
1749 5699 2434 5774 ET_CORRECTIONES.

201 5877 248 5907 “
276 5876 574 5942 γινομένας.
644 5877 686 5908 θ’
727 5875 789 5928 Ἥ
805 5874 912 5927 τῶν
939 5874 1094 5928 θείων
1129 5872 1264 5928 νοῶν
1287 5874 1518 5944 κίνησις.
1589 5872 1636 5906 ⁵³
1663 5871 2022 5944 ύποὸεὸηκός.
2089 5873 2134 5906 ⁸⁸
2166 5872 2448 5943 ἑλικοειδῆ.
