3872 6600
463 467 570 524 259

1232 453 1573 516 APPENDlX
1605 455 1697 510 AD
1726 447 1956 513 OPER'A
1998 455 2055 510 s.
2097 446 2397 508 DlOMblt
2434 443 2916 504 AltuorAclTAt.

3639 452 3744 510 260

463 579 613 654 quod
649 587 832 634 motus
864 575 1207 632 contrarium
1248 573 1506 627 ostendat
1530 569 1711 627 :‘nota
1752 570 1920 641 igitur
1955 582 2042 634 ea,

2169 583 2237 618 ιον
2267 563 2344 628 ώς
2374 565 2407 635 ἡ
2447 563 2660 634 κίνησις
2689 563 2766 616 ’τὸ
2819 562 3060 616 ἐναντίον
3097 562 3380 634 ἐμφαίνει·
3430 565 3743 636 σημείωσαι

463 691 586 746 qua:
633 673 938 728 allevantur
977 676 1031 724 et
1092 673 1562 736 corrumpuntur,
1598 679 1664 719 ex
1711 663 1865 732 ipso,
1898 668 1953 716 et
1990 661 2047 714 in

465 769 608 838 ipso,
642 779 706 819 ac
736 764 790 817 in
820 764 1000 833 ipsum
1028 761 1326 830 respicere.

538 858 698 929 136
739 857 963 925 Propter
1004 854 1143 925 quod
1191 861 1366 906 status
1421 850 1612 904 omnis.
1650 848 1882 920 Propter
1905 847 2051 919 quod

463 959 549 1005 est
581 952 785 1004 bonum
817 955 871 1003 et
900 947 1215 1018 pulchrum.

537 1041 704 1097 Omne
731 1055 926 1102 unum,
959 1047 1008 1092 et
1041 1034 1349 1090 multitudo.
1406 1031 1694 1099 Quomodo
1722 1030 2054 1103 intelligetur

463 1150 626 1190 omne
651 1148 821 1188 unum
852 1138 906 1186 et
962 1127 1290 1183 multitudo?
1335 1126 1592 1197 Suppone
1638 1124 1902 1179 mundum
1931 1125 2051 1178 nni-

463 1243 686 1284 versum
717 1238 972 1295 magnam
997 1237 1120 1278 esse
1143 1223 1424 1282 arborem,
1461 1235 1585 1290 quae
1611 1219 1666 1272 in
1695 1219 1811 1274 suis
1837 1218 2051 1271 anima-

466 1320 537 1374 tis
567 1317 819 1388 partibus
848 1313 1016 1368 veluti
1069 1312 1334 1381 stirpibus
1381 1319 1436 1366 et
1485 1310 1837 1373 caudicibus,
1885 1324 1949 1362 ac
1997 1309 2054 1362 in

466 1407 706 1478 partium
749 1405 999 1475 partibus
1038 1402 1203 1458 veluti
1247 1402 1437 1464 ramis,
1471 1399 1797 1455 ramusculis
1822 1406 1877 1452 et
1909 1396 2053 1452 foliis

465 1500 648 1569 aliquo
689 1498 850 1552 modo
885 1496 1031 1550 vivat
1077 1495 1094 1565 (
1127 1494 1172 1550 si
1203 1495 1348 1549 enim
1399 1492 1825 1562 unumquodque
1856 1491 2053 1545 horum

465 1600 729 1660 tanquam
767 1590 822 1643 in
879 1603 939 1644 se
973 1585 1275 1657 perfectum
1328 1585 1531 1638 animal
1567 1583 1870 1654 reputaris,
1905 1579 2053 1652 quod

468 1681 774 1738 unitionem
808 1697 872 1735 ac
905 1681 1176 1742 ordinem,
1216 1678 1518 1732 secundum
1547 1691 1708 1745 quem
1741 1675 1904 1728 arbor
1932 1675 2052 1743 ipsa

469 1777 525 1830 in
560 1790 620 1830 se
651 1783 704 1830 et
733 1790 856 1829 cum
889 1773 1006 1829 suis
1038 1773 1290 1842 partibus
1323 1771 1483 1832 vivit,
1516 1769 1572 1822 in
1599 1775 1714 1823 toto
1746 1775 1948 1834 servet;
1976 1767 2052 1819 ita

465 1870 690 1930 vivunt,
725 1882 847 1939 qua:
891 1864 1209 1934 intelligunt
1249 1861 1696 1917 intcllectualiter
1722 1867 1776 1913 et
1813 1860 2051 1913 rationa-

2150 651 2244 710 οὖν
2267 696 2282 720 ,
2322 656 2405 709 ὅτι
2437 657 2532 709 καὶ
2549 657 2592 687 ⁸⁸
2619 647 2702 742 rd?
2727 654 3113 726 ἀλλοιούμενα,
3147 655 3241 709 καὶ
3269 655 3338 709 τά
3371 657 3740 730 φθειρόμενα,

2150 748 2211 813 ἐξ
2239 747 2427 812 αὑτοῦ,
2457 748 2553 801 καὶ
2579 747 2648 800 δι’
2684 748 2870 811 αὐτοῦ,
2899 747 2998 800 καὶ
3027 749 3107 811 εἰς
3129 747 3288 801 αὑτὸν
3317 749 3439 820 δρᾷ.

2221 841 2302 894 Δι’
2339 840 2370 894 6
2399 839 2570 896 πᾶσα
2607 840 2847 906 στάσις.
2893 841 2971 893 Δι’
2997 840 3027 893 6
3067 839 3270 909 ἀγαθὸν
3314 842 3407 894 καὶ
3449 840 3624 896 καλὸν
3661 843 3745 914 δη-

2012 966 2016 972 -
2131 932 2353 987 Δλονότι.

2225 1024 2352 1078 Πᾶν
2377 1022 2448 1077 ἓν
2475 1023 2572 1077 καὶ
2611 1022 2864 1091 πλῆθος.
2909 1023 3036 1087 Πῶς
3076 1024 3402 1097 νοηθήσεται
3449 1026 3513 1079 τὸ
3548 1029 3660 1080 πᾶν
3689 1027 3742 1081 ἓν

2152 1118 2244 1171 καὶ
2283 1117 2516 1188 πλῆθος;
2551 1116 2750 1169 ὑπόθου
2789 1117 2882 1169 τὸν
2915 1118 3092 1170 πάντα
3125 1118 3326 1188 κόσμον
3366 1114 3539 1186 φυτὸν
3573 1119 3737 1189 μέγα.

2151 1209 2274 1263 καθ’
2298 1208 2394 1261 ὅλα
2421 1207 2490 1261 τὰ
2511 1207 2651 1278 μέρη
2680 1207 2846 1260 αὑτοῦ
2875 1207 2944 1259 τὰ
2989 1207 3208 1277 ἔμψυχα
3241 1208 3349 1272 ζῶν
3379 1209 3587 1279 τρόπον
3606 1211 3739 1273 τινὰ,

2165 1295 2276 1354 οἷον
2311 1299 2528 1372 πρέμνα
2557 1298 2651 1352 καὶ
2690 1299 2912 1369 στελέχη
2941 1339 2956 1362 ,
2998 1301 3095 1352 καὶ
3123 1300 3231 1353 τῶν
3263 1302 3445 1372 μερῶν
3471 1301 3543 1355 τά
3581 1303 3736 1374 μέρη,

2151 1389 2263 1447 οἷον
2309 1392 2564 1456 κλάδους,
2610 1392 2917 1464 ἀκρέμονάς
2947 1409 3007 1445 τε
3048 1394 3144 1447 καὶ
3182 1393 3356 1462 φύλλα
3403 1395 3483 1462 (εἰ
3513 1396 3627 1467 γάρ
3662 1415 3738 1466 μοι

2155 1485 2361 1538 τούτων
2383 1485 2612 1538 ἕκαστον
2626 1479 2736 1537 οἷον
2753 1483 3037 1548 αὐτοτελὲς
3059 1484 3194 1549 ζῶον
3213 1483 3527 1551 ὑπολάϐοις,
3546 1488 3738 1559 τηροῦν

2150 1579 2208 1632 δὲ
2242 1578 2341 1650 τὴν
2369 1579 2426 1630 ὲν
2456 1575 2535 1648 τῷ
2566 1576 2672 1648 ὅλῳ
2712 1575 2904 1629 ἕνωσίν
2935 1593 2993 1628 τε
3027 1575 3118 1630 καὶ
3151 1576 3328 1642 τάξιν,
3365 1577 3494 1630 καθ’
3523 1579 3595 1649 ἦν
3618 1581 3739 1632 αὐτό

2151 1687 2211 1722 τε
2243 1670 2306 1723 τὸ
2337 1669 2553 1742 δένδρον
2587 1670 2665 1741 ζῇ
2710 1668 2832 1722 καθ’
2875 1667 3068 1736 ἑαυτὸ,
3115 1669 3211 1722 καὶ
3251 1669 3389 1741 μετά
3438 1671 3551 1724 τῶν
3587 1673 3739 1726 αὐτοῦ

2157 1763 2370 1834 μερῶν⁸
2423 1762 2500 1828 ὡς
2549 1763 2663 1816 ἔστι
2697 1761 2833 1834 ζῇν,
2870 1762 2940 1816 τά
2973 1763 3071 1834 μὲν
3114 1763 3277 1835 νοερὰ
3325 1764 3528 1836 νοερῶς
3567 1782 3629 1818 τε
3661 1755 3744 1818 καὶ

2153 1854 2388 1924 λογικῶς
2407 1895 2422 1921 ,
2465 1854 2535 1908 τά
2562 1850 2619 1908 δὲ
2652 1853 2823 1924 ἀλογα
2853 1854 3214 1926 αἰσθητικῶς,
3251 1852 3320 1908 τὰ
3353 1856 3411 1909 δὲ
3440 1855 3628 1926 ἀψυχα
3658 1853 3744 1909 καὶ

467 1958 652 2016 bilitcr
683 1960 798 2014 sive
831 1973 976 2012 cum
1016 1954 1437 2011 ratiocinatione
1460 1993 1475 2017 ,
1508 1952 1670 2006 bruta
1703 1966 1834 2006 vero
1876 1951 2053 2006 sensi-

2169 1949 2333 2002 Ξπνοα
2357 1947 2602 2017 φυτικῶς
2627 1965 2686 2000 τε
2719 1947 2813 2000 καὶ
2845 1947 3125 2018 ἑκτικῶς),
3157 1948 3251 2002 κάί
3281 1947 3388 2014 ζῶν
3414 1949 3537 2002 καθ’
3571 1948 3744 2017 sacri,

469 2052 614 2113 liter,
642 2048 884 2104 inanima
936 2054 1115 2102 autem
1147 2053 1201 2101 et
1233 2045 1461 2115 spiritus
1493 2043 1758 2114 expertia,
1791 2042 2057 2097 naturali-

469 2153 553 2198 ter
584 2158 648 2197 ac
681 2140 1036 2197 habitualiter
1056 2138 1096 2208 ),
1127 2146 1294 2208 atque
1325 2137 1379 2190 in
1425 2152 1484 2192 se
1514 2137 1738 2199 vivens,
1773 2135 1914 2189 sicut
1940 2133 2056 2188 dixi

472 2233 907 2304 iinumquodque
939 2232 1122 2286 vivere
1141 2271 1155 2294 ,
1191 2238 1244 2285 et
1269 2245 1392 2284 cum
1424 2238 1539 2283 toto
1567 2237 1748 2300 partes
1775 2227 2057 2282 universa-

467 2327 602 2380 lium
624 2367 640 2393 ,
674 2339 976 2396 cognosces
1023 2322 1191 2378 totius
1243 2322 1296 2376 in
1337 2336 1448 2375 uno
1480 2336 1796 2391 compagem
1837 2327 1892 2375 et
1923 2335 2058 2374 con-

465 2416 704 2479 victum,
736 2416 972 2486 itemque
1002 2415 1056 2468 in
1088 2414 1440 2468 multitudine
1471 2453 1485 2476 ,
1525 2412 1756 2483 singulis
1779 2421 1903 2482 apta
1931 2427 2058 2482 pro-

469 2511 698 2581 priaque
722 2508 832 2563 vita
860 2507 1194 2570 viventibus,
1217 2505 1548 2561 utdiximus.
1577 2505 1890 2575 lterumque
1918 2502 1965 2558 si
1991 2519 2056 2558 ex

469 2616 582 2656 uno
605 2609 658 2654 et
698 2601 817 2654 solo
850 2598 960 2654 Deo
1008 2605 1138 2653 sunt
1182 2598 1395 2663 omnia,
1431 2599 1630 2653 merito
1671 2597 1831 2652 etiam
1885 2610 2055 2649 unum

468 2691 732 2746 dicuntur
758 2697 982 2760 propter
996 2688 1401 2759 colligationem
1443 2693 1499 2742 et
1526 2699 1863 2754 compagem,
1895 2693 2058 2752 atque

472 2784 641 2838 multa
685 2791 909 2856 pr0pter
948 2781 1154 2837 variam
1187 2779 1526 2850 singulorum
1553 2778 1810 2848 speciem.

541 2875 954 2945 Deﬁmtionem,
985 2871 1081 2929 Gr.
1121 2872 1170 2924 οἰ
1214 2873 1350 2943 ὅροι.
1389 2872 1544 2942 Ὅροι
1581 2885 1676 2925 seu
1708 2867 2056 2924 delinitiones

471 2974 601 3021 sunt
631 2979 919 3020 sermones
950 2963 1042 3035 qui
1075 2963 1418 3034 singularum
1448 2977 1634 3016 rerum
1677 2969 1928 3015 naturam
1961 2975 2057 3013 ex-

471 3059 698 3130 plicant,
732 3065 897 3129 atque
928 3072 1102 3129 genus
1132 3062 1187 3111 et
1212 3054 1570 3110 diﬂ'erentiam
1600 3059 1655 3108 et
1683 3053 1927 3124 speciem
1960 3050 2056 3105 de‘

471 3153 706 3207 clarant.

545 3242 876 3310 Principium
941 3241 1262 3310 exemplare.
1336 3236 1680 3308 Exemplaris
1737 3252 1905 3293 causa
1959 3251 2054 3292 seu
2085 3261 2131 3324 α

472 3333 804 3404 principium
840 3337 926 3386 est
977 3329 1146 3395 illud,
1181 3329 1342 3398 cujus
1378 3328 1578 3382 intuitu
1625 3325 1832 3396 aliquid
1874 3324 1944 3394 (ei
1977 3325 2056 3379 si-

473 3420 625 3492 mile)
657 3421 734 3476 lit.
768 3420 886 3480 Hoc
903 3430 1085 3478 autem
1110 3426 1196 3480 est
1216 3428 1309 3474 aut
1329 3421 1448 3476 idea
1475 3431 1596 3487 qua:
1629 3420 1715 3470 est
1761 3413 2060 3468 intellectio

474 3511 744 3583 perfecta,
771 3519 977 3568 interna
1005 3511 1196 3567 aeterni
1223 3509 1342 3574 Dei,
1375 3517 1468 3564 aut
1497 3507 1774 3578 exemplar
1795 3513 2059 3560 aeternum

476 3605 814 3660 inexsistens
843 3612 1072 3670 naturae,
1090 3604 1252 3675 cujus
1277 3610 1530 3674 respectu
1563 3617 1654 3657 res
1683 3605 1846 3664 sunt;
1875 3598 2060 3652 incor-

475 3708 662 3763 porcae
693 3693 894 3749 etenim
929 3701 1059 3749 sunt
1107 3693 1242 3749 ideae
1270 3700 1325 3748 et
1353 3691 1710 3762 exemplaria,
1756 3689 1934 3743 ﬁnalis
1964 3699 2062 3742 au-

476 3795 588 3843 tem
608 3800 776 3842 causa
819 3801 917 3841 seu
955 3785 1285 3855 principium
1322 3792 1402 3838 est
1447 3783 1606 3852 cujus
1652 3781 1828 3852 gratia
1854 3778 2061 3850 aliquid

479 3879 779 3949 perﬁcitur,
808 3878 894 3932 vel
926 3877 1105 3933 ﬁnalis
1133 3891 1301 3930 causa
1325 3885 1409 3931 est
1432 3891 1553 3946 qua:
1584 3875 1654 3929 ab
1680 3873 1876 3928 clfectu
1911 3888 2062 3942 sepa-

2157 2042 2232 2106 ὡς
2276 2041 2410 2112 ἔφην
2459 2038 2689 2095 ἕκαστον
2731 2037 2832 2111 ζῇν
2873 2041 2969 2095 καὶ
2998 2042 3134 2112 μετά
3165 2041 3261 2095 τοῦ
3297 2042 3419 2096 ὅλου
3457 2045 3740 2113 κινητικῶς

2156 2135 2225 2189 τά
2261 2135 2401 2207 μέρη
2435 2133 2572 2206 μετὰ
2597 2133 2705 2187 τῶν
2734 2133 3060 2199 καθολικῶν,
3083 2134 3267 2208 γνώσῃ
3298 2133 3393 2189 τοῦ
3417 2136 3627 2199 παντὸς
3654 2137 3736 2205 rip

2158 2229 2238 2291 εἰς
2273 2228 2338 2304 τὸν
2378 2225 2437 2281 ἓν
2490 2227 2767 2298 συμφυΐαν
2797 2244 2858 2280 τε
2888 2227 2984 2281 καὶ
3017 2226 3242 2299 σύζησιν
3265 2268 3280 2293 ,
3315 2228 3410 2283 καὶ
3437 2227 3537 2301 τὴν
3575 2227 3655 2291 εἰς
3691 2235 3748 2289 τδ

2159 2317 2382 2390 πλῆθος,
2415 2319 2488 2382 ὡς
2519 2319 2752 2373 ἑκάστου
2780 2321 3112 2394 προσφόρως
3131 2338 3190 2374 τε
3225 2321 3317 2374 καὶ
3352 2321 3498 2384 ἰδίως
3524 2319 3742 2386 ζῶντος,

2157 2409 2232 2473 ὡς
2265 2409 2491 2481 ἔφημεν.
2528 2412 2638 2468 Καὶ
2677 2412 2840 2466 πάλιν
2884 2415 2932 2466 εἰ
2985 2410 3046 2477 ὲξ
3094 2413 3214 2477 ἐνὸς
3263 2415 3360 2466 καὶ
3393 2413 3560 2486 μόνου
3609 2414 3742 2467 Θεοῦ

2156 2499 2226 2553 τὰ
2253 2501 2430 2556 πάντα
2449 2542 2464 2567 ,
2506 2503 2732 2566 εἰκότως
2760 2499 2854 2557 καί
2887 2503 2944 2558 ἓν
2972 2503 3221 2572 λέγονται
3253 2504 3340 2558 διὰ
3371 2507 3470 2576 τὴν
3507 2507 3744 2561 σύνδεσιν

2159 2594 2253 2647 καὶ
2285 2591 2578 2666 ἁρμονίαν,
2613 2596 2708 2649 καὶ
2742 2595 2945 2668 πλῆθος
2995 2595 3083 2650 διὰ
3116 2595 3214 2668 τὴν
3261 2597 3604 2654 πολυείδειαν
3647 2599 3742 2652 τῶν

2160 2684 2286 2739 καθ’
2320 2685 2573 2741 ἕκαστον.

2234 2871 2300 2922 Οἱ
2327 2869 2471 2937 ὅροι.
2510 2869 2663 2940 Ὅροι
2689 2867 2827 2922 εἰσὶν
2858 2870 2906 2921 οἱ
2937 2867 3319 2940 ὲρμηνευτικοὶ
3345 2867 3494 2936 λόγοι
3525 2869 3628 2939 τῆς
3647 2868 3734 2922 οὐ·

2161 2961 2282 3025 σίας
2315 2961 2544 3014 ἑκάστου
2569 2959 2677 3014 τῶν
2713 2961 3082 3032 πραγμάτων,
3123 2959 3216 3012 καὶ
3244 2958 3339 3012 τοῦ
3372 2959 3564 3028 γένους
3585 2999 3602 3026 ,
3637 2961 3726 3014 καὶ

2157 3052 2259 3124 τῆς
2288 3053 2570 3125 διαφορᾶς,
2601 3053 2694 3106 καὶ
2716 3051 2776 3105 τὸ
2797 3049 2850 3104 τί
2881 3053 2997 3105 ἐστι
3029 3050 3332 3124 δηλοῦντες.

2247 3233 2426 3303 Ἀρχὴ
2462 3232 2986 3304 πῳαδειγματική.
3015 3232 3529 3305 Παραδειγματικὸν
3559 3233 3743 3299 αἴτιον,

2160 3325 2278 3399 ἤτοι
2321 3326 2463 3398 ἀρχή
2518 3328 2632 3380 ὲστι
2673 3326 2770 3380 τοῦ
2827 3324 2964 3398 πρὸς
3010 3325 3039 3378 6
3090 3324 3302 3395 γίνεται
3344 3318 3742 3398 τὸγινόμενονο

2158 3417 2316 3471 τοῦτο
2347 3417 2405 3472 δέ
2445 3420 2592 3472 ἐστιν
2621 3417 2655 3490 ἦ
2701 3417 2814 3472 ἰδέα
2833 3458 2848 3481 ,
2897 3418 3020 3488 ἥτις
3052 3417 3170 3470 ἐστὶ
3201 3417 3387 3490 νόησις
3416 3414 3741 3490 αὐτοτελὴς,

2160 3509 2327 3574 ἀΐδιος
2343 3509 2437 3563 τοῦ
2460 3510 2631 3564 ἀϊδίου
2650 3509 2784 3565 Θεοῦ
2801 3527 2814 3540 ’
2839 3509 2872 3580 ἢ
2895 3508 3244 3581 παράδειγμα
3272 3509 3488 3563 αἰώνιον
3514 3509 3743 3573 ἐνεστὼς

2159 3605 2226 3675 τῇ
2273 3602 2469 3674 φύσει,
2517 3601 2656 3674 πρὸς
2687 3602 2716 3656 6
2747 3601 2956 3672 γίνεται
3009 3602 3080 3656 τά
3123 3603 3418 3674 γινόμενα·
3471 3600 3744 3674 ἀσώματοι

2159 3696 2270 3768 γὰρ
2327 3698 2384 3750 αἱ
2437 3695 2574 3750 ἰδέαι
2612 3697 2710 3750 καὶ
2730 3694 2799 3749 τά
2831 3695 3254 3767 παραδείγματα
3273 3711 3286 3725 ·
3334 3695 3548 3748 τελικὸν
3578 3695 3635 3748 δὲ
3661 3694 3743 3748 al-

2160 3807 2272 3844 τιον
2291 3829 2306 3853 ,
2336 3790 2457 3860 ἦτοι
2492 3790 2634 3861 ἀρχή
2665 3790 2845 3854 ἐστιν,
2881 3788 2944 3842 τὸ
2975 3783 3036 3842 οὗ
3065 3788 3230 3841 ἓνεκα
3263 3786 3323 3840 τὸ
3351 3788 3634 3859 γινόμενον
3660 3805 3741 3842 τι·

2161 3880 2428 3934 λειοῦται·
2465 3875 2740 3951 ἢτελικὸν
2793 3879 2966 3934 αἴτιόν
3005 3881 3184 3944 ἐστιν,
3226 3878 3255 3930 6
3295 3877 3596 3950 ἀχώριστόν
3637 3881 3741 3932 ἐστι

477 3970 589 4025 rari
639 3970 870 4040 nequit,
912 3979 1006 4024 aut
1038 3984 1103 4023 ex
1130 3983 1238 4038 qua
1271 3967 1574 4022 exsistente
1616 3967 1824 4036 aliquid
1862 3965 1954 4030 iit,
2002 3973 2059 4020 ut

2169 3973 2256 4027 τοῦ
2285 3969 2754 4042 ἀποτελέσματος·
2783 3971 2818 4042 ἢ
2851 3970 2909 4038 ἐξ
2941 3963 3003 4024 οὗ
3026 3969 3426 4042 ἐνυπάρχοντος
3451 3969 3660 4039 γίνεται
3685 3969 3741 4024 τὸ

478 4064 860 4120 universorum
892 4065 1148 4117 materia.
1202 4059 1348 4117 Deus
1378 4075 1509 4116 vero
1538 4060 1678 4115 hanc
1724 4059 1890 4114 etiam
1933 4074 2063 4131 pro-

478 4156 668 4222 duxit;
697 4154 938 4210 eliiciens
966 4163 1150 4208 autem
1183 4168 1351 4208 causa
1379 4162 1463 4209 est
1493 4169 1614 4224 quae
1643 4152 1712 4207 ab
1731 4150 1928 4208 eﬂ‘ectu
1975 4166 2061 4207 se-

479 4253 672 4317 parata
697 4253 804 4312 est,
842 4252 902 4299 ut
932 4244 1077 4300 Deus
1103 4252 1156 4300 ct
1192 4245 1372 4300 omnis
1398 4260 1428 4299 a
1455 4260 1566 4315 quo
1595 4245 1798 4315 aliquid
1827 4243 1904 4299 lit.

555 4423 626 4478 Et
682 4424 862 4479 omnia
914 4440 1032 4495 quo:
1077 4441 1180 4478 non
1238 4432 1382 4477 sunt.
1438 4422 1722 4490 Quomodo
1769 4439 1892 4494 quae
1953 4439 2063 4480 non

484 4525 616 4572 sunt
655 4517 764 4571 sint
791 4516 844 4570 in
887 4515 1050 4582 bono,
1083 4517 1157 4570 ita
1188 4516 1471 4589 intellige:
1504 4518 1762 4574 nimirum
1791 4518 1920 4589 quia
1951 4519 2065 4590 pri-

2163 4064 2468 4135 γινόμενον,
2497 4063 2575 4125 ὼς
2603 4063 2637 4132 ή
2665 4062 2773 4116 τῶν
2793 4061 2930 4116 ὅλων
2957 4060 3058 4131 ὕλη
3082 4077 3095 4091 ⁸
3132 4061 3162 4114 6
3189 4061 3244 4115 δὲ
3273 4059 3406 4123 Θεὸς
3427 4059 3523 4114 καὶ
3549 4060 3740 4132 ταύτην

2166 4159 2483 4230 παρήγαγεο
2521 4155 2804 4226 ποιητικὸν
2832 4155 2888 4210 δὲ
2924 4154 3097 4208 αῐτιόν
3129 4155 3246 4207 ἐστι
3299 4154 3362 4207 τὸ
3412 4160 3737 4226 κεχωρισμεο

2163 4268 2252 4304 νον
2285 4249 2380 4305 τοῦ
2411 4248 2851 4319 ἀποτελέσματος
2872 4289 2888 4314 ,
2919 4247 2996 4311 ὡς
3027 4248 3058 4300 6
3087 4245 3224 4311 Θεὸς
3249 4287 3264 4312 ,
3294 4247 3388 4300 καὶ
3423 4249 3532 4310 πᾶς
3564 4248 3652 4316 ὑφ’
3685 4240 3739 4300 οὗ

2165 4342 2370 4411 γίνεται
2398 4341 2460 4395 τὸ
2488 4341 2791 4411 γινόμενον.

2234 4434 2347 4488 Καὶ
2372 4433 2572 4487 πάντα
2603 4433 2676 4487 τὰ
2703 4434 2817 4488 οὐκ
2849 4434 3012 4487 ὄντα.
3047 4433 3173 4497 Πῶς
3199 4432 3269 4488 τά
3303 4431 3378 4505 μὴ
3404 4433 3535 4486 ὄντα
3580 4434 3638 4486 ὲν
3667 4432 3738 4504 τῷ

2167 4525 2388 4596 ἀγαθῷ,
2435 4524 2579 4580 οὕτω
2622 4524 2842 4596 νόησονο
2888 4525 3075 4598 ἐπειδὴ
3103 4527 3157 4580 αἰ
3201 4528 3484 4600 στερήσεις
3515 4529 3573 4582 ὲν
3601 4527 3737 4598 αὑτῷ
3824 4583 3825 4590 η

484 4611 734 4664 vationes
761 4615 890 4664 sunt
917 4609 972 4662 in
1003 4609 1123 4685 ipso
1152 4604 1676 4683 superessentiales;
1717 4626 1895 4681 neque
1918 4612 2059 4666 enim

2169 4619 2306 4670 εἰσιν
2345 4617 2714 4688 ὑπερουσίως·
2759 4616 2884 4671 οὔτε
2914 4617 3025 4690 γὰρ
3071 4618 3138 4673 ἂν
3167 4618 3378 4691 εἴποιμι
3423 4620 3611 4674 οὐσίαν
3652 4619 3736 4692 τὴν

485 4702 845 4774 privationem
878 4701 1109 4756 dixerim
1157 4718 1281 4758 esse
1329 4703 1694 4758 substantiam
1715 4742 1731 4768 ,
1766 4704 1914 4758 velut
1945 4703 2063 4760 sine

485 4793 779 4865 principio,
814 4792 1273 4863 incorruptibilis,
1309 4794 1633 4850 immortalis
1662 4805 1716 4850 et
1760 4810 1881 4865 qua:
1908 4796 2060 4866 ejus-

485 4887 668 4956 n‘lodi;
701 4903 878 4958 neque
901 4887 1045 4943 enim
1080 4885 1224 4942 Deus
1266 4895 1351 4945 est
1377 4884 1520 4941 idem
1563 4902 1688 4940 cum
1720 4887 1861 4956 illis,
1887 4903 2068 4960 quan-_

2172 4710 2446 4783 στέρησιν,
2477 4704 2588 4771 οἷον
2613 4710 2870 4783 ἄναρχος,
2893 4711 3189 4784 ἄφθαρτος,
3219 4712 3505 4777 ἀθάνατος,
3532 4714 3626 4766 καὶ
3651 4716 3736 4766 ὅσα

2168 4802 2395 4857 τοιαῦτα
2421 4803 2540 4856 ὲστι
2559 4818 2573 4832 ο
2619 4804 2712 4856 καὶ
2739 4801 2849 4874 γὰρ
2880 4802 2980 4856 οὐκ
3021 4802 3136 4857 ἔστι
3167 4803 3343 4859 ταῦτα
3369 4805 3398 4863 ὀ
3425 4805 3556 4869 Θεὸς
3579 4845 3594 4867 ,
3629 4807 3736 4859 ἐπεὶ

2170 4896 2264 4950 καὶ
2287 4894 2392 4966 πρὸ
2407 4893 2612 4948 τούτων
2644 4893 2820 4947 ἐστιν·
2846 4893 2905 4959 ἐξ
2936 4894 3102 4948 αὐτοῦ
3129 4894 3239 4968 γὰρ
3267 4894 3533 4968 ἐγνώσθη,
3554 4897 3607 4950 τί
3634 4899 3734 4950 ἐστι

486 4981 780 5054 doquidem
811 4990 939 5036 ante
967 4995 1031 5036 ea
1062 4980 1325 5044 exsistat;
1359 4994 1423 5034 ex
1456 4978 1578 5050 ipso
1607 4979 1752 5034 enim
1784 4981 2059 5052 cognitum

2169 4986 2372 5041 ταῦτα·
2417 4986 2512 5040 καὶ
2537 4986 2668 5056 γοῦν
2701 4985 2822 5039 οὐδὲ
2847 4987 2900 5040 τι
2928 4987 3029 5040 οὐκ
3071 4986 3218 5041 ἐστιν
3249 4988 3278 5041 6
3309 4987 3442 5052 Θεὸς
3484 4989 3740 5058 γινώσκο-

486 5083 573 5130 est
621 5073 752 5145 quid
783 5074 898 5128 haec
928 5081 1087 5138 sunt;
1159 5071 1411 5142 equidem
1451 5087 1628 5142 neque
1676 5072 1808 5144 quid
1841 5089 1951 5130 non
1994 5075 2066 5130 sit

2175 5097 2273 5151 μεν
2291 5095 2305 5108 ’
2324 5079 2362 5150 ,ἢ
2390 5078 2508 5142 πῶς
2532 5079 2768 5151 ἀρρητος
2793 5079 2886 5134 καὶ
2911 5078 3295 5152 ἀκατάληπτος
3313 5097 3328 5112 °
3351 5081 3412 5138 οὒ
3441 5081 3552 5154 γὰρ
3579 5084 3733 5139 ταῦτα

490 5165 636 5222 Deus
693 5167 849 5236 137
880 5166 1193 5230 noscimus,
1225 5165 1312 5220 vel
1347 5166 1618 5235 quomodo
1652 5166 1971 5237 ineffabilis,
2011 5180 2059 5225 et

2171 5171 2313 5243 ἀρχὴ
2343 5169 2508 5224 αὑτοῦ
2526 5209 2542 5235 ,
2576 5170 2690 5224 ἀλλ’
2721 5171 2780 5238 ἐξ
2806 5170 2971 5224 αὐτοῦ
2988 5189 3002 5202 ·
3031 5173 3196 5236 αὐτὸς
3221 5169 3314 5227 οὖν
3340 5174 3548 5228 καὶτοῦ
3583 5177 3727 5249 μηδεν

489 5257 1092 5329 incomprehensibilis;
1131 5274 1236 5313 non
1268 5259 1410 5314 enim
1451 5259 1562 5314 lucc
1599 5268 1727 5315 sunt
1762 5262 1882 5330 ejus
1911 5264 2066 5332 prin-

2169 5263 2257 5327 νὸς
2297 5263 2468 5327 αἴτιος
2510 5264 2727 5319 πάντων
2753 5264 2918 5319 αὐτοῦ
2960 5266 3202 5338 ὑστέρων
3231 5265 3432 5330 ὄντων,
3473 5268 3612 5322 κατά
3647 5270 3731 5339 τὴν

492 5349 727 5420 cipium,
759 5350 855 5408 sed
883 5367 949 5406 ex
977 5351 1098 5422 ipso
1127 5365 1140 5402 :
1175 5351 1291 5421 ipse
1340 5351 1506 5421 igitur
1530 5357 1691 5406 etiam
1722 5354 1896 5425 ipsius
1929 5357 2059 5411 nihil

2169 5353 2262 5407 τοῦ
2286 5350 2423 5407 εἶναι
2454 5357 2549 5410 καὶ
2583 5357 2658 5428 μὴ
2683 5351 2822 5409 εἶναι
2853 5358 3032 5412 αἰτίαν
3048 5375 3061 5388 ·
3086 5359 3180 5412 καὶ
3207 5358 3319 5431 γὰρ
3347 5359 3479 5413 αὐτὸ
3497 5359 3557 5413 τὸ
3582 5361 3730 5432 μηδὲ»

490 5449 578 5496 est
604 5453 817 5509 auctor,
846 5460 971 5500 cum
1005 5442 1118 5499 sint
1149 5443 1332 5498 omnia
1363 5443 1456 5498 illo
1479 5441 1816 5512 posteriora,
1865 5463 2068 5510 secun-

2171 5446 2423 5518 στέρησίς
2449 5447 2626 5500 ἐστιν·
2655 5447 2766 5518 ἔχει
2798 5448 2908 5521 γὰρ
2936 5452 2997 5503 τὸ
3024 5445 3164 5505 εἶναι
3208 5450 3298 5504 διά
3325 5451 3386 5505 τὸ
3412 5451 3584 5525 μηδὲν,
3607 5448 3728 5505 εἶναι

491 5535 621 5592 dum
665 5535 962 5593 exsistendi
1008 5545 1062 5592 et
1109 5551 1218 5590 non
1262 5534 1563 5591 exsistendi
1613 5552 1836 5594 causam
1874 5556 1889 5592 :
1941 5555 2059 5594 nam

2170 5540 2277 5594 τῶν
2305 5541 2503 5594 ὄντων·
2553 5543 2647 5595 καὶ
2679 5541 2754 5611 μὴ
2799 5541 2875 5596 ῶν
2905 5543 3020 5595 ἐστι
3059 5542 3144 5597 διὰ
3171 5541 3233 5596 τὸ
3256 5539 3397 5599 εῖναι
3445 5554 3539 5599 και
3575 5545 3728 5614 ὑπερ-

1421 5732 1656 5790 νΑιιιΑε
1697 5734 2085 5794 LECTIONES
2116 5735 2204 5794 ET
2240 5735 2791 5796 CORRECTIONES.

577 5900 622 5932 “
649 5901 724 5964 ὼς
750 5902 859 5956 καί.
