3872 6546
135 427 217 482 est
832 423 890 476 δ.
931 412 1178 475 uatum
1233 412 1529 477 SCHOLIA
1561 421 1626 473 llV

1763 421 1798 473 ἰ.
1838 418 1925 472 Μ.
1963 418 2216 476 DlVlNlS
2261 420 2662 480 NOMINIBUS.
3251 425 3359 484 261

134 548 263 606 εἰναι,
290 542 455 596 πάντα
477 539 574 605 ῶν,
593 538 668 603 ὡς
694 527 942 610 ποιητὴς,
966 539 1061 592 καὶ
1093 537 1257 610 μηδὲν
1285 538 1380 601 ῶν,
1411 538 1489 601 ὡς
1512 539 1647 608 ὑπερ

1783 539 1962 608 ipsum
2010 539 2184 602 nihil,
2215 547 2296 593 est
2340 540 2574 608 privatio
2608 559 2621 594 :
2653 540 2817 594 habet
2843 541 2988 596 enim
3029 557 3184 606 esse,
3218 543 3356 598 nihil

135 633 346 707 ϐεϐηκώς
364 651 376 664 ⁸
411 633 606 705 μᾶλλον
631 632 688 686 δὲ
720 632 814 685 καὶ
845 630 1343 702 ὑπεραναϐεϐηκὼς
1371 631 1466 683 καὶ
1497 632 1647 700 ὑπερ·

1773 646 1964 685 eorum
1994 646 2115 699 quae
2150 640 2281 686 sunt
2305 633 2640 697 exsistendo,
2667 641 2722 687 et
2745 634 2882 688 nihil
2909 644 2994 690 est
3019 649 3144 690 cum
3170 643 3354 690 tamen

133 729 281 791 ούσιος
304 727 391 779 ῶν.
428 724 723 795 Ἀνάγνωθι
762 725 858 778 καὶ
889 726 946 776 ὲν
971 723 1049 794 τῷ
1078 725 1329 796 προτέρῳ
1361 724 1544 794 φύλλῳ
1568 723 1647 794 τὴε

1775 725 1848 778 sit
1865 723 2181 779 exsistendo
2199 732 2252 777 et
2269 740 2433 794 supra
2450 726 2786 790 exsistendo,
2807 727 3083 784 exsistens
3095 729 3280 783 omnia
3297 736 3358 782 ut

134 821 244 891 ἐμὴν
269 819 624 891 παραγραφὴν
655 817 780 889 περὶ
807 815 901 868 τοῦ
936 815 1010 886 μὴ
1044 815 1214 879 ὄντος.

1774 823 2020 879 creator,
2052 824 2108 870 et
2162 816 2299 870 nihil
2342 817 2617 871 exsistens
2668 825 2729 872 ut
2767 819 3204 884 trauscendens;
3246 820 3354 876 imo

135 915 281 982 potius
307 911 862 983 supertranscendens
891 920 947 966 et
974 910 1451 982 superesseutialis
1500 910 1796 966 exsisteus.
1831 909 1975 982 Lege
2031 911 2195 966 etiam
2245 911 2306 965 iu
2335 912 2507 982 priori
2539 912 2672 968 folio
2697 929 2873 970 meam
2927 915 2997 970 de
3058 930 3171 969 non
3227 921 3350 969 ente

133 1006 543 1062 observationem.

185 1097 276 1150 Kal
318 1096 385 1150 τὰ
425 1096 580 1162 ἥττω
624 1095 743 1149 τῶν
787 1097 1156 1164 κρειττόνων.
1200 1095 1537 1166 Παρέγραψα
1575 1097 1647 1148 κα

1846 1093 1916 1148 Et
1974 1095 2232 1164 inferiora
2285 1081 2579 1163 superiore.
2623 1097 2890 1151 Adnotavi
2928 1113 3144 1168 quoque
3184 1113 3354 1169 supra

131 1191 217 1242 ἄνω
253 1187 306 1240 τὸ
343 1188 520 1258 ὅμοιον
565 1189 623 1240 ἐν
667 1187 746 1258 τῷ
788 1187 990 1258 πρώτῳ
1031 1187 1329 1258 κεφαλαίῳ,
1362 1188 1444 1240 ὅτι
1483 1188 1569 1240 ἀεὶ
1600 1188 1647 1240 τέ

1773 1187 1830 1240 in
1877 1189 2054 1257 primo
2103 1187 2282 1257 capite
2324 1187 2531 1258 aliquid
2565 1188 2764 1254 simile,
2793 1189 3054 1242 nimirum
3091 1189 3352 1245 inferiora

131 1277 456 1348 ὑποϐεϐηκότα
489 1279 862 1350 ἐπέστραπται
892 1280 1030 1350 πρὸς
1071 1278 1140 1331 τὰ
1170 1278 1560 1349 ὑπερκείμενα,
1590 1279 1647 1338 ὡς

1772 1293 1988 1350 semper
2023 1281 2270 1334 converti
2291 1281 2369 1334 ad
2401 1281 2710 1350 superiora,
2733 1289 2792 1336 ut
2823 1297 2944 1352 qua:
2973 1282 3041 1336 ab
3073 1283 3182 1337 illis
3213 1298 3350 1338 eon-

131 1371 200 1422 ὑπ’
222 1370 424 1423 ἐκείνων
455 1371 816 1442 περιεχόμενα
845 1370 939 1424 καὶ
969 1369 1342 1442 προνοούμενα
1365 1385 1379 1397 ο
1415 1386 1647 1423 κοινωνιι

1773 1371 2053 1426 tineantur
2089 1383 2144 1428 et
2185 1381 2615 1440 conserventur;
2649 1375 3014 1428 communiter
3043 1386 3221 1428 autem
3254 1390 3352 1442 pa-
3390 1358 3395 1365 ’

130 1464 215 1526 κῶς
239 1463 286 1516 δὲ
311 1463 374 1516 τὰ
399 1463 692 1534 ὁμέστοιχα
714 1463 822 1516 τῶν
849 1462 1156 1534 ὁμοταγῶν,
1176 1463 1269 1515 καὶ
1288 1460 1472 1525 ἁπλῶς
1489 1462 1647 1516 πάντα

1768 1463 1849 1518 ria
1868 1471 2052 1517 amant
2067 1463 2243 1534 paria,
2262 1471 2318 1519 et
2339 1464 2591 1520 absolute
2616 1467 2798 1520 omnia
2814 1466 3048 1521 invicem
3067 1475 3120 1520 et
3146 1467 3350 1536 seipsa;

129 1554 325 1626 ἀλλήλων
367 1556 458 1608 καὶ
504 1555 685 1608 αὐτῶν
703 1554 747 1584 ⁸⁸
780 1555 900 1626 ἐρᾷ.
938 1553 1156 1626 [Ἀλλὰ]
1188 1554 1282 1606 καὶ
1315 1556 1343 1608 ὀ
1371 1553 1504 1617 Θεὸς
1530 1554 1647 1608 πάν-

1766 1553 1994 1625 ipseque
2058 1555 2202 1611 Deus
2267 1562 2413 1610 amat
2464 1558 2744 1625 universa,
2802 1567 2861 1614 ut
2916 1559 3098 1613 omnia
3153 1557 3352 1615 ellicnat

128 1665 209 1700 των
236 1649 342 1720 ἐρᾷ,
374 1649 456 1700 ἵνα
486 1648 555 1702 τὰ
588 1648 764 1702 πάντα
791 1647 973 1717 ἀγαθὰ
1003 1647 1224 1718 ποιήσῃ.
1762 1647 1926 1704 bona.

180 1739 343 1806 Αὐτὸς
368 1741 473 1808 γὰρ
502 1743 535 1794 ό
564 1740 944 1810 ἀγαθοεργός.
986 1737 1326 1808 Θαυμαστῶς
1366 1737 1535 1807 λέγει,
1576 1739 1647 1792 ὅτι

1836 1734 1957 1804 Ipse
1985 1739 2123 1792 enim
2163 1738 2398 1809 bonifew.
2441 1739 2760 1796 Mirabiliter
2779 1741 2944 1806 dicit,
2973 1741 3175 1796 bonum
3204 1756 3350 1797 amo-

130 1830 290 1899 ἀγαθδς
315 1831 468 1903 ἔρως,
504 1834 563 1885 ὲν
593 1831 670 1903 τῷ
697 1831 888 1902 ἀγαθῷ
919 1831 1309 1902 προῦπάρχων,
1340 1831 1440 1882 οὐκ
1456 1829 1647 1900 ἐμεινεη

1765 1843 1901 1892 rem,
1930 1829 1988 1882 in
2036 1830 2181 1885 bono
2225 1833 2713 1901 praeexsistentem,
2745 1849 2852 1887 non
2887 1834 3159 1888 mansisse
3184 1832 3349 1888 infm-

128 1920 298 1991 ἄγονος,
323 1924 429 1978 ἀλλ’
458 1925 644 1994 ἔτεκεν
664 1928 795 1996 ἡμῖν
815 1923 905 1977 τὸν
935 1922 1138 1992 ἀγαθὸν
1167 1922 1366 1993 ἔρωτα,
1395 1921 1462 1975 δι’
1483 1922 1542 1976 ὃν
1568 1921 1647 1975 τοί

1765 1921 2028 1988 cundum,
2061 1923 2156 1977 sed
2204 1922 2406 1977 bonum
2455 1925 2732 1994 peperisse
2763 1939 3028 1990 amorem,
3057 1941 3154 1995 per
3180 1941 3346 1995 quem

128 2014 259 2068 καλοῦ
283 2015 368 2070 καὶ
392 2016 600 2085 ἀγαθοῦ
632 2015 912 2086 ἐφιέμεθα·
951 2015 1252 2088 πρακτικὸν
1276 2015 1390 2088 γὰρ
1419 2017 1512 2070 καὶ
1538 2033 1647 2085 γεν-

1765 2012 2054 2081 pulchrqu
2088 2023 2142 2068 et
2171 2013 2371 2068 bonum
2405 2017 2746 2086 appetimus;
2775 2016 2958 2070 divina
2983 2018 3126 2070 enim
3149 2027 3345 2072 natura

127 2107 300 2175 νητικὸν
327 2107 383 2160 τὸ
409 2108 560 2162 Θεῖον
591 2107 734 2162 κατὰ
761 2106 821 2160 τὸ
848 2107 1134 2179 εἰρημένον
1156 2123 1170 2138 ο
1215 2107 1270 2160 '0
1303 2109 1508 2180 Πατήρ
1539 2127 1647 2178 μοι

1763 2113 2023 2176 operatur
2059 2114 2114 2161 et
2154 2117 2401 2178 generat,
2435 2108 2593 2178 juxta
2643 2110 2776 2163 illud
2812 2109 3150 2180 Scriptura:
3182 2110 3347 2165 Pater

127 2197 206 2263 ἓως
231 2200 341 2267 ἄρτι
364 2200 684 2271 ἐργάζεται,
715 2200 877 2271 κάγὼ
909 2199 1235 2270 ἐργάζομαι.
1265 2199 1576 2273 Σημείωσαι
1605 2203 1647 2256 δὲ

1763 2210 1908 2250 meus
1948 2209 2109 2266 usque
2150 2198 2305 2252 modo
2337 2208 2606 2267 operatur,
2633 2209 2682 2253 et
2719 2215 2810 2269 ego
2834 2213 3079 2268 opera".
3108 2200 3247 2256 Nota
3275 2217 3346 2257 ex

128 2290 326 2343 ἐντεῦθεν
367 2292 577 2365 κίνησιν
607 2289 756 2346 θείαν
775 2311 790 2324 ο
822 2295 850 2346 ὁ
880 2294 989 2364 γὰρ
1013 2293 1348 2365 ἀγαθοεργὺς
1379 2294 1520 2366 ἔρως
1547 2295 1647 2349 ἐκί-

1763 2284 1865 2340 hoc
1894 2287 2015 2341 loco
2043 2287 2283 2342 divinam
2327 2291 2641 2354 motionem,
2688 2307 2812 2344 nam
2842 2307 2996 2345 amor
3018 2292 3146 2347 boni
3173 2309 3346 2348 causa

126 2399 226 2452 νησε
259 2383 312 2436 τὸ
353 2383 488 2438 θεῖον
529 2388 612 2450 εἰς
656 2385 932 2458 πρόνοιαν,
962 2388 1042 2450 εἰς
1080 2387 1338 2440 σύστασιν
1365 2387 1542 2459 ἡμῶν,
1572 2389 1647 2442 ἵνα

1763 2379 1926 2433 movit
1953 2379 2296 2436 divinitatem
2332 2383 2398 2435 ad
2429 2382 2850 2451 providentiam,
2878 2384 2945 2438 ad
2976 2385 3150 2439 nostri
3186 2400 3345 2441 crea-

129 2475 198 2527 καὶ
231 2477 509 2547 πρακτικὸν
639 2477 974 2548 κινούμενον,
1009 2478 1102 2531 καὶ
1133 2478 1206 2550 μὴ
1239 2479 1398 2553 μείνῃ
1427 2480 1647 2548 ἂὶγονον⁴

1763 2470 1985 2538 tionem,
2016 2479 2076 2526 ut
2127 2474 2290 2528 etiam
2337 2482 2659 2545 Operaretur
2709 2476 2804 2546 qui
2851 2476 3196 2541 movebatur,
3239 2493 3342 2533 nec

126 2565 174 2618 ὲκ
206 2567 370 2622 τούτου
397 2569 607 2641 νοήσεις
630 2566 723 2622 καὶ
765 2567 844 2632 τὸ,
872 2569 1136 2638 μονάδος
1144 2568 1262 2639 μὲν
1290 2571 1647 2638 κινηθείσης1

1763 2572 2066 2619 remaneret
2113 2565 2349 2630 sterilis;
2388 2582 2454 2622 ex
2505 2566 2610 2621 hoc
2649 2567 2921 2640 intelliges
2965 2568 3131 2624 etiam
3184 2569 3340 2635 illud,

127 2661 197 2711 καὶ
232 2660 291 2714 τὰ
331 2661 450 2732 ἑξῆς
497 2659 764 2732 εἰρημένα
812 2659 891 2732 τῷ
919 2659 1152 2731 θεολόγῳ
1180 2660 1464 2733 Γρηγορίῳ
1491 2663 1550 2715 ὲν
1579 2662 1647 2734 τᾷ

1763 2656 1984 2710 monade
2024 2657 2233 2727 quidem
2279 2668 2463 2723 mota;
2497 2667 2550 2714 et
2585 2676 2704 2730 qua
2733 2659 2991 2731 deinceps
3019 2661 3278 2717 dicuntur
3309 2677 3342 2718 a

128 2750 288 2823 πρώτῳ
313 2753 432 2825 περὶ
460 2747 617 2806 Υἱοῦ.

1763 2745 1944 2801 divino
1979 2745 2245 2817 Gregorio
2276 2749 2331 2802 in
2362 2749 2542 2819 primo
2571 2751 2639 2806 de
2667 2750 2826 2807 Filio.

1827 2836 2124 2892 Generandi
2170 2840 2556 2896 excellentiam.
2601 2841 2656 2897 Id
2706 2855 2815 2913 est,
2851 2854 3159 2900 creaturam
3213 2863 3342 2919 pro-

124 2934 302 3003 ἠγαγεν,
357 2936 494 2991 ὥστε
550 2937 679 3009 περὶ
717 2937 889 3009 αὐτὴν
944 2936 1014 2991 τὰ
1063 2937 1163 3008 τῆς
1205 2937 1498 3010 ἀγαπητῆς
1539 2940 1647 2993 ὲπι-

1763 2929 1933 2996 duxit,
1962 2938 2022 2985 ut
2049 2931 2198 2986 circa
2224 2932 2397 3003 ipsam
2428 2935 2679 2992 amabilis
2711 2939 2969 2994 motionis
2997 2939 3171 2993 ollicia
3200 2956 3344 3012 pra-

125 3024 378 3082 δείκνυσθαι
406 3031 698 3102 κινήσεως.

1763 3032 1946 3080 staret.

177 3117 298 3189 §X~L
329 3122 431 3175 Καὶ
453 3121 540 3191 μή
566 3138 656 3188 τις
686 3120 844 3191 ἡμᾶς
857 3122 1088 3176 οἰέσθω.
1131 3123 1447 3195 Σημείωσαι
1479 3124 1560 3177 ὅτι
1593 3122 1647 3178 οὗ

1828 3116 1856 3190 §
1889 3117 1980 3173 XI.
2026 3118 2206 3191 Neque
2249 3137 2368 3176 vero
2404 3139 2499 3176 nos
2545 3123 2823 3193 quisquam
2853 3133 3017 3191 putet.
3059 3123 3196 3179 Nota
3224 3125 3342 3182 dis-

124 3206 182 3259 δεῖ
201 3210 256 3262 τὰ
284 3212 683 3283 ἀπεμφαίνοντα
714 3213 952 3286 ὀνόματα
992 3214 1168 3283 λέγειν
1215 3215 1366 3286 [περὶ
1394 3211 1576 3287 Θεοῦ],
1607 3217 1647 3268 εἰ

1763 3217 2025 3265 sentanea
2053 3211 2274 3265 nomina
2302 3227 2412 3267 non
2455 3227 2578 3268 esse
2625 3213 3031 3284 pronuntianda
3064 3213 3153 3286 [de
3182 3213 3338 3289 Deo],

126 3301 180 3371 μή
203 3319 254 3371 γε
280 3307 364 3358 καὶ
389 3307 443 3358 ὲν
471 3305 595 3377 θεία
623 3305 944 3378 ὲμφέροιντο
973 3303 1184 3379 Γραφῇ,
1220 3308 1296 3370 ὼς
1322 3307 1418 3361 καὶ
1445 3306 1539 3361 νῦν
1570 3325 1647 3360 πε·

1764 3301 1868 3357 nisi
1899 3302 1956 3356 in
1986 3299 2274 3372 Scriptura
2317 3305 2682 3374 reperiantur,
2714 3305 2857 3360 sicut
2887 3307 3051 3362 etiam
3083 3309 3245 3364 modo
3271 3309 3343 3366 de

126 3394 165 3459 ρὶ
201 3394 371 3466 ἔρωτός
413 3415 544 3469 φησι
570 3415 583 3427 ο
617 3399 712 3450 καὶ
753 3398 835 3450 ὅτι
880 3399 940 3451 οὺ
979 3399 1084 3470 χρὴ
1115 3399 1402 3470 προσέχειν
1427 3399 1647 3464 λέξεσιν,

1763 3409 1948 3450 amore
1967 3394 2122 3456 dicit,
2139 3411 2318 3466 neque
2333 3395 2601 3453 dictiones
2625 3397 3039 3459 attendendum,
3061 3400 3154 3455 sed
3174 3399 3339 3457 ﬁnem

255 3491 312 3560 τῇ
353 3489 575 3562 δυνάμει
603 3489 697 3544 τοῦ
731 3489 940 3545 σκοποῦ
962 3507 975 3521 ο
1028 3489 1189 3555 θείως
1219 3491 1326 3564 γὰρ
1354 3492 1493 3546 αὐτὰ
1519 3491 1647 3558 διέξ-

1763 3487 2128 3543 institutionis
2155 3504 2377 3556 earum;
2409 3489 2591 3545 divine
2621 3490 2768 3556 enim
2798 3491 2916 3561 ipsa
2949 3491 3192 3562 exponit.

122 3591 218 3635 εισι.

177 3672 240 3724 Δι’
265 3674 465 3745 ἐτέρων
497 3675 913 3747 ὀμοδυνάμων.
959 3675 1079 3730 Ὅτι
1111 3674 1206 3730 καὶ
1231 3675 1319 3730 διὰ
1350 3676 1456 3730 τῶν
1487 3678 1656 3732 ἰσοδυ-

123 3761 268 3832 νάμων
291 3768 346 3820 οὐ
372 3768 690 3840 κωλυόμεθα
717 3770 979 3838 ἐκφωνεῖν
1008 3768 1105 3832 τὰς
1131 3768 1323 3833 λέξεις.
1360 3767 1380 3841 [
1402 3771 1474 3841 Ση
1486 3770 1652 3841 μείω-

125 3868 190 3906 σαι
211 3856 274 3922 ὡς
304 3862 525 3933 μητρίδα
555 3862 650 3915 καὶ
682 3861 912 3932 πατρίδα
942 3860 1106 3912 ταὺτό
1135 3861 1316 3932 φησι.]

176 2843 510 2914 Γενγητικὴν
529 2843 893 2913 ὑπερϐολήν.
920 2844 1176 2899 Τουτέστι
1203 2845 1300 2918 τὴν
1329 2844 1506 2899 κτίσιν
1525 2863 1658 2918 παρ-

1831 3662 1938 3718 Per
1960 3664 2073 3718 alia
2098 3667 2483 3736 a’qm'valentia.
2502 3665 2615 3723 Nos
2652 3669 2877 3725 minime
2902 3669 3182 3740 prohiberi
3207 3685 3340 3741 quo-

1756 3755 1938 3811 minus
1966 3755 2240 3811 dictiones
2271 3757 2483 3827 aliquas
2510 3773 2609 3828 per
2630 3759 2767 3815 alias
2795 3761 2934 3815 idem
2959 3761 3338 3832 signiﬁcantes

1754 3846 2119 3916 proferamus.
2160 3846 2331 3920 [Nota
2381 3849 2529 3920 quod
2581 3851 2814 3922 μητρίδα
2843 3861 2896 3908 et
2926 3853 3162 3924 πατρίδα
3191 3855 3335 3910 idem

1752 3939 1930 4010 dicit.]

1823 4030 1971 4085 Scire
1987 4041 2209 4099 oportet.
2251 4033 2365 4088 Cur
2393 4033 2619 4104 syllabis
2642 4041 2697 4088 et
2725 4033 3059 4089 dictionibus
3091 4043 3331 4103 utamur;

1748 4122 2037 4179 considera
2049 4122 2361 4180 lectionem.
2377 4123 2534 4192 Quod
2552 4131 2732 4180 autem
2759 4125 2874 4179 vult
2897 4125 3098 4190 dicere,
3126 4125 3180 4180 id
3202 4134 3321 4183 est:

1749 4210 1970 4280 quando
2005 4227 2312 4268 sermonem
2343 4215 2786 4284 pronuntiamus.
2814 4230 3095 4270 movemus
3120 4231 3244 4271 eum
3263 4217 3333 4273 de

1749 4304 1938 4362 sensili
1967 4305 2174 4376 aliquo,
2208 4306 2370 4378 138
2401 4313 2516 4361 tum
2545 4307 2884 4363 dictionibus
2930 4316 2984 4363 et
3027 4308 3252 4380 syllabis
3277 4319 3333 4366 et

1747 4397 2031 4452 elementis
2059 4405 2113 4453 et
2145 4400 2416 4470 scriptura
2446 4399 2758 4471 indigemus
2805 4399 2871 4454 ad
2911 4402 3031 4471 ejus
3065 4402 3212 4472 quod
3243 4402 3328 4458 di-

1747 4490 1891 4544 citur
1919 4490 2375 4559 declarationem;
2404 4491 2449 4548 si
2480 4508 2610 4548 vero
2632 4494 2812 4546 anima
2846 4509 2875 4546 a
2909 4509 2968 4548 se
2998 4493 3116 4564 ipsa
3146 4495 3213 4549 ad
3246 4495 3333 4550 in-

128 4019 134 4027 .
171 4038 294 4095 Δέον
316 4031 553 4098 εἰδέναι.
594 4041 693 4095 Διὰ
718 4041 771 4094 τί
802 4038 1091 4104 συλλαϐαῖς
1118 4040 1211 4093 καὶ
1239 4038 1414 4104 λέξεσι
1442 4039 1650 4111 χρώμε-

122 4129 203 4182 eam
250 4133 422 4189 σκόπει
472 4135 572 4207 τὴν
622 4133 952 4201 ἀνάγνωσινο
1007 4132 1036 4186 ὃ
1085 4131 1227 4184 θέλει
1269 4133 1462 4194 εἰπεῖν,
1494 4130 1650 4184 τοῦτό

121 4221 250 4276 ἐστιν·
274 4229 424 4298 ἡνίκα
463 4228 558 4281 τὸν
602 4225 932 4299 προφορικδν
969 4223 1126 4292 λόγον
1154 4223 1430 4293 κινοῦμεν,
1460 4222 1648 4275 τοῦτον

123 4315 218 4386 περί
242 4333 367 4383 τινος
391 4318 495 4373 τῶν
523 4317 815 4388 αἰσθητῶν,
848 4315 970 4369 τότε
997 4313 1213 4378 λέξεων,
1233 4314 1327 4368 καὶ
1349 4312 1644 4376 συλλαϐῶν,

122 4407 192 4458 καί
217 4411 467 4480 στοιχείων
494 4410 591 4464 καὶ
615 4408 842 4480 γραφῶν
869 4407 1098 4479 δεόμεθα
1128 4404 1267 4478 πρὸς
1292 4406 1522 4479 δήλωσιν
1549 4407 1644 4461 τοῦ

122 4495 422 4572 λαλουμένου·
461 4504 511 4557 εἰ
542 4502 599 4556 δὲ
639 4503 731 4571 ἀφ’
755 4501 953 4572 ἑαυτῆς
983 4502 1016 4572 η
1045 4500 1191 4572 ψυχὴ
1217 4499 1353 4571 πρὸς
1379 4499 1447 4553 τὰ
1477 4500 1643 4572 νοητὰ

122 4597 304 4646 κινεῖται
327 4597 410 4649 διὰ
435 4595 541 4648 τῶν
561 4594 735 4666 ὀρθῶν
768 4589 1072 4666 ἐνεργειῶν,
1095 4594 1343 4665 περιτταὶ
1376 4593 1512 4664 μετὰ
1537 4594 1646 4647 τῶν

1763 4581 2055 4653 Lelligibilia
2087 4591 2336 4638 movetur
2365 4585 2419 4638 in
2452 4585 2618 4639 rectis
2647 4584 3084 4654 operationibus,
3135 4601 3332 4657 super—

122 4683 344 4757 αἰσθητῶν
370 4689 424 4741 αἰ
457 4686 737 4758 αἰσθήσεις
759 4703 772 4715 ·
809 4685 986 4756 ὑψηλὰ
1005 4685 1112 4757 γὰρ
1134 4683 1460 4754 φαντάζεται
1482 4703 1494 4714 ·
1520 4686 1646 4739 ὅταν

1763 4676 1844 4732 lui
1897 4683 2025 4732 sunt
2075 4691 2200 4731 cum
2257 4676 2555 4733 sensilibus
2606 4692 2836 4744 sensus;
2883 4677 3136 4732 sublimia
3184 4680 3330 4734 enim

122 4771 165 4826 δὲ
185 4776 389 4852 θεοειδὴς
417 4781 663 4852 γένηται,
705 4779 1083 4850 προκύπτουσα
1112 4780 1231 4841 ταῖς
1269 4777 1408 4831 κατὰ
1455 4779 1647 4850 μικρὸν

1763 4771 2080 4842 imaginatur
2114 4790 2126 4825 :
2163 4771 2380 4844 quando
2410 4777 2591 4826 autem
2639 4770 2735 4825 Dei
2765 4771 2962 4827 similis
2991 4769 3180 4827 cll‘ecta
3213 4773 3330 4828 fue-

122 4862 382 4938 ἀνατάσεσι,
411 4874 505 4925 καὶ
543 4871 608 4924 δι’
648 4867 890 4932 ἑνώσεως
919 4868 1196 4938 ἀγνώστου
1231 4869 1366 4940 πρὸς
1380 4865 1647 4941 τδὰπρόσ·

1763 4863 1820 4917 [-it
1872 4863 2269 4919 elevationibus
2324 4863 2583 4934 paulatim
2647 4863 2961 4934 proficiens,
3021 4870 3184 4935 atque
3233 4881 3331 4936 per

126 4971 216 5014 ιτον
273 4966 379 5034 φῶς
417 4966 515 5030 τὰς
548 4963 804 5026 ἐπιϐολὰς
842 4962 962 5036 ἔχῃ,
993 4962 1114 5015 τότε
1161 4962 1255 5015 καὶ
1295 4962 1352 5014 αἰ
1393 4962 1580 5032 νοηταὶ
1603 4961 1646 4993 ⁸⁷

1772 4966 1989 5024 gnotatn
2023 4956 2322 5010 unitionem
2359 4956 2761 5011 intellectiones
2793 4971 2921 5012 suas
2952 4955 3007 5010 in
3041 4957 3328 5012 inaccesso

1752 5046 1954 5100 lumine
1985 5047 2269 5113 habuerit;
2303 5056 2415 5101 tum
2445 5047 2608 5100 etiam
2647 5048 3017 5119 intelligibiles
3048 5048 3325 5119 operatio-

1751 5154 1849 5193 nes
1897 5147 2026 5193 sunt
2074 5139 2379 5208 supernum,
2413 5140 2556 5194 sicut
2605 5148 2659 5196 et
2702 5157 2917 5206 sensus,
2948 5142 3204 5212 quoniam
3238 5141 3323 5196 his

1750 5230 2066 5284 sublimiora
2123 5231 2327 5300 cogitat
2384 5231 2586 5297 anima,
2647 5233 2904 5306 deinceps
2961 5233 3070 5288 Deo
3121 5233 3318 5296 unita;

122 5050 344 5126 ἐνέργειαι
369 5059 614 5131 περιτταί
645 5059 801 5119 εἰσιν,
823 5056 898 5118 ὡς
926 5056 1019 5109 καὶ
1047 5056 1104 5108 αἱ
1135 5052 1432 5125 αἰσθήσεις,
1461 5053 1645 5126 ἐπειδὴ

122 5144 174 5198 τὰ
193 5149 475 5225 ὑψηλότερα,
494 5151 696 5207 τούτων
723 5152 757 5222 ὴ
785 5147 929 5220 ψυχὴ
955 5147 1261 5210 διανοεῖται,
1291 5144 1474 5198 λοιπὸν
1502 5146 1643 5216 ἡνω-

125 5236 228 5310 μένη
266 5241 403 5314 Θεῷ·
437 5247 564 5298 ὅταν
595 5243 650 5296 δὲ
679 5239 818 5312 ὁμοῦ
863 5237 1175 5311 χαμαίζηλα
1221 5237 1519 5309 φαντασθῇ,
1551 5241 1644 5292 καὶ

123 5330 220 5397 περί
241 5349 370 5398 τινος
397 5336 501 5388 τῶν
532 5333 802 5405 αἰσθητῶν
824 5331 1034 5404 σπεύσῃ
1052 5330 1357 5402 κινηθῆναι,
1386 5330 1504 5382 τότε
1523 5332 1648 5394 τοὺς

126 5425 435 5497 σαφεστέρους
462 5427 650 5495 λόγους
682 5426 775 5478 καὶ
803 5423 872 5477 τὰ
918 5428 1213 5494 τρανότερα
1239 5421 1348 5474 τῶν
1375 5420 1584 5493 ὁρατῶν
1603 5422 1645 5451 (⁸

124 5511 204 5582 χρὴ
226 5515 500 5589 ἐπιζητεῖν.

179 5702 199 5730 ⁸
223 5692 360 5752 «ἰοιιιι.
391 5718 440 5767 v,
472 5701 556 5754 l7.

1747 5323 1967 5393 quando
1991 5331 2169 5379 autem
2202 5323 2353 5377 humi
2387 5327 2631 5396 repentia
2675 5343 2770 5382 seu
2815 5325 3092 5382 terrestria
3127 5324 3322 5395 imagi-

1748 5428 1930 5483 natur,
1963 5430 2015 5475 et
2044 5420 2095 5474 in
2128 5421 2315 5477 sensili
2348 5423 2532 5492 aliquo
2576 5424 2781 5478 moveri
2814 5422 3016 5483 studet,
3049 5431 3179 5476 tunc
3206 5421 3321 5475 cla-

1744 5511 1918 5568 riores
1974 5529 2255 5570 sermones
2311 5523 2364 5569 et
2415 5516 2712 5572 visibilium
2763 5515 2998 5570 maxime
3029 5513 3318 5584 perspicua

1747 5619 1988 5672 qumrcre
2018 5616 2253 5675 oportet.

994 5788 1225 5846 VARI/Ii
1262 5785 1641 5844 LECTIONES
1675 5787 1761 5844 ET
1799 5788 2349 5846 CORRECTIONES.

206 5883 468 5944 ⁸⁸ὲαυτῶν.
585 5892 626 5928 ⁸⁷
661 5887 866 5960 νοεραῇ
903 5947 937 5958 ,τ
975 5888 1020 5919 ⁸⁸
1051 5884 1285 5956 νοητῶν.
1320 5899 1322 5902 '
