3872 6534
511 398 620 455 εϐὄ

1317 384 1661 446 ΑΡΡΕΝυιλ
1689 390 1783 446 AD
1809 384 2041 446 orans
2079 387 2137 444 s.
2174 375 2477 450 01031st
2508 373 2993 448 ΑΒΕΟΡΑοιτΑῖ.

3671 383 3764 444 ιιι

583 514 736 571 Sicut
770 513 932 567 etiam
961 508 1284 580 intelligendi
1315 509 1623 579 facultates.
1665 507 1902 564 Adverte
1941 503 2083 560 aliud

2264 505 2495 574 Ὠσπερ
2521 503 2618 558 καὶ
2657 505 2717 558 αἱ
2754 502 2952 575 respui
2992 500 3292 574 δυνάμεις.
3337 503 3647 576 Σημείωσαι
3693 507 3762 560 ὅτι

511 622 637 663 esse
663 611 897 660 mentem
946 611 1000 658 et
1049 601 1198 656 aliud
1230 602 1490 656 animam.
1523 599 1891 670 lntelligentes
1921 596 2094 652 facul-

510 707 654 754 tates
701 698 836 752 dicit
889 694 1288 750 intellectiones
1336 707 1458 763 quae
1508 700 1638 747 sunt
1681 689 1993 754 inferiores,
2039 696 2096 744 et

512 791 711 846 mentis
741 788 974 855 divisio;
1007 786 1227 858 quando
1255 786 1421 856 igitur
1450 784 1634 838 anima
1665 782 1895 839 voluerit
1922 781 2091 838 Deum

512 883 734 947 intueri,
767 890 824 937 et
867 896 968 953 pro
1010 879 1223 934 viribus
1275 879 1381 948 ipsi
1424 877 1590 940 uniri,
1619 875 1840 934 oculum
1872 874 2090 944 quidem

511 992 693 1042 suum,
725 971 780 1028 id
803 981 886 1029 est
914 981 1149 1028 mentem
1180 971 1377 1041 ipsam,
1411 968 1571 1023 debet
1597 982 1628 1020 a
1657 965 2090 1037 particularibus

510 1077 775 1132 avertere,
797 1075 852 1126 et
883 1066 950 1120 ad
981 1065 1320 1137 generaliora
1355 1060 1750 1116 transmittere.
1786 1057 2091 1114 Particula-

509 1163 594 1217 ria
643 1175 777 1216 vero
826 1167 961 1214 sunt
1013 1157 1434 1220 intellectiones,
1465 1155 1612 1210 sicut
1659 1152 1942 1211 diximus:
1973 1158 2090 1208 tum

508 1268 668 1308 mens
701 1260 814 1306 tota
861 1251 1054 1305 effecta
1097 1257 1260 1318 atque
1301 1248 1602 1302 introrsum
1630 1258 2090 1320 com'ersa,post-

513 1358 665 1403 remo
729 1345 911 1399 unitas
957 1351 1012 1398 et
1061 1342 1385 1411 simplicitas
1418 1338 1629 1403 eﬂ'ecta,
1657 1337 1860 1394 divinis
1893 1336 2093 1408 poterit

507 1437 794 1492 intendere
821 1434 1014 1497 radiis,
1046 1449 1145 1503 per
1165 1433 1497 1487 laudabilem
1530 1431 1952 1501 ignorationem,
1977 1443 2088 1486 non

509 1544 606 1599 per
633 1528 994 1599 ignorantiam
1024 1542 1145 1597 qua:
1169 1542 1233 1582 ex
1253 1541 1434 1580 rerum
1457 1524 1730 1595 imperitia
1755 1523 1963 1588 oritur,
1991 1521 2088 1577 sed

509 1637 607 1692 per
656 1637 774 1676 eam
808 1636 944 1690 quae
987 1619 1268 1690 cognoscit
1299 1635 1357 1674 se
1389 1617 1482 1672 Dei
1517 1611 2087 1686 incomprehensibilia

509 1712 1102 1784 ignorare;cogn05cet
1133 1719 1313 1766 autem
1339 1709 1528 1764 divino
1570 1707 1760 1764 fruens
1799 1707 2089 1778 splendore

506 1821 617 1860 non
648 1821 745 1877 per
782 1805 1014 1861 sensiles
1045 1805 1258 1866 oculos,
1294 1818 1396 1858 nec
1433 1803 1578 1858 enim
1611 1803 1696 1864 his
1725 1799 2088 1871 apprehendi-

2193 597 2378 670 ἓτερον
2408 595 2532 659 νοῦς
2562 596 2656 649 καὶ
2683 595 2867 667 ἕτερον
2895 593 3062 666 ψυχή.
3093 595 3302 668 Νοεράς
3335 593 3636 668 [ἐνεργείας
3661 599 3760 671 καὶ]

2192 692 2447 763 δυνάμεις
2491 689 2626 760 φησὶ
2668 687 2767 752 τὰς
2807 688 3038 759 νοήσεις,
3069 686 3269 751 αἵτινες
3307 686 3617 759 κατώτεραί
3649 690 3758 752 εἰσι,

2193 785 2286 838 καὶ
2337 781 2639 854 σκεδασμὸς
2685 779 2780 834 τοῦ
2821 778 3111 834 νοῦ.”οταν
3155 774 3246 834 οὖν
3278 780 3312 851 ἡ
3340 779 3485 854 ψυχὴ
3521 779 3760 852 βούληται

2193 870 2330 949 πρὸς
2357 871 2489 930 Θεδν
2517 873 2831 937 ἀνανεῦσαι,
2861 872 2970 931 καὶ·
2983 871 3124 926 κατὰ
3154 871 3215 925 τὸ
3243 871 3466 926 δυνατὸν
3511 873 3761 944 ὲνωθῆναι

2192 965 2361 1037 αὐτῷ,
2400 965 2462 1019 τὸ
2507 966 2604 1037 μὲν
2643 965 2797 1035 ὄμμα
2839 963 3028 1033 αὐτῆς,
3057 959 3305 1015 τουτέστι
3336 960 3427 1020 τὸν
3455 961 3583 1017 νοῦν
3615 963 3762 1017 αὑτὸν

2191 1055 2533 1128 ἀποστρέψαι
2558 1053 2760 1124 ὀφείλει
2793 1052 2899 1106 τῶν
2932 1050 3192 1126 μερικῶν,
3227 1052 3323 1106 καὶ
3342 1053 3436 1106 ἐπὶ
3465 1052 3534 1106 τὰ
3562 1054 3762 1108 καθολι-

2191 1147 2406 1218 κώτερα
2450 1145 2821 1216 ἀναπηδῆσαιο
2861 1141 3061 1216 μερικὰ
3090 1143 3147 1197 δέ
3178 1145 3315 1198 εἰσιν
3342 1144 3399 1198 αί
3429 1145 3660 1216 νοήσεις,
3698 1145 3762 1209 ὡς

2191 1238 2399 1311 ἔφημεν
2422 1252 2435 1268 δ
2466 1238 2586 1292 τότε
2613 1237 2724 1307 γὰρ
2753 1235 2876 1299 νοῦς
2907 1235 3002 1307 ὅλη
3037 1236 3323 1307 γενομένη,
3357 1236 3451 1290 καὶ
3478 1238 3558 1300 εἰς
3582 1235 3640 1289 τὸ
3665 1235 3762 1289 ἔσω

2193 1331 2514 1401 στραφεῖσα,
2545 1321 2671 1392 ἐνάς
2697 1328 2880 1382 λοιπὸν
2923 1326 3018 1382 καὶ
3057 1327 3294 1398 ἁπλότης
3338 1326 3626 1400 γενομένη,
3654 1328 3763 1380 ἑπι-

2189 1419 2373 1474 λαὸεῖν
2403 1420 2688 1492 δυνήσεται
2718 1421 2839 1482 ταῖς
2862 1409 3037 1482 θείαις
3062 1412 3242 1472 ἀκτῖσι
3263 1434 3277 1447 ο
3310 1416 3398 1470 διὰ
3425 1417 3527 1487 τῆς
3554 1419 3762 1471 ἐπαινε-

2188 1512 2288 1583 τῆς
2313 1511 2606 1583 ἀγνωσίας,
2641 1511 2702 1564 οὐ
2731 1509 2832 1582 τῆς
2857 1509 2918 1575 ἐξ
2945 1509 3214 1580 ἀμαθείας
3247 1509 3492 1578 ἀγνοίας,
3522 1509 3654 1571 ἀλλὰ
3676 1511 3762 1580 τῆς

2190 1602 2562 1674 γινωσκούσης
2600 1603 2683 1656 ὅτι
2728 1603 2911 1671 ἀγνοεῖ
2935 1601 3003 1655 τὰ
3037 1601 3165 1673 περὶ
3207 1599 3342 1655 Θεοῦ
3375 1601 3758 1672 ἀκατάληπτα·

2189 1694 2458 1765 γνώσεται
2481 1694 2537 1748 δὲ
2557 1692 2904 1748 ἀπολαύουσα
2942 1693 3050 1746 τῶν
3096 1691 3255 1747 θείων
3307 1694 3680 1765 μαρμαρυγῶν
3708 1692 3760 1745 οὐ

2189 1783 2278 1840 διὰ
2306 1785 2414 1838 τῶν
2446 1783 2716 1855 αἰσθητῶν
2744 1781 3006 1854 ὀμμάτων
3029 1797 3042 1811 °
3073 1782 3135 1834 οὐ
3161 1780 3270 1853 γὰρ
3300 1779 3762 1851 καταλαμϐάνεται

507 1910 626 1966 tur,
650 1871 752 1956 sed
780 1915 845 1956 ea
876 1898 1074 1954 mentis
1106 1896 1501 1951 constitutione
1527 1908 1648 1965 qua
1675 1894 1851 1950 oculis
1881 1902 2054 1948 caret.

2195 1878 2402 1941 τούτοις
2425 1893 2438 1906 ·
2472 1875 2609 1930 ἀλλὰ
2647 1878 2768 1939 ταῖς
2806 1874 3139 1946 ἀνομμάτοις
3178 1871 3272 1925 τοῦ
3305 1871 3397 1926 νοῦ
3438 1872 3760 1929 καταστάσε-

578 2071 1058 2140 Perspicacissimlt’
1097 2087 1367 2126 sensuum.
1410 2069 1660 2141 Erplicat
1683 2085 1801 2142 qua!
1825 2075 1953 2128 sunt
1982 2066 2096 2123 cla-

504 2165 740 2220 rissimze
793 2178 1055 2218 sensuum
1106 2163 1642 2233 transportationes;
1700 2163 1911 2232 aitque
1942 2161 2092 2231 ipsas

504 2270 628 2312 esse
660 2255 981 2325 planissima
1013 2254 1182 2310 verba
1220 2260 1274 2309 et
1303 2253 1608 2310 visibilium
1643 2253 2018 2324 apertissima.

571 2430 728 2487 Recte
755 2438 1022 2498 poterunt.
1066 2429 1341 2486 Videlicet
1371 2445 1593 2484 sensus.

576 2521 605 2593 ᾗ
635 2520 753 2580 XII.
793 2520 956 2591 Atqui
983 2521 1153 2575 visum
1176 2530 1256 2574 est
1283 2520 1620 2590 quibusdam.
1663 2518 1821 2586 Quod
1849 2519 2093 2578 Charitas

502 2613 774 2685 signiﬁcat
796 2628 1063 2677 amorem,
1097 2621 1152 2668 et
1184 2629 1380 2668 nomen
1413 2614 1618 2667 amoris
1654 2627 1777 2668 esse
1806 2611 2093 2669 divinius.‘

573 2704 831 2758 Audiant.
874 2702 1033 2767 Nota,
1069 2710 1184 2766 tum
1234 2703 1499 2773 temporis
1530 2717 1753 2772 quoque
1797 2699 1966 2756 fuisse
1995 2701 2090 2772 qui

503 2797 724 2852 nomina
754 2793 1252 2866 reprehendebant,
1285 2811 1426 2865 quos
1473 2810 1539 2849 ex
1591 2794 1778 2860 divina
1808 2791 2090 2863 Scriptura

501 2888 773 2958 reprimit.

571 2979 734 3034 Diuus
771 2976 1038 3050 Ignatius.
1078 2977 1262 3048 Aliqui
1294 2977 1460 3033 etiam
1511 2993 1579 3033 ex
1633 2979 1738 3032 hoc
1786 2977 1908 3032 loco
1938 2977 2086 3032 arbi-

500 3077 715 3128 trantur
745 3077 1052 3140 opportune
1084 3076 1405 3140 praesentem
1446 3067 1648 3122 librum
1683 3082 1932 3138 arguere,
1965 3076 2097 3123 tan-.

499 3176 664 3234 quam
695 3177 804 3216 non
829 3166 983 3228 esset
1012 3159 1183 3214 divini
1218 3158 1485 3229 Dionysii,
1531 3159 1661 3228 quia
1712 3159 1902 3213 dicunt
1928 3159 2086 3229 lgna-

2200 1984 2282 2021 σιν
2301 1968 2366 2024 ⁶⁹.

2280 2054 2717 2125 Ἐπιδηλότεραι
2764 2053 2881 2108 τῶν
2919 2051 3280 2120 αἰσθήσεων.
3334 2051 3636 2122 Ἐξηγεῖται
3661 2093 3674 2115 ,
3717 2051 3760 2105 τί

2194 2149 2331 2205 εἰσιν
2364 2149 2420 2202 αἱ
2449 2147 2819 2219 ἐπιδηλότεραι
2846 2145 2954 2199 τῶν
2977 2144 3278 2216 αἰσθήσεων
3297 2141 3757 2215 διαπορθμεύσεις·

2193 2241 2288 2295 καί
2309 2257 2472 2312 φησιν
2492 2239 2661 2303 αὑτὰς
2687 2240 2812 2302 τοὺς
2841 2237 3204 2308 σαφεστέρους
3230 2232 3420 2302 λόγους
3437 2236 3532 2292 καὶ
3559 2234 3762 2304 τάτρα-

2192 2333 2421 2404 νέστερα
2451 2332 2557 2386 τῶν
2579 2331 2810 2402 ὁρατῶν.

2262 2421 2474 2488 Καλῶς
2505 2421 2894 2489 δυνήσονται.
2935 2420 3001 2473 Αἱ
3033 2419 3314 2492 αἰσθήσεις
3341 2419 3596 2493 δηλονότι.

2266 2509 2294 2582 §
2324 2510 2439 2564 XII.
2470 2511 2668 2564 Καίτοι
2687 2509 2858 2575 ἔδοξέ
2873 2526 3052 2566 τισιν.
3073 2509 3191 2563 ’Ότι
3218 2511 3358 2581 καὶὴ
3377 2510 3570 2580 ἀγάπη
3599 2504 3767 2582 ἔρωτα

2191 2599 2366 2672 δηλοῖ·
2402 2601 2495 2654 καὶ
2521 2599 2603 2653 ὅτι
2631 2599 2901 2672 θειότερον
2933 2599 3104 2672 ὄνομα
3131 2596 3227 2650 τοῦ
3261 2597 3481 2670 ἔρωτος.

2272 2692 2690 2748 Ἀκουέτωσαν.
2733 2691 3046 2763 Σημείωσαι
3073 2693 3155 2744 ὅτι
3187 2691 3281 2745 καὶ
3299 2690 3419 2743 τότε
3454 2685 3600 2761 ἦσάν
3636 2703 3760 2748 τινες

2188 2784 2680 2860 ἐπιλαμϐανόμενοι
2721 2783 3020 2856 ὀνομάτων,
3049 2781 3142 2846 οὒς
3191 2780 3533 2854 ἐπιστομίζει
3576 2781 3642 2833 ἐκ
3676 2779 3760 2847 τῆς

2190 2879 2342 2941 θείας
2369 2879 2613 2950 Γραφῆς.

2271 2971 2322 3022 Ὁ
2350 2969 2505 3036 θεῖος
2552 2967 2846 3038 Ἰγνάτιος.
2887 2967 3000 3022 Καὶ
3042 2969 3107 3022 ὲκ
3158 2965 3348 3020 τούτου
3391 2968 3536 3030 τινὲς
3572 2967 3758 3019 οἴονται
3793 2978 3798 2983 '

2186 3060 2490 3128 διαϐάλλειν
2523 3061 2792 3130 εὐκαίρως
2836 3061 2897 3113 τὸ
2945 3061 3117 3132 παρὸν
3150 3059 3453 3130 σύνταγμα,
3490 3059 3566 3122 ὡς
3597 3058 3670 3130 μὴ
3711 3058 3760 3110 ὃν

2187 3151 2281 3209 τοῦ
2327 3152 2469 3208 θείου
2498 3153 2793 3220 Διονυσίου,
2825 3150 3009 3222 ἐπειδὴ
3057 3151 3316 3221 Ἰγνάτιον
3347 3150 3564 3218 λέγουσι
3612 3166 3761 3220 μετα-

501 3252 638 3308 ιίιιιιι
687 3267 812 3307 esse
860 3252 981 3320 ipso
1013 3251 1376 3321 posteriorem
1403 3267 1417 3314 ;
1450 3249 1727 3318 quomodo
1755 3265 1884 3305 vero
1911 3258 2083 3321 potest

2195 3245 2509 3317 γενέστερον
2534 3244 2697 3298 αὑτοῦ
2732 3242 2870 3298 εἶναι
2889 3262 2901 3274 ’
2929 3244 3044 3308 πῶς
3075 3244 3130 3301 δὲ
3162 3243 3383 3297 δύναταί
3422 3260 3506 3306 τις
3543 3244 3652 3295 τῶν
3674 3260 3758 3312 με·

501 3343 702 3413 aliquis
742 3343 1109 3414 posteriorum
1149 3342 1509 3398 meminisse?
1539 3340 1716 3398 Fictio
1765 3350 1945 3398 autem
1999 3351 2083 3398 est

505 3435 667 3505 139
689 3444 744 3490 et
773 3439 877 3489 hoc
902 3434 1050 3505 quod
1083 3435 1192 3489 illis
1213 3434 1511 3505 probatur;
1539 3450 1666 3489 nam
1692 3442 1918 3490 sanctus
1939 3433 2083 3488 Pau-

502 3525 610 3590 lus,
635 3526 728 3596 qui
757 3525 1076 3596 Dionysium
1102 3525 1416 3589 illustravit,
1435 3541 1531 3580 seu
1562 3526 1879 3596 baptizavit,
1905 3532 2084 3596 poste-

501 3616 620 3673 rior
654 3617 755 3672 fuit
781 3626 1028 3686 tempore
1058 3625 1250 3672 sancto
1279 3616 1463 3682 Petro,
1499 3626 1622 3687 post
1649 3633 1809 3687 quem
1840 3617 2084 3690 lgnatius

501 3718 723 3768 creatur
769 3711 1063 3781 episcopus
1111 3709 1436 3773 Antiochiae,
1481 3709 1642 3766 Petro
1675 3709 1904 3766 Romam
1954 3728 2081 3783 pro-

502 3797 671 3864 fecto;
686 3798 986 3868 supervixit
1002 3814 1132 3852 vero
1160 3807 1384 3854 sanctus
1409 3797 1611 3854 Paulus
1629 3801 1800 3854 multo
1817 3809 2078 3871 tempore,

500 3889 596 3961 qui
628 3888 946 3959 Dionysium
972 3889 1286 3959 baptizavit,
1313 3887 1716 3960 Dionysiusque
1746 3898 1870 3960 post
1901 3894 2080 3962 ipsum

500 3981 654 4040 vixit.
686 3979 859 4034 Porro
879 3979 1117 4034 Joannes
1164 3981 1499 4052 evangelista
1527 3981 1629 4038 sub
1661 3979 1969 4038 Domitiano
1987 3999 2083 4038 ex-

503 4073 646 4132 sulat
693 4071 749 4125 in
784 4068 998 4134 Palma,
1043 4072 1131 4126 cui
1162 4072 1420 4126 rescribit
1463 4071 1796 4146 Dionysius;
1838 4072 2082 4144 lgnatius

500 4170 788 4218 veroante
822 4160 1187 4216 Domitianum
1239 4163 1468 4234 patitur,
1511 4163 1588 4217 ita
1617 4170 1676 4220 ut
1704 4165 1982 4235 antiquior
2010 4167 2083 4222 sit

500 4253 785 4324 Dionysio.

569 4345 737 4399 Amor
768 4360 934 4401 meus.
974 4343 1341 4410 Quaerendum
1389 4346 1663 4416 quomodo
1707 4347 1918 4420 lgnatio
1955 4362 2081 4404 cum

503 4433 763 4492 Onesimo
809 4437 903 4507 qui
960 4437 1060 4490 fuit
1109 4444 1234 4507 post
1278 4435 1620 4494 Timotheum
1661 4437 1995 4514 disputante,
2027 4447 2082 4493 et

503 4522 767 4584 Bomauis
796 4526 1094 4594 scribente,
1126 4544 1276 4581 amor
1318 4544 1461 4582 meus
1502 4529 1788 4597 cruciﬁxus
1824 4538 1922 4595 est,
1949 4529 2082 4600 ,οἱο-

2181 3339 2472 3407 ταγενεστέ
2481 3356 2586 3410 ρων
2609 3338 2917 3409 μεμνῆσθαι
2937 3355 2950 3403 ;
2970 3337 3202 3408 Πλάσμα
3217 3337 3271 3389 δὲ
3291 3338 3384 3389 καὶ
3411 3336 3569 3389 τοῦτο
3587 3334 3760 3389 δοκοῦν

2182 3429 2397 3492 αὐτοῖς·
2446 3429 2474 3481 ὁ
2519 3429 2627 3501 γάρ
2678 3429 2834 3497 ἅγιος
2868 3429 3097 3493 Παῦλος,
3138 3431 3166 3484 ὁ
3198 3429 3438 3498 φωτίσας
3470 3428 3753 3488 Διονύσιον,

2185 3519 2638 3591 μεταγενέστερος
2663 3515 2729 3590 ἦν
2765 3520 2842 3590 τῷ
2868 3519 3043 3592 χρόνῳ
3071 3517 3165 3572 τοῦ
3201 3519 3355 3587 ἁγίου
3391 3519 3624 3589 Πέτρου,
3651 3518 3757 3590 μεθ’

2181 3612 2241 3664 ὃν
2288 3614 2316 3665 ὁ
2357 3611 2616 3681 Ἰγνάτιος
2646 3610 2945 3674 ἐπίσκοπος
2975 3611 3182 3678 γίνεται
3225 3611 3571 3679 Ἀντιοχείας,
3609 3627 3759 3681 μετα-

2181 3702 2426 3766 τεθέντος
2455 3703 2664 3774 Πέτρου
2695 3703 2752 3755 ὲν
2785 3702 3004 3775 Ῥώμῃ·
3040 3702 3273 3772 ἐπέζησε
3299 3701 3356 3755 δὲ
3384 3703 3413 3754 ό
3442 3702 3596 3770 ἅγιος
3626 3701 3757 3755 Παῦ-

2182 3794 2272 3859 λος
2318 3794 2507 3865 χρόνον
2550 3794 2736 3855 πολὺν,
2771 3791 2844 3866 [ό]
2874 3793 3112 3862 φωτίσας
3144 3792 3436 3859 Διονύσιον,
3466 3794 3560 3846 καὶ
3587 3792 3756 3846 Διονύ-

2183 3903 2298 3950 σιος
2347 3887 2462 3956 μετ’
2490 3885 2653 3938 αὑτὸν
2683 3885 2875 3957 ἔζησεν
2898 3902 2911 3916 ⁸
2945 3888 2972 3940 ὁ
3003 3886 3060 3939 δὲ
3089 3886 3478 3960 εὐαγγελιστὴς
3522 3888 3756 3959 Ἰωάννης

2183 3978 2276 4030 ἐπὶ
2307 3976 2633 4048 Δομετιανοῦ
2663 3977 2965 4050 ὲξορίζεται
2994 3979 3073 4040 εἰς
3095 3974 3354 4048 Πάτμονο
3377 3973 3420 4046 ᾧ
3441 3981 3755 4052 ἀντιγράφει

2182 4070 2483 4136 Διονύσιος·
2533 4070 2786 4138 Ἰγνάτιος
2842 4070 2898 4124 δὲ
2951 4070 3058 4142 πρὸ
3102 4073 3431 4142 Δομετιανοῦ
3463 4076 3751 4145 μαρτυρεῖ·

2181 4161 2322 4214 ὥστε
2353 4162 2777 4234 προγενέστερος
2804 4164 3100 4216 Διονυσίου.

2266 4349 2318 4401 Ὁ
2338 4349 2479 4418 ἐμὸς
2509 4351 2672 4418 ἔρως.
2715 4349 2982 4422 Ζητητέον
3035 4349 3154 4414 πῶς
3205 4349 3299 4402 ἐπὶ
3341 4350 3625 4422 Ὀνησίμου
3665 4347 3750 4402 τοῦ

2185 4441 2321 4512 μετά
2352 4440 2614 4513 Τιμόθεον
2647 4441 2904 4510 Ἰγνατίου
2918 4441 3328 4514 διαλεγομένου,
3344 4443 3440 4496 καὶ
3459 4443 3752 4514 γράφοντος

2193 4533 2483 4603 Ῥωμαίοις
2529 4533 2622 4598 τὸ,
2668 4531 2812 4603 ἐμὸς
2856 4534 3003 4602 ἔρως
3046 4535 3439 4603 ἐσταύρωται,
3488 4535 3752 4596 Διονύσιος

501 4616 692 4687 nysius
717 4632 861 4671 nunc
879 4615 1166 4672 Timotheo
1198 4618 1448 4674 scribens
1477 4619 1641 4690 hujus
1670 4620 1940 4688 meminit,
1973 4623 2080 4677 vel-

2195 4624 2277 4679 νῦν
2305 4602 2552 4697 Τιμοθέῳ
2578 4625 2803 4698 γράφων
2835 4625 3024 4682 τούτου
3064 4626 3353 4706 μέμνηται,
3384 4627 3460 4690 ὠς
3501 4627 3750 4695 Ἰγνατίον

507 4709 586 4762 uti
619 4709 865 4783 lgnatius
894 4717 1053 4764 antea
1086 4710 1432 4779 scripsisset;
1473 4717 1528 4765 et
1574 4726 1643 4767 ne
1691 4711 1831 4768 forte
1873 4713 1942 4770 ab
1979 4712 2082 4767 alit-

503 4816 614 4872 quo
646 4801 1012 4856 litteratorum
1043 4803 1388 4857 extrinsecus
1443 4804 1772 4873 appositum,
1808 4803 1873 4858 ad
1903 4804 2079 4875 perfe-

503 4891 730 4948 ctiorcm
763 4905 952 4945 eorum
993 4906 1112 4961 qua:
1142 4891 1209 4948 de
1234 4890 1420 4947 divino
1457 4907 1643 4949 amore
1673 4907 1703 4948 a
1735 4901 1925 4949 sancto
1953 4893 2082 4950 Dio-

500 4982 660 5054 nysio
712 4981 860 5036 dicta
908 4982 1130 5038 fuerunt
1184 4966 1687 5049 conﬁrmationem,
1742 4996 1930 5056 postea
1981 5002 2078 5056 per

502 5073 867 5145 ignorantiam
908 5075 1137 5131 internis
1175 5076 1439 5132 insertum
1471 5079 1563 5143 sit,
1592 5079 1737 5149 quod
1785 5079 1841 5134 in
1887 5080 2076 5137 multis

503 5181 645 5237 saepe
679 5165 950 5223 accidisse
993 5168 1279 5236 novimus;
1329 5169 1596 5240 siquidem
1627 5171 1790 5225 etiam
1831 5171 1950 5228 sine
1972 5172 2076 5237 hac

503 5265 656 5329 parte
703 5272 906 5328 corpus
957 5259 1222 5316 orationis
1249 5260 1516 5332 integrum
1551 5262 1937 5333 constituitur;
1980 5271 2075 5318 aut

505 5349 756 5404 fortassis
812 5350 939 5419 quia
1001 5351 1266 5405 familiare
1327 5352 1431 5422 ipsi
1484 5360 1601 5408 erat
1655 5354 1896 5420 eﬂ‘atum,
1929 5356 2076 5410 sicut

504 5440 664 5494 etiam
697 5439 765 5494 ab
792 5440 981 5496 eodem
1013 5456 1155 5512 saepe
1191 5441 1475 5500 dicebatur
1503 5450 1558 5499 et
1587 5445 1930 5501 scribebatur
1956 5447 2063 5501 Oso-

2180 4715 2280 4786 ήδη
2310 4715 2651 4787 γράψαντος
2685 4717 2780 4770 καὶ
2807 4717 3017 4790 μήποτε
3048 4718 3199 4791 παρά
3227 4735 3370 4783 τινος
3414 4719 3524 4772 τῶν
3553 4720 3752 4790 φιλολό-

2178 4824 2289 4878 γων
2319 4807 2422 4874 ἔξω
2455 4807 2778 4879 παρατεθὲν,
2803 4809 2938 4883 πρὸς
2967 4810 3184 4870 πλείονα
3220 4811 3476 4870 σύστασιν
3503 4813 3609 4865 τῶν
3632 4813 3751 4882 περὶ

2178 4899 2322 4954 θείου
2357 4900 2558 4974 ἔρωτος
2600 4901 2679 4974 τῷ
2725 4902 2864 4974 ἁγίῳ
2891 4904 3151 4975 Διονυσίῳ
3177 4905 3500 4978 εἰρημένων,
3533 4903 3749 4976 ὕστερον

2177 4992 2318 5046 κατὰ
2359 4995 2582 5064 ἄγνοιαν
2610 4993 2719 5047 ἔσω
2747 4995 3102 5068 παρενετέθη,
3135 4997 3272 5068 ὅπερ
3301 4999 3358 5050 ὲν
3386 4997 3602 5061 πολλοῖς
3627 4995 3751 5049 πολ-

2175 5085 2332 5152 λάκις
2359 5087 2645 5159 γενόμενον
2673 5087 2913 5160 ἔγνωμεν
2933 5105 2945 5118 ·
2981 5089 3075 5142 καὶ
3101 5089 3208 5162 γὰρ
3237 5089 3356 5162 δίχα
3385 5091 3576 5144 τούτου
3607 5092 3749 5144 ἵστα·

2177 5192 2265 5228 ται
2301 5175 2721 5249 ἀπαραλείπτως
2752 5176 2814 5230 τὸ
2843 5175 2999 5249 σῶμα
3025 5176 3119 5230 τοῦ
3165 5177 3324 5246 λόγου
3345 5194 3358 5209 °
3395 5178 3428 5250 ἢ
3457 5179 3600 5249 τάχα
3631 5176 3749 5228 σύδ-

2177 5265 2306 5337 ηθες
2351 5267 2501 5339 αὐτῷ
2544 5265 2681 5322 εἶναι
2727 5267 3090 5340 ἀπόφθεγμα,
3122 5267 3199 5334 ῶς
3242 5270 3336 5325 καὶ
3363 5270 3424 5325 τὸ
3470 5270 3747 5340 θεοφόρος

2175 5359 2436 5423 πολλάκις
2456 5359 2607 5431 αὑτῷ
2633 5359 2921 5430 λεγόμενόν
2940 5378 3000 5414 τε
3019 5361 3112 5421 καὶ
3137 5362 3479 5436 γραφόμενον
3503 5380 3518 5394 ⁸
3541 5363 3744 5433 τεκμή-

2177 5467 2291 5524 ριον
2318 5450 2374 5504 δὲ
2401 5449 2462 5503 τὸ
2495 5450 2569 5522 μὴ
2587 5451 2961 5521 προσκεῖσθαι,
2988 5455 3212 5525 Γράφει
3238 5455 3306 5510 δέ
3333 5471 3476 5522 τισι,
3504 5455 3743 5510 τουτέστι

1419 5621 1652 5677 VARI/ii
1697 5623 2076 5682 LECTIONES
2108 5625 2196 5681 ET
2232 5625 2782 5686 CORRECTIONES.

616 5795 658 5822 “’
697 5793 963 5864 καθαρότττ
973 5815 1072 5852 σιν.
