  <div class='ocr_page' id='page_1' title='image "/cluster/home/n/w/nwhite01/storage/ocr_20150623/4/hvd.32044014713200/140.png"; bbox 0 0 3872 6560; ppageno 0'>
   <div class='ocr_carea' id='block_1_1' title="bbox 149 473 240 529">
    <p class='ocr_par' dir='ltr' id='par_1_1' title="bbox 149 473 240 529">
     <span class='ocr_line' id='line_1_1' title="bbox 149 473 240 529; baseline -0.022 0"><span class='ocrx_word' id='word_1_1' title='bbox 149 473 240 529; x_wconf 74' lang='lat'><strong>265</strong></span> 
     </span>
    </p>
   </div>
   <div class='ocr_carea' id='block_1_2' title="bbox 879 451 2678 528">
    <p class='ocr_par' dir='ltr' id='par_1_2' title="bbox 879 451 2678 528">
     <span class='ocr_line' id='line_1_2' title="bbox 879 451 2678 528; baseline -0.002 -1"><span class='ocrx_word' id='word_1_2' title='bbox 879 471 940 528; x_wconf 92' lang='lat' dir='ltr'><strong>s.</strong></span> <span class='ocrx_word' id='word_1_3' title='bbox 978 468 1226 528; x_wconf 72' lang='lat' dir='ltr'><strong>MAXIM!</strong></span> <span class='ocrx_word' id='word_1_4' title='bbox 1271 459 1562 524; x_wconf 63' lang='lat' dir='ltr'><strong>scaeua</strong></span> <span class='ocrx_word' id='word_1_5' title='bbox 1598 465 1667 522; x_wconf 87' lang='lat' dir='ltr'><strong>IN</strong></span> <span class='ocrx_word' id='word_1_6' title='bbox 1706 454 1835 524; x_wconf 83' lang='lat' dir='ltr'><strong>LIB.</strong></span> <span class='ocrx_word' id='word_1_7' title='bbox 1864 451 1953 521; x_wconf 76' lang='lat' dir='ltr'><strong>De</strong></span> <span class='ocrx_word' id='word_1_8' title='bbox 1989 452 2243 521; x_wconf 72' lang='lat' dir='ltr'><strong>Divims</strong></span> <span class='ocrx_word' id='word_1_9' title='bbox 2276 465 2678 524; x_wconf 79' lang='lat' dir='ltr'><strong>NOMINIBUS.</strong></span> 
     </span>
    </p>
   </div>
   <div class='ocr_carea' id='block_1_3' title="bbox 3263 466 3367 522">
    <p class='ocr_par' dir='ltr' id='par_1_3' title="bbox 3263 466 3367 522">
     <span class='ocr_line' id='line_1_3' title="bbox 3263 466 3367 522; baseline 0 -1"><span class='ocrx_word' id='word_1_10' title='bbox 3263 466 3367 522; x_wconf 72' lang='grc'>266</span> 
     </span>
    </p>
   </div>
   <div class='ocr_carea' id='block_1_4' title="bbox 159 584 1685 657">
    <p class='ocr_par' dir='ltr' id='par_1_4' title="bbox 159 585 1685 657">
     <span class='ocr_line' id='line_1_4' title="bbox 159 585 1685 657; baseline -0.011 -2"><span class='ocrx_word' id='word_1_11' title='bbox 159 585 450 653; x_wconf 70' lang='grc' dir='ltr'><strong>Ῥωμαίοιςο</strong></span> <span class='ocrx_word' id='word_1_12' title='bbox 501 586 614 640; x_wconf 82' lang='grc' dir='ltr'>ἀλλ’</span> <span class='ocrx_word' id='word_1_13' title='bbox 643 587 848 654; x_wconf 80' lang='grc' dir='ltr'>ἀπλῶς,</span> <span class='ocrx_word' id='word_1_14' title='bbox 892 590 1116 657; x_wconf 64' lang='grc' dir='ltr'><strong>Γράφει</strong></span> <span class='ocrx_word' id='word_1_15' title='bbox 1153 586 1222 641; x_wconf 78' lang='grc' dir='ltr'><strong>δὲ</strong></span> <span class='ocrx_word' id='word_1_16' title='bbox 1261 587 1356 641; x_wconf 77' lang='grc' dir='ltr'><strong>καὶ</strong></span> <span class='ocrx_word' id='word_1_17' title='bbox 1408 590 1440 641; x_wconf 86' lang='grc' dir='ltr'><em>ὁ</em></span> <span class='ocrx_word' id='word_1_18' title='bbox 1481 586 1637 653; x_wconf 82' lang='grc' dir='ltr'><strong>θεῖος</strong></span> <span class='ocrx_word' id='word_1_19' title='bbox 1656 588 1685 619; x_wconf 80' lang='grc'><strong>⁷·</strong></span> 
     </span>
    </p>
   </div>
   <div class='ocr_carea' id='block_1_5' title="bbox 1817 584 3364 657">
    <p class='ocr_par' dir='ltr' id='par_1_5' title="bbox 1817 584 3364 657">
     <span class='ocr_line' id='line_1_5' title="bbox 1817 584 3364 657; baseline 0.001 -19"><span class='ocrx_word' id='word_1_20' title='bbox 1817 585 1971 657; x_wconf 64' lang='grc' dir='ltr'><strong>φόρος</strong></span> <span class='ocrx_word' id='word_1_21' title='bbox 1999 584 2194 655; x_wconf 71' lang='lat' dir='ltr'><strong>deiter;</strong></span> <span class='ocrx_word' id='word_1_22' title='bbox 2224 594 2603 656; x_wconf 91' lang='lat' dir='ltr'><strong>argumentum</strong></span> <span class='ocrx_word' id='word_1_23' title='bbox 2652 593 2832 642; x_wconf 88' lang='lat' dir='ltr'><strong>autem</strong></span> <span class='ocrx_word' id='word_1_24' title='bbox 2878 585 3364 641; x_wconf 85' lang='lat' dir='ltr'><strong>demonstrativum</strong></span> 
     </span>
    </p>
   </div>
   <div class='ocr_carea' id='block_1_6' title="bbox 156 677 433 752">
    <p class='ocr_par' dir='ltr' id='par_1_6' title="bbox 156 677 433 752">
     <span class='ocr_line' id='line_1_6' title="bbox 156 677 433 752; baseline -0.007 -16"><span class='ocrx_word' id='word_1_25' title='bbox 156 677 402 752; x_wconf 77' lang='grc' dir='ltr'><strong>Ἰγνάτιος</strong></span> <span class='ocrx_word' id='word_1_26' title='bbox 419 716 433 734; x_wconf 87' lang='grc'><strong>.</strong></span> 
     </span>
    </p>
   </div>
   <div class='ocr_carea' id='block_1_7' title="bbox 199 936 1691 1010">
    <p class='ocr_par' dir='ltr' id='par_1_7' title="bbox 199 936 1691 1010">
     <span class='ocr_line' id='line_1_7' title="bbox 199 936 1691 1010; baseline -0.002 -16"><span class='ocrx_word' id='word_1_27' title='bbox 199 940 296 994; x_wconf 76' lang='grc' dir='ltr'><strong>Καὶ</strong></span> <span class='ocrx_word' id='word_1_28' title='bbox 324 939 393 992; x_wconf 75' lang='grc' dir='ltr'>ἐν</span> <span class='ocrx_word' id='word_1_29' title='bbox 443 939 574 1006; x_wconf 82' lang='grc' dir='ltr'><strong>ταῖς</strong></span> <span class='ocrx_word' id='word_1_30' title='bbox 619 940 1102 1010; x_wconf 67' lang='grc' dir='ltr'>προεισαγωγαῒς.</span> <span class='ocrx_word' id='word_1_31' title='bbox 1157 936 1581 1010; x_wconf 81' lang='grc' dir='ltr'><strong>Ἐπιστητέον’¹,</strong></span> <span class='ocrx_word' id='word_1_32' title='bbox 1611 940 1691 992; x_wconf 72' lang='grc' dir='ltr'><strong>ὅτι</strong></span> 
     </span>
    </p>
   </div>
   <div class='ocr_carea' id='block_1_8' title="bbox 143 1030 1693 1105">
    <p class='ocr_par' dir='ltr' id='par_1_8' title="bbox 143 1030 1693 1105">
     <span class='ocr_line' id='line_1_8' title="bbox 143 1030 1693 1105; baseline -0.002 -20"><span class='ocrx_word' id='word_1_33' title='bbox 143 1033 530 1104; x_wconf 71' lang='grc' dir='ltr'><strong>Ιτινροεισαγωγὰς</strong></span> <span class='ocrx_word' id='word_1_34' title='bbox 557 1032 710 1086; x_wconf 77' lang='grc' dir='ltr'>καλεῖ</span> <span class='ocrx_word' id='word_1_35' title='bbox 734 1032 835 1103; x_wconf 83' lang='grc' dir='ltr'><strong>τῆς</strong></span> <span class='ocrx_word' id='word_1_36' title='bbox 857 1031 1017 1097; x_wconf 80' lang='grc' dir='ltr'><strong>,θείας</strong></span> <span class='ocrx_word' id='word_1_37' title='bbox 1043 1032 1265 1105; x_wconf 79' lang='grc' dir='ltr'>Γραφῆς</span> <span class='ocrx_word' id='word_1_38' title='bbox 1303 1030 1374 1084; x_wconf 80' lang='grc' dir='ltr'><strong>τὰ</strong></span> <span class='ocrx_word' id='word_1_39' title='bbox 1418 1030 1693 1102; x_wconf 80' lang='grc' dir='ltr'><strong>Σολομῶν-</strong></span> 
     </span>
    </p>
   </div>
   <div class='ocr_carea' id='block_1_9' title="bbox 138 1118 914 1197">
    <p class='ocr_par' dir='ltr' id='par_1_9' title="bbox 138 1118 914 1197">
     <span class='ocr_line' id='line_1_9' title="bbox 138 1118 914 1197; baseline 0.003 -21"><span class='ocrx_word' id='word_1_40' title='bbox 138 1126 290 1188; x_wconf 64' lang='lat' dir='ltr'><strong>tog&quot;,</strong></span> <span class='ocrx_word' id='word_1_41' title='bbox 320 1126 410 1193; x_wconf 78' lang='grc' dir='ltr'><strong>ἀφ’</strong></span> <span class='ocrx_word' id='word_1_42' title='bbox 445 1119 508 1178; x_wconf 78' lang='grc' dir='ltr'><strong>οὗ</strong></span> <span class='ocrx_word' id='word_1_43' title='bbox 538 1125 632 1178; x_wconf 75' lang='grc' dir='ltr'><strong>καὶ</strong></span> <span class='ocrx_word' id='word_1_44' title='bbox 654 1124 724 1178; x_wconf 81' lang='grc' dir='ltr'><strong>τὰ</strong></span> <span class='ocrx_word' id='word_1_45' title='bbox 755 1118 914 1197; x_wconf 83' lang='grc' dir='ltr'><strong>ῥητά.</strong></span> 
     </span>
    </p>
   </div>
   <div class='ocr_carea' id='block_1_10' title="bbox 190 1211 1689 1290">
    <p class='ocr_par' dir='ltr' id='par_1_10' title="bbox 190 1211 1689 1290">
     <span class='ocr_line' id='line_1_10' title="bbox 190 1211 1689 1290; baseline -0.001 -19"><span class='ocrx_word' id='word_1_46' title='bbox 190 1211 272 1290; x_wconf 82' lang='grc' dir='ltr'><strong>Ια]</strong></span> <span class='ocrx_word' id='word_1_47' title='bbox 301 1218 420 1271; x_wconf 84' lang='grc' dir='ltr'><strong>Ὅτι</strong></span> <span class='ocrx_word' id='word_1_48' title='bbox 450 1219 483 1288; x_wconf 81' lang='grc' dir='ltr'><strong>ἡ</strong></span> <span class='ocrx_word' id='word_1_49' title='bbox 518 1218 704 1290; x_wconf 85' lang='grc' dir='ltr'><strong>ἀγάπη</strong></span> <span class='ocrx_word' id='word_1_50' title='bbox 737 1217 918 1290; x_wconf 74' lang='grc' dir='ltr'>ἔρωτα</span> <span class='ocrx_word' id='word_1_51' title='bbox 953 1217 1120 1289; x_wconf 86' lang='grc' dir='ltr'><strong>δηλοῖ,</strong></span> <span class='ocrx_word' id='word_1_52' title='bbox 1153 1217 1247 1271; x_wconf 73' lang='grc' dir='ltr'><strong>καὶ</strong></span> <span class='ocrx_word' id='word_1_53' title='bbox 1295 1218 1378 1270; x_wconf 82' lang='grc' dir='ltr'><strong>ὅτι</strong></span> <span class='ocrx_word' id='word_1_54' title='bbox 1421 1216 1689 1288; x_wconf 76' lang='grc' dir='ltr'><strong>θεεοτερον</strong></span> 
     </span>
    </p>
   </div>
   <div class='ocr_carea' id='block_1_11' title="bbox 138 1309 1178 1383">
    <p class='ocr_par' dir='ltr' id='par_1_11' title="bbox 138 1309 1178 1383">
     <span class='ocr_line' id='line_1_11' title="bbox 138 1309 1178 1383; baseline -0.002 -17"><span class='ocrx_word' id='word_1_55' title='bbox 138 1312 282 1383; x_wconf 76' lang='grc' dir='ltr'>ὗνομα</span> <span class='ocrx_word' id='word_1_56' title='bbox 304 1310 397 1364; x_wconf 79' lang='grc' dir='ltr'><strong>τοῦ</strong></span> <span class='ocrx_word' id='word_1_57' title='bbox 429 1311 648 1383; x_wconf 73' lang='grc' dir='ltr'><strong>ἔρωτος.</strong></span> <span class='ocrx_word' id='word_1_58' title='bbox 1170 1309 1178 1315; x_wconf 84' lang='grc'><em>’</em></span> 
     </span>
    </p>
   </div>
   <div class='ocr_carea' id='block_1_12' title="bbox 196 1402 1688 1478">
    <p class='ocr_par' dir='ltr' id='par_1_12' title="bbox 196 1402 1688 1478">
     <span class='ocr_line' id='line_1_12' title="bbox 196 1402 1688 1478; baseline -0.018 0"><span class='ocrx_word' id='word_1_59' title='bbox 307 1404 443 1470; x_wconf 74' lang='grc' dir='ltr'><em>Τοῖς</em></span> <span class='ocrx_word' id='word_1_60' title='bbox 482 1404 663 1470; x_wconf 80' lang='grc' dir='ltr'><strong>θείοις</strong></span> <span class='ocrx_word' id='word_1_61' title='bbox 685 1402 949 1473; x_wconf 74' lang='grc' dir='ltr'><strong>μᾶλλον.</strong></span> <span class='ocrx_word' id='word_1_62' title='bbox 989 1403 1087 1458; x_wconf 82' lang='grc' dir='ltr'><strong>Διὰ</strong></span> <span class='ocrx_word' id='word_1_63' title='bbox 1119 1403 1172 1457; x_wconf 83' lang='grc' dir='ltr'><strong>τί</strong></span> <span class='ocrx_word' id='word_1_64' title='bbox 1203 1405 1314 1468; x_wconf 75' lang='grc' dir='ltr'><strong>τοῖς</strong></span> <span class='ocrx_word' id='word_1_65' title='bbox 1357 1402 1522 1467; x_wconf 82' lang='grc' dir='ltr'>θείοις</span> <span class='ocrx_word' id='word_1_66' title='bbox 1552 1402 1688 1474; x_wconf 82' lang='grc' dir='ltr'><strong>μᾶλ-</strong></span> 
     </span>
    </p>
   </div>
   <div class='ocr_carea' id='block_1_13' title="bbox 136 1494 1438 1568">
    <p class='ocr_par' dir='ltr' id='par_1_13' title="bbox 136 1494 1438 1568">
     <span class='ocr_line' id='line_1_13' title="bbox 136 1494 1438 1568; baseline 0.002 -19"><span class='ocrx_word' id='word_1_67' title='bbox 136 1497 210 1551; x_wconf 84' lang='grc' dir='ltr'>λον</span> <span class='ocrx_word' id='word_1_68' title='bbox 236 1496 546 1550; x_wconf 77' lang='grc' dir='ltr'><strong>ἀνατιθέασι</strong></span> <span class='ocrx_word' id='word_1_69' title='bbox 577 1494 668 1548; x_wconf 84' lang='grc' dir='ltr'><strong>τὸν</strong></span> <span class='ocrx_word' id='word_1_70' title='bbox 695 1495 864 1560; x_wconf 78' lang='grc' dir='ltr'>ὅντως</span> <span class='ocrx_word' id='word_1_71' title='bbox 894 1496 1072 1568; x_wconf 73' lang='grc' dir='ltr'>ἔρωτα</span> <span class='ocrx_word' id='word_1_72' title='bbox 1101 1499 1149 1550; x_wconf 78' lang='grc' dir='ltr'><strong>οἱ</strong></span> <span class='ocrx_word' id='word_1_73' title='bbox 1180 1496 1438 1566; x_wconf 87' lang='grc' dir='ltr'><strong>θεολόγοι.</strong></span> 
     </span>
    </p>
   </div>
   <div class='ocr_carea' id='block_1_14' title="bbox 189 1584 1687 1661">
    <p class='ocr_par' dir='ltr' id='par_1_14' title="bbox 189 1584 1687 1661">
     <span class='ocr_line' id='line_1_14' title="bbox 189 1584 1687 1661; baseline -0.005 -16"><span class='ocrx_word' id='word_1_74' title='bbox 189 1586 264 1661; x_wconf 82' lang='grc' dir='ltr'><strong>[γ]</strong></span> <span class='ocrx_word' id='word_1_75' title='bbox 305 1588 386 1643; x_wconf 83' lang='grc' dir='ltr'><strong>Τὰ</strong></span> <span class='ocrx_word' id='word_1_76' title='bbox 432 1587 654 1656; x_wconf 76' lang='grc' dir='ltr'><strong>πλήθη.</strong></span> <span class='ocrx_word' id='word_1_77' title='bbox 697 1587 1030 1659; x_wconf 80' lang='grc' dir='ltr'><strong>Σημείωσαι,</strong></span> <span class='ocrx_word' id='word_1_78' title='bbox 1052 1590 1134 1641; x_wconf 80' lang='grc' dir='ltr'><strong>ὅτι</strong></span> <span class='ocrx_word' id='word_1_79' title='bbox 1156 1584 1293 1660; x_wconf 79' lang='grc' dir='ltr'>πρὸς</span> <span class='ocrx_word' id='word_1_80' title='bbox 1318 1587 1598 1660; x_wconf 76' lang='grc' dir='ltr'><strong>ὃχωροῦσι</strong></span> <span class='ocrx_word' id='word_1_81' title='bbox 1619 1587 1687 1640; x_wconf 83' lang='grc' dir='ltr'><strong>τὰ</strong></span> 
     </span>
    </p>
   </div>
   <div class='ocr_carea' id='block_1_15' title="bbox 131 1678 1688 1752">
    <p class='ocr_par' dir='ltr' id='par_1_15' title="bbox 131 1678 1688 1752">
     <span class='ocr_line' id='line_1_15' title="bbox 131 1678 1688 1752; baseline 0 -20"><span class='ocrx_word' id='word_1_82' title='bbox 131 1679 305 1752; x_wconf 75' lang='grc' dir='ltr'><strong>πλήθη,</strong></span> <span class='ocrx_word' id='word_1_83' title='bbox 339 1680 425 1734; x_wconf 77' lang='grc' dir='ltr'><strong>δεῖ</strong></span> <span class='ocrx_word' id='word_1_84' title='bbox 452 1681 549 1734; x_wconf 75' lang='grc' dir='ltr'><strong>καὶ</strong></span> <span class='ocrx_word' id='word_1_85' title='bbox 578 1682 698 1743; x_wconf 82' lang='grc' dir='ltr'>ταῖς</span> <span class='ocrx_word' id='word_1_86' title='bbox 724 1678 902 1743; x_wconf 79' lang='grc' dir='ltr'><strong>λέξεσι</strong></span> <span class='ocrx_word' id='word_1_87' title='bbox 921 1679 1157 1750; x_wconf 78' lang='grc' dir='ltr'><strong>χρῆσθαι</strong></span> <span class='ocrx_word' id='word_1_88' title='bbox 1181 1695 1195 1708; x_wconf 86' lang='grc'><strong>·</strong></span> <span class='ocrx_word' id='word_1_89' title='bbox 1220 1679 1366 1749; x_wconf 87' lang='grc' dir='ltr'>λέγει</span> <span class='ocrx_word' id='word_1_90' title='bbox 1388 1679 1445 1732; x_wconf 74' lang='grc' dir='ltr'><strong>δὲ</strong></span> <span class='ocrx_word' id='word_1_91' title='bbox 1471 1678 1524 1732; x_wconf 84' lang='grc' dir='ltr'><strong>τι</strong></span> <span class='ocrx_word' id='word_1_92' title='bbox 1545 1682 1688 1732; x_wconf 84' lang='grc' dir='ltr'><strong>ποιεῖ</strong></span> 
     </span>
    </p>
   </div>
   <div class='ocr_carea' id='block_1_16' title="bbox 130 1769 1682 1844">
    <p class='ocr_par' dir='ltr' id='par_1_16' title="bbox 130 1769 1682 1844">
     <span class='ocr_line' id='line_1_16' title="bbox 130 1769 1682 1844; baseline -0.001 -19"><span class='ocrx_word' id='word_1_93' title='bbox 130 1771 318 1844; x_wconf 78' lang='grc' dir='ltr'>ὁέρως,</span> <span class='ocrx_word' id='word_1_94' title='bbox 349 1772 449 1826; x_wconf 79' lang='grc' dir='ltr'><strong>καὶ</strong></span> <span class='ocrx_word' id='word_1_95' title='bbox 494 1773 623 1844; x_wconf 71' lang='grc' dir='ltr'>περὶ</span> <span class='ocrx_word' id='word_1_96' title='bbox 667 1770 760 1825; x_wconf 83' lang='grc' dir='ltr'><strong>δύο</strong></span> <span class='ocrx_word' id='word_1_97' title='bbox 805 1770 1046 1843; x_wconf 79' lang='grc' dir='ltr'>ἐρώτων,</span> <span class='ocrx_word' id='word_1_98' title='bbox 1077 1769 1218 1824; x_wconf 76' lang='grc' dir='ltr'>θείου</span> <span class='ocrx_word' id='word_1_99' title='bbox 1265 1771 1360 1824; x_wconf 75' lang='grc' dir='ltr'><strong>καὶ</strong></span> <span class='ocrx_word' id='word_1_100' title='bbox 1407 1769 1682 1842; x_wconf 79' lang='grc' dir='ltr'><strong>μεριστοῦ,</strong></span> 
     </span>
    </p>
   </div>
   <div class='ocr_carea' id='block_1_17' title="bbox 128 1861 738 1935">
    <p class='ocr_par' dir='ltr' id='par_1_17' title="bbox 128 1861 738 1935">
     <span class='ocr_line' id='line_1_17' title="bbox 128 1861 738 1935; baseline 0 -19"><span class='ocrx_word' id='word_1_101' title='bbox 128 1861 224 1933; x_wconf 73' lang='grc' dir='ltr'><strong>ἦτοι</strong></span> <span class='ocrx_word' id='word_1_102' title='bbox 255 1861 738 1935; x_wconf 82' lang='grc' dir='ltr'><strong>σωματοπρεποῦς.</strong></span> 
     </span>
    </p>
   </div>
   <div class='ocr_carea' id='block_1_18' title="bbox 1795 675 3364 748">
    <p class='ocr_par' dir='ltr' id='par_1_18' title="bbox 1795 675 3364 748">
     <span class='ocr_line' id='line_1_18' title="bbox 1795 675 3364 748; baseline -0.003 -14"><span class='ocrx_word' id='word_1_103' title='bbox 1795 686 1881 734; x_wconf 87' lang='lat' dir='ltr'><strong>est</strong></span> <span class='ocrx_word' id='word_1_104' title='bbox 1929 678 2055 748; x_wconf 85' lang='lat' dir='ltr'><strong>quia</strong></span> <span class='ocrx_word' id='word_1_105' title='bbox 2101 693 2211 732; x_wconf 92' lang='lat' dir='ltr'><strong>non</strong></span> <span class='ocrx_word' id='word_1_106' title='bbox 2245 677 2477 733; x_wconf 89' lang='lat' dir='ltr'><strong>habetur</strong></span> <span class='ocrx_word' id='word_1_107' title='bbox 2511 697 2523 732; x_wconf 94' lang='lat'>:</span> <span class='ocrx_word' id='word_1_108' title='bbox 2559 677 2738 732; x_wconf 85' lang='lat' dir='ltr'><strong>scribit</strong></span> <span class='ocrx_word' id='word_1_109' title='bbox 2789 694 2907 733; x_wconf 76' lang='lat' dir='ltr'><strong>vero</strong></span> <span class='ocrx_word' id='word_1_110' title='bbox 2939 677 3280 748; x_wconf 75' lang='lat' dir='ltr'><strong>quibusdam,</strong></span> <span class='ocrx_word' id='word_1_111' title='bbox 3312 675 3364 729; x_wconf 83' lang='lat' dir='ltr'><strong>id</strong></span> 
     </span>
    </p>
   </div>
   <div class='ocr_carea' id='block_1_19' title="bbox 1796 768 3365 840">
    <p class='ocr_par' dir='ltr' id='par_1_19' title="bbox 1796 768 3365 840">
     <span class='ocr_line' id='line_1_19' title="bbox 1796 768 3365 840; baseline -0.003 -14"><span class='ocrx_word' id='word_1_112' title='bbox 1796 778 1880 826; x_wconf 87' lang='lat' dir='ltr'><strong>est</strong></span> <span class='ocrx_word' id='word_1_113' title='bbox 1909 768 2211 825; x_wconf 82' lang='lat' dir='ltr'><strong>Romanis:</strong></span> <span class='ocrx_word' id='word_1_114' title='bbox 2244 769 2339 824; x_wconf 83' lang='lat' dir='ltr'><strong>sed</strong></span> <span class='ocrx_word' id='word_1_115' title='bbox 2388 770 2727 840; x_wconf 84' lang='lat' dir='ltr'><strong>simpliciter,</strong></span> <span class='ocrx_word' id='word_1_116' title='bbox 2762 769 2956 824; x_wconf 83' lang='lat' dir='ltr'><strong>Scribit</strong></span> <span class='ocrx_word' id='word_1_117' title='bbox 3000 786 3119 824; x_wconf 79' lang='lat' dir='ltr'><strong>vero</strong></span> <span class='ocrx_word' id='word_1_118' title='bbox 3157 768 3365 823; x_wconf 85' lang='lat' dir='ltr'><strong>divinus</strong></span> 
     </span>
    </p>
   </div>
   <div class='ocr_carea' id='block_1_20' title="bbox 1800 859 2062 933">
    <p class='ocr_par' dir='ltr' id='par_1_20' title="bbox 1800 859 2062 933">
     <span class='ocr_line' id='line_1_20' title="bbox 1800 859 2062 933; baseline 0.004 -17"><span class='ocrx_word' id='word_1_119' title='bbox 1800 859 2062 933; x_wconf 87' lang='lat' dir='ltr'><strong>lgnatius.</strong></span> 
     </span>
    </p>
   </div>
   <div class='ocr_carea' id='block_1_21' title="bbox 1866 949 3368 1024">
    <p class='ocr_par' dir='ltr' id='par_1_21' title="bbox 1866 949 3368 1024">
     <span class='ocr_line' id='line_1_21' title="bbox 1866 949 3368 1024; baseline -0.003 -16"><span class='ocrx_word' id='word_1_120' title='bbox 1866 954 1934 1008; x_wconf 86' lang='lat' dir='ltr'><strong>Et</strong></span> <span class='ocrx_word' id='word_1_121' title='bbox 1962 952 2688 1024; x_wconf 64' lang='lat' dir='ltr'><strong>praeviisintroductionibus.</strong></span> <span class='ocrx_word' id='word_1_122' title='bbox 2730 950 3022 1006; x_wconf 85' lang='lat' dir='ltr'><strong>Sciendum</strong></span> <span class='ocrx_word' id='word_1_123' title='bbox 3064 949 3212 1022; x_wconf 89' lang='lat' dir='ltr'><strong>quod</strong></span> <span class='ocrx_word' id='word_1_124' title='bbox 3255 951 3368 1020; x_wconf 90' lang='lat' dir='ltr'><strong>pri—</strong></span> 
     </span>
    </p>
   </div>
   <div class='ocr_carea' id='block_1_22' title="bbox 1793 1038 3366 1111">
    <p class='ocr_par' dir='ltr' id='par_1_22' title="bbox 1793 1038 3366 1111">
     <span class='ocr_line' id='line_1_22' title="bbox 1793 1038 3366 1111; baseline 0.001 -15"><span class='ocrx_word' id='word_1_125' title='bbox 1793 1057 1912 1098; x_wconf 84' lang='lat' dir='ltr'><strong>mas</strong></span> <span class='ocrx_word' id='word_1_126' title='bbox 1963 1043 2333 1098; x_wconf 71' lang='lat' dir='ltr'><strong>institutiones</strong></span> <span class='ocrx_word' id='word_1_127' title='bbox 2388 1041 2587 1097; x_wconf 69' lang='lat' dir='ltr'><strong>divina:</strong></span> <span class='ocrx_word' id='word_1_128' title='bbox 2644 1038 2939 1111; x_wconf 62' lang='lat' dir='ltr'><strong>Scriptura;</strong></span> <span class='ocrx_word' id='word_1_129' title='bbox 2986 1049 3143 1097; x_wconf 88' lang='lat' dir='ltr'><strong>vocet</strong></span> <span class='ocrx_word' id='word_1_130' title='bbox 3196 1041 3366 1097; x_wconf 87' lang='lat' dir='ltr'><strong>libros</strong></span> 
     </span>
    </p>
   </div>
   <div class='ocr_carea' id='block_1_23' title="bbox 1795 1131 3067 1204">
    <p class='ocr_par' dir='ltr' id='par_1_23' title="bbox 1795 1131 3067 1204">
     <span class='ocr_line' id='line_1_23' title="bbox 1795 1131 3067 1204; baseline 0.001 -18"><span class='ocrx_word' id='word_1_131' title='bbox 1795 1131 2106 1189; x_wconf 91' lang='lat' dir='ltr'><strong>Salomonis</strong></span> <span class='ocrx_word' id='word_1_132' title='bbox 2142 1150 2209 1189; x_wconf 82' lang='lat' dir='ltr'><strong>ex</strong></span> <span class='ocrx_word' id='word_1_133' title='bbox 2242 1148 2351 1204; x_wconf 90' lang='lat' dir='ltr'><strong>quo</strong></span> <span class='ocrx_word' id='word_1_134' title='bbox 2379 1133 2544 1188; x_wconf 87' lang='lat' dir='ltr'><strong>etiam</strong></span> <span class='ocrx_word' id='word_1_135' title='bbox 2568 1133 2734 1187; x_wconf 86' lang='lat' dir='ltr'><strong>verba</strong></span> <span class='ocrx_word' id='word_1_136' title='bbox 2762 1133 3067 1203; x_wconf 81' lang='lat' dir='ltr'><strong>desumpta.</strong></span> 
     </span>
    </p>
   </div>
   <div class='ocr_carea' id='block_1_24' title="bbox 1861 1223 3362 1295">
    <p class='ocr_par' dir='ltr' id='par_1_24' title="bbox 1861 1223 3362 1295">
     <span class='ocr_line' id='line_1_24' title="bbox 1861 1223 3362 1295; baseline 0.001 -17"><span class='ocrx_word' id='word_1_137' title='bbox 1861 1225 2015 1291; x_wconf 86' lang='lat' dir='ltr'><strong>Quod</strong></span> <span class='ocrx_word' id='word_1_138' title='bbox 2055 1227 2300 1281; x_wconf 88' lang='lat' dir='ltr'><strong>cbaritas</strong></span> <span class='ocrx_word' id='word_1_139' title='bbox 2339 1239 2579 1280; x_wconf 89' lang='lat' dir='ltr'><strong>amorem</strong></span> <span class='ocrx_word' id='word_1_140' title='bbox 2618 1223 2920 1295; x_wconf 76' lang='lat' dir='ltr'><strong>signiﬁcet,</strong></span> <span class='ocrx_word' id='word_1_141' title='bbox 2965 1225 3123 1295; x_wconf 86' lang='lat' dir='ltr'><strong>cujus</strong></span> <span class='ocrx_word' id='word_1_142' title='bbox 3166 1241 3362 1280; x_wconf 88' lang='lat' dir='ltr'><strong>nomen</strong></span> 
     </span>
    </p>
   </div>
   <div class='ocr_carea' id='block_1_25' title="bbox 1789 1315 2160 1374">
    <p class='ocr_par' dir='ltr' id='par_1_25' title="bbox 1789 1315 2160 1374">
     <span class='ocr_line' id='line_1_25' title="bbox 1789 1315 2160 1374; baseline 0.008 -5"><span class='ocrx_word' id='word_1_143' title='bbox 1789 1315 2028 1373; x_wconf 86' lang='lat' dir='ltr'><strong>divinius</strong></span> <span class='ocrx_word' id='word_1_144' title='bbox 2060 1328 2160 1374; x_wconf 88' lang='lat' dir='ltr'><strong>est.</strong></span> 
     </span>
    </p>
   </div>
   <div class='ocr_carea' id='block_1_26' title="bbox 1861 1406 3368 1480">
    <p class='ocr_par' dir='ltr' id='par_1_26' title="bbox 1861 1406 3368 1480">
     <span class='ocr_line' id='line_1_26' title="bbox 1861 1406 3368 1480; baseline 0.003 -20"><span class='ocrx_word' id='word_1_145' title='bbox 1861 1406 2066 1463; x_wconf 76' lang='lat' dir='ltr'><strong>Divinis</strong></span> <span class='ocrx_word' id='word_1_146' title='bbox 2096 1410 2296 1478; x_wconf 81' lang='lat' dir='ltr'><strong>potius.</strong></span> <span class='ocrx_word' id='word_1_147' title='bbox 2337 1409 2450 1464; x_wconf 87' lang='lat' dir='ltr'><strong>Cur</strong></span> <span class='ocrx_word' id='word_1_148' title='bbox 2478 1407 2681 1464; x_wconf 79' lang='lat' dir='ltr'><strong>divinis</strong></span> <span class='ocrx_word' id='word_1_149' title='bbox 2712 1409 2894 1480; x_wconf 84' lang='lat' dir='ltr'><strong>potius</strong></span> <span class='ocrx_word' id='word_1_150' title='bbox 2924 1407 3228 1463; x_wconf 87' lang='lat' dir='ltr'><strong>attribuant</strong></span> <span class='ocrx_word' id='word_1_151' title='bbox 3271 1427 3368 1465; x_wconf 84' lang='lat' dir='ltr'><strong>ve-</strong></span> 
     </span>
    </p>
   </div>
   <div class='ocr_carea' id='block_1_27' title="bbox 1788 1503 2478 1574">
    <p class='ocr_par' dir='ltr' id='par_1_27' title="bbox 1788 1503 2478 1574">
     <span class='ocr_line' id='line_1_27' title="bbox 1788 1503 2478 1574; baseline 0.001 -18"><span class='ocrx_word' id='word_1_152' title='bbox 1788 1517 1910 1556; x_wconf 86' lang='lat' dir='ltr'><strong>rum</strong></span> <span class='ocrx_word' id='word_1_153' title='bbox 1945 1517 2183 1557; x_wconf 89' lang='lat' dir='ltr'><strong>amorem</strong></span> <span class='ocrx_word' id='word_1_154' title='bbox 2219 1503 2478 1574; x_wconf 80' lang='lat' dir='ltr'><strong>theologi.</strong></span> 
     </span>
    </p>
   </div>
   <div class='ocr_carea' id='block_1_28' title="bbox 1873 1591 3366 1664">
    <p class='ocr_par' dir='ltr' id='par_1_28' title="bbox 1873 1591 3366 1664">
     <span class='ocr_line' id='line_1_28' title="bbox 1873 1591 3366 1664; baseline 0.003 -20"><span class='ocrx_word' id='word_1_155' title='bbox 1873 1591 2091 1663; x_wconf 80' lang='lat' dir='ltr'><strong>Vulgus.</strong></span> <span class='ocrx_word' id='word_1_156' title='bbox 2133 1591 2271 1647; x_wconf 85' lang='lat' dir='ltr'><strong>Nota</strong></span> <span class='ocrx_word' id='word_1_157' title='bbox 2319 1608 2421 1663; x_wconf 88' lang='lat' dir='ltr'><strong>pro</strong></span> <span class='ocrx_word' id='word_1_158' title='bbox 2465 1600 2626 1664; x_wconf 89' lang='lat' dir='ltr'><strong>captu</strong></span> <span class='ocrx_word' id='word_1_159' title='bbox 2659 1593 2803 1664; x_wconf 83' lang='lat' dir='ltr'><strong>vulgi</strong></span> <span class='ocrx_word' id='word_1_160' title='bbox 2837 1592 3000 1648; x_wconf 78' lang='lat' dir='ltr'><strong>etiam</strong></span> <span class='ocrx_word' id='word_1_161' title='bbox 3029 1592 3366 1648; x_wconf 72' lang='lat' dir='ltr'><strong>dictionibus</strong></span> 
     </span>
    </p>
   </div>
   <div class='ocr_carea' id='block_1_29' title="bbox 1787 1684 3366 1756">
    <p class='ocr_par' dir='ltr' id='par_1_29' title="bbox 1787 1684 3366 1756">
     <span class='ocr_line' id='line_1_29' title="bbox 1787 1684 3366 1756; baseline 0.001 -19"><span class='ocrx_word' id='word_1_162' title='bbox 1787 1684 2047 1738; x_wconf 86' lang='lat' dir='ltr'><strong>utendum</strong></span> <span class='ocrx_word' id='word_1_163' title='bbox 2071 1703 2086 1752; x_wconf 93' lang='lat'><strong>;</strong></span> <span class='ocrx_word' id='word_1_164' title='bbox 2111 1687 2242 1740; x_wconf 86' lang='lat' dir='ltr'><strong>dicit</strong></span> <span class='ocrx_word' id='word_1_165' title='bbox 2268 1692 2473 1750; x_wconf 85' lang='lat' dir='ltr'><strong>autem,</strong></span> <span class='ocrx_word' id='word_1_166' title='bbox 2499 1685 2628 1756; x_wconf 90' lang='lat' dir='ltr'><strong>quid</strong></span> <span class='ocrx_word' id='word_1_167' title='bbox 2661 1685 2825 1740; x_wconf 85' lang='lat' dir='ltr'><strong>faciat</strong></span> <span class='ocrx_word' id='word_1_168' title='bbox 2847 1700 3022 1750; x_wconf 89' lang='lat' dir='ltr'><strong>amor,</strong></span> <span class='ocrx_word' id='word_1_169' title='bbox 3054 1684 3274 1756; x_wconf 77' lang='lat' dir='ltr'><strong>agitque</strong></span> <span class='ocrx_word' id='word_1_170' title='bbox 3297 1685 3366 1739; x_wconf 90' lang='lat' dir='ltr'><strong>de</strong></span> 
     </span>
    </p>
   </div>
   <div class='ocr_carea' id='block_1_30' title="bbox 1785 1773 3365 1847">
    <p class='ocr_par' dir='ltr' id='par_1_30' title="bbox 1785 1773 3365 1847">
     <span class='ocr_line' id='line_1_30' title="bbox 1785 1773 3365 1847; baseline 0.002 -18"><span class='ocrx_word' id='word_1_171' title='bbox 1785 1773 2000 1830; x_wconf 88' lang='lat' dir='ltr'><strong>duobus</strong></span> <span class='ocrx_word' id='word_1_172' title='bbox 2028 1776 2331 1841; x_wconf 87' lang='lat' dir='ltr'><strong>amoribus,</strong></span> <span class='ocrx_word' id='word_1_173' title='bbox 2365 1776 2552 1831; x_wconf 88' lang='lat' dir='ltr'><strong>divino</strong></span> <span class='ocrx_word' id='word_1_174' title='bbox 2585 1784 2639 1831; x_wconf 90' lang='lat' dir='ltr'><strong>et</strong></span> <span class='ocrx_word' id='word_1_175' title='bbox 2677 1776 2937 1832; x_wconf 90' lang='lat' dir='ltr'><strong>divisibili</strong></span> <span class='ocrx_word' id='word_1_176' title='bbox 2978 1791 3074 1832; x_wconf 90' lang='lat' dir='ltr'><strong>seu</strong></span> <span class='ocrx_word' id='word_1_177' title='bbox 3115 1778 3365 1847; x_wconf 88' lang='lat' dir='ltr'><strong>corporis</strong></span> 
     </span>
    </p>
   </div>
   <div class='ocr_carea' id='block_1_31' title="bbox 1786 1882 2032 1938">
    <p class='ocr_par' dir='ltr' id='par_1_31' title="bbox 1786 1882 2032 1938">
     <span class='ocr_line' id='line_1_31' title="bbox 1786 1882 2032 1938; baseline 0.004 -17"><span class='ocrx_word' id='word_1_178' title='bbox 1786 1882 2032 1938; x_wconf 76' lang='lat' dir='ltr'><strong>pmprio.</strong></span> 
     </span>
    </p>
   </div>
   <div class='ocr_carea' id='block_1_32' title="bbox 186 1918 1685 2031">
    <p class='ocr_par' dir='ltr' id='par_1_32' title="bbox 186 1918 1682 2027">
     <span class='ocr_line' id='line_1_32' title="bbox 186 1918 1682 2027; baseline 0 -18"><span class='ocrx_word' id='word_1_179' title='bbox 186 1955 250 2027; x_wconf 74' lang='grc' dir='ltr'><strong>[δ]</strong></span> <span class='ocrx_word' id='word_1_180' title='bbox 266 1918 354 2022; x_wconf 62' lang='grc' dir='ltr'><strong>Ὡξ-</strong></span> <span class='ocrx_word' id='word_1_181' title='bbox 366 1918 869 2026; x_wconf 34' lang='grc' dir='ltr'><strong>δυσέερέστνερον.</strong></span> <span class='ocrx_word' id='word_1_182' title='bbox 897 1955 984 2019; x_wconf 82' lang='grc' dir='ltr'><strong><em>Ὠς</em></strong></span> <span class='ocrx_word' id='word_1_183' title='bbox 996 1955 1245 2027; x_wconf 74' lang='grc' dir='ltr'><strong>διαϐεϐλη</strong></span> <span class='ocrx_word' id='word_1_184' title='bbox 1253 1955 1410 2027; x_wconf 83' lang='grc' dir='ltr'>μένον</span> <span class='ocrx_word' id='word_1_185' title='bbox 1423 1918 1682 2027; x_wconf 76' lang='grc' dir='ltr'><strong>δηλονότι.</strong></span> 
     </span>
    </p>
   </div>
   <div class='ocr_carea' id='block_1_33' title="bbox 1817 1918 3298 2031">
    <p class='ocr_par' dir='ltr' id='par_1_33' title="bbox 1859 1918 3298 2031">
     <span class='ocr_line' id='line_1_33' title="bbox 1859 1918 3298 2031; baseline 0 -17"><span class='ocrx_word' id='word_1_186' title='bbox 1859 1918 2079 2016; x_wconf 66' lang='grc' dir='ltr'><strong>ὁιινὶαε.</strong></span> <span class='ocrx_word' id='word_1_187' title='bbox 2123 1959 2391 2016; x_wconf 81' lang='lat' dir='ltr'><strong>Videlicet</strong></span> <span class='ocrx_word' id='word_1_188' title='bbox 2416 1965 2677 2031; x_wconf 86' lang='lat' dir='ltr'><strong>tanquam</strong></span> <span class='ocrx_word' id='word_1_189' title='bbox 2711 1959 3182 2031; x_wconf 80' lang='lat' dir='ltr'><strong>reprehensivum.</strong></span> <span class='ocrx_word' id='word_1_190' title='bbox 3293 1965 3298 1970; x_wconf 80' lang='grc'>’</span> 
     </span>
    </p>
   </div>
   <div class='ocr_carea' id='block_1_34' title="bbox 183 2042 1686 2120">
    <p class='ocr_par' dir='ltr' id='par_1_34' title="bbox 183 2042 1686 2120">
     <span class='ocr_line' id='line_1_34' title="bbox 183 2042 1686 2120; baseline -0.001 -19"><span class='ocrx_word' id='word_1_191' title='bbox 183 2047 249 2120; x_wconf 86' lang='grc' dir='ltr'><strong>[ε]</strong></span> <span class='ocrx_word' id='word_1_192' title='bbox 298 2042 611 2114; x_wconf 76' lang='grc' dir='ltr'><strong>Ὲπέπεσε,</strong></span> <span class='ocrx_word' id='word_1_193' title='bbox 635 2049 726 2114; x_wconf 83' lang='grc' dir='ltr'><strong>τίς</strong></span> <span class='ocrx_word' id='word_1_194' title='bbox 749 2065 956 2118; x_wconf 68' lang='grc' dir='ltr'><strong>φησιν.</strong></span> <span class='ocrx_word' id='word_1_195' title='bbox 1002 2047 1058 2101; x_wconf 86' lang='grc'><strong>’0</strong></span> <span class='ocrx_word' id='word_1_196' title='bbox 1077 2047 1238 2102; x_wconf 77' lang='grc' dir='ltr'>Δαυὶδ</span> <span class='ocrx_word' id='word_1_197' title='bbox 1263 2047 1410 2116; x_wconf 81' lang='grc' dir='ltr'><strong>λέγει</strong></span> <span class='ocrx_word' id='word_1_198' title='bbox 1438 2047 1568 2119; x_wconf 70' lang='grc' dir='ltr'>περὶ</span> <span class='ocrx_word' id='word_1_199' title='bbox 1593 2047 1686 2100; x_wconf 84' lang='grc' dir='ltr'><strong>τοῦ</strong></span> 
     </span>
    </p>
   </div>
   <div class='ocr_carea' id='block_1_35' title="bbox 137 2140 1248 2216">
    <p class='ocr_par' dir='ltr' id='par_1_35' title="bbox 137 2140 1248 2216">
     <span class='ocr_line' id='line_1_35' title="bbox 137 2140 1248 2216; baseline -0.001 -23"><span class='ocrx_word' id='word_1_200' title='bbox 137 2141 364 2194; x_wconf 83' lang='grc' dir='ltr'>Ἰωνάθαν</span> <span class='ocrx_word' id='word_1_201' title='bbox 396 2143 456 2194; x_wconf 84' lang='grc' dir='ltr'>ὲν</span> <span class='ocrx_word' id='word_1_202' title='bbox 483 2145 550 2213; x_wconf 82' lang='grc' dir='ltr'><strong>τῇ</strong></span> <span class='ocrx_word' id='word_1_203' title='bbox 579 2141 772 2216; x_wconf 76' lang='grc' dir='ltr'>πρώτῃ</span> <span class='ocrx_word' id='word_1_204' title='bbox 793 2142 900 2194; x_wconf 85' lang='grc' dir='ltr'>τῶν</span> <span class='ocrx_word' id='word_1_205' title='bbox 930 2140 1248 2195; x_wconf 85' lang='grc' dir='ltr'><strong>Βασιλειῶν.</strong></span> 
     </span>
    </p>
   </div>
   <div class='ocr_carea' id='block_1_36' title="bbox 185 2229 1690 2305">
    <p class='ocr_par' dir='ltr' id='par_1_36' title="bbox 185 2229 1690 2305">
     <span class='ocr_line' id='line_1_36' title="bbox 185 2229 1690 2305; baseline -0.003 -17"><span class='ocrx_word' id='word_1_206' title='bbox 185 2229 263 2305; x_wconf 82' lang='grc' dir='ltr'><strong>[ς]</strong></span> <span class='ocrx_word' id='word_1_207' title='bbox 303 2231 584 2287; x_wconf 81' lang='grc' dir='ltr'><strong>Τάττετιιι</strong></span> <span class='ocrx_word' id='word_1_208' title='bbox 630 2232 781 2300; x_wconf 84' lang='grc' dir='ltr'>πρὸς</span> <span class='ocrx_word' id='word_1_209' title='bbox 807 2232 926 2286; x_wconf 76' lang='grc' dir='ltr'><strong>τῶν</strong></span> <span class='ocrx_word' id='word_1_210' title='bbox 955 2232 1147 2301; x_wconf 76' lang='grc' dir='ltr'><strong>ιερῶν.</strong></span> <span class='ocrx_word' id='word_1_211' title='bbox 1189 2233 1312 2286; x_wconf 86' lang='grc' dir='ltr'><strong>Ὅτι</strong></span> <span class='ocrx_word' id='word_1_212' title='bbox 1348 2229 1415 2284; x_wconf 82' lang='grc' dir='ltr'><strong>τὸ</strong></span> <span class='ocrx_word' id='word_1_213' title='bbox 1441 2232 1575 2286; x_wconf 80' lang='grc' dir='ltr'><strong>αὐτὸ</strong></span> <span class='ocrx_word' id='word_1_214' title='bbox 1600 2231 1690 2285; x_wconf 78' lang='grc' dir='ltr'><strong>δύ-</strong></span> 
     </span>
    </p>
   </div>
   <div class='ocr_carea' id='block_1_37' title="bbox 125 2323 1684 2397">
    <p class='ocr_par' dir='ltr' id='par_1_37' title="bbox 125 2323 1684 2397">
     <span class='ocr_line' id='line_1_37' title="bbox 125 2323 1684 2397; baseline 0.001 -21"><span class='ocrx_word' id='word_1_215' title='bbox 125 2341 258 2378; x_wconf 80' lang='grc' dir='ltr'>ναται</span> <span class='ocrx_word' id='word_1_216' title='bbox 277 2325 470 2397; x_wconf 82' lang='grc' dir='ltr'><strong>ἀγάπη</strong></span> <span class='ocrx_word' id='word_1_217' title='bbox 493 2326 588 2380; x_wconf 77' lang='grc' dir='ltr'><strong>καὶ</strong></span> <span class='ocrx_word' id='word_1_218' title='bbox 604 2325 764 2396; x_wconf 84' lang='grc' dir='ltr'><strong>ἔρως,</strong></span> <span class='ocrx_word' id='word_1_219' title='bbox 794 2324 890 2379; x_wconf 72' lang='grc' dir='ltr'><strong>καὶ</strong></span> <span class='ocrx_word' id='word_1_220' title='bbox 909 2324 993 2389; x_wconf 77' lang='grc' dir='ltr'><strong>τίς</strong></span> <span class='ocrx_word' id='word_1_221' title='bbox 1011 2327 1046 2397; x_wconf 78' lang='grc' dir='ltr'><strong>ἡ</strong></span> <span class='ocrx_word' id='word_1_222' title='bbox 1071 2325 1166 2378; x_wconf 81' lang='grc' dir='ltr'><strong>τοῦ</strong></span> <span class='ocrx_word' id='word_1_223' title='bbox 1195 2324 1396 2397; x_wconf 73' lang='grc' dir='ltr'><strong>ἔρωτος</strong></span> <span class='ocrx_word' id='word_1_224' title='bbox 1416 2323 1684 2396; x_wconf 78' lang='grc' dir='ltr'>ἐνέργεια.</span> 
     </span>
    </p>
   </div>
   <div class='ocr_carea' id='block_1_38' title="bbox 182 2415 1689 2489">
    <p class='ocr_par' dir='ltr' id='par_1_38' title="bbox 182 2415 1689 2489">
     <span class='ocr_line' id='line_1_38' title="bbox 182 2415 1689 2489; baseline -0.001 -18"><span class='ocrx_word' id='word_1_225' title='bbox 182 2415 252 2488; x_wconf 80' lang='grc' dir='ltr'><strong>[ζ]</strong></span> <span class='ocrx_word' id='word_1_226' title='bbox 273 2416 703 2488; x_wconf 75' lang='grc' dir='ltr'><strong>Συγκρατικῆς.</strong></span> <span class='ocrx_word' id='word_1_227' title='bbox 746 2416 1003 2471; x_wconf 77' lang='grc' dir='ltr'><strong>Τουτέστι</strong></span> <span class='ocrx_word' id='word_1_228' title='bbox 1040 2417 1418 2489; x_wconf 70' lang='grc' dir='ltr'><strong>ωγκιρνώσης</strong></span> <span class='ocrx_word' id='word_1_229' title='bbox 1434 2416 1503 2470; x_wconf 80' lang='grc' dir='ltr'><strong>τὰ</strong></span> <span class='ocrx_word' id='word_1_230' title='bbox 1523 2417 1689 2488; x_wconf 78' lang='grc' dir='ltr'>ἐρῶν-</span> 
     </span>
    </p>
   </div>
   <div class='ocr_carea' id='block_1_39' title="bbox 124 2510 653 2582">
    <p class='ocr_par' dir='ltr' id='par_1_39' title="bbox 124 2510 653 2582">
     <span class='ocr_line' id='line_1_39' title="bbox 124 2510 653 2582; baseline 0.002 -21"><span class='ocrx_word' id='word_1_231' title='bbox 124 2526 178 2562; x_wconf 77' lang='grc' dir='ltr'>τα</span> <span class='ocrx_word' id='word_1_232' title='bbox 193 2511 236 2542; x_wconf 83' lang='grc'><strong>⁷³</strong></span> <span class='ocrx_word' id='word_1_233' title='bbox 263 2511 400 2582; x_wconf 80' lang='grc' dir='ltr'>πρὸς</span> <span class='ocrx_word' id='word_1_234' title='bbox 430 2510 653 2580; x_wconf 76' lang='grc' dir='ltr'><strong>ἄλληλα.</strong></span> 
     </span>
    </p>
   </div>
   <div class='ocr_carea' id='block_1_40' title="bbox 183 2598 1688 2674">
    <p class='ocr_par' dir='ltr' id='par_1_40' title="bbox 183 2598 1688 2674">
     <span class='ocr_line' id='line_1_40' title="bbox 183 2598 1688 2674; baseline -0.003 -17"><span class='ocrx_word' id='word_1_235' title='bbox 183 2600 254 2674; x_wconf 78' lang='grc' dir='ltr'><strong>[η]</strong></span> <span class='ocrx_word' id='word_1_236' title='bbox 293 2604 398 2657; x_wconf 83' lang='grc' dir='ltr'><strong>Διὰ</strong></span> <span class='ocrx_word' id='word_1_237' title='bbox 437 2603 504 2655; x_wconf 85' lang='grc' dir='ltr'><strong>τὸ</strong></span> <span class='ocrx_word' id='word_1_238' title='bbox 540 2603 751 2657; x_wconf 72' lang='grc' dir='ltr'><em>καλόν.</em></span> <span class='ocrx_word' id='word_1_239' title='bbox 796 2603 973 2674; x_wconf 82' lang='grc' dir='ltr'><strong>Ὅπερ</strong></span> <span class='ocrx_word' id='word_1_240' title='bbox 1019 2598 1171 2655; x_wconf 79' lang='grc' dir='ltr'>εἶπεν</span> <span class='ocrx_word' id='word_1_241' title='bbox 1218 2601 1350 2665; x_wconf 80' lang='grc' dir='ltr'>ἄνω,</span> <span class='ocrx_word' id='word_1_242' title='bbox 1380 2603 1520 2655; x_wconf 85' lang='grc' dir='ltr'><strong>ὄτιό</strong></span> <span class='ocrx_word' id='word_1_243' title='bbox 1547 2600 1688 2665; x_wconf 84' lang='grc' dir='ltr'><strong>θεῖος</strong></span> 
     </span>
    </p>
   </div>
   <div class='ocr_carea' id='block_1_41' title="bbox 124 2693 1686 2767">
    <p class='ocr_par' dir='ltr' id='par_1_41' title="bbox 124 2693 1686 2767">
     <span class='ocr_line' id='line_1_41' title="bbox 124 2693 1686 2767; baseline 0 -22"><span class='ocrx_word' id='word_1_244' title='bbox 124 2694 258 2765; x_wconf 78' lang='grc' dir='ltr'>ἔρως,</span> <span class='ocrx_word' id='word_1_245' title='bbox 289 2695 664 2767; x_wconf 81' lang='grc' dir='ltr'>προῦπάρχων</span> <span class='ocrx_word' id='word_1_246' title='bbox 695 2695 764 2747; x_wconf 72' lang='grc' dir='ltr'>ἐν</span> <span class='ocrx_word' id='word_1_247' title='bbox 806 2693 887 2760; x_wconf 84' lang='grc' dir='ltr'><strong>τῷ</strong></span> <span class='ocrx_word' id='word_1_248' title='bbox 919 2693 1137 2763; x_wconf 77' lang='grc' dir='ltr'><strong>ἀγαθῷ,</strong></span> <span class='ocrx_word' id='word_1_249' title='bbox 1172 2693 1324 2746; x_wconf 75' lang='grc' dir='ltr'><strong>ἔτεκε</strong></span> <span class='ocrx_word' id='word_1_250' title='bbox 1351 2693 1444 2747; x_wconf 80' lang='grc' dir='ltr'><strong>τὸν</strong></span> <span class='ocrx_word' id='word_1_251' title='bbox 1471 2695 1528 2746; x_wconf 78' lang='grc' dir='ltr'>ὲν</span> <span class='ocrx_word' id='word_1_252' title='bbox 1556 2694 1686 2763; x_wconf 75' lang='grc' dir='ltr'>ἡμῖν</span> 
     </span>
    </p>
   </div>
   <div class='ocr_carea' id='block_1_42' title="bbox 123 2781 1200 2857">
    <p class='ocr_par' dir='ltr' id='par_1_42' title="bbox 123 2781 1200 2857">
     <span class='ocr_line' id='line_1_42' title="bbox 123 2781 1200 2857; baseline 0.002 -22"><span class='ocrx_word' id='word_1_253' title='bbox 123 2785 294 2857; x_wconf 79' lang='grc' dir='ltr'>ἔρωτα,</span> <span class='ocrx_word' id='word_1_254' title='bbox 327 2787 394 2841; x_wconf 80' lang='grc' dir='ltr'><strong>δι’</strong></span> <span class='ocrx_word' id='word_1_255' title='bbox 425 2781 486 2840; x_wconf 73' lang='grc' dir='ltr'><strong>οὗ</strong></span> <span class='ocrx_word' id='word_1_256' title='bbox 523 2786 628 2841; x_wconf 84' lang='grc' dir='ltr'><strong>τοῦ</strong></span> <span class='ocrx_word' id='word_1_257' title='bbox 660 2786 885 2856; x_wconf 79' lang='grc' dir='ltr'><strong>ἀγαθοῦ</strong></span> <span class='ocrx_word' id='word_1_258' title='bbox 914 2784 1200 2856; x_wconf 74' lang='grc' dir='ltr'><strong>ἐφιέμεθα.</strong></span> 
     </span>
    </p>
   </div>
   <div class='ocr_carea' id='block_1_43' title="bbox 182 2877 1688 2952">
    <p class='ocr_par' dir='ltr' id='par_1_43' title="bbox 182 2877 1688 2952">
     <span class='ocr_line' id='line_1_43' title="bbox 182 2877 1688 2952; baseline -0.003 -19"><span class='ocrx_word' id='word_1_259' title='bbox 182 2877 366 2950; x_wconf 69' lang='grc' dir='ltr'><strong>ςΧιιι.</strong></span> <span class='ocrx_word' id='word_1_260' title='bbox 413 2878 491 2952; x_wconf 85' lang='grc' dir='ltr'><strong>[θ]</strong></span> <span class='ocrx_word' id='word_1_261' title='bbox 545 2878 941 2944; x_wconf 78' lang='grc' dir='ltr'><strong>Ἐκστατικός.</strong></span> <span class='ocrx_word' id='word_1_262' title='bbox 985 2877 1122 2949; x_wconf 74' lang='grc' dir='ltr'><strong>Περὶ</strong></span> <span class='ocrx_word' id='word_1_263' title='bbox 1158 2877 1469 2941; x_wconf 78' lang='grc' dir='ltr'><strong>ἐκστάσεως</strong></span> <span class='ocrx_word' id='word_1_264' title='bbox 1496 2878 1688 2948; x_wconf 72' lang='grc' dir='ltr'><strong>ἐρωτι-</strong></span> 
     </span>
    </p>
   </div>
   <div class='ocr_carea' id='block_1_44' title="bbox 119 2966 1646 3042">
    <p class='ocr_par' dir='ltr' id='par_1_44' title="bbox 119 2966 1646 3042">
     <span class='ocr_line' id='line_1_44' title="bbox 119 2966 1646 3042; baseline -0.001 -17"><span class='ocrx_word' id='word_1_265' title='bbox 119 2971 206 3041; x_wconf 80' lang='grc' dir='ltr'><strong>κῆς</strong></span> <span class='ocrx_word' id='word_1_266' title='bbox 230 2975 320 3026; x_wconf 81' lang='grc' dir='ltr'><strong>καὶ</strong></span> <span class='ocrx_word' id='word_1_267' title='bbox 350 2976 380 3027; x_wconf 82' lang='grc' dir='ltr'>ὁ</span> <span class='ocrx_word' id='word_1_268' title='bbox 407 2972 572 3026; x_wconf 78' lang='grc' dir='ltr'><strong>Δαυίδ</strong></span> <span class='ocrx_word' id='word_1_269' title='bbox 588 2989 602 3002; x_wconf 88' lang='grc'><strong>·</strong></span> <span class='ocrx_word' id='word_1_270' title='bbox 650 2970 790 3042; x_wconf 74' lang='grc' dir='ltr'><strong>Ἐγὼ</strong></span> <span class='ocrx_word' id='word_1_271' title='bbox 821 2971 996 3025; x_wconf 75' lang='grc' dir='ltr'>εἷπον</span> <span class='ocrx_word' id='word_1_272' title='bbox 1013 2971 1084 3024; x_wconf 81' lang='grc' dir='ltr'>ἐν</span> <span class='ocrx_word' id='word_1_273' title='bbox 1114 2969 1190 3039; x_wconf 76' lang='grc' dir='ltr'><strong>τῇ</strong></span> <span class='ocrx_word' id='word_1_274' title='bbox 1207 2966 1491 3024; x_wconf 83' lang='grc' dir='ltr'><strong>ἐκστάσει</strong></span> <span class='ocrx_word' id='word_1_275' title='bbox 1504 2986 1646 3039; x_wconf 83' lang='grc' dir='ltr'><strong>μου.</strong></span> 
     </span>
    </p>
   </div>
   <div class='ocr_carea' id='block_1_45' title="bbox 193 3151 1688 3229">
    <p class='ocr_par' dir='ltr' id='par_1_45' title="bbox 193 3151 1688 3229">
     <span class='ocr_line' id='line_1_45' title="bbox 193 3151 1688 3229; baseline -0.003 -20"><span class='ocrx_word' id='word_1_276' title='bbox 193 3152 580 3226; x_wconf 72' lang='grc' dir='ltr'><strong>Ἑξεστηκώς.</strong></span> <span class='ocrx_word' id='word_1_277' title='bbox 606 3156 940 3229; x_wconf 76' lang='grc' dir='ltr'><strong>Σημείωσαι,</strong></span> <span class='ocrx_word' id='word_1_278' title='bbox 975 3155 1095 3219; x_wconf 84' lang='grc' dir='ltr'>πῶς</span> <span class='ocrx_word' id='word_1_279' title='bbox 1120 3157 1322 3209; x_wconf 76' lang='grc' dir='ltr'><strong>νοεῖται</strong></span> <span class='ocrx_word' id='word_1_280' title='bbox 1339 3154 1388 3186; x_wconf 71' lang='grc'><strong>’⁸</strong></span> <span class='ocrx_word' id='word_1_281' title='bbox 1415 3152 1496 3208; x_wconf 79' lang='grc' dir='ltr'><strong>τό·</strong></span> <span class='ocrx_word' id='word_1_282' title='bbox 1541 3151 1688 3218; x_wconf 78' lang='grc' dir='ltr'><strong>Ἐξε-</strong></span> 
     </span>
    </p>
   </div>
   <div class='ocr_carea' id='block_1_46' title="bbox 119 3250 510 3318">
    <p class='ocr_par' dir='ltr' id='par_1_46' title="bbox 119 3250 510 3318">
     <span class='ocr_line' id='line_1_46' title="bbox 119 3250 510 3318; baseline 0.003 -14"><span class='ocrx_word' id='word_1_283' title='bbox 119 3251 333 3318; x_wconf 71' lang='grc' dir='ltr'><strong>στηκὼς</strong></span> <span class='ocrx_word' id='word_1_284' title='bbox 361 3250 510 3318; x_wconf 80' lang='grc' dir='ltr'><strong>Θεῷ.</strong></span> 
     </span>
    </p>
   </div>
   <div class='ocr_carea' id='block_1_47' title="bbox 178 3339 1454 3413">
    <p class='ocr_par' dir='ltr' id='par_1_47' title="bbox 178 3339 1454 3413">
     <span class='ocr_line' id='line_1_47' title="bbox 178 3339 1454 3413; baseline -0.002 -17"><span class='ocrx_word' id='word_1_285' title='bbox 178 3341 533 3413; x_wconf 73' lang='grc' dir='ltr'><strong>Τολμητέον.</strong></span> <span class='ocrx_word' id='word_1_286' title='bbox 582 3342 703 3395; x_wconf 87' lang='grc' dir='ltr'><strong>Ὅτι</strong></span> <span class='ocrx_word' id='word_1_287' title='bbox 731 3342 827 3394; x_wconf 77' lang='grc' dir='ltr'><strong>καὶ</strong></span> <span class='ocrx_word' id='word_1_288' title='bbox 853 3342 882 3394; x_wconf 85' lang='grc'>6</span> <span class='ocrx_word' id='word_1_289' title='bbox 908 3339 1040 3404; x_wconf 78' lang='grc' dir='ltr'><strong>Θεὸς</strong></span> <span class='ocrx_word' id='word_1_290' title='bbox 1074 3340 1290 3394; x_wconf 79' lang='grc' dir='ltr'>πάντων</span> <span class='ocrx_word' id='word_1_291' title='bbox 1319 3341 1422 3412; x_wconf 73' lang='grc' dir='ltr'>ἐρᾷ</span> <span class='ocrx_word' id='word_1_292' title='bbox 1439 3377 1454 3393; x_wconf 94' lang='grc'><strong>.</strong></span> 
     </span>
    </p>
   </div>
   <div class='ocr_carea' id='block_1_48' title="bbox 177 3516 1683 3594">
    <p class='ocr_par' dir='ltr' id='par_1_48' title="bbox 177 3516 1683 3594">
     <span class='ocr_line' id='line_1_48' title="bbox 177 3516 1683 3594; baseline -0.002 -18"><span class='ocrx_word' id='word_1_293' title='bbox 177 3522 262 3576; x_wconf 83' lang='grc' dir='ltr'><strong>Διὸ</strong></span> <span class='ocrx_word' id='word_1_294' title='bbox 280 3525 375 3578; x_wconf 75' lang='grc' dir='ltr'><strong>καὶ</strong></span> <span class='ocrx_word' id='word_1_295' title='bbox 401 3521 690 3591; x_wconf 73' lang='grc' dir='ltr'><strong>ζηλωτήν.</strong></span> <span class='ocrx_word' id='word_1_296' title='bbox 731 3521 890 3576; x_wconf 76' lang='grc' dir='ltr'>Κατὰ</span> <span class='ocrx_word' id='word_1_297' title='bbox 909 3521 962 3574; x_wconf 80' lang='grc' dir='ltr'><strong>τί</strong></span> <span class='ocrx_word' id='word_1_298' title='bbox 983 3521 1200 3591; x_wconf 79' lang='grc' dir='ltr'><strong>λέγεται</strong></span> <span class='ocrx_word' id='word_1_299' title='bbox 1220 3520 1467 3594; x_wconf 75' lang='grc' dir='ltr'><strong>ζηλωτὴς</strong></span> <span class='ocrx_word' id='word_1_300' title='bbox 1485 3522 1514 3574; x_wconf 82' lang='grc' dir='ltr'>ὁ</span> <span class='ocrx_word' id='word_1_301' title='bbox 1531 3516 1683 3583; x_wconf 77' lang='grc' dir='ltr'><strong>Θεὸς,</strong></span> 
     </span>
    </p>
   </div>
   <div class='ocr_carea' id='block_1_49' title="bbox 116 3613 1139 3691">
    <p class='ocr_par' dir='ltr' id='par_1_49' title="bbox 116 3613 1139 3691">
     <span class='ocr_line' id='line_1_49' title="bbox 116 3613 1139 3691; baseline 0 -25"><span class='ocrx_word' id='word_1_302' title='bbox 116 3613 178 3679; x_wconf 76' lang='grc' dir='ltr'><strong>ὡς</strong></span> <span class='ocrx_word' id='word_1_303' title='bbox 204 3618 445 3691; x_wconf 77' lang='grc' dir='ltr'><strong>ἐραστὴς</strong></span> <span class='ocrx_word' id='word_1_304' title='bbox 471 3616 574 3686; x_wconf 84' lang='grc' dir='ltr'><strong>τῆς</strong></span> <span class='ocrx_word' id='word_1_305' title='bbox 602 3615 821 3669; x_wconf 84' lang='grc' dir='ltr'>πάντων</span> <span class='ocrx_word' id='word_1_306' title='bbox 849 3613 1139 3686; x_wconf 71' lang='grc' dir='ltr'>συπηρίας.</span> 
     </span>
    </p>
   </div>
   <div class='ocr_carea' id='block_1_50' title="bbox 178 3784 1683 3863">
    <p class='ocr_par' dir='ltr' id='par_1_50' title="bbox 178 3784 1683 3863">
     <span class='ocr_line' id='line_1_50' title="bbox 178 3784 1683 3863; baseline -0.002 -21"><span class='ocrx_word' id='word_1_307' title='bbox 178 3784 204 3859; x_wconf 79' lang='lat'><strong>§</strong></span> <span class='ocrx_word' id='word_1_308' title='bbox 225 3787 363 3844; x_wconf 76' lang='lat' dir='ltr'><strong>XIV.</strong></span> <span class='ocrx_word' id='word_1_309' title='bbox 383 3788 456 3842; x_wconf 79' lang='grc' dir='ltr'><strong>Τί</strong></span> <span class='ocrx_word' id='word_1_310' title='bbox 481 3788 550 3842; x_wconf 80' lang='grc' dir='ltr'><strong>δὲ</strong></span> <span class='ocrx_word' id='word_1_311' title='bbox 565 3789 738 3857; x_wconf 76' lang='grc' dir='ltr'><strong>ὅλως.</strong></span> <span class='ocrx_word' id='word_1_312' title='bbox 756 3791 867 3863; x_wconf 83' lang='grc' dir='ltr'><strong>Τῆς</strong></span> <span class='ocrx_word' id='word_1_313' title='bbox 885 3789 981 3862; x_wconf 82' lang='grc' dir='ltr'><strong>μὲν</strong></span> <span class='ocrx_word' id='word_1_314' title='bbox 997 3789 1217 3860; x_wconf 80' lang='grc' dir='ltr'>ἀγάπης</span> <span class='ocrx_word' id='word_1_315' title='bbox 1243 3787 1338 3842; x_wconf 77' lang='grc' dir='ltr'><strong>καὶ</strong></span> <span class='ocrx_word' id='word_1_316' title='bbox 1350 3785 1446 3840; x_wconf 79' lang='grc' dir='ltr'><strong>τοῦ</strong></span> <span class='ocrx_word' id='word_1_317' title='bbox 1474 3785 1683 3859; x_wconf 78' lang='grc' dir='ltr'><strong>ἔρωτος</strong></span> 
     </span>
    </p>
   </div>
   <div class='ocr_carea' id='block_1_51' title="bbox 122 3879 1680 3955">
    <p class='ocr_par' dir='ltr' id='par_1_51' title="bbox 122 3879 1680 3955">
     <span class='ocr_line' id='line_1_51' title="bbox 122 3879 1680 3955; baseline 0.001 -24"><span class='ocrx_word' id='word_1_318' title='bbox 122 3880 264 3933; x_wconf 74' lang='grc' dir='ltr'>αὑτὸν</span> <span class='ocrx_word' id='word_1_319' title='bbox 289 3882 500 3953; x_wconf 83' lang='grc' dir='ltr'><strong>δηλαδὴ</strong></span> <span class='ocrx_word' id='word_1_320' title='bbox 525 3879 614 3935; x_wconf 78' lang='grc' dir='ltr'><strong>τὸν</strong></span> <span class='ocrx_word' id='word_1_321' title='bbox 647 3883 778 3936; x_wconf 81' lang='grc' dir='ltr'><strong>Θεὸν</strong></span> <span class='ocrx_word' id='word_1_322' title='bbox 793 3881 1064 3955; x_wconf 78' lang='grc' dir='ltr'>προδολέα</span> <span class='ocrx_word' id='word_1_323' title='bbox 1085 3882 1219 3951; x_wconf 70' lang='grc' dir='ltr'><strong>φησὶ</strong></span> <span class='ocrx_word' id='word_1_324' title='bbox 1233 3879 1329 3934; x_wconf 75' lang='grc' dir='ltr'><strong>καὶ</strong></span> <span class='ocrx_word' id='word_1_325' title='bbox 1358 3880 1680 3951; x_wconf 86' lang='grc' dir='ltr'>γεννήτορα·</span> 
     </span>
    </p>
   </div>
   <div class='ocr_carea' id='block_1_52' title="bbox 113 3970 1686 4048">
    <p class='ocr_par' dir='ltr' id='par_1_52' title="bbox 113 3970 1686 4048">
     <span class='ocr_line' id='line_1_52' title="bbox 113 3970 1686 4048; baseline 0.007 -25"><span class='ocrx_word' id='word_1_326' title='bbox 113 3971 256 4035; x_wconf 73' lang='grc' dir='ltr'>αὐτὸς</span> <span class='ocrx_word' id='word_1_327' title='bbox 293 3975 408 4048; x_wconf 83' lang='grc' dir='ltr'>γὰρ</span> <span class='ocrx_word' id='word_1_328' title='bbox 452 3975 624 4028; x_wconf 83' lang='grc' dir='ltr'>ταῦτα</span> <span class='ocrx_word' id='word_1_329' title='bbox 666 3976 724 4030; x_wconf 84' lang='grc' dir='ltr'>ὲν</span> <span class='ocrx_word' id='word_1_330' title='bbox 771 3975 948 4046; x_wconf 77' lang='grc' dir='ltr'>ἑαυτῷ</span> <span class='ocrx_word' id='word_1_331' title='bbox 988 3975 1116 4028; x_wconf 74' lang='grc' dir='ltr'>ὄντα</span> <span class='ocrx_word' id='word_1_332' title='bbox 1165 3974 1476 4045; x_wconf 84' lang='grc' dir='ltr'><strong>προήγαγεν</strong></span> <span class='ocrx_word' id='word_1_333' title='bbox 1511 3973 1591 4034; x_wconf 69' lang='grc' dir='ltr'><strong>εἰς</strong></span> <span class='ocrx_word' id='word_1_334' title='bbox 1617 3970 1686 4025; x_wconf 73' lang='grc' dir='ltr'><strong>τὰ</strong></span> 
     </span>
    </p>
   </div>
   <div class='ocr_carea' id='block_1_53' title="bbox 113 4061 1686 4138">
    <p class='ocr_par' dir='ltr' id='par_1_53' title="bbox 113 4061 1686 4138">
     <span class='ocr_line' id='line_1_53' title="bbox 113 4061 1686 4138; baseline 0.003 -25"><span class='ocrx_word' id='word_1_335' title='bbox 113 4061 271 4128; x_wconf 73' lang='grc' dir='ltr'><strong>ἐκτὸς,</strong></span> <span class='ocrx_word' id='word_1_336' title='bbox 293 4064 552 4120; x_wconf 73' lang='grc' dir='ltr'><strong>τουτέστι</strong></span> <span class='ocrx_word' id='word_1_337' title='bbox 570 4066 638 4120; x_wconf 86' lang='grc' dir='ltr'><strong>τὰ</strong></span> <span class='ocrx_word' id='word_1_338' title='bbox 661 4067 790 4138; x_wconf 72' lang='grc' dir='ltr'>περὶ</span> <span class='ocrx_word' id='word_1_339' title='bbox 814 4066 884 4120; x_wconf 85' lang='grc' dir='ltr'><strong>τὰ</strong></span> <span class='ocrx_word' id='word_1_340' title='bbox 913 4062 1214 4136; x_wconf 78' lang='grc' dir='ltr'><strong>κτίσματα·</strong></span> <span class='ocrx_word' id='word_1_341' title='bbox 1240 4061 1336 4119; x_wconf 78' lang='grc' dir='ltr'><strong>καὶ</strong></span> <span class='ocrx_word' id='word_1_342' title='bbox 1364 4064 1505 4118; x_wconf 81' lang='grc' dir='ltr'><strong>κατὰ</strong></span> <span class='ocrx_word' id='word_1_343' title='bbox 1528 4064 1686 4118; x_wconf 78' lang='grc' dir='ltr'><strong>τοῦτο</strong></span> 
     </span>
    </p>
   </div>
   <div class='ocr_carea' id='block_1_54' title="bbox 111 4151 1686 4228">
    <p class='ocr_par' dir='ltr' id='par_1_54' title="bbox 111 4151 1686 4228">
     <span class='ocr_line' id='line_1_54' title="bbox 111 4151 1686 4228; baseline 0.001 -20"><span class='ocrx_word' id='word_1_344' title='bbox 111 4156 336 4228; x_wconf 70' lang='grc' dir='ltr'><strong>εἴρηται·</strong></span> <span class='ocrx_word' id='word_1_345' title='bbox 382 4159 441 4211; x_wconf 79' lang='lat'><strong>&#39;0</strong></span> <span class='ocrx_word' id='word_1_346' title='bbox 491 4157 634 4225; x_wconf 86' lang='grc' dir='ltr'><strong>Θεὸς</strong></span> <span class='ocrx_word' id='word_1_347' title='bbox 675 4151 876 4228; x_wconf 47' lang='grc' dir='ltr'>ἀγάπη</span> <span class='ocrx_word' id='word_1_348' title='bbox 922 4157 1076 4221; x_wconf 78' lang='grc' dir='ltr'><strong>ἐστὶ,</strong></span> <span class='ocrx_word' id='word_1_349' title='bbox 1121 4157 1214 4210; x_wconf 74' lang='grc' dir='ltr'><strong>καὶ</strong></span> <span class='ocrx_word' id='word_1_350' title='bbox 1259 4157 1316 4209; x_wconf 79' lang='grc' dir='ltr'>ὲν</span> <span class='ocrx_word' id='word_1_351' title='bbox 1355 4155 1434 4226; x_wconf 84' lang='grc' dir='ltr'><strong>τῷ</strong></span> <span class='ocrx_word' id='word_1_352' title='bbox 1480 4155 1686 4227; x_wconf 76' lang='grc' dir='ltr'><strong>ᾅσματι</strong></span> 
     </span>
    </p>
   </div>
   <div class='ocr_carea' id='block_1_55' title="bbox 111 4243 1688 4322">
    <p class='ocr_par' dir='ltr' id='par_1_55' title="bbox 111 4243 1688 4322">
     <span class='ocr_line' id='line_1_55' title="bbox 111 4243 1688 4322; baseline 0.001 -23"><span class='ocrx_word' id='word_1_353' title='bbox 111 4249 291 4316; x_wconf 75' lang='grc' dir='ltr'><strong>ὁμοίως</strong></span> <span class='ocrx_word' id='word_1_354' title='bbox 337 4248 545 4321; x_wconf 79' lang='grc' dir='ltr'>ἀγάπη</span> <span class='ocrx_word' id='word_1_355' title='bbox 587 4251 831 4322; x_wconf 72' lang='grc' dir='ltr'><strong>εἴρηται·</strong></span> <span class='ocrx_word' id='word_1_356' title='bbox 880 4249 976 4302; x_wconf 77' lang='grc' dir='ltr'><strong>καὶ</strong></span> <span class='ocrx_word' id='word_1_357' title='bbox 1023 4247 1185 4301; x_wconf 85' lang='grc' dir='ltr'>πάλιν</span> <span class='ocrx_word' id='word_1_358' title='bbox 1215 4247 1566 4318; x_wconf 76' lang='grc' dir='ltr'><strong>γλυκασμὸς</strong></span> <span class='ocrx_word' id='word_1_359' title='bbox 1593 4243 1688 4300; x_wconf 74' lang='grc' dir='ltr'><strong>καὶ</strong></span> 
     </span>
    </p>
   </div>
   <div class='ocr_carea' id='block_1_56' title="bbox 109 4333 1688 4411">
    <p class='ocr_par' dir='ltr' id='par_1_56' title="bbox 109 4333 1688 4411">
     <span class='ocr_line' id='line_1_56' title="bbox 109 4333 1688 4411; baseline -0.001 -20"><span class='ocrx_word' id='word_1_360' title='bbox 109 4338 398 4411; x_wconf 75' lang='grc' dir='ltr'><strong>ἐπιθυμία,</strong></span> <span class='ocrx_word' id='word_1_361' title='bbox 434 4342 463 4395; x_wconf 80' lang='grc' dir='ltr'>ὅ</span> <span class='ocrx_word' id='word_1_362' title='bbox 493 4343 640 4394; x_wconf 74' lang='grc' dir='ltr'><strong>ἐστιν</strong></span> <span class='ocrx_word' id='word_1_363' title='bbox 686 4341 864 4410; x_wconf 71' lang='grc' dir='ltr'>ἔρως·</span> <span class='ocrx_word' id='word_1_364' title='bbox 899 4338 962 4392; x_wconf 80' lang='grc' dir='ltr'><strong>τὸ</strong></span> <span class='ocrx_word' id='word_1_365' title='bbox 989 4338 1048 4393; x_wconf 84' lang='grc' dir='ltr'><strong>δὲ</strong></span> <span class='ocrx_word' id='word_1_366' title='bbox 1077 4333 1359 4409; x_wconf 80' lang='grc' dir='ltr'>ἀγαπητὸν</span> <span class='ocrx_word' id='word_1_367' title='bbox 1399 4337 1494 4391; x_wconf 74' lang='grc' dir='ltr'><strong>καὶ</strong></span> <span class='ocrx_word' id='word_1_368' title='bbox 1519 4336 1688 4400; x_wconf 74' lang='grc' dir='ltr'>ὄντως</span> 
     </span>
    </p>
   </div>
   <div class='ocr_carea' id='block_1_57' title="bbox 110 4428 1686 4502">
    <p class='ocr_par' dir='ltr' id='par_1_57' title="bbox 110 4428 1686 4502">
     <span class='ocr_line' id='line_1_57' title="bbox 110 4428 1686 4502; baseline -0.001 -19"><span class='ocrx_word' id='word_1_369' title='bbox 110 4431 324 4502; x_wconf 81' lang='grc' dir='ltr'>ὲραστδν</span> <span class='ocrx_word' id='word_1_370' title='bbox 339 4432 509 4496; x_wconf 78' lang='grc' dir='ltr'><strong>αὑτός</strong></span> <span class='ocrx_word' id='word_1_371' title='bbox 531 4435 668 4486; x_wconf 77' lang='grc' dir='ltr'><strong>ἐστι.</strong></span> <span class='ocrx_word' id='word_1_372' title='bbox 694 4431 785 4502; x_wconf 76' lang='grc' dir='ltr'><strong>Τῷ</strong></span> <span class='ocrx_word' id='word_1_373' title='bbox 806 4433 904 4502; x_wconf 82' lang='grc' dir='ltr'><strong>μὲν</strong></span> <span class='ocrx_word' id='word_1_374' title='bbox 925 4428 1020 4484; x_wconf 82' lang='grc' dir='ltr'><strong>οὖν</strong></span> <span class='ocrx_word' id='word_1_375' title='bbox 1037 4429 1130 4483; x_wconf 82' lang='grc' dir='ltr'><strong>τὸν</strong></span> <span class='ocrx_word' id='word_1_376' title='bbox 1149 4429 1488 4501; x_wconf 78' lang='grc' dir='ltr'><strong>ἀγαπητικὸν</strong></span> <span class='ocrx_word' id='word_1_377' title='bbox 1507 4428 1686 4500; x_wconf 74' lang='grc' dir='ltr'>ἔρωτα</span> 
     </span>
    </p>
   </div>
   <div class='ocr_carea' id='block_1_58' title="bbox 112 4519 1684 4599">
    <p class='ocr_par' dir='ltr' id='par_1_58' title="bbox 112 4519 1684 4599">
     <span class='ocr_line' id='line_1_58' title="bbox 112 4519 1684 4599; baseline -0.001 -24"><span class='ocrx_word' id='word_1_378' title='bbox 112 4524 332 4588; x_wconf 60' lang='lat' dir='ltr'><strong>Egeo-:06</strong></span> <span class='ocrx_word' id='word_1_379' title='bbox 349 4525 699 4599; x_wconf 80' lang='grc' dir='ltr'><strong>προχεῖσθαι,</strong></span> <span class='ocrx_word' id='word_1_380' title='bbox 731 4522 895 4587; x_wconf 79' lang='grc' dir='ltr'>αὐτὸς</span> <span class='ocrx_word' id='word_1_381' title='bbox 924 4522 1192 4578; x_wconf 76' lang='grc' dir='ltr'><strong>κινεῖσθαι</strong></span> <span class='ocrx_word' id='word_1_382' title='bbox 1210 4521 1425 4590; x_wconf 84' lang='grc' dir='ltr'><strong>λέγεται</strong></span> <span class='ocrx_word' id='word_1_383' title='bbox 1445 4523 1474 4574; x_wconf 80' lang='grc' dir='ltr'><strong>ὁ</strong></span> <span class='ocrx_word' id='word_1_384' title='bbox 1494 4519 1684 4574; x_wconf 86' lang='grc' dir='ltr'><strong>τούτου</strong></span> 
     </span>
    </p>
   </div>
   <div class='ocr_carea' id='block_1_59' title="bbox 1854 2049 3332 2124">
    <p class='ocr_par' dir='ltr' id='par_1_59' title="bbox 1854 2049 3332 2124">
     <span class='ocr_line' id='line_1_59' title="bbox 1854 2049 3332 2124; baseline -0.003 -17"><span class='ocrx_word' id='word_1_385' title='bbox 1854 2051 2076 2120; x_wconf 79' lang='lat' dir='ltr'><strong>Cecidit,</strong></span> <span class='ocrx_word' id='word_1_386' title='bbox 2101 2053 2177 2106; x_wconf 84' lang='lat' dir='ltr'><strong>ait</strong></span> <span class='ocrx_word' id='word_1_387' title='bbox 2202 2052 2414 2124; x_wconf 75' lang='lat' dir='ltr'><strong>aliquis.</strong></span> <span class='ocrx_word' id='word_1_388' title='bbox 2441 2049 2611 2106; x_wconf 85' lang='lat' dir='ltr'><strong>David</strong></span> <span class='ocrx_word' id='word_1_389' title='bbox 2641 2051 2708 2107; x_wconf 87' lang='lat' dir='ltr'><strong>de</strong></span> <span class='ocrx_word' id='word_1_390' title='bbox 2737 2049 2970 2107; x_wconf 83' lang='lat' dir='ltr'><strong>Jonatha</strong></span> <span class='ocrx_word' id='word_1_391' title='bbox 3001 2052 3134 2108; x_wconf 85' lang='lat' dir='ltr'><strong>dicit</strong></span> <span class='ocrx_word' id='word_1_392' title='bbox 3163 2051 3332 2122; x_wconf 80' lang='lat' dir='ltr'><strong>in&#39;pri</strong></span> 
     </span>
    </p>
   </div>
   <div class='ocr_carea' id='block_1_60' title="bbox 1788 2143 2136 2216">
    <p class='ocr_par' dir='ltr' id='par_1_60' title="bbox 1788 2143 2136 2216">
     <span class='ocr_line' id='line_1_60' title="bbox 1788 2143 2136 2216; baseline 0 -16"><span class='ocrx_word' id='word_1_393' title='bbox 1788 2159 1877 2200; x_wconf 91' lang='lat' dir='ltr'><strong>mo</strong></span> <span class='ocrx_word' id='word_1_394' title='bbox 1907 2143 2136 2216; x_wconf 82' lang='lat' dir='ltr'><strong>Regum.</strong></span> 
     </span>
    </p>
   </div>
   <div class='ocr_carea' id='block_1_61' title="bbox 1861 2235 3364 2308">
    <p class='ocr_par' dir='ltr' id='par_1_61' title="bbox 1861 2235 3364 2308">
     <span class='ocr_line' id='line_1_61' title="bbox 1861 2235 3364 2308; baseline 0.001 -18"><span class='ocrx_word' id='word_1_395' title='bbox 1861 2236 2087 2291; x_wconf 83' lang='lat' dir='ltr'><strong>Ponitur</strong></span> <span class='ocrx_word' id='word_1_396' title='bbox 2125 2254 2157 2290; x_wconf 92' lang='lat' dir='ltr'><strong>a</strong></span> <span class='ocrx_word' id='word_1_397' title='bbox 2197 2237 2386 2291; x_wconf 81' lang='lat' dir='ltr'><strong>sacris.</strong></span> <span class='ocrx_word' id='word_1_398' title='bbox 2429 2236 2575 2292; x_wconf 88' lang='lat' dir='ltr'><strong>Idem</strong></span> <span class='ocrx_word' id='word_1_399' title='bbox 2608 2235 2919 2308; x_wconf 83' lang='lat' dir='ltr'><strong>signiﬁcare</strong></span> <span class='ocrx_word' id='word_1_400' title='bbox 2948 2235 3270 2292; x_wconf 87' lang='lat' dir='ltr'><strong>charitatem</strong></span> <span class='ocrx_word' id='word_1_401' title='bbox 3309 2248 3364 2292; x_wconf 90' lang='lat' dir='ltr'><strong>ct</strong></span> 
     </span>
    </p>
   </div>
   <div class='ocr_carea' id='block_1_62' title="bbox 1787 2328 2927 2400">
    <p class='ocr_par' dir='ltr' id='par_1_62' title="bbox 1787 2328 2927 2400">
     <span class='ocr_line' id='line_1_62' title="bbox 1787 2328 2927 2400; baseline -0.003 -15"><span class='ocrx_word' id='word_1_402' title='bbox 1787 2345 2050 2394; x_wconf 88' lang='lat' dir='ltr'><strong>amorem,</strong></span> <span class='ocrx_word' id='word_1_403' title='bbox 2083 2344 2148 2383; x_wconf 89' lang='lat' dir='ltr'><strong>ac</strong></span> <span class='ocrx_word' id='word_1_404' title='bbox 2178 2345 2299 2400; x_wconf 70' lang='lat' dir='ltr'><strong>qua:</strong></span> <span class='ocrx_word' id='word_1_405' title='bbox 2329 2330 2401 2385; x_wconf 92' lang='lat' dir='ltr'><strong>sit</strong></span> <span class='ocrx_word' id='word_1_406' title='bbox 2431 2329 2635 2385; x_wconf 89' lang='lat' dir='ltr'><strong>amoris</strong></span> <span class='ocrx_word' id='word_1_407' title='bbox 2665 2328 2927 2383; x_wconf 79' lang='lat' dir='ltr'><strong>eiiicacia.</strong></span> 
     </span>
    </p>
   </div>
   <div class='ocr_carea' id='block_1_63' title="bbox 1856 2417 3364 2489">
    <p class='ocr_par' dir='ltr' id='par_1_63' title="bbox 1856 2417 3364 2489">
     <span class='ocr_line' id='line_1_63' title="bbox 1856 2417 3364 2489; baseline -0.001 -16"><span class='ocrx_word' id='word_1_408' title='bbox 1856 2419 2331 2487; x_wconf 84' lang='lat' dir='ltr'><strong>Conlemperantis.</strong></span> <span class='ocrx_word' id='word_1_409' title='bbox 2374 2417 2428 2473; x_wconf 93' lang='lat' dir='ltr'><strong>Id</strong></span> <span class='ocrx_word' id='word_1_410' title='bbox 2461 2426 2566 2483; x_wconf 90' lang='lat' dir='ltr'><strong>est,</strong></span> <span class='ocrx_word' id='word_1_411' title='bbox 2597 2418 2740 2474; x_wconf 86' lang='lat' dir='ltr'><strong>inter</strong></span> <span class='ocrx_word' id='word_1_412' title='bbox 2768 2433 2827 2474; x_wconf 90' lang='lat' dir='ltr'><strong>se</strong></span> <span class='ocrx_word' id='word_1_413' title='bbox 2846 2418 3129 2474; x_wconf 87' lang='lat' dir='ltr'><strong>miscentis</strong></span> <span class='ocrx_word' id='word_1_414' title='bbox 3155 2431 3219 2474; x_wconf 88' lang='lat' dir='ltr'><strong>ea</strong></span> <span class='ocrx_word' id='word_1_415' title='bbox 3242 2433 3364 2489; x_wconf 74' lang='lat' dir='ltr'><strong>quae</strong></span> 
     </span>
    </p>
   </div>
   <div class='ocr_carea' id='block_1_64' title="bbox 1787 2520 1992 2567">
    <p class='ocr_par' dir='ltr' id='par_1_64' title="bbox 1787 2520 1992 2567">
     <span class='ocr_line' id='line_1_64' title="bbox 1787 2520 1992 2567; baseline 0.005 -1"><span class='ocrx_word' id='word_1_416' title='bbox 1787 2520 1992 2567; x_wconf 85' lang='lat' dir='ltr'><strong>annant.</strong></span> 
     </span>
    </p>
   </div>
   <div class='ocr_carea' id='block_1_65' title="bbox 1863 2602 3365 2675">
    <p class='ocr_par' dir='ltr' id='par_1_65' title="bbox 1863 2602 3365 2675">
     <span class='ocr_line' id='line_1_65' title="bbox 1863 2602 3365 2675; baseline -0.002 -18"><span class='ocrx_word' id='word_1_417' title='bbox 1863 2603 2021 2675; x_wconf 62' lang='lat'><strong>140</strong></span> <span class='ocrx_word' id='word_1_418' title='bbox 2059 2603 2282 2674; x_wconf 85' lang='lat' dir='ltr'><strong>Propter</strong></span> <span class='ocrx_word' id='word_1_419' title='bbox 2310 2604 2610 2673; x_wconf 82' lang='lat' dir='ltr'><strong>pulchrum.</strong></span> <span class='ocrx_word' id='word_1_420' title='bbox 2651 2602 2804 2669; x_wconf 82' lang='lat' dir='ltr'><strong>Quod</strong></span> <span class='ocrx_word' id='word_1_421' title='bbox 2836 2602 2972 2657; x_wconf 81' lang='lat' dir='ltr'><strong>dixit</strong></span> <span class='ocrx_word' id='word_1_422' title='bbox 3001 2609 3192 2665; x_wconf 87' lang='lat' dir='ltr'><strong>antea,</strong></span> <span class='ocrx_word' id='word_1_423' title='bbox 3224 2603 3365 2655; x_wconf 83' lang='lat' dir='ltr'><strong>divi-</strong></span> 
     </span>
    </p>
   </div>
   <div class='ocr_carea' id='block_1_66' title="bbox 1785 2693 3361 2767">
    <p class='ocr_par' dir='ltr' id='par_1_66' title="bbox 1785 2693 3361 2767">
     <span class='ocr_line' id='line_1_66' title="bbox 1785 2693 3361 2767; baseline -0.001 -17"><span class='ocrx_word' id='word_1_424' title='bbox 1785 2711 1916 2750; x_wconf 89' lang='lat' dir='ltr'><strong>num</strong></span> <span class='ocrx_word' id='word_1_425' title='bbox 1945 2710 2187 2751; x_wconf 88' lang='lat' dir='ltr'><strong>amorem</strong></span> <span class='ocrx_word' id='word_1_426' title='bbox 2235 2696 2701 2767; x_wconf 67' lang='lat' dir='ltr'><strong>prmexsistentem</strong></span> <span class='ocrx_word' id='word_1_427' title='bbox 2744 2697 2800 2749; x_wconf 90' lang='lat' dir='ltr'><strong>in</strong></span> <span class='ocrx_word' id='word_1_428' title='bbox 2831 2693 2964 2748; x_wconf 87' lang='lat' dir='ltr'><strong>bono</strong></span> <span class='ocrx_word' id='word_1_429' title='bbox 2994 2695 3274 2765; x_wconf 81' lang='lat' dir='ltr'><strong>peperisse</strong></span> <span class='ocrx_word' id='word_1_430' title='bbox 3304 2694 3361 2748; x_wconf 87' lang='lat' dir='ltr'><strong>in</strong></span> 
     </span>
    </p>
   </div>
   <div class='ocr_carea' id='block_1_67' title="bbox 1786 2787 3161 2858">
    <p class='ocr_par' dir='ltr' id='par_1_67' title="bbox 1786 2787 3161 2858">
     <span class='ocr_line' id='line_1_67' title="bbox 1786 2787 3161 2858; baseline -0.001 -17"><span class='ocrx_word' id='word_1_431' title='bbox 1786 2787 1946 2842; x_wconf 90' lang='lat' dir='ltr'><strong>nobis</strong></span> <span class='ocrx_word' id='word_1_432' title='bbox 1976 2802 2242 2850; x_wconf 90' lang='lat' dir='ltr'><strong>amorem,</strong></span> <span class='ocrx_word' id='word_1_433' title='bbox 2279 2802 2378 2858; x_wconf 91' lang='lat' dir='ltr'><strong>per</strong></span> <span class='ocrx_word' id='word_1_434' title='bbox 2402 2803 2562 2858; x_wconf 87' lang='lat' dir='ltr'><strong>quem</strong></span> <span class='ocrx_word' id='word_1_435' title='bbox 2594 2788 2797 2841; x_wconf 85' lang='lat' dir='ltr'><strong>bonum</strong></span> <span class='ocrx_word' id='word_1_436' title='bbox 2829 2787 3161 2856; x_wconf 88' lang='lat' dir='ltr'><strong>appetimus.</strong></span> 
     </span>
    </p>
   </div>
   <div class='ocr_carea' id='block_1_68' title="bbox 1857 2877 3365 2952">
    <p class='ocr_par' dir='ltr' id='par_1_68' title="bbox 1857 2877 3365 2952">
     <span class='ocr_line' id='line_1_68' title="bbox 1857 2877 3365 2952; baseline 0.001 -19"><span class='ocrx_word' id='word_1_437' title='bbox 1857 2879 1885 2952; x_wconf 83' lang='lat'>§</span> <span class='ocrx_word' id='word_1_438' title='bbox 1917 2877 2056 2936; x_wconf 80' lang='lat' dir='ltr'><strong>XHI.</strong></span> <span class='ocrx_word' id='word_1_439' title='bbox 2099 2878 2430 2933; x_wconf 73' lang='lat' dir='ltr'><strong>Exstaticus.</strong></span> <span class='ocrx_word' id='word_1_440' title='bbox 2474 2877 2550 2933; x_wconf 89' lang='lat' dir='ltr'><strong>De</strong></span> <span class='ocrx_word' id='word_1_441' title='bbox 2569 2879 2772 2933; x_wconf 80' lang='lat' dir='ltr'><strong>exstasi</strong></span> <span class='ocrx_word' id='word_1_442' title='bbox 2795 2880 3000 2934; x_wconf 86' lang='lat' dir='ltr'><strong>amoris</strong></span> <span class='ocrx_word' id='word_1_443' title='bbox 3024 2879 3137 2934; x_wconf 89' lang='lat' dir='ltr'><strong>sive</strong></span> <span class='ocrx_word' id='word_1_444' title='bbox 3160 2879 3365 2934; x_wconf 80' lang='lat' dir='ltr'><strong>virtute</strong></span> 
     </span>
    </p>
   </div>
   <div class='ocr_carea' id='block_1_69' title="bbox 1786 2967 3359 3042">
    <p class='ocr_par' dir='ltr' id='par_1_69' title="bbox 1786 2967 3359 3042">
     <span class='ocr_line' id='line_1_69' title="bbox 1786 2967 3359 3042; baseline 0 -16"><span class='ocrx_word' id='word_1_445' title='bbox 1786 2987 1892 3042; x_wconf 89' lang='lat' dir='ltr'><strong>qua</strong></span> <span class='ocrx_word' id='word_1_446' title='bbox 1942 2979 2180 3026; x_wconf 89' lang='lat' dir='ltr'><strong>mentem</strong></span> <span class='ocrx_word' id='word_1_447' title='bbox 2225 2970 2294 3026; x_wconf 90' lang='lat' dir='ltr'><strong>de</strong></span> <span class='ocrx_word' id='word_1_448' title='bbox 2342 2985 2444 3026; x_wconf 93' lang='lat' dir='ltr'><strong>suo</strong></span> <span class='ocrx_word' id='word_1_449' title='bbox 2481 2977 2627 3026; x_wconf 83' lang='lat' dir='ltr'><strong>statu</strong></span> <span class='ocrx_word' id='word_1_450' title='bbox 2655 2970 2914 3035; x_wconf 88' lang='lat' dir='ltr'><strong>dimovet,</strong></span> <span class='ocrx_word' id='word_1_451' title='bbox 2945 2967 3113 3025; x_wconf 86' lang='lat' dir='ltr'><strong>David</strong></span> <span class='ocrx_word' id='word_1_452' title='bbox 3147 2969 3310 3024; x_wconf 85' lang='lat' dir='ltr'><strong>etiam</strong></span> <span class='ocrx_word' id='word_1_453' title='bbox 3343 2987 3359 3026; x_wconf 88' lang='lat'><strong>:</strong></span> 
     </span>
    </p>
   </div>
   <div class='ocr_carea' id='block_1_70' title="bbox 1786 3060 2578 3133">
    <p class='ocr_par' dir='ltr' id='par_1_70' title="bbox 1786 3060 2578 3133">
     <span class='ocr_line' id='line_1_70' title="bbox 1786 3060 2578 3133; baseline -0.001 -17"><span class='ocrx_word' id='word_1_454' title='bbox 1786 3061 1900 3133; x_wconf 83' lang='lat' dir='ltr'><strong>Ego</strong></span> <span class='ocrx_word' id='word_1_455' title='bbox 1931 3060 2048 3116; x_wconf 83' lang='lat' dir='ltr'><strong>dixi</strong></span> <span class='ocrx_word' id='word_1_456' title='bbox 2074 3063 2130 3116; x_wconf 87' lang='lat' dir='ltr'><strong>in</strong></span> <span class='ocrx_word' id='word_1_457' title='bbox 2157 3077 2375 3117; x_wconf 75' lang='lat' dir='ltr'><strong>excessu</strong></span> <span class='ocrx_word' id='word_1_458' title='bbox 2402 3060 2578 3116; x_wconf 57' lang='grc' dir='ltr'><strong>πιθοῦ.</strong></span> 
     </span>
    </p>
   </div>
   <div class='ocr_carea' id='block_1_71' title="bbox 1858 3150 3358 3224">
    <p class='ocr_par' dir='ltr' id='par_1_71' title="bbox 1858 3150 3358 3224">
     <span class='ocr_line' id='line_1_71' title="bbox 1858 3150 3358 3224; baseline -0.001 -17"><span class='ocrx_word' id='word_1_459' title='bbox 1858 3153 1964 3220; x_wconf 82' lang='lat' dir='ltr'><strong>Qui</strong></span> <span class='ocrx_word' id='word_1_460' title='bbox 1989 3155 2232 3208; x_wconf 72' lang='lat' dir='ltr'><strong>excessit.</strong></span> <span class='ocrx_word' id='word_1_461' title='bbox 2272 3151 2511 3208; x_wconf 83' lang='lat' dir='ltr'><strong>Observa</strong></span> <span class='ocrx_word' id='word_1_462' title='bbox 2530 3151 2805 3224; x_wconf 89' lang='lat' dir='ltr'><strong>quomodo</strong></span> <span class='ocrx_word' id='word_1_463' title='bbox 2820 3150 3160 3223; x_wconf 79' lang='lat' dir='ltr'><strong>intelligatur</strong></span> <span class='ocrx_word' id='word_1_464' title='bbox 3177 3151 3321 3207; x_wconf 85' lang='lat' dir='ltr'><strong>istud</strong></span> <span class='ocrx_word' id='word_1_465' title='bbox 3345 3170 3358 3206; x_wconf 89' lang='lat'><strong>:</strong></span> 
     </span>
    </p>
   </div>
   <div class='ocr_carea' id='block_1_72' title="bbox 1787 3245 2300 3313">
    <p class='ocr_par' dir='ltr' id='par_1_72' title="bbox 1787 3245 2300 3313">
     <span class='ocr_line' id='line_1_72' title="bbox 1787 3245 2300 3313; baseline 0 -14"><span class='ocrx_word' id='word_1_466' title='bbox 1787 3245 1891 3313; x_wconf 82' lang='lat' dir='ltr'><strong>Qui</strong></span> <span class='ocrx_word' id='word_1_467' title='bbox 1918 3246 2140 3300; x_wconf 77' lang='lat' dir='ltr'><strong>excessit</strong></span> <span class='ocrx_word' id='word_1_468' title='bbox 2170 3245 2300 3299; x_wconf 86' lang='lat' dir='ltr'><strong>Deo.</strong></span> 
     </span>
    </p>
   </div>
   <div class='ocr_carea' id='block_1_73' title="bbox 1855 3334 3364 3409">
    <p class='ocr_par' dir='ltr' id='par_1_73' title="bbox 1855 3334 3364 3409">
     <span class='ocr_line' id='line_1_73' title="bbox 1855 3334 3364 3409; baseline -0.001 -17"><span class='ocrx_word' id='word_1_469' title='bbox 1855 3337 2192 3392; x_wconf 84' lang='lat' dir='ltr'><strong>Audendum.</strong></span> <span class='ocrx_word' id='word_1_470' title='bbox 2253 3337 2437 3408; x_wconf 86' lang='lat' dir='ltr'><strong>Ipsum</strong></span> <span class='ocrx_word' id='word_1_471' title='bbox 2498 3351 2716 3409; x_wconf 86' lang='lat' dir='ltr'><strong>quoque</strong></span> <span class='ocrx_word' id='word_1_472' title='bbox 2770 3334 2939 3392; x_wconf 88' lang='lat' dir='ltr'><strong>Deum</strong></span> <span class='ocrx_word' id='word_1_473' title='bbox 2994 3349 3179 3392; x_wconf 86' lang='lat' dir='ltr'><strong>amare</strong></span> <span class='ocrx_word' id='word_1_474' title='bbox 3236 3337 3364 3391; x_wconf 86' lang='lat' dir='ltr'><strong>uni-</strong></span> 
     </span>
    </p>
   </div>
   <div class='ocr_carea' id='block_1_74' title="bbox 1785 3447 1964 3486">
    <p class='ocr_par' dir='ltr' id='par_1_74' title="bbox 1785 3447 1964 3486">
     <span class='ocr_line' id='line_1_74' title="bbox 1785 3447 1964 3486; baseline 0 -2"><span class='ocrx_word' id='word_1_475' title='bbox 1785 3447 1964 3486; x_wconf 87' lang='lat' dir='ltr'><strong>versa.</strong></span> 
     </span>
    </p>
   </div>
   <div class='ocr_carea' id='block_1_75' title="bbox 1857 3519 3360 3586">
    <p class='ocr_par' dir='ltr' id='par_1_75' title="bbox 1857 3519 3360 3586">
     <span class='ocr_line' id='line_1_75' title="bbox 1857 3519 3360 3586; baseline -0.001 -11"><span class='ocrx_word' id='word_1_476' title='bbox 1857 3520 2011 3576; x_wconf 83' lang='lat' dir='ltr'><strong>Hanc</strong></span> <span class='ocrx_word' id='word_1_477' title='bbox 2048 3521 2111 3574; x_wconf 83' lang='lat' dir='ltr'><strong>ob</strong></span> <span class='ocrx_word' id='word_1_478' title='bbox 2148 3537 2367 3576; x_wconf 86' lang='lat' dir='ltr'><strong>causam</strong></span> <span class='ocrx_word' id='word_1_479' title='bbox 2396 3521 2555 3576; x_wconf 82' lang='lat' dir='ltr'><strong>etiam</strong></span> <span class='ocrx_word' id='word_1_480' title='bbox 2585 3521 2802 3576; x_wconf 75' lang='lat' dir='ltr'><strong>zelotem</strong></span> <span class='ocrx_word' id='word_1_481' title='bbox 2831 3519 3001 3574; x_wconf 81' lang='lat' dir='ltr'><strong>illum.</strong></span> <span class='ocrx_word' id='word_1_482' title='bbox 3045 3519 3164 3586; x_wconf 84' lang='lat' dir='ltr'><strong>Quo</strong></span> <span class='ocrx_word' id='word_1_483' title='bbox 3193 3535 3360 3576; x_wconf 84' lang='lat' dir='ltr'><strong>sensu</strong></span> 
     </span>
    </p>
   </div>
   <div class='ocr_carea' id='block_1_76' title="bbox 1786 3611 3366 3677">
    <p class='ocr_par' dir='ltr' id='par_1_76' title="bbox 1786 3611 3366 3677">
     <span class='ocr_line' id='line_1_76' title="bbox 1786 3611 3366 3677; baseline -0.002 -9"><span class='ocrx_word' id='word_1_484' title='bbox 1786 3614 1931 3670; x_wconf 91' lang='lat' dir='ltr'><strong>Deus</strong></span> <span class='ocrx_word' id='word_1_485' title='bbox 1979 3615 2198 3670; x_wconf 85' lang='lat' dir='ltr'><strong>dicatur</strong></span> <span class='ocrx_word' id='word_1_486' title='bbox 2252 3613 2476 3677; x_wconf 87' lang='lat' dir='ltr'><strong>zelotes,</strong></span> <span class='ocrx_word' id='word_1_487' title='bbox 2505 3613 2674 3668; x_wconf 85' lang='lat' dir='ltr'><strong>-velut</strong></span> <span class='ocrx_word' id='word_1_488' title='bbox 2733 3618 2945 3666; x_wconf 88' lang='lat' dir='ltr'><strong>amator</strong></span> <span class='ocrx_word' id='word_1_489' title='bbox 3001 3611 3196 3666; x_wconf 82' lang='lat' dir='ltr'><strong>salutis</strong></span> <span class='ocrx_word' id='word_1_490' title='bbox 3245 3625 3366 3666; x_wconf 68' lang='grc' dir='ltr'><strong>οιιι-⁸</strong></span> 
     </span>
    </p>
   </div>
   <div class='ocr_carea' id='block_1_77' title="bbox 1785 3701 1959 3758">
    <p class='ocr_par' dir='ltr' id='par_1_77' title="bbox 1785 3701 1959 3758">
     <span class='ocr_line' id='line_1_77' title="bbox 1785 3701 1959 3758; baseline -0.011 0"><span class='ocrx_word' id='word_1_491' title='bbox 1785 3701 1959 3758; x_wconf 89' lang='lat' dir='ltr'><strong>nium.</strong></span> 
     </span>
    </p>
   </div>
   <div class='ocr_carea' id='block_1_78' title="bbox 1858 3789 3365 3864">
    <p class='ocr_par' dir='ltr' id='par_1_78' title="bbox 1858 3789 3365 3864">
     <span class='ocr_line' id='line_1_78' title="bbox 1858 3789 3365 3864; baseline 0 -18"><span class='ocrx_word' id='word_1_492' title='bbox 1858 3793 1886 3864; x_wconf 63' lang='grc' dir='ltr'>ᾗ</span> <span class='ocrx_word' id='word_1_493' title='bbox 1915 3790 2057 3850; x_wconf 84' lang='lat' dir='ltr'><strong>XIV.</strong></span> <span class='ocrx_word' id='word_1_494' title='bbox 2100 3791 2242 3858; x_wconf 76' lang='lat' dir='ltr'><strong>Quid</strong></span> <span class='ocrx_word' id='word_1_495' title='bbox 2269 3807 2428 3861; x_wconf 82' lang='lat' dir='ltr'><strong>porro</strong></span> <span class='ocrx_word' id='word_1_496' title='bbox 2457 3791 2690 3846; x_wconf 79' lang='lat' dir='ltr'><strong>tandem.</strong></span> <span class='ocrx_word' id='word_1_497' title='bbox 2732 3789 3031 3846; x_wconf 81' lang='lat' dir='ltr'><strong>Cbaritatis</strong></span> <span class='ocrx_word' id='word_1_498' title='bbox 3062 3791 3280 3861; x_wconf 85' lang='lat' dir='ltr'><strong>quidem</strong></span> <span class='ocrx_word' id='word_1_499' title='bbox 3310 3800 3365 3846; x_wconf 86' lang='lat' dir='ltr'><strong>ct</strong></span> 
     </span>
    </p>
   </div>
   <div class='ocr_carea' id='block_1_79' title="bbox 1787 3881 3366 3954">
    <p class='ocr_par' dir='ltr' id='par_1_79' title="bbox 1787 3881 3366 3954">
     <span class='ocr_line' id='line_1_79' title="bbox 1787 3881 3366 3954; baseline -0.001 -15"><span class='ocrx_word' id='word_1_500' title='bbox 1787 3885 2012 3949; x_wconf 89' lang='lat' dir='ltr'><strong>amoris,</strong></span> <span class='ocrx_word' id='word_1_501' title='bbox 2045 3883 2225 3954; x_wconf 87' lang='lat' dir='ltr'><strong>ipsum</strong></span> <span class='ocrx_word' id='word_1_502' title='bbox 2259 3899 2454 3953; x_wconf 88' lang='lat' dir='ltr'><strong>nempe</strong></span> <span class='ocrx_word' id='word_1_503' title='bbox 2483 3881 2972 3947; x_wconf 87' lang='lat' dir='ltr'><strong>Deum,auctorem</strong></span> <span class='ocrx_word' id='word_1_504' title='bbox 3001 3890 3055 3937; x_wconf 90' lang='lat' dir='ltr'><strong>et</strong></span> <span class='ocrx_word' id='word_1_505' title='bbox 3077 3891 3366 3953; x_wconf 88' lang='lat' dir='ltr'><strong>generato-</strong></span> 
     </span>
    </p>
   </div>
   <div class='ocr_carea' id='block_1_80' title="bbox 1784 3972 3363 4043">
    <p class='ocr_par' dir='ltr' id='par_1_80' title="bbox 1784 3972 3363 4043">
     <span class='ocr_line' id='line_1_80' title="bbox 1784 3972 3363 4043; baseline -0.001 -15"><span class='ocrx_word' id='word_1_506' title='bbox 1784 3987 1899 4028; x_wconf 87' lang='lat' dir='ltr'><strong>rem</strong></span> <span class='ocrx_word' id='word_1_507' title='bbox 1932 3972 2041 4040; x_wconf 80' lang='lat' dir='ltr'><strong>ait;</strong></span> <span class='ocrx_word' id='word_1_508' title='bbox 2063 3973 2184 4042; x_wconf 89' lang='lat' dir='ltr'><strong>ipse</strong></span> <span class='ocrx_word' id='word_1_509' title='bbox 2211 3973 2356 4027; x_wconf 90' lang='lat' dir='ltr'><strong>enim</strong></span> <span class='ocrx_word' id='word_1_510' title='bbox 2384 3972 2500 4026; x_wconf 78' lang='lat' dir='ltr'><strong>haec</strong></span> <span class='ocrx_word' id='word_1_511' title='bbox 2529 3988 2652 4042; x_wconf 84' lang='lat' dir='ltr'><strong>quae</strong></span> <span class='ocrx_word' id='word_1_512' title='bbox 2675 3973 2816 4026; x_wconf 88' lang='lat' dir='ltr'><strong>intra</strong></span> <span class='ocrx_word' id='word_1_513' title='bbox 2848 3972 3026 4042; x_wconf 86' lang='lat' dir='ltr'><strong>ipsum</strong></span> <span class='ocrx_word' id='word_1_514' title='bbox 3051 3981 3208 4027; x_wconf 83' lang='lat' dir='ltr'><strong>erant</strong></span> <span class='ocrx_word' id='word_1_515' title='bbox 3233 3989 3363 4043; x_wconf 87' lang='lat' dir='ltr'><strong>pro-</strong></span> 
     </span>
    </p>
   </div>
   <div class='ocr_carea' id='block_1_81' title="bbox 1785 4065 3364 4134">
    <p class='ocr_par' dir='ltr' id='par_1_81' title="bbox 1785 4065 3364 4134">
     <span class='ocr_line' id='line_1_81' title="bbox 1785 4065 3364 4134; baseline 0 -15"><span class='ocrx_word' id='word_1_516' title='bbox 1785 4065 1943 4120; x_wconf 79' lang='lat' dir='ltr'><strong>duxit</strong></span> <span class='ocrx_word' id='word_1_517' title='bbox 1993 4066 2062 4120; x_wconf 88' lang='lat' dir='ltr'><strong>ad</strong></span> <span class='ocrx_word' id='word_1_518' title='bbox 2108 4072 2285 4129; x_wconf 81' lang='lat' dir='ltr'><strong>extra,</strong></span> <span class='ocrx_word' id='word_1_519' title='bbox 2320 4065 2372 4119; x_wconf 93' lang='lat' dir='ltr'><strong>id</strong></span> <span class='ocrx_word' id='word_1_520' title='bbox 2411 4072 2497 4120; x_wconf 90' lang='lat' dir='ltr'><strong>est</strong></span> <span class='ocrx_word' id='word_1_521' title='bbox 2524 4073 2838 4131; x_wconf 85' lang='lat' dir='ltr'><strong>creaturas;</strong></span> <span class='ocrx_word' id='word_1_522' title='bbox 2886 4065 3113 4134; x_wconf 83' lang='lat' dir='ltr'><strong>hacque</strong></span> <span class='ocrx_word' id='word_1_523' title='bbox 3151 4067 3364 4120; x_wconf 86' lang='lat' dir='ltr'><strong>ratione</strong></span> 
     </span>
    </p>
   </div>
   <div class='ocr_carea' id='block_1_82' title="bbox 1786 4155 3365 4224">
    <p class='ocr_par' dir='ltr' id='par_1_82' title="bbox 1786 4155 3365 4224">
     <span class='ocr_line' id='line_1_82' title="bbox 1786 4155 3365 4224; baseline 0.002 -14"><span class='ocrx_word' id='word_1_524' title='bbox 1786 4155 1989 4213; x_wconf 87' lang='lat' dir='ltr'><strong>dicitur</strong></span> <span class='ocrx_word' id='word_1_525' title='bbox 2019 4177 2032 4212; x_wconf 91' lang='lat'>:</span> <span class='ocrx_word' id='word_1_526' title='bbox 2068 4156 2206 4211; x_wconf 87' lang='lat' dir='ltr'><strong>Deus</strong></span> <span class='ocrx_word' id='word_1_527' title='bbox 2231 4157 2467 4212; x_wconf 84' lang='lat' dir='ltr'><strong>charitas</strong></span> <span class='ocrx_word' id='word_1_528' title='bbox 2489 4166 2567 4212; x_wconf 88' lang='lat' dir='ltr'><strong>est</strong></span> <span class='ocrx_word' id='word_1_529' title='bbox 2586 4169 2633 4224; x_wconf 76' lang='grc' dir='ltr'><em>ε,</em></span> <span class='ocrx_word' id='word_1_530' title='bbox 2667 4173 2732 4212; x_wconf 90' lang='lat' dir='ltr'><strong>ac</strong></span> <span class='ocrx_word' id='word_1_531' title='bbox 2775 4160 2831 4214; x_wconf 93' lang='lat' dir='ltr'><strong>in</strong></span> <span class='ocrx_word' id='word_1_532' title='bbox 2861 4161 3079 4216; x_wconf 83' lang='lat' dir='ltr'><strong>cantico</strong></span> <span class='ocrx_word' id='word_1_533' title='bbox 3110 4160 3365 4217; x_wconf 82' lang='lat' dir='ltr'><strong>similiter</strong></span> 
     </span>
    </p>
   </div>
   <div class='ocr_carea' id='block_1_83' title="bbox 1785 4249 3364 4321">
    <p class='ocr_par' dir='ltr' id='par_1_83' title="bbox 1785 4249 3364 4321">
     <span class='ocr_line' id='line_1_83' title="bbox 1785 4249 3364 4321; baseline 0.001 -18"><span class='ocrx_word' id='word_1_534' title='bbox 1785 4250 2017 4304; x_wconf 86' lang='lat' dir='ltr'><strong>charitas</strong></span> <span class='ocrx_word' id='word_1_535' title='bbox 2047 4257 2310 4318; x_wconf 87' lang='lat' dir='ltr'><strong>vocatur;</strong></span> <span class='ocrx_word' id='word_1_536' title='bbox 2339 4265 2641 4321; x_wconf 88' lang='lat' dir='ltr'><strong>rursusque</strong></span> <span class='ocrx_word' id='word_1_537' title='bbox 2684 4249 2905 4306; x_wconf 84' lang='lat' dir='ltr'><strong>dulcedo</strong></span> <span class='ocrx_word' id='word_1_538' title='bbox 2949 4261 3002 4307; x_wconf 88' lang='lat' dir='ltr'><strong>et</strong></span> <span class='ocrx_word' id='word_1_539' title='bbox 3043 4251 3364 4307; x_wconf 81' lang='lat' dir='ltr'><strong>desiderium</strong></span> 
     </span>
    </p>
   </div>
   <div class='ocr_carea' id='block_1_84' title="bbox 1785 4342 3364 4418">
    <p class='ocr_par' dir='ltr' id='par_1_84' title="bbox 1785 4342 3364 4418">
     <span class='ocr_line' id='line_1_84' title="bbox 1785 4342 3364 4418; baseline 0.003 -21"><span class='ocrx_word' id='word_1_540' title='bbox 1785 4342 1930 4414; x_wconf 89' lang='lat' dir='ltr'><strong>quod</strong></span> <span class='ocrx_word' id='word_1_541' title='bbox 1957 4349 2043 4398; x_wconf 91' lang='lat' dir='ltr'><strong>est</strong></span> <span class='ocrx_word' id='word_1_542' title='bbox 2069 4359 2251 4408; x_wconf 88' lang='lat' dir='ltr'><strong>amor;</strong></span> <span class='ocrx_word' id='word_1_543' title='bbox 2299 4344 2417 4413; x_wconf 87' lang='lat' dir='ltr'><strong>ipse</strong></span> <span class='ocrx_word' id='word_1_544' title='bbox 2441 4350 2622 4398; x_wconf 87' lang='lat' dir='ltr'><strong>autem</strong></span> <span class='ocrx_word' id='word_1_545' title='bbox 2650 4352 2735 4398; x_wconf 90' lang='lat' dir='ltr'><strong>est</strong></span> <span class='ocrx_word' id='word_1_546' title='bbox 2761 4343 2816 4398; x_wconf 86' lang='lat' dir='ltr'><strong>id</strong></span> <span class='ocrx_word' id='word_1_547' title='bbox 2848 4344 2994 4415; x_wconf 88' lang='lat' dir='ltr'><strong>quod</strong></span> <span class='ocrx_word' id='word_1_548' title='bbox 3029 4359 3156 4400; x_wconf 89' lang='lat' dir='ltr'><strong>vere</strong></span> <span class='ocrx_word' id='word_1_549' title='bbox 3183 4345 3364 4418; x_wconf 84' lang='lat' dir='ltr'><strong>diligi-</strong></span> 
     </span>
    </p>
   </div>
   <div class='ocr_carea' id='block_1_85' title="bbox 1784 4435 3363 4506">
    <p class='ocr_par' dir='ltr' id='par_1_85' title="bbox 1784 4435 3363 4506">
     <span class='ocr_line' id='line_1_85' title="bbox 1784 4435 3363 4506; baseline 0.002 -16"><span class='ocrx_word' id='word_1_550' title='bbox 1784 4435 1893 4490; x_wconf 85' lang='lat' dir='ltr'><strong>bile</strong></span> <span class='ocrx_word' id='word_1_551' title='bbox 1921 4450 1987 4488; x_wconf 84' lang='lat' dir='ltr'><strong>ac</strong></span> <span class='ocrx_word' id='word_1_552' title='bbox 2029 4435 2300 4502; x_wconf 86' lang='lat' dir='ltr'><strong>amabile;</strong></span> <span class='ocrx_word' id='word_1_553' title='bbox 2336 4442 2604 4504; x_wconf 87' lang='lat' dir='ltr'><strong>quatenus</strong></span> <span class='ocrx_word' id='word_1_554' title='bbox 2631 4449 2760 4506; x_wconf 78' lang='lat' dir='ltr'><strong>ergo</strong></span> <span class='ocrx_word' id='word_1_555' title='bbox 2789 4435 3090 4490; x_wconf 85' lang='lat' dir='ltr'><strong>amatorius</strong></span> <span class='ocrx_word' id='word_1_556' title='bbox 3117 4451 3271 4490; x_wconf 88' lang='lat' dir='ltr'><strong>amor</strong></span> <span class='ocrx_word' id='word_1_557' title='bbox 3297 4455 3363 4493; x_wconf 75' lang='lat' dir='ltr'><strong>ex</strong></span> 
     </span>
    </p>
   </div>
   <div class='ocr_carea' id='block_1_86' title="bbox 1787 4526 3359 4597">
    <p class='ocr_par' dir='ltr' id='par_1_86' title="bbox 1787 4526 3359 4597">
     <span class='ocr_line' id='line_1_86' title="bbox 1787 4526 3359 4597; baseline -0.001 -15"><span class='ocrx_word' id='word_1_558' title='bbox 1787 4527 1907 4597; x_wconf 84' lang='lat' dir='ltr'><strong>ipso</strong></span> <span class='ocrx_word' id='word_1_559' title='bbox 1942 4533 2252 4596; x_wconf 88' lang='lat' dir='ltr'><strong>promanat,</strong></span> <span class='ocrx_word' id='word_1_560' title='bbox 2289 4526 2406 4596; x_wconf 90' lang='lat' dir='ltr'><strong>ipse</strong></span> <span class='ocrx_word' id='word_1_561' title='bbox 2432 4526 2597 4596; x_wconf 84' lang='lat' dir='ltr'><strong>hujus</strong></span> <span class='ocrx_word' id='word_1_562' title='bbox 2636 4527 2850 4597; x_wconf 80' lang='lat' dir='ltr'><strong>genitor</strong></span> <span class='ocrx_word' id='word_1_563' title='bbox 2877 4526 3086 4581; x_wconf 83' lang='lat' dir='ltr'><strong>moveri</strong></span> <span class='ocrx_word' id='word_1_564' title='bbox 3116 4526 3359 4593; x_wconf 89' lang='lat' dir='ltr'><strong>dicitur;</strong></span> 
     </span>
    </p>
   </div>
   <div class='ocr_carea' id='block_1_87' title="bbox 107 4612 1685 4692">
    <p class='ocr_par' dir='ltr' id='par_1_87' title="bbox 107 4612 1685 4690">
     <span class='ocr_line' id='line_1_87' title="bbox 107 4612 1685 4690; baseline -0.002 -21"><span class='ocrx_word' id='word_1_565' title='bbox 107 4620 374 4690; x_wconf 77' lang='grc' dir='ltr'><strong>γεννήτωρ</strong></span> <span class='ocrx_word' id='word_1_566' title='bbox 397 4633 410 4648; x_wconf 71' lang='grc' dir='ltr'><strong>ο</strong></span> <span class='ocrx_word' id='word_1_567' title='bbox 445 4617 523 4689; x_wconf 82' lang='grc' dir='ltr'><strong>τῷ</strong></span> <span class='ocrx_word' id='word_1_568' title='bbox 549 4617 605 4670; x_wconf 78' lang='grc' dir='ltr'><strong>δὲ</strong></span> <span class='ocrx_word' id='word_1_569' title='bbox 636 4615 798 4670; x_wconf 81' lang='grc' dir='ltr'>αὑτὸν</span> <span class='ocrx_word' id='word_1_570' title='bbox 827 4617 970 4669; x_wconf 80' lang='grc' dir='ltr'>εἶναι</span> <span class='ocrx_word' id='word_1_571' title='bbox 1003 4613 1066 4669; x_wconf 79' lang='grc' dir='ltr'><strong>τὸ</strong></span> <span class='ocrx_word' id='word_1_572' title='bbox 1095 4613 1308 4686; x_wconf 81' lang='grc' dir='ltr'>ἀληθῶς</span> <span class='ocrx_word' id='word_1_573' title='bbox 1339 4612 1566 4685; x_wconf 80' lang='grc' dir='ltr'>ἐραστδν</span> <span class='ocrx_word' id='word_1_574' title='bbox 1592 4612 1685 4666; x_wconf 75' lang='grc' dir='ltr'><strong>καὶ</strong></span> 
     </span>
    </p>
   </div>
   <div class='ocr_carea' id='block_1_88' title="bbox 1817 4612 3365 4692">
    <p class='ocr_par' dir='ltr' id='par_1_88' title="bbox 1817 4616 3365 4688">
     <span class='ocr_line' id='line_1_88' title="bbox 1817 4616 3365 4688; baseline 0 -16"><span class='ocrx_word' id='word_1_575' title='bbox 1817 4625 2061 4687; x_wconf 82' lang='lat' dir='ltr'><strong>[uatenus</strong></span> <span class='ocrx_word' id='word_1_576' title='bbox 2094 4623 2274 4671; x_wconf 89' lang='lat' dir='ltr'><strong>autem</strong></span> <span class='ocrx_word' id='word_1_577' title='bbox 2312 4624 2396 4672; x_wconf 89' lang='lat' dir='ltr'><strong>est</strong></span> <span class='ocrx_word' id='word_1_578' title='bbox 2441 4617 2496 4671; x_wconf 90' lang='lat' dir='ltr'><strong>id</strong></span> <span class='ocrx_word' id='word_1_579' title='bbox 2543 4617 2688 4688; x_wconf 85' lang='lat' dir='ltr'><strong>quod</strong></span> <span class='ocrx_word' id='word_1_580' title='bbox 2722 4632 2850 4673; x_wconf 86' lang='lat' dir='ltr'><strong>vere</strong></span> <span class='ocrx_word' id='word_1_581' title='bbox 2877 4616 3112 4673; x_wconf 88' lang='lat' dir='ltr'><strong>amabile</strong></span> <span class='ocrx_word' id='word_1_582' title='bbox 3143 4631 3210 4673; x_wconf 93' lang='lat' dir='ltr'><strong>ac</strong></span> <span class='ocrx_word' id='word_1_583' title='bbox 3235 4617 3365 4672; x_wconf 84' lang='lat' dir='ltr'><strong>dili-</strong></span> 
     </span>
    </p>
   </div>
   <div class='ocr_carea' id='block_1_89' title="bbox 110 4699 1682 4783">
    <p class='ocr_par' dir='ltr' id='par_1_89' title="bbox 110 4699 1682 4783">
     <span class='ocr_line' id='line_1_89' title="bbox 110 4699 1682 4783; baseline -0.002 -23"><span class='ocrx_word' id='word_1_584' title='bbox 110 4709 403 4783; x_wconf 81' lang='grc' dir='ltr'>ἀγαπητὸν,</span> <span class='ocrx_word' id='word_1_585' title='bbox 444 4711 586 4763; x_wconf 87' lang='grc' dir='ltr'><strong>κινεῖ</strong></span> <span class='ocrx_word' id='word_1_586' title='bbox 612 4708 682 4762; x_wconf 81' lang='grc' dir='ltr'><strong>τὰ</strong></span> <span class='ocrx_word' id='word_1_587' title='bbox 724 4708 862 4780; x_wconf 81' lang='grc' dir='ltr'>πρὸς</span> <span class='ocrx_word' id='word_1_588' title='bbox 904 4707 1062 4761; x_wconf 81' lang='grc' dir='ltr'><strong>τοῦτο</strong></span> <span class='ocrx_word' id='word_1_589' title='bbox 1092 4705 1304 4773; x_wconf 84' lang='grc' dir='ltr'>ὁρῶντα</span> <span class='ocrx_word' id='word_1_590' title='bbox 1322 4707 1391 4769; x_wconf 83' lang='grc'><strong>⁷⁵,</strong></span> <span class='ocrx_word' id='word_1_591' title='bbox 1421 4704 1515 4758; x_wconf 72' lang='grc' dir='ltr'><strong>καὶ</strong></span> <span class='ocrx_word' id='word_1_592' title='bbox 1540 4699 1622 4768; x_wconf 78' lang='grc' dir='ltr'><strong>οἷς</strong></span> <span class='ocrx_word' id='word_1_593' title='bbox 1648 4705 1682 4775; x_wconf 78' lang='grc' dir='ltr'>ἡ</span> 
     </span>
    </p>
   </div>
   <div class='ocr_carea' id='block_1_90' title="bbox 106 4799 1258 4874">
    <p class='ocr_par' dir='ltr' id='par_1_90' title="bbox 106 4799 1258 4874">
     <span class='ocr_line' id='line_1_90' title="bbox 106 4799 1258 4874; baseline -0.001 -21"><span class='ocrx_word' id='word_1_594' title='bbox 106 4803 188 4856; x_wconf 76' lang='grc' dir='ltr'><strong>τοῦ</strong></span> <span class='ocrx_word' id='word_1_595' title='bbox 212 4803 472 4874; x_wconf 74' lang='grc' dir='ltr'>ἐφίεσθαι</span> <span class='ocrx_word' id='word_1_596' title='bbox 499 4802 725 4872; x_wconf 83' lang='grc' dir='ltr'><strong>δύναμις</strong></span> <span class='ocrx_word' id='word_1_597' title='bbox 751 4799 1030 4868; x_wconf 80' lang='grc' dir='ltr'>ἀναλόγως</span> <span class='ocrx_word' id='word_1_598' title='bbox 1058 4799 1258 4860; x_wconf 76' lang='grc' dir='ltr'><strong>αὐτοῖς.</strong></span> 
     </span>
    </p>
   </div>
   <div class='ocr_carea' id='block_1_91' title="bbox 177 4888 1686 4964">
    <p class='ocr_par' dir='ltr' id='par_1_91' title="bbox 177 4888 1686 4964">
     <span class='ocr_line' id='line_1_91' title="bbox 177 4888 1686 4964; baseline -0.003 -18"><span class='ocrx_word' id='word_1_599' title='bbox 177 4895 468 4964; x_wconf 77' lang='grc' dir='ltr'>Ἐραστὸν</span> <span class='ocrx_word' id='word_1_600' title='bbox 511 4895 608 4948; x_wconf 79' lang='grc' dir='ltr'><strong>καὶ</strong></span> <span class='ocrx_word' id='word_1_601' title='bbox 655 4892 984 4962; x_wconf 79' lang='grc' dir='ltr'>ἀγαπητόν.</span> <span class='ocrx_word' id='word_1_602' title='bbox 1024 4889 1446 4962; x_wconf 77' lang='grc' dir='ltr'>Προσαγωγικὸν</span> <span class='ocrx_word' id='word_1_603' title='bbox 1475 4888 1571 4942; x_wconf 70' lang='grc' dir='ltr'>καὶ</span> <span class='ocrx_word' id='word_1_604' title='bbox 1602 4905 1686 4941; x_wconf 64' lang='grc' dir='ltr'><strong>κιδ-</strong></span> 
     </span>
    </p>
   </div>
   <div class='ocr_carea' id='block_1_92' title="bbox 105 4979 1686 5060">
    <p class='ocr_par' dir='ltr' id='par_1_92' title="bbox 105 4979 1686 5060">
     <span class='ocr_line' id='line_1_92' title="bbox 105 4979 1686 5060; baseline -0.005 -19"><span class='ocrx_word' id='word_1_605' title='bbox 105 4990 308 5058; x_wconf 76' lang='grc' dir='ltr'><strong>νητικὸν</strong></span> <span class='ocrx_word' id='word_1_606' title='bbox 359 4988 504 5060; x_wconf 80' lang='grc' dir='ltr'>πρὸς</span> <span class='ocrx_word' id='word_1_607' title='bbox 547 4985 816 5057; x_wconf 75' lang='grc' dir='ltr'>ἐρωτικὴν</span> <span class='ocrx_word' id='word_1_608' title='bbox 861 4983 1154 5053; x_wconf 80' lang='grc' dir='ltr'>συνάφειαν</span> <span class='ocrx_word' id='word_1_609' title='bbox 1193 4983 1289 5054; x_wconf 79' lang='grc' dir='ltr'><strong>τὴν</strong></span> <span class='ocrx_word' id='word_1_610' title='bbox 1333 4983 1389 5034; x_wconf 79' lang='grc' dir='ltr'>ὲν</span> <span class='ocrx_word' id='word_1_611' title='bbox 1414 4979 1686 5052; x_wconf 85' lang='grc' dir='ltr'><strong>πνεύματι</strong></span> 
     </span>
    </p>
   </div>
   <div class='ocr_carea' id='block_1_93' title="bbox 105 5073 1685 5151">
    <p class='ocr_par' dir='ltr' id='par_1_93' title="bbox 105 5073 1685 5151">
     <span class='ocr_line' id='line_1_93' title="bbox 105 5073 1685 5151; baseline -0.001 -21"><span class='ocrx_word' id='word_1_612' title='bbox 105 5079 184 5131; x_wconf 83' lang='grc' dir='ltr'><strong>τὸν</strong></span> <span class='ocrx_word' id='word_1_613' title='bbox 231 5082 370 5135; x_wconf 79' lang='grc' dir='ltr'>Θεὸν</span> <span class='ocrx_word' id='word_1_614' title='bbox 422 5077 573 5133; x_wconf 73' lang='grc' dir='ltr'><strong>εἷναί⁵</strong></span> <span class='ocrx_word' id='word_1_615' title='bbox 614 5097 704 5151; x_wconf 85' lang='grc' dir='ltr'><strong>μοι</strong></span> <span class='ocrx_word' id='word_1_616' title='bbox 747 5078 879 5142; x_wconf 84' lang='grc' dir='ltr'><strong>νόει,</strong></span> <span class='ocrx_word' id='word_1_617' title='bbox 912 5076 1158 5130; x_wconf 78' lang='grc' dir='ltr'><strong>τουτέστι</strong></span> <span class='ocrx_word' id='word_1_618' title='bbox 1193 5073 1417 5148; x_wconf 79' lang='grc' dir='ltr'><strong>μεσίτην</strong></span> <span class='ocrx_word' id='word_1_619' title='bbox 1460 5074 1685 5146; x_wconf 80' lang='grc' dir='ltr'><strong>ταύτης,</strong></span> 
     </span>
    </p>
   </div>
   <div class='ocr_carea' id='block_1_94' title="bbox 103 5163 1689 5246">
    <p class='ocr_par' dir='ltr' id='par_1_94' title="bbox 103 5163 1689 5246">
     <span class='ocr_line' id='line_1_94' title="bbox 103 5163 1689 5246; baseline -0.003 -21"><span class='ocrx_word' id='word_1_620' title='bbox 103 5174 188 5225; x_wconf 75' lang='grc' dir='ltr'><strong>καὶ</strong></span> <span class='ocrx_word' id='word_1_621' title='bbox 216 5174 357 5246; x_wconf 73' lang='grc' dir='ltr'>πρὸς</span> <span class='ocrx_word' id='word_1_622' title='bbox 388 5171 582 5231; x_wconf 77' lang='grc' dir='ltr'><strong>ἑαυτδν</strong></span> <span class='ocrx_word' id='word_1_623' title='bbox 613 5169 992 5242; x_wconf 80' lang='grc' dir='ltr'><strong>συναρμοστὴν</strong></span> <span class='ocrx_word' id='word_1_624' title='bbox 1013 5168 1108 5222; x_wconf 83' lang='grc' dir='ltr'><strong>τοῦ</strong></span> <span class='ocrx_word' id='word_1_625' title='bbox 1137 5168 1363 5240; x_wconf 79' lang='grc' dir='ltr'><strong>ἐρᾶσθαι</strong></span> <span class='ocrx_word' id='word_1_626' title='bbox 1391 5168 1553 5221; x_wconf 80' lang='grc' dir='ltr'>αὑτὸν</span> <span class='ocrx_word' id='word_1_627' title='bbox 1582 5163 1689 5221; x_wconf 80' lang='grc' dir='ltr'><strong>ὑπὸ</strong></span> 
     </span>
    </p>
   </div>
   <div class='ocr_carea' id='block_1_95' title="bbox 103 5259 1688 5336">
    <p class='ocr_par' dir='ltr' id='par_1_95' title="bbox 103 5259 1688 5336">
     <span class='ocr_line' id='line_1_95' title="bbox 103 5259 1688 5336; baseline -0.001 -22"><span class='ocrx_word' id='word_1_628' title='bbox 103 5263 200 5317; x_wconf 79' lang='grc' dir='ltr'>τῶν</span> <span class='ocrx_word' id='word_1_629' title='bbox 220 5265 396 5320; x_wconf 79' lang='grc' dir='ltr'><strong>αὑτοῦ</strong></span> <span class='ocrx_word' id='word_1_630' title='bbox 413 5266 461 5297; x_wconf 81' lang='grc'>⁷⁸</span> <span class='ocrx_word' id='word_1_631' title='bbox 491 5265 814 5336; x_wconf 80' lang='grc' dir='ltr'><strong>ποιημάτων</strong></span> <span class='ocrx_word' id='word_1_632' title='bbox 844 5260 938 5315; x_wconf 76' lang='grc' dir='ltr'><strong>καὶ</strong></span> <span class='ocrx_word' id='word_1_633' title='bbox 964 5260 1308 5331; x_wconf 73' lang='grc' dir='ltr'>ἀγαπᾶσθαισ</span> <span class='ocrx_word' id='word_1_634' title='bbox 1341 5259 1614 5332; x_wconf 79' lang='grc' dir='ltr'><strong>κινητικὸν</strong></span> <span class='ocrx_word' id='word_1_635' title='bbox 1629 5259 1688 5313; x_wconf 73' lang='grc' dir='ltr'><strong>δέ</strong></span> 
     </span>
    </p>
   </div>
   <div class='ocr_carea' id='block_1_96' title="bbox 104 5351 1689 5426">
    <p class='ocr_par' dir='ltr' id='par_1_96' title="bbox 104 5351 1689 5426">
     <span class='ocr_line' id='line_1_96' title="bbox 104 5351 1689 5426; baseline -0.004 -15"><span class='ocrx_word' id='word_1_636' title='bbox 104 5372 279 5426; x_wconf 66' lang='grc' dir='ltr'><strong>φησιν,</strong></span> <span class='ocrx_word' id='word_1_637' title='bbox 300 5357 385 5422; x_wconf 83' lang='grc' dir='ltr'><strong>ὡς</strong></span> <span class='ocrx_word' id='word_1_638' title='bbox 415 5355 668 5411; x_wconf 82' lang='grc' dir='ltr'>κινοῦντα</span> <span class='ocrx_word' id='word_1_639' title='bbox 695 5355 903 5408; x_wconf 69' lang='grc' dir='ltr'><strong>ἕκαστα</strong></span> <span class='ocrx_word' id='word_1_640' title='bbox 921 5351 988 5416; x_wconf 87' lang='grc'><strong>⁷⁷,</strong></span> <span class='ocrx_word' id='word_1_641' title='bbox 1011 5351 1152 5407; x_wconf 79' lang='grc' dir='ltr'>κατὰ</span> <span class='ocrx_word' id='word_1_642' title='bbox 1181 5352 1273 5406; x_wconf 82' lang='grc' dir='ltr'><strong>τὸν</strong></span> <span class='ocrx_word' id='word_1_643' title='bbox 1300 5353 1500 5405; x_wconf 78' lang='grc' dir='ltr'><strong>οἰκεῖον</strong></span> <span class='ocrx_word' id='word_1_644' title='bbox 1530 5351 1689 5420; x_wconf 86' lang='grc' dir='ltr'>λόγον</span> 
     </span>
    </p>
   </div>
   <div class='ocr_carea' id='block_1_97' title="bbox 199 5532 1215 5600">
    <p class='ocr_par' dir='ltr' id='par_1_97' title="bbox 199 5532 1215 5600">
     <span class='ocr_line' id='line_1_97' title="bbox 199 5532 1215 5600; baseline 0.001 -11"><span class='ocrx_word' id='word_1_645' title='bbox 199 5537 224 5575; x_wconf 74' lang='grc' dir='ltr'>δ</span> <span class='ocrx_word' id='word_1_646' title='bbox 251 5536 411 5592; x_wconf 76' lang='lat' dir='ltr'><strong>Psal.</strong></span> <span class='ocrx_word' id='word_1_647' title='bbox 442 5552 564 5600; x_wconf 78' lang='lat' dir='ltr'><strong>cxv,</strong></span> <span class='ocrx_word' id='word_1_648' title='bbox 610 5533 695 5590; x_wconf 80' lang='grc' dir='ltr'><strong>Η.</strong></span> <span class='ocrx_word' id='word_1_649' title='bbox 774 5547 796 5576; x_wconf 73' lang='grc' dir='ltr'><strong>ε</strong></span> <span class='ocrx_word' id='word_1_650' title='bbox 829 5532 986 5589; x_wconf 82' lang='lat' dir='ltr'><strong>loan.</strong></span> <span class='ocrx_word' id='word_1_651' title='bbox 1019 5550 1097 5600; x_wconf 77' lang='lat' dir='ltr'><strong>tv,</strong></span> <span class='ocrx_word' id='word_1_652' title='bbox 1128 5534 1215 5590; x_wconf 77' lang='grc'><strong>16.</strong></span> 
     </span>
    </p>
   </div>
   <div class='ocr_carea' id='block_1_98' title="bbox 1791 4709 3362 4782">
    <p class='ocr_par' dir='ltr' id='par_1_98' title="bbox 1791 4709 3362 4782">
     <span class='ocr_line' id='line_1_98' title="bbox 1791 4709 3362 4782; baseline 0.001 -16"><span class='ocrx_word' id='word_1_653' title='bbox 1791 4711 1974 4782; x_wconf 87' lang='lat' dir='ltr'><strong>gibile,</strong></span> <span class='ocrx_word' id='word_1_654' title='bbox 2007 4719 2189 4779; x_wconf 86' lang='lat' dir='ltr'><strong>movet</strong></span> <span class='ocrx_word' id='word_1_655' title='bbox 2235 4724 2357 4780; x_wconf 67' lang='lat' dir='ltr'><strong>quae</strong></span> <span class='ocrx_word' id='word_1_656' title='bbox 2393 4709 2538 4766; x_wconf 91' lang='lat' dir='ltr'><strong>hunc</strong></span> <span class='ocrx_word' id='word_1_657' title='bbox 2581 4709 2902 4782; x_wconf 83' lang='lat' dir='ltr'><strong>respiciunt,</strong></span> <span class='ocrx_word' id='word_1_658' title='bbox 2936 4717 2991 4765; x_wconf 90' lang='lat' dir='ltr'><strong>et</strong></span> <span class='ocrx_word' id='word_1_659' title='bbox 3035 4711 3234 4781; x_wconf 92' lang='lat' dir='ltr'><strong>quibus</strong></span> <span class='ocrx_word' id='word_1_660' title='bbox 3277 4712 3362 4768; x_wconf 81' lang='lat' dir='ltr'><strong>vis</strong></span> 
     </span>
    </p>
   </div>
   <div class='ocr_carea' id='block_1_99' title="bbox 1792 4803 2394 4874">
    <p class='ocr_par' dir='ltr' id='par_1_99' title="bbox 1792 4803 2394 4874">
     <span class='ocr_line' id='line_1_99' title="bbox 1792 4803 2394 4874; baseline 0.003 -18"><span class='ocrx_word' id='word_1_661' title='bbox 1792 4803 2081 4874; x_wconf 90' lang='lat' dir='ltr'><strong>appetendi</strong></span> <span class='ocrx_word' id='word_1_662' title='bbox 2117 4805 2394 4858; x_wconf 83' lang='lat' dir='ltr'><strong>convenit.</strong></span> 
     </span>
    </p>
   </div>
   <div class='ocr_carea' id='block_1_100' title="bbox 1856 4892 3362 4964">
    <p class='ocr_par' dir='ltr' id='par_1_100' title="bbox 1856 4892 3362 4964">
     <span class='ocr_line' id='line_1_100' title="bbox 1856 4892 3362 4964; baseline -0.002 -16"><span class='ocrx_word' id='word_1_663' title='bbox 1856 4893 2152 4949; x_wconf 82' lang='lat' dir='ltr'><strong>Amabitem</strong></span> <span class='ocrx_word' id='word_1_664' title='bbox 2175 4910 2238 4948; x_wconf 84' lang='lat' dir='ltr'><strong>ac</strong></span> <span class='ocrx_word' id='word_1_665' title='bbox 2264 4893 2531 4948; x_wconf 78' lang='lat' dir='ltr'><strong>dilectum.</strong></span> <span class='ocrx_word' id='word_1_666' title='bbox 2574 4893 2818 4964; x_wconf 84' lang='lat' dir='ltr'><strong>Intelligo</strong></span> <span class='ocrx_word' id='word_1_667' title='bbox 2842 4892 3008 4948; x_wconf 87' lang='lat' dir='ltr'><strong>Deum</strong></span> <span class='ocrx_word' id='word_1_668' title='bbox 3034 4893 3232 4948; x_wconf 81' lang='lat' dir='ltr'><strong>habere</strong></span> <span class='ocrx_word' id='word_1_669' title='bbox 3253 4894 3362 4946; x_wconf 86' lang='lat' dir='ltr'><strong>vim</strong></span> 
     </span>
    </p>
   </div>
   <div class='ocr_carea' id='block_1_101' title="bbox 1790 4983 3366 5054">
    <p class='ocr_par' dir='ltr' id='par_1_101' title="bbox 1790 4983 3366 5054">
     <span class='ocr_line' id='line_1_101' title="bbox 1790 4983 3366 5054; baseline -0.003 -14"><span class='ocrx_word' id='word_1_670' title='bbox 1790 4985 2098 5042; x_wconf 87' lang='lat' dir='ltr'><strong>adducendi</strong></span> <span class='ocrx_word' id='word_1_671' title='bbox 2126 4985 2194 5040; x_wconf 86' lang='lat' dir='ltr'><strong>ad</strong></span> <span class='ocrx_word' id='word_1_672' title='bbox 2221 4985 2540 5039; x_wconf 88' lang='lat' dir='ltr'><strong>amatoriam</strong></span> <span class='ocrx_word' id='word_1_673' title='bbox 2589 4985 2642 5038; x_wconf 92' lang='lat' dir='ltr'><strong>in</strong></span> <span class='ocrx_word' id='word_1_674' title='bbox 2685 4984 2880 5054; x_wconf 90' lang='lat' dir='ltr'><strong>spiritu</strong></span> <span class='ocrx_word' id='word_1_675' title='bbox 2910 4983 3366 5038; x_wconf 60' lang='lat' dir='ltr'><strong>communicatio-</strong></span> 
     </span>
    </p>
   </div>
   <div class='ocr_carea' id='block_1_102' title="bbox 1788 5075 3360 5146">
    <p class='ocr_par' dir='ltr' id='par_1_102' title="bbox 1788 5075 3360 5146">
     <span class='ocr_line' id='line_1_102' title="bbox 1788 5075 3360 5146; baseline -0.006 -11"><span class='ocrx_word' id='word_1_676' title='bbox 1788 5095 1933 5146; x_wconf 87' lang='lat' dir='ltr'><strong>nem,</strong></span> <span class='ocrx_word' id='word_1_677' title='bbox 1957 5078 2013 5133; x_wconf 90' lang='lat' dir='ltr'><strong>id</strong></span> <span class='ocrx_word' id='word_1_678' title='bbox 2053 5085 2138 5134; x_wconf 90' lang='lat' dir='ltr'><strong>est</strong></span> <span class='ocrx_word' id='word_1_679' title='bbox 2179 5076 2344 5144; x_wconf 87' lang='lat' dir='ltr'><strong>hujus</strong></span> <span class='ocrx_word' id='word_1_680' title='bbox 2391 5076 2770 5136; x_wconf 88' lang='lat' dir='ltr'><strong>mediatorem,</strong></span> <span class='ocrx_word' id='word_1_681' title='bbox 2829 5089 2894 5129; x_wconf 88' lang='lat' dir='ltr'><strong>ac</strong></span> <span class='ocrx_word' id='word_1_682' title='bbox 2961 5089 3060 5144; x_wconf 88' lang='lat' dir='ltr'><strong>per</strong></span> <span class='ocrx_word' id='word_1_683' title='bbox 3120 5075 3360 5143; x_wconf 85' lang='lat' dir='ltr'><strong>seipsum</strong></span> 
     </span>
    </p>
   </div>
   <div class='ocr_carea' id='block_1_103' title="bbox 1789 5164 3364 5235">
    <p class='ocr_par' dir='ltr' id='par_1_103' title="bbox 1789 5164 3364 5235">
     <span class='ocr_line' id='line_1_103' title="bbox 1789 5164 3364 5235; baseline -0.005 -13"><span class='ocrx_word' id='word_1_684' title='bbox 1789 5169 2193 5223; x_wconf 85' lang='lat' dir='ltr'><strong>conciliatorem</strong></span> <span class='ocrx_word' id='word_1_685' title='bbox 2224 5181 2366 5226; x_wconf 87' lang='lat' dir='ltr'><strong>esse,</strong></span> <span class='ocrx_word' id='word_1_686' title='bbox 2399 5173 2458 5218; x_wconf 89' lang='lat' dir='ltr'><strong>ut</strong></span> <span class='ocrx_word' id='word_1_687' title='bbox 2489 5167 2604 5235; x_wconf 91' lang='lat' dir='ltr'><strong>ipse</strong></span> <span class='ocrx_word' id='word_1_688' title='bbox 2631 5181 2661 5219; x_wconf 87' lang='lat' dir='ltr'><strong>a</strong></span> <span class='ocrx_word' id='word_1_689' title='bbox 2704 5166 2821 5221; x_wconf 86' lang='lat' dir='ltr'><strong>suis</strong></span> <span class='ocrx_word' id='word_1_690' title='bbox 2849 5164 3122 5220; x_wconf 86' lang='lat' dir='ltr'><strong>creaturis</strong></span> <span class='ocrx_word' id='word_1_691' title='bbox 3151 5171 3364 5217; x_wconf 86' lang='lat' dir='ltr'><strong>ametur</strong></span> 
     </span>
    </p>
   </div>
   <div class='ocr_carea' id='block_1_104' title="bbox 1790 5255 3364 5331">
    <p class='ocr_par' dir='ltr' id='par_1_104' title="bbox 1790 5255 3364 5331">
     <span class='ocr_line' id='line_1_104' title="bbox 1790 5255 3364 5331; baseline -0.007 -16"><span class='ocrx_word' id='word_1_692' title='bbox 1790 5275 1855 5315; x_wconf 89' lang='lat' dir='ltr'><strong>ac</strong></span> <span class='ocrx_word' id='word_1_693' title='bbox 1885 5260 2178 5331; x_wconf 85' lang='lat' dir='ltr'><strong>diligatur;</strong></span> <span class='ocrx_word' id='word_1_694' title='bbox 2217 5257 2350 5311; x_wconf 88' lang='lat' dir='ltr'><strong>dicit</strong></span> <span class='ocrx_word' id='word_1_695' title='bbox 2380 5263 2559 5311; x_wconf 89' lang='lat' dir='ltr'><strong>autem</strong></span> <span class='ocrx_word' id='word_1_696' title='bbox 2589 5257 2700 5311; x_wconf 89' lang='lat' dir='ltr'><strong>vim</strong></span> <span class='ocrx_word' id='word_1_697' title='bbox 2730 5255 2980 5311; x_wconf 82' lang='lat' dir='ltr'><strong>movendi</strong></span> <span class='ocrx_word' id='word_1_698' title='bbox 3013 5255 3235 5314; x_wconf 87' lang='lat' dir='ltr'><strong>habere,</strong></span> <span class='ocrx_word' id='word_1_699' title='bbox 3269 5259 3364 5305; x_wconf 87' lang='lat' dir='ltr'><strong>aut</strong></span> 
     </span>
    </p>
   </div>
   <div class='ocr_carea' id='block_1_105' title="bbox 1792 5345 3361 5422">
    <p class='ocr_par' dir='ltr' id='par_1_105' title="bbox 1792 5345 3361 5422">
     <span class='ocr_line' id='line_1_105' title="bbox 1792 5345 3361 5422; baseline -0.008 -16"><span class='ocrx_word' id='word_1_700' title='bbox 1792 5359 2100 5407; x_wconf 89' lang='lat' dir='ltr'><strong>moventem</strong></span> <span class='ocrx_word' id='word_1_701' title='bbox 2150 5350 2364 5422; x_wconf 85' lang='lat' dir='ltr'><strong>singula</strong></span> <span class='ocrx_word' id='word_1_702' title='bbox 2414 5349 2715 5406; x_wconf 85' lang='lat' dir='ltr'><strong>secundum</strong></span> <span class='ocrx_word' id='word_1_703' title='bbox 2751 5348 3025 5420; x_wconf 85' lang='lat' dir='ltr'><strong>prOpriam</strong></span> <span class='ocrx_word' id='word_1_704' title='bbox 3067 5345 3361 5406; x_wconf 80' lang='lat' dir='ltr'><strong>rationem,</strong></span> 
     </span>
    </p>
   </div>
   <div class='ocr_carea' id='block_1_106' title="bbox 1029 5699 2408 5765">
    <p class='ocr_par' dir='ltr' id='par_1_106' title="bbox 1029 5699 2408 5765">
     <span class='ocr_line' id='line_1_106' title="bbox 1029 5699 2408 5765; baseline -0.007 -1"><span class='ocrx_word' id='word_1_705' title='bbox 1029 5708 1269 5765; x_wconf 68' lang='lat' dir='ltr'><strong>VARI/Ii</strong></span> <span class='ocrx_word' id='word_1_706' title='bbox 1309 5705 1695 5765; x_wconf 82' lang='lat' dir='ltr'><strong>LECTIONES</strong></span> <span class='ocrx_word' id='word_1_707' title='bbox 1729 5706 1818 5763; x_wconf 87' lang='lat' dir='ltr'>ET</span> <span class='ocrx_word' id='word_1_708' title='bbox 1857 5699 2408 5764; x_wconf 78' lang='lat' dir='ltr'><strong>CORRECTIONES.</strong></span> 
     </span>
    </p>
   </div>
   <div class='ocr_carea' id='block_1_107' title="bbox 154 5872 524 5942">
    <p class='ocr_par' dir='ltr' id='par_1_107' title="bbox 154 5872 524 5942">
     <span class='ocr_line' id='line_1_107' title="bbox 154 5872 524 5942; baseline -0.005 -14"><span class='ocrx_word' id='word_1_709' title='bbox 154 5874 198 5905; x_wconf 79' lang='lat'><strong>&#39;°</strong></span> <span class='ocrx_word' id='word_1_710' title='bbox 233 5872 524 5942; x_wconf 70' lang='grc' dir='ltr'><strong>θεοφόρος.</strong></span> 
     </span>
    </p>
   </div>
   <div class='ocr_carea' id='block_1_108' title="bbox 101 5943 439 6000">
    <p class='ocr_par' dir='ltr' id='par_1_108' title="bbox 101 5943 439 6000">
     <span class='ocr_line' id='line_1_108' title="bbox 101 5943 439 6000; baseline -0.006 -2"><span class='ocrx_word' id='word_1_711' title='bbox 101 5943 141 5978; x_wconf 71' lang='grc' dir='ltr'><strong>’ν</strong></span> <span class='ocrx_word' id='word_1_712' title='bbox 171 5946 439 6000; x_wconf 72' lang='grc' dir='ltr'><strong>ἕκαστον.</strong></span> 
     </span>
    </p>
   </div>
   <div class='ocr_carea' id='block_1_109' title="bbox 438 6035 1020 6099">
    <p class='ocr_par' dir='ltr' id='par_1_109' title="bbox 438 6035 1020 6099">
     <span class='ocr_line' id='line_1_109' title="bbox 438 6035 1020 6099; baseline 0.002 -3"><span class='ocrx_word' id='word_1_713' title='bbox 438 6038 702 6099; x_wconf 69' lang='lat' dir='ltr'><strong>Parnm.</strong></span> <span class='ocrx_word' id='word_1_714' title='bbox 749 6035 867 6095; x_wconf 81' lang='lat' dir='ltr'><strong>Gn.</strong></span> <span class='ocrx_word' id='word_1_715' title='bbox 911 6035 1020 6097; x_wconf 79' lang='lat' dir='ltr'><strong>IV‘.</strong></span> 
     </span>
    </p>
   </div>
   <div class='ocr_carea' id='block_1_110' title="bbox 622 5869 1799 5945">
    <p class='ocr_par' dir='ltr' id='par_1_110' title="bbox 622 5869 1799 5945">
     <span class='ocr_line' id='line_1_110' title="bbox 622 5869 1799 5945; baseline 0.004 -22"><span class='ocrx_word' id='word_1_716' title='bbox 622 5873 662 5903; x_wconf 84' lang='grc'>⁷¹</span> <span class='ocrx_word' id='word_1_717' title='bbox 691 5870 1024 5925; x_wconf 76' lang='grc' dir='ltr'><strong>ἐπιστατέον.</strong></span> <span class='ocrx_word' id='word_1_718' title='bbox 1091 5871 1136 5902; x_wconf 82' lang='lat'>&quot;</span> <span class='ocrx_word' id='word_1_719' title='bbox 1162 5869 1259 5934; x_wconf 75' lang='grc' dir='ltr'><strong>τὰς</strong></span> <span class='ocrx_word' id='word_1_720' title='bbox 1277 5872 1369 5924; x_wconf 74' lang='grc' dir='ltr'><strong>τοῦ</strong></span> <span class='ocrx_word' id='word_1_721' title='bbox 1407 5873 1526 5928; x_wconf 83' lang='grc' dir='ltr'><strong>Σολ.</strong></span> <span class='ocrx_word' id='word_1_722' title='bbox 1564 5872 1799 5945; x_wconf 75' lang='grc' dir='ltr'>γραφάς.</span> 
     </span>
    </p>
   </div>
   <div class='ocr_carea' id='block_1_111' title="bbox 1889 5855 3359 5933">
    <p class='ocr_par' dir='ltr' id='par_1_111' title="bbox 1889 5855 3359 5933">
     <span class='ocr_line' id='line_1_111' title="bbox 1889 5855 3359 5933; baseline -0.006 -10"><span class='ocrx_word' id='word_1_723' title='bbox 1889 5859 1933 5902; x_wconf 68' lang='grc'><strong>⁷³</strong></span> <span class='ocrx_word' id='word_1_724' title='bbox 1963 5867 2204 5922; x_wconf 72' lang='grc' dir='ltr'><strong>ἐνοῦντα.</strong></span> <span class='ocrx_word' id='word_1_725' title='bbox 2295 5864 2338 5896; x_wconf 72' lang='grc'><strong>⁷³</strong></span> <span class='ocrx_word' id='word_1_726' title='bbox 2365 5861 2596 5933; x_wconf 73' lang='grc' dir='ltr'><strong>εἴρηται.</strong></span> <span class='ocrx_word' id='word_1_727' title='bbox 2687 5858 2734 5892; x_wconf 76' lang='grc'><strong>’⁸⁵</strong></span> <span class='ocrx_word' id='word_1_728' title='bbox 2767 5855 2999 5928; x_wconf 78' lang='grc' dir='ltr'>ἐρῶντα.</span> <span class='ocrx_word' id='word_1_729' title='bbox 3066 5859 3111 5890; x_wconf 87' lang='grc'>⁷⁶</span> <span class='ocrx_word' id='word_1_730' title='bbox 3144 5859 3359 5919; x_wconf 80' lang='grc' dir='ltr'><strong>ἑαυτοῦ.</strong></span> 
     </span>
    </p>
   </div>
   <div class='ocr_carea' id='block_1_112' title="bbox 2983 6021 3022 6078">
    <p class='ocr_par' dir='ltr' id='par_1_112' title="bbox 2983 6021 3022 6078">
     <span class='ocr_line' id='line_1_112' title="bbox 2983 6021 3022 6078; baseline 0 0"><span class='ocrx_word' id='word_1_731' title='bbox 2983 6021 3022 6078; x_wconf 85' lang='lat'><strong>9</strong></span> 
     </span>
    </p>
   </div>
  </div>
