3872 6542
513 397 622 455 863

1318 385 1663 448 Arcanum
1691 391 1784 447 AD
1810 387 2042 448 orsus
2079 389 2138 446 δ.
2176 378 2478 454 mouYsu
2509 380 2995 451 AREOPAGITJE.

3667 390 3769 451 ΞΜ

585 513 737 570 Sicut
771 512 932 567 etiam
962 509 1284 580 intelligendi
1315 510 1624 580 facultates.
1667 508 1903 566 Λόγοι-ιθ
1941 506 2077 563 aliud

2265 509 2496 577 Ὠσπερ
2521 508 2620 562 καὶ
2657 510 2718 563 a1
2756 508 2953 580 respui
2993 506 3294 580 δυνάμεις.
3338 510 3644 583 Σημείωσαι
3691 515 3767 567 ὅτι

512 620 638 661 esse
663 611 899 660 mentem
947 610 1002 658 et
1049 601 1198 656 aliud
1230 603 1492 658 animam.
1525 600 1892 671 lntelligentes
1923 599 2094 654 facul-

511 705 655 754 tates
701 697 837 752 dicit
889 695 1288 751 intellectiones
1336 709 1459 764 qua!
1509 701 1638 748 sunt
1681 691 1994 756 inferiores,
2039 699 2097 746 et

513 790 712 845 mentis
741 788 974 854 divisio;
1006 787 1226 858 quando
1254 787 1420 856 igitur
1451 785 1634 840 anima
1665 784 1896 842 voluerit
1922 783 2092 842 Deum

513 882 735 946 intueri,
767 889 824 936 et
867 895 968 952 pro
1010 879 1222 934 viribus
1274 879 1380 948 ipsi
1424 878 1590 942 uniri,
1619 877 1840 937 oculum
1872 877 2090 948 quidem

513 990 694 1040 suum,
726 973 779 1027 id
802 981 886 1028 est
913 981 1148 1027 mentem
1179 971 1376 1041 ipsam,
1410 969 1571 1025 debet
1597 983 1627 1022 a
1657 968 2090 1039 particularibus

511 1075 775 1130 avertere,
797 1074 852 1124 et
883 1066 949 1119 ad
980 1065 1319 1136 generaliora
1354 1061 1750 1120 transmittere.
1786 1059 2090 1118 Particuia—

509 1161 594 1215 ria
643 1173 776 1214 vero
825 1165 960 1213 sunt
1012 1157 1433 1221 intellectiones,
1465 1157 1612 1212 sicut
1658 1154 1941 1214 diximus:
1973 1161 2090 1210 tum

507 1267 668 1306 mens
700 1259 813 1304 tota
859 1249 1053 1304 eﬂ‘eeta
1096 1257 1260 1319 atque
1301 1249 1600 1304 introrsum
1629 1262 2090 1324 cons'ersa,posi-

512 1356 665 1402 remo
728 1344 910 1398 unitas
955 1351 1011 1398 et
1060 1343 1384 1412 simplicitas
1417 1340 1628 1405 effecta,
1656 1341 1860 1396 divinis
1892 1340 2092 1410 poterit

507 1435 793 1490 intendere
820 1433 1012 1497 radiis,
1045 1449 1144 1503 per
1165 1433 1496 1488 laudabilem
1529 1433 1951 1503 ignorationem,
1977 1447 2086 1490 non

508 1543 605 1598 per
633 1528 993 1598 ignorantiam
1022 1543 1144 1597 quae
1168 1543 1232 1582 ex
1252 1543 1432 1582 rerum
1457 1526 1728 1596 imperitia
1755 1525 1962 1590 oritur,
1989 1524 2086 1580 sed

507 1636 605 1690 per
655 1635 772 1675 eam
807 1636 941 1689 ,quae
985 1620 1268 1690 cognoscit
1297 1636 1356 1675 se
1387 1619 1480 1674 Dei
1515 1612 2085 1688 incomprehensibilia

507 1711 1101 1782 ignorare;cognoscet
1131 1719 1312 1767 autem
1338 1711 1527 1766 divino
1568 1710 1758 1766 fruens
1797 1710 2087 1780 splendore

504 1820 614 1860 non
646 1821 743 1876 per
780 1805 1012 1860 sensiles
1043 1805 1257 1867 oculos,
1292 1820 1394 1860 nec
1432 1805 1576 1859 enim
1608 1805 1693 1866 his
1723 1802 2086 1874 apprehendi-

2193 601 2378 673 ἕτερον
2409 599 2533 664 νοῦς
2563 601 2657 654 καὶ
2683 600 2867 672 ἕτερον
2896 599 3062 672 ψυχή.
3095 601 3304 674 Νοεράς
3336 600 3633 674 [ἐνεργείας
3658 607 3764 678 καὶ]

2192 695 2448 767 δυνάμεις
2491 694 2626 765 φησὶ
2669 693 2768 757 τάς
2808 693 3039 765 νοήσεις,
3069 692 3270 756 αἵτινες
3309 693 3616 766 κατώτεραί
3646 697 3763 760 εἰσι,

2193 789 2287 842 καὶ
2338 785 2640 858 σκεδασμὸς
2686 784 2781 840 τοῦ
2821 784 3112 840 νοῦ.”οταν
3155 780 3247 840 οῦν
3280 785 3486 860 ἡψυχὴ
3521 786 3765 858 βούληται

2193 880 2330 953 πρὸς
2357 875 2489 934 Θεὸν
2518 877 2832 942 ἀνανεῦσαι,
2861 878 2970 934 καὶ·
2983 877 3124 932 κατά
3154 877 3216 932 τὸ
3245 878 3468 934 δυνατὸν
3511 879 3764 951 ένωθῆναι

2192 969 2361 1041 αὐτῷ,
2401 969 2462 1024 τὸ
2508 970 2604 1041 μὲν
2643 969 2796 1041 ὄμμα
2838 968 3028 1040 αὐτῆς,
3057 966 3306 1021 τουτέστι
3337 967 3427 1028 τὸν
3456 969 3584 1024 νοῦν
3614 970 3766 1024 αὐτὸν

2191 1059 2532 1132 ἀποστρέψαι
2558 1059 2759 1130 ὀφείλει
2793 1058 2900 1112 τῶν
2931 1057 3193 1131 μερικῶν,
3229 1059 3324 1112 καὶ
3343 1059 3436 1114 ἐπὶ
3465 1059 3534 1114 τὰ
3563 1061 3765 1115 καθολι-

2191 1150 2406 1222 κώτερα
2450 1150 2821 1221 ἀναπηδῆσαι·
2861 1147 3060 1222 μερικά
3090 1149 3147 1204 δέ
3178 1153 3316 1204 εἰσιν
3343 1151 3399 1204 αἰ
3428 1152 3662 1223 νοήσεις,
3699 1153 3765 1216 ὡς

2191 1243 2399 1314 ἔφημεν
2421 1257 2434 1272 ⁸
2466 1243 2585 1296 τότε
2613 1242 2724 1312 γὰρ
2753 1240 2876 1306 νοῦς
2907 1241 3001 1313 ὅλη
3037 1242 3323 1314 γενομένη,
3357 1243 3451 1297 καὶ
3478 1245 3557 1306 εἰς
3583 1243 3642 1296 τὸ
3668 1243 3764 1297 ἔσω

2192 1336 2513 1406 στραφεῖσα,
2544 1327 2671 1398 ἐνάς
2697 1333 2879 1387 λοιπὸν
2923 1333 3018 1388 καὶ
3057 1333 3294 1404 ἁπλότης
3337 1333 3628 1407 γενομένη,
3656 1335 3765 1386 ἐπι-

2188 1423 2372 1478 λαϐεῖν
2402 1424 2687 1496 δυνήσεται
2717 1426 2838 1488 ταῖς
2861 1421 3035 1488 θείαις
3061 1419 3242 1478 ἀκτῖσι
3262 1440 3276 1454 ’
3309 1423 3397 1476 διὰ
3424 1423 3525 1494 τῆς
3553 1426 3764 1478 ἐπαινε-

2187 1516 2287 1587 τῆς
2312 1516 2606 1587 ἀγνωσίας,
2640 1516 2702 1569 οὐ
2731 1515 2831 1588 τῆς
2857 1515 2917 1580 ἐξ
2945 1515 3213 1587 ἀμαθείας
3245 1514 3490 1585 ἀγνοίας,
3521 1516 3657 1578 ἀλλά
3678 1517 3764 1586 τῆς

2189 1606 2561 1678 γινωσκούσης
2599 1607 2682 1660 ὄτι
2727 1608 2910 1676 ἀγνοεῖ
2935 1606 3002 1660 τὰ
3035 1607 3164 1680 περί
3205 1605 3340 1661 Θεοῦ
3374 1608 3730 1679 ἀκατάληπτα
3749 1625 3760 1638 ·

2188 1697 2456 1768 γνώσεται
2479 1699 2536 1752 δὲ
2556 1697 2902 1753 ἀπολαύουσα
2941 1698 3049 1753 τῶν
3095 1697 3253 1752 θείων
3305 1700 3682 1772 μαρμαρυγῶν
3708 1701 3762 1752 οὐ

2187 1787 2275 1842 διά
2304 1789 2412 1842 τῶν
2445 1788 2714 1860 αἰσθητῶν
2742 1787 3004 1860 ὀμμάτων
3027 1803 3040 1816 ·
3072 1787 3133 1839 οὑ
3159 1785 3266 1858 γάρ
3297 1785 3766 1857 καταλαμϐάνεται

505 1909 624 1964 tur,
655 1899 750 1956 sed
777 1913 843 1955 ea
874 1899 1073 1954 mentis
1103 1897 1499 1952 constitutione
1525 1910 1646 1966 qua
1673 1896 1848 1954 oculis
1880 1905 2052 1951 caret.

2188 1881 2400 1945 τούτοις
2423 1898 2437 1910 ·
2471 1879 2607 1934 ἀλλά
2645 1883 2765 1944 ταῖς
2804 1879 3137 1951 ἀνομμάτοις
3176 1877 3269 1931 τοῦ
3301 1877 3395 1932 νοῦ
3436 1879 3763 1935 καταστάσε-

575 2070 1056 2140 Perspicacissima!
1095 2088 1364 2128 sensuum.
1407 2071 1657 2144 Explicat
1680 2087 1799 2144 qua?
1823 2079 1950 2130 sunt
1979 2070 2093 2126 cla-

501 2163 737 2218 rissimae
790 2179 1054 2219 sensuum
1104 2165 1640 2234 transportationes;
1697 2167 1906 2234 aitque,
1939 2165 2090 2234 ipsas

501 2269 627 2310 esse
659 2255 980 2324 planissima
1012 2255 1179 2311 verba
1217 2262 1272 2310 et
1301 2255 1604 2312 visibilium
1640 2255 2014 2326 apertissima.

568 2429 726 2486 Recte
753 2438 1019 2498 poterunt.
1063 2429 1337 2487 Videlicet
1367 2447 1589 2486 sensus.

573 2521 602 2592 ς
633 2520 751 2580 XII.
791 2521 954 2592 Atqui
981 2522 1148 2576 uisum
1173 2531 1252 2575 est
1279 2522 1616 2592 quibusdam.
1659 2521 1816 2588 Quod
1845 2522 2088 2580 Charitas

498 2613 772 2685 signiﬁcat
794 2628 1059 2677 amorem,
1094 2621 1147 2669 et
1181 2629 1376 2669 nomen
1409 2616 1614 2668 amoris
1649 2630 1772 2670 esse
1801 2613 2088 2671 divinius.‘

569 2704 828 2759 Audiam.
870 2703 1030 2768 Nota,
1064 2711 1179 2766 tum
1231 2705 1494 2774 temporis
1525 2719 1748 2774 quoque
1791 2702 1962 2759 fuisse
1991 2703 2086 2775 qui

498 2798 721 2852 nomina
750 2793 1248 2867 reprehendebant,
1281 2811 1422 2866 quos
1468 2811 1535 2850 ex
1587 2795 1772 2850 divina
1803 2795 2085 2866 Scriptura

497 2889 770 2959 reprimit.

568 2979 730 3034 Divus
767 2977 1032 3050 Ignatius.
1073 2978 1256 3050 Aliqui
1289 2979 1454 3034 etiam
1506 2995 1573 3034 ex
1628 2981 1732 3034 hoc
1780 2980 1903 3035 loco
1931 2980 2080 3036 arbi-

495 3078 710 3129 trantur
741 3079 1047 3141 opportune
1079 3077 1400 3140 praesentem
1442 3069 1642 3124 librum
1678 3084 1926 3142 arguere.
1959 3079 2080 3124 tan-

495 3176 659 3233 quam
690 3177 799 3216 non
823 3167 977 3227 esset
1007 3160 1177 3214 divini
1213 3160 1480 3230 Dionysii,
1526 3161 1655 3230 quia
1706 3161 1895 3216 dicunt
1921 3163 2080 3232 lgna-

2197 1988 2280 2024 σιν
2299 1973 2364 2028 ⁶⁹.

2277 2058 2715 2130 Ἑπιδηλότεραι
2762 2058 2878 2112 τῶν
2915 2057 3277 2125 αἰσθήσεων.
3331 2057 3632 2130 Ἐξηγεῖται
3660 2101 3677 2122 ,
3717 2059 3764 2112 τί

2191 2153 2328 2210 εἰσιν
2361 2153 2417 2206 αἰ
2446 2152 2816 2224 ἐπιδηλότεραι
2843 2150 2951 2204 τῶν
2973 2149 3275 2221 αἰσθήσεων
3293 2147 3760 2222 διαπορθμεύσεις·

2191 2245 2284 2298 καί
2305 2261 2469 2316 φησιν
2489 2243 2659 2306 αὐτὰς
2685 2245 2809 2307 τοὺς
2838 2242 3200 2312 σαφεστέρους
3227 2237 3417 2308 λόγους
3434 2243 3530 2296 καὶ
3557 2241 3764 2311 τὰτραο

2189 2335 2418 2408 νέστερα
2447 2335 2553 2388 τῶν
2575 2334 2807 2406 ὁρατῶν.

2258 2424 2470 2491 Καλῶς
2501 2424 2890 2492 δυνήσονται.
2932 2425 2998 2478 Αἰ
3029 2425 3310 2498 αἰσθήσεις
3337 2426 3594 2500 δηλονότι.

2261 2513 2288 2585 §
2319 2513 2435 2568 XII.
2465 2515 2665 2568 Καίτοι
2682 2514 2854 2580 ἔδοξέ
2868 2531 3048 2570 τισιν.
3070 2515 3188 2568 Ὅτι
3215 2518 3354 2588 καὶὴ
3373 2517 3566 2587 ἀγάπη

2185 2603 2361 2676 δηλοῖ·
2397 2606 2491 2658 καί
2517 2605 2598 2657 ὅτι
2626 2604 2897 2676 θειότερον
2929 2605 3100 2677 ὄνομα
3127 2602 3223 2656 τοῦ
3257 2603 3478 2676 ἔρωτος.

2267 2697 2686 2752 Ἀκουέτωσαν.
2729 2697 3042 2768 Σημείωσαι
3069 2697 3151 2749 ὃτι
3184 2697 3277 2751 καὶ
3295 2697 3414 2749 τότε
3450 2692 3596 2767 ἦσάν
3632 2711 3761 2755 τινες

2183 2788 2676 2861 ἐπιλαμϐανόμενοι
2717 2787 3015 2860 ὀνομάτων,
3044 2787 3138 2851 οὓς
3187 2787 3528 2859 ἐπιστομίζει
3572 2787 3637 2839 ἐκ
3672 2786 3760 2854 τῆς

2185 2882 2336 2945 θείας
2363 2883 2608 2954 Γραφῆς.

3739 2529 3768 2564 α

3595 2511 3702 2588 es»

2265 2974 2316 3027 '0
2344 2973 2499 3040 θεῖος
2546 2972 2840 3043 Ἰγνάτιος.
2882 2973 2994 3028 Καὶ
3037 2974 3102 3027 ἐκ
3153 2971 3344 3026 τούτου
3386 2974 3531 3036 τινὲς
3567 2974 3758 3026 οἴονται
3796 2986 3799 2988 ·

2180 3064 2485 3120 διαϐάλλειν
2517 3065 2786 3136 εὐκαίρως
2830 3065 2891 3118 τὸ
2939 3065 3113 3138 παρὸν
3145 3065 3449 3136 σύνταγμα,
3485 3065 3562 3129 ὡς
3592 3065 3666 3137 μὴ
3709 3066 3760 3117 ὃν

2181 3155 2275 3213 τοῦ
2320 3156 2463 3212 θείου
2492 3157 2787 3226 Διονυσίου,
2819 3155 3003 3228 ἐπειδὴ
3052 3157 3311 3226 Ἰγνάτιον
3341 3156 3559 3225 λέγουσι
3607 3173 3760 3227 μετα-

496 3251 633 3306 tium
681 3267 806 3307 esse
855 3252 975 3321 ipso
1007 3251 1370 3321 posteriorem
1397 3269 1411 3316 ;
1444 3251 1722 3320 quomodo
1750 3268 1877 3308 vero
1904 3261 2077 3324 potest

2187 3250 2502 3322 γενέστερον
2527 3249 2691 3302 αὐτοῦ
2726 3247 2896 3304 εἶναι’
2923 3250 3038 3313 πῶς
3069 3249 3125 3306 δὲ
3157 3249 3378 3302 δύναταί
3417 3267 3501 3312 τις
3538 3251 3647 3303 τῶν
3670 3268 3757 3320 με·

496 3343 697 3412 aliquis
735 3343 1103 3414 posteriorum
1143 3343 1503 3399 meminisse?
1534 3341 1710 3400 Fictio
1759 3353 1939 3400 autem
1991 3355 2077 3402 est

499 3434 660 3504 139
683 3443 738 3489 et
766 3439 870 3488 hoc
895 3434 1045 3505 quod
1076 3435 1186 3490 illis
1207 3435 1505 3507 probatur;
1533 3452 1660 3491 nam
1686 3445 1912 3493 sanctus
1933 3436 2076 3492 Pau-

495 3524 604 3589 lus,
627 3526 720 3596 qui
750 3525 1070 3596 Dionysium
1095 3526 1409 3590 illustravit,
1429 3543 1524 3582 seu
1556 3527 1872 3598 baptizavit,
1899 3536 2078 3598 poste-

495 3616 612 3673 rior
647 3617 747 3672 fuit
773 3626 1020 3686 tempore
1051 3626 1244 3673 sancto
1273 3618 1456 3684 Petro,
1492 3629 1614 3689 post
1641 3635 1802 3690 quem
1834 3619 2076 3692 lgnatius

493 3717 715 3768 creatur
761 3711 1056 3780 episcopus
1104 3710 1428 3776 Antiochiae,
1474 3711 1635 3768 Petro
1669 3712 1897 3768 Romam
1945 3731 2074 3785 pro-

495 3796 662 3862 fecto;
678 3799 979 3868 supervixit
995 3815 1126 3854 vero
1153 3808 1376 3855 sanctus
1400 3799 1604 3856 Paulus
1621 3803 1792 3857 multo
1809 3812 2070 3874 tempore,

493 3889 587 3960 qui
621 3887 938 3960 Dionysium
965 3889 1279 3960 baptizavit,
1306 3889 1708 3962 Dionysiusque
1738 3901 1862 3963 post
1892 3897 2072 3964 ipsum

492 3981 647 4040 vixit.
679 3979 850 4036 Porro
870 3980 1109 4036 Joannes
1157 3983 1490 4053 evangelista
1518 3983 1621 4040 sub
1652 3981 1960 4040 Domitiano
1979 4002 2075 4041 ex-

495 4074 638 4132 sulat
686 4072 741 4126 in
776 4069 990 4135 Palma,
1034 4073 1123 4127 cui
1155 4074 1412 4128 rescribit
1455 4073 1788 4148 Dionysius;
1830 4075 2074 4147 lgnatius

492 4178 623 4218 vero
653 4169 780 4217 ante
813 4160 1179 4218 Domitianum
1230 4164 1460 4235 patitur,
1502 4165 1579 4220 ita
1608 4173 1666 4221 ut
1695 4168 1973 4238 antiquior
2001 4171 2074 4226 sit

491 4252 776 4323 Dionysio.

560 4345 728 4399 Amor
759 4360 924 4402 meus.
965 4344 1330 4411 Quaerendum
1379 4348 1654 4418 quomodo
1698 4349 1908 4424 lgnatio
1946 4365 2072 4406 cum

494 4433 753 4500 Onesimo
801 4437 893 4507 qui
951 4438 1051 4491 fuit
1100 4445 1224 4508 post
1267 4438 1610 4496 Timotheum
1651 4439 1985 4516 diSputante.
2017 4449 2072 4496 et

494 4521 756 4583 Romanis
787 4527 1084 4594 scribente,
1117 4545 1265 4582 amor
1307 4547 1450 4585 meus
1491 4531 1778 4600 cruciﬁxus
1814 4541 1912 4597 est,
1939 4531 2072 4602 Dio-

2175 3343 2464 3412 ταγενεστέ
2474 3361 2580 3415 ρων
2602 3343 2910 3414 μεμνῆσθαι
2930 3361 2943 3409 ;
2964 3342 3196 3414 Πλάσμα
3212 3343 3265 3395 δὲ
3286 3344 3378 3395 καί⁸
3406 3342 3565 3395 τοῦτο
3583 3341 3760 3396 δοκοῦν

2176 3433 2390 3497 αὐτοῖς·
2439 3434 2468 3485 6
2511 3433 2620 3505 γάρ
2671 3433 2827 3502 ἅγιος
2861 3435 3091 3499 Παῦλος,
3131 3437 3160 3490 6
3191 3435 3432 3504 φωτίσας
3464 3435 3751 3496 Διονύσιον,

2179 3524 2630 3595 μεταγενέστερος
2655 3519 2723 3595 ἦν
2758 3524 2834 3595 τῷ
2861 3525 3036 3596 χρόνῳ
3064 3523 3158 3577 τοῦ
3194 3525 3348 3593 ἁγίου
3385 3525 3618 3595 Πέτρου,
3645 3525 3756 3596 μεθ’

2175 3615 2234 3668 ὃν
2281 3617 2309 3668 6
2350 3615 2608 3685 Ἰγνάτιος
2639 3615 2937 3679 ἐπίσκοπος
2968 3617 3176 3684 γίνεται
3219 3617 3565 3685 Ἀντιοχείας,
3603 3634 3756 3687 μετα·-

2173 3705 2419 3769 τεθέντος
2446 3707 2656 3779 Πέτρου
2687 3707 2744 3759 ἐν
2778 3707 2997 3781 Ῥώμῃ·
3033 3708 3265 3778 ἐπέζησε
3292 3707 3348 3760 δὲ
3377 3709 3406 3760 6
3435 3709 3590 3777 ἅγιος
3619 3709 3755 3762 Παῦ-

2175 3797 2264 3862 λος
2311 3797 2499 3869 χρόνον
2542 3798 2728 3860 πολὺν,
2763 3797 2836 3870 [ὁ]
2867 3799 3105 3868 φωτίσας
3137 3799 3428 3866 Διονύσιον,
3459 3801 3553 3853 καὶ
3580 3800 3753 3853 Διονύ-

2176 3907 2291 3953 σιος
2338 3891 2454 3960 μετ’
2483 3889 2644 3943 αὑτὸν
2675 3889 2867 3962 ἔζησεν
2890 3907 2902 3921 ·
2937 3893 2965 3945 6
2996 3891 3052 3944 δὲ
3081 3893 3471 3966 εὐαγγελιστὴς
3515 3896 3753 3967 Ἰωάννης

2175 3981 2267 4033 ἐπὶ
2298 3980 2625 4051 Δομετιανοῦ
2655 3982 2958 4054 ἐξορίζεται
2986 3985 3066 4047 εἰς
3087 3981 3346 4054 Πάτμονο
3368 3979 3413 4054 ᾧ
3433 3987 3752 4060 ἀντιγράφει

2173 4074 2475 4142 Διονύσιος·
2524 4074 2777 4142 Ἰγνάτιος
2833 4075 2889 4129 δέ
2943 4075 3050 4148 πρὸ
3094 4078 3423 4148 Δομετιανοῦ
3455 4085 3747 4152 μαρτυρεῖ·

2173 4164 2312 4218 ὥστε
2344 4166 2768 4238 προγενέστερος
2795 4169 3092 4222 Διονυσίου.

2257 4353 2308 4404 '0
2328 4353 2470 4422 ἐμὸς
2500 4355 2663 4422 ἔρως.
2705 4355 2972 4428 Ζητητέον
3025 4356 3144 4420 πῶς
3197 4356 3290 4409 ἐπὶ
3332 4357 3618 4428 Ὀνησίμου
3659 4356 3745 4409 τοῦ

2176 4445 2312 4515 μετὰ
2343 4444 2604 4516 Τιμόθεον
2638 4445 2894 4513 Ἰγνατίου
2909 4447 3318 4520 διαλεγομένου,
3335 4449 3431 4502 καὶ
3451 4450 3746 4521 γράφοντος

2183 4535 2473 4605 Ῥωμαίοις
2520 4535 2612 4601 τὸ,
2658 4536 2802 4607 ἐμὸς
2847 4539 2994 4608 ἔρως
3036 4540 3430 4609 ἐσταύρωται,
3481 4543 3746 4604 Διονύσιος

491 4616 682 4687 nysius
706 4632 851 4671 nunc
869 4617 1158 4674 Timotheo
1189 4620 1437 4676 scribens
1466 4622 1630 4694 hujus
1660 4623 1929 4690 meminit,
1963 4625 2070 4680 vel-

2187 4627 2267 4680 νῦν
2295 4627 2542 4699 Τιμοθέῳ
2568 4605 2793 4701 γράφων
2825 4605 3015 4688 τούτου
3054 4605 3343 4712 μέμνηται,
3376 4633 3451 4696 ὡς
3494 4634 3743 4702 Ἰγνατίου

497 4709 576 4761 uti
610 4709 854 4782 lgnatius
883 4718 1042 4764 antea
1076 4711 1421 4782 scripsisset;
1462 4720 1516 4768 et
1563 4729 1631 4769 ne
1679 4713 1820 4771 forte
1863 4716 1932 4772 ab
1968 4716 2071 4770 ali--

492 4815 604 4871 quo
635 4800 1000 4856 litteratorum
1033 4803 1376 4858 extrinsecus
1431 4806 1760 4876 appositum,
1796 4806 1862 4862 ad
1891 4807 2068 4878 perfe-

491 4889 719 4946 ctiorcm
752 4905 942 4945 eorum
981 4907 1102 4961 qua:
1132 4893 1200 4948 de
1225 4892 1409 4948 divino
1445 4910 1630 4953 amore
1661 4911 1691 4951 a
1722 4903 1914 4952 sancto
1942 4896 2071 4952 Dio-

489 4981 649 5052 nysio
701 4980 849 5035 dicta
897 4982 1121 5038 fuerunt
1175 4969 1675 5053 conﬁrmationem,
1729 4999 1918 5060 postea
1969 4971 2067 5060 per

491 5071 856 5144 ignorantiam
896 5074 1126 5132 internis
1164 5077 1428 5132 insertum
1459 5081 1552 5143 sit,
1581 5082 1725 5151 quod
1774 5082 1828 5138 in
1875 5083 2063 5141 multis

491 5179 633 5235 saepe
667 5164 938 5222 accidisse
982 5168 1268 5237 novimus;
1318 5170 1584 5240 siquidem
1615 5173 1779 5228 etiam
1819 5174 1938 5230 sine
1960 5176 2062 5233 hac

491 5263 644 5327 parte
692 5272 893 5327 corpus
945 5259 1211 5316 orationis
1238 5260 1505 5333 integrum
1539 5264 1925 5335 constituitur;
1968 5275 2062 5321 aut

492 5347 744 5404 lortassis
799 5349 926 5419 quia
989 5350 1255 5406 familiare
1316 5353 1419 5422 ipsi
1472 5363 1589 5410 erat
1643 5357 1884 5422 effatum,
1917 5359 2062 5414 sicut

491 5438 652 5494 etiam
685 5439 753 5494 ab
779 5440 969 5495 eodem
1001 5457 1143 5512 saape
1181 5441 1464 5500 dicebatur
1492 5452 1546 5500 et
1575 5448 1918 5503 scribebatur
1943 5449 2050 5502 θεο-

2169 4718 2270 4790 ήδη
2300 4717 2641 4790 γράψαντος
2676 4721 2770 4774 καὶ
2797 4722 3007 4794 μήποτε
3038 4724 3188 4796 παρά
3216 4741 3361 4789 τινος
3405 4725 3516 4778 τῶν
3545 4728 3744 4797 φιλολό-

2167 4827 2278 4880 γων
2308 4810 2412 4876 ἔξω
2444 4811 2768 4882 παρατεθὲν,
2793 4814 2928 4887 πρὸς
2957 4815 3174 4874 πλείονα
3210 4817 3468 4877 σύστασιν
3494 4820 3604 4872 τῶν
3626 4822 3743 4890 περί

2167 4901 2310 4958 θείου
2346 4903 2547 4977 ἔρωτος
2590 4904 2669 4977 τῷ
2715 4905 2854 4978 ἁγίῳ
2882 4908 3141 4980 Διονυσίῳ
3167 4911 3491 4984 εἰρημένων,
3523 4910 3742 4984 ὕστερον

2166 4995 2307 5050 κατά
2348 4998 2570 5067 ἄγνοιαν
2600 4997 2709 5052 έσω
2737 5000 3092 5073 παρενετέθη,
3125 5002 3262 5074 ὅπερ
3291 5004 3348 5056 ἐν
3376 5004 3595 5069 πολλοῖς
3623 5003 3744 5057 πολ-

2163 5087 2320 5156 λάκις
2347 5091 2634 5162 γενόμενον
2662 5091 2902 5164 ἔγνωμεν
2921 5109 2934 5123 °
2971 5095 3064 5148 καὶ
3090 5093 3198 5168 γὰρ
3226 5094 3346 5168 δίχα
3375 5098 3568 5151 τούτου
3601 5099 3741 5152 ἵστα-

2164 5196 2253 5233 ται
2289 5178 2710 5253 ἀπαραλείπτως
2741 5181 2803 5236 τὺ
2832 5180 2988 5253 σῶμα
3014 5181 3108 5234 τοῦ
3155 5182 3313 5251 λόγου
3335 5199 3348 5214 ·
3385 5183 3418 5256 ἢ
3447 5185 3594 5255 τάχα
3625 5184 3741 5237 σὺν·

2164 5268 2294 5342 ηθες
2339 5271 2489 5344 αὑτῷ
2532 5269 2669 5326 εἶναι
2714 5271 3078 5345 ἀπόφθεγμα,
3111 5272 3188 5338 ὡς
3231 5275 3415 5330 καὶτὸ
3459 5278 3740 5346 θεοφόρος

2163 5363 2423 5427 πολλάκις
2443 5363 2594 5435 αὑτῷ
2621 5363 2910 5436 λεγόμενόν
2929 5383 2988 5422 τε
3008 5366 3100 5427 καί
3126 5367 3469 5442 γραφόμενον
3493 5385 3508 5399 ·
3530 5370 3736 5441 τεκμῇ..

2165 5470 2279 5525 ριον
2305 5453 2362 5507 δὲ
2388 5453 2450 5507 τὸ
2483 5454 2556 5526 μὴ
2575 5456 2950 5527 προσκεῖσθαι,
2977 5459 3199 5530 Γράφει
3226 5460 3294 5516 δέ
3322 5476 3466 5528 τισι,
3494 5462 3736 5516 τουτέστι

1408 5622 1639 5679 VARI/13
1683 5625 2063 5685 LECTIONES
2095 5627 2184 5684 ET
2220 5628 2769 5691 CORRECTIONES.

603 5796 646 5823 "’
684 5793 949 5864 καθαρόττῗ
960 5815 1059 5854 σιν.
