3872 6580
169 503 253 558 265
871 498 932 554 s.
970 495 1219 554 MAXIM!
1263 486 1555 551 SCHOLIA
1592 492 1659 549 IN
1698 479 1828 551 LIB.
1856 477 1945 548 DE
1983 478 2235 548 DlVlNlS
2268 493 2670 551 NOMINIBUS.
3057 445 3070 459 ’
3254 493 3359 548 eos

175 706 432 780 Ἰγνάτιος.
1788 713 1873 760 est
1921 705 2047 774 quia
2094 719 2203 758 non
2237 704 2469 760 habetur
2503 723 2515 759 :
2551 704 2730 759 scribit
2780 721 2899 759 vero
2931 704 3273 775 quibusdam,
3304 702 3357 756 id

1789 805 1872 852 est
1900 794 2203 852 Romanis:
2236 795 2331 850 sed
2380 797 2719 866 simpliciter,
2755 795 2948 851 Scribit
2992 813 3111 850 vero
3149 795 3358 849 divinus

1792 885 2053 944 lanatius.

1792 898 1816 942 Ι
1856 898 2053 944 notius.

216 968 305 1022 Καὶ
332 967 395 1020 έν
440 966 567 1033 ταῖς
612 966 1094 1037 προεισαγωττιῖς.
1149 963 1574 1037 Ἐπιστητέον’¹ν
1604 967 1683 1019 δτι
1821 907 1926 1035 gEt
1954 979 2680 1050 prmviisintroductiunibus.
2721 977 3014 1032 Sciendum
3056 976 3204 1048 quod
3247 977 3360 1046 pri-

164 1059 522 1132 τροεισαγωγάς
550 1058 702 1112 καλεῖ
727 1058 827 1129 τῆς
849 1058 1009 1123 ,Θείας
1036 1059 1257 1131 Γραφῆς
1295 1056 1366 1110 τὰ
1411 1056 1685 1128 Σολομῶν-

1828 1083 1904 1124 I38
1955 1069 2326 1124 institutiones
2380 1068 2579 1124 divinae
2636 1064 2931 1137 Scriptum
2977 1075 3135 1123 vocet
3189 1067 3357 1124 libros

160 1153 301 1215 τοςη,
327 1153 410 1219 ἀφ’
441 1145 500 1204 οὗ
531 1151 625 1204 καὶ
647 1151 716 1204 τὰ
747 1151 906 1223 ῥητά.

1787 1157 2098 1216 Salomonis
2134 1177 2201 1216 ex
2234 1175 2343 1231 quo
2371 1159 2536 1215 etiam
2559 1159 2726 1213 verba
2755 1160 3058 1229 desumpta.

208 1238 284 1316 ὶα]
311 1245 418 1298 Ὅτι
445 1245 476 1314 ἡ
510 1244 697 1317 ἀγάπη
730 1244 910 1317 ἔρωτα
945 1243 1113 1315 δηλοῖ,
1145 1243 1239 1297 καὶ
1287 1245 1370 1297 ὅτι
1413 1242 1682 1314 θείοτερον

1853 1251 2007 1317 Quod
2048 1253 2292 1307 charitas
2331 1266 2571 1306 amorem
2609 1249 2912 1322 signiﬁcet,
2957 1252 3115 1322 cujus
3157 1267 3354 1307 nomen

160 1338 293 1410 δνομα
313 1337 397 1391 τοῦ
425 1337 640 1409 ἔρωτος.
1162 1335 1170 1342 ’

625 1376 640 1391 .
1162 1335 1170 1342 ’
1781 1341 2020 1399 divinius
2051 1355 2151 1401 est.

214 1430 279 1504 [β]
316 1431 438 1496 Τοῖς
475 1431 656 1496 θείοις
677 1429 941 1499 μᾶλλον.
981 1430 1079 1484 Διά
1111 1430 1164 1483 τί
1195 1432 1306 1494 τοῖς
1349 1429 1514 1493 θείοις
1545 1429 1680 1500 μᾶλ-

1853 1432 2058 1490 Divinis
2088 1437 2288 1505 potius.
2329 1435 2442 1491 Cur
2471 1434 2673 1490 divinis
2704 1436 2886 1506 potius
2916 1433 3220 1490 attribuant
3263 1453 3359 1492 ve-

159 1523 226 1576 λον
251 1522 537 1576 ἀνατιθέασι
569 1521 660 1575 τὸν
687 1521 857 1586 ὅντως
886 1522 1064 1595 ἔρωτα
1093 1525 1141 1576 οἱ
1173 1523 1430 1592 θεολόγοι.

941 1541 1064 1576 ιωτα
1093 1525 1141 1576 οἱ
1173 1523 1430 1592 θεολόγοι.
1780 1544 1902 1582 rum
1937 1544 2175 1584 amorem
2211 1529 2470 1602 theologi.

207 1612 276 1686 [γ]
313 1614 386 1669 Τὰ
426 1613 646 1682 πλήθη.
689 1614 1022 1685 Σημείωσαι,
1045 1616 1126 1668 ὅτι
1147 1611 1285 1686 πρὸς
1311 1613 1679 1686 ὂχωροῦσιτὰ

1865 1617 2083 1689 Vulgus.
2124 1618 2263 1673 Nota
2311 1635 2412 1690 pro
2457 1627 2618 1691 captu
2651 1620 2794 1690 vulgi
2829 1620 2992 1674 etiam
3021 1619 3357 1675 dictionibus

155 1705 314 1778 πλήθη,
344 1706 420 1759 δεῖ
445 1707 540 1760 καὶ
570 1709 690 1770 ταῖς
717 1705 894 1770 λέξεσι
914 1705 1149 1777 χρῆσθαι
1174 1722 1186 1735 ⁸
1213 1706 1358 1775 λέγει
1380 1705 1437 1758 δὲ
1463 1705 1516 1758 τί
1537 1709 1680 1758 ποιεῖ

1828 1710 2039 1765 tendum
2063 1730 2078 1778 ;
2103 1713 2234 1766 dicit
2260 1719 2464 1776 autem,
2491 1712 2620 1782 quid
2653 1711 2817 1766 faciat
2839 1727 3014 1777 amor,
3046 1711 3267 1782 agitque
3290 1711 3357 1767 de

153 1796 325 1869 ὁὲρως,
354 1798 442 1851 καὶ
485 1799 616 1870 περὶ
659 1797 752 1851 δύο
797 1797 1038 1870 ἐρώτων,
1069 1796 1210 1850 θείου
1257 1798 1352 1850 καὶ
1399 1795 1674 1868 μεριστοῦ,

1827 1801 1992 1856 uobus
2020 1803 2323 1867 amoribus,
2357 1803 2543 1858 divino
2577 1810 2631 1858 et
2669 1803 2929 1859 divisibili
2969 1818 3066 1858 seu
3107 1805 3356 1874 corporis

151 1887 239 1957 ἦτοι
267 1888 731 1962 σωματοπρεποῦς.

495 1888 731 1962 ερεποῦς.
1778 1894 2024 1965 proprio.

205 1980 264 2051 [ὃ]
278 1982 359 2048 Ὡς
368 1980 861 2052 δυσχερέστερον.
889 1981 976 2045 Ὡς
988 1981 1237 2054 διαϐεϐλη
1245 1981 1403 2053 μένον
1415 1980 1674 2053 δηλονότι.
1710 1979 1734 2038 ε

1851 1985 2071 2042 Durius.
2115 1985 2382 2042 Videlicet
2408 1992 2668 2057 tanquam
2703 1985 3174 2057 reprehensivum.
3287 1991 3289 1996 '

202 2071 262 2145 [ε]
307 2067 603 2140 Ὲπέπεσε,
627 2075 719 2140 τίς
741 2091 948 2144 φησιν.
995 2074 1050 2128 '0
1069 2074 1230 2128 Δαυὶδ
1255 2073 1402 2142 λέγει
1431 2074 1560 2145 περὶ
1585 2073 1678 2126 τοῦ

1846 2079 2067 2146 Cecidit,
2093 2080 2168 2133 ait
2194 2079 2406 2150 aliquis.
2432 2076 2601 2134 David
2632 2078 2699 2133 de
2729 2076 2962 2133 Jonatba
2993 2078 3125 2134 dicit
3155 2078 3323 2148 in‘pri

160 2165 367 2220 Ἱωνάθαν
393 2169 447 2220 ὲν
474 2171 540 2240 τῇ
570 2167 763 2242 πρώτῃ
785 2169 893 2220 τῶν
922 2167 1240 2221 Βασιλειῶν.

598 2167 763 2242 πρώτῃ
785 2169 893 2220 τῶν
922 2167 1240 2221 Βασιλειῶν.
1781 2185 1869 2226 mo
1899 2170 2127 2243 Regum.

203 2253 274 2329 [ς]
312 2256 576 2313 Τάττετιιι
623 2259 773 2327 πρὸς
799 2259 918 2313 τῶν
947 2259 1139 2328 ἱερῶν.
1182 2259 1304 2312 Ὅτι
1340 2255 1407 2312 τὸ
1433 2258 1566 2312 αὐτὸ
1591 2258 1682 2312 δύ-

1852 2263 2080 2317 Ponitur
2117 2280 2150 2317 a
2189 2264 2377 2318 sacris.
2421 2262 2566 2318 Idem
2600 2262 2910 2334 signiﬁcare
2939 2262 3262 2318 charitatem
3301 2275 3355 2320 et

149 2365 271 2401 ναται
288 2350 460 2423 ἀγάπη
483 2353 580 2406 καὶ
597 2351 756 2423 ἔρως,
786 2350 882 2405 καὶ
900 2351 985 2415 τίς
1003 2354 1038 2423 ἡ
1063 2351 1158 2404 τοῦ
1187 2350 1388 2424 ἔρωτος
1408 2349 1677 2422 ἐνέργεια.

1408 2349 1677 2422 ἐνέργεια.
1780 2372 2042 2421 amorem,
2076 2371 2140 2410 ac
2170 2372 2291 2427 qua:
2321 2357 2392 2412 sit
2423 2356 2627 2412 amoris
2656 2355 2918 2410 ellicacia.

201 2438 264 2512 [ξ]
283 2443 695 2513 Συγκρατικῆς.
737 2442 995 2497 Τουτέστι
1032 2443 1409 2515 συγκιρνώσης
1427 2443 1495 2496 τὰ
1515 2443 1681 2515 ἐρῶν-

1849 2445 2323 2514 Contemperantis.
2365 2443 2420 2500 ld
2453 2452 2558 2510 est,
2589 2445 2732 2500 inter
2760 2461 2818 2500 se
2838 2445 3120 2502 miscentis
3147 2457 3210 2501 ea
3234 2459 3355 2515 quae

148 2534 250 2585 ra"
274 2535 396 2606 πρὸς
422 2536 646 2607 ἄλληλα.

454 2536 646 2607 λληλα.
1779 2547 1983 2594 amant.

202 2623 266 2696 [η]
301 2629 395 2682 Διὰ
427 2629 493 2681 τὸ
529 2629 742 2684 καλόν.
787 2629 966 2701 Ὅπερ
1011 2625 1163 2681 εἶπεν
1210 2627 1342 2691 ἀνω,
1373 2629 1453 2680 ὅτι
1483 2630 1512 2682 ὁ
1539 2627 1680 2692 θεῖος

1855 2630 2013 2702 140
2051 2629 2274 2700 Propter
2302 2631 2601 2699 pulchrum.
2643 2629 2797 2696 Quod
2827 2628 2964 2683 dixit
2992 2636 3148 2684 antea
3168 2668 3183 2691 ,
3215 2629 3356 2682 divi-

149 2715 270 2786 ἒρως,
297 2722 656 2794 προῦπάρχων
687 2721 756 2773 ἐν
798 2719 879 2786 τῷ
911 2719 1129 2790 ἀγαθῷ,
1164 2719 1315 2772 ἔτεκε
1343 2719 1436 2773 τὸν
1463 2721 1520 2773 ὲν
1547 2721 1678 2790 ἡμῖν

1824 2738 1908 2776 um
1937 2737 2178 2777 amorem
2226 2721 2693 2793 prmexsistentem
2736 2724 2792 2775 in
2823 2721 2956 2774 bono
2985 2722 3265 2792 peperisse
3296 2721 3353 2775 in

147 2806 302 2878 ἔρωτα,
333 2812 392 2865 δι’
418 2807 475 2866 οὗ
512 2813 620 2867 τοῦ
652 2812 876 2882 ἀγαθοῦ
907 2811 1193 2882 ἐφιέμεθα.

1778 2813 1938 2869 nobis
1968 2829 2233 2876 amorem,
2272 2829 2369 2884 per
2393 2830 2554 2885 quem
2586 2814 2788 2868 bonum
2820 2813 3151 2883 appetimus.

201 2899 367 2971 §Xlll.
407 2904 481 2978 [θ]
534 2905 932 2971 Ἐκστατικός.
978 2904 1114 2976 Περὶ
1150 2904 1460 2966 ἐκστάσεως
1487 2904 1680 2974 ἐρωτι-

1849 2905 1877 2978 §
1909 2904 2048 2962 XHl.
2092 2904 2422 2959 Exstaticus.
2465 2903 2541 2960 De
2561 2905 2765 2960 exstasi
2787 2907 2992 2960 amoris
3015 2905 3129 2960 sive
3151 2905 3356 2961 virtute

145 2992 223 3062 κῆς
245 2997 326 3049 καὶ
353 3000 380 3051 ό
401 2999 563 3052 Δαυίδ
579 3015 593 3028 ·
642 2996 782 3068 Ἐγὼ
813 2998 988 3052 εἷπον
1004 2998 1075 3051 ἐν
1106 2995 1182 3065 τῇ
1200 2993 1482 3051 ἐκστάσει
1496 3013 1638 3066 μου.

1822 3013 1884 3052 ua
1934 3005 2172 3053 mentem
2217 2996 2286 3052 de
2333 3011 2436 3052 suo
2471 3003 2619 3052 statu
2647 2996 2906 3062 dimovet,
2937 2994 3104 3050 David
3139 2996 3302 3050 etiam
3335 3015 3351 3053 :

1778 3087 1891 3159 Ego
1923 3087 2040 3142 dixi
2066 3089 2122 3142 in
2150 3103 2367 3142 excessu
2394 3087 2570 3142 meob.

212 3174 570 3251 Ἑξεστηκώς.
598 3183 932 3255 Σημείωσαι,
967 3181 1087 3246 πῶς
1112 3180 1380 3236 νοεῖταιτδ
1407 3179 1488 3234 τόδ
1534 3177 1679 3244 Ἐξε-

1850 3180 1956 3247 Qui
1981 3181 2224 3234 excessit.
2263 3177 2503 3236 Observa
2522 3178 2797 3250 quomodo
2812 3177 3152 3249 intelligatur
3169 3177 3313 3233 istud
3337 3197 3350 3233 :

145 3273 336 3341 στηκὼς
362 3277 499 3344 θεῷ.

1704 3326 1743 3344 η
1779 3271 1883 3339 Qui
1910 3273 2131 3326 excessit
2162 3271 2291 3326 Deo.

198 3326 522 3436 ίολιίητόιζκ.
573 3368 694 3422 Ὅτι
723 3369 818 3421 καὶ
845 3369 874 3421 ὁ
899 3366 1032 3431 Θεὸς
1065 3367 1282 3421 πάντων
1311 3367 1414 3439 ἐρᾷ
1431 3403 1446 3420 .
1702 3327 1727 3384 ί

1846 3363 2183 3418 Audendum.
2245 3363 2428 3435 Ipsum
2489 3378 2708 3435 quoque
2761 3360 2930 3418 Deum
2986 3375 3172 3418 amare
3228 3363 3355 3417 uni-

1777 3473 1956 3513 γει-επ.

197 3543 272 3597 Διὸ
289 3549 374 3601 καὶ
396 3547 682 3617 ζηλωτήν.
723 3548 882 3603 Κατά
900 3548 953 3600 τί
974 3547 1192 3617 λέγεται
1211 3547 1459 3620 ζηλωτὴς
1477 3548 1506 3600 ό
1523 3543 1675 3610 Θεὸς,

1849 3547 2003 3602 Hanc
2041 3547 2103 3601 ob
2140 3564 2358 3602 causam
2388 3548 2546 3602 etiam
2577 3547 2794 3602 aetatem
2823 3547 2993 3600 illum.
3037 3545 3156 3612 Quo
3185 3561 3350 3601 sensu

142 3633 197 3699 ὡς
221 3639 434 3715 ἐραστὴς
460 3642 564 3713 τῆς
594 3641 812 3696 πάντων
841 3639 1130 3712 σωτηρίας.

1828 3657 1923 3697 eus
1971 3641 2190 3696 dicatur
2243 3640 2468 3704 zelotes,
2496 3639 2666 3694 ovelut
2725 3645 2937 3693 amator
2993 3637 3189 3693 salutis
3237 3652 3357 3692 orn--

1776 3728 1951 3784 nium.

197 3804 220 3878 ᾗ
239 3807 361 3867 XIV.
379 3812 445 3868 Τί
469 3815 539 3869 δὲ
554 3815 730 3883 ὅλως.
748 3818 859 3889 Τῆς
877 3815 973 3888 μὲν
989 3816 1210 3887 ἀγάπης
1234 3811 1438 3868 καὶτοῦ
1465 3811 1675 3884 ἔρωτος

1850 3820 1878 3891 §
1907 3817 2049 3876 XIV.
2091 3818 2234 3885 Quid
2261 3833 2419 3887 porro
2449 3818 2682 3873 tandem.
2724 3816 3023 3873 Charitatls
3054 3817 3272 3888 quidem
3302 3827 3356 3873 et

149 3899 274 3955 αὐτὸν
295 3904 488 3979 δηλαδὴ
513 3907 606 3961 τὸν
639 3909 770 3963 Θεὸν
784 3907 1056 3981 προϐολέα
1076 3908 1210 3978 φησὶ
1225 3906 1321 3960 καὶ
1350 3906 1672 3978 γεννήτορα·

1828 3911 2003 3975 noris,
2038 3910 2218 3981 ipsum
2250 3925 2446 3980 nempe
2476 3908 2963 3973 Deum,auctorem
2993 3916 3047 3963 et
3069 3918 3357 3979 generato-

140 3989 266 4055 αὖτδς
298 3997 400 4071 γὰρ
440 4001 617 4055 ταῦτα
658 4002 716 4057 ὲν
763 4001 940 4073 ἑαυτῷ
979 4001 1108 4054 ὄντα
1157 4000 1468 4072 προήγαγεν
1503 3999 1582 4061 εἰς
1608 3996 1669 4051 τὰ

1826 4014 1891 4054 2m
1923 3998 2032 4066 ait;
2056 3999 2175 4068 ipse
2203 3998 2347 4053 enim
2376 3999 2492 4052 haec
2521 4014 2643 4068 qum
2667 3999 2808 4052 intra
2839 3997 3018 4068 ipsum
3043 4007 3200 4053 erant
3225 4015 3355 4070 pro-

141 4079 280 4149 ἐκτὸς,
300 4089 540 4146 τουτέστι
560 4092 630 4146 τὰ
654 4093 781 4165 περὶ
806 4092 876 4146 τὰ
904 4090 1206 4163 κτίσματα·
1232 4088 1328 4145 καὶ
1356 4091 1497 4144 κατὰ
1520 4090 1670 4144 τοῦτο

1826 4091 1934 4145 uxit
1985 4092 2054 4146 ad
2100 4098 2276 4155 extra,
2312 4091 2364 4145 id
2403 4097 2489 4146 est
2516 4098 2830 4157 creaturas;
2878 4091 3104 4160 hacque“
3143 4092 3355 4146 ratione

139 4174 336 4247 εἶρητειι·
378 4183 429 4235 Ὁ
477 4183 626 4250 θεὸς
668 4182 867 4254 ἀγάπη
913 4184 1068 4248 ἐστὶ,
1111 4184 1206 4236 καὶ
1250 4183 1309 4235 ὲν
1347 4181 1426 4252 τῷ
1473 4181 1668 4253 ᾄσματι

1827 4183 1981 4239 icitur
2011 4203 2024 4238 :
2060 4183 2198 4237 Deus
2222 4183 2459 4238 charitas
2481 4192 2558 4238 est
2577 4194 2625 4250 ε,
2659 4199 2724 4239 ac
2767 4185 2824 4240 in
2853 4187 3070 4242 cantico
3101 4186 3356 4243 similiter

139 4265 298 4334 ὁμοίως
338 4273 534 4345 ὰ-ράπη
577 4277 790 4348 εἴρηται
809 4291 823 4307 ο
872 4276 968 4329 καὶ
1014 4274 1177 4328 πάλιν
1207 4272 1558 4344 τλυκασμὸς
1585 4270 1668 4324 καὶ

1826 4277 2009 4330 raritas
2040 4283 2302 4345 vocatur;
2332 4291 2634 4346 rursusque
2676 4276 2897 4332 dulcedo
2941 4287 2994 4333 et
3035 4277 3355 4334 desiderium

138 4354 391 4431 ἐπιθυμία,
422 4367 450 4420 ὃ
481 4369 632 4421 ἐστιν
678 4367 856 4436 ἔρως’
890 4365 953 4419 τὸ
981 4364 1040 4420 δὲ
1069 4359 1351 4436 ἀγαπητὸν
1390 4363 1486 4416 καὶ
1510 4362 1667 4426 ὅντως

1826 4368 1922 4423 uod
1949 4376 2034 4424 est
2061 4385 2243 4434 amor;
2291 4370 2409 4440 ipse
2433 4375 2614 4424 autem
2642 4378 2727 4424 est
2753 4369 2806 4424 id
2839 4370 2986 4441 quod
3020 4385 3148 4427 vere
3175 4371 3355 4445 diligi-

139 4448 497 4521 ὲραστὸναύτός
520 4461 661 4513 ὲστι.
687 4456 777 4528 Τῷ
799 4458 896 4529 μὲν
917 4455 1011 4510 οὖν
1029 4456 1121 4510 τὸν
1140 4455 1480 4527 ἀγαπητικὸν
1498 4454 1668 4526 ἔρωτα

1826 4462 1885 4516 ile
1913 4476 1978 4515 ac
2021 4461 2293 4528 amabile;
2327 4467 2596 4531 quatenus
2623 4475 2752 4532 ergo
2780 4461 3081 4517 amatorias
3108 4477 3262 4517 amor
3289 4481 3355 4519 ex

141 4541 333 4605 ὲξαύτοῦ
348 4551 692 4622 προχεῖσθαι,
724 4547 887 4614 αὐτὸς
916 4549 1184 4604 κινεῖσθαι
1201 4548 1416 4617 λέγεται
1437 4549 1466 4601 ό
1485 4545 1670 4600 τούτου

1821 4569 1899 4608 rso
1934 4559 2244 4624 promanat,
2281 4553 2398 4623 ipse
2424 4552 2589 4621 hujus
2628 4553 2842 4623 genitor
2869 4552 3078 4607 moveri
3108 4552 3350 4618 dicitur;

138 4639 370 4712 γεννήτωρ
389 4657 401 4672 ο
433 4643 511 4714 τῷ
539 4642 596 4696 δὲ
628 4641 790 4696 αὑτὸν
819 4643 962 4695 εἶναι
995 4639 1057 4695 τὸ
1087 4640 1300 4712 ἀληθῶς
1331 4639 1557 4712 ἐραστὸν
1584 4639 1667 4692 ml

1826 4652 2053 4699 uatenus
2085 4649 2265 4697 autem
2304 4650 2388 4699 est
2435 4643 2487 4698 id
2535 4643 2680 4714 quod
2714 4658 2842 4699 vere
2869 4643 3104 4699 amabile
3135 4657 3201 4699 ac
3227 4643 3355 4698 dili-

140 4725 395 4804 ἀγαπητὸν,
432 4737 578 4789 κινεῖ
604 4733 675 4788 τὰ
716 4734 854 4806 πρὸς
896 4733 1055 4787 τοῦτο
1084 4732 1296 4799 ὁρῶντα
1314 4732 1382 4795 ’⁸,
1412 4730 1507 4784 καὶ
1531 4725 1613 4794 οἷς
1640 4732 1669 4801 ἡ

1824 4737 1965 4802 ibile,
1999 4745 2180 4791 movet
2227 4751 2349 4806 quae
2385 4736 2529 4792 hunc
2574 4735 2894 4807 respiciunt,
2927 4742 2983 4790 et
3027 4737 3226 4807 quibus
3269 4738 3353 4794 vis

137 4820 208 4873 τοῦ
229 4824 461 4893 ἐφίεσθαι
488 4828 718 4898 δύναμις
743 4825 1021 4894 ἀναλόγως
1050 4825 1251 4887 αὐτοῖς.

857 4825 1021 4894 λόγως
1050 4825 1251 4887 αὐτοῖς.
1783 4829 2072 4900 appetendi
2109 4833 2386 4885 convenit.

185 4914 457 4983 Ἐραστὸν
500 4921 601 4974 καὶ
647 4918 976 4988 ἀγαπητόν.
1017 4916 1437 4988 Προσαγωγικὸν
1467 4914 1562 4968 καὶ
1593 4931 1678 4968 κι⁴¹

1847 4920 2144 4975 Amabilem
2167 4937 2229 4974 ac
2256 4920 2523 4974 dilectum.
2567 4919 2810 4990 Intellige
2834 4918 3000 4974 Deum
3025 4919 3224 4974 habere
3245 4921 3351 4972 vim

137 5009 313 5073 νητικὸν
356 5013 493 5084 πρὸς
538 5010 808 5082 ἐρωτικὴν
853 5009 1146 5079 συνάφειαν
1185 5008 1281 5079 τὴν
1325 5009 1381 5061 ὲν
1407 5005 1666 5078 πνεύματι

1827 5011 2089 5068 lducendi
2118 5011 2185 5066 ad
2213 5011 2532 5065 amatoriam
2580 5011 2634 5065 in
2677 5011 2872 5081 spiritu
2901 5010 3356 5065 communicatio-

138 5094 206 5148 τὸν
247 5101 366 5157 Θεὸν
412 5102 565 5159 εἷναίδ
607 5121 696 5176 μοι
739 5104 872 5169 νόει,
905 5102 1150 5156 τουτέστι
1185 5101 1409 5174 μεσίτην
1451 5101 1667 5172 ταύτης1

1822 5123 1925 5173 em,
1949 5105 2005 5159 id
2044 5111 2130 5160 est
2171 5102 2337 5171 hujus
2383 5102 2762 5162 mediatorem.
2821 5116 2886 5156 ac
2953 5116 3052 5171 per
3112 5101 3351 5170 seipsum

137 5190 210 5240 καὶ
233 5195 355 5265 πρὸς
381 5197 574 5256 ἑαυτὸν
606 5195 984 5268 συναρμοστὴν
1005 5194 1100 5248 τοῦ
1129 5194 1354 5266 ἐρᾶσθαι
1383 5194 1544 5247 αὑτὸν
1574 5189 1666 5247 ὑπέ

1825 5195 2185 5250 mciliatorem
2216 5207 2358 5252 esse.
2390 5200 2449 5245 ut
2481 5193 2596 5260 ipse
2623 5207 2652 5245 a
2696 5192 2812 5247 suis
2840 5191 3114 5258 creaturis
3142 5197 3354 5243 ametur

138 5279 220 5334 τῶν
237 5287 388 5342 αὑτοῦ
403 5291 451 5322 ⁷⁸
481 5290 806 5361 ποιημάτων
835 5286 930 5341 καλ⁸
956 5286 1270 5356 ἀγαπᾶσθαι
1286 5302 1299 5318 °
1333 5284 1606 5358 κινητικὸν
1621 5285 1667 5340 δέ

1825 5303 1847 5342 c
1877 5286 2169 5357 diligatur;
2208 5283 2340 5338 dicit
2372 5289 2551 5336 autem
2582 5283 2692 5337 vim
2723 5281 2972 5337 movendi
3003 5280 3226 5340 habere,
3261 5285 3354 5330 aut

139 5386 288 5441 φησιν,
305 5379 379 5444 ὡς
403 5381 661 5435 κινοῦντα
688 5380 896 5434 ἕκαστα
913 5379 980 5443 ⁷⁷,
1002 5377 1144 5433 κατά
1173 5378 1264 5432 τὸν
1291 5380 1491 5432 οἰκεῖον
1523 5376 1668 5446 λόγοι

1822 5385 2091 5434 ιονοηιοῐιι
2142 5377 2356 5448 singula
2405 5375 2707 5432 secundum
2741 5374 3016 5446 pr0priam
3058 5370 3351 5432 rationem,

219 5553 242 5592 δ
265 5555 400 5613 Psal.
431 5577 558 5625 cxv,
602 5559 686 5616 ﬂ.
766 5573 788 5602 ο
821 5557 978 5616 Joan.
1011 5576 1088 5625 IV,
1119 5560 1206 5616 16.

1021 5734 1260 5791 VARl/E
1300 5731 1687 5790 LECTIONES
1721 5731 1810 5789 ET
1849 5724 2400 5790 CORRECTIONES.

138 5888 221 5991 "’:
249 5892 516 5967 θεοφόρος.
613 5898 654 5928 ⁷¹
683 5896 1015 5951 ἐπιστατέον.
1083 5897 1128 5927 τ’
1153 5895 1251 5959 τὰς
1268 5897 1361 5950 τοῦ
1400 5898 1519 5954 Σολ,
1555 5898 1790 5970 γραφάς.
1881 5884 1925 5928 ⁷³
1955 5893 2195 5948 ἑνοῢντα.
2286 5890 2328 5922 ⁷⁵
2357 5886 2587 5959 εἴρηται.
2679 5883 2725 5916 ⁷⁸
2759 5880 2990 5953 ἐρῶντα.
3057 5883 3102 5915 ⁷⁵
3135 5884 3350 5946 ἑαυτοῦ.

198 5979 425 6022 εκαστον.

424 6063 694 6125 Parnm.
741 6061 858 6122 Gn.
903 6061 1012 6124 lV‘.
2974 6046 3013 6104 9
