3872 6552
503 431 608 485 267

1337 422 1674 478 APPENDIX
1713 422 1802 477 AD
1834 421 2064 477 OPERA
2104 420 2163 477 S.
2205 420 2501 477 DlONYSll
2540 420 3028 477 AREOPAGIT/E.

3652 422 3742 478 268

505 560 565 605 ut
614 548 680 603 ad
717 549 892 618 ipsum
944 549 1349 601 convertantur.
1381 542 1554 596 Porro
1584 559 1782 598 nomen
1814 560 2070 615 προαγω-

2179 541 2313 612 πρὸς
2352 541 2511 593 αὑτὸν
2528 541 2572 572 ⁷⁸
2603 540 3044 612 ἐπιστρέφεσθαι.
3078 538 3152 592 T6
3177 537 3233 594 δὲ
3271 539 3368 610 τῆς
3399 541 3744 611 προαγωγίας

503 644 617 713 γία,
643 639 920 709 promotio,
945 636 1047 691 etsi
1075 635 1216 705 apud
1254 635 1515 704 profanos
1543 635 1812 703 signiticet
1834 651 1946 691 rem
1978 635 2078 689 im-

504 747 718 803 puram,
747 739 984 783 attamen
1032 726 1122 780 hic
1166 726 1299 779 dicit
1345 725 1788 780 intercessionem
1819 726 2080 779 concilia-

505 825 693 878 tricem
725 820 988 875 unitionis
1021 833 1144 872 eum
1169 816 1297 871 Deo.

572 913 638 966 Et
665 913 757 967 illo
779 910 989 982 quidem
1017 918 1274 962 movetur.
1316 906 1454 961 Nota
1484 907 1724 963 divinam
1757 910 2074 970 motionem,

504 1006 559 1060 in
603 1019 709 1074 qua
759 1010 1031 1064 movetur,
1059 1006 1112 1054 et
1145 998 1231 1054 sui
1269 1006 1354 1053 est
1382 1006 1662 1068 promotor
1687 1006 1740 1054 et
1763 1006 1968 1052 motum
1998 997 2077 1050 fa-

499 1098 651 1154 ciens
682 1096 844 1152 Deus.

534 1186 541 1193 ’
570 1192 645 1245 Ac
673 1189 897 1244 eximite.
941 1187 1221 1242 Amatoria
1249 1200 1374 1239 cum
1406 1183 1516 1239 Deo
1549 1183 1744 1247 unitio,
1778 1189 1998 1252 prtestat
2024 1191 2076 1236 et

498 1282 868 1354 supereminet
899 1279 1043 1334 omni
1076 1278 1353 1344 unitione;
1390 1276 1730 1349 ὲξῃρημένην
1771 1277 1937 1346 igitur
1983 1292 2070 1330 su-

498 1374 766 1444 periorem
802 1377 995 1436 vocat;
1025 1368 1159 1423 dicit
1195 1383 1324 1423 vero
1363 1383 1604 1422 amorem
1653 1367 1896 1420 divinum
1926 1367 2077 1436 prin-

495 1464 624 1535 cipii
653 1470 707 1518 et
738 1461 863 1516 linis
900 1466 1197 1530 expertem,
1229 1465 1288 1514 ut
1315 1475 1381 1513 ex
1412 1459 1556 1513 bono
1583 1458 1988 1528 procedentem,
2021 1465 2076 1512 et

496 1557 562 1610 ad
589 1556 794 1610 bonum
825 1553 1140 1608 redeuntem
1171 1551 1328 1620 quasi
1356 1551 1648 1605 circularis
1677 1551 1869 1620 figura,
1898 1565 2073 1620 quan-

495 1643 787 1715 doquidem
819 1652 873 1698 et
900 1643 1189 1698 circularis
1221 1642 1364 1697 linea
1407 1642 1682 1696 occultum
1717 1641 1896 1707 habet,
1930 1641 2073 1696 unde

495 1735 801 1805 incmperit,
831 1743 884 1789 et
913 1735 1004 1788 ubi
1033 1734 1296 1800 desierit;
1332 1734 1482 1803 atqui
1517 1749 1584 1787 ex
1634 1733 1755 1803 ipso
1800 1733 2072 1803 appetitus

493 1827 645 1891 boni,
678 1834 730 1880 et
762 1826 956 1880 iterum
987 1826 1042 1880 in
1064 1826 1243 1897 ipsum
1287 1826 1481 1894 aspicit
1514 1843 1527 1879 :
1560 1825 1614 1878 in
1670 1825 1856 1894 seipso
1890 1831 2070 1878 autem

493 1929 546 1974 et
578 1929 694 1983 est,
716 1927 770 1974 et
801 1919 954 1990 141
989 1927 1172 1973 manet
1205 1933 1358 1972 amor
1379 1917 1757 1972 connaturalis
1783 1916 2067 1978 bonitatis,
2104 1947 2145 2004 Β

494 2025 557 2064 ac
587 2023 777 2065 eorum
806 2025 927 2079 quae
957 2007 1024 2062 ad
1057 2009 1258 2063 bonum
1291 2007 1542 2062 tendunt.

565 2185 898 2238 Amatoriam
945 2185 1248 2238 motionem.
1297 2183 1636 2237 Amatoriam
1686 2183 1815 2236 boni
1871 2183 2071 2238 motio-

492 2293 638 2341 nem,
670 2277 1137 2346 praeexsistcntem
1174 2277 1231 2330 in
1259 2277 1421 2339 bono,
1456 2274 1780 2344 simplicem,
1808 2289 1869 2328 ac
1895 2290 1990 2344 per
2014 2291 2072 2330 se

489 2371 811 2433 motionem,
862 2378 1025 2440 atque
1074 2385 1140 2424 ex
1190 2369 1335 2424 bono
1370 2367 1826 2439 progredientem,
1878 2383 2071 2423 rursus

489 2462 546 2517 in
581 2463 723 2517 idem
754 2468 1097 2523 convertere,
1130 2476 1254 2514 cum
1298 2460 1573 2531 principio
1602 2467 1656 2513 el.
1709 2458 1815 2512 ﬁne
1862 2468 2068 2524 careat,

487 2554 634 2623 quod
670 2554 913 2608 declarat
945 2553 1244 2623 appetitum
1279 2561 1528 2607 nostrum
1557 2566 1685 2622 erga
1705 2553 2065 2607 divinitatem.

487 2645 625 2699 Nota
661 2661 792 2700 vero
821 2645 1080 2716 deinceps
1130 2645 1314 2699 dicere
1350 2654 1670 2714 perpetuum
1719 2659 1843 2700 esse
1882 2646 2068 2700 orbem

488 2739 544 2793 in
576 2738 740 2802 bono,
769 2737 1153 2808 progrediente
1183 2735 1403 2806 quidem
1433 2737 1556 2807 ipso
1587 2735 1655 2789 ad
1708 2735 2069 2806 intelligibilia

487 2839 542 2885 et
571 2831 820 2896 sensilia,
856 2832 1052 2885 iterum
1090 2841 1268 2885 autem
1302 2831 1367 2885 ad
1414 2847 1473 2886 se
1520 2838 1848 2900 revertente,
1881 2846 1944 2885 ac
1973 2846 2070 2886 ne-

485 2938 592 2994 que
622 2929 825 2989 stante,
858 2937 1035 2992 neque
1062 2931 1334 2978 cessante.

988 3014 1072 3067 Ex
1113 3017 1230 3068 divo
1275 3014 1577 3070 Ilierotlteo.

557 3107 586 3178 ᾗ
628 3105 744 3161 XV.
787 3107 1054 3161 Amorem.
1096 3105 1258 3162 Disce
1294 3108 1569 3176 quomodo
1614 3125 1844 3179 magnus
1875 3108 2066 3163 Hiero-

485 3202 645 3256 theus
690 3201 893 3270 optime
926 3199 993 3254 de
1032 3199 1308 3253 laudando
1355 3214 1539 3254 amore
1586 3199 1853 3264 disserat;
1891 3200 2067 3270 primo

2182 634 2372 704 ὄνομα,
2402 635 2450 686 εί
2478 634 2572 686 καὶ
2606 633 2754 704 παρὰ
2783 637 2896 697 τοῖς
2923 633 3030 686 τῶν
3062 632 3258 697 ἔξωθεν
3295 633 3527 703 πρᾶγμα
3561 633 3743 702 σημαί-

2181 744 2257 779 νει
2306 727 2407 780 ούκ
2454 727 2666 794 εὐαγὲς,
2697 726 2810 779 ἀλλ’
2839 725 3070 779 ἐνταῦθα
3113 725 3214 796 τὴν
3259 724 3518 796 πρόξενον
3561 724 3660 794 τῆς
3696 725 3743 776 ἐν

2179 818 2296 888 Θεῷ
2325 819 2571 882 ἐνώσεως
2607 817 2885 888 μεσιτείαν
2915 817 3068 888 φησί.

2248 913 2357 966 Καὶ
2387 911 2454 964 τὸ
2479 909 2596 980 μὲν
2622 909 2886 964 κινεῖται.
2927 907 3239 980 Σημείωσαι
3265 905 3479 977 κίνησιν
3510 905 3680 969 θείαν,
3695 907 3744 958 ὲν

2178 999 2211 1076 ᾖ
2243 1007 2469 1058 κινεῖται
2497 1004 2590 1056 καὶ
2619 1002 2784 1056 αὐτοῦ
2815 1004 2931 1056 ἐστι
2963 1002 3323 1073 προαγωγεὺς
3355 1000 3450 1052 καὶ
3479 1000 3743 1071 κινητικὸς

2175 1099 2203 1149 6
2231 1095 2379 1158 Θεός.

2245 1187 2355 1240 Kal
2383 1185 2494 1254 τῆς
2520 1184 2912 1253 ἐξῃρημένης.
2965 1183 3029 1235 Ἠ
3083 1182 3220 1254 πρὸς
3265 1179 3396 1234 Θεὸν
3440 1180 3742 1252 ἀγαπητικὴ

2175 1279 2366 1341 ἓνωσις
2419 1278 2600 1348 πάσης
2654 1276 2913 1349 ἐξῄρηται
2966 1274 3062 1328 καὶ
3121 1273 3439 1344 ὑπέρκειται
3489 1271 3742 1335 ὲνώσεως·

2175 1369 2515 1442 ἐξῃρημένην
2563 1364 2656 1422 οὖν
2702 1369 2800 1438 τὴν
2854 1366 3134 1438 ἀνωτέραν
3177 1365 3340 1436 φησίν
3363 1381 3375 1394 ·
3423 1364 3658 1436 ἄναρχον
3699 1365 3746 1417 δὲ

2174 1463 2266 1515 καὶ
2318 1461 2670 1530 ἀτελεύτητον
2717 1460 2808 1512 τὸν
2851 1458 2990 1513 θεῖον
3020 1457 3198 1529 ἔρωτα
3225 1455 3393 1524 λέγει,
3427 1455 3504 1518 ὼς
3551 1457 3618 1508 ὲκ
3660 1454 3745 1508 τοῦ

2173 1553 2375 1623 ἀγαθοῦ
2405 1553 2681 1623 προϊόντα,
2700 1552 2793 1604 καὶ
2822 1549 2958 1622 πρὸς
2977 1549 3038 1603 τὸ
3059 1547 3262 1618 ἀγαθὸν
3278 1546 3745 1618 ἐπαναστρέφοντα

2173 1647 2312 1700 κατά
2341 1648 2524 1718 σχῆμα
2557 1644 2810 1698 κυκλικόν
2831 1661 2844 1674 ·
2879 1644 3002 1696 ἐπεὶ
3029 1643 3124 1696 καὶ
3152 1643 3185 1714 ἡ
3216 1640 3310 1695 τοῦ
3340 1639 3545 1692 κύκλου
3575 1657 3746 1710 γραμ-

2175 1737 2249 1808 μὴ
2285 1738 2346 1789 οὐ
2393 1734 2665 1806 γνώριμον
2694 1735 2806 1805 ἔχει
2833 1733 2954 1786 ὅθεν
2987 1733 3207 1803 ἧρξατο,
3245 1729 3338 1783 καὶ
3366 1722 3428 1782 οῦ
3457 1727 3740 1798 κατέληξε·

2172 1828 2266 1881 καὶ
2293 1827 2402 1900 γάρ
2434 1827 2494 1892 ἐξ
2519 1825 2681 1880 αὑτοῦ
2711 1827 2743 1896 ἡ
2772 1825 2866 1878 τοῦ
2895 1822 3100 1892 ἀγαθοῦ
3132 1823 3336 1892 ἔφεσις,
3360 1821 3454 1874 καὶ
3485 1821 3566 1883 εἰς
3596 1818 3746 1871 αὑτὸν

2173 1919 2334 1972 πάλιν
2372 1919 2500 1988 ὁρᾷ·
2536 1918 2592 1969 ὲν
2634 1915 2809 1986 ἑαυτῷ
2852 1915 2908 1967 δὲ
2947 1913 3039 1968 καὶ
3085 1912 3201 1965 ἐστι
3230 1911 3324 1965 καὶ
3355 1911 3507 1982 μένει
3533 1909 3595 1963 τὸ
3623 1910 3743 1980 ὲρᾷν

2174 2013 2270 2082 τῆς
2306 2009 2584 2081 συμφυοῦς
2615 2007 2967 2078 ἀγαθότητος,
2996 2006 3092 2060 καὶ
3135 2005 3242 2058 τῶν
3281 2003 3418 2076 πρὸς
3461 2002 3524 2056 τὸ
3550 2001 3744 2070 ἀγαθὸν

2174 2105 2422 2157 ἀνατεινο
2429 2101 2624 2173 μένων.

2242 2193 2563 2263 Ἐρωτικὴν
2590 2193 2850 2260 κίνησιν.
2887 2191 3007 2244 Ὅτι
3039 2191 3072 2262 ἡ
3111 2185 3346 2261 ἐρωτικὴ
3376 2187 3625 2257 κίνησις,
3658 2184 3745 2238 τοῦ

2173 2284 2378 2354 ἀγαθοῦ
2411 2283 2861 2356 προϋπάρχουσα,
2899 2284 2956 2336 ὲν
3001 2282 3080 2353 τῷ
3131 2280 3318 2352 ἀγαθῷ
3355 2280 3498 2351 ἁπλῆ
3540 2279 3634 2333 καὶ
3661 2279 3746 2332 αύ-

2171 2378 2450 2449 τοκίνητος
2488 2373 2642 2439 οὖσα,
2690 2377 2782 2429 καὶ
2813 2377 2876 2428 ἐκ
2903 2374 2996 2428 τοῦ
3033 2372 3239 2443 ἀγαθοῦ
3285 2373 3575 2446 προῖοῦσα,
3603 2369 3747 2436 αὖθις

2172 2470 2265 2522 ἐπὶ
2310 2470 2372 2522 τὸ
2421 2470 2551 2522 αὐτὸ
2594 2467 2931 2538 ἐπιστρέφει,
2981 2465 3332 2536 ἀτελεύτητος
3378 2467 3472 2519 καὶ
3525 2465 3747 2536 ἄναρχος

2171 2558 2324 2625 οὖσα,
2355 2563 2490 2632 ὅπερ
2539 2560 2689 2631 δηλοῖ
2731 2561 2828 2630 τὴν
2869 2558 3026 2629 ἡμῶν
3081 2557 3263 2628 ἔφεσιν
3299 2557 3433 2629 πρὸς
3479 2557 3543 2609 τὸ
3593 2556 3743 2610 θεῖον.

2173 2655 2481 2726 Σημείωσαι
2509 2653 2596 2714 δὲ,
2621 2653 2701 2706 ὅτι
2743 2652 2910 2705 ἀΐδιον
2951 2649 3148 2703 κύκλον
3181 2648 3386 2721 προϊών
3423 2667 3590 2720 φησιν
3620 2644 3747 2701 εἶναι

2171 2751 2228 2803 ὲν
2265 2747 2341 2818 τῷ
2372 2745 2579 2816 ἀγαθῷ,
2612 2744 2890 2816 προϊόντος
2929 2743 3024 2814 μὲν
3055 2742 3217 2795 αὑτοῦ
3245 2742 3338 2794 ἐπὶ
3371 2741 3438 2794 τά
3469 2737 3638 2812 νοητά
3664 2739 3749 2793 καὶ

2171 2840 2436 2912 αίσθητά,
2477 2837 2636 2891 πάλιν
2679 2835 2737 2888 δὲ
2781 2835 2916 2906 πρὸς
2953 2834 3142 2887 ἑαυτὸν
3185 2832 3618 2904 ὑποστρέφοντος
3665 2830 3749 2884 καὶ

2173 2934 2307 3004 μήτε
2341 2929 2652 3001 ἱσταμένου,
2687 2928 2820 2999 μήτε
2866 2925 3140 2998 λήγοντος.

2558 3029 2661 3084 Ἐκ
2690 3028 2794 3082 τοῦ
2829 3028 3002 3098 ἁγίου
3049 3025 3357 3095 Ἰεροθέου.

2243 3120 2270 3192 §
2310 3119 2424 3174 XV.
2452 3119 2530 3192 [α]
2583 3119 2692 3173 Τὸν
2716 3120 2920 3188 ἔρωτα.
2950 3117 3296 3188 Ἐπίστησον,
3341 3117 3492 3180 ὅπως
3523 3115 3748 3186 μέγας”

2181 3213 2437 3285 Ἰερόθεος
2463 3211 2530 3264 τά
2580 3210 2709 3282 περὶ
2739 3208 2834 3262 τοῦ
2868 3206 3149 3261 ἐπαινετοῦ
3182 3206 3384 3279 ἔρωτος
3427 3206 3628 3278 ἄριστα
3665 3225 3748 3277 cpt-

483 3291 705 3362 quidem
735 3291 925 3347 dicens
954 3291 1132 3362 ipsum
1161 3290 1428 3356 divinum,
1456 3291 1894 3362 quandoquidem
1924 3291 2067 3348 Deus

2179 3304 2387 3373 λοσοφεῖ
2409 3319 2421 3333 ·
2455 3302 2667 3374 πρῶτον
2703 3302 2820 3372 μὲν,
2854 3300 2994 3354 θεῖον
3023 3300 3183 3353 αὑτὸν
3223 3299 3417 3370 λέγων,
3447 3297 3638 3369 ἐπειδὴ
3662 3297 3750 3352 καὶ

485 3386 555 3439 sit
586 3384 785 3440 eximie
817 3398 881 3438 ac
913 3385 1032 3439 sine
1057 3398 1224 3438 causa
1256 3383 1466 3454 primus
1495 3391 1688 3438 auctor
1724 3384 1928 3439 amoris
1958 3399 2072 3440 cce-

485 3477 672 3544 lestis;
706 3477 754 3531 si
800 3475 946 3530 enim
980 3489 1135 3529 amor
1181 3482 1267 3530 est
1317 3475 1582 3541 charitas,
1615 3475 1757 3530 sicut
1787 3484 1946 3530 antea
1987 3475 2072 3530 di-

485 3575 656 3635 ctum,
685 3576 740 3622 et
768 3567 1034 3636 scriptum
1068 3574 1152 3621 est
1186 3566 1364 3628 Deum
1389 3568 1717 3623 charitatem
1765 3585 1905 3633 esse,
1955 3586 2072 3624 ma-

485 3660 744 3715 nifestum
776 3667 861 3716 est
885 3659 1056 3714 Deum
1087 3675 1209 3714 esse
1240 3660 1484 3714 omnium
1515 3675 1754 3716 amorem
1774 3676 1869 3716 seu
1886 3662 2070 3716 chari-

485 3760 653 3807 tatem
685 3769 855 3807 unum
884 3751 1240 3816 eﬂicientem;
1272 3753 1421 3807 illinc
1444 3753 1611 3824 igitur
1635 3770 1732 3824 per
1763 3761 2071 3825 transgres-

485 3845 696 3900 sionem
735 3845 1082 3916 progreditur
1105 3843 1172 3898 ad
1206 3845 1450 3915 angelos,
1483 3845 1628 3901 unde
1648 3845 1825 3915 ipsum
1855 3861 2071 3917 quoque

483 3939 787 4010 angelicum
802 3938 954 4002 dicit,
969 3937 1062 3992 ubi
1080 3938 1315 3993 maxime
1329 3937 1575 3993 divinum
1590 3938 1815 3993 unitatis
1827 3953 2071 3994 amorem

483 4032 685 4100 aliquis
707 4031 964 4100 reperiat,
991 4030 1128 4084 nihil
1147 4031 1292 4084 enim
1311 4030 1594 4086 dissonum
1631 4037 1726 4084 aut
1747 4031 2069 4088 seditiosum

484 4124 628 4194 apud
650 4124 818 4192 ipsos.
855 4121 1057 4178 Deinde
1079 4129 1204 4192 post
1239 4123 1484 4192 angelos,
1508 4131 1562 4177 et
1582 4123 1971 4192 intelligentem
1993 4123 2071 4177 ait

485 4229 749 4278 amorem,
781 4211 834 4267 id
864 4223 966 4279 est,
999 4214 1054 4268 in
1077 4215 1212 4269 viris
1235 4214 1423 4268 divina
1445 4215 1918 4284 sapientibus,qui
1942 4227 2072 4271 sunt

485 4304 744 4360 Ecclesiae
775 4321 786 4355 :
819 4304 886 4359 de
913 4305 1116 4375 quibus
1132 4304 1337 4361 Paulus
1367 4305 1501 4359 dicit
1526 4324 1539 4360 :
1571 4305 1638 4360 Ut
1662 4305 1802 4362 idem
1828 4305 2066 4372 dicatur,

488 4403 545 4450 et
572 4402 766 4450 caetera
790 4394 842 4460 ἀ,
871 4410 935 4450 ac
956 4395 1220 4451 Dominus
1249 4415 1262 4451 :
1301 4395 1369 4450 Ut
1396 4397 1502 4450 sint
1527 4413 1711 4461 unum,
1739 4397 1876 4451 sicut
1903 4407 1952 4451 et
1977 4415 2070 4453 nos

485 4503 647 4540 unum
677 4502 856 4540 sumus
890 4494 1018 4554 °;et
1037 4488 1151 4542 [nec
1177 4487 1397 4558 quidem
1430 4487 1497 4543 de
1525 4489 1670 4544 veris
1697 4488 2026 4546 Christianis
2053 4510 2066 4545 :

487 4586 676 4650 postea
707 4593 837 4633 vero
870 4579 937 4633 de
966 4581 1243 4636 universis
1270 4580 1611 4647 hominibus,
1645 4582 1700 4636 in
1737 4583 1941 4652 quibus
1979 4584 2064 4638 lex

487 4672 776 4737 amicitize,
827 4673 1123 4729 rationales
1181 4682 1363 4727 autem
1427 4673 1640 4730 animas
1703 4675 2066 4747 intelligentes

487 4773 648 4820 antea
679 4768 915 4830 vocavit,
949 4767 1029 4821 sic
1053 4782 1115 4820 ex
1154 4765 1338 4820 divina
1371 4774 1552 4821 mente
1587 4751 1866 4837 appellans
1898 4788 1911 4823 :
1948 4771 2067 4823 ani-

488 4858 688 4912 malem
726 4873 854 4912 vero
896 4873 1136 4913 amorem
1181 4858 1483 4912 nominavit
1524 4860 1837 4916 sensibilem
1879 4862 2069 4916 bruto-

490 4965 610 5003 rum
629 4951 948 5014 amicitiam,
978 4951 1176 5006 mentis
1194 4950 1444 5020 equidem
1478 4962 1750 5021 expertem
1779 4971 1794 5008 :
1826 4968 1890 5010 ex
1920 4958 2093 5008 amau'

490 5043 630 5098 toria
663 5042 765 5096 hac
808 5043 1032 5106 virtute,
1062 5051 1116 5096 et
1165 5042 1415 5098 volucres
1453 5043 1714 5113 gregatim
1759 5045 1968 5109 volant,
2010 5055 2069 5100 ut

489 5136 672 5206 cygni,
706 5143 760 5189 et
792 5151 1038 5198 anseres,
1067 5143 1122 5190 et
1148 5150 1332 5205 grues,
1367 5145 1421 5190 et
1443 5136 1618 5200 corvi,
1652 5148 1703 5192 et
1743 5154 1864 5207 quae
1917 5140 2070 5198 simi-

489 5228 592 5294 lia;
624 5243 690 5283 ac
712 5228 997 5283 terrestria
1020 5229 1238 5298 quidem
1273 5237 1400 5283 sunt
1423 5229 1572 5292 talia,
1602 5231 1768 5296 cervi,
1795 5233 1982 5297 boves,
2016 5241 2069 5288 et

491 5335 614 5390 quaa
639 5319 818 5375 allinia
847 5328 1012 5387 sunt;
1042 5329 1206 5390 atque
1247 5327 1511 5387 natantia,
1544 5333 1602 5376 ut
1651 5325 1839 5394 thynni
1885 5334 1940 5382 et
1978 5343 2060 5382 ce-

491 5413 639 5482 phali
669 5428 765 5468 seu
802 5412 1034 5484 mugiles
1064 5429 1129 5467 ac
1159 5430 1279 5484 quae
1317 5414 1652 5484 hujusnmdi.
1684 5415 1799 5470 Non
1833 5419 2069 5488 gregalia

567 5564 988 5638 dPhilipp.n,2.
1016 5581 1038 5607 ε
1059 5566 1218 5622 Joan.
1253 5585 1388 5630 xvu,
1424 5569 1508 5622 Η.

2174 3393 2386 3466 πρῶτον
2410 3393 2579 3447 αῐτιον
2605 3391 2698 3445 τοῦ
2733 3390 2980 3462 οὐρανίου
3012 3389 3213 3461 ἔρωτος
3236 3390 3264 3442 6
3291 3389 3422 3451 Θεός
3451 3389 3607 3441 ἐστιν
3628 3388 3748 3458 ἐξῃ-

2177 3487 2424 3560 ρημένως
2458 3486 2553 3540 καὶ
2581 3484 2866 3547 ἀναιτίως·
2904 3484 2953 3536 εἰ
2981 3481 3090 3554 γάρ
3119 3483 3148 3535 6
3179 3480 3318 3552 ἔρως
3351 3480 3512 3543 αὑτός
3541 3481 3692 3533 ἐστιν
3719 3480 3748 3547 ἡ

2171 3578 2379 3649 ἀγάπη,
2408 3577 2484 3640 ὼς
2515 3575 2866 3648 προείρηται,
2901 3574 3204 3645 γέγραπται
3239 3572 3317 3636 δὲ,
3342 3573 3422 3627 ὅτι
3453 3571 3587 3635 Θεὸς
3615 3571 3749 3640 ἀγά-

2161 3675 2248 3739 ’πη
2284 3667 2419 3730 ἐστὶ,
2449 3666 2602 3738 δῆλον
2635 3666 2716 3718 ὅτι
2745 3664 2962 3718 πάντων
2997 3663 3239 3726 ὲνοποιδς
3279 3662 3419 3734 ἔρως
3456 3663 3576 3733 ἦτοι
3612 3662 3748 3730 ἀγά-

2173 3778 2248 3831 πη
2281 3761 2310 3812 6
2339 3759 2470 3822 Θεός
2498 3760 2661 3812 ἐστιν.
2710 3757 2949 3810 Ἐκεῖθεν
2998 3753 3090 3808 οὖν
3139 3753 3518 3826 μεταϐατικῶς
3565 3755 3748 3826 πρόει-

2175 3867 2258 3904 σιν
2291 3851 2375 3903 ὲπ’
2407 3849 2700 3918 ἀγγέλους·
2735 3847 2857 3901 ὃθεν
2902 3847 2996 3900 καὶ
3027 3845 3317 3916 ἀγγελικὸν
3355 3845 3518 3898 αὐτόν
3563 3862 3750 3916 φησιν,

2171 3943 2298 3996 ἔνθα
2344 3942 2574 4014 μάλιστα
2624 3941 2717 3995 καὶ
2758 3940 2848 3992 τὸν
2906 3939 3005 4010 τῆς
3064 3939 3313 4008 ἑνότητός
3360 3936 3510 4008 εὖροι
3557 3955 3639 4000 τις
3690 3936 3751 3990 ἂν

2171 4036 2348 4110 ἔρωτα
2379 4037 2520 4090 θεῖον
2543 4053 2557 4066 ·
2584 4034 2736 4088 οὐδὲν
2763 4032 2871 4106 γάρ
2900 4031 3226 4102 ἀσύμφωνον
3248 4029 3281 4101 ἢ
3310 4027 3599 4092 στασιάζον
3620 4031 3750 4101 παρ’

2171 4130 2354 4192 αὐτοῖς
2375 4145 2389 4158 ·
2423 4123 2541 4181 εἶτα
2579 4128 2693 4198 μετ’
2724 4125 3010 4194 ἀγγέλους,
3033 4123 3128 4177 καὶ
3151 4122 3334 4195 νοερόν
3356 4139 3520 4193 φησιν
3551 4122 3750 4194 ἔρωτα,

2170 4221 2413 4276 τουτέστι
2471 4219 2621 4292 ποιρά
2649 4219 2922 4287 θεοσόφοις
2958 4215 3231 4288 ἀνδράσιν,
3267 4215 3323 4268 οἵ
3349 4217 3454 4269 εἱσι
3486 4217 3588 4286 τῆς
3629 4217 3753 4269 Ἐκ-

2171 4314 2397 4384 κλησίας
2420 4331 2432 4342 ·
2471 4314 2607 4386 πρὸς
2625 4311 2718 4376 οὓς
2750 4313 2779 4366 6
2811 4310 3019 4372 Παῦλός
3052 4325 3237 4380 φησιν,
3296 4309 3386 4362 Ινα
3412 4309 3474 4361 τὸ
3507 4309 3643 4362 αὐτὸ
3672 4309 3751 4361 λέ-

2171 4422 2368 4477 γηται,
2407 4408 2502 4459 καὶ
2541 4404 2610 4458 τά
2642 4403 2802 4476 ἑξῆς·
2841 4403 2935 4457 καὶ
2979 4403 3008 4454 6
3040 4399 3261 4473 Κύριος,
3300 4401 3433 4455 Ἵνα
3473 4399 3630 4454 ὦσιν
3663 4400 3750 4462 ἓν,

2173 4494 2363 4562 καθὼς
2392 4495 2490 4550 καὶ
2529 4493 2700 4565 ’ἡμεῖς
2745 4493 2816 4548 ἐν
2851 4493 3055 4563 ἐσμεν.
3106 4491 3217 4545 Καὶ
3256 4489 3425 4545 ταῦτα
3471 4491 3574 4562 μὲν
3629 4491 3755 4563 περὶ

2171 4587 2277 4641 τῶν
2316 4587 2375 4652 ἐξ
2415 4588 2672 4657 ἀληθείας
2728 4586 3100 4659 Χριστιανῶν·
3149 4585 3334 4638 λοιπὸν
3395 4585 3454 4637 δὲ
3487 4585 3586 4638 καὶ
3628 4584 3755 4656 περὶ

2173 4681 2388 4734 πάντων
2419 4677 2740 4752 ἀνθρώπων,
2793 4682 2850 4732 ὲν
2882 4675 2962 4743 οἷς
3003 4679 3032 4731 6
3075 4679 3204 4750 περὶ
3250 4677 3427 4746 φιλίας
3470 4676 3636 4746 νόμος
3664 4675 3751 4708 79"-

2171 4772 2270 4835 τὰς
2293 4772 2348 4824 δὲ
2377 4771 2597 4840 λογικὰς
2625 4771 2800 4842 ψυχὰς
2827 4770 3017 4844 νοεράς
3049 4772 3336 4841 προσεῖπεν
3371 4769 3434 4820 ὲκ
3471 4767 3569 4821 τοῦ
3609 4768 3754 4820 θείου

2175 4865 2266 4918 νοῦ
2296 4865 2607 4937 προσειπὼν
2652 4865 2820 4928 αὐτάς
2845 4884 2858 4896 ·
2894 4865 3122 4936 ψυχικὸν
3164 4865 3221 4918 δὲ
3264 4863 3520 4916 ἐκάλεσεν
3577 4863 3756 4934 ἔρωτα

2177 4958 2266 5010 τὸν
2295 4958 2402 5010 τῶν
2425 4958 2653 5027 ἀλόγων,
2677 4957 2774 5029 τὴν
2797 4957 3116 5028 αἰσθητικὴν
3148 4955 3349 5024 φιλίαν,
3380 4955 3540 5009 ἄνουν
3572 4955 3757 5024 μέντοι

2171 5048 2442 5119 δηλονότι·
2476 5050 2541 5102 ὲκ
2572 5049 2680 5122 γὰρ
2710 5049 2810 5120 τῆς
2834 5048 3100 5120 ἐρωτικῆς
3123 5047 3323 5117 ταύτης
3352 5045 3637 5116 δυνάμεως
3663 5041 3759 5096 καὶ

2174 5141 2352 5212 πτηνά
2383 5141 2640 5214 ἀγεληδὸν
2667 5142 2940 5204 ἵπτανται,
2975 5141 3049 5205 ὡς
3085 5141 3294 5202 κύκνοι,
3323 5139 3418 5192 καὶ
3447 5138 3634 5208 χῆνες,
3663 5136 3759 5188 καὶ
3831 5161 3841 5174 ἰ

2173 5233 2410 5304 γέρανοι,
2435 5235 2527 5288 καὶ
2549 5235 2804 5307 κόρακες,
2826 5234 2919 5287 καὶ
2933 5234 3034 5288 ὅσα
3047 5233 3284 5286 τοιαῦτα·
3307 5231 3397 5284 καὶ
3413 5228 3558 5292 πεζά
3574 5229 3761 5299 μέντοι

2172 5328 2277 5380 εἰσὶ
2303 5326 2544 5389 τοιαῦτα,
2574 5327 2778 5395 ἔλαφοι,
2817 5325 2954 5396 βόες,
2991 5325 3084 5379 καὶ
3110 5323 3182 5378 τά
3229 5321 3586 5395 παραπλήσια
3613 5337 3625 5349 ·
3664 5319 3762 5372 καὶ

2173 5419 2344 5490 νηκτὰ
2387 5419 2443 5472 δέ
2494 5421 2652 5478 εἰσιν.
2697 5419 2772 5482 ὡς
2811 5418 3024 5480 θύννοι,
3078 5417 3169 5470 καὶ
3216 5414 3458 5484 κέφαλοι,
3516 5413 3612 5466 καὶ
3658 5411 3762 5463 ὅσα.

1407 5717 1642 5772 VARUS
1685 5718 2065 5776 LECTIONES
2099 5719 2184 5775 ET
2219 5721 2658 5782 CORRECTION
2673 5724 2776 5780 ES.

581 5852 860 5907 ηιέαυτόν.
959 5853 1004 5885 ⁷³
1031 5855 1058 5907 ὁ
1089 5853 1278 5924 μέγας.
1346 5857 1412 5888 ⁷⁹”
1440 5855 1614 5923 λόγος·
