3872 6540
157 455 264 511 269

896 445 952 499 S.
997 443 1245 501 MAXIM!
1287 444 1582 503 SCHOLIA
1617 447 1684 503 IN
1721 448 1852 507 LIB.
1889 449 1976 503 DE
2017 451 2269 507 DIVINIS
2303 453 2696 514 NOMINIBUS.

3298 466 3406 520 270

155 566 511 639 ὁμοιότροπα.
546 563 660 619 Καὶ
716 563 784 618 τὰ
828 562 900 634 μὴ
949 562 1176 631 ἀγελαῖα
1217 562 1277 616 δὲ
1319 562 1456 632 πρὸς
1482 563 1581 632 τὴν
1625 561 1702 613 τῶ

1837 575 1990 626 vero,
2023 561 2150 618 hinc
2177 565 2340 619 etiam
2372 568 2440 623 ad
2487 568 2699 639 parium
2732 568 3050 626 societatem
3095 584 3403 633 moventur.

154 659 493 730 όμοστοίχων
515 657 728 711 σύνοδον
741 656 890 712 ἔνθεν
911 655 1204 710 κινοῦνται.
1234 655 1466 709 Φυσικὸν
1487 655 1544 709 δὲ
1556 654 1736 728 ἔρωτά

155 764 292 819 φησι
303 748 398 800 τὸν
415 746 522 799 τῶν
540 745 762 816 ἀψύχων
785 746 877 799 καὶ
889 745 1224 817 ἀναισθήτων
1239 744 1377 798 κατὰ
1399 745 1497 816 τήν
1509 745 1732 817 ἐκτικὴν

154 840 605 912 ἐπιτηδειότητα,
630 841 748 910 ήτοι
782 840 883 909 τῆς
916 839 1218 911 ποιότητος,
1248 836 1497 911 ἐρώντων
1526 839 1620 892 τοῦ
1641 838 1733 910 δη-

155 932 424 1006 μιουργοῦ
453 933 540 987 διὰ
565 932 627 985 τὸ
656 933 745 985 ὑπ’
768 931 930 985 αὑτοῦ
969 931 1315 985 συνεστάναι·
1350 930 1492 985 κατὰ
1513 926 1604 984 οὖν
1633 932 1730 1003 τὴν

151 1025 415 1094 ζωτικὴν,
445 1025 562 1094 ἤτοι
600 1023 698 1094 τὴν
731 1021 966 1094 φυσικὴν
1006 1021 1246 1092 κίνησιν,
1288 1020 1382 1073 καὶ
1415 1018 1556 1073 αὐτὰ
1603 1019 1732 1072 ὲπέ-

150 1133 427 1187 στραπ-ται
448 1116 584 1187 πρὸς
605 1115 696 1170 τὸν
721 1115 872 1170 Θεὸν.

223 1209 253 1281 §
295 1208 437 1263 XVI.
491 1208 729 1276 Ἐπειδὴ
762 1207 902 1274 τοὺς
931 1207 1001 1262 ἐκ
1043 1207 1150 1262 τοῦ
1178 1207 1336 1273 ἑνός.
1370 1206 1478 1259 Καὶ
1503 1207 1615 1260 ἄνω
1649 1207 1727 1259 εῖ-

146 1317 350 1373 πομεν,
377 1301 537 1373 νοερὰ
570 1301 665 1372 μὲν
687 1295 912 1353 εἶναιτὰ
931 1298 1180 1362 νοοῦντα,
1213 1297 1380 1370 νοητὰ
1403 1299 1461 1352 δὲ
1488 1298 1560 1352 τὰ
1581 1298 1730 1352 νοού-

149 1411 321 1465 μενα,
371 1393 465 1446 καὶ
509 1390 791 1464 ἀζητήτως
833 1390 903 1444 τὰ
946 1388 1109 1462 νοερὰ
1153 1389 1572 1461 ύπερϐαίνεσθαι
1624 1388 1728 1442 ὑπὸ

142 1486 255 1540 τῶν
284 1485 493 1558 νοητῶν
511 1501 526 1516 ο
556 1484 676 1538 ὃθεν
708 1484 802 1537 καί
831 1483 1036 1556 τροφὴν
1069 1477 1208 1536 εἶναι
1233 1481 1342 1535 τῶν
1369 1481 1628 1535 νοούντων
1657 1480 1726 1534 τὰ

141 1579 414 1648 νοούμενα
457 1593 471 1607 ·
503 1575 612 1629 τῶν
643 1571 736 1629 οῦν
759 1575 963 1646 νοητῶν
1002 1575 1071 1628 τὰ
1111 1574 1272 1645 νοερὰ
1314 1574 1434 1645 ἐρᾷ,
1479 1572 1555 1636 ὡς
1599 1573 1727 1625 ὲπε-

51 1701 58 1716 ι
142 1667 473 1741 στραμμένα
504 1667 639 1740 πρὸς
661 1665 822 1727 αὐτὰ,
847 1666 942 1720 καὶ
967 1665 1155 1738 ῶσπερ
1185 1663 1560 1735 ὰναὸεὸηκότα
1583 1681 1595 1693 ·
1625 1664 1726 1735 ἐρᾷ

139 1760 195 1814 δὲ
226 1761 325 1813 καὶ
347 1759 416 1812 τὰ
434 1757 600 1830 νοητὰ
617 1757 726 1811 τῶν
747 1756 946 1830 νοερῶν
969 1755 1335 1829 προνοητικῶς
1361 1753 1439 1826 τῷ
1457 1753 1725 1826 μεταδιδό-

137 1871 228 1906 ναι
255 1852 358 1923 τῆς
381 1851 505 1922 ἴσης
535 1848 803 1919 ὠφελείας
850 1865 864 1879 ·
897 1845 1241 1919 ὡμολόγηται
1268 1842 1382 1911 οὖν,
1412 1847 1495 1900 ὅτι
1537 1847 1587 1898 οἰ
1615 1844 1722 1897 τῶν

1832 651 2148 708 Naturalem
2182 670 2348 724 porro
2391 673 2630 714 amorem
2674 659 2808 715 dicit
2840 677 2960 716 eum
2993 679 3102 733 quo
3145 667 3338 721 anima?
3354 679 3408 724 et

1833 759 2030 800 sensus
2055 747 2322 816 expertia,
2369 748 2632 804 habituali
2678 753 2977 823 aptitudine
3007 771 3102 811 seu
3146 759 3408 828 qualitate

1832 845 2135 893 creatorem
2164 848 2370 904 amant,
2398 851 2683 913 propterea
2723 847 2866 915 quod
2897 848 2965 902 ab
2993 849 3111 919 ipso
3142 851 3406 920 producta

1833 929 1976 997 sint;
2010 931 2311 987 secundum
2344 934 2562 990 vitalem
2594 936 2758 1007 igitur
2786 948 2839 992 et
2870 942 3173 996 naturalem
3204 945 3406 999 motio-

1833 1038 1977 1087 nem,
2017 1023 2132 1079 haec
2160 1041 2380 1095 quoque
2405 1027 2473 1081 ad
2504 1027 2673 1083 Deum
2705 1039 3117 1088 convertuntur.

1903 1178 1929 1249 §
1969 1176 2111 1234 XVI.
2155 1179 2416 1247 Quoniam
2458 1195 2523 1235 ea:
2570 1198 2691 1238 uno.
2725 1183 2973 1241 Diximus
3002 1189 3162 1242 etiam
3212 1205 3398 1259 supra.

1827 1271 1989 1342 νοερά
2033 1287 2156 1328 esse
2201 1274 2271 1326 τὰ
2294 1272 2518 1328 νοοῦντα
2556 1289 2653 1330 seu
2685 1291 2808 1347 qua:
2854 1277 3009 1349 142
3043 1280 3348 1352 intelligunt
3382 1302 3395 1336 :

1826 1363 1994 1437 νοητὰ
2021 1380 2148 1420 vero
2168 1365 2238 1419 τὰ
2266 1368 2526 1439 νοούμενα
2552 1384 2649 1425 seu
2682 1386 2802 1440 qua:
2830 1371 3298 1445 intelliguntur,ac
3323 1381 3401 1434 si-

1826 1473 1896 1512 ne
1928 1458 2094 1513 dubio
2126 1460 2288 1531 νοερά
2331 1462 2578 1530 superari
2611 1461 2681 1517 ab
2711 1462 2780 1518 iis
2807 1479 2930 1532 qua:
2971 1465 3349 1538 intelliguntur
3380 1489 3394 1525 :

1827 1548 2056 1620 ideoque
2086 1549 2154 1604 τὰ
2175 1551 2459 1624 νοούμενα,
2503 1561 2628 1609 esse
2656 1554 2973 1610 alimentum
3026 1573 3216 1614 eorum
3276 1577 3399 1632 qua!

1824 1639 2152 1712 intelligunt,
2183 1659 2312 1714 ergo
2340 1644 2408 1697 τὰ
2436 1645 2600 1717 νοερὰ
2625 1661 2747 1715 qua:
2788 1649 3094 1719 intelligunt
3124 1661 3308 1708 amant
3333 1670 3398 1708 ea

1825 1747 1944 1804 qum
1968 1733 2366 1805 intelliguntur,
2417 1744 2476 1790 ut
2523 1735 2591 1791 ad
2641 1754 2699 1793 se
2739 1753 3027 1805 conversa,
3090 1757 3155 1797 ac
3221 1744 3397 1800 veluti

1823 1827 2270 1881 transcendentia
2301 1848 2314 1882 :
2348 1827 2416 1881 τὰ
2445 1830 2614 1901 νοητά
2658 1846 2788 1885 vero
2836 1832 3171 1902 providendo
3212 1847 3398 1893 amant

137 1918 398 1998 τοιούτων
435 1918 636 2014 ἔρωτες
687 1918 1017 2013 ὑπερεστᾶσι
1059 1918 1166 1992 τῶν
1222 1937 1509 2010 αἰσθητῶν.
1559 1935 1708 1990 Ἀλλὰ

1817 1932 1880 1972 ea
1909 1933 2029 1989 qua:
2059 1918 2437 1991 intelliguntur
2456 1960 2471 1985 ,
2501 1921 2761 1992 aequalem
2806 1927 3259 1983 communicando
3286 1930 3397 1986 uti-

135 2034 337 2098 ταῦτα,
363 2028 540 2104 οἶμαι,
557 2031 723 2104 νοητὰ
744 2031 837 2085 καὶ
853 2029 1012 2102 νοερὰ
1030 2030 1244 2102 εἴρηται
1274 2030 1338 2082 ὲκ
1368 2026 1600 2104 μετοχῆς
1621 2027 1713 2080 τοῦ

135 2124 292 2188 ενι-ος
322 2121 550 2192 ἀγαθοῦ,
602 2120 826 2175 τοιαῦτα
864 2120 1148 2192 γενόμενα.
1197 2121 1260 2174 Oi
1303 2119 1360 2173 δὲ
1405 2119 1715 2190 αὐτονόητοι

135 2217 345 2288 ἔρωτες-
382 2215 436 2268 oi
480 2213 612 2269 θεῖοί
655 2215 792 2268 εἰσιν
827 2212 946 2266 ἀντὶ
991 2210 1084 2264 τοῦ
1116 2211 1164 2263 οἰ
1193 2209 1286 2263 τοῦ
1317 2208 1452 2264 Θεοῦ
1475 2225 1487 2238 ·
1526 2209 1715 2279 ὥσπερ

132 2307 243 2379 γάρ
278 2308 429 2359 ἐστιν
469 2303 672 2374 ἀγαθὸν
715 2297 866 2372 ᾧτινί
909 2304 1053 2355 ὲστιν
1101 2299 1320 2370 ἀγαθὸν,
1369 2300 1462 2353 καὶ
1489 2297 1616 2352 ἄλλο
1655 2297 1716 2350 τὸ

134 2397 326 2460 ἁπλῶς
355 2395 558 2466 ἀγαθὸν
593 2395 687 2450 καὶ
721 2394 854 2449 αὐτὸ
895 2392 958 2448 τὸ
990 2391 1190 2462 ἀγαθόν
1213 2408 1228 2422 ο
1261 2389 1433 2453 οῦτως
1462 2389 1578 2441 ἐστὶ
1623 2387 1714 2441 καὶ

133 2492 327 2564 νοητὸν
356 2491 418 2544 τό
443 2507 549 2542 τινι
573 2489 782 2559 νοητὸν,
814 2488 909 2542 ἅτε
953 2485 1241 2557 νοούμενον
1273 2477 1364 2538 ὑπ’
1393 2481 1577 2545 αὐτοῦ,
1620 2480 1714 2534 καὶ

131 2572 324 2649 ἁπλῶς
353 2585 564 2656 νοητὸν,
591 2584 688 2654 οὐχ
716 2584 790 2646 ὡς
810 2585 838 2637 ὁ
861 2583 1049 2655 χρόνος
1073 2580 1106 2652 ἢ
1127 2582 1156 2633 ό
1195 2579 1384 2641 τόπος·
1416 2576 1579 2650 νοητὰ
1603 2575 1712 2648 γὰρ

131 2681 228 2733 καὶ
270 2677 468 2740 ταῦτα,
509 2677 632 2730 ἐπεὶ
681 2675 756 2747 μὴ
796 2673 1061 2744 αἰσθητὰ,
1110 2671 1243 2726 ἀλλὰ
1306 2670 1429 2733 νοῦς
1473 2668 1708 2741 νοητῶν,

129 2771 400 2841 ἐνέργεια
427 2770 524 2833 ῶν,
550 2769 642 2823 καί
672 2768 802 2832 ζῶν,
845 2768 938 2821 καὶ
967 2766 1076 2833 ζωή
1102 2784 1115 2796 ·
1147 2765 1215 2818 τὰ
1247 2765 1356 2838 γὰρ
1387 2764 1524 2836 μετὰ
1552 2762 1710 2816 τοῦτο

129 2863 299 2937 νοητὰ
344 2865 409 2918 ὲκ
459 2864 735 2942 ζητήσεως
780 2861 874 2915 καὶ
915 2862 1014 2932 τῆς
1056 2859 1183 2932 περὶ
1239 2859 1308 2912 τὰ
1351 2857 1711 2930 προϐλήματα

129 2957 454 3020 ἀκολουθίας
480 2957 843 3029 εὑρίσκουσιν,
875 2955 910 3026 ἢ
947 2953 1007 3021 ἐξ
1046 2951 1439 3022 ἀποκαλύψεως
1471 2950 1706 3021 ἔχουσιν.

197 3313 501 3381 Ἀσχετος
539 3294 716 3367 αἰτία.
783 3292 1043 3381 ’Ᾱσχετόν
1096 3325 1228 3381 φησι
1292 3294 1354 3361 τὸ
1413 3306 1700 3370 ὰπόλυτον,

123 3399 184 3459 οὗ
229 3405 377 3476 πρὸς
406 3403 468 3456 τὸ
496 3405 603 3458 πᾶν
642 3403 866 3474 οὐδεμία
897 3401 1098 3474 σχέσις,
1138 3402 1257 3473 ήτοι
1302 3399 1567 3470 οἰκειότης
1606 3415 1706 3467 φυ-

126 3497 273 3552 σική.

192 3535 436 3658 ξᾶνιι.
489 3584 794 3640 Ἀρτάντων
840 3586 1043 3652 ὀλικὸς
1087 3587 1251 3655 ἔρως.
1295 3586 1480 3642 Εἰπὼν
1525 3589 1704 3644 όλικὸν

123 3679 324 3752 ἔρωτα,
360 3678 510 3751 δηλοῖ
537 3679 630 3732 καὶ
661 3680 936 3750 μερικοὺς,
968 3677 1139 3747 λέγων
1169 3679 1259 3732 τὸν
1288 3679 1418 3733 Θεὸν
1447 3675 1584 3734 εἶναι
1612 3680 1703 3735 τὸν

119 3762 299 3828 ὑλικὸν
353 3774 447 3827 καὶ
477 3773 568 3825 τὸν
618 3773 860 3844 μερικὸν,
893 3773 967 3836 ὡς
995 3773 1164 3828 αἴτιον
1212 3773 1306 3826 καὶ
1356 3775 1489 3826 πᾶσι
1535 3790 1701 3846 χορη-

119 3865 323 3934 γοῦντα
350 3865 490 3918 κατὰ
534 3865 631 3936 τὴν
674 3865 904 3919 ἑκάστου
938 3865 1184 3937 δύναμιν,
1224 3865 1492 3937 ἐρωτικὴν
1542 3866 1704 3918 οἱονεὶ

119 3958 422 4031 ἀπορροήν.
469 3957 593 4036 Πῶς
635 3952 728 4010 οὖν
771 3955 800 4009 ὁ
850 3956 981 4018 Θεὸς
1028 3956 1086 4037 τὸ
1132 3954 1255 4009 ὅλον
1303 3955 1394 4010 καὶ
1443 3956 1504 4008 τὸ
1540 3957 1702 4029 μέρος

116 4048 525 4119 ἀνεκφοιτήτως
571 4046 748 4118 ἑαυτῷ
793 4046 984 4110 συνὼν,
1035 4042 1171 4100 εἶναι
1211 4046 1452 4110 δύναται,
1503 4049 1568 4100 ὲκ
1608 4048 1701 4101 τοῦ

119 4137 502 4212 σπερματικοῦ
542 4140 698 4208 λόγου
743 4131 909 4209 σαφὲς
953 4139 1140 4193 ἔσται’
1187 4138 1314 4193 ὅταν
1349 4140 1446 4210 μὲν
1488 4138 1598 4209 γὰρ
1643 4141 1703 4194 τὸ

118 4234 349 4306 σπέρμα
377 4233 686 4296 ὰδιακόπως
717 4231 851 4303 όμοῦ
883 4234 963 4296 εἰς
989 4232 1089 4304 τὴν
1125 4232 1337 4303 μήτραν
1363 4231 1698 4313 καταϐληθῇ,

114 4325 170 4378 ἒν
199 4325 554 4381 ἀποτελεῖται
583 4325 643 4378 τὸ
672 4324 905 4405 ἔμϐρυον
923 4341 936 4353 ·
970 4322 1065 4377 ἐὰν
1091 4323 1146 4376 δὲ
1179 4323 1407 4395 μερισθῇ
1445 4324 1506 4376 τὸ
1535 4323 1703 4405 σπέρ-

117 4435 190 4489 μα
220 4421 307 4482 εἰς
337 4417 626 4487 διαφόρους
660 4403 913 4479 κύστιδας
940 4416 1040 4486 τῆς
1085 4417 1314 4488 μήτρας,
1345 4416 1570 4470 ἕκαστον
1607 4403 1702 4488 μέ-

119 4529 205 4582 ρος
231 4510 534 4582 όλὸκληρον
560 4510 792 4583 ἔμϐρυον
817 4509 1098 4564 ἀποτελεῖ·
1130 4509 1281 4564 ἔσται
1309 4510 1364 4563 δὲ
1396 4510 1488 4564 τοῦ
1529 4512 1698 4585 σπέρ-

1817 2011 2054 2080 litatem;
2088 2012 2270 2083 Itaque
2317 2011 2372 2068 in
2419 2013 2676 2070 confesso
2717 2027 2821 2079 est,
2857 2032 3072 2076 amores
3123 2021 3391 2090 ejusmodi

1816 2119 2074 2174 superare
2102 2106 2386 2161 sensilium
2419 2121 2654 2162 amores.
2697 2108 2948 2164 Arbitror
2975 2112 3228 2182 equidem
3275 2114 3393 2171 hinc

1813 2195 1959 2252 dicta
1985 2200 2108 2254 esse
2133 2198 2302 2270 νοητά
2330 2206 2383 2255 et
2403 2200 2564 2272 νοερά
2584 2200 2729 2271 quod
2748 2217 2812 2257 ex
2841 2205 3258 2276 participatione
3278 2210 3392 2263 veri

1813 2289 1940 2344 boni
1964 2292 2092 2344 talia
2120 2289 2425 2346 eiliciantur
2468 2313 2481 2347 :
2529 2294 2620 2364 qui
2650 2310 2780 2350 vero
2804 2312 2900 2366 per
2927 2311 2986 2353 se
3023 2298 3391 2370 intelligibiles

1813 2395 2049 2446 amores,
2101 2390 2230 2438 sunt
2255 2383 2446 2447 divini,
2471 2399 2591 2453 pro,
2616 2392 2746 2441 Sunt
2780 2385 2911 2455 Dei;
2942 2390 3083 2445 sicut
3121 2392 3266 2446 enim
3306 2399 3392 2448 est

1812 2473 2014 2530 bonum
2046 2473 2136 2528 cui
2179 2484 2265 2530 est
2292 2475 2518 2541 bonum,
2547 2483 2600 2533 et
2628 2478 2773 2533 aliud
2816 2479 3020 2535 bonum
3069 2482 3392 2554 simpliciter

1813 2572 1869 2620 et
1904 2563 2084 2635 ipsum
2112 2566 2350 2634 bonum;
2380 2569 2456 2622 ita
2481 2569 2645 2623 etiam
2671 2578 2755 2627 est
2779 2571 2969 2644 νοητόν
3009 2589 3105 2630 seu
3136 2575 3388 2649 intelligi-

1811 2655 1934 2721 bile,
1983 2657 2117 2712 illud
2169 2657 2315 2729 quod
2375 2660 2539 2715 alicui
2587 2661 2956 2735 intelligibile,
3011 2675 3282 2737 quatenus
3320 2671 3391 2726 ab

1809 2749 1904 2804 illo
1950 2750 2292 2822 intelligitur,
2334 2761 2386 2808 et
2417 2753 2738 2823 simpliciter
2786 2755 3148 2828 intelligibile,
3179 2776 3289 2815 non
3329 2767 3391 2817 ut

1811 2848 2024 2913 tempus
2056 2851 2150 2896 aut
2201 2844 2376 2910 locus,
2424 2845 2541 2901 haec
2585 2849 2730 2903 enim
2776 2851 2942 2904 etiam
2985 2852 3386 2923 intelligibilia,

1808 2947 1934 2988 cum
1962 2949 2073 2990 non
2096 2935 2207 2990 sint
2233 2937 2537 3004 sensibilia,
2578 2939 2673 2995 sed
2719 2935 3027 2998 intellectus
3071 2942 3388 3016 intelligibi-

1807 3025 1964 3093 lium,
1992 3042 2116 3082 cum
2147 3029 2219 3085 sit
2246 3031 2496 3100 eﬂicacia,
2529 3038 2582 3086 et
2612 3033 2803 3097 vivens,
2830 3042 2883 3089 et
2913 3035 3020 3090 vita
3044 3051 3064 3089 :
3093 3051 3213 3108 quae
3239 3039 3385 3094 enim

1807 3118 2066 3192 deinceps
2115 3122 2479 3195 intelligibilia
2529 3141 2594 3180 ex
2643 3127 3001 3198 inquisitione
3048 3137 3100 3185 et
3164 3133 3387 3202 sequela

1807 3213 2241 3283 propositionum
2273 3216 2577 3284 inveniunt,
2602 3227 2695 3272 aut
2717 3235 2781 3275 ex
2804 3221 3135 3278 revelatione
3160 3223 3381 3281 habent.

1877 3303 2317 3376 Incomprelwnsa
2363 3310 2463 3363 illa
2512 3327 2695 3377 causa,
2744 3311 2840 3368 Gr.
2892 3314 3138 3385 ἄσχετος.
3185 3313 3290 3371 Per
3321 3319 3386 3372 ἄ-

1806 3415 1994 3470 σχετον
2027 3399 2279 3472 intelligit
2312 3403 2564 3472 libcrum,
2597 3405 2755 3475 cujus
2791 3421 2915 3461 cum
2949 3407 3205 3465 universo
3233 3410 3383 3492 nulla

1803 3499 1888 3546 est
1916 3495 2208 3558 connexio,
2238 3509 2334 3552 seu
2364 3498 2631 3554 naturalis
2662 3499 2993 3569 pr0prietas.

1879 3583 1907 3656 ς
1949 3574 2112 3641 XVII.
2158 3579 2362 3643 Totalis
2394 3591 2626 3645 omnium
2669 3599 2840 3647 amor.
2890 3591 3128 3649 Dicendo
3156 3595 3379 3650 totaIem

1804 3691 2088 3742 amorem,
2140 3679 2384 3735 declarat
2429 3697 2646 3753 quoque
2693 3685 3095 3753 particulares,
3147 3686 3382 3743 dicendo

1803 3767 1974 3825 Deum
2002 3786 2124 3827 esse
2153 3774 2373 3829 totalem
2407 3783 2459 3828 et
2501 3775 2911 3845 particularem,
2946 3787 3005 3832 ut
3047 3793 3295 3844 causam,
3325 3788 3381 3836 et

1803 3863 2059 3918 omnibus
2087 3879 2188 3934 pro
2215 3864 2484 3936 cujusque
2513 3876 2675 3938 captu
2701 3869 3028 3938 praebentem
3051 3871 3377 3926 amatorium

1802 3953 1965 4008 veluti
2013 3954 2329 4024 humorem;
2379 3959 2651 4027 quomodo
2695 3960 2861 4029 igitur
2915 3959 3060 4016 Deus
3109 3969 3283 4017 totum
3321 3971 3382 4018 et

1801 4062 1950 4117 pars,
1985 4048 2104 4103 sine
2129 4064 2352 4118 egressu
2385 4051 2490 4105 sibi
2535 4067 2773 4120 praesens
2815 4069 2936 4108 esse
2983 4054 3159 4122 possit
3190 4071 3377 4111 exse--

1802 4139 2037 4194 minaria
2066 4141 2282 4196 ratione
2332 4143 2569 4211 patebit;
2617 4144 2836 4214 quando
2878 4145 3022 4200 enim
3073 4162 3259 4202 semen
3299 4149 3376 4204 si—

1801 4230 1915 4284 mul
1959 4231 2165 4302 absque
2212 4232 2610 4304 interruptione
2652 4236 2705 4290 in
2752 4238 3035 4293 matricem
3083 4241 3372 4306 deciderit,

1803 4336 1944 4377 unus
1983 4321 2262 4392 perficitur
2302 4325 2560 4397 einbryo,
2605 4327 2651 4382 si
2708 4343 2838 4383 vero
2876 4345 3060 4386 semen
3101 4333 3376 4391 dividatur

1801 4411 1857 4465 in
1883 4414 2068 4470 varias
2101 4415 2347 4470 matricis
2385 4418 2632 4484 cellulas,
2667 4435 3005 4492 unaquaeque
3052 4439 3180 4494 pars
3230 4427 3371 4482 inte-

1799 4520 1955 4575 grum
1990 4505 2200 4576 perﬁcit
2226 4510 2614 4581 embryonem;
2641 4513 2745 4568 erit
2779 4522 2958 4570 autem
2990 4517 3216 4574 seminis
3248 4535 3376 4590 pars

117 4621 288 4673 ματος
330 4603 393 4655 τὸ
444 4602 542 4674 μὲν
587 4603 688 4674 ῥὶς,
740 4594 801 4656 τὸ
870 4599 926 4656 δὲ
983 4591 1267 4675 ὀφθαλμοὶ,
1301 4605 1396 4657 καὶ
1434 4606 1502 4658 τὰ
1551 4604 1695 4676 ἑξῆς,

1814 4613 1910 4652 una
1970 4615 2158 4665 nasus,
2195 4601 2364 4656 altera
2406 4605 2572 4667 oculi,
2609 4606 2796 4676 sicque
2840 4607 3119 4680 deinceps,
3162 4613 3374 4667 omnia-

113 4695 203 4749 καὶ
235 4695 426 4750 πάντα
458 4693 637 4747 τέλεια
664 4733 678 4747 .
714 4696 936 4766 Ὅμοιον
959 4689 1051 4749 οὖν
1083 4712 1135 4747 τι
1162 4696 1256 4748 καὶ
1284 4697 1410 4767 περὶ
1441 4697 1530 4751 τὸν
1565 4716 1698 4751 παν-

111 4787 323 4840 τέλειον
355 4785 481 4840 νοῦν
521 4785 660 4839 κατὰ
697 4787 985 4856 ἀναλογίαν
1014 4786 1315 4860 θεωρητέον
1335 4806 1348 4819 ο
1383 4788 1478 4860 ὅλη
1524 4789 1633 4862 γὰρ
1662 4793 1694 4862 ὴ

112 4879 368 4951 ἐνέργεια
398 4879 639 4951 περιέχει
667 4881 759 4932 καὶ
780 4879 847 4933 τὰ
865 4879 1003 4952 μέρη
1021 4879 1158 4932 ’τῶν
1181 4879 1235 4933 δὲ
1263 4880 1442 4952 μερῶν
1469 4881 1694 4935 ἕκαστον

111 4971 452 5043 ἀπήρτισται
471 4987 486 5000 θ
525 4971 619 5024 καὶ
647 4970 709 5023 τὸ
739 4971 836 5042 μὲν
869 4971 1310 5044 αὐτοδικαιοσύνη
1329 5013 1344 5037 ,
1400 4973 1462 5027 τὸ
1492 4973 1548 5026 δὲ
1594 4975 1692 5027 αύ-

110 5058 392 5131 τοανδρία,
416 5058 513 5112 καὶ
540 5058 610 5112 τὰ
642 5052 765 5131 ἑξῆς
786 5077 799 5090 ·
831 5059 971 5114 οῦτω
990 5063 1082 5116 καὶ
1102 5062 1224 5117 οὔτε
1257 5065 1582 5136 συγκέχυται
1613 5067 1693 5130 εἰς

112 5150 372 5222 ἀλλήλας,
407 5151 547 5204 ἀλλὰ
577 5152 669 5205 καὶ
693 5152 895 5223 ἑκάστη
929 5153 1287 5226 διακέκριται,
1322 5157 1416 5211 καὶ
1447 5157 1568 5211 οὔτε
1596 5176 1692 5230 με-

107 5242 174 5295 τὰ
201 5241 437 5308 ἀταξίας
465 5241 528 5295 τὸ
555 5242 854 5316 ἀδιαίρετον
885 5245 1098 5315 ἔχουσιν
1130 5247 1188 5300 ὲν
1231 5247 1309 5319 τῷ
1344 5249 1693 5321 μεταλαμϐά-

110 5347 218 5386 νειν
233 5332 286 5364 ⁸⁸
317 5331 500 5386 αὐτῶν
539 5332 767 5387 ἕκαστον
785 5335 860 5398 ὡς
877 5336 1093 5391 δύναται
1109 5339 1257 5393 ,Τῶν
1278 5338 1386 5412 γὰρ
1410 5341 1565 5394 εἰδῶν
1599 5360 1694 5414 με-

109 5421 451 5494 ταλαμϐάνει
476 5423 706 5491 ἕκαστος
736 5426 871 5498 πρὸς
901 5427 998 5500 τὴν
1023 5428 1224 5485 οἰκείαν
1259 5433 1690 5508 ἐπιτηδειότητω

107 5514 252 5570 οὕτω
288 5516 388 5572 καὶ
410 5516 441 5568 ὁ
471 5516 607 5582 Θεὸς
634 5520 728 5574 καὶ
743 5520 860 5574 ὅλον
877 5522 945 5554 ⁸⁰’
978 5524 1071 5577 καὶ
1113 5524 1251 5597 μέρη
1278 5526 1370 5581 τοῦ
1403 5529 1624 5600 ἔρωτος.

1802 4705 1908 4759 que
1941 4691 2198 4761 perfecta.
2230 4691 2412 4764 Itaque
2437 4697 2615 4753 simile
2640 4700 2845 4769 aliquid
2876 4700 2942 4756 de
2974 4704 3373 4772 perfectissima

1801 4789 1982 4836 mente
2012 4783 2503 4855 considerandum;
2548 4804 2670 4843 nam
2701 4795 2817 4845 tota
2861 4791 3101 4850 eﬂicacia
3132 4798 3373 4868 comple-

1799 4873 1965 4927 ctitur
1994 4875 2156 4928 etiam
2184 4885 2402 4946 partes;
2431 4879 2656 4951 singulm
2678 4891 2858 4939 autem
2887 4887 3084 4956 partim
3112 4890 3371 4945 absoluta:

1799 4972 1928 5018 sunt
1961 4985 1974 5020 :
2007 4974 2062 5020 et
2113 4967 2228 5023 haec
2273 4970 2492 5040 quidem
2525 4972 2643 5042 ipsa
2670 4974 2907 5044 justitia,
2960 4978 3048 5032 illa
3079 4995 3210 5035 vero
3249 4981 3371 5052 ipsa

1796 5057 2082 5124 fortitudo,
2113 5069 2165 5116 et
2196 5071 2420 5132 caetera;
2453 5067 2533 5122 sic
2556 5068 2720 5122 etiam
2760 5086 2938 5140 neque
2981 5073 3122 5128 inter
3152 5090 3211 5131 se
3236 5089 3370 5129 con-

1798 5148 2119 5216 funduntur,
2151 5154 2244 5208 sed
2296 5156 2522 5228 singulm
2550 5158 2819 5217 distincta:
2848 5171 3010 5232 sunt;
3039 5181 3214 5234 neque
3241 5181 3367 5219 cum

1793 5241 2000 5298 ordinis
2041 5246 2447 5314 perturbatione
2495 5251 2934 5321 conjunctionem
2993 5257 3196 5312 habent
3243 5272 3367 5311 cum

1794 5334 2022 5404 singula:
2046 5335 2287 5406 ipsarum
2313 5343 2636 5414 participent
2665 5359 2927 5417 quantum
2952 5359 3182 5420 possunt
3211 5370 3224 5406 :
3259 5352 3370 5407 sin-

1794 5429 1933 5499 gulae
1960 5431 2104 5485 enim
2136 5434 2346 5503 species
2383 5439 2712 5509 participant
2749 5440 2903 5510 juxta
2942 5443 3220 5512 pr0priam
3265 5461 3366 5516 ap-

1793 5519 2102 5585 titudinem,
2132 5523 2208 5577 ita
2237 5526 2399 5580 etiam
2447 5526 2590 5584 Deus
2623 5537 2676 5585 et
2712 5537 2884 5586 totum
2923 5540 2978 5588 et
3004 5534 3210 5591 amoris
3235 5550 3367 5606 par-

1792 5616 1875 5666 tes
1901 5617 2005 5666 est.

1037 5767 1270 5830 VARIAS
1309 5773 1690 5841 LECTIONES
1730 5787 1818 5844 ET
1854 5789 2402 5853 CORRECTIONES.

87 5948 90 5952 ί
191 5922 242 5954 ⁸⁸
278 5920 685 6005 διαλαμϐάνειν.
775 5929 842 5962 ⁸ο·
875 5929 1012 5994 ὅλος.
