3872 6576
469 480 574 534 9.·Ιῖ

1254 470 1599 530 APPENDIX
1634 472 1726 526 AD
1746 470 1984 526 OPERA
2024 470 2081 528 S.
2128 469 2428 528 DIONYSII
2465 468 2951 531 ABEOPAGITA‘I.

3632 473 3732 528 273

546 594 710 669 1&3
752 594 781 667 §
820 592 1003 648 XVIII.
1048 591 1323 647 Desiderat
1364 592 1501 646 enim
1538 586 1743 659 ipsum:
1779 587 2048 655 Quoniam

2228 587 2256 659 ᾗ
2297 586 2483 643 XVIII.
2538 588 2797 658 Ἐφιέται
2829 586 2937 658 γὰρ
2966 583 3176 641 αὐτοῦ.
3214 583 3431 659 Ἐπειδή
3465 580 3612 652 εἶπε,
3645 588 3732 640 καὶ

474 691 615 745 dixit
655 705 758 743 non
795 704 886 742 ens
927 693 1180 758 appetere
1226 683 1521 755 aliquando
1558 681 1784 749 bonum,
1817 697 1882 736 ac
1918 681 2055 736 velle

480 783 534 835 in
568 781 688 851 ipso
716 794 858 842 esse,
889 777 1033 848 quod
1062 790 1229 847 supra
1259 788 1477 846 quoque
1513 775 1706 844 paucis
1750 779 1878 828 ante
1908 772 2053 828 foliis

480 875 655 943 ipsum
700 870 971 925 dicentem
1028 868 1302 938 reperies,
1354 866 1604 937 quamvis
1649 880 1719 921 ex
1767 864 2051 936 gentilium

479 964 815 1020 declararetu
826 979 851 1016 r
866 961 1137 1031 dogmatis
1157 979 1170 1014 :
1188 974 1385 1031 magna
1402 958 1667 1031 siquidem
1679 957 2053 1013 controversia

478 1066 563 1115 est
606 1059 746 1112 inter
772 1055 1001 1126 gentiles
1029 1061 1084 1108 et
1117 1051 1444 1106 Maniclmos
1485 1063 1754 1120 perversae
1792 1047 2055 1103 doctrinae

479 1155 777 1219 patronos;
807 1151 1024 1216 Oportet
1052 1141 1301 1213 pluribus
1330 1140 1625 1211 explicare,
1657 1140 1787 1211 quid
1814 1138 2055 1211 appelle-

480 1250 572 1296 tur
601 1255 703 1293 non
731 1255 844 1302 ens,
872 1245 927 1292 et
955 1251 1054 1290 cur
1078 1235 1226 1306 pium
1275 1248 1340 1289 ac
1382 1233 1754 1288 necessarium
1782 1231 1854 1287 sit
1882 1246 2050 1285 unum

480 1349 664 1390 rerum
707 1346 952 1388 asserere
998 1329 1350 1400 principium.
1402 1325 1605 1381 Sanum
1651 1336 1735 1382 est
1784 1325 1929 1381 enim
1978 1325 2052 1378 ita

483 1424 717 1491 sentire;
751 1438 876 1477 nam
906 1422 1041 1477 illud
1072 1421 1250 1493 ipsum
1281 1427 1365 1476 est
1407 1418 1578 1483 Deus,
1608 1416 2051 1489 quandoquidem

483 1519 531 1575 si
580 1518 798 1573 diversa
846 1516 957 1572 sint
1000 1514 1307 1585 principia,
1345 1510 1573 1566 infinita:
1623 1509 1847 1565 omnino
1891 1518 2055 1566 erunt

482 1608 868 1666 multitudinis.
910 1605 976 1661 "Si
1020 1607 1185 1678 igitur
1226 1603 1553 1676 principium
1601 1602 1822 1658 unicum
1875 1602 2051 1668 Deus,

484 1705 559 1757 ita
589 1701 735 1773 quod
776 1715 906 1756 vere
945 1706 1049 1764 est,
1091 1698 1255 1755 etiam
1302 1698 1481 1769 ipsum
1521 1694 1724 1748 bonum
1766 1703 1880 1762 est;
1915 1696 2055 1749 ratio

483 1804 665 1852 autem
713 1794 953 1849 inveniet
1010 1782 1324 1849 necessario
1373 1792 1538 1849 dictis
1602 1791 1909 1856 contraria;
1961 1790 2055 1845 ubi

478 1889 627 1943 enim
655 1885 1007 1958 principium,
1025 1884 1129 1940 erit
1151 1900 1368 1956 quoque
1396 1884 1709 1942 necessario
1725 1890 2050 1947 extremum,

2152 680 2213 733 τὸ
2245 678 2324 746 μὴ
2348 677 2422 733 ὃν
2443 678 2687 748 ἐφίεσθαί
2719 695 2836 742 πως
2859 676 2955 731 τοῦ
2981 675 3208 747 ἀγαθοῦ,
3237 677 3333 730 καὶ
3360 678 3420 731 ὲν
3442 676 3594 748 αὕτῷ
3627 676 3732 747 βού-

2155 770 2339 825 λεσθαι
2372 765 2533 834 εἶναι,
2567 770 2702 843 ὅπερ
2736 769 2830 823 καὶ
2881 770 2994 824 ἀνω
3022 768 3129 842 πρὸ
3161 768 3353 839 ὀλίγων
3383 768 3599 839 φύλλων
3647 770 3730 823 £6-

2158 862 2343 934 ρήσεις
2367 861 2528 916 αὐτὸν
2560 862 2807 931 λέγοντα,
2846 862 2896 914 εί
2946 862 3039 915 καὶ
3085 860 3143 927 ἐξ
3184 859 3510 930 Ἑλληνικῶν
3559 877 3731 932 σαφη-

2154 952 2359 1019 νίζεται
2390 955 2707 1025 δογμάτωψ
2744 954 2880 1026 πρὸς
2909 952 3018 1026 γάρ
3051 952 3316 1025 Ἕλληνας
3358 953 3595 1025 μάχεται
3633 952 3729 1023 μά-

2153 1046 2329 1111 λιστα,
2350 1046 2445 1101 καὶ
2466 1047 2797 1118 Μανιχαίονς
2821 1046 2947 1109 τοὺς
2967 1044 3061 1099 τοῦ
3087 1043 3259 1099 κακοῦ
3280 1044 3553 1117 δόγματος
3575 1062 3730 1117 προεη

2156 1140 2365 1205 στῶτας
2384 1156 2397 1172 ·
2425 1140 2507 1194 δεῖ
2556 1140 2889 1213 πλατύτερον
2921 1139 3287 1212 παραστῆσαι,
3327 1138 3381 1192 τί
3413 1138 3729 1211 ὀνομάζεται

2147 1232 2235 1302 μὴ
2267 1232 2359 1297 ὃν,
2394 1232 2487 1286 xui.
2535 1218 2629 1286 διά
2667 1231 2721 1286 τί
2769 1231 2897 1304 μίαν
2930 1231 3104 1304 ἀρχὴν
3146 1229 3256 1284 τῶν
3300 1230 3467 1285 ὄντων
3516 1229 3729 1293 εὐσεϐὲς

2154 1324 2247 1378 καὶ
2278 1323 2587 1393 ἐπάναγκες
2615 1319 2772 1378 εἶναι.
2808 1322 2983 1377 Τοῦτο
3013 1322 3122 1395 γὰρ
3155 1321 3307 1390 ὑγιές
3334 1323 3451 1376 ἐστι
3482 1324 3729 1392 φρονεῖν⁸

2155 1415 2269 1470 ἔστι
2297 1415 2406 1489 γάρ
2457 1414 2595 1489 αὕτη
2622 1418 2651 1470 6
2689 1416 2823 1482 Θεός
2845 1432 2858 1446 ⁸
2894 1416 2943 1469 εί
2976 1414 3084 1486 γὰρ
3128 1410 3239 1468 εἷεν
3271 1414 3436 1486 ἀρχαὶ
3469 1413 3728 1486 διάφοροι,

2154 1507 2372 1572 πάντως
2413 1507 2836 1580 ἀπειροπληθεῖς
2867 1508 3212 1580 φανήσονται.
3246 1506 3309 1559 Εί
3329 1502 3421 1560 οὖν
3452 1506 3599 1578 ἀρχὴ
3640 1508 3730 1576 μία

2153 1602 2182 1654 6
2209 1600 2360 1665 Θεὸς,
2393 1600 2536 1654 οὕτω
2566 1600 2662 1653 καλ¹
2704 1600 2766 1654 τὸ
2809 1600 2977 1663 ὅντως
3019 1590 3102 1665 δν,
3134 1599 3228 1652 καὶ
3258 1598 3389 1652 αὐτὸ
3419 1597 3487 1675 τὺ,
3510 1597 3726 1667 ἀγαθόν.

2154 1693 2389 1765 Εὑρήσει
2418 1692 2477 1746 δὲ
2507 1694 2536 1747 6
2579 1691 2735 1762 λόγος
2780 1692 2874 1746 καὶ
2913 1691 2984 1746 τά
3028 1691 3246 1746 ἐναντία
3279 1691 3387 1745 τῶν
3433 1690 3730 1761 εἰρημένων

2155 1786 2464 1856 ἀναγκαίως
2489 1804 2503 1817 ·
2528 1787 2654 1842 ἔνθα
2684 1786 2791 1858 γὰρ
2822 1787 2986 1860 ἀρχὴ,
3017 1786 3163 1840 ἔσται
3192 1784 3536 1848 πάντωςκαὶ
3572 1782 3729 1854 ἐσχα-

2154 1895 2244 1932 τον
2267 1895 2280 1908 ο
2308 1878 2404 1932 καὶ
2427 1879 2476 1932 εί
2502 1878 2647 1933 ἔστιν
2676 1878 2756 1944 δν,
2791 1878 2944 1933 ἔσται
2984 1878 3079 1933 καὶ
3123 1879 3198 1951 μὴ
3242 1879 3300 1932 δν
3324 1895 3338 1909 ·
3371 1879 3465 1931 καὶ
3495 1878 3545 1931 εί
3592 1876 3730 1930 ἐστιν

479 1973 597 2032 etsi
617 1976 689 2032 sit
715 1991 836 2040 ens,
867 1974 973 2030 erit
1001 1988 1216 2045 quoque
1255 1989 1365 2029 non
1406 1967 1535 2038 ens,‘
1560 1974 1607 2028 si
1648 1972 1812 2027 etiam
1866 1972 1937 2027 sit
1963 1972 2048 2027 bo-

2159 1968 2377 2037 ἀγαθὸν,
2405 1968 2556 2024 ἔσται
2585 1971 2678 2024 καὶ
2701 1970 2867 2025 κακόν
2883 2010 2896 2023 .
2950 1969 3073 2024 Λλλ’
3091 1970 3276 2042 ἐπειδὴ
3302 1968 3371 2023 τά
3398 1968 3531 2023 ὄντα
3558 1967 3729 2021 οὐσίαι

482 2082 637 2132 num,
668 2067 773 2123 erit
799 2081 1018 2137 quoque
1043 2066 1268 2121 malum.
1302 2062 1411 2120 Sed
1452 2065 1709 2136 quoniam
1750 2062 1896 2119 entia
1926 2071 2055 2118 sunt

484 2158 738 2214 essentiae
752 2164 806 2213 et
829 2157 1042 2222 formae,
1069 2172 1180 2211 non
1199 2171 1298 2212 ens
1322 2154 1553 2211 informe
1576 2162 1721 2211 esset
1746 2162 1800 2209 et
1814 2157 2054 2211 essentia

484 2258 717 2316 careret,
748 2250 965 2306 ratione
997 2250 1117 2307 sola
1161 2250 1551 2321 conceptibile;
1586 2248 1690 2305 hoc
1728 2248 1896 2321 igitur
1945 2263 2055 2301 non

482 2359 581 2398 cus
608 2349 663 2399 et
698 2342 949 2407 informe,
981 2341 1189 2412 antiqui
1235 2342 1505 2397 vocabant
1549 2339 1854 2402 materiam,
1891 2354 2052 2410 quam

482 2435 646 2488 etiam
697 2443 993 2490 extremam
1023 2430 1413 2489 deformitatem
1435 2430 1794 2502 appellabant.
1833 2430 2053 2484 Materia

480 2536 612 2576 vero
644 2520 846 2575 dicitur
874 2536 986 2575 non
1015 2536 1136 2585 ens,
1173 2537 1283 2575 non
1314 2521 1458 2592 quod
1508 2523 1732 2576 omnino
1777 2521 1913 2576 nihil
1958 2522 2049 2587 sit,

482 2614 578 2669 sed
607 2613 736 2685 quia
765 2628 873 2669 non
904 2620 1009 2676 est,
1045 2627 1229 2667 verum
1260 2612 1404 2668 enim
1448 2627 1548 2668 ens
1578 2610 1745 2675 Deus,
1789 2619 1844 2667 et
1872 2613 2052 2684 ipsum

483 2705 687 2761 bonum
715 2725 729 2761 :
759 2704 986 2761 materia
1011 2706 1155 2762 enim
1197 2705 1363 2761 etiam
1392 2720 1458 2761 ex
1504 2720 1615 2759 non
1640 2705 1859 2761 entibus
1889 2719 1920 2758 a
1945 2702 2056 2759 Deo

484 2795 749 2866 producta
777 2801 883 2861 est,
920 2794 1018 2851 sed
1048 2810 1158 2850 non
1188 2793 1332 2850 sicut
1356 2792 1522 2865 aliqui
1544 2792 1911 2864 opinabantur
1936 2791 2055 2846 sine

485 2888 662 2943 forma
700 2894 755 2943 et
801 2886 1000 2958 ﬁgura;
1036 2886 1272 2957 ideoque
1314 2884 1541 2941 materia
1583 2901 1693 2940 non
1742 2890 1825 2939 est
1852 2882 2056 2955 princi-

482 2981 632 3050 pium
677 2979 994 3044 sensilium,
1025 2978 1122 3035 sed
1168 2979 1350 3051 potius
1389 2977 1619 3034 dicenda
1665 2984 1749 3032 est
1790 2992 1951 3048 posse
1990 2990 2052 3031 ea

482 3072 775 3142 complere,
809 3085 873 3125 ac
899 3077 1202 3126 extremum
1238 3068 1369 3140 quid
1411 3068 1931 3139 fundamentumque
1957 3084 2056 3123 en-

482 3174 640 3219 tium.
672 3162 853 3230 Quare
881 3178 1057 3233 neque
1086 3161 1178 3218 Dei
1212 3162 1412 3233 imago,
1443 3168 1504 3215 ut
1538 3160 1850 3224 rationalia,
1877 3174 2055 3230 neque

483 3271 607 3311 vere
635 3256 779 3311 entis
810 3254 1164 3311 simulacrum
1201 3272 1215 3308 :
1249 3252 1453 3309 sensile
1484 3260 1665 3308 autem
1695 3251 2049 3309 simulacrum

2155 2058 2262 2112 εἰσὶ
2289 2059 2382 2113 καὶ
2410 2060 2547 2132 εἴδη,
2580 2061 2641 2114 τὸ
2674 2060 2747 2133 μὴ
2775 2060 2837 2115 δν
2865 2062 3100 2116 ἀνείδεον
3133 2061 3198 2116 ἂν
3229 2060 3314 2133 εἴη
3340 2060 3436 2125 κα),
3464 2059 3728 2123 ἀνούσιον,

2154 2148 2294 2221 λόγῳ
2329 2150 2473 2223 μόνῳ
2501 2150 2790 2224 θεωρητόν.
2824 2152 2898 2206 T6
2945 2153 3018 2226 μὴ
3051 2151 3111 2207 ὃν
3138 2147 3231 2207 οῦν
3267 2152 3425 2206 τοῦτο
3461 2152 3559 2205 καὶ
3590 2150 3729 2205 ἀνεί-

2153 2241 2272 2295 δεον
2293 2236 2427 2316 ὕλην
2451 2242 2712 2297 ἐκάλεσαν
2742 2246 2789 2298 οί
2822 2245 3060 2311 παλαιοὶ,
3082 2245 3152 2317 ἥν
3175 2246 3270 2300 καὶ
3299 2246 3525 2317 ἔσχατον
3550 2242 3731 2316 αἶσχος

2154 2332 2493 2404 ὀνομάζουσι.
2528 2334 2757 2405 Λέγεται
2786 2336 2843 2390 δὲ
2879 2337 2953 2411 μή
2994 2336 3052 2391 ὃν
3080 2339 3115 2410 ἡ
3146 2336 3268 2409 ὕλη,
3302 2338 3402 2410 οὐχ
3428 2338 3511 2391 ὅτι
3541 2354 3731 2391 παντε-

2154 2424 2262 2489 λῶς
2291 2426 2442 2479 οὐδέν
2471 2427 2638 2493 ἐστιν,
2663 2428 2776 2482 ἀλλ’
2806 2430 2888 2483 ὅτι
2924 2430 2997 2503 μή
3046 2432 3163 2484 ὲστι
3186 2447 3201 2462 '
3235 2430 3297 2484 τὸ
3329 2430 3441 2503 γὰρ
3478 2430 3650 2495 ὅντως
3674 2428 3729 2483 δν

2155 2516 2354 2582 δΘεὸς,
2388 2520 2480 2573 καὶ
2526 2519 2656 2574 αὐτὸ
2702 2521 2762 2575 τὸ
2798 2518 3036 2590 ἀγαθόν’
3089 2522 3367 2595 παρῆκται
3416 2522 3527 2593 γὰρ
3570 2524 3636 2575 ὲκ
3660 2520 3731 2592 μὴ

2154 2607 2321 2663 ὄντων
2350 2610 2456 2664 ὑπὸ
2484 2610 2578 2665 τοῦ
2625 2611 2761 2666 Θεοῦ
2813 2615 2906 2667 καὶ
2947 2616 2980 2686 ή
3014 2614 3112 2687 ὕλη
3138 2630 3153 2645 ·
3192 2613 3308 2668 ἀλλ’
3342 2615 3440 2685 οὐχ
3471 2613 3551 2677 ὥς
3595 2628 3733 2675 τινες

2156 2700 2424 2755 ὑπέλαϐον
2450 2704 2685 2768 ἀνείδεος
2712 2707 2806 2759 καὶ
2833 2707 3266 2778 ἀσχημάτιστοςιο
3294 2706 3417 2761 ὅθεν
3438 2706 3565 2760 οὐδὲ
3594 2705 3734 2778 ἀρχὴ

2154 2789 2263 2844 τῶν
2296 2792 2566 2866 αἰσθητῶν
2602 2797 2636 2868 ή
2680 2794 2802 2868 ὕλη,
2847 2797 2981 2852 ἀλλά
3046 2796 3243 2870 μᾶλλον
3303 2797 3734 2871 συμπληρωτικὴ

2153 2883 2379 2950 τούτων,
2417 2887 2512 2940 καὶ
2543 2886 2770 2959 ἔσχατόν
2797 2906 2850 2942 τι
2893 2890 2987 2943 καὶ
3031 2890 3353 2963 ὑποστάθμη
3399 2891 3511 2945 τῶν
3541 2891 3729 2945 ὄντων.

2154 2975 2245 3030 Διὸ
2270 2975 2393 3030 οὕτε
2418 2977 2581 3033 εἰκὼν
2609 2978 2767 3044 Θεοῦ,
2798 2980 2875 3045 ὡς
2901 2981 2972 3035 τά
2996 2981 3208 3052 λογικὰ,
3237 2982 3362 3036 οὕτε
3378 2981 3612 3036 εἴδωλον
3641 2979 3735 3035 τοῦ

2155 3064 2322 3134 ὅντως
2341 3070 2511 3135 ὄντος.
2545 3072 2658 3127 Καὶ
2695 3072 2757 3126 τὸ
2795 3073 3051 3146 αἰσθητὸν
3088 3075 3145 3129 δὲ
3194 3075 3407 3129 εἴδωλον
3438 3074 3533 3128 τοῦ
3567 3075 3734 3138 ὅντως

2155 3160 2346 3232 νοητοῦ
2392 3162 2617 3235 κόσμου,
2657 3164 2795 3238 ὅπερ
2825 3166 3102 3239 αἰσθητὸν,
3144 3169 3245 3222 οὐκ
3285 3169 3412 3224 ἄνευ
3460 3167 3561 3240 μὲν
3606 3166 3733 3239 ὕλης

2155 3253 2292 3318 ἐστὶ,
2329 3258 2574 3327 κρεῖττον
2602 3255 2659 3308 δὲ
2689 3257 2788 3327 τῆς
2819 3258 2969 3330 ὕλης,
3002 3259 3175 3324 εἴδους
3205 3260 3453 3315 ὁπωσοῦν
3488 3260 3730 3332 μετέχον.

482 3348 628 3403 illius
654 3347 899 3419 quivere
928 3345 1286 3417 intelligibilis
1308 3355 1392 3401 est
1429 3343 1797 3416 mundi,quod
1827 3342 2048 3407 sensile,

2155 3344 2417 3400 Οὐδέποτε
2449 3346 2541 3403 οὖν
2573 3328 2914 3422 δειχθήσεται
2943 3353 2976 3424 ή
3008 3351 3105 3425 ὕλη
3138 3350 3260 3423 δίχα
3306 3345 3401 3406 τοῦ
3433 3328 3734 3418 είδουςνκαὶ

480 3455 588 3494 μου
609 3440 727 3495 sine
742 3438 970 3493 materia
990 3445 1095 3506 est,
1115 3437 1466 3509 praestantius
1483 3447 1660 3492 autem
1681 3435 1930 3500 materia,
1950 3433 2048 3489 for-

2155 3436 2263 3491 τῶν
2298 3441 2617 3512 ποιοτήτων,
2644 3442 2845 3507 αἵτινές
2873 3445 3009 3497 εἰσιν
3042 3442 3183 3511 ἔξεις
3201 3460 3216 3475 ’
3251 3443 3381 3498 πότε
3405 3443 3517 3517 γὰρ
3544 3444 3733 3514 γέγονα

482 3547 625 3589 mam
688 3530 1086 3602 aliquantulum
1147 3530 1514 3601 participans;
1563 3545 1844 3600 nunquam
1893 3528 2048 3601 igitur

2155 3530 2213 3584 τὸ
2256 3532 2366 3607 πῦρ
2407 3535 2535 3589 ἄνευ
2579 3535 2936 3608 θερμότητος,
2981 3536 3015 3609 ἢ
3066 3535 3263 3608 φωτὸς,
3309 3536 3344 3608 ἢ
3395 3537 3492 3591 τοῦ
3541 3537 3733 3591 λευκοῦ

479 3622 798 3681 ostendetur
821 3623 1046 3678 materia
1063 3623 1272 3693 absque
1291 3621 1464 3677 forma
1481 3629 1535 3677 et
1550 3621 1912 3694 qualitatibus
1934 3636 2048 3691 quae

2155 3624 2252 3696 τῆς
2283 3629 2490 3698 χροιᾶς,
2526 3628 2646 3700 ἢτὸ
2684 3627 2827 3701 ὕδωρ
2854 3629 2982 3684 ἄνευ
3022 3627 3378 3701 ψυχρότητος,
3412 3629 3447 3701 ἢ
3498 3630 3735 3703 ὑγρότη-

480 3728 608 3787 sunt
630 3717 885 3784 habitus;
909 3716 1127 3787 quando
1159 3718 1304 3772 enim
1326 3718 1426 3773 fuit
1447 3719 1587 3789 ignis
1609 3718 1728 3773 sine
1749 3717 1929 3772 calore
1961 3726 2048 3774 aut

2156 3733 2267 3782 τος,
2291 3718 2323 3789 ἢ
2349 3719 2443 3773 τοῦ
2478 3720 2821 3785 κυανίζοντος
2856 3719 3190 3794 [χρώματος]
3211 3739 3227 3788 ;
3252 3722 3286 3792 ή
3315 3722 3386 3792 γῆ
3436 3723 3532 3776 καὶ
3562 3722 3591 3774 6
3624 3719 3735 3793 ἀὴρ

481 3811 706 3875 limine,
726 3819 821 3864 aut
843 3809 1079 3865 candido
1103 3810 1305 3875 colore,
1328 3812 1411 3867 vel
1435 3826 1577 3883 aqua
1596 3812 1714 3866 sine
1737 3809 1938 3885 frigore
1960 3820 2048 3868 aut

2158 3808 2387 3880 ὁμοίως.
2413 3811 2511 3865 Διά
2535 3811 2693 3865 τοῦτο
2718 3812 2813 3866 καὶ
2836 3812 2977 3884 λόγῳ
2996 3812 3276 3886 θεωρητὴν
3297 3807 3451 3867 εἶπον
3470 3815 3570 3887 τὴν
3598 3814 3739 3885 ὕλην

477 3903 823 3967 Immiditate,
842 3912 936 3958 aut
953 3903 1184 3959 caeruleo
1200 3904 1382 3960 colore
1396 3902 1600 3961 ?'I‘erra
1611 3912 1663 3960 et
1678 3919 1770 3960 aer
1780 3904 2051 3963 similiter.

475 3994 769 4067 Propterea
814 3996 977 4050 etiam
1023 3995 1136 4050 dixi
1178 3996 1459 4052 materiam
1508 3995 1724 4067 concipi
1775 3995 1843 4050 ab
1889 3995 2050 4052 intel-

476 4087 619 4142 lectu
665 4085 992 4149 informem,
1040 4092 1096 4141 et
1142 4086 1261 4143 sine
1308 4088 1572 4159 qualitate
1614 4102 1677 4142 ac
1724 4087 1895 4160 figura
1932 4105 1947 4143 :
1984 4104 2048 4143 ex

475 4194 585 4249 quo
615 4179 761 4233 enim
794 4178 1032 4233 visibilia
1084 4185 1138 4232 et
1182 4179 1483 4234 invisibilia
1536 4178 1795 4247 fuerunt,
1828 4195 1895 4235 ex
1936 4196 2047 4235 non

475 4270 695 4326 entibus
746 4270 954 4326 scilicet
1004 4287 1034 4324 a
1084 4268 1194 4326 Deo
1239 4271 1506 4341 producta
1551 4279 1701 4334 sunt,
1737 4286 1846 4325 non
1893 4274 2048 4343 prius

474 4363 703 4418 materia
757 4361 981 4416 informi
1030 4362 1383 4432 subjacente,
1416 4360 1611 4417 deinde
1653 4370 1867 4426 ornata,
1903 4362 2048 4419 sicut

474 4452 692 4507 divinus
737 4450 914 4507 Moses
960 4449 1136 4506 docet.
1182 4449 1368 4520 Itaque
1409 4450 1635 4505 materia
1682 4451 1738 4504 in
1783 4449 1895 4507 Deo
1938 4460 2043 4517 est,

473 4560 597 4599 cum
634 4544 701 4598 ab
741 4558 806 4598 eo
857 4542 1124 4613 producta
1177 4542 1381 4610 fuerit;
1418 4542 1512 4596 illo
1564 4550 1745 4597 autem
1797 4551 1857 4598 ut
1902 4543 2046 4601 bono

2151 3900 2406 3967 ἀνείδεον,
2441 3904 2536 3956 καὶ
2577 3902 2787 3971 ἄποιον,
2821 3904 2916 3959 καὶ
2948 3904 3351 3978 ἀσχημάτιστον
3374 3922 3390 3937 ’
3441 3905 3505 3971 ἐξ
3531 3900 3593 3960 οὗ
3618 3908 3737 3979 γὰρ

2149 3993 2220 4047 τὰ
2279 3993 2451 4066 δρατὰ
2512 3984 2606 4049 καὶ
2660 3995 2728 4050 τά
2791 3997 2995 4069 ἀόρατα
3047 3998 3287 4068 γέγονεν,
3322 3998 3387 4051 ὲκ
3432 3997 3508 4069 μὴ
3556 3996 3732 4054 ὄντων

2147 4085 2385 4157 δηλονότι
2439 4086 2545 4141 ὑπὸ
2564 4086 2699 4141 Θεοῦ
2729 4088 3006 4161 παρήχθη,
3036 4090 3097 4143 οὐ
3120 4090 3384 4163 πρότερον
3406 4088 3540 4161 ὕλης
3560 4089 3739 4161 ἀμόρ-

2150 4194 2250 4247 φου
2300 4179 2691 4252 ὑποκειμένης,
2740 4176 2857 4235 εἶτα
2916 4180 3302 4254 κοσμηθείσης,
3362 4182 3439 4246 ὡς
3490 4182 3738 4236 διδάσκει

2145 4270 2351 4342 Μωσῆς
2375 4273 2404 4325 6
2432 4270 2590 4336 θεῖος.
2633 4273 2721 4327 Ἑν
2747 4273 2846 4345 μὲν
2875 4269 2967 4328 οὖν
3009 4273 3088 4346 τῷ
3133 4273 3251 4347 Θεῷ
3294 4275 3464 4341 ἐστιν,
3492 4277 3585 4330 ᾶτε
3631 4276 3736 4330 καὶ

2149 4361 2241 4414 ὑπ’
2296 4363 2462 4418 αὐτοῦ
2502 4365 2845 4438 παραχθείςςα
2893 4366 2928 4438 ἠ
2983 4366 3081 4439 ὕλη
3105 4383 3120 4397 ·
3175 4367 3501 4440 ὑπερούσιος
3538 4368 3612 4431 δὲ,
3661 4368 3734 4422 τὰ

2147 4454 2326 4510 πάντα
2357 4458 2563 4512 ἐκείνου
2593 4459 2669 4523 ὼς
2691 4459 2894 4529 ἀγαθοῦ
2928 4459 3259 4531 συνέχοντος,
3296 4463 3496 4515 νοεῖται
3535 4464 3592 4515 ὲν
3623 4461 3735 4514 αὑ-

2146 4547 2241 4619 τῷ.
2273 4547 2457 4604 Ταῦτα
2484 4552 2734 4624 εὑρήσεις
2766 4554 2821 4605 ἐν
2854 4555 2966 4618 τοῖς
3003 4552 3417 4626 λεχθησομένοις
3455 4553 3733 4626 σποράδην

472 4635 656 4691 omnia
688 4634 1085 4705 complectente
1117 4634 1595 4704 superessentialis
1641 4634 1697 4688 in
1729 4635 1850 4705 ipso
1884 4636 2044 4692 intel-
2076 4669 2119 4724 ο
2148 4640 2458 4713 ὲγκείμενα.

472 4727 680 4798 ligitur.
717 4726 833 4781 haec
864 4725 1106 4795 reperies
1138 4722 1373 4794 sparsim
1406 4722 1652 4797 dicendis
1686 4723 1912 4780 inserta.

546 4818 704 4892 144
741 4816 1013 4886 Quomodo
1040 4815 1337 4871 daemonum
1368 4813 1542 4870 turba.
1601 4813 1868 4886 Deinceps
1899 4833 2044 4888 qua.

472 4913 680 4966 stiones
712 4909 937 4965 discutit
965 4908 1220 4973 dicendo,
1255 4908 1303 4964 si
1354 4907 1538 4962 omnia
1583 4923 1647 4964 ex
1680 4908 1845 4975 bono,
1894 4910 2041 4966 unde

472 5003 636 5065 mala,
657 5010 710 5056 et
742 4999 888 5056 unde
920 5001 1094 5071 angeli
1133 4998 1260 5054 facti
1286 5006 1413 5055 sunt
1435 5000 1744 5057 daemones?
1764 5001 1888 5058 Haec
1910 5014 2040 5059 sunt

467 5099 659 5147 contra
693 5090 1042 5148 Manichaeos.

539 5183 676 5239 Boni
699 5185 873 5254 {arma
901 5193 1065 5240 caret.
1102 5183 1269 5240 Recte
1285 5193 1339 5241 et
1359 5193 1614 5245 accurate
1632 5186 1814 5257 posuit
1845 5186 1899 5241 in
1934 5201 2035 5242 an-

466 5275 601 5344 gelis
632 5276 695 5329 τὸ
723 5275 1060 5345 ἀγαθπιδὲς;
1096 5275 1240 5331 Deus
1271 5277 1436 5341 enim,
1470 5278 1833 5334 essentialiter
1860 5278 2038 5349 ipsum

460 5367 666 5424 bonum
692 5368 985 5435 exsistens,
1020 5367 1140 5439 ipso
1173 5377 1351 5423 autem
1382 5369 1709 5440 posteriora,
1735 5379 1794 5423 ut
1823 5385 1890 5425 ex
1922 5384 2041 5441 par-

465 5459 784 5529 ticipatione
816 5471 870 5516 et
900 5461 1246 5516 extrinsecus
1277 5461 1403 5531 ejus
1434 5463 1675 5534 appetitu
1705 5462 1895 5518 effecta
1938 5462 2039 5517 bo—

2218 4822 2349 4888 Πῶς
2392 4823 2432 4891 ή
2486 4821 2760 4893 δαιμονία
2803 4826 3058 4895 πληθύς.
3115 4827 3315 4881 Λοιπὸν
3366 4826 3737 4900 προϐλήματα

2144 4913 2499 4985 διαγυμνάζει
2519 4913 2712 4984 λέγων,
2740 4915 2844 4982 ὅτι,
2867 4915 2918 4969 εί
2941 4916 3119 4970 πάντα
3148 4918 3213 4971 ὲκ
3238 4917 3331 4971 τοῦ
3363 4917 3591 4987 ἀγαθοῦ,
3621 4917 3733 4972 πό-

2145 5004 2236 5060 θεν
2262 5005 2331 5060 τά
2365 5005 2531 5071 κακά,
2569 5007 2662 5060 καὶ
2711 5006 2874 5061 πόθεν
2908 5007 3127 5079 ἄγγελοι
3162 5010 3408 5080 ἐγένοντο
3439 5009 3733 5082 δαίμονες;

2144 5097 2329 5152 Πάντα
2359 5099 2497 5154 κατά
2524 5099 2861 5170 Μανιχαίων.

2216 5187 2317 5262 [ﬁ].
2353 5193 2474 5246 Οὐκ
2507 5191 2680 5246 ἔστιν
2713 5191 3075 5261 ἀψθοειδές.
3106 5193 3303 5258 Καλῶς
3341 5194 3437 5248 καὶ
3482 5193 3740 5267 ἀκριϐῶς

2143 5281 2237 5335 ἐπὶ
2265 5281 2374 5336 τῶν
2400 5283 2646 5353 ἀγγέλων
2681 5284 2892 5338 τέθεικε
2936 5285 3001 5338 τὸ
3045 5286 3385 5355 ἀγαθοειδές·
3423 5289 3452 5340 6
3484 5287 3582 5359 μὲν
3611 5287 3737 5358 γάρ

2140 5374 2271 5438 Θεὸς
2299 5375 2571 5441 οὺσιωδῶς
2596 5376 2728 5430 αὐτὸ
2766 5377 2826 5430 τὸ
2855 5377 3057 5447 ἀγαθὸν
3081 5378 3178 5443 ὢν,
3207 5378 3277 5432 τά
3298 5378 3355 5432 δὲ
3392 5382 3509 5450 μετ’
3534 5379 3735 5444 αὑτὸν,

2139 5465 2215 5530 ὡς
2242 5469 2306 5521 ὲκ
2334 5469 2563 5541 μετοχῆς
2592 5470 2685 5522 καὶ
2712 5468 2906 5534 ἔξωθεν
2934 5470 3314 5542 ἀγαθυνόμενα
3356 5475 3435 5544 τῇ
3460 5472 3588 5544 περὶ
3622 5474 3738 5525 αὐ-

465 5565 557 5615 na,
592 5551 788 5608 merito
825 5553 1113 5623 ἀγαθοειδῆ
1163 5569 1258 5608 seu
1301 5554 1428 5609 boni
1460 5557 1698 5626 speciem
1743 5556 2034 5613 referentia

2155 5557 2228 5610 :6v
2268 5559 2470 5628 ἐφέσει,
2516 5560 2739 5625 εἰκότως
2791 5562 3080 5633 ἀγαθοειδῆ
3118 5562 3385 5632 λέγονται,
3419 5565 3535 5619 οὐκ
3559 5562 3743 5618 αὐτὸ·

464 5640 746 5710 dicuntur,
782 5659 907 5699 cum
939 5661 1048 5699 non
1081 5645 1191 5700 sint
1226 5662 1416 5718 reapse
1446 5649 1610 5704 bona.

538 5733 607 5789 Et
643 5737 902 5807 quomodo
942 5739 1127 5795 bonus.
1161 5739 1297 5795 Vide
1330 5741 1602 5810 quomodo
1634 5742 2035 5812 propositiones

466 5844 563 5897 per
596 5831 815 5886 modum
862 5832 1261 5903 disquisitionis
1303 5834 1596 5904 producat;
1628 5834 1913 5891 continent
1958 5836 2035 5890 si-

465 5921 683 5993 quidem
718 5916 1155 5981 adver'sariorum
1188 5926 1582 5997 oppositiones,
1608 5933 1667 5982 ut
1700 5925 2033 5982 Manichaeo-

2141 5667 2245 5722 χρη
2253 5667 2328 5720 μα
2359 5651 2556 5721 ἀγαθά.

2212 5740 2317 5814 [γ’].
2356 5743 2470 5796 Καὶ
2505 5743 2631 5810 πῶς
2675 5748 2707 5799 ό
2747 5746 2988 5821 ἀγαθός.
3019 5746 3160 5819 Ὅρα
3187 5746 3335 5811 ὅπως
3358 5748 3745 5821 προϐλήματα

2141 5833 2215 5896 ὡς
2232 5834 2288 5886 ὲν
2310 5833 2535 5908 ζητήσει
2556 5834 2813 5908 παράγει,
2841 5836 3032 5908 έχοντα
3060 5837 3160 5909 μὲν
3178 5838 3272 5892 καὶ
3291 5838 3462 5903 αὐτὰς
3485 5840 3582 5903 τὰς
3605 5840 3744 5896 τῶν

2142 5924 2350 5998 ἐχθρῶν
2404 5926 2701 5994 ἀντιθέσεις
2719 5967 2737 5996 ,
2785 5925 2895 5984 οἷον
2945 5929 3285 6001 Μανιχαίωνο
3349 5931 3617 6005 δηλούσας
3670 5933 3743 5988 δὲ
