3872 6542
167 373 256 429 273

823 367 882 424 S.
925 363 1171 421 MAXIMI
1211 362 1504 420 SCHOLIA
1543 363 1608 417 1N
1645 363 1710 416 LI

1817 361 1903 414 DE
1942 360 2196 418 DlVINIS
2232 358 2634 418 NOMINlBUS.

3311 366 3382 420 τι

164 495 290 562 ὅμως
313 487 395 541 τὸν
427 486 621 540 σκοπὸν
645 484 739 538 τοῦ
775 485 920 539 θείου
953 483 1144 538 τούτου
1183 483 1372 555 ἀνδρὸς
1403 483 1493 534 τὸν
1521 481 1697 554 ὀρθόν.

1816 494 1958 545 rum;
2003 478 2286 534 declarant
2333 487 2514 532 tamen
2569 492 2795 547 scopum
2844 475 3016 531 divini
3064 475 3229 548 hujus
3277 477 3390 534 viri

166 583 303 650 Λέγει
330 579 450 650 γὰρ,
484 580 546 631 ὲκ
578 577 722 641 τίνος
768 578 943 650 ἀρχῆς
978 575 1229 649 παρήχθη
1272 576 1332 628 τὸ
1367 575 1536 631 κακόν
1559 591 1572 604 ο
1615 575 1710 627 καὶ

165 677 205 728 εί
227 674 276 740 ἐξ
299 672 455 744 ἀλλης
474 673 669 735 αίτίας,
701 672 792 725 καὶ
810 673 910 725 ὅσα
931 670 1154 725 τοιαῦτα
1182 668 1290 723 τῶν
1320 667 1604 723 ἀντιδίκων
1632 669 1708 720 εί-

168 764 265 818 σίν·
309 759 417 818 εἶτα
462 763 664 824 λοιπὸν,
707 763 824 827 πῶς
867 767 897 818 6
941 763 1143 831 ἀγαθὸς
1187 763 1320 816 αὐτὸ
1367 763 1708 833 παραγαγεῖν

163 856 401 929 ἡδονλήθη
429 874 442 886 ·
476 856 591 919 πῶς
617 857 674 909 δὲ
704 857 798 910 καὶ
823 858 1047 929 προνοίᾳ
1077 858 1125 928 ⁸ίὶ
1151 857 1266 910 ἐστὶ
1309 854 1373 909 16
1403 855 1570 910 κακόν
1591 872 1605 885 ·
1644 856 1708 907 ὲκ

165 949 339 1003 τούτων
367 949 596 1011 δεικνὺς,
625 949 728 1012 ὃτι,
762 950 810 1002 εί
835 950 930 1003 καὶ
966 948 1102 1012 ὅλως
1131 947 1468 1018 παραγωγὴν
1496 945 1620 1015 ἔσχε
1647 945 1708 997 τὸ

164 1040 324 1103 κακὸν,
352 1042 414 1094 ὲκ
434 1040 526 1093 τοῦ
559 1039 764 1109 ἀγαθοῦ
795 1041 997 1111 ταύτην
1043 1033 1167 1111 ἔσχε
1191 1057 1205 1070 ·
1247 1039 1340 1092 καὶ⁵
1388 1039 1468 1092 ὃτι
1507 1037 1640 1108 μόνη
1674 1039 1706 1108 ἡ

162 1134 357 1204 πρόνοια
384 1133 572 1186 διοικεῖ
601 1133 662 1185 16
707 1133 845 1197 ὅλον,
887 1133 964 1195 ὡς
1005 1135 1070 1186 ὲκ
1101 1131 1292 1186 τούτου
1335 1131 1462 1202 μίαν
1496 1129 1708 1199 ἀγαθὴν

163 1224 308 1295 ἀρχὴν
331 1220 461 1276 εἶναι
488 1226 600 1287 τοῖς
623 1219 740 1277 οὖσι
767 1264 780 1277 .
817 1223 1001 1276 Ταῦτα
1025 1224 1118 1276 καὶ
1146 1223 1206 1277 ὲν
1240 1225 1352 1286 τοῖς
1392 1222 1598 1294 προδλή
1607 1238 1709 1292 μα-

166 1333 233 1369 σιν
257 1315 499 1386 ἐξήτασεν
538 1318 566 1368 ό
596 1316 738 1378 θεῖος
783 1308 938 1380 οὕτος
985 1316 1158 1386 ἀνήρ’
1202 1313 1554 1386 παρακατιὼν
1600 1313 1709 1384 γὰρ

164 1407 352 1461 ἀναλύει
381 1409 564 1477 σαφῶς
587 1409 656 1462 τά
683 1408 1064 1480 προϐλήματα,
1093 1408 1306 1471 δεικνὺς
1335 1407 1412 1471 ὡς
1438 1405 1560 1460 οὕτε
1592 1409 1710 1460 6w-

164 1498 393 1551 πόστατον
433 1499 494 1551 16
533 1498 723 1562 κακὸν,
753 1497 877 1551 οὕτε
913 1500 971 1551 ἐν
1003 1498 1189 1566 φύσειο
1227 1496 1362 1550 ἀλλά
1399 1496 1540 1551 κατὰ
1585 1497 1708 1550 στέ-

164 1607 294 1662 ρησιν
321 1591 409 1644 τοῦ
448 1590 652 1660 ἀγαθοῦ
678 1591 979 1661 γινόμενον,
1009 1589 1132 1644 οὕτε
1165 1590 1245 1653 ὃν,
1273 1588 1396 1643 οὕτε
1441 1591 1517 1653 ὼς
1545 1591 1621 1662 μὴ
1649 1590 1710 1643 ὃν

161 1679 488 1752 λογιζόμενον.
520 1682 631 1735 Καὶ
671 1680 830 1736 τοῦτο
873 1681 1204 1736 αἰνίττεσθαι
1231 1683 1277 1714 ⁸¹
1306 1682 1366 1734 16
1414 1683 1471 1734 ὲν
1509 1681 1709 1753 ψαλμῷ

1811 580 2019 625 rectum
2053 586 2206 637 esse;
2241 570 2374 625 dicit
2405 571 2574 634 enim,
2608 587 2675 625 ex
2723 585 2832 642 quo
2863 569 3138 642 principio
3170 572 3386 641 produ-

1807 674 1955 719 ctum
1989 665 2062 720 sit
2112 666 2346 730 malum;
2383 679 2447 718 ac
2492 671 2675 718 utrum
2724 680 2792 719 ex
2844 664 2950 718 alia
3004 679 3170 720 causa
3222 672 3392 736 atque

1807 759 1991 813 omnia
2024 767 2147 829 qua;
2170 757 2470 813 adversarii
2501 773 2623 813 esse
2650 758 2847 812 solent.
2879 758 3084 815 Deinde
3109 759 3391 830 quomodo

1808 852 1985 908 bonus
2018 853 2196 922 ipsum
2241 853 2443 906 malum
2477 853 2776 924 producere
2804 855 3074 918 voluerit,
3109 856 3394 925 quomodo

1806 949 1968 1002 ctiam
2006 945 2347 1018 providentia
2383 945 2459 998 sit:
2485 946 2710 1006 malum,
2746 944 3041 1002 ostendens
3070 962 3135 1001 ex
3182 948 3301 1011 his,
3337 948 3390 1002 si

1807 1041 2008 1094 malum
2053 1038 2280 1092 omnino
2322 1037 2648 1106 productum
2686 1038 2885 1103 fuerit,
2919 1054 2948 1092 a
2997 1041 3141 1095 bono
3177 1039 3382 1103 fuisse.

1807 1139 1971 1201 atque
2009 1132 2180 1186 solam
2226 1131 2622 1201 providentiam
2667 1131 2970 1200 gubernare
3020 1133 3293 1197 universa,
3327 1141 3388 1187 ut

1810 1223 1936 1277 hinc
1986 1233 2248 1294 sequatur
2288 1240 2455 1278 unum
2500 1222 2727 1288 bonum,
2775 1239 2898 1280 esse
2948 1240 3129 1280 rerum
3173 1225 3385 1296 princi-

1809 1317 1988 1386 pium;
2023 1316 2137 1370 haec
2193 1324 2372 1370 autem
2429 1316 2482 1370 in
2529 1316 2995 1386 propositionibus
3042 1318 3260 1373 divinus
3301 1319 3389 1373 vir

1807 1408 2173 1470 examinavit;
2219 1406 2575 1479 progrediens
2625 1407 2768 1462 enim
2820 1410 3146 1477 quaestiones
3195 1408 3388 1465 ordine

1809 1502 1992 1563 solvit,
2029 1499 2414 1555 demonstrans
2445 1500 2645 1552 malum
2683 1515 2860 1570 neque
2886 1500 3089 1555 habere
3117 1501 3384 1556 cxsistcn-

1809 1595 1961 1657 tiam,
2003 1608 2179 1664 neque
2225 1593 2282 1648 in
2329 1609 2512 1648 rerum
2552 1601 2747 1646 natura
2795 1595 3058 1664 reperiri;
3111 1594 3207 1650 sed
3258 1594 3387 1650 boni

1811 1687 2115 1756 privatione
2145 1685 2369 1748 factum,
2400 1700 2577 1755 neque
2625 1700 2743 1751 ens,
2775 1699 2956 1755 neque
2984 1693 3243 1758 tanquam
3277 1701 3388 1742 non

162 1773 430 1845 τριακοστῷ
455 1774 602 1845 ἕκτῳ
624 1776 742 1846 είρη
753 1775 939 1845 μένον·
976 1774 1156 1829 Εἶδον
1181 1777 1286 1828 τὸν
1306 1774 1496 1844 ἀσεϐῆ
1528 1778 1708 1844 ὑπερ-

1816 1796 1908 1836 ens
1963 1779 2174 1834 ratione
2221 1778 2465 1848 concipi,
2510 1784 2671 1848 atque
2707 1778 2809 1833 hoc
2833 1778 3100 1835 insinuari
3135 1779 3191 1835 in
3237 1781 3385 1852 psal-

164 1868 474 1936 ιεψούμενον
490 1869 573 1934 ὡς
604 1867 710 1934 τὰς
739 1867 992 1937 κέδρους
1016 1868 1121 1922 τοῦ
1139 1867 1416 1933 Λιϐάνου,
1443 1869 1542 1921 καὶ
1557 1882 1706 1937 παρ-

163 1955 340 2023 ῆλθον,
365 1960 458 2012 καί
493 1959 623 2013 ἰδοὺ
647 1963 758 2014 οὐκ
787 1961 888 2029 ἦν,
916 1961 1014 2015 καί
1041 1960 1300 2029 ἐζήτησα
1330 1962 1536 2026 αὑτὸν,
1555 1979 1708 2017 τουτ-

162 2050 256 2102 έστι
282 2052 365 2105 16v
389 2053 551 2106 τόπον
602 2053 788 2118 αὐτοῦ,
836 2053 936 2108 καὶ
960 2056 1075 2124 οὐχ
1122 2054 1332 2123 εὑρέθη
1356 2072 1369 2085 ·
1412 2056 1568 2109 τοῦτο
1598 2057 1708 2130 γάρ

161 2143 312 2213 δηλοῖ,
357 2145 434 2198 ὅτι
458 2145 520 2198 16
561 2146 811 2216 κακὸν,ἢ
853 2147 948 2201 καὶ
996 2147 1199 2218 σφόδρα
1242 2149 1546 2219 ἐπαίρεται,
1593 2149 1706 2204 ἀλλ’

161 2232 236 2290 οὖν
265 2240 354 2292 οὐκ
389 2238 555 2304 ἐστιν,
599 2238 721 2292 οὕτε
750 2238 1066 2309 καταλείψει
1103 2239 1266 2293 τόπον
1303 2239 1520 2302 ἑαυτοῦ,
1553 2258 1709 2294 τουτ-

163 2329 283 2384 έστιν
329 2333 498 2403 ἴχνοςο
549 2334 664 2404 ἅμα
710 2332 819 2404 γὰρ
864 2332 942 2404 τῷ
981 2333 1214 2404 φανῆναι
1258 2333 1583 2396 διαλέλυται,
1632 2335 1706 2406 μὴ

163 2420 266 2494 hau
295 2426 618 2479 ὑπόστασινο
658 2427 731 2498 μὴ
779 2423 872 2479 οὖν
918 2425 1211 2490 ὑπολάϐοις
1256 2427 1420 2480 αὐτὸν
1467 2427 1707 2481 ἐναντίον

163 2514 310 2584 λέγειν
329 2536 398 2572 τι.

222 2608 412 2679 ςΧΙΧ.
460 2611 529 2665 Τὸ
577 2611 763 2664 κακὲ-ν
811 2613 922 2665 οὐκ
956 2611 1130 2665 ἔστιν
1163 2611 1232 2664 ἐκ
1282 2612 1560 2682 τάγαθοῦ.
1605 2615 1708 2685 Ση-

166 2701 378 2769 μείωσαι,
415 2705 532 2769 πῶς
569 2704 886 2775 θαυμασίως
924 2703 1112 2756 πλέκει
1147 2705 1246 2776 τὴν
1292 2703 1444 2758 λύσιν
1482 2707 1547 2759 ὲκ
1592 2707 1708 2760 δια-

163 2795 312 2866 φόρων
336 2799 482 2869 ὲπιχε
491 2817 506 2850 ι
513 2817 583 2870 ρη
593 2800 796 2870 μάτων.

227 2887 282 2941 '0
313 2891 422 2944 τῶν
454 2891 649 2946 ὄντων
694 2893 945 2957 σκοπός.
977 2893 1086 2945 Καὶ
1133 2890 1243 2964 γὰρ
1273 2893 1302 2944 6
1334 2889 1703 2962 ὀργιζόμενος,

161 2979 257 3049 ἦτοι
294 2983 647 3057 θυμούμενος,
684 2985 779 3056 (ὡς
811 2987 868 3038 ὲν
903 2985 1261 3056 ὑποδείγματι
1290 2985 1346 3039 δὲ
1372 2988 1400 3038 6
1429 2984 1602 3054 λόγος,
1633 2985 1708 3049 ὡς

160 3072 317 3143 δοκεῖ,)
363 3078 528 3131 κακόν
569 3095 623 3130 τι
667 3077 945 3142 ποιοῦντος
985 3077 1080 3130 τοῦ
1128 3078 1263 3149 πρὸς
1314 3076 1372 3128 ὃν
1419 3075 1705 3146 θυμοῦται,

1739 1839 1780 1892 Β

1813 1887 1901 1926 mo
1933 1887 2118 1935 xxxvi,
2153 1872 2262 1927 55:
2309 1871 2428 1926 Vidi
2471 1873 2690 1940 impium
2741 1873 3188 1942 super-exaltatum
3250 1874 3388 1928 sicut

1810 1963 1994 2018 cedro:
2023 1961 2247 2017 Libani:
2269 1971 2318 2018 et
2356 1965 2595 2027 transivi,
2632 1972 2684 2018 et
2714 1981 2830 2020 ecce
2858 1983 2962 2020 non
2999 1976 3150 2029 erat;
3177 1975 3226 2021 et
3250 1983 3389 2038 qua!-

1809 2055 1909 2109 sivi
1934 2055 2107 2123 ipsum
2131 2096 2146 2122 ,
2179 2053 2232 2109 id
2264 2063 2346 2109 est
2380 2055 2559 2109 locum
2592 2056 2712 2126 ejus
2737 2097 2751 2120 ,
2802 2073 2960 2128 neque
2991 2057 3224 2112 inventus
3265 2067 3389 2121 est;

1811 2145 1915 2200 hoc
1941 2145 2084 2200 enim
2117 2144 2357 2200 declarat
2389 2146 2590 2200 malum
2622 2147 2726 2202 etsi
2752 2149 2908 2203 valde
2937 2149 3247 2216 extollatur,
3278 2166 3386 2205 non

1808 2244 1990 2292 tamen
2024 2252 2166 2303 esse,
2195 2253 2371 2308 neque
2399 2238 2576 2292 locum
2609 2255 2767 2294 suum
2794 2240 3202 2308 d'erelicturum,
3228 2241 3279 2298 id
3303 2251 3388 2299 est

1808 2329 2129 2400 vestigium:
2164 2330 2327 2385 simul
2353 2331 2496 2386 enim
2528 2346 2591 2385 ac
2622 2333 2893 2403 apparuit,
2921 2332 3247 2389 dissolutum
3279 2343 3386 2403 est,

1809 2437 1918 2475 non
1952 2419 2158 2478 habens
2191 2423 2636 2494 subsistentiam;
2683 2441 2859 2496 neque
2908 2427 3072 2498 igitur
3102 2427 3388 2485 arbitreris

1795 2512 1986 2584 ipsum
2026 2516 2365 2570 contrarium
2395 2518 2600 2587 aliquid
2634 2519 2836 2576 dicere.

1883 2605 1910 2678 §
1951 2604 2094 2662 XIX.
2137 2606 2344 2662 Malum
2382 2627 2485 2664 non
2512 2624 2589 2666 est
2631 2628 2695 2666 ea:
2745 2611 2898 2668 bona.
2933 2613 3202 2680 Adverte,
3252 2633 3390 2686 quo-

1809 2700 1972 2754 modo
2007 2699 2400 2758 admirabiliter
2433 2704 2758 2761 solutionem
2793 2721 2858 2761 ex
2889 2705 3053 2763 variis
3092 2715 3274 2764 nectat
3302 2725 3392 2763 ar-

1807 2795 2104 2862 gumentis.

1878 2883 2070 2938 Rerum
2100 2903 2305 2956 scapus.
2340 2887 2473 2942 ham
2502 2889 2531 2940 6
2558 2888 2909 2961 ὀργιζόμενος
2941 2907 3038 2949 seu
3072 2894 3167 2964 qui
3195 2894 3390 2950 irasci.

1811 2978 2210 3046 tur,(tanquam
2247 2993 2345 3048 pro
2375 2979 2620 3049 exemplo
2644 2979 2758 3035 haac
2789 2979 2940 3049 dicit,
2973 2990 3033 3037 ut
3062 2984 3389 3058 videtur,)eo

1811 3068 1867 3121 in
1900 3084 2060 3137 quem
2095 3069 2351 3125 irascitur
2384 3071 2604 3141 aliquod
2657 3073 2860 3126 malum
2908 3072 3168 3140 faciente,
3201 3077 3390 3132 volens

164 3167 273 3237 πρὸς
290 3170 344 3222 16
369 3171 609 3224 ἐναντίον
623 3170 809 3224 τοῦτον
830 3173 1160 3241 μεταγαγεῖν
1185 3169 1524 3241 βουλόμενος,
1552 3186 1708 3222 1001—

1816 3161 1988 3231 ipsum
2025 3162 2080 3216 in
2110 3163 2468 3228 contrarium,
2507 3163 2558 3218 id
2593 3171 2675 3220 est
2705 3165 2931 3231 bonum,
2954 3166 3260 3232 traducere,
3297 3168 3390 3222 tali

160 3258 252 3313 ἐστι
278 3262 332 3315 16
352 3263 576 3331 ἀγαθὸν,
607 3266 672 3334 τῇ
701 3264 925 3337 τοιαύτῃ
950 3266 1162 3336 κινήσει
1191 3263 1410 3334 χρῆται.

159 3383 162 3386 λ
215 3352 311 3406 Kal
345 3357 394 3409 εί
431 3357 504 3410 τὰ
551 3355 696 3410 ὄντα
737 3354 953 3414 πάντα.
999 3357 1250 3427 Ἕφημεν
1284 3354 1557 3425 ἀνωτέρω,
1593 3355 1640 3406 εἰ
1681 3357 1710 3407 6

159 3444 266 3510 856;
291 3449 622 3521 ὑπερουσίως
648 3448 722 3503 ὣν
750 3449 966 3518 λέγεται
993 3449 1068 3513 ὡς
1105 3449 1339 3520 ἄναρχος
1368 3447 1464 3502 καὶ
1491 3447 1710 3501 πάντων

159 3538 333 3606 αἴτιος,
378 3541 437 3595 16
482 3541 759 3596 ἀντίθετον
783 3584 797 3607 ,
843 3543 920 3603 ὡς
958 3541 1181 3611 ἔσχατον
1227 3540 1333 3593 τῶν
1372 3540 1570 3605 όντων,
1619 3541 1712 3592 καὶ

159 3629 391 3700 ἀεκούσιον,
418 3635 494 3698 ὡς
525 3633 851 3706 ὑπερουσίου
882 3633 975 3686 τοῦ
1023 3633 1180 3700 Θεοῦ,
1209 3633 1484 3686 τουτέστιν
1513 3634 1545 3702 ἡ
1586 3631 1708 3706 ὕλη,

162 3723 236 3775 καὶ
275 3727 341 3798 μὴ
380 3726 438 3779 ὃν
467 3703 710 3795 λέγεται,
742 3727 837 3790 καὶ
867 3727 941 3796 γὲν
986 3724 1106 3795 Θεῷ
1133 3724 1369 3792 λέγεται,
1406 3723 1472 3776 δι’
1508 3703 1710 3792 ἀγαθό-

159 3829 272 3883 τητα
300 3818 456 3872 αὐτοῦ
484 3818 752 3889 γενομένη
771 3857 786 3879 ,
823 3819 871 3870 εἰ
902 3817 995 3870 καὶ
1043 3815 1131 3869 διά
1159 3814 1254 3867 τοῦ
1297 3813 1557 3886 μεμίχθαι
1601 3817 1714 3878 τοῖς

161 3909 405 3981 αἰσθητοῖς
431 3913 493 3965 οὐ
544 3911 721 3981 πάντη
763 3910 954 3972 κακὸν,
996 3907 1120 3961 οὕτε
1170 3907 1346 3978 πάντη
1386 3906 1610 3976 ἀγαθὸν,
1639 3906 1714 3969 ὡς

1813 3255 1985 3309 utitur
2017 3257 2278 3312 motione.

1885 3345 1955 3399 Et
1987 3347 2034 3401 si
2063 3363 2145 3400 res
2175 3364 2372 3403 omnes.
2403 3347 2651 3403 Diximus
2677 3349 2950 3418 superius,
2983 3349 3139 3422 145
3169 3350 3216 3405 si
3249 3349 3392 3406 Deus

1811 3439 2343 3508 superessentialiter
2365 3456 2465 3495 ens
2495 3439 2719 3504 dicitur,
2759 3449 2817 3494 ut
2866 3446 2982 3497 sine
3014 3442 3305 3513 principio,
3340 3451 3394 3497 et

1811 3532 2054 3585 omnium
2084 3545 2272 3596 causa,
2294 3533 2626 3603 oppositum,
2652 3542 2710 3587 ut
2747 3543 3050 3589 extremum
3079 3535 3309 3600 enlium,
3339 3533 3403 3590 et

1813 3625 1932 3678 sine
1988 3619 2292 3679 substantia
2322 3666 2336 3689 ,
2377 3635 2564 3696 utpote
2636 3625 2746 3681 Deo
2796 3628 3239 3696 superessentiali
3299 3641 3395 3683 ex-

1813 3717 2064 3780 sistente,
2098 3717 2150 3770 id
2199 3725 2282 3772 est
2317 3718 2565 3784 materia,
2606 3729 2658 3774 et
2703 3734 2811 3774 non
2856 3735 2954 3776 ens
2984 3721 3205 3785 dicitur,
3248 3737 3312 3775 ac
3339 3720 3393 3776 in

1814 3808 1926 3862 Deo
1955 3808 2178 3875 dicitur,
2214 3826 2311 3880 per
2353 3811 2651 3866 bonitatem
2684 3813 2802 3882 ejus
2830 3824 3093 3878 creatum,
3129 3815 3231 3869 etsi
3263 3830 3394 3885 pro-

1816 3918 1935 3978 pter
1965 3909 2277 3964 mistionem
2313 3925 2436 3963 cum
2493 3911 2788 3966 sensilibus
2843 3926 2951 3964 non
3006 3925 3232 3979 prorsus
3278 3925 3394 3964 ma-

158 3999 282 4071 δηλοί
305 4004 388 4057 διά
429 4005 489 4058 16
518 4004 783 4058 ἄστατον·
821 4003 933 4073 ἔχει
985 4002 1083 4072 μὲν
1109 4001 1218 4072 γὰρ
1255 4001 1316 4053 16
1353 3999 1523 4053 κακὸν
1554 4001 1610 4051 ἐν
1637 3997 1710 4068 τῷ

1816 4003 1951 4066 lum,
1989 4017 2165 4072 neque
2221 4017 2447 4073 prorsus
2473 4003 2699 4066 bonum,
2748 4009 2807 4056 ut
2836 4002 3081 4058 declarat
3123 4001 3184 4055 16
3227 4002 3395 4056 ἄστα-

161 4093 366 4168 ἀστάτῳ,
400 4097 595 4168 μερίδα
635 4095 692 4148 δὲ
718 4095 811 4148 τοῦ
847 4093 1074 4163 ἀγαθοῦ,
1107 4092 1293 4162 ἐπειδὴ
1313 4092 1407 4144 καὶ
1438 4090 1543 4144 ὑπὸ
1579 4090 1710 4144 Θεοῦ

1816 4113 1932 4160 τον;
1971 4111 2093 4149 nam
2128 4096 2329 4149 malum
2367 4096 2421 4150 in
2457 4095 2814 4150 instabilitate
2861 4103 3070 4165 partem
3121 4095 3246 4149 boni
3297 4095 3396 4149 ha-

160 4191 406 4261 παρήχθη,
439 4193 533 4244 καὶ
566 4192 623 4243 ὲν
657 4189 776 4260 Θεῷ
822 4191 936 4241 ὲστι
961 4205 974 4217 ·
1015 4187 1316 4240 αὐτόκακον
1365 4184 1456 4257 (οὐ
1498 4183 1641 4252 λέγω
1679 4186 1710 4254 ή

1817 4190 1926 4252 bet,
1962 4189 2219 4260 quoniam
2253 4196 2306 4243 et
2341 4204 2369 4241 a
2405 4188 2513 4242 Deo
2543 4187 2866 4258 productum
2895 4195 2980 4243 est
3013 4197 3173 4260 atque
3202 4189 3255 4243 in
3286 4187 3396 4242 Deo

162 4281 320 4344 κακία,
345 4284 464 4352 ἥτις
486 4283 566 4345 ὡς
589 4279 726 4345 εἶδος
746 4281 840 4334 καὶ
869 4280 1095 4349 ποιότης
1110 4276 1394 4348 συμϐαίνει
1414 4275 1494 4346 τῷ
1515 4275 1710 4348 λογικῷ

1817 4289 1932 4348 est;
1972 4281 2115 4351 quod
2151 4292 2330 4336 autem
2364 4297 2461 4352 per
2494 4298 2552 4336 se
2607 4283 2806 4336 malum
2843 4281 2973 4353 (non
3008 4282 3134 4337 dico
3165 4283 3393 4348 malitia,

160 4375 236 4425 ul
260 4375 424 4428 ἀποσυ
435 4375 673 4447 μὸαίνει,
706 4374 817 4427 ἀλλ’
847 4374 978 4428 αὐτὸ
991 4373 1052 4426 16
1073 4371 1256 4435 ἁπλῶς
1277 4367 1485 4439 κακὸν),
1506 4368 1629 4421 οὕτε
1659 4370 1710 4422 ἐν

1820 4391 1940 4444 qua:
1991 4376 2158 4430 veluti
2212 4375 2386 4429 forma
2436 4381 2490 4430 et
2536 4375 2774 4446 qualitas
2827 4375 3080 4430 rationali
3134 4376 3290 4432 adest
3341 4385 3396 4430 et

159 4468 250 4528 τοῖς
287 4463 430 4520 οὖσίν
452 4472 592 4533 ἐστι,
630 4469 744 4530 τοῖς
768 4465 1017 4520 ὁπωσοῦν
1039 4465 1344 4535 ἐφιεμένοις
1361 4461 1455 4516 τοῦ
1487 4461 1710 4530 ἀγαθοῦ,

1821 4467 1996 4536 abest)
2032 4466 2128 4521 sed
2172 4467 2351 4536 ipsum
2402 4461 2726 4536 simpliciter
2779 4468 2985 4522 malum
3031 4483 3206 4538 neque
3257 4469 3399 4523 inter

161 4555 263 4610 οὕτε
281 4561 333 4612 ὲν
353 4565 463 4625 τοῖς
493 4562 570 4633 μὴ
595 4556 654 4613 οὗ
663 4577 765 4626 σιν,
784 4559 904 4613 ἀντὶ
920 4558 1013 4611 τοῦ
1031 4559 1220 4620 ἐντοῖς
1242 4556 1446 4618 ὕλικοῖς
1464 4555 1539 4618 ὡς
1560 4571 1710 4606 νοου-

1818 4559 1964 4612 entia
1997 4567 2081 4614 est
2121 4573 2240 4629 quae
2274 4559 2671 4629 aliquantulum
2718 4567 2978 4630 appetunt
3027 4561 3264 4624 bonum,
3302 4577 3396 4616 ne.

166 4650 320 4716 μένοις
338 4656 392 4706 ὲν
413 4653 491 4724 τῷ
521 4656 625 4706 ὑπε
635 4651 829 4723 ρουσίῳ
843 4667 856 4680 ⁸
887 4649 1021 4704 ἀλλά
1035 4648 1234 4703 καὶτοῦ
1263 4648 1335 4720 μὴ
1357 4647 1527 4713 ὄντος,
1545 4647 1573 4699 ὅ
1601 4648 1710 4700 ἐστι

1821 4666 1928 4721 que
1957 4651 2100 4704 inter
2132 4666 2239 4705 non
2273 4651 2442 4716 entia,
2476 4667 2575 4722 pro
2610 4653 2664 4707 in
2698 4651 3073 4708 materialibus
3108 4660 3165 4708 ut
3212 4653 3268 4709 in
3300 4669 3398 4709 su-

161 4741 243 4809 τῆς
277 4743 422 4816 ὕλης,
453 4746 516 4798 16
555 4743 726 4798 κακὸν
756 4742 916 4796 πλέον
946 4742 1222 4812 ἀφέστηκε
1250 4739 1345 4792 τοῦ
1365 4739 1590 4808 ἀγαθοῦ,
1624 4741 1710 4793 καὶ

1821 4743 2199 4812 peressentiali
2253 4743 2664 4815 intelliguntur;
2713 4745 2808 4800 sed
2861 4745 3025 4800 etiam
3073 4761 3183 4800 non
3216 4734 3403 4809 entis,

162 4832 283 4887 ἔστιν
327 4838 574 4891 ἐντεῦθεν
620 4836 843 4900 εἰκότως
890 4832 1281 4905 ἀνουσιὼτερον
1319 4833 1419 4903 τῆς
1464 4832 1614 4903 ὕλης,
1660 4833 1710 4886 τὲ

1822 4835 1965 4904 quod
1998 4844 2082 4890 cst
2113 4837 2370 4900 materiae,
2412 4837 2614 4890 malum
2651 4837 2772 4907 plus
2797 4837 2966 4893 distat
2995 4853 3027 4892 a
3055 4837 3220 4901 bono,
3249 4837 3397 4892 ideo-

161 4927 269 4980 αὖτο
294 4931 458 4984 κακὸν
481 4931 559 4993 ὼς
595 4929 771 5001 πάντη
822 4927 974 4981 οὐδὲν
1012 4927 1088 4979 ὃν.
1123 4927 1196 4979 T6
1241 4919 1333 4979 οὖν
1361 4923 1546 4986 ἀπλῶς
1571 4923 1710 4977 αὐτό

1821 4945 1925 4997 que
1961 4928 2139 4998 ipsum
2171 4943 2280 4982 non
2315 4945 2413 4984 ens
2449 4929 2642 4984 merito
2671 4928 3082 5001 ἀνουσιώτερον,
3119 4945 3213 4985 seu
3248 4936 3402 4983 caret

162 5034 306 5074 κακον
327 5023 538 5095 οὐδαμῆ
559 5023 810 5094 οὐδαμῶς
832 5039 844 5051 ο
881 5021 942 5074 16
963 5020 1020 5074 δὲ
1048 5020 1148 5090 τῆς
1177 5019 1308 5091 ὕλης
1339 5020 1459 5073 κατ’
1484 5017 1710 5088 ἔλλειψιν

1819 5021 2056 5076 essentia
2091 5023 2262 5092 magis
2296 5038 2458 5093 quam
2495 5022 2746 5085 materia,
2792 5031 2849 5075 ut
2884 5024 3107 5077 omnino
3137 5038 3244 5077 non
3271 5036 3390 5075 ens.

161 5112 245 5181 τῆς
273 5118 607 5190 ἀγαθότητος
629 5161 642 5183 ,
673 5116 808 5170 καθὸ
854 5116 948 5168 καὶ
977 5113 1300 5184 ἀναίσθητος
1342 5113 1437 5165 καὶ
1478 5111 1718 5174 ἀνείδεος

161 5205 327 5274 ὁρᾶται
347 5211 390 5240 ⁸³
414 5230 426 5242 ·
469 5210 590 5264 ὅθεν
620 5213 831 5280 νοήσεις
869 5209 960 5260 καὶ
988 5206 1048 5259 16
1072 5205 1444 5277 παράἌϐδὶου
1476 5203 1554 5275 τῷ
1584 5220 1720 5274 προ·

162 5303 287 5376 φήτη
315 5305 622 5376 εἰρημένον·
666 5301 774 5355 Καὶ
820 5301 1063 5355 ἔσονται
1105 5300 1186 5367 ὡς
1224 5298 1310 5369 μὴ
1361 5299 1549 5363 ὄντες,
1579 5296 1718 5368 πρὸς

1815 5112 1995 5181 Ipsum
2053 5114 2219 5182 igitur
2273 5113 2594 5182 simpliciter
2629 5115 2830 5169 malum
2885 5117 3035 5170 nullo
3085 5115 3249 5169 modo
3278 5124 3395 5175 est;

1816 5205 2015 5257 malum
2042 5213 2222 5258 autem
2276 5207 2518 5259 materia:
2557 5214 2641 5260 est
2675 5205 2890 5261 defectu
2926 5207 3217 5273 bonitatis,
3253 5207 3400 5262 sicut

1814 5290 1976 5349 etiam
2007 5312 2171 5351 sensu
2205 5305 2260 5351 et
2287 5296 2459 5351 forma
2507 5313 2701 5354 carens
2733 5299 2948 5354 videtur
2975 5319 2986 5354 :
3020 5299 3163 5354 unde
3196 5300 3397 5354 intelli-

1814 5405 1907 5458 ges
1941 5388 2076 5443 illud
2108 5389 2292 5444 Abdiaa
2327 5390 2606 5461 propheta:
2639 5391 2856 5446 ell‘atum
2890 5409 2942 5448 ν.
2993 5390 3059 5446 16
3093 5409 3109 5446 :
3150 5391 3214 5444 Et
3241 5402 3394 5447 erunt

1825 5490 2076 5551 tanquam
2133 5499 2234 5536 non
2292 5494 2480 5540 essent.
2555 5483 2824 5539 Nimirum
2883 5483 2952 5540 de
3013 5483 3394 5557 peccatoribus

1821 5575 1948 5643 agit.

163 5395 269 5460 τοὺς
290 5398 646 5470 ἁμαρτωλοὺς
674 5395 934 5466 δηλονότι.

1066 5735 1298 5791 VARle
1342 5733 1724 5790 LECTiONES
1762 5734 1848 5788 ET
1888 5735 2443 5795 CORRECTIONES.

254 5868 294 5899 ⁸¹
320 5872 572 5941 προνοίας
603 5872 797 5944 οὔσης.
895 5871 938 5902 ⁸³
974 5872 1286 5932 αἰνίττεται.
1363 5875 1410 5907 ⁸³
1445 5876 1753 5950 θεωρεῖταιυ
