3872 6534
435 358 542 416 973

1266 349 1605 405 ΑΡΡΕΝΒΙΧ
1635 348 1728 402 AD
1759 346 1989 406 OPERA
2027 345 2087 403 S.
2110 343 2410 403 DlONYSll
2431 343 2912 401 AREOPAGITE.

3571 339 3672 395 276

512 469 660 525 Unde
685 468 848 539 igitur
885 475 964 522 est
1009 465 1228 520 malum.
1260 462 1399 518 Hinc
1429 461 1828 533 oppositionem
1875 473 2002 530 pro-

2174 461 2365 514 Πόθεν
2409 459 2520 514 οὖν
2559 459 2692 514 ἐστι
2735 457 2801 512 τὸ
2845 457 3051 510 κακόν.
3099 455 3378 510 Ἐντεῦθεν
3410 455 3675 514 ἀντίθεσιν

438 579 667 638 ponens,
689 558 1146 631 oppugnationem
1187 556 1308 612 fuse
1347 562 1566 612 exercet
1593 561 1852 624 tanquam
1881 568 2007 622 pro-

437 655 605 712 babili
646 653 830 708 nixam
871 655 1235 719 argumento;
1270 648 1316 702 si
1350 648 1496 702 enim
1521 661 1630 702 non
1663 645 2007 700 concesseri-

436 761 560 801 mus
586 742 791 813 aliquid
812 755 935 796 esse
964 738 1195 809 pulchro
1216 738 1576 802 contrarium,
1608 736 1662 792 id
1682 744 1766 794 est
1782 736 2004 801 malum,

438 851 547 892 non
581 835 798 891 videtur
827 833 1034 888 bonum
1055 831 1254 894 virtus,
1291 828 1388 884 sed
1418 829 1720 899 permistim
1749 826 2007 885 indistin-

437 937 525 982 cta
555 933 716 980 erunt
744 923 950 988 omnia,
984 935 1160 990 neque
1187 919 1389 974 virtute
1414 918 1653 982 laudata,
1681 931 1856 988 neque
1879 930 2010 971 cono

439 1017 606 1072 trario
633 1015 988 1086 reprehenso,
1021 1013 1164 1069 sicut
1193 1027 1302 1066 non
1333 1011 1634 1066 exsistente
1667 1010 1801 1080 lege,
1833 1021 2011 1077 neque

438 1116 722 1180 peccatum
761 1107 865 1163 erit
897 1125 911 1159 :
945 1119 1092 1159 nunc
1127 1110 1309 1157 autem
1337 1117 1618 1173 Opponens
1665 1101 1742 1154 ait
1774 1119 1788 1154 :
1815 1099 1873 1154 Si
1898 1115 2008 1156 non

437 1201 753 1257 dederimus
791 1199 994 1253 malum
1043 1211 1167 1252 esse
1220 1195 1363 1260 bono
1405 1193 1766 1258 contrarium,
1806 1191 2010 1245 bonum

436 1293 541 1347 erit
579 1292 686 1348 sibi
727 1291 829 1360 ipsi
878 1287 1214 1344 contrarium
1263 1285 1319 1340 in
1364 1285 1434 1355 iis
1482 1283 1576 1354 qui
1624 1281 1839 1338 defectu
1881 1280 2011 1336 boni

438 1388 688 1451 peccant,
722 1379 830 1433 imo
860 1385 985 1432 ante
1012 1375 1381 1445 Operationem
1409 1374 1629 1434 virtutis
1660 1373 1767 1428 viri
1809 1372 2012 1430 virtute

439 1470 674 1540 praediti,
704 1469 1038 1523 advertimus
1065 1473 1286 1537 peccata
1316 1464 1372 1518 in
1408 1464 1590 1528 anima
1611 1463 1730 1533 ejus
1757 1476 1788 1515 a
1809 1462 2013 1522 virtute

437 1559 734 1629 distingui;
762 1557 980 1627 quando
1011 1557 1157 1616 enim
1189 1570 1316 1630 pars
1345 1555 1629 1610 rationalis
1653 1555 1869 1620 animae,
1894 1568 2013 1624 pro-

437 1653 558 1724 pria
585 1639 874 1721 operatur,
911 1664 942 1703 a
986 1649 1137 1704 nullo
1177 1650 1380 1703 bonum
1418 1647 1747 1718 impeditur;
1793 1645 2014 1716 quando

438 1759 567 1799 vero
594 1758 722 1814 pars
751 1741 1084 1796 irrationalis
1107 1741 1301 1809 animae
1325 1755 1446 1810 qua:
1478 1739 1740 1793 miscetur
1758 1737 1815 1792 in
1843 1744 2014 1801 mate-

439 1840 524 1892 ria
552 1845 606 1892 et
641 1851 892 1910 corpore,
928 1835 1241 1900 invaluerit,
1276 1843 1390 1887 tum
1431 1835 1716 1888 rationalis
1760 1833 2015 1904 prohibe-

439 1937 530 1983 tur
553 1929 772 1999 proprie
799 1926 1017 1999 operari
1046 1946 1060 1982 ;
1085 1941 1214 1996 ergo
1246 1925 1580 1981 irrationalis
1630 1941 1758 1997 pars
1801 1941 1868 1994 ex
1909 1925 2012 1978 mi-

444 2019 625 2074 stione
671 2034 796 2073 cum
829 2017 1057 2088 materia
1086 2015 1348 2086 inﬁcitur,
1399 2017 1684 2071 rationalis
1735 2030 1866 2071 vero
1905 2031 2014 2068 non

439 2110 586 2180 quod
620 2107 861 2163 materia:
890 2108 1332 2173 commisceatur,
1365 2107 1461 2163 sed
1487 2107 1616 2178 quia
1650 2107 1706 2160 in
1729 2105 2014 2162 materiam

440 2202 763 2272 propendet,
797 2202 852 2256 id
874 2210 957 2256 est
987 2200 1288 2255 irrationali
1320 2200 1484 2264 cedit,
1511 2213 1688 2269 neque
1717 2198 1891 2268 ipsam
1922 2212 2016 2252 co-

441 2292 611 2358 hibet,
636 2291 894 2362 inﬁcitur,
927 2307 1025 2346 seu
1053 2291 1194 2346 mala
1217 2290 1466 2358 elﬁcitur;
1486 2291 1628 2346 sicut
1655 2288 2015 2354 oculus,dutn

443 2395 572 2453 sunt
607 2385 864 2448 tenebraa,
903 2385 1223 2456 prohibetur
1271 2384 1484 2452 videre;
1516 2384 1620 2439 hoc
1657 2382 1816 2455 146
1851 2382 2018 2454 igitur

441 2492 552 2532 non
581 2478 947 2542 demonstrat,
979 2493 1108 2532 num
1131 2478 1276 2548 quod
1301 2484 1404 2540 est,
1433 2492 1529 2548 per
1565 2493 1624 2532 sc
1654 2477 1857 2530 malum
1886 2475 2012 2530 sub-

442 2573 623 2645 sistat.
657 2569 778 2624 Non
807 2570 956 2625 enim
997 2570 1144 2641 quod
1171 2569 1334 2628 alicui
1377 2568 1601 2632 malum,
1638 2568 1692 2622 id
1719 2575 1805 2623 est
1835 2583 1930 2638 per
1958 2581 2019 2622 se

443 2662 669 2738 malum,
704 2661 799 2717 sed
834 2661 996 2716 etiam
1027 2661 1235 2718 malitia
1259 2667 1342 2716 est
1369 2660 1580 2738 species
1601 2666 1654 2731 et
1677 2658 1932 2714 accidens
1953 2673 2018 2714 ex

445 2755 592 2809 malo
625 2770 640 2806 :
675 2754 994 2810 accessione
1021 2753 1166 2810 enim
1208 2753 1267 2809 iit
1303 2762 1362 2808 ut
1401 2737 1533 2808 illud
1570 2753 1654 2808 vel
1695 2752 1841 2808 istud
1883 2753 2018 2823 quid

441 2848 852 2904 constituatur:
893 2855 986 2912 ut,
1029 2847 1289 2922 iniquitas
1319 2846 1537 2918 quidem
1584 2845 1779 2920 anima:
1818 2855 1902 2902 est
1935 2845 2015 2900 vi-

445 2941 604 3018 tium,
637 2954 938 3015 rursusque
967 2939 1178 3009 species
1209 2938 1515 3009 iniquitatis
1549 2945 1678 2994 sunt
1717 2938 2017 2998 secundum

443 3031 728 3110 materiam
765 3031 1074 3102 appetitus;
1118 3032 1209 3086 ille
1237 3032 1382 3086 enim
1412 3030 1559 3086 circa
1603 3033 1889 3102 pecunias,
1929 3031 2021 3099 hie

2108 552 2399 624 προτιθεὶς,
2434 551 2679 614 πλατέως
2711 549 2974 621 γυμνάζει
3003 547 3101 620 τὴν
3134 548 3482 621 ύπόκρουσιν,
3518 547 3592 612 ὡς
3623 551 3675 615 ἐξ

2108 641 2500 712 εὐλογοφανοῦς
2546 641 2899 705 ἀντιθέσεως·
2947 643 2998 695 εί
3031 639 3142 713 γὰρ
3176 639 3249 712 μὴ
3291 640 3512 710 δοίημεν
3545 635 3676 693 εἷναί

2106 760 2158 794 τι
2185 739 2264 812 τῷ
2295 737 2444 809 καλῷ
2477 736 2740 801 ἐναντίον,
2771 735 3014 789 τουτέστι
3053 735 3114 788 τὸ
3147 733 3318 789 κακὸν
3340 776 3354 800 ,
3380 735 3481 788 ούκ
3512 734 3678 805 ὀφθή-

2110 851 2258 887 σεται
2287 832 2488 902 ἀγαθὸν
2513 834 2547 903 ή
2582 830 2749 903 ἀρετὴ
2768 869 2782 894 ,
2821 827 2935 883 ἀλλ’
2966 828 3169 899 ἀναμὶξ
3199 828 3486 900 ἀδιάκριτα
3532 827 3677 880 ἐσται

2108 927 2307 990 πάντα,
2341 924 2463 979 οῦτε
2492 925 2660 996 ἀρετῇ
2687 923 2733 955 ⁸⁸
2768 922 3183 992 ἐπαινουμένης,
3222 919 3344 974 οῦτε
3391 919 3488 973 τοῦ
3527 921 3676 973 ἐναν-

2108 1018 2222 1071 τίου
2253 1015 2454 1087 ψεκτοῦ
2475 1015 2644 1078 ὄντος·
2673 1014 2862 1084 ὥσπερ
2885 1013 2958 1084 μὴ
2979 1012 3128 1076 βντος
3151 1013 3336 1083 νόμου,
3359 1009 3483 1063 οῦτε
3506 1011 3677 1082 ἀμαρ-

2109 1112 2198 1164 τία
2229 1109 2398 1164 ἐσται.
2433 1108 2547 1162 Νῦν
2577 1108 2633 1161 δέ
2670 1124 2832 1177 φησιν
2866 1107 2894 1157 ὁ
2925 1105 3193 1169 ἀντιθεὶς,
3241 1107 3290 1157 εί
3340 1103 3414 1175 μὴ
3461 1102 3678 1173 δοίημεν

2111 1203 2280 1257 κακὸν
2326 1200 2566 1256 ἐναντίον
2619 1199 2697 1270 τῷ
2745 1197 2953 1268 ἀγαθῷ,
3002 1197 3150 1250 ἐσται
3204 1196 3332 1250 αὐτὸ
3357 1197 3434 1256 τὸ
3481 1195 3679 1264 ἀγαθὸν

2112 1293 2349 1349 ἐναντίον
2386 1290 2563 1362 ἐαυτῷ
2611 1293 2669 1344 ἐν
2721 1291 2834 1352 τοῖς
2881 1289 2999 1342 κατ’
3049 1286 3282 1357 ἔλλειψιν
3329 1286 3424 1340 τοῦ
3477 1285 3717 1355 ἀγαθοῦ,

2111 1384 2531 1458 ἁμαρτάνουσινο
2563 1381 2697 1437 ἀλλά
2728 1382 2823 1435 καὶ
2853 1381 2960 1452 πρὸ
2989 1381 3090 1452 τῆς
3117 1379 3399 1453 ἐνεργείας
3428 1381 3527 1453 τῆς
3551 1381 3678 1453 ἀρε-

2111 1477 2208 1546 τῆς
2239 1475 2331 1529 τοῦ
2363 1475 2618 1546 ἐναρέτου
2661 1472 2948 1545 ἀνθρώπου
2979 1471 3193 1545 ὁρῶμεν
3216 1474 3276 1525 ἐν
3307 1475 3372 1543 τῇ
3411 1471 3557 1542 ψυχῇ
3591 1472 3681 1522 αύ-

2110 1568 2204 1621 τοῦ
2234 1566 2653 1639 διακεκριμένας
2675 1565 2775 1635 τῆς
2810 1563 3009 1638 ἀρετῆς
3038 1563 3137 1626 τὰς
3169 1561 3385 1626 κακίας
3421 1563 3550 1615 ὅταν
3587 1560 3681 1630 μὲν

2112 1659 2220 1732 γὰρ
2249 1660 2311 1712 τὸ
2340 1658 2553 1727 λογικὸν
2592 1657 2756 1730 μέρος
2787 1655 2886 1726 τῆς
2913 1654 3091 1726 ψυχῆς
3137 1653 3208 1706 τά
3255 1655 3428 1706 οἰκεῖα
3462 1655 3678 1724 ἐνεργῇ,

2115 1755 2193 1816 εἰς
2223 1752 2373 1805 οὐδὲν
2403 1749 2510 1804 τῶν
2541 1747 2758 1817 ἀγαθῶν
2780 1747 3148 1818 ἐμποδίζεται·
3172 1745 3298 1798 ὅταν
3318 1745 3374 1798 δέ
3401 1743 3462 1796 τὸ
3493 1742 3681 1810 ἄλογον

2118 1843 2281 1916 μέρος
2319 1843 2419 1912 τῆς
2453 1840 2628 1912 ψυχῆς
2651 1881 2666 1904 ,
2713 1839 2849 1910 ὅπερ
2885 1837 3146 1909 μέμικται
3179 1833 3281 1906 ὕλῃ
3311 1833 3406 1888 καὶ
3450 1831 3680 1903 σώματι,

2115 1937 2408 2008 ἐπικρατῇ,
2428 1932 2548 1986 τότε
2581 1929 2926 2002 ἐμποδίζεται
2957 1929 3018 1982 τὸ
3044 1927 3258 1996 λογικὸν
3287 1923 3501 1988 οἰκείως
3531 1926 3685 1995 ἐνερ-

2114 2033 2250 2098 γεῖν.
2273 2026 2583 2086 Κακύνεται
2609 2019 2702 2077 οὖν
2731 2023 2794 2076 τὸ
2819 2021 3010 2090 ἄλογον
3040 2021 3104 2074 ἐκ
3127 2019 3228 2090 τῆς
3259 2016 3396 2089 πρὸς
3421 2015 3521 2087 τὴν
3557 2013 3686 2086 om

2116 2118 2414 2190 ἐπιμιξίας
2447 2117 2509 2170 τὸ
2531 2117 2588 2172 δὲ
2614 2114 2827 2184 λογικὸν
2859 2113 2918 2167 ού
2945 2111 3022 2184 τῷ
3051 2110 3311 2183 μεμίχθαι
3340 2111 3405 2180 τῇ
3440 2107 3561 2181 ὕλῃ,
3598 2107 3688 2161 ἀλ-

2115 2212 2182 2268 λὰ
2213 2211 2290 2282 τῷ
2317 2213 2492 2266 νεύειν
2549 2211 2627 2272 εἰς
2687 2206 2838 2278 ὕλην,
2895 2205 3140 2260 τουτέστι
3170 2189 3264 2274 ’τῷ
3309 2201 3570 2257 ἐνδιδόναι
3613 2199 3688 2270 τῷ

2116 2304 2313 2373 ἀλόγῳ,
2342 2303 2436 2356 καὶ
2466 2301 2541 2372 μὴ
2592 2301 2814 2371 κρατεῖν
2843 2295 3006 2352 αὐτοῦ
3028 2335 3042 2360 ,
3075 2297 3367 2349 κακύνεται
3386 2332 3402 2358 ,
3427 2293 3503 2356 ὡς
3530 2292 3683 2363 ϐμμα

2120 2397 2344 2458 σκότους
2373 2393 2543 2456 ὄντος,
2579 2391 2844 2450 κωλύεται
2875 2389 3030 2460 ὁρᾷνο
3063 2387 3126 2440 ού
3159 2386 3427 2440 δείκνυσιν
3455 2380 3549 2438 οὖν
3571 2384 3690 2437 τοῦ-ρ

2115 2507 2197 2552 το,
2223 2489 2272 2542 εί
2301 2487 2572 2557 ὑφέστηκε
2603 2484 2664 2538 τὺ
2683 2483 3000 2536 αύτόκακονο
3042 2479 3102 2534 οὐ
3135 2478 3243 2550 γὰρ
3272 2478 3332 2532 τό
3360 2495 3466 2536 τινι
3498 2477 3687 2541 κακὸν,

2117 2581 2264 2641 τοῦτ’
2284 2585 2397 2639 ἐστι
2426 2579 2487 2638 τὸ
2520 2575 2850 2638 αὐτόκακον,
2881 2571 3016 2628 ἀλλά
3047 2571 3143 2625 καὶ
3178 2570 3348 2629 κακία
3374 2569 3524 2622 ἐστὶν
3556 2564 3690 2631 εἶδος

2118 2668 2250 2727 οὖσα
2280 2671 2374 2726 καὶ
2406 2667 2750 2740 συμϐεϐηκὸς
2785 2663 2879 2720 τοῦ
2919 2663 3089 2719 κακοῦ
3111 2679 3128 2694 ο
3154 2665 3276 2726 ταῖς
3313 2660 3424 2733 γάρ
3452 2659 3688 2732 προσθή-

2120 2782 2246 2829 καις
2275 2763 2598 2818 καθίσταται
2655 2761 2735 2824 εῑς
2773 2759 2835 2812 τὸ
2878 2758 2998 2812 τόδε
3041 2774 3095 2811 τι
3140 2750 3317 2820 εἶναι,
3348 2747 3459 2807 οἷον
3509 2751 3690 2816 ἀδικία

2123 2857 2221 2928 μὲν
2253 2855 2430 2926 ψυχῆς
2483 2855 2602 2907 ἐστι
2650 2849 2920 2923 πονηρίαο
2954 2848 3048 2904 καὶ
3099 2848 3282 2912 πάλιν,
3323 2845 3425 2916 τῆς
3477 2843 3690 2905 ἀδικίας

2119 2950 2234 3021 εἴδη
2275 2947 2411 3020 πρὸς
2450 2945 2550 3018 τὴν
2583 2945 2682 3016 τῆς
2714 2941 2944 3014 ὀρέξεως
2979 2940 3144 3013 ὓλην⁹
3178 2941 3212 3012 ἡ
3255 2938 3353 3010 μὲν
3381 2936 3524 3009 γὰρ,
3565 2935 3691 3008 περὶ

2121 3042 2400 3112 χρήματα,
2431 3039 2465 3107 ἡ
2483 3036 2542 3090 δὲ
2562 3035 2691 3107 περὶ
2716 3032 2882 3104 τιμάς
2911 3032 3195 3103 συμϐαίνει
3221 3071 3235 3084 .
3269 3031 3484 3084 Γίνεται
3509 3029 3567 3084 δέ
3599 3027 3691 3081 καὶ

445 3136 627 3197 autem
658 3125 805 3180 circa
835 3125 1071 3180 honores
1115 3125 1348 3201 accidit;
1381 3125 1545 3194 hujus
1576 3140 1796 3196 quoque
1830 3139 2019 3180 acces-

2125 3130 2265 3200 κατὰ
2293 3127 2606 3201 προσθήκας
2636 3125 2751 3196 εἴδη
2778 3123 2962 3178 κακῶν
2986 3123 3082 3177 καὶ
3111 3122 3219 3177 ἀπὸ
3247 3121 3354 3174 τῶν
3389 3119 3576 3192 μερῶν
3596 3119 3694 3190 τῆς

447 3217 602 3272 sione
622 3215 834 3284 species
888 3216 1157 3269 malorum
1208 3216 1373 3269 etiam
1428 3230 1460 3269 a
1509 3216 1759 3285 partibus
1789 3216 2016 3283 animae;

448 3317 627 3364 metus
657 3298 876 3378 quidem
907 3314 960 3361 et
999 3308 1227 3364 audacia
1267 3308 1336 3364 ab
1361 3307 1623 3362 irascibili
1647 3348 1663 3372 .
1693 3310 2021 3378 intempera-

447 3399 526 3480 tio
555 3405 737 3453 autem
762 3407 816 3453 et
838 3398 1110 3472 stoliditas
1136 3415 1168 3454 a
1192 3399 1644 3468 concupiscibili;
1677 3398 1813 3455 ﬁunt
1839 3408 2021 3455 autem

449 3488 615 3553 etiam
664 3489 873 3560 species
924 3489 1192 3544 malorum
1240 3495 1307 3564 ab
1356 3491 1795 3561 operationibus;
1844 3499 2022 3546 metus

451 3580 596 3635 enim
632 3587 717 3635 est
745 3581 911 3636 veluti
942 3580 1188 3651 delectus
1211 3582 1577 3652 animositatis
1607 3583 1664 3638 in
1704 3582 2024 3654 aggredien-

452 3672 557 3738 do,
603 3673 833 3728 audacia
869 3689 1000 3741 vero
1045 3689 1308 3730 excessus
1338 3675 1704 3748 animositatis
1746 3675 1804 3730 in
1832 3690 2025 3746 aggre-

453 3765 674 3830 diendo,
713 3766 1131 3841 intemperantia
1166 3775 1349 3823 autem
1397 3768 1453 3822 in
1485 3768 1780 3843 patiendo;
1819 3769 2025 3824 clarum

451 3860 619 3940 igitur
647 3871 750 3925 est,
783 3861 1055 3932 quomodo
1089 3862 1144 3916 in
1186 3861 1366 3928 anima
1397 3861 1558 3916 etiam
1599 3870 1724 3916 ante
1752 3861 2027 3931 operatio-

453 3967 552 4007 nes
601 3959 823 4022 peccata
875 3953 1287 4023 distinguantur
1337 3967 1370 4007 a
1422 3951 1738 4018 virtutibus,
1787 3952 1841 4007 in
1875 3960 2028 4023 parte

453 4027 704 4095 rationali
730 4049 784 4096 et
805 4041 1109 4096 irrationali
1141 4041 1354 4094 animae.
1385 4037 1510 4094 Haec
1540 4047 1720 4096 autem
1743 4055 1864 4111 quae
1899 4045 2027 4093 sunt

455 4134 788 4189 irrationalis
819 4134 981 4188 aliam
1006 4134 1177 4203 legem
1215 4135 1372 4189 nobis
1398 4133 1696 4190 ostendunt
1725 4133 1895 4189 menti
1931 4131 2028 4185 ad-

455 4233 786 4289 versantem,
809 4227 952 4282 sicut
974 4227 1108 4281 dicit
1137 4227 1431 4296 Apostolus
1449 4224 1468 4263 ί
1479 4243 1494 4292 ;
1523 4233 1577 4280 et
1597 4225 1700 4280 nisi
1721 4238 2030 4295 compesca:

456 4325 566 4394 tur,
591 4315 912 4370 rationalem
946 4316 1336 4386 captivantem,
1369 4321 1428 4368 ut
1460 4313 1824 4370 ostendimus.

526 4408 571 4460 Α
603 4408 824 4462 ratione.
848 4405 976 4471 Pro,
1012 4422 1136 4462 cum
1161 4405 1411 4462 rationali
1447 4414 1598 4476 parte
1622 4405 1834 4484 animae.

529 4606 670 4662 Etsi
696 4608 961 4674 corruptio
993 4623 1166 4660 rerum
1206 4609 1297 4676 sit.
1327 4605 1453 4669 Pro,
1477 4606 1524 4662 si
1567 4605 1622 4658 in
1651 4605 1814 4666 rebus
1850 4621 2028 4676 ipsum

459 4698 736 4768 corrumpi
767 4705 1047 4767 cernatur,
1080 4713 1176 4752 seu
1207 4697 1254 4752 si
1277 4697 1459 4766 aliqua
1490 4697 1697 4752 entium
1723 4699 2030 4769 corruptio-

458 4794 517 4847 ni
551 4790 894 4860 subjaceant,
935 4805 1000 4845 ex
1031 4790 1134 4844 hoc
1165 4789 1474 4845 ostenditur
1502 4790 1648 4859 quod
1679 4791 1880 4844 malum
1911 4792 1986 4860 sit
2012 4811 2026 4846 :

459 4882 596 4939 illud
624 4883 765 4937 enim
798 4898 901 4935 non
925 4882 1067 4951 ejicit
1093 4881 1196 4941 hoc
1219 4881 1510 4952 signiﬁcat.

529 4977 612 5030 An
660 4993 762 5030 non
807 4976 1121 5044 frequenter.
1167 4975 1290 5030 Haec
1323 4975 1502 5030 adhuc
1539 4976 1606 5030 ad
1630 4977 2030 5050 oppositionem

461 5071 755 5140 pertinent,
787 5070 1046 5124 nimirum
1075 5070 1258 5140 potius
1284 5077 1338 5122 et
1379 5067 1433 5123 in
1464 5071 1628 5124 rebus
1673 5077 1758 5125 est
1791 5085 1856 5123 ac
1883 5071 2033 5130 835i?

460 5166 558 5218 stit
595 5165 828 5230 malum;
859 5163 963 5217 etsi
989 5162 1136 5216 enim
1167 5163 1370 5222 malum
1401 5162 1471 5217 sit
1510 5177 1692 5217 rerum
1728 5163 2029 5233 corruptio,

463 5255 559 5308 sed
597 5269 708 5308 non
739 5263 923 5308 tamen
953 5259 1038 5309 est
1084 5251 1199 5322 ipsa
1246 5251 1550 5322 corruptio,
1595 5250 1745 5325 aliud
1773 5264 1857 5321 est
1885 5254 2032 5323 quod

467 5346 532 5399 ad
577 5347 980 5416 generationem
1026 5344 1213 5409 ducit,
1244 5329 1424 5401 veluti
1455 5359 1617 5406 ovum
1659 5347 2033 5417 corrumpitur

469 5438 705 5509 quidem,
751 5439 847 5495 sed
893 5437 1450 5512 transsubstantiatur
1495 5439 1550 5494 in
1580 5453 1756 5509 avem,
1811 5447 1864 5510 et
1906 5438 2031 5508 faba

549 5568 568 5606 ί
603 5566 760 5621 Rom.
786 5582 883 5630 vn,
915 5565 1004 5619 25.

2066 4491 2160 4548 Dn

2123 3225 2330 3296 ψυχῆς·
2377 3220 2548 3289 δειλία
2580 3219 2678 3291 μὲν
2708 3217 2841 3291 γὰρ.
2870 3217 2904 3288 ἢ
2938 3213 3210 3287 θρασύτης
3249 3212 3357 3267 ἀπὸ
3401 3211 3497 3266 τοῦ
3540 3211 3696 3282 θυμι-

2123 3315 2220 3380 κοῦ
2243 3355 2258 3381 ,
2308 3310 2570 3368 ἀκολασία
2608 3308 2666 3380 δέ
2713 3304 2748 3374 ἢ
2779 3305 3052 3378 ἠλιθιότης
3082 3303 3191 3357 ἀπὸ
3239 3303 3333 3357 τοῦ
3369 3299 3694 3373 ἐπιθυμητι-

2124 3409 2243 3464 κοῦ.
2270 3407 2486 3472 Γίνεται
2515 3405 2571 3458 δέ
2589 3405 2682 3458 καὶ
2702 3403 2810 3460 ἀπὸ
2832 3401 2941 3458 τῶν
2970 3398 3260 3472 ἐνεργειῶν
3285 3397 3402 3469 εῐδη
3427 3396 3637 3452 κακῶνσ
3662 3399 3695 3468 ὴ

2127 3501 2224 3571 μὲν
2253 3498 2362 3570 γὰρ
2386 3479 2555 3554 δειλίά
2585 3490 2695 3554 οἷον
2727 3495 2858 3566 περὶ
2877 3494 2940 3547 τὸ
2961 3494 3136 3565 ὁρμᾷν
3169 3493 3319 3545 ἐστιν
3357 3489 3594 3559 ἔλλειψις
3618 3489 3692 3520 “-

2125 3596 2158 3672 η
2191 3593 2248 3646 δέ
2281 3590 2553 3662 θρασύτης
2579 3589 2708 3660 περὶ
2737 3587 2798 3640 τὸ
2827 3587 3004 3658 ὀρμᾷν
3051 3583 3321 3672 ὑπερϐολή
3345 3599 3359 3613 ·
3399 3585 3432 3654 ἡ
3478 3581 3535 3635 δὲ
3569 3582 3697 3636 ἀκο-

2125 3671 2306 3749 λασία,
2343 3684 2472 3754 περὶ
2513 3681 2575 3736 τὸ
2618 3680 2870 3749 πάσχειν.
2919 3678 3096 3748 Σαφὲς
3128 3671 3220 3730 οὖν
3251 3675 3464 3750 γέγονε,
3500 3673 3620 3736 πῶς
3645 3673 3699 3726 ἐν

2126 3779 2269 3850 ψυχῇ
2301 3778 2396 3841 καὶ
2428 3775 2535 3847 πρὸ
2562 3771 2840 3844 ἐνεργείας
2867 3770 3207 3842 διακέκριται
3235 3770 3306 3822 τά
3332 3765 3481 3821 κακά
3509 3767 3576 3820 ἐκ
3591 3763 3699 3818 τῶν

2127 3871 2342 3943 ἀρετῶν
2361 3908 2377 3933 ,
2403 3867 2494 3944 διά
2525 3865 2618 3919 τοῦ
2664 3865 2857 3934 ἀλόγου
2888 3863 2984 3917 καὶ
3012 3861 3105 3915 τοῦ
3134 3859 3350 3931 λογικοῦ
3393 3859 3576 3934 μερῶν
3619 3859 3701 3914 ὃν·

2127 3979 2234 4018 των
2262 3961 2361 4032 τῆς
2399 3959 2598 4030 ψυχῆς.
2629 3956 2813 4011 Ταῦτα
2844 3955 2901 4008 δὲ
2941 3953 3011 4008 τὰ
3044 3953 3138 4006 τοῦ
3171 3953 3365 4023 ἀλόγου
3395 3953 3584 4022 ἕτερον
3620 3950 3702 4003 νό-

2133 4073 2229 4128 μον
2272 4053 2541 4117 δείκνυσιν
2583 4051 2728 4120 ’ἡμῖν
2776 4045 3325 4118 ἀντιστρατευόμενον
3366 4043 3444 4114 τῷ
3477 4043 3594 4113 νῷ,
3627 4041 3701 4103 ὥς

2129 4164 2292 4219 φησιν
2329 4148 2358 4200 ὁ
2390 4140 2729 4204 Ἀπόστολος,
2763 4139 2858 4192 καὶ
2901 4138 2958 4190 ἐν
3000 4136 3078 4207 τῷ
3113 4136 3189 4207 μὴ
3230 4133 3549 4206 κρατεῖσθαι
3583 4135 3702 4204 αἰχ-

2133 4237 2508 4309 μαλωτεύοντα
2536 4233 2599 4303 τὸ
2622 4231 2858 4298 λογικὸν,
2887 4230 2964 4293 ὼς
2990 4226 3370 4298 ἀπεδείξαμεν.

2641 4317 2666 4346 Ι

2202 4420 2358 4489 Πρὸς
2389 4417 2495 4470 τὸν
2525 4415 2728 4483 λόγον.
2781 4409 2928 4487 Ἀντί
2955 4407 3069 4472 τοῦ,
3104 4405 3241 4477 πρὸς
3271 4404 3332 4457 τὸ
3363 4401 3580 4472 λογικὸν
3610 4401 3707 4473 τῆς

2133 4513 2309 4584 ψυχῆς
2341 4511 2522 4581 μέρος·
2884 4547 2891 4553 -

2208 4602 2319 4658 Καὶ
2351 4605 2404 4655 εὶ
2433 4598 2624 4670 φθορά
2653 4598 2783 4651 ἐστι
2817 4595 2936 4648 τῶν
2969 4593 3177 4649 ὄντων.
3225 4589 3370 4643 Ἀντὶ
3409 4586 3528 4652 τοῦ,
3563 4588 3614 4638 εί
3651 4587 3708 4637 ἐν

2132 4701 2246 4762 τοῖς
2275 4691 2393 4749 οὖσι
2420 4693 2480 4745 τὸ
2513 4687 2824 4762 φθείρεσθαι
2849 4688 3061 4757 ὁρᾶται,
3083 4685 3250 4756 ἠγουν
3279 4679 3331 4737 εί
3347 4697 3470 4733 τινα
3497 4677 3607 4732 τῶν
3624 4677 3709 4730 δν-

2130 4763 2239 4850 των
2274 4788 2556 4841 ὑπόκειται
2583 4783 2778 4854 φθορᾷ,
2803 4782 2868 4833 ἐκ
2894 4779 3084 4833 τούτου
3112 4775 3383 4846 δείκνυται
3410 4771 3472 4825 τὸ
3491 4765 3710 4824 εἶναιτὸ

2133 4882 2319 4940 κακόν
2347 4879 2408 4932 τὸ
2428 4877 2537 4950 γὰρ
2557 4877 2669 4929 οὐκ
2697 4871 2973 4927 ἐκϐάλλει
3003 4868 3158 4922 τοῦτο
3185 4866 3352 4937 δηλοῖ.

2208 4976 2287 5027 Ἦ
2315 4970 2452 5040 οὐχὶ
2482 4965 2798 5031 πολλάκις.
2837 4964 2958 5041 Ἔτι
2994 4963 3094 5032 τῆς
3119 4956 3444 5021 ἀντιθέσεώς
3479 4956 3589 5009 είσι
3619 4956 3712 5008 καὶ

2135 5065 2309 5120 ταῦτα
2328 5102 2343 5128 ,
2373 5063 2456 5115 ὅτι
2485 5059 2682 5132 μᾶλλον
2713 5058 2807 5112 καὶ
2838 5057 2895 5109 ἐν
2927 5057 3036 5117 τοῖς
3067 5048 3218 5107 οὖσίν
3251 5052 3367 5117 ἐστι
3393 5088 3408 5115 ,
3440 5049 3538 5103 καὶ
3560 5049 3622 5102 ὃν
3651 5047 3712 5099 τὸ

2134 5157 2304 5212 κακόν
2330 5173 2344 5186 ο
2374 5155 2476 5230 κάν
2503 5153 2612 5226 γὰρ
2631 5151 2692 5204 τὸ
2715 5148 2880 5206 κακὸν
2914 5145 3090 5218 φθορά
3120 5137 3236 5219 ἐστι
3254 5143 3360 5199 τῶν
3391 5142 3580 5208 ὄντων,
3598 5137 3710 5192 ἀλλ’

2134 5248 2228 5306 οὖν
2259 5252 2294 5321 ἡ
2325 5246 2501 5320 φθορὰ
2531 5244 2692 5314 α’ύτη,
2722 5241 2910 5314 ἕτερον
2943 5239 3054 5292 ἐσθ’
3087 5238 3176 5291 ὅτε
3214 5238 3294 5302 εἰς
3320 5234 3536 5303 γένεσιν
3563 5233 3708 5303 ἀγει,

2136 5342 2247 5397 οἷον
2277 5341 2339 5394 τὸ
2385 5340 2490 5394 ὠὸν
2534 5336 2814 5406 φθείρεται
2850 5333 2968 5404 μὲν,
3004 5325 3500 5403 μεταστοιχειοῦται
3542 5323 3601 5377 δὲ
3633 5323 3713 5386 εἰς

2138 5435 2337 5507 πτηνόν
2355 5451 2368 5464 ·
2405 5431 2498 5486 καὶ
2525 5433 2554 5484 ὁ
2581 5427 2792 5497 κύαμος
2814 5426 2891 5490 δέ,
2914 5420 3412 5494 καταμασσόμενος,
3441 5417 3535 5472 καὶ
3567 5417 3626 5480 ἐν
3644 5416 3709 5486 τῇ

1381 5654 1618 5709 VARUE
1659 5651 2042 5709 LECTIONES
2081 5652 2168 5707 ET
2201 5647 2750 5707 CORRECTIONES.

535 5799 574 5843 ⁵⁸
609 5799 829 5872 ἀρετῆς.

942 5799 1039 5872 “1i.-
1077 5799 1173 5873 μὲν
1201 5797 1308 5871 γὰρ
1341 5797 1651 5870 ἀφροσύνη,
1684 5790 1795 5851 οἷον
1824 5797 1947 5871 περὶ
1983 5795 2045 5849 τὸ
2074 5797 2205 5884 ὁράν
2231 5795 2438 5865 γίνεται
2477 5784 2586 5842 ἐλλ·
