3872 6590
201 375 314 430 277

909 374 968 431 S.
1011 374 1256 430 MAXIM]
1299 373 1591 432 SCHOLIA
1628 376 1692 430 IN
1735 377 1861 433 ΗΒ.
1907 377 1992 431 DE
2033 378 2282 435 DIVINIS
2318 381 2715 440 NOMINIBUS.

3364 390 3470 446 278

197 495 277 564 τῇ
315 487 710 566 κρυπτόμενος,
738 492 1272 564 μετασχηματίζεται
1316 495 1398 557 εἰς
1429 493 1668 565 ὲμϐρύου
1713 489 1773 546 εἷ-

1897 511 2018 564 quie
2043 497 2314 568 subigitur
2341 514 2404 552 ac
2430 499 2481 552 in
2513 508 2655 553 terra
2681 501 3010 564 occultatur,
3047 502 3470 574 transtiguratur

194 587 313 650 δος·
337 587 432 639 καὶ
454 585 520 638 τὰ
550 585 778 656 σώματα.
811 586 868 639 δὲ
898 586 1055 658 ήμῶν
1088 587 1168 649 είς
1201 585 1517 657 σκώληκας·
1550 587 1641 639 καὶ
1671 587 1790 638 ἓτε-

198 696 274 750 ρα
309 679 446 744 ζῶα,
483 680 576 733 καὶ
605 679 739 734 ἄλλα
770 679 938 752 μυρία
954 679 1197 744 τοιαῦτα,
1232 679 1308 743 ὡς
1333 679 1488 734 ἵπποι
1529 680 1626 751 μὲν
1655 698 1791 752 σφη-

191 772 314 826 κῶν
348 771 582 842 γένεσις,
615 772 804 844 ταῦροι
834 772 890 826 δὲ
923 772 1212 844 μελισσῶν.

268 865 385 918 Καὶ
430 865 601 918 ἔσται
647 864 712 918 τὸ
762 866 969 918 κακόν.
1017 863 1185 928 Λύσις
1225 863 1334 917 τῶν
1380 865 1787 940 προϐληθεισῶν

191 955 550 1020 ἀντιθέσεων,
605 959 652 1011 εἰ
694 959 727 1029 ἡ
761 956 934 1029 φθορά
979 957 1168 1020 κακὸν,
1214 957 1424 1028 φθείρει
1453 958 1569 1029 δὲὴ
1612 959 1787 1032 φθορὰ

191 1051 294 1104 καὶ
325 1049 390 1104 τὸ
417 1050 606 1113 κακὸν,
645 1049 761 1112 πῶς
793 1049 944 1102 ἔσται
974 1049 1034 1103 τὸ
1067 1048 1234 1102 κακὸν
1272 1050 1402 1102 αὐτὸ
1447 1052 1607 1105 ἑαυτὸ
1639 1053 1788 1122 φθεῖ-

190 1160 324 1216 ρον;
359 1146 411 1196 εί
450 1147 558 1215 γάρ
592 1145 648 1196 ἐν
686 1147 751 1214 τῇ
783 1142 879 1214 ’ὐλῃ
912 1143 972 1195 τὸ
1003 1142 1191 1208 κακὸν,
1229 1142 1467 1215 εὔδηλον,
1501 1145 1575 1210 ὡς
1600 1147 1661 1199 τὸ
1695 1149 1785 1200 εὐ-

188 1235 587 1308 φθαρτότερον·
625 1235 724 1307 ῦλη
769 1235 826 1288 δέ
864 1237 1004 1288 ἐστι·
1041 1237 1135 1289 καὶ
1166 1236 1322 1289 τοῦτο
1354 1237 1516 1290 ἑαυτὸ
1548 1237 1776 1310 φθείρει·

186 1327 276 1380 διὰ
315 1328 477 1381 τοῦτο
508 1327 616 1400 γὰρ
648 1331 680 1400 ἡ
715 1327 813 1398 ὐλη
855 1328 947 1380 καὶ
979 1327 1225 1390 ἁνούσιος
1265 1328 1482 1397 λέγεται
1512 1331 1652 1383 κατὰ
1689 1333 1784 1384 άν-

185 1421 556 1491 τιπαράθεσιν
586 1421 686 1492 τῆς
715 1419 1038 1494 ὑπερουσίου
1059 1419 1151 1473 τοῦ
1185 1419 1319 1473 Θεοῦ
1350 1422 1556 1486 οὐσίας,
1591 1423 1666 1486 ὡς
1686 1425 1783 1476 αὐ-

184 1512 252 1583 τὴ
289 1513 509 1584 φθαρτὴ
539 1514 584 1546 ⁸⁸
615 1509 782 1578 οὖσα,
837 1515 931 1566 καὶ
973 1515 1073 1566 οὐκ
1106 1514 1192 1567 ἀεὶ
1215 1510 1380 1578 οὖσα,
1417 1517 1511 1568 καὶ
1543 1516 1780 1582 ἀνείδεος

184 1605 333 1658 κατὰ
356 1605 780 1677 ἀντιπαρὰθεσιν
809 1605 903 1658 τοῦ
937 1606 1110 1669 εἴδους
1139 1606 1232 1659 τοῦ
1266 1606 1423 1670 Θεοῦ,
1453 1608 1528 1671 ὡς
1553 1608 1779 1662 ἐκάλεσε

183 1698 435 1768 Μωῦσῆς
465 1698 554 1749 τὸν
582 1697 908 1769 δημιουργὸν
927 1698 1117 1767 Λόγον.
1153 1699 1263 1752 Καὶ
1298 1699 1372 1771 μὴ
1407 1699 1465 1753 ὃν
1488 1699 1543 1752 δὲ
1563 1699 1779 1769 λέγεται

181 1792 213 1860 ἠ
252 1789 359 1860 ὕλη
408 1789 549 1843 κατὰ
594 1791 1016 1862 ἀντιπαράθεσιν
1061 1791 1160 1861 τῆς
1207 1792 1356 1858 θείας
1407 1793 1550 1848 κατὰ
1593 1793 1779 1848 οὐσίαν

182 1879 506 1953 ὑπάρξεως.

256 1973 286 2045 §
325 1973 448 2032 XX.
489 1969 571 2047 'ﬂ
599 1978 805 2031 κακόν.
852 1978 925 2031 Τὸ
968 1978 1006 2047 ᾖ
1051 1979 1239 2034 κακὸν
1285 1980 1405 2034 ἀντὶ
1453 1980 1548 2034 τοῦ
1597 1980 1717 2035 καθ’
1750 1981 1778 2034 ὃ

182 2067 384 2120 κακόν.

249 2159 516 2216 Μᾶλλον
542 2163 629 2218 δέ.
664 2164 997 2236 Σημείωσαι,
1030 2167 1112 2220 ὅτι
1145 2169 1237 2221 καὶ
1267 2168 1324 2219 ὲν
1355 2169 1468 2230 τοῖς
1492 2164 1656 2230 θείοις
1686 2165 1776 2218 λό-

180 2270 300 2320 γοις
333 2253 404 2285 ⁸⁷·
427 2255 472 2286 ⁸³
495 2255 771 2320 ἀκώλυτος
796 2259 828 2326 ἡ
849 2256 906 2324 ἐξ
939 2258 1292 2329 ἐπιλογισμοῦ
1318 2258 1426 2312 τῶν
1457 2257 1778 2330 ἀκριϐεστέ-

184 2363 293 2417 ρων
335 2348 656 2420 παράδοσις·
691 2349 800 2403 ἰδοὺ
827 2350 1049 2423 γὰρ,ὼς
1074 2353 1226 2422 ὁρᾷς,
1264 2351 1401 2422 μετὰ
1429 2350 1528 2422 τὴν
1561 2350 1776 2404 ἔκθεσιν

179 2439 280 2509 τῆς
308 2441 588 2512 προτέρας
623 2439 848 2514 γνώμης
880 2441 940 2508 ἐξ
973 2442 1334 2514 ἐπιλογισμοῦ
1365 2443 1434 2498 τὰ
1456 2444 1777 2517 ἀκριϐέστε-

182 2549 252 2604 ρα
286 2532 682 2604 παραδίδωσιν.
759 2523 764 2538 ’

253 2627 369 2679 Καὶ
403 2627 608 2696 ἀμιγῆ,
644 2628 740 2682 καὶ
791 2630 1114 2697 ὁλόκληρα.
1149 2627 1228 2681 Τὰ
1278 2630 1376 2700 μὲν
1423 2629 1598 2700 ἀμιγῆ
1636 2629 1774 2696 ἀγα-

181 2718 249 2770 θὰ
281 2719 386 2771 καὶ
423 2719 642 2790 ὁλοτελῆ
678 2723 742 2774 ὲκ
773 2721 867 2774 τοῦ
901 2721 1104 2789 ἀγαθοῦ
1140 2721 1414 2790 ἐγγίνεται
1451 2724 1563 2785 τοῖς
1607 2723 1784 2794 ὑπερ-.

180 2810 439 2882 κοσμίοις
483 2815 712 2883 νοητοῖς,
749 2813 845 2867 ἂτε
882 2815 976 2866 καὶ
1015 2813 1346 2884 ἀσωμάτοις·
1380 2813 1449 2868 τὰ
1487 2815 1544 2867 δὲ
1575 2832 1774 2886 μεμιγ-

183 2902 321 2972 μένα
375 2903 558 2971 άγαθὰ
623 2905 751 2976 περὶ
813 2905 880 2958 τὰ
927 2905 1120 2974 λογικά
1173 2905 1400 2978 σώματα
1452 2907 1771 2980 θεωρεῖται,

178 2996 466 3049 τουτέστιν
493 2999 550 3049 ὲν
575 2998 725 3067 ἡμῖν,
760 2998 854 3050 τοῦ
879 2999 978 3070 μὲν
997 2998 1191 3067 ἀλόγου
1224 2999 1325 3072 τῆς
1348 2999 1527 3071 ψυχῆς
1550 2999 1770 3072 μέρους,

176 3085 252 3150 ὡς
295 3087 550 3162 εἴρηται,
597 3090 913 3160 μετέχοντος
939 3089 1080 3161 ὕλης
1122 3091 1208 3146 διὰ
1240 3092 1334 3145 τοῦ
1379 3091 1630 3163 σώματος
1677 3093 1771 3147 τοῦ

177 3180 360 3244 εἴδους
409 3181 746 3251 μετέχοντος,
779 3182 873 3235 τοῦ
905 3183 962 3236 δὲ
994 3183 1211 3252 λογικοῦ
1251 3184 1468 3256 μέρους,
1517 3185 1772 3256 ρέποντος

181 3274 318 3346 πρὸς
347 3273 409 3326 τὸ
438 3274 650 3342 ἄλογον,
678 3277 771 3329 καί
805 3277 1097 3341 ἐνδιδόντος
1120 3277 1231 3330 ἔσθ’
1253 3278 1340 3330 ὅτε
1375 3277 1543 3348 αὐτῷ,
1568 3280 1660 3331 καὶ
1684 3277 1772 3331 διὰ

176 3367 342 3420 τοῦτο
374 3367 512 3438 πρὸς
543 3367 674 3439 ὓλην
704 3369 967 3433 νεύοντος·
1008 3370 1068 3423 τὸ
1097 3370 1194 3441 μὲν
1220 3370 1330 3442 γὰρ
1360 3371 1663 3424 αὐτόκακον
1697 3370 1776 3424 δεῖ

179 3457 410 3529 θεωρεῖν
427 3459 810 3532 αὐτοάπειρον,
829 3463 1219 3534 αὐτοάμετρον,
1239 3462 1630 3527 αὐτοανείδεον,
1649 3465 1774 3516 ἐαυ-

176 3549 253 3620 τῷ
298 3552 474 3604 κακὸν
519 3553 794 3617 οὐσιῶδες,
827 3555 886 3606 οὐ
915 3555 1020 3626 μὴν
1052 3555 1223 3629 ἑτέρῳ
1253 3557 1440 3610 κακόν·
1476 3557 1634 3610 τοῦτο
1664 3559 1772 3630 γὰρ

177 3640 317 3707 εἶδός
355 3647 472 3697 ἐστι
506 3647 600 3699 καὶ
639 3645 983 3718 συμϐεϐηκὸς
1009 3647 1226 3711 κακίας.
1266 3649 1358 3701 Δεῖ
1386 3642 1479 3702 οῦν
1507 3649 1568 3702 τὸ
1603 3651 1772 3704 κακὸν

177 3737 421 3790 τοιοῦτόν
467 3756 521 3790 τι
571 3734 730 3803 εἶναι,
778 3734 890 3793 οἷον
930 3738 1088 3812 ἔφην,
1121 3739 1311 3805 ῶσπερ
1339 3742 1366 3792 ὁ
1398 3742 1532 3806 Θεὸς
1555 3743 1770 3797 πάντων

177 3829 493 3902 αὐτοπέρας
534 3831 628 3884 καὶ
671 3831 1037 3904 αὐτόμετρον,
1087 3833 1181 3885 καὶ
1216 3832 1644 3898 αὐτοειδοποιὸν,
1678 3836 1772 3888 καὶ

176 3923 527 3992 αὐτοάγαθον,
571 3924 852 3988 οὐσιῶδες·
902 3926 962 3977 οὐ
996 3924 1106 3996 γάρ
1149 3925 1297 3994 λέγω
1337 3926 1430 3980 νῦν
1478 3927 1555 3998 τῷ
1601 3928 1770 3999 ἑτέρῳ

178 4015 385 4082 ἀγαθόν
410 4032 424 4044 ·
464 4016 809 4088 συμϐεϐηκὸς
847 4016 954 4088 γάρ
997 4017 1185 4070 τοῦτο·
1235 4016 1351 4082 πῶς
1393 4015 1485 4072 οὖν
1516 4019 1666 4072 ἔσται
1711 4018 1770 4072 τὸ

176 4108 350 4163 κακὸν
373 4107 654 4172 οὐσιῶδες,
705 4109 799 4162 καὶ
844 4109 1071 4180 ἑτέροις,
1109 4109 1325 4164 πάντων
1367 4108 1623 4174 καθάπαξ
1658 4110 1765 4164 τῶν

177 4200 349 4254 ὄντων
386 4219 453 4273 με
462 4201 743 4272 μιγμένως
765 4201 1151 4272 κακυνομένων
1177 4203 1270 4254 καὶ
1301 4203 1532 4272 ἐχόντων
1551 4202 1612 4255 τὸ
1631 4197 1766 4255 εἶναι

178 4295 234 4346 ἐν
274 4293 357 4363 τῷ
385 4292 611 4362 ἀγαθῷ,
657 4293 869 4357 οὐδενὸς
909 4292 1049 4347 κατά
1093 4293 1154 4346 τὸ
1189 4293 1450 4356 παντελὲς
1499 4294 1766 4366 άμετόχου

175 4387 332 4450 ὄντος
362 4385 458 4439 τοῦ
500 4386 726 4455 ἀγαθοῦ,
773 4386 908 4440 άλλά
953 4387 1171 4440 πάντων
1196 4386 1331 4458 πρὸς
1353 4386 1452 4457 τὴν
1475 4385 1609 4438 ἰδίαν
1643 4389 1765 4440 ἐπι-

176 4480 504 4550 τηδειότητα
552 4480 884 4550 μετεχόντων
911 4479 1006 4532 τοῦ
1051 4477 1292 4548 άγαθοῦ;
1343 4479 1416 4532 Τὸ
1459 4475 1552 4532 οὖν
1599 4480 1764 4533 κακὸν

1895 586 1951 640 in
1979 588 2215 656 speciem
2241 590 2575 661 embryonis,
2597 601 2648 647 et
2679 608 2908 654 corpora
2940 604 3126 649 nostra
3153 595 3206 649 in
3235 611 3467 660 vermes,

1895 695 1957 736 ac
2004 680 2222 736 diversa
2274 683 2551 743 animalia.
2606 686 2821 756 aliaque
2867 687 3082 741 infinita
3126 688 3367 754 similia,
3411 698 3473 744 ut

1891 785 1954 824 ex
1989 769 2146 839 equis
2174 780 2500 842 generantur
2538 791 2745 845 vespes,
2770 786 2820 829 et
2844 793 2913 831 ex
2941 778 3112 833 tauris
3139 794 3290 849 apes.

1963 860 2182 934 Eritque
2212 865 2433 919 malum.
2481 864 2693 921 Solutio
2731 870 3136 939 propositorum
3180 886 3474 940 argumen—

1891 963 2093 1021 torum,
2116 955 2163 1010 si
2194 959 2474 1028 corruptio
2503 960 2574 1014 sit
2607 960 2834 1024 malum,
2874 962 3154 1033 corruptio
3199 971 3384 1018 autem
3415 971 3472 1019 et

1889 1047 2093 1101 malum
2119 1053 2439 1120 corrumpit,
2465 1052 2737 1121 quomodo
2761 1054 2866 1107 erit
2895 1055 3069 1124 ipsum
3093 1056 3318 1121 malum,
3343 1070 3470 1110 cum

1890 1157 1948 1196 se
1978 1151 2331 1214 corrumpat:
2372 1160 2498 1197 nam
2548 1144 2594 1198 si
2632 1146 2836 1200 malum
2869 1143 2926 1201 in
2961 1149 3210 1216 materia,
3237 1148 3469 1204 manife-

1891 1242 2033 1288 stum
2056 1243 2139 1290 est
2167 1235 2313 1306 quod
2344 1237 2414 1291 sit
2445 1237 2880 1307 corruptibilius,
2901 1243 3128 1296 materia
3160 1249 3465 1308 autemest,

1890 1340 1952 1379 ac
1985 1325 2086 1380 hoc
2127 1327 2367 1397 seipsum
2404 1330 2735 1400 corrumpit;
2778 1331 2903 1385 ideo
2941 1332 3087 1386 enim
3125 1335 3378 1399 materia,
3415 1346 3468 1389 et

1887 1418 2006 1473 sine
2035 1423 2274 1475 essentia
2319 1423 2520 1478 dicitur
2570 1430 2630 1479 ut
2667 1433 2978 1495 opponatur
3018 1427 3467 1496 superessentiali

1889 1507 1982 1564 Dei
2004 1512 2274 1578 essentiaa,
2309 1530 2431 1568 cum
2462 1514 2576 1586 ipsa
2603 1516 2674 1572 sit
2708 1517 3105 1587 corruptibilis,
3131 1534 3306 1588 neque
3323 1535 3468 1574 sem-

1887 1617 1983 1672 per
2011 1605 2511 1678 exsistat,et147
2542 1607 2793 1664 informis
2810 1609 3033 1673 dicitur,
3067 1620 3126 1662 ut
3158 1619 3468 1681 opponatur

1888 1694 2074 1750 forma:
2102 1695 2196 1750 Dei
2226 1699 2368 1753 sicut
2391 1698 2604 1770 Moyses
2629 1701 2845 1755 vocavit
2876 1709 3181 1757 creatorem
3201 1701 3464 1760 Verbum.

1886 1786 2129 1860 Denique
2161 1791 2390 1846 materia
2421 1792 2627 1848 dicitur
2657 1810 2765 1849 non
2794 1810 2914 1858 ens,
2949 1804 3007 1848 ut
3040 1802 3352 1866 opponatur
3381 1795 3466 1850 di-

1813 1895 1854 1949 Β
1883 1881 2023 1936 vinae
2052 1883 2353 1938 secundum
2393 1887 2688 1941 essentiam
2723 1887 3078 1943 exsistentim.

1953 1973 2114 2045 §XX.
2137 1976 2254 2042 Qua
2271 1977 2491 2042 malum,
2513 1973 2660 2052 Gr.
2683 1979 2868 2032 κακόν.
2887 1977 3024 2034 Illud
3049 1974 3083 2054 ᾖ
3113 1980 3299 2048 κακόν,
3321 1980 3462 2036 idem

1880 2085 2006 2122 cum
2036 2076 2308 2140 quatenus
2340 2072 2564 2125 malum.

1952 2159 2222 2226 Quiuimo.
2268 2160 2405 2215 Nota
2449 2162 2594 2232 quod
2645 2163 2810 2218 etiam
2843 2164 2899 2218 in
2945 2165 3265 2220 disserendo
3288 2165 3355 2221 de
3389 2165 3465 2220 di-

1878 2251 2022 2307 vinis
2061 2254 2413 2322 permittatur
2451 2270 2513 2308 ea
2563 2270 2685 2327 qua:
2721 2255 3143 2312 ratiocinatione
3167 2272 3459 2328 compara-

1879 2352 1969 2398 tur
2009 2344 2307 2399 certiorum
2358 2345 2612 2413 traditio;
2661 2362 2789 2402 ecce
2838 2349 2982 2402 enim
3031 2357 3093 2401 ut
3141 2349 3294 2405 vides
3337 2357 3462 2420 post

1877 2437 2275 2509 expositionem
2308 2427 2511 2508 prioris
2553 2438 2861 2504 sententiae,
2915 2439 3296 2495 ratiocinando
3340 2457 3460 2496 cer-

1878 2528 2019 2582 tiora
2043 2527 2228 2582 tradit.

1948 2618 2019 2673 Et
2043 2619 2333 2689 simplicia,
2372 2628 2420 2675 et
2461 2619 2714 2689 perfecta.
2743 2618 3026 2693 Simplicia
3058 2620 3278 2693 quidem
3311 2619 3454 2677 bona

1876 2719 1931 2767 et
1953 2712 2177 2767 omnino
2202 2711 2468 2783 perfecta,
2516 2729 2581 2768 ex
2621 2712 2764 2768 bono
2805 2712 3271 2783 suprainundanis
3297 2715 3449 2768 inna-

1877 2805 2050 2861 scitur
2097 2804 2531 2875 intelligibilibus
2572 2820 2669 2859 seu
2713 2805 2943 2874 angelis,
2969 2813 3158 2876 utpote
3202 2807 3460 2877 incorpo-

1878 2896 2017 2961 reis;
2047 2896 2210 2951 mista
2236 2910 2366 2951 vero
2403 2896 2569 2964 bona,
2617 2895 2674 2950 in
2723 2896 3090 2951 rationalibus
3131 2897 3458 2968 corporibus

1877 2987 2150 3054 videntur,
2183 2987 2236 3041 id
2268 2997 2352 3044 est
2381 2987 2436 3041 in
2461 2987 2640 3053 nobis,
2660 2988 3023 3043 irrationabili
3052 2989 3272 3058 quidem
3304 2999 3461 3060 parte

1877 3080 2105 3144 animae,
2154 3085 2214 3132 ut
2255 3078 2462 3133 dictum
2511 3086 2618 3145 est,
2665 3080 2949 3135 materiam
2987 3080 3354 3153 participante
3401 3081 3458 3138 in

1877 3184 2108 3239 corpore
2129 3170 2272 3239 quod
2311 3169 2498 3224 forma
2540 3180 2624 3225 est
2652 3172 2955 3243 particeps;
2987 3172 3243 3226 rationali
3276 3179 3459 3228 autem

1878 3271 2053 3333 parte,
2091 3272 2346 3333 vergente
2380 3263 2447 3317 ad
2479 3263 2913 3319 irrationabilem
2942 3272 2996 3321 et
3019 3265 3350 3338 quandoque
3377 3266 3456 3320 illi

1876 3355 2134 3422 cedente,
2159 3357 2403 3428 ideoque
2443 3356 2511 3411 ad
2557 3357 2842 3412 materiam
2880 3359 3284 3428 propendente;
3325 3374 3454 3414 nam

1875 3448 2055 3518 ipsum
2094 3463 2192 3518 per
2248 3463 2307 3503 se
2356 3448 2561 3502 malum
2613 3449 2972 3519 contemplari
2998 3459 3233 3520 Oportet,
3269 3466 3365 3520 per
3397 3467 3456 3507 se

1875 3539 2183 3605 infinitum,
2229 3555 2324 3610 per
2361 3555 2419 3594 se
2455 3539 2807 3607 immensum,
2844 3555 2942 3609 per
2979 3557 3038 3596 se
3071 3540 3325 3605 informe,
3359 3556 3458 3611 per

1875 3646 1934 3685 se
1964 3631 2257 3686 essentiale
2287 3631 2522 3694 malum,
2564 3645 2674 3684 non
2717 3646 2846 3686 vero
2888 3633 3090 3686 malum
3138 3647 3235 3702 per
3276 3632 3452 3699 aliud;

1874 3725 1977 3778 hoc
2011 3723 2156 3779 enim
2191 3731 2273 3779 est
2311 3722 2484 3777 forma
2517 3729 2572 3777 et
2606 3723 2862 3778 accidens
2898 3723 3137 3778 malitiae.
3175 3723 3318 3795 Ergo
3347 3739 3457 3778 ma-

1875 3820 1986 3873 lum
2019 3834 2143 3874 esse
2175 3818 2304 3889 quid
2339 3816 2607 3886 ejusmodi
2643 3823 2881 3886 oportet,
2915 3823 2975 3870 ut
3009 3815 3142 3882 dixi,
3165 3815 3311 3871 sicut
3330 3815 3455 3870 uni-

1871 3929 2155 3969 versorum
2194 3911 2358 3977 Deus,
2396 3926 2495 3982 per
2529 3927 2588 3966 se
2623 3910 2769 3974 ﬁnis,
2805 3924 2902 3980 per
2937 3925 2995 3965 se
3027 3924 3285 3964 mensura
3307 3949 3321 3973 ,
3359 3923 3456 3979 per

1872 4022 1930 4062 se
1966 4005 2196 4060 formam
2241 4004 2480 4060 eilieicns
2506 4043 2520 4067 ,
2557 4013 2610 4058 et
2644 4019 2738 4073 per
2772 4018 2829 4057 se
2863 4003 3065 4057 bonum
3115 4001 3450 4067 essr-ntiale;

1870 4114 1996 4152 nam
2025 4096 2183 4152 modo
2206 4113 2314 4152 non
2350 4097 2545 4167 loquor
2566 4095 2634 4149 de
2664 4095 2811 4150 bono
2844 4110 2940 4164 per
2973 4094 3141 4159 aliud,
3178 4093 3283 4148 hoc
3307 4094 3451 4148 enim

1867 4200 1954 4247 est
1971 4190 2257 4258 accidens;
2280 4189 2558 4260 quomodo
2593 4188 2756 4260 igitur
2788 4185 2893 4242 erit
2925 4186 3215 4242 essentiale
3246 4185 3448 4239 malum

1868 4292 1921 4339 et
1955 4300 2051 4354 per
2084 4283 2253 4346 aliud,
2290 4297 2416 4336 cum
2448 4280 2630 4336 omnia
2664 4294 2786 4350 qua:
2818 4290 2947 4333 sunt
2975 4278 3180 4334 mistim
3204 4276 3454 4332 inﬁcian-

1868 4385 1979 4440 tur,
2017 4375 2360 4444 habeantque
2405 4372 2461 4426 in
2494 4371 2641 4426 bono
2673 4370 3073 4432 exsistentiam,
3124 4369 3277 4424 nullo
3307 4368 3454 4424 bono

1868 4467 2165 4521 exsistente
2201 4479 2429 4536 prorsus
2477 4459 3024 4516 incommunicabili?
3055 4458 3196 4530 Ergo
3243 4459 3447 4512 malum

176 4572 272 4624 οὐκ
308 4574 370 4625 ὲν
400 4570 656 4642 ὑπάρξει,
681 4571 793 4624 ἀλλ’
815 4573 872 4624 ὲν
907 4571 1280 4644 παρεισδύσει,
1309 4573 1370 4624 ὲν
1401 4573 1466 4642 τῇ
1500 4571 1592 4623 τοῦ
1627 4571 1764 4640 ἀγα-

1885 4577 1982 4614 ion
2013 4558 2356 4621 exsistentia,
2395 4557 2490 4612 sed
2526 4556 2826 4628 irreptione
2859 4555 2936 4628 (in
2959 4551 3359 4624 exsistentiam)
3396 4551 3450 4605 in

177 4657 268 4716 885
307 4665 565 4735 στερήσει
595 4663 932 4735 φαινόμενον.

257 4757 620 4810 Ἑκτείνεται
671 4755 740 4809 δὲ
787 4757 924 4826 ἄχρι
974 4757 1091 4811 τῶν
1147 4756 1440 4827 ἐσχάτων.
1495 4758 1762 4828 Ἔσχατον

179 4850 397 4920 νοητέον
447 4849 516 4901 τὰ
567 4848 726 4902 ὐλικὰ
778 4848 1007 4919 σώματα
1054 4851 1146 4902 καὶ
1197 4851 1378 4921 γήϊνα·
1431 4848 1621 4924 ὥσπερ
1653 4849 1761 4920 γάρ

176 4944 398 4995 πάντων
433 4942 576 5013 ἀρχὴ
610 4945 637 4995 ὁ
668 4941 820 5005 Θεὸς,
855 4941 930 5004 ὡς
963 4943 1056 4995 καὶ
1077 4940 1430 5013 ἦδηὲφημεν,
1460 4942 1603 4995 οὕτω
1625 4943 1761 4996 πάν-

180 5050 278 5088 των
315 5033 543 5104 ἔσχατον
575 5035 635 5086 τὸ
668 5033 1010 5097 σκυϐαλῶδες
1041 5033 1200 5086 τοῦτο
1229 5033 1291 5085 τὸ
1325 5035 1471 5104 παχὺ
1502 5033 1602 5103 τῆς
1630 5032 1760 5104 ὓλης

178 5126 343 5198 μέρος
394 5128 490 5179 καὶ
534 5126 755 5195 γεῶδες·
794 5126 914 5180 ὅθεν
946 5127 1040 5180 καὶ
1087 5127 1376 5179 ὑποπόδιον
1419 5125 1632 5194 λέγεται
1664 5124 1758 5178 τοῦ

175 5220 330 5286 Θεοῦ,
365 5222 442 5284 ὡς
477 5224 571 5274 xa‘t
599 5221 844 5291 ἔσχατον,
880 5220 974 5274 καὶ
1005 5221 1154 5291 ὅμως
1174 5218 1398 5290 μετέχον
1422 5217 1758 5287 άγαθότητος

176 5313 361 5379 αὐτοῦ,
396 5313 472 5377 ὠς
505 5314 599 5367 καὶ
631 5313 794 5385 φέρον
826 5311 987 5366 αὐτὸν
1020 5311 1294 5381 ἐσχάτως·
1330 5309 1477 5378 λέγει
1509 5308 1618 5381 γὰρ
1665 5310 1759 5361 καὶ

178 5406 208 5476 ἡ
237 5405 428 5475 Σοφία·
453 5405 638 5476 Βρίθει
659 5404 768 5476 γάρ
792 5405 852 5458 τὸ
873 5403 1071 5473 γεῶδες
1097 5401 1255 5455 τοῦτο
1282 5402 1480 5472 σκῆνος
1513 5399 1637 5454 νοῦν
1659 5417 1757 5452 πο-

1873 4653 2003 4708 boni
2039 4653 2348 4723 privatione
2380 4658 2628 4723 apparet.

1939 4748 2021 4804 Ad
2061 4759 2324 4803 extremas
2355 4763 2517 4813 usque
2544 4743 2894 4815 protenditur.
2920 4741 3026 4796 Per
3057 4747 3350 4794 extremum
3376 4737 3452 4790 in-

1867 4839 2050 4911 tellige
2074 4837 2394 4903 materialia,
2422 4851 2686 4908 corporea
2719 4842 2773 4892 et
2807 4831 3112 4896 terrestria;
3139 4830 3281 4886 sicut
3304 4826 3448 4883 enim

1866 4933 2012 4988 Deus
2057 4938 2143 4986 est
2184 4930 2429 4987 omnium
2482 4927 2818 5000 principium
2846 4966 2860 4990 ,
2899 4932 2958 4979 ut
2990 4931 3150 4979 antea
3185 4920 3446 4981 diximus,

1867 5030 1950 5085 sic
1983 5036 2294 5094 extremum
2340 5024 2586 5081 omnium
2637 5029 2722 5076 est
2769 5020 2887 5074 lucc
2930 5017 3215 5074 faeculenti:
3259 5026 3445 5067 crassa

1867 5119 2112 5176 materiae
2165 5134 2294 5189 pars
2342 5133 2406 5170 ac
2452 5114 2771 5180 terrestris,
2815 5112 3048 5182 ideoque
3102 5106 3306 5161 dicitur
3351 5101 3445 5157 Dei

1865 5213 2165 5270 scabellum
2217 5219 2277 5264 ut
2318 5217 2655 5275 extremum;
2707 5214 2948 5260 attamen
2992 5203 3111 5273 ejus
3144 5197 3444 5254 bonitatem

1864 5306 2203 5378 participans
2251 5305 2394 5360 sicut
2445 5303 2611 5358 etiam
2659 5300 2838 5371 ipsum
2873 5302 3152 5370 postremo
3184 5297 3445 5362 gestans;

1863 5398 2005 5454 dixit
2037 5397 2181 5453 enim
2218 5395 2535 5466 Sapientia:
2574 5393 2857 5450 Terrestre
2891 5391 2994 5446 hoc
3029 5381 3455 5441 tabernaculum»

1095 5622 1330 5682 VARL‘E
1366 5619 1752 5684 LECTIONES
1793 5618 1880 5675 ΕΤ
1918 5615 2471 5676 CORBECTIONES.

317 5874 360 5914 ια
379 5874 700 5946 εῦφθαρτος.
801 5872 866 5904 ⁸⁷·
885 5873 928 5906 ⁸³
951 5871 1168 5940 λογίοις.
