3872 6538
447 291 552 349 ἓῗθ

1215 295 1559 350 APPENDIX
1595 297 1684 362 AD
1716 295 1945 353 OPERA
1978 298 2037 352 S.
2069 298 2368 360 DlONYSlI
2406 299 2886 356 AREOPAGITIE.

3589 305 3690 363 280

446 416 705 479 aggravat
738 419 970 465 mentem
1011 409 1179 466 multa
1213 413 1576 484 cogitantem,
1612 414 1761 486 quod
1801 415 2001 470 irratio-

2117 417 2456 490 λυφρόντιδα,
2491 420 2566 483 ὼς
2597 419 2690 473 τοῦ
2723 419 2918 490 ἀλόγου
2949 420 3047 491 τῆς
3065 418 3241 491 ψυχῆς
3263 418 3461 492 μέρους
3537 442 3692 497 μεμι-

445 501 587 555 nalis
622 515 749 571 pars
782 503 976 557 animae
1010 519 1132 558 cum
1168 506 1440 567 materiall
1471 507 1631 563 mista
1665 508 1735 562 sit
1767 523 2018 578 corpore,

444 600 498 645 et
531 593 859 664 quandoque
892 596 1142 650 rationali
1175 597 1312 665 parti
1350 599 1545 654 animae
1576 599 1908 656 dominetur.

520 683 682 756 148
711 685 874 740 Adest
920 686 1128 742 bonum.
1167 687 1442 757 Quantum
1477 692 1623 746 enim
1659 703 1928 748 creaturae
1963 693 2017 748 in

2114 511 2408 586 γμένουτῷ
2425 510 2592 581 ὑλικῷ
2636 509 2886 582 σώματι,
2933 511 3026 563 καὶ⁵
3073 511 3550 585 κατακρατοῦντος
3585 514 3692 567 ἐσθ’

2117 601 2206 654 ὅτε
2237 601 2332 655 τοῦ
2366 601 2584 672 λογικοῦ
2617 605 2715 676 τῆς
2745 603 2942 674 ψυχῆς.

2188 693 2446 764 Πάρεστι
2489 697 2765 765 τάγαθόν.
2803 697 2965 748 Ὅσον
3007 693 3130 766 γὰρ·
3164 693 3257 748 ἐπὶ
3300 693 3361 746 τὸ
3392 694 3694 769 παχύτερον

444 775 700 846 pinguius
731 786 786 833 et
818 779 1098 834 materiale
1132 784 1304 851 magis
1339 781 1594 848 subeunt,
1623 793 1833 843 tantum
1860 785 2001 854 juxt:

2119 788 2209 838 καὶ
2241 785 2567 859 ὑλικώτερον
2615 787 2896 842 ὑποϐαίνει
2928 788 2996 843 τὰ
3037 791 3095 842 ὲν
3126 785 3474 862 δημιουργίᾳ,
3515 787 3686 840 τοσοῦ-

442 869 798 937 privationem
847 879 902 926 et
943 871 1215 928 defectum
1251 874 1379 930 boni
1428 875 1612 931 minus
1661 876 2011 947 participant,

444 967 501 1013 ut
553 977 620 1016 ex
671 963 905 1018 obseura
955 973 1010 1022 et
1043 975 1288 1022 extrema
1334 968 1486 1025 vocis
1535 969 1803 1037 editione;
1870 971 2015 1026 sicut

438 1053 583 1107 enim
613 1053 728 1123 jam
761 1054 1025 1124 diximus,
1059 1074 1305 1130 suppone
1339 1059 1576 1131 aliquem
1611 1060 1718 1116 alte
1750 1063 2010 1126 clamare,

439 1160 505 1200 ac
537 1146 748 1203 vicinos
787 1149 1006 1220 quidem
1030 1190 1044 1214 ,
1081 1152 1380 1224 audituque
1412 1153 1656 1210 valentes
1682 1197 1696 1221 ,
1746 1154 2011 1226 integram

438 1239 720 1311 suscipere
753 1256 942 1298 vocem
967 1284 980 1306 ,
1033 1251 1088 1300 et
1137 1259 1471 1317 cognoscere
1503 1245 1666 1302 etiam
1708 1247 1853 1318 quod
1885 1264 2008 1320 pro-

437 1332 756 1401 nuntiatur;
780 1344 1017 1395 remotos
1036 1343 1216 1392 autem
1235 1354 1335 1409 pro
1351 1349 1468 1394 rata
1489 1340 1764 1404 distantia
1782 1356 2012 1413 propor-

437 1426 587 1479 tione
621 1440 818 1480 sonum
852 1427 1036 1484 minus
1069 1429 1294 1500 audire;
1329 1433 1729 1489 remotissimos
1760 1449 1892 1489 vero
1915 1435 2012 1490 ob-

438 1517 759 1572 scurissime
797 1525 1056 1590 tanquam
1104 1529 1393 1591 postrema:
1424 1523 1584 1580 editae
1620 1528 1773 1582 vocis
1815 1542 2008 1598 parum

436 1623 604 1664 sensu
639 1625 940 1681 perelpere.

508 1699 578 1753 Et
609 1702 774 1769 ipsam
806 1703 892 1759 sui
915 1705 1281 1773 privationem.
1311 1707 1468 1774 Quod
1497 1724 1607 1764 non
1633 1725 1860 1780 prorsus
1890 1710 2007 1782 pri-

435 1801 618 1849 vatum
655 1804 738 1852 est
766 1798 1016 1868 pulchro,
1050 1801 1147 1856 sed
1177 1801 1394 1871 partim,
1421 1817 1486 1857 ac
1517 1773 1694 1872 ipsum
1729 1803 1874 1873 quod
1892 1773 2007 1860 'bo-
2041 1773 2082 1827 Β

435 1901 507 1940 1:0
545 1886 816 1956 privatum
849 1896 956 1954 est,
990 1891 1297 1947 consistere
1321 1891 1473 1956 facit,
1505 1893 1708 1950 bonum
1736 1893 1791 1948 in
1821 1895 2008 1965 aliquo

434 1979 658 2034 omnino
706 1981 1122 2054 participando;
1169 1999 1281 2042 non
1330 1984 1478 2040 enim
1514 1985 1882 2054 particularis,
1913 1987 2009 2042 sed

431 2071 709 2140 perfectus
739 2075 961 2131 omnino
988 2076 1118 2130 boni
1147 2076 1416 2141 deiectus,
1455 2078 1656 2131 malum
1685 2086 1791 2133 est.

502 2162 613 2218 Illa
644 2165 828 2230 etiam,
854 2183 970 2237 quin
1000 2168 1083 2221 illi
1115 2170 1386 2227 contraria
1415 2177 1558 2224 sunt.
1597 2167 1836 2230 Observa
1866 2187 1997 2242 quo-

431 2254 593 2309 modo
623 2255 720 2320 ait,
753 2270 816 2311 ea
857 2271 979 2328 qure
1008 2256 1201 2312 virtuti
1229 2258 1357 2314 boni
1387 2258 1686 2322 obsistunt,
1711 2260 2006 2331 peripsum

430 2347 732 2402 subsistere
765 2355 820 2401 et
865 2349 1201 2405 conservari.
1247 2347 1389 2404 Num
1431 2349 1599 2420 igitur
1643 2347 1787 2431 Deus
1816 2359 2010 2406 auctor

429 2440 698 2495 malorum
719 2441 832 2496 est?
856 2441 1032 2497 absit!
1074 2440 1218 2498 Deus
1247 2442 1413 2510 enim,
1443 2451 1503 2497 ut
1535 2442 1871 2515 principium
1891 2459 2009 2498 om-

429 2532 579 2585 nium
621 2539 674 2590 et
705 2540 955 2600 creator,
999 2534 1071 2590 ob
1109 2534 1369 2590 bonitatis
1413 2549 1700 2602 excessum
1732 2544 1785 2590 et
1820 2535 2009 2592 ineffa-

429 2625 596 2685 bilem
643 2625 988 2693 charitatem,
1028 2635 1346 2697 peccatores
1383 2642 1603 2699 quoque
1645 2627 1898 2693 sustinet,
1949 2636 2010 2684 ut

427 2717 706 2791 propriam
749 2718 1000 2774 ostendat
1052 2718 1480 2788 benignitatem,
1539 2732 1605 2772 ac
1657 2718 1890 2773 liberum
1944 2717 2008 2786 tl-

426 2810 633 2879 gmenti
663 2810 982 2876 arbitrium;
1017 2809 1221 2864 dicitur
1274 2809 1421 2865 enim
1455 2827 1468 2864 :
1519 2808 1770 2874 Charitas
1816 2811 1997 2871 omnia

426 2901 552 2970 tegit
585 2903 609 2942 Β
627 2919 640 2968 ;
669 2917 890 2957 rursus:
923 2902 1028 2968 Qui
1051 2901 1216 2956 solem
1241 2917 1395 2956 suum
1429 2903 1560 2955 oriri
1587 2901 1717 2971 facit
1743 2917 1897 2972 super
1908 2901 2005 2972 ju-

424 3002 533 3060 stos
564 3003 613 3048 et
636 2993 860 3064 injustas
887 2994 936 3050 ιλ.

2114 892 2206 928 τον
2239 875 2377 929 κατά
2413 877 2665 949 στέρησιν
2717 879 2810 932 καὶ
2853 877 3085 950 ἔλλειψιν
3129 879 3224 933 τοῦ
3268 879 3474 956 ἀγαθοῦ
3539 873 3693 949 ἦττον

2119 968 2353 1038 μετέχει,
2388 967 2462 1032 ὡς
2495 968 2554 1036 ἐξ
2585 970 2826 1043 ἀμυδροῦ
2872 971 2968 1025 καὶ
3017 971 3247 1043 ἐσχάτου
3297 973 3692 1043 ἀπηχήματος⁰

2113 1056 2188 1121 ὼς
2219 1057 2330 1131 γὰρ
2363 1057 2602 1130 ἔφημεν,
2638 1059 2735 1131 ήδη
2771 1061 2972 1115 ὑπόθου
3004 1062 3128 1116 τινὰ
3177 1062 3367 1136 βοῆσαι
3405 1063 3568 1135 μέγαο
3608 1060 3696 1113 καὶ

2113 1149 2240 1213 τοὺς
2275 1149 2373 1222 μὲν
2422 1149 2646 1222 πλησίον
2682 1152 2840 1217 ὄντας
2873 1155 2966 1208 καὶ
2988 1155 3334 1230 ἐρρωμένους
3362 1157 3407 1188 ⁹⁰
3436 1154 3500 1208 τὸ
3537 1155 3694 1208 ἀκου·

2114 1239 2297 1292 στικὸν
2341 1239 2468 1316 ὃλην
2498 1240 2749 1308 δέξασθαι
2781 1243 2880 1315 τὴν
2913 1244 3044 1316 βοὴν
3067 1285 3082 1309 ,
3135 1246 3230 1299 καὶ
3274 1245 3478 1315 γνῶναι
3512 1247 3608 1300 καὶ
3636 1246 3693 1299 τὸ

2111 1328 2357 1402 λαληθὲν,
2390 1334 2517 1397 τοὺς
2547 1333 2603 1386 δὲ
2649 1334 3026 1405 ἀφεστηκότας
3058 1335 3335 1406 ἀναλόγως
3367 1339 3432 1407 τῇ
3468 1335 3689 1390 διαστά-

2115 1438 2195 1474 σει
2215 1417 2376 1494 ἦττον
2404 1423 2632 1478 ἀκοῦσαι
2651 1424 2745 1478 τοῦ
2773 1426 3085 1497 φθέγματος
3103 1443 3116 1456 ·
3145 1428 3273 1490 τοὺς
3301 1428 3358 1481 δὲ
3391 1426 3534 1481 πάνυ
3566 1428 3693 1500 πόρ-

2115 1519 2192 1587 ρω
2212 1516 2564 1588 διεστηκότας
2584 1518 2930 1591 ἀμυδρότατα
2962 1519 3038 1584 ὡς
3069 1520 3255 1592 ἀπηχή
3264 1538 3432 1594 ματος
3455 1520 3685 1574 ὑστάτου

2112 1608 2294 1672 ποσῶς
2334 1608 2636 1663 αἰσθέσθαι.

2178 1710 2289 1764 Καὶ
2311 1710 2425 1780 τὴν
2438 1711 2654 1776 ἑαυτοῦ
2671 1711 2977 1782 στέρησιν.
2993 1713 3066 1767 Τὸ
3085 1712 3158 1784 μὴ
3175 1712 3312 1777 ὅλως
3333 1713 3692 1786 ἐστερημένον

2109 1799 2204 1854 τοῦ
2238 1800 2428 1865 καλοῦ,
2460 1800 2594 1856 ἀλλά
2627 1801 2885 1874 μερικῶς,
2921 1802 3017 1856 καὶ
3049 1802 3181 1857 αὑτὸ
3228 1801 3290 1856 τὸ
3333 1805 3693 1878 ἐστερημένον

2109 1890 2204 1944 τοῦ
2237 1890 2464 1960 ἀγαθοῦ,
2489 1891 2984 1956 συνεστάναιποιεῖ,
3019 1891 3096 1962 τῷ
3122 1892 3258 1956 ὅλως
3289 1893 3430 1948 κατά
3448 1910 3502 1946 τι
3535 1894 3692 1966 μετέ-

2111 2002 2223 2058 χειν
2253 1983 2348 2038 τοῦ
2378 1983 2604 2055 ἀγαθοῦ⁹
2636 1985 2698 2038 οὑ
2737 1984 2847 2058 γὰρ
2877 1988 2910 2056 ἡ
2944 1985 3166 2058 μερικὴ,
3199 1986 3315 2042 ἀλλ’
3353 1989 3387 2058 ἡ
3423 1988 3693 2060 παντελὴς

2111 2063 2345 2148 ἔλλειψις
2373 2076 2468 2131 τοῦ
2488 2077 2692 2147 ἀγαθοῦ
2714 2079 2831 2133 ἐστι
2862 2078 2922 2131 τὸ
2953 2077 3142 2133 κακόν.

2181 2170 2291 2223 Καὶ
2324 2167 2396 2222 τὰ
2421 2169 2734 2238 μαχόμενα
2764 2166 3102 2240 αὑτῷ.”ορα
3124 2167 3240 2232 πῶς
3269 2185 3453 2239 φησιν,
3490 2169 3576 2223 ὅτι
3607 2172 3694 2224 καὶ

2110 2261 2179 2316 τὰ
2215 2261 2496 2333 μαχόμενα
2538 2263 2604 2332 τῇ
2638 2260 2866 2332 δυνάμει
2908 2261 3003 2314 τοῦ
3041 2259 3243 2330 ἀγαθοῦ
3277 2261 3342 2315 δι’
3378 2262 3546 2316 αὑτοῦ
3575 2263 3696 2319 ὑπέπ

2114 2368 2211 2424 στη
2247 2353 2343 2405 καὶ
2381 2350 2632 2416 σώζεται.
2657 2351 2863 2408 Οὑκοῦν
2895 2354 3067 2418 αἴτιος
3098 2353 3208 2410 τῶν
3240 2353 3427 2417 κακῶν
3470 2357 3500 2409 6
3532 2352 3693 2421 856;;

2115 2445 2189 2516 μὴ
2221 2445 2463 2513 γένοιτοῑ
2499 2447 2527 2498 6
2559 2446 2656 2516 μὲν
2703 2445 2811 2519 γὰρ
2849 2445 3000 2512 Θεὸς,
3036 2447 3112 2510 ὡς
3153 2447 3369 2504 πάντων
3415 2447 3563 2520 ἀρχὴ
3603 2450 3694 2502 καὶ

2109 2537 2456 2611 δημιουργὸς,
2490 2537 2555 2591 δι’
2588 2537 2892 2610 ὑπερϐολὴν
2913 2537 3248 2610 ἀγαθότητος
3269 2541 3362 2596 καὶ⁸
3385 2540 3453 2596 δι’
3475 2540 3696 2613 ἀγάπην

2110 2630 2331 2699 ἄφατον,
2367 2627 2461 2682 καὶ
2490 2626 2828 2699 ἁμαρτωλῶν
2858 2627 3128 2698 ἀνέχεται,
3165 2628 3257 2682 ἵνα·
3281 2629 3374 2684 καὶ
3413 2629 3512 2700 τὴν
3561 2629 3694 2685 ἰδίαν

2109 2722 2260 2797 δείξῃ
2291 2720 2720 2792 φιλανθρωπίαν,
2752 2720 2846 2774 καὶ
2877 2719 2939 2772 τὸ
2967 2717 3062 2772 τοῦ
3094 2718 3410 2790 πλάσματος
3437 2720 3695 2786 αὑτεξοὺρ

2111 2831 2242 2869 σιον·
2267 2815 2480 2887 εἴρηται
2508 2812 2636 2883 γάρ·
2683 2813 2752 2867 Ἡ
2769 2811 2968 2881 ἀγάπη
2993 2809 3188 2868 πάντα
3216 2811 3432 2882 στέγειο
3465 2813 3560 2866 καὶ
3594 2813 3695 2868 1:6-

2108 2906 2209 2961 λινο
2261 2907 2322 2960 '0
2354 2907 2703 2961 ἀνατέλλων
2732 2903 2838 2958 τὸν
2870 2903 3047 2972 ἣλιον
3076 2903 3263 2957 αὐτοῦ
3294 2904 3391 2958 ἐπὶ
3425 2904 3695 2970 δικαίους

2110 2999 2209 3053 και
2241 2997 2508 3064 ἀδίκους.

497 3086 649 3153 Quod
687 3096 861 3140 autent
899 3085 1212 3142 omnimode.
1265 3083 1617 3156 Propositum
1662 3086 1768 3156 ipsi
1791 3093 1876 3142 est
1913 3085 2001 3145 de-

2187 3090 2256 3145 Τὸ
2319 3089 2388 3144 δὲ
2435 3091 2586 3144 κατὰ
2642 3087 2838 3150 πάντα
2895 3089 3134 3156 τρόπον.
3201 3088 3276 3140 Τὸ
3333 3088 3693 3162 προκείμενον

425 3187 768 3244 monstrare,
817 3195 926 3238 non
975 3195 1098 3236 esse
1132 3178 1426 3235 essentiam
1447 3218 1463 3244 ,
1495 3177 1642 3248 quod
1682 3177 2004 3248 simpliciter

425 3287 523 3342 per
549 3287 608 3328 se
636 3274 872 3338 malum;
901 3271 1085 3342 aitque
1118 3271 1328 3325 nullum
1355 3270 1566 3325 entium
1598 3276 1653 3324 et
1691 3275 2003 3324 creatorum

425 3365 564 3419 nihil
595 3380 824 3435 prorsus
857 3364 984 3419 boni
1029 3363 1400 3434 participare;
1441 3376 1562 3432 quae
1600 3361 1746 3416 enim
1777 3361 2004 3416 omnino

425 3473 596 3522 vacua
630 3459 776 3514 bono
805 3457 950 3528 quod
984 3471 1160 3527 neque
1193 3471 1226 3511 a
1260 3455 1404 3509 bono
1429 3453 1693 3525 producta
1734 3452 1864 3517 sint,
1894 3469 2003 3507 non

423 3550 701 3620 exsistunt
731 3568 746 3606 :
776 3550 901 3620 quis
927 3563 1060 3604 vero
1079 3547 1220 3604 alius
1240 3546 1456 3618 opifex?
1481 3545 1575 3602 sed
1599 3561 1774 3616 neque
1801 3546 2004 3616 aliquid

425 3641 732 3702 subsistere
770 3647 991 3712 potest,
1037 3639 1182 3711 quod
1225 3654 1402 3709 neque
1439 3639 1689 3703 habitum
1737 3653 1835 3694 seu
1871 3639 2001 3693 boni

423 3734 746 3806 qualitatem
779 3749 875 3805 per
899 3733 1158 3789 accidens
1188 3731 1498 3803 participet.
1533 3730 1700 3786 Multa
1733 3729 2004 3801 siquidem

423 3845 454 3882 a
487 3827 783 3899 congenito
813 3826 1078 3882 destituta
1124 3825 1311 3880 habitu
1355 3825 1472 3882 sive
1502 3823 1787 3894 qualitate,
1820 3822 2004 3890 consi-

424 3928 577 3974 stunt
610 3939 624 3976 :
658 3919 822 3985 veluti
878 3919 1108 3991 ignitum
1161 3917 1400 3985 ferrum,
1445 3931 1510 3972 ac
1542 3917 1772 3985 extremi
1803 3917 2004 3983 caloris

420 4013 718 4086 particeps,
768 4011 1043 4068 exstincto
1099 4009 1284 4072 calore
1335 4018 1518 4066 manet
1563 4011 1712 4081 quod
1762 4021 1898 4078 erat,
1949 4022 2004 4068 et

421 4121 562 4176 aqua
592 4105 893 4162 secundum
927 4122 987 4160 se
1015 4103 1234 4176 quidem
1273 4104 1478 4162 dicitur
1506 4121 1629 4160 esse
1671 4106 1999 4162 elementum

421 4198 630 4267 absque
660 4198 952 4268 qualitate;
982 4197 1114 4251 dum
1154 4212 1281 4252 vero
1303 4209 1505 4251 terram
1538 4205 1809 4266 penetrat,
1849 4197 2001 4253 illinc

422 4289 686 4361 qualitate
721 4289 976 4353 donatur,
1013 4299 1066 4342 et
1093 4296 1274 4344 tamen
1306 4289 1414 4344 alio
1447 4287 1713 4354 derivata,
1740 4291 2001 4360 qualitate

420 4382 688 4452 privatur,
740 4386 794 4437 et
828 4381 1008 4437 adhuc
1049 4381 1304 4440 consistit
1333 4399 1348 4435 :
1382 4381 1465 4436 sic
1506 4381 1672 4435 etiam
1715 4382 1907 4436 nivosa
1947 4390 1999 4436 et

2106 3183 2253 3255 αὑτῷ
2285 3183 2430 3237 ἐστιν
2459 3181 2754 3247 ἀποδεῖξαι,
2783 3182 2864 3236 ὅτι
2910 3182 3010 3234 οὑκ
3053 3179 3199 3234 ἔστιν
3229 3181 3385 3235 οὑσία
3411 3182 3473 3235 τὸ
3510 3182 3696 3247 ἁπλῶς

2107 3276 2427 3330 αὑτόκακονο
2457 3275 2548 3329 καί
2579 3291 2763 3345 φησιν,
2793 3275 2875 3327 ὅτι
2897 3274 3044 3328 οὐδὲν
3075 3273 3183 3326 τῶν
3213 3274 3271 3326 ὲν
3300 3276 3416 3337 τοῖς
3442 3270 3567 3328 οῦσι
3604 3276 3695 3329 καὶ

2105 3370 2161 3421 ὲν
2196 3368 2523 3441 δημιουργίᾳ
2555 3367 2819 3438 ἀμέτοχόν
2853 3368 2968 3419 ἑστι
3020 3365 3301 3429 παντελῶς
3333 3367 3427 3420 τοῦ
3461 3367 3690 3437 ἀγαθοῦ·

2103 3461 2172 3514 τά
2220 3461 2329 3534 γάρ
2367 3462 2547 3532 πάντη
2591 3460 2794 3531 ἄμοιρα
2843 3458 2939 3513 τοῦ
2979 3458 3208 3529 ἀγαθοῦ,
3236 3460 3312 3523 ὡς
3341 3459 3476 3532 μηδὲ
3511 3477 3692 3532 παρα-

2105 3551 2300 3622 χθέντα
2331 3553 2435 3608 ὑπὸ
2459 3551 2554 3605 τοῦ
2579 3549 2809 3620 ἀγαθοῦ,
2832 3549 2956 3604 οὑτε
2978 3551 3085 3604 είσί
3105 3567 3118 3582 ⁸
3141 3551 3226 3615 τίς
3256 3551 3414 3614 ἄλλος
3439 3551 3696 3624 δημιουρ-

2103 3644 2219 3712 γός;
2253 3643 2367 3698 ἀλλ’
2399 3643 2524 3698 οὔτε
2553 3641 2773 3698 δύναταί
2799 3659 2853 3696 τι
2887 3641 3220 3713 ὑφεστάναι,
3256 3643 3332 3715 μὴ
3373 3643 3477 3715 τῆς
3525 3642 3693 3709 ἕξεως

2104 3735 2222 3807 ἦτοι
2262 3735 2547 3807 ποιότητος
2584 3733 2678 3787 τοῦ
2717 3733 2925 3802 ἀγαθοῦ
2963 3733 3189 3806 μετέχον
3221 3732 3363 3787 κατὰ
3413 3733 3692 3806 συμϐεϐη-

2102 3828 2213 3892 κός·
2244 3827 2416 3882 πολλὰ
2446 3827 2544 3898 μὲν
2574 3825 2791 3897 γὰρκαὶ
2817 3825 3245 3896 καταλειφθέντα
3266 3826 3373 3880 ὑπὸ
3389 3825 3493 3896 τῆς
3525 3842 3668 3898 προσ

2102 3919 2400 3991 γενομένης
2440 3918 2607 3986 ἕξεως
2645 3920 2763 3992 ἦτοι
2808 3919 3091 3990 ποιότητος
3135 3918 3287 3990 μένει
3337 3918 3655 3972 συνεστῶτα
3676 3935 3690 3950 ο

2101 4006 2212 4064 οἷον
2243 4013 2272 4064 6
2307 4011 2523 4084 σίδηρος
2555 4011 2845 4083 πυρωθεὶς,
2889 4011 2982 4064 καὶ
3016 4010 3350 4084 θερμότητος
3379 4009 3559 4082 ἄκρας
3596 4028 3692 4083 μεο

2102 4102 2373 4168 ταλαὸὼν,
2405 4102 2724 4166 σϐεσθέντος
2751 4102 2848 4155 τοῦ
2884 4103 3088 4174 πυρὸς,
3126 4103 3275 4173 μένει
3303 4104 3442 4174 ὅπερ
3469 4099 3560 4174 ἦν’
3601 4103 3693 4157 καὶ

2101 4195 2164 4248 τὸ
2197 4193 2339 4266 ὕδωρ
2379 4194 2502 4248 καθ’
2531 4194 2693 4247 ἑαυτὸ
2723 4193 2820 4265 μὲν
2855 4193 2918 4248 τὸ
2958 4197 3219 4266 στοιχεῖον
3250 4194 3439 4248 ἄποιον
3471 4193 3692 4263 λέγεται

2101 4281 2263 4350 εἷναι,
2297 4285 2385 4339 διὰ
2413 4285 2470 4338 δὲ
2502 4285 2608 4356 γῆς
2639 4285 2852 4356 παριδν,
2878 4285 3086 4350 ἐκεῖθεν
3116 4284 3382 4350 ποιοῦταν
3417 4286 3512 4340 καὶ
3539 4286 3693 4356 ὅμως

2109 4376 2514 4447 μετοχετευθὲν,
2549 4377 2780 4432 παύεται
2819 4378 2920 4448 τῆς
2950 4377 3267 4448 ποιότητος,
3297 4379 3394 4430 καὶ
3421 4376 3502 4430 ἔτι
3537 4379 3693 4430 συνέ-

422 4475 618 4545 frigida
663 4480 914 4529 cessante
962 4472 1166 4542 frigore
1197 4473 1377 4528 adhuc
1407 4473 1737 4527 consistunt.
1789 4473 1991 4528 Verum

2112 4487 2336 4543 πηκεν·
2379 4470 2523 4524 οὕτω
2573 4471 2666 4525 καὶ
2715 4469 2782 4524 τὰ
2833 4470 3178 4541 χιονιζόμενα
3227 4471 3321 4524 καὶ
3365 4469 3690 4540 ψυχόμενα,

420 4568 586 4621 etiam
621 4581 741 4636 quae
763 4565 874 4619 vita
895 4564 1199 4637 (sensitiva)
1224 4571 1434 4629 carent,
1463 4570 1524 4620 ut
1552 4565 1778 4620 arbores
1814 4573 1870 4619 et
1917 4565 1998 4619 la-

421 4658 577 4728 pides
605 4663 659 4712 et
687 4665 856 4724 astra,
897 4671 1071 4727 eaque
1095 4672 1215 4727 qua:
1243 4663 1424 4710 mente
1445 4665 1672 4719 carent,
1711 4667 1768 4710 ut
1801 4671 1999 4726 pecora

419 4749 784 4807 nihilominus
826 4750 1154 4806 subsistunt.
1207 4747 1350 4804 Deus
1377 4763 1596 4820 quoque
1638 4764 1763 4802 cum
1805 4749 1877 4803 sit
1907 4765 1994 4804 su-

423 4843 832 4914 peressentialis
860 4843 1114 4899 essentia:
1137 4841 1415 4906 eximitur,
1467 4847 1706 4898 attamen
1741 4848 1794 4897 et
1830 4852 1914 4904 est
1944 4853 2000 4896 et

425 4935 586 5008 149
609 4943 736 4990 ante
767 4941 883 5000 est;
910 4950 1021 4989 nun
1045 4935 1170 4990 licet
1190 4942 1371 4994 autem
1396 4934 1476 4990 sic
1495 4934 1562 4988 de
1591 4933 1735 4988 bono
1769 4932 1953 4988 dicere
1981 4951 1997 5004 ;

420 5029 526 5084 nisi
560 5028 708 5082 enim
749 5027 1066 5097 qualitatem
1108 5025 1236 5080 boni
1281 5025 1592 5097 participet,
1629 5025 1683 5079 in
1721 5040 1832 5095 quo
1860 5023 1994 5079 illud

419 5120 723 5176 consistere
758 5133 982 5175 necesse
1009 5126 1092 5174 est
1114 5159 1130 5185 ,
1155 5134 1264 5172 non
1313 5125 1492 5191 potest
1528 5118 1830 5174 subsistere
1865 5137 1877 5171 :
1919 5115 1991 5170 In

419 5213 531 5278 ipso
569 5213 706 5267 enim
748 5211 967 5266 vivimus
1020 5220 1070 5264 et
1121 5227 1336 5276 sumus,
1389 5219 1450 5268 ut
1489 5212 1565 5265 ait
1613 5209 1910 5280 Apostolus
1953 5221 1994 5269 i.

413 5301 550 5367 Quid
595 5306 759 5376 ergo?
809 5306 1250 5375 intemperansne
1291 5303 1420 5358 dum
1484 5303 1852 5372 intemperans
1884 5309 1967 5356 est

511 5425 536 5463 ⁸
566 5421 728 5480 Prov.
753 5439 808 5490 χ,
841 5423 930 5492 12η.
1005 5423 1034 5463 ιι
1073 5421 1260 5478 Matth.
1287 5439 1340 5487 ν,
1371 5421 1461 5479 45.
1546 5429 1564 5462 ί
1598 5422 1719 5476 Act.
1759 5435 1892 5486 xvu,
1921 5409 2013 5472 28.

2108 4563 2464 4634 παυσαμένης
2490 4563 2590 4634 τῆς
2635 4563 2989 4635 ψυχρότητος,
3024 4562 3105 4616 ἐτι
3134 4562 3484 4634 συνέστηκεν.
3529 4560 3691 4616 Ἀλλὰ

2107 4655 2286 4710 καὶτὰ
2315 4654 2462 4727 ζωῆς
2493 4655 2717 4730 ἄμοιρα,
2737 4657 2812 4719 ὡς
2834 4655 3045 4729 δένδρα,
3070 4656 3165 4710 καὶ
3191 4653 3351 4720 λίθοι,
3375 4655 3470 4709 καὶ
3486 4654 3686 4726 ἄστρα,

2107 4751 2199 4803 καὶ
2233 4748 2302 4804 τὰ
2335 4749 2426 4802 νοῦ
2447 4788 2460 4812 ,
2505 4749 2581 4812 ὡς
2623 4749 2692 4804 τὰ
2715 4751 2907 4821 κτήνη,
2937 4751 3086 4820 ὅμως
3112 4748 3420 4818 ὑφίσταται.
3457 4748 3569 4802 Καὶ
3601 4748 3691 4814 οὑ·-

2109 4840 2229 4905 σίας
2260 4841 2316 4894 δὲ
2348 4843 2376 4894 6
2406 4841 2539 4904 Θεὸς
2576 4840 2836 4913 ἐξῄρηται
2885 4839 3210 4912 ὑπερούσιος
3257 4838 3363 4894 ὤν’
3415 4840 3509 4893 καὶ
3535 4840 3689 4910 ὅμως

2106 4933 2224 4987 ἐστὶ
2250 4935 2342 4987 καὶ
2377 4934 2652 5006 πρόεστινο
2675 4932 2818 4987 οὑτω
2850 4931 2906 4986 δὲ
2946 4934 3039 4986 καὶ
3078 4932 3179 4988 οὐκ
3207 4931 3353 4986 ἔστιν
3386 4920 3560 4984 είπεῗν
3595 4932 3689 4984 ἐπὶ

2100 5027 2195 5080 τοῦ
2229 5025 2455 5095 ἀγαθοῦ⁸
2492 5027 2540 5079 εί
2586 5027 2659 5097 μὴ
2700 5025 2808 5098 γὰρ
2855 5026 3070 5097 μετέχοι
3106 5024 3390 5096 ποιότητος
3417 5023 3512 5077 τοῦ
3547 5023 3688 5093 ἀγα·-

2102 5117 2218 5182 θοῦ,
2257 5120 2314 5172 ἐν
2343 5111 2390 5186 ᾧ
2423 5117 2772 5172 συνίστασθαι
2818 5117 2963 5190 χρὴ,
2997 5119 3058 5172 οὑ
3090 5117 3313 5172 δύναται
3344 5116 3684 5187 ὑφεστάναιο

2115 5211 2211 5263 Ἐν
2240 5209 2401 5275 αὐτῷ
2431 5209 2540 5280 γὰρ
2572 5209 2757 5278 ζῶμεν
2787 5207 2887 5264 καὶ
2915 5209 3122 5280 ἐσμὲν,
3157 5209 3232 5273 ῶς
3265 5226 3427 5281 φησιν
3458 5210 3488 5262 6
3521 5207 3685 5261 Ἀπό-

2101 5301 2304 5365 στολος.
2341 5302 2406 5355 Τί
2434 5300 2559 5361 θῦνε
2593 5304 2622 5356 6
2654 5302 2948 5366 ἀκόλαστος
2973 5303 3029 5357 ὲν
3047 5301 3124 5375 τῷ
3153 5300 3508 5370 ἀκολασταίνε
3533 5318 3566 5373 ν
3585 5299 3686 5365 οὑκ

1335 5593 1568 5661 γΑιιιλε
1601 5592 1985 5651 LECTlONES
2019 5590 2110 5648 ar
2145 5545 2703 5654 nonnenonne

461 5728 526 5800 ’νο
559 5763 1075 5849 ἐρρωμενεστέρους.
