3874 6580
147 415 235 472 281
806 409 866 466 S.
907 409 1161 468 MAXIM!
1195 407 1493 470 SCHOLIA
1530 409 1601 466 IN
1637 409 1768 470 LIB.
1804 409 1894 464 DE
1932 409 2182 466 DlVlNlS
2210 407 2611 467 NOMINIBUS.
3290 411 3398 466 282

149 531 410 602 ἐστέρηται
443 531 542 582 τοῦ
567 527 806 597 ἀγαθοῦ;
839 528 934 583 καὶ
963 529 1112 600 ὅμως
1143 528 1437 601 ὑφέστηκεο
1471 528 1565 582 καί
1597 545 1666 599 φη

1802 527 1948 582 bono
1970 527 2249 597 privatur?
2277 535 2331 582 et
2358 537 2541 581 tamen
2568 525 2851 590 subsistit;
2875 525 3008 580 dicit
3028 533 3230 594 autem,
3269 529 3398 584 dum

151 644 194 679 σι
224 625 312 696 μὲν
342 625 460 677 κατ’
499 621 632 676 αὐτὸ
666 622 726 674 τὸ
769 621 1198 688 ἀκολασταίνειν,
1232 622 1307 688 ὡς
1351 624 1407 675 ὲν
1450 623 1666 694 στερήσε

1807 620 2176 690 intemperans
2219 627 2323 685 est,
2364 619 2491 689 quia
2530 619 2674 674 bono
2720 619 2964 689 privatus
3015 621 3241 690 proprie
3289 637 3396 676 non

147 717 210 770 ῶν
237 715 323 768 τοῦ
371 714 580 784 ἀγαθοῦ
625 713 828 786 κυρίως
871 714 972 768 οὑκ
1015 710 1182 778 ἔστιν,
1217 715 1330 769 ἀλλ’
1375 714 1499 769 οὔτε
1535 715 1666 770 δντω

1805 716 1913 774 est,
1949 707 2043 764 sed
2074 724 2174 763 nec
2201 709 2407 780 aliquid
2450 709 2595 764 reale
2615 709 2767 779 cupit
2796 729 2808 762 :
2839 708 2970 778 quid
2994 711 3140 764 enim
3158 719 3244 766 est
3281 711 3395 781 ipsa

146 808 349 878 ὲκθυμεῖ
373 806 438 838 ⁹¹·
482 806 535 859 τί
566 806 672 878 γάρ
712 807 860 860 ἐστιν
899 806 1296 862 αὑτοακολασία
1336 807 1458 879 δίχα
1499 808 1593 860 τοῦ
1627 808 1666 860 εξ

1805 816 1902 871 per
1945 815 2005 855 se
2058 800 2514 871 intemperantia,
2559 801 2679 856 sine
2715 806 2864 855 certa
2896 801 3076 870 specie
3123 803 3398 871 intempe—

145 901 248 963 δους
271 898 358 952 τοῦ
388 898 835 964 ἀκολασταίνεινς
869 899 1018 969 ὅμως
1037 899 1226 970 ἐπειδὴ
1273 899 1412 952 κατά
1449 898 1666 968 ψευδοδο

1803 895 2028 949 τετιιίαεῖ
2049 903 2229 948 tamen
2251 894 2514 964 quoniam
2536 894 2652 964 ipse
2664 902 2849 948 censet
2867 893 3069 947 bonum
3094 895 3239 964 aliqu
3253 895 3321 948 od
3339 895 3393 948 in

147 993 245 1058 ξίαν
268 992 410 1044 δοκεῖ
440 991 605 1054 αὑτὸς
636 991 842 1060 ἀγαθοῦ
874 1009 1018 1056 τινος
1050 991 1270 1062 ἔχεσθαι
1289 1032 1306 1057 ,
1335 991 1430 1046 καὶ
1463 991 1666 1062 ήνῶσθα

1803 985 1942 1043 falsa
1955 985 2215 1056 opinione
2236 986 2458 1051 habere,
2479 1001 2543 1040 ac
2565 986 2619 1039 in
2636 985 2878 1039 amicitia
2893 985 3037 1043 uniri
3057 1001 3181 1040 cum
3200 987 3392 1056 aliquo

146 1083 263 1137 κατά
289 1082 465 1150 φιλίαν
497 1081 578 1153 τῷ
603 1083 1061 1155 συμφθειρομένῳ
1093 1084 1265 1156 αὐτῷ,
1300 1083 1403 1138 κᾶν
1445 1082 1666 1154 διεφθαρ

1800 1080 1963 1135 simul
2003 1094 2128 1133 cum
2173 1080 2310 1151 ipso.
2330 1085 2616 1150 corrupto,
2648 1093 2767 1150 quae
2790 1079 2895 1132 etsi
2926 1078 3233 1148 perniciosa
3260 1095 3383 1136 esse

146 1175 260 1244 μένη
288 1174 410 1244 δοκῇ
441 1175 475 1244 ή
515 1173 665 1241 φιλία
687 1171 846 1238 εἶναι,
866 1174 1015 1244 ὅμως
1034 1173 1128 1226 τοῦ
1159 1172 1304 1227 θείου
1335 1172 1536 1246 ἔρωτος
1554 1174 1666 1245 ἀμυ

1800 1173 2048 1228 videatur
2075 1171 2340 1235 amicitia,
2371 1179 2551 1224 tamen
2586 1178 2670 1226 est
2700 1171 2938 1225 obscura
2967 1170 3141 1224 divini
3177 1173 3380 1228 amoris

144 1266 246 1337 δρόν
273 1269 414 1319 ἐστιν
446 1266 743 1336 ἀπήχημα,
781 1265 878 1320 καὶ
910 1265 999 1319 διὰ
1025 1265 1121 1318 τοῦ
1157 1264 1363 1335 ἀγαθοῦ
1397 1265 1665 1335 φαντασία

1798 1264 2180 1336 portiuncula,
2222 1272 2277 1318 et
2321 1279 2418 1336 per
2447 1267 2651 1318 bonum
2699 1263 2826 1318 boni
2882 1264 3172 1333 imaginem
3213 1279 3382 1319 occu-

144 1358 263 1428 ἔχει’
292 1359 350 1411 οὑ
376 1358 485 1429 γάρ
517 1357 597 1410 δεῖ
619 1359 856 1426 ἀγνοεῖν,
893 1359 996 1421 ὅτι,
1032 1359 1160 1412 ὅταν
1190 1357 1437 1430 κρατηθῇ
1468 1359 1572 1411 ὑπὸ
1601 1375 1666 1410 τοπ

1795 1364 1918 1426 pat;
1959 1373 2069 1412 non
2116 1357 2261 1411 enim
2324 1356 2578 1427 ignorare
2624 1362 2840 1425 Oportet
2877 1354 3046 1425 quod,
3106 1371 3232 1410 cum
3289 1371 3379 1410 ra--

143 1450 306 1519 ἁλόγου
351 1449 548 1520 μέρους
588 1449 650 1502 τὸ
690 1449 906 1518 λογικὸν
954 1450 1057 1520 τῆς
1087 1449 1300 1521 ψυχῆς,
1345 1449 1666 1520 ὲμποδίζετα

1796 1448 2016 1504 tionalis
2040 1464 2167 1521 pars
2191 1448 2385 1502 anima:
2414 1448 2482 1502 ab
2513 1446 2819 1502 irrationali
2851 1457 3174 1516 superatur,
3209 1447 3380 1518 impe-

145 1542 226 1612 μὲν
260 1543 322 1595 τά
363 1543 540 1598 οἰκεῖα
582 1541 848 1613 ἐνεργεῖν,
901 1541 1211 1608 συνὼξάζει
1249 1542 1306 1600 δὲ
1339 1540 1482 1596 οὕτω
1509 1541 1666 1595 λοιπὸη

1794 1540 1976 1595 diatur
2005 1540 2225 1612 quidem
2257 1539 2480 1611 prepria
2511 1540 2667 1595 obire
2702 1540 2921 1604 munia,
2957 1540 3036 1594 sic
3066 1554 3196 1595 vero
3225 1548 3378 1609 post-

140 1634 202 1705 τῷ
229 1635 412 1704 ἀλόγῳ,
446 1634 522 1698 ὡς
548 1636 684 1706 μήτε
718 1637 940 1706 κρατεῖν
971 1635 1136 1689 αὑτοῦ
1163 1634 1272 1688 τῶν
1302 1633 1488 1705 ὁρμῶν
1507 1673 1522 1697 ,
1555 1633 1666 1705 μήτ

1793 1648 1856 1687 ea
1880 1647 2004 1686 cum
2037 1632 2340 1686 irrationali
2370 1635 2662 1696 consentit,
2686 1639 2742 1684 ut
2768 1647 2943 1700 neque
2976 1631 3210 1700 impetus
3230 1632 3376 1687 illius

143 1723 542 1797 συμψηφίζεσθαι
593 1729 715 1792 ταῖς
761 1726 1044 1798 πράξεσιν
1097 1728 1154 1781 αἱ
1199 1725 1308 1798 γὰρ
1363 1723 1666 1796 ψευδοδοξία

1790 1724 2064 1788 cohibeat,
2124 1741 2300 1795 neque
2351 1725 2598 1780 actiones
2640 1724 2995 1793 comprobet;
3045 1739 3172 1778 nam
3225 1723 3377 1780 falsa:

141 1817 220 1870 οὐκ
237 1819 332 1870 εἰσὶ
362 1818 456 1871 τοῦ
500 1817 722 1886 λογικοῦ
756 1818 928 1883 δόξαι,
967 1818 1091 1873 οὔτε
1123 1820 1179 1873 αἱ
1211 1818 1427 1888 ψευδεῖς
1463 1817 1666 1874 διάνοια

1791 1816 2078 1886 Opiniones
2109 1832 2217 1872 non
2250 1824 2380 1878 sunt
2410 1817 2697 1886 opiniones
2731 1817 3020 1871 rationalis
3050 1816 3246 1886 partis,
3273 1832 3376 1872 nec

139 1909 224 1962 τῶν
248 1911 484 1965 διανοιῶν
526 1885 623 1965 τοῦ
662 1911 882 1980 λογικοῦ
916 1913 1132 1984 μέρους·
1165 1885 1284 1966 οὔτε
1324 1909 1434 1982 γὰρ
1461 1911 1666 1972 διάνοια

1793 1885 1944 1964 falsae
1983 1909 2381 1964 intellectiones
2419 1885 2548 1964 sunt
2592 1909 2880 1963 rationalis
2926 1885 3099 1978 partis
3151 1908 3369 1962 intelle-

138 2002 315 2072 κυρίως
347 2003 401 2055 αἱ
447 2002 682 2072 ψευδεῖς.
733 2003 928 2057 Ἔνθεν
973 2004 1068 2058 καὶ
1107 2005 1136 2058 6
1177 2004 1406 2076 θυμικὸς
1447 2005 1558 2058 ἔσθ’
1599 2006 1688 2058 ὅτε

136 2093 449 2162 ἐσφαλμένως
495 2093 804 2160 ἐπέξεισιν·
851 2095 1000 2166 ὅμως
1047 2097 1146 2148 οὑκ
1175 2096 1403 2169 ἄμοιρος
1459 2095 1684 2174 ἀγαθοῦ,

135 2183 278 2237 δοκῶν
305 2186 394 2237 ἐπὶ
421 2184 705 2256 διορθώσει
731 2185 830 2239 τοῦ
862 2187 1224 2258 κολαζομένου
1271 2188 1349 2258 τῷ
1378 2187 1533 2259 θυμῷ
1558 2188 1688 2258 χρῆ·

134 2275 250 2338 σθαι,
275 2277 362 2329 κα)⁵
388 2278 416 2329 ό
445 2277 671 2347 αἰσχρὸς
700 2276 876 2340 οὑτως
910 2276 1151 2331 ὑπονοῶν
1182 2278 1383 2347 ἀγαθὸν
1410 2279 1560 2342 τέλος
1588 2279 1686 2349 τὴν

133 2365 310 2436 ήὼνήν.
341 2366 432 2419 Ἐκ
479 2367 673 2420 τούτου
717 2363 810 2420 οὖν
847 2369 940 2426 καὶ
977 2370 1027 2421 οἱ
1057 2368 1473 2440 θεομαχοῦντες,
1505 2370 1592 2424 διά
1621 2371 1683 2423 τὸ

129 2457 240 2522 ὅλως
268 2455 398 2512 εἶναι
428 2460 535 2520 ὑπὸ
563 2459 656 2512 τοῦ
687 2459 918 2528 ἀγαθοῦ,
943 2461 1372 2534 συγχωροῦνται·
1396 2463 1576 2535 τὸγὰρ
1605 2464 1678 2534 μὴ

129 2549 454 2621 ἐστερημένον
483 2550 583 2604 τοῦ
615 2550 806 2615 καλοῦ,
837 2551 971 2606 ἀλλὰ
1004 2553 1243 2626 μερικῶς
1270 2554 1400 2607 αὑτὸ
1428 2555 1488 2608 τὸ
1526 2557 1679 2606 ἐστε-

130 2640 328 2710 ρημένον
362 2641 455 2694 τοῦ
477 2640 684 2710 ἀγαθοῦ
717 2641 1056 2708 συνεστάναι,
1082 2645 1224 2699 ποιεῖ
1263 2643 1324 2695 τὸ
1351 2643 1488 2706 ὅλως
1520 2642 1678 2713 μετέ..

124 2747 219 2799 χειν
238 2749 284 2784 τι
306 2732 394 2785 τοῦ
424 2731 653 2801 ἀγαθοῦ.
689 2733 764 2786 Οὑ
797 2732 906 2805 γὰρ
941 2737 974 2806 ἡ
1013 2735 1234 2806 μερικὴ,
1269 2733 1384 2787 ἀλλ’
1416 2737 1450 2806 ή
1486 2753 1677 2790 παντε-

122 2822 203 2894 λὴς
240 2824 463 2895 ἔλλειψις
511 2823 608 2879 τοῦ
655 2824 861 2894 ἀγαθοῦ
893 2828 1011 2884 ἐστι
1057 2827 1118 2879 τὸ
1165 2827 1351 2880 κακόνο
1387 2828 1482 2881 καὶ
1511 2829 1572 2881 οὑ
1611 2827 1675 2884 τὸ

126 2916 350 2986 μερικῶς,
374 2916 510 2974 ἀλλά
539 2917 602 2970 τὸ
633 2916 906 2981 παντελῶς
935 2917 1031 2972 τοῦ
1061 2918 1265 2988 ἀγαθοῦ
1288 2922 1480 2993 ὲστερη
1491 2920 1668 2990 μένον,

122 3009 251 3062 τοῦτο
277 3009 392 3063 οὔτε
424 3006 516 3087 ἦν,
551 3007 676 3063 οὔτε
709 3011 877 3074 ἐστὶν,
911 3009 1034 3066 οὔτε
1067 3010 1242 3077 ἔσται,
1276 3009 1400 3066 οὔτε
1428 3008 1672 3069 εἷναιδύσ-

121 3117 272 3156 ναται.

1791 2003 2039 2069 ctioncs;
2078 2002 2228 2057 falsa:
2255 2001 2400 2056 enim
2434 2016 2542 2054 non
2588 2012 2716 2055 sunt
2781 2000 3002 2070 proprie
3045 2000 3373 2055 intellectio-

1789 2108 1908 2148 nes.
1947 2091 2086 2146 Hinc
2119 2093 2283 2146 etiam
2319 2092 2620 2146 iracundus
2650 2093 2981 2162 quandoque
3021 2107 3145 2146 cum
3185 2107 3372 2148 errore

1788 2185 1998 2254 impetit
2031 2204 2043 2240 :
2084 2201 2192 2238 non
2224 2193 2406 2239 tamen
2435 2199 2631 2253 expers
2666 2193 2750 2238 est
2798 2183 2961 2250 boni,
3002 2200 3126 2238 cum
3161 2183 3370 2252 judicet

1787 2275 1842 2329 in
1869 2277 2013 2332 illius
2056 2275 2149 2346 qui
2182 2278 2408 2344 pttuilut‘
2451 2274 2812 2338 correctione,
2846 2275 2928 2328 ira
2960 2273 3372 2339 utendum,sic-

1785 2385 1891 2438 que
1935 2370 2208 2425 obscenus
2257 2367 2387 2422 dum
2442 2368 2778 2438 voluptatem
2825 2367 2986 2422 finem
3028 2367 3233 2421 bonum
3274 2382 3370 2423 su-

1782 2459 2042 2530 Spicatur.
2077 2458 2156 2513 Ex
2179 2459 2284 2514 hoc
2322 2459 2489 2530 igitur
2510 2460 2674 2514 etiam
2707 2459 2801 2530 qui
2834 2458 3001 2514 Deum
3047 2465 3368 2528 oppugnant

1780 2553 1981 2616 abono
2015 2552 2408 2622 permittuntur
2437 2553 2564 2622 quia
2592 2552 2839 2606 absolute
2863 2557 3019 2616 sunt;
3049 2549 3192 2620 quod
3218 2551 3363 2605 enim

1779 2646 2007 2714 pulchro
2050 2661 2162 2700 non
2211 2645 2437 2700 omnino
2478 2644 2749 2715 privatum
2781 2651 2902 2707 est,
2951 2643 3046 2698 sed
3085 2659 3149 2698 ex
3183 2653 3361 2712 parte,

1776 2739 2094 2793 exsistentia
2124 2739 2250 2792 boni
2281 2740 2576 2808 privatum,
2620 2737 2750 2791 facit
2773 2744 2830 2790 ut
2863 2735 3070 2806 aliquid
3108 2737 3364 2792 absolute

1773 2827 1902 2883 boni
1921 2830 2243 2900 participet;
2275 2846 2386 2884 non
2417 2830 2560 2883 enim
2593 2828 2972 2899 particularis,
2995 2829 3089 2883 sed
3134 2830 3361 2884 omnino

1773 2921 2044 2991 perfectus
2060 2921 2186 2975 boni
2199 2921 2445 2976 defectus
2461 2929 2544 2976 est
2560 2921 2782 2985 malum,
2798 2920 3068 2990 siquidem
3086 2929 3194 2974 non
3210 2920 3358 2990 quod

1770 3029 1833 3068 ex
1860 3020 2034 3082 parte,
2064 3013 2158 3069 sed
2183 3013 2329 3084 quod
2372 3029 2599 3084 prorsus
2627 3013 2770 3068 bono
2793 3013 3066 3082 privatum
3091 3019 3196 3075 est,
3223 3013 3356 3068 illud

1769 3120 1947 3174 neque
1971 3113 2108 3169 erat,
2134 3121 2311 3176 neque
2328 3114 2434 3171 est,
2455 3121 2630 3176 neque
2658 3105 2786 3168 erit,
2807 3120 2984 3175 neque
3006 3120 3128 3160 esse
3151 3110 3354 3174 potest.

182 3195 311 3248 Οὔτε
342 3194 532 3250 ὄντων
557 3196 848 3265 ἐπιθυμεῖ.
881 3197 1001 3251 ’Ότι
1047 3199 1076 3250 6
1121 3197 1419 3262 ἀκόλαστος
1437 3237 1452 3264 ,
1485 3199 1534 3252 εί
1569 3199 1663 3253 καὶ

1840 3195 2020 3269 Neque
2047 3197 2332 3268 quidquam
2360 3199 2698 3267 concupiscit.
2725 3195 3201 3268 lntemperantem,
3224 3197 3352 3260 etsi,

121 3286 237 3338 κατά
261 3287 316 3340 τὸ
340 3288 471 3341 αὑτὸ
497 3288 560 3341 τὸ
587 3287 995 3343 ἀκολασταίνειν
1015 3288 1141 3342 οὔτε
1170 3291 1319 3343 ἐστὶν
1347 3289 1469 3344 οὔτε
1498 3290 1665 3346 ὄντων

119 3376 357 3448 ἐπιθυμεῖ,
387 3381 538 3450 ὅμως
568 3382 688 3433 κατ’
719 3379 852 3433 αὑτὸ
878 3381 939 3434 τὸ
969 3381 1069 3452 τῆς
1093 3380 1338 3447 ἑνώσεως
1367 3383 1460 3437 καὶ
1489 3384 1671 3454 φιλίας

121 3469 275 3538 σχῆμα
302 3471 554 3542 ἀμυδρῶς
588 3471 803 3543 μετέχει
827 3471 922 3527 τοῦ
952 3472 1182 3541 ἀγαθοῦ.

175 3561 312 3629 Πρὸς
338 3564 399 3616 τὸ
442 3563 669 3619 δοκοῦν
700 3565 906 3627 καλόν.
939 3565 1272 3636 Σημείωσαι,
1303 3569 1385 3623 ὅτι
1413 3570 1507 3623 καὶ
1535 3569 1563 3620 6
1589 3568 1668 3640 τῷ

120 3650 247 3725 θυμῷ
272 3657 658 3729 ἀποχρώμενος
693 3659 940 3728 μετέχειν
979 3657 1194 3726 λέγεται
1239 3660 1334 3714 τοῦ
1360 3659 1568 3731 ἀγαθοῦ
1609 3665 1666 3716 ἐν

117 3745 180 3814 τῷ
203 3748 324 3818 πρὸς
357 3750 642 3821 διόρθωσιν
687 3749 953 3807 κινεῖσθαι
994 3751 1102 3806 τῶν
1133 3752 1430 3810 δοκούντων
1457 3755 1662 3809 κακῶν

114 3835 233 3890 οὕτω
259 3841 398 3894 καὶὸ
425 3842 729 3914 χειρίστης,
778 3843 944 3914 ἤγουν
994 3844 1260 3915 κακίστης
1304 3845 1452 3918 ζωῆς
1513 3848 1663 3917 ἐφιέ-

118 3944 250 3997 μενος
277 3933 487 4004 μετέχει
515 3933 611 3986 τοῦ
655 3933 863 4001 ἀγαθοῦ
901 3935 960 3987 ὲν
989 3935 1068 4006 τῷ
1105 3936 1208 4006 τῆς
1251 3937 1478 4010 ἀρίστης
1519 3939 1665 4010 ζωῆς

114 4019 238 4090 αὑτῴ
275 4022 534 4095 δοκούσης
578 4023 845 4093 ἐφίεσθαι·
878 4027 972 4087 καὶ
1010 4028 1039 4080 6
1067 4026 1129 4080 τὸ
1160 4027 1328 4086 κακὸν
1355 4028 1412 4083 δὲ
1442 4028 1661 4100 μετιὼν,

112 4110 160 4163 ὲν
179 4113 244 4183 τῷ
269 4114 440 4168 δοκεῖν
468 4115 633 4170 καλὸν
663 4119 858 4183 ποιεῖν,
902 4119 1118 4189 μετέχει
1144 4119 1239 4173 τοῦ
1262 4121 1489 4189 ἀγαθοῦ.

165 4206 289 4259 Καθ’
305 4206 454 4261 ὅσον
475 4207 576 4260 καὶ
594 4208 799 4274 νόσος.
817 4209 881 4261 Ἦ
893 4210 1066 4278 νόσος,
1083 4210 1323 4282 εὔδηλον,
1339 4213 1417 4277 ὡς
1431 4213 1662 4285 ἔλλειψίς

111 4294 232 4357 ἐστιν
246 4299 469 4367 ὑγιείας,
490 4301 588 4354 καὶ
608 4300 878 4372 ὑπερϐολὴ
898 4305 1163 4374 σωμάτων
1188 4303 1409 4372 ὲνύλων,
1423 4304 1548 4360 οὔτε
1574 4307 1664 4378 μέο

109 4403 230 4457 τρον,
250 4390 368 4444 οὔτε
389 4390 542 4456 τάξιν
567 4391 971 4464 ὲχομένη,ἀλλά
988 4395 1055 4447 δι’
1080 4395 1350 4466 ἀκρασίας
1380 4395 1487 4449 τῶν
1521 4395 1662 4449 ὑλῶν

110 4481 216 4545 μιᾶς
237 4482 369 4552 ὑπὲρ
395 4482 492 4552 τὴν
512 4481 774 4535 εὔτακτον
804 4486 999 4555 κρᾶσιν
1028 4484 1424 4558 στασιαζούσης
1444 4487 1661 4540 ποιούν-

1773 3299 2044 3361 quatenus
2071 3291 2442 3362 intemperans
2463 3299 2568 3356 est,
2607 3306 2784 3361 neque
2815 3291 2906 3353 sit,
2945 3307 3122 3361 neque
3148 3291 3355 3360 aliquid

1773 3385 1919 3440 reale
1947 3385 2160 3455 cupiat;
2194 3393 2378 3462 tamen
2419 3384 2536 3454 ipsa
2567 3382 2832 3437 unitiouis
2865 3389 2922 3436 et
2949 3383 3204 3438 amicitia:
3229 3398 3357 3454 spe-

1771 3479 1875 3541 cie.
1903 3479 2137 3534 obscure
2164 3478 2371 3532 bonum
2403 3476 2754 3547 participare.

1834 3569 1924 3623 ‘Ad
1952 3569 2008 3623 id
2033 3568 2172 3639 quod
2203 3568 2325 3622 boni
2353 3569 2572 3638 speciem
2585 3583 2697 3637 pra:
2714 3585 2769 3622 se
2791 3565 3092 3636 fert.Nota,
3120 3567 3356 3623 abuten-

1772 3669 1879 3717 tetn
1913 3663 1993 3716 ira
2024 3661 2136 3716 dici
2173 3661 2495 3731 participem
2521 3661 2674 3725 boni,
2707 3668 2981 3730 quatenus
3007 3668 3259 3716 movetur
3285 3660 3354 3715 ad

1768 3754 2166 3809 correctionem
2196 3769 2386 3809 eorum
2422 3768 2542 3824 quae
2591 3753 2735 3806 mala
2784 3752 3072 3819 videntur;
3123 3753 3197 3807 ita
3229 3768 3356 3823 pes-

1769 3848 1920 3902 simae
1966 3863 2063 3902 seu
2109 3847 2517 3902 scelestissimre
2564 3845 2798 3915 cupidus
2850 3845 2973 3898 vitae
3002 3845 3148 3898 bono
3181 3845 3354 3913 parti-

1766 3938 1946 4008 cipat,
1978 3946 2250 4009 quatenus
2299 3939 2489 4003 vitam,
2528 3952 2651 4006 quae
2706 3936 2911 4006 optima
2952 3936 3058 4004 ipsi
3109 3936 3346 3999 videtur,

1765 4032 1948 4101 cupit;
1981 4041 2145 4102 atque
2187 4032 2232 4086 is
2267 4032 2362 4101 qui
2415 4030 2618 4083 malum
2658 4027 3032 4098 persequitur,
3075 4035 3348 4098 quatenus

1765 4121 1984 4177 videtur
2011 4121 2240 4176 honeste
2271 4120 2473 4182 facere,
2507 4119 2634 4173 boni
2667 4118 2723 4172 tit
2754 4120 3050 4190 particeps.

1842 4212 2003 4288 150
2033 4211 2181 4267 Sicut
2223 4213 2381 4270 etiam
2425 4211 2659 4265 morbus.
2700 4210 2920 4264 Clarum
2965 4218 3050 4264 est
3093 4210 3344 4263 morbum

1762 4320 1886 4361 esse
1935 4304 2207 4360 defectum
2250 4305 2503 4360 sanitatis
2525 4343 2541 4368 ,
2573 4311 2628 4358 et
2662 4317 2946 4357 excessum
2983 4301 3345 4356 materialiuin

1762 4413 2091 4469 corporum,
2123 4414 2301 4469 neque
2349 4412 2689 4463 mensuram,
2728 4412 2906 4466 neque
2945 4395 3192 4451 ordinem
3247 4397 3346 4449 ha-

1761 4490 2002 4554 bentem,
2037 4489 2132 4545 sed
2184 4506 2280 4560 per
2323 4490 2699 4560 intemperiem
2752 4489 2915 4544 unius
2955 4488 3196 4543 materia:
3223 4505 3345 4558 qua:

106 4583 192 4620 των
218 4573 309 4643 τὴν
345 4574 519 4628 νόσον.
562 4575 685 4627 Ἐπὶ
712 4574 964 4634 τοσοῦτον
996 4577 1092 4648 μὲν
1121 4573 1216 4632 οῦν
1249 4579 1282 4650 ἡ
1320 4579 1474 4643 νόσος
1507 4580 1656 4634 ἐστὶν

1774 4597 1899 4637 Jene
1940 4582 2303 4636 constitutum
2341 4582 2672 4651 perturbans
2721 4588 3210 4651 temperamentum
3251 4597 3344 4651 ge—

103 4659 236 4732 ἐντῷ
263 4665 488 4735 σώματι,
521 4667 607 4735 ἐφ’
636 4667 758 4722 ὅσον
778 4667 1026 4721 ὁπωσοῦν
1055 4668 1256 4739 ήτάξις
1283 4670 1538 4737 ἐλλείποι,
1561 4674 1654 4726 καὶ

101 4750 153 4802 τὸ
178 4756 318 4826 σῶμα
340 4758 673 4810 συνίσταται·
706 4760 755 4812 εί
784 4757 891 4830 γάρ
921 4760 1191 4832 παντελὴς
1218 4763 1475 4836 ἀμετρία,
1499 4765 1652 4818 λύσει

101 4844 153 4896 τὸ
177 4847 339 4918 σῶμα,
367 4850 613 4903 τουτέστι
639 4849 748 4904 τῶν
781 4850 924 4906 ὑλῶν
961 4852 1059 4925 τὴν
1103 4852 1277 4921 τάξιν,
1307 4858 1400 4910 καὶ
1432 4859 1464 4928 ὴ
1496 4857 1652 4923 νόσος

98 4937 404 5003 ἀφανίζεται,
431 4941 530 4995 τοῦ
563 4941 818 5014 σώματος
856 4944 1118 5016 λυομένου
1149 4950 1208 5004 ὲν
1245 4942 1290 5016 ᾧ
1331 4951 1650 5023 συνεστήκει

97 5025 128 5096 ἡ
152 5029 303 5094 νόσος·
332 5032 473 5087 οὑτω
507 5035 602 5087 καὶ
623 5035 717 5087 ἐπὶ
744 5035 838 5090 τοῦ
867 5037 1075 5105 ἀγαθοῦ
1102 5040 1162 5093 ὲν
1187 5041 1298 5110 ὅσῳ
1329 5040 1559 5106 σώζεται
1587 5044 1648 5096 ὲν

97 5116 227 5186 inuiti,
264 5122 454 5194 ἔχομεν
499 5124 748 5188 ἐξουσίαν
777 5127 1038 5198 πράττειν
1081 5130 1174 5183 καὶ
1205 5131 1268 5184 τὸ
1303 5133 1491 5186 κακόνο
1523 5135 1648 5204 ἀφι-

99 5214 334 5282 σταμένου
362 5215 470 5286 γὰρ
507 5216 602 5270 τοῦ
641 5216 870 5287 ἀγαθοῦ,
913 5219 1036 5276 οὑτε
1072 5223 1239 5282 κακὸν
1283 5223 1428 5278 ἐστιν
1470 5226 1650 5298 εὑρεῖν

95 5306 146 5353 ἐν
171 5306 307 5375 ἡμῖν.

162 5397 220 5449 Τὸ
243 5397 348 5467 τὰρ
379 5400 576 5470 πάντη
609 5401 876 5472 ἄμοιρον.
903 5401 968 5460 '0
998 5409 1198 5472 σκοπὸς
1224 5411 1318 5469 τοῦ
1353 5411 1498 5464 θείου
1527 5413 1650 5464 Διο-

93 5486 255 5542 νυσίου
281 5493 344 5544 ὲκ
371 5493 579 5546 πολλῶν
612 5495 808 5567 σαφής·
843 5499 1145 5570 μαχόμενος
1173 5505 1293 5565 ταῖς
1329 5519 1490 5557 τινων
1529 5503 1648 5565 Έλ-

1757 4683 1912 4729 neret
1941 4675 2230 4741 morbum;
2263 4682 2493 4729 eatenus
2534 4673 2700 4743 igitur
2733 4673 2957 4727 morbus
3004 4680 3088 4727 est
3133 4672 3186 4726 in
3219 4688 3345 4726 cor-

1755 4780 1906 4835 pore,
1935 4775 2208 4836 quatenus
2237 4766 2638 4836 aliquantulum
2663 4764 2798 4819 ordo
2827 4765 3029 4831 deﬁcit,
3053 4772 3108 4818 et
3137 4780 3342 4834 corpus

1753 4859 2046 4926 consistit;
2084 4859 2132 4914 si
2162 4859 2306 4914 enim
2339 4858 2616 4929 perfectus
2642 4858 2713 4913 sit
2744 4874 3017 4913 mensura:
3052 4874 3334 4920 excessus,

1751 4967 1954 5022 corpus
1991 4952 2272 5013 dissolvet.
2303 4951 2356 5006 id
2388 4957 2474 5005 est
2506 4951 2748 5005 materia:
2780 4951 3047 5015 ordinem,
3097 4951 3338 5006 destrui-

1752 5053 1954 5114 turque
1972 5043 2220 5107 morbus,
2241 5043 2512 5098 dissoluto
2532 5058 2760 5112 corpore
2782 5042 2836 5095 in
2851 5059 2960 5113 quo
2976 5043 3330 5097 constiterat:

1753 5137 1828 5190 ita
1858 5136 2019 5191 etiam
2054 5136 2110 5189 in
2157 5135 2301 5190 bono
2338 5142 2611 5204 quatenus
2654 5134 2709 5189 in
2748 5135 2907 5189 nobis
2945 5141 3324 5196 conservatur,

1748 5235 2070 5300 potestatem
2099 5227 2364 5282 habemus
2385 5225 2621 5281 faciendi
2638 5226 2804 5282 etiam
2827 5227 3064 5290 malum;
3097 5226 3326 5278 absente

1745 5320 1890 5375 enim
1917 5319 2081 5382 bono,
2116 5319 2319 5372 malum
2353 5319 2407 5374 in
2433 5319 2594 5374 nobis
2623 5334 2732 5373 non
2761 5320 3077 5388 reperietur.

1819 5410 1972 5477 Quod
2000 5411 2138 5464 enim
2163 5411 2378 5471 omnino
2403 5428 2587 5481 expers
2619 5421 2717 5464 est.
2756 5410 2966 5480 Scopus
3002 5408 3172 5463 divini
3201 5407 3328 5462 Dio-

1747 5503 1894 5575 nysii
1937 5520 2001 5560 ex
2045 5504 2234 5560 multis
2275 5513 2424 5575 patet
2449 5521 2464 5556 :
2489 5520 2813 5575 oppugnans
2853 5503 2996 5558 enim
3040 5501 3326 5573 gentilium

993 5747 1223 5808 VARIIE
1265 5751 1653 5828 LECTIO'NES
1695 5753 1781 5808 ET
1818 5751 2368 5812 EORRECTIONES.

119 5895 158 5928 ⁸³
209 5899 469 5973 ἐπιθυμεῖ.
