3872 6548
496 394 605 451 285

1318 397 1663 454 ΑΡΡΕΝΒΙΧ
1697 398 1789 452 AD
1822 395 2054 453 OPERA
2099 394 2156 451 S.
2201 392 2500 451 DIONYSII
2535 391 3017 452 AREOPAGITE.

3638 391 3756 448 881

496 507 859 579 quorumdam
892 514 1183 583 opiniones
1224 512 1293 569 de
1340 513 1488 569 malo
1510 554 1524 578 ,
1553 512 1688 568 dicit
1729 513 1934 567 malum
1964 525 2076 567 non

2200 511 2357 583 ιήνων
2386 510 2565 577 δόξαις
2593 512 2721 583 περῖ⁵
2750 509 2845 565 τοῦ
2889 507 3085 575 κακοῦ,
3123 488 3273 579 λέγει
3305 510 3352 542 ’⁸
3380 510 3489 583 γάρ
3521 514 3599 585 μὴ
3623 505 3756 564 εἷναι

496 616 622 657 esse
662 616 795 670 ens;
846 606 1049 659 malum
1093 605 1240 661 enim
1292 605 1471 675 ipsum
1518 620 1748 676 prorsus
1793 602 2088 660 essentiale

500 709 611 749 non
646 706 833 763 posset
861 698 1154 762 exsistere,
1202 698 1312 753 nisi
1351 698 1653 754 universali
1690 697 1820 754 boni
1868 695 2086 752 delectu

502 789 741 843 totaliter
768 790 932 859 hujus
967 806 1164 861 expers
1195 800 1369 859 esset;
1405 791 1540 847 illud
1583 799 1766 847 autem
1814 803 2085 861 nusquam

500 887 585 934 est
637 881 899 949 reperire,
935 897 1113 951 neque
1149 883 1203 936 in
1250 883 1369 953 ipsa
1423 882 1646 937 informi
1698 883 1951 949 materia,
1981 883 2085 938 etsi

501 969 606 1023 hoc
630 971 959 1040 quibusdam
989 974 1272 1043 gentilium
1303 973 1588 1042 videatur;
1620 974 1763 1045 quod
1788 974 1937 1030 enim
1965 989 2087 1029 om-

500 1061 633 1116 nino
660 1076 691 1115 a
718 1062 829 1118 Deo
859 1064 1186 1134 productum
1216 1074 1321 1128 est,
1350 1068 1602 1137 quamvis
1624 1067 1928 1123 obscureet
1946 1080 2084 1137 pOst-

505 1172 682 1229 remn,
765 1156 1123 1213 nihilominus
1165 1158 1367 1213 bonum
1411 1160 1723 1230 participat.
1757 1157 1873 1214 Hoc
1903 1168 2084 1214 autem

502 1247 762 1319 deinceps
791 1250 845 1303 in
882 1250 1095 1306 decimo
1128 1251 1519 1321 disputationis
1555 1252 1719 1322 hujus
1749 1251 1929 1323 capite
1960 1266 2087 1322 per-

504 1340 643 1395 tecte
670 1341 1011 1398 demonstrat
1034 1361 1048 1409 ;
1089 1344 1135 1399 si
1164 1346 1308 1399 enim
1334 1345 1537 1399 malum
1568 1360 1692 1399 cum
1714 1344 1861 1399 bono
1887 1344 2087 1399 misce-

500 1440 675 1495 retur,
713 1433 767 1488 id
796 1442 882 1488 est
919 1435 1121 1490 alicubi
1165 1436 1386 1506 quidem
1427 1453 1535 1491 non
1565 1452 1665 1491 ens
1694 1443 1841 1492 esset
1877 1435 1933 1489 in
1970 1434 2086 1490 exi-

504 1541 613 1596 guo
640 1526 765 1580 boni
798 1526 1012 1583 defectu
1047 1548 1060 1583 :
1088 1529 1286 1583 alicubi
1310 1539 1489 1585 autem
1521 1545 1629 1584 non
1652 1545 1752 1585 ens
1780 1536 1927 1585 esset
1958 1528 2086 1599 quia

504 1618 731 1671 omnino
759 1627 843 1674 est
872 1623 964 1689 qui
993 1618 1142 1683 facit,
1177 1635 1287 1674 non
1314 1619 1421 1674 hoc
1453 1620 1681 1687 malum;
1712 1635 1819 1675 non
1848 1620 1994 1675 enim
2029 1618 2086 1673 in

506 1706 844 1776 aliquantulo
874 1709 1111 1774 defectu,
1144 1709 1241 1765 sed
1284 1709 1339 1764 in
1381 1710 1678 1765 universali
1706 1709 1833 1764 boni
1866 1707 2081 1764 defectu

505 1800 713 1854 malum
736 1801 1025 1868 consistit;
1059 1802 1203 1871 quod
1232 1802 1397 1871 igitur
1416 1817 1608 1871 parum
1648 1814 1679 1854 a
1704 1801 1850 1855 bono
1871 1799 2079 1865 deﬁcit,

507 1907 618 1946 non
638 1900 723 1947 est
752 1894 987 1960 malum;
1016 1901 1199 1963 potest
1230 1894 1376 1949 enim
1405 1893 1569 1948 etiam
1601 1891 1902 1961 perfectum
1939 1907 2082 1955 esse,

506 1992 772 2055 quantum
797 1984 865 2040 ad
895 1999 1050 2039 suam
1078 1992 1367 2051 naturam;
1405 1983 1611 2053 aliquid
1631 1983 1777 2038 enim
1808 1990 1914 2044 est,
1939 1981 2084 2052 quod

506 2082 759 2144 respectu
805 2076 933 2130 boni
966 2075 1245 2140 deﬁciens,
1283 2083 1534 2146 respectu
1565 2089 1696 2130 vero
1738 2078 1946 2128 natura:
1975 2088 2087 2130 suae

508 2165 808 2234 perfectum
832 2168 923 2233 sit,
950 2169 1093 2239 quod
1116 2169 1366 2239 equidem
1391 2169 1593 2223 bonum
1615 2175 1718 2235 est,
1743 2181 2087 2237 nequaquam

507 2275 641 2316 vero
662 2262 894 2329 malum;
924 2271 1088 2333 atque
1111 2261 1246 2317 adeo
1272 2261 1546 2331 particeps
1569 2258 1814 2316 defectus
1835 2265 2088 2329 respectu

510 2352 668 2423 primi
692 2352 840 2409 boni.
867 2353 1023 2419 Quod
1041 2369 1172 2408 vero
1202 2368 1311 2407 non
1344 2366 1574 2423 prorsus
1605 2365 1801 2422 expers
1826 2357 1911 2405 est
1934 2350 2084 2412 boni,

509 2444 606 2500 sed
624 2445 858 2515 amplius
875 2445 1142 2501 accedens
1163 2445 1229 2499 ad
1261 2444 1485 2509 malum,
1510 2459 1619 2499 non
1643 2442 1866 2497 omnino
1883 2441 2087 2495 malum

509 2545 593 2592 est
614 2554 630 2604 ;
655 2538 798 2594 sicut
827 2539 992 2594 etiam
1015 2538 1162 2609 quod
1187 2539 1371 2592 minus
1412 2537 1479 2591 ad
1501 2537 1703 2592 bonum
1732 2535 1963 2599 accedit,
1991 2534 2092 2588 ali-

510 2628 643 2699 quid
677 2630 805 2685 boni
842 2630 1024 2694 habet,
1056 2638 1219 2700 atque
1249 2630 1316 2683 ab
1347 2629 1467 2699 ipso
1496 2626 1861 2684 substantiam
1893 2624 2042 2696 capit
2073 2644 2087 2678 :

512 2735 781 2790 suamque
812 2721 1172 2791 privationem
1204 2720 1442 2776 essentia
1476 2720 1665 2784 donat,
1696 2718 1826 2772 dum
1851 2717 2093 2772 totaliter

513 2812 582 2868 de
612 2814 757 2867 bono
796 2819 1002 2879 certat;
1035 2814 1081 2869 si
1105 2813 1251 2867 enim
1283 2827 1419 2883 pure
1452 2827 1516 2866 ac
1541 2811 1766 2866 omnino
1807 2810 1972 2865 fuerit
2002 2809 2092 2865 ab-

514 2907 691 2961 sentia
735 2906 866 2960 bOni
888 2946 903 2970 ,
935 2915 1143 2961 certum
1176 2912 1261 2960 est
1293 2905 1440 2976 quod
1482 2914 1596 2959 tum
1640 2919 1750 2958 non
1782 2905 1854 2959 sit
1884 2903 1939 2957 in
1978 2910 2093 2957 toto

513 2999 740 3064 bonum,
761 3015 937 3070 neque
965 3001 1187 3055 mistum
1214 3000 1437 3063 bonum,
1462 3014 1638 3069 neque
1664 3013 1837 3067 perse
1863 2997 2090 3064 malum;

516 3090 606 3146 ubi
620 3092 768 3146 enim
798 3108 909 3147 non
925 3100 1010 3148 est
1022 3094 1248 3154 bonum,
1268 3100 1538 3162 nequeest
1565 3090 1768 3159 aliquid
1786 3090 1841 3142 in
1857 3096 2053 3142 natura
2073 3106 2088 3155 ;

2188 602 2247 656 ὂν
2276 603 2338 658 τὸ
2363 604 2549 659 κακόν.
2573 605 2759 659 Κακὸν
2785 603 2894 676 γὰρ
2922 602 3056 658 αὐτὸ
3081 603 3334 671 καθάπαξ
3377 603 3634 668 οὐσιῶδες
3656 606 3758 659 οὐκ

2187 695 2256 750 ἂν
2285 696 2392 770 εἴη,
2428 702 2476 753 εἰ
2513 700 2586 771 μὴ
2618 699 2679 752 τὸ
2718 698 2862 753 κατά
2892 697 3129 769 παντελῆ
3161 696 3393 768 ἔλλειψιν
3426 698 3521 752 τοῦ
3554 696 3757 766 ἀγαθοῦ

2188 792 2492 863 ὁλοσχερῶς
2518 794 2745 866 ἄμοιρον
2785 792 2846 847 δν
2889 793 3105 847 τούτου·
3135 792 3294 847 τοῦτο
3331 791 3440 865 γὰρ
3480 793 3583 847 οὐκ
3613 794 3759 845 ἐστιν

2186 886 2422 957 οὐδαμοῦ
2465 887 2677 957 εὑρεῖν,
2726 886 2847 940 οὐδὲ
2888 888 2947 941 ὲν
2982 888 3049 958 τῇ
3092 885 3192 958 ῦλῃ
3232 886 3369 957 αὐτῇ
3406 888 3474 958 τῇ
3517 886 3758 956 ἀνειδιῳ,

2189 977 2292 1031 κάν
2323 977 2480 1032 τοῦτό
2507 994 2617 1032 τισι
2656 977 2765 1031 τῶν
2809 977 3079 1051 Ἑλλήνων
3111 977 3261 1049 δοκῇ·
3299 976 3328 1030 δ
3354 976 3465 1049 γὰρ
3491 976 3629 1041 ὅλως
3659 978 3761 1032 ὑπὸ

2186 1070 2321 1124 Θεοῦ
2354 1070 2652 1143 παρῆκται,
2684 1069 2789 1124 κᾶν
2826 1069 3083 1142 ἀμυδρῶς
3109 1071 3201 1124 καὶ
3234 1069 3498 1141 ἐσχάτως,
3536 1070 3762 1142 μετέσχε

2185 1162 2233 1216 δ’
2258 1157 2353 1217 οῦν
2380 1163 2528 1234 ὅμως
2561 1161 2654 1215 τοῦ
2688 1161 2915 1230 ἀγαθοῦ.
2950 1161 3121 1215 Τοῦτο
3161 1161 3217 1215 δὲ
3256 1159 3463 1234 προῖὼν
3496 1163 3556 1216 ὲν
3576 1160 3657 1233 τῷ
3683 1163 3764 1215 δε-

2187 1252 2337 1323 κάτῳ
2385 1251 2665 1323 κεφαλαίῳ
2720 1252 2908 1306 τούτου
2964 1251 3058 1305 τοῦ
3108 1251 3315 1324 προὸλή
3325 1270 3493 1324 ματος
3544 1252 3763 1316 τελείως

2187 1343 2587 1397 ἀποδείκνυσιν*
2621 1346 2669 1397 ει
2700 1343 2810 1415 γὰρ
2841 1344 3032 1415 μικτὸν
3064 1343 3150 1415 εῐη
3172 1344 3249 1416 τῷ
3273 1343 3465 1415 ἀγαθῷ
3481 1343 3546 1397 τὺ
3570 1345 3760 1409 κακὸν,

2185 1435 2453 1502 τουτέστι,
2487 1435 2564 1506 πῆ
2599 1436 2697 1506 μὲν
2733 1435 2807 1507 μὴ
2840 1435 2899 1489 ὃν
2926 1435 3012 1489 διὰ
3040 1437 3142 1506 τῆς
3164 1437 3250 1489 ἐπ’
3277 1436 3455 1506 ὀλίγον
3481 1435 3766 1507 ἐλλείψεως

2185 1526 2280 1580 τοῦ
2326 1527 2555 1596 ἀγαθοῦ,
2598 1528 2676 1600 πῆ
2723 1526 2779 1580 δὲ
2828 1528 2902 1600 μὴ
2958 1527 3018 1581 ὃν
3072 1527 3161 1582 διά
3212 1528 3273 1583 τὸ
3324 1523 3465 1582 εἶναι
3493 1528 3633 1593 ὅλως
3676 1528 3765 1582 τὸν

2187 1617 2483 1686 ποιοῦντα,
2531 1620 2591 1672 οὐ
2643 1619 2812 1674 κακὸν
2858 1619 3034 1673 τοῦτο·
3084 1620 3145 1673 οὐ
3196 1620 3306 1691 γὰρ
3336 1623 3394 1674 ὲν
3420 1624 3488 1693 τῇ
3517 1620 3767 1675 ὁπωσοῦν

2187 1709 2444 1780 ἐλλείψει,
2474 1710 2587 1764 ἀλλ’
2623 1712 2680 1764 ὲν
2711 1713 2778 1783 τῇ
2808 1710 3063 1765 παντελεῖ
3089 1710 3319 1781 ἐλλείψει
3350 1710 3445 1765 τοῦ
3472 1710 3683 1780 ἀγαθοῦ
3709 1710 3768 1765 τὸ

2190 1804 2379 1858 κακόν.
2405 1805 2479 1858 Τὸ
2506 1804 2638 1873 γοῦν
2662 1804 2907 1859 ἐλλεῖπον
2928 1804 3109 1874 ὀλίγον
3126 1804 3227 1859 τοῦ
3254 1803 3463 1874 ἀγαθοῦ
3483 1806 3548 1858 οῦ
3577 1805 3764 1859 κακόν·

2188 1894 2411 1949 δύναται
2460 1896 2570 1969 γὰρ
2612 1897 2707 1951 καὶ
2739 1897 2945 1950 τέλειον
2983 1893 3123 1951 εἶναι
3162 1896 3239 1961 ὡς
3272 1898 3410 1969 πρὸς
3442 1898 3544 1970 τὴν
3576 1896 3769 1952 ἑαυτοῦ

2192 1986 2371 2057 φύσιν·
2410 1987 2524 2041 ἔστι
2557 1988 2657 2059 μὲν
2688 1987 2796 2060 γάρ
2836 2005 2888 2042 τι
2933 1988 3009 2052 ὡς
3051 1988 3186 2060 πρὸς
3222 1989 3319 2059 μὲν
3348 1989 3409 2043 τδ
3440 1988 3648 2059 ἀγαθὸν
3684 1989 3770 2043 έλ-

2189 2078 2363 2143 λιπὲς,
2397 2078 2473 2143 ὡς
2501 2078 2559 2133 δὲ
2585 2078 2724 2150 πρὸς
2769 2078 2870 2149 τὴν
2910 2076 3105 2133 ἑαυτοῦ
3163 2078 3325 2148 φύσιν
3380 2078 3616 2145 τέλειον,
3647 2074 3679 2128 δ
3708 2076 3771 2150 δὴ

2191 2171 2392 2241 ἀγαθὸν
2425 2172 2521 2242 μὲν
2549 2171 2685 2236 ἔστι,
2716 2173 2887 2227 κακὸν
2917 2172 2974 2226 δὲ
3001 2171 3268 2243 οὐδαμῶς·
3304 2171 3482 2225 καίτοι
3512 2188 3577 2224 τε
3602 2170 3770 2224 ἐλλεί-

2190 2264 2337 2334 ψεως
2368 2265 2591 2335 μετέχον
2622 2264 2699 2329 ὡς
2720 2265 2857 2336 πρὸς
2888 2266 2949 2318 τὸ
2976 2264 3192 2337 πρῶτον
3237 2262 3460 2333 ἀγαθόν.
3498 2261 3574 2316 Τδ
3609 2262 3668 2315 δὲ
3699 2263 3770 2334 μὴ

2193 2354 2470 2419 παντελῶς
2496 2356 2723 2427 ἄμοιρον
2763 2355 2858 2409 τοῦ
2900 2353 3128 2425 ἀγαθοῦ,
3169 2353 3306 2408 ἀλλά
3331 2353 3473 2408 κατά
3510 2354 3577 2406 τὸ
3614 2353 3772 2406 πλέον

2193 2446 2408 2517 ὲγγίζον
2441 2447 2518 2519 τῷ
2551 2447 2705 2519 κακῷ
2727 2448 2796 2512 ⁸⁸,
2828 2449 2887 2501 οὐ
2936 2448 3108 2520 πάντη
3138 2447 3327 2502 κακόν·
3364 2447 3556 2519 ὥσπερ
3589 2448 3687 2502 καὶ
3716 2447 3774 2501 ts

2193 2536 2411 2591 ἔλαττον
2446 2538 2663 2607 ὲγγίζον
2696 2538 2775 2609 τῷ
2808 2538 3025 2610 ἀγαθῷ,
3056 2538 3168 2609 ἔχει
3209 2554 3264 2593 τι
3292 2537 3387 2592 τοῦ
3416 2538 3650 2607 ἀγαθοῦ,
3681 2541 3773 2593 καὶ

2192 2628 2467 2683 οὐσιοῦται
2486 2629 2547 2695 εξ
2595 2630 2782 2697 αὑτοῦ,
2811 2630 2907 2685 καὶ⁴
2935 2630 3034 2701 τὴν
3068 2630 3114 2661 ³⁸
3148 2629 3345 2684 ἑαυτοῦ
3382 2631 3642 2703 στέρησιν
3682 2631 3774 2684 οὐ-

2196 2727 2303 2777 σιοϊ
2328 2726 2386 2778 ὲν
2417 2723 2496 2795 τῷ
2535 2722 2674 2787 ὅλως
2714 2721 2982 2795 μάχεσθαι
3019 2722 3068 2755 ’⁵
3096 2726 3161 2776 ὲκ
3187 2723 3280 2776 τοῦ
3323 2722 3555 2791 ἀγαθοῦ·
3592 2724 3643 2776 εί
3668 2721 3774 2794 γὰρ

2193 2816 2449 2889 ἀκράτως
2477 2817 2571 2870 καὶ
2601 2816 2878 2882 παντελῶς
2905 2817 3139 2871 ἀπουσία
3167 2816 3253 2887 εἴη
3292 2815 3385 2869 τοῦ
3417 2815 3652 2884 ἀγαθοῦ,
3685 2816 3775 2889 δῆ-

2192 2908 2282 2962 λον
2310 2908 2386 2972 ὡς
2414 2907 2538 2962 οὔτε
2575 2908 2700 2963 καθ’
2737 2909 2861 2963 ὅλου
2900 2909 3125 2978 ἀγαθὸν,
3157 2907 3282 2962 οὔτε
3329 2908 3517 2979 μικτὸν
3547 2907 3772 2977 ἀγαθὸν,

2194 2997 2318 3051 οὔτε
2348 3000 2673 3053 αὐτόκακον·
2709 2998 2838 3052 ἔνθα
2880 2998 2991 3070 γὰρ
3032 2999 3133 3051 οὐκ
3166 2998 3282 3051 ἐστι
3309 2998 3371 3051 τὸ
3410 2996 3639 3066 ἀγαθὸν,
3669 2996 3775 3049 οὐδ’

2195 3086 2311 3138 ὲστί
2340 3102 2393 3138 τι
2423 3087 2481 3139 ὲν
2517 3089 2583 3157 τῇ
2625 3086 2805 3156 φύσει.
2848 3087 2973 3150 Πῶς
3013 3081 3106 3140 οῦν
3134 3087 3181 3119 ’⁸
3205 3085 3355 3140 ἔσται
3396 3086 3459 3139 τὸ
3498 3087 3675 3140 κακὸν
3704 3085 3777 3158 μὴ

515 3185 792 3255 quomodo
821 3186 987 3255 igitur
1026 3187 1131 3240 erit
1181 3186 1384 3240 malum
1417 3200 1448 3239 a
1484 3184 1636 3239 nullo
1663 3182 1902 3239 essentia
1936 3180 2089 3251 151

2200 3175 2302 3229 ὑπό
2329 3194 2474 3241 τινος
2497 3178 2881 3249 οὐσιούμενον;
2910 3178 3063 3234 ἄνελε
3095 3177 3205 3251 γὰρ
3240 3178 3309 3232 τά
3334 3177 3564 3249 σώματα
3592 3180 3691 3232 καὶ
3718 3180 3776 3232 τὸ

517 3274 814 3340 donatum;
849 3276 1004 3331 aufer
1033 3276 1179 3330 enim
1227 3290 1457 3347 corpora
1510 3285 1563 3330 et
1608 3274 1813 3336 lumen,
1843 3288 1944 3328 nec
1977 3279 2090 3326 tum

517 3368 623 3422 erit
674 3367 889 3422 umbra.
937 3366 1126 3438 Itaque
1157 3367 1304 3438 quod
1350 3366 1675 3439 simpliciter
1723 3365 1951 3430 malum,
1984 3379 2094 3419 non

518 3460 737 3515 exsistit
765 3475 863 3530 per
904 3476 984 3525 se,
1019 3461 1112 3517 sed
1147 3461 1295 3516 velut
1337 3462 1393 3514 in
1434 3460 1711 3529 subjecto;
1744 3458 1951 3514 bonum
1997 3474 2096 3511 au-

519 3559 652 3617 tem,
698 3553 865 3606 etiam
912 3554 1031 3608 sine
1072 3553 1319 3623 subjecto
1362 3561 1615 3607 naturam
1668 3552 1831 3606 habet
1867 3557 1922 3606 et
1964 3564 2098 3605 con-

520 3652 792 3709 servatur,
846 3659 912 3700 ac
963 3645 1098 3700 illud
1151 3660 1248 3715 per
1291 3660 1351 3701 se
1394 3645 1594 3699 bonum
1620 3662 1635 3710 ;
1666 3644 1869 3698 malum
1912 3650 2095 3698 autem

520 3736 640 3791 sine
670 3736 918 3806 subjecto
939 3735 1085 3807 quod
1106 3752 1134 3789 a
1154 3737 1296 3791 bono
1322 3744 1711 3801 conservatur;
1741 3735 1925 3789 omnia
1951 3735 2096 3789 enim

518 3836 677 3883 extra
708 3829 888 3899 ipsum
940 3845 1121 3899 neque
1163 3835 1313 3894 sunt,
1364 3843 1541 3898 neque
1589 3834 1872 3898 apparent,
1923 3840 2100 3895 neque

520 3931 984 3993 corrumpuntur;
1023 3939 1147 3977 nam
1174 3922 1266 3994 qui
1295 3922 1421 3988 ﬁat,
1452 3922 1605 3976 nullo
1632 3922 1932 3977 exsistente
1962 3919 2096 3974 sub-

516 4014 704 4084 jecto?
732 4017 827 4074 sed
870 4031 1100 4087 prorsus
1130 4015 1454 4071 exsistentia
1499 4021 1677 4078 caret,
1712 4027 1814 4068 nec
1860 4026 2095 4083 usquam

519 4122 625 4170 est.

597 4205 663 4258 Et
695 4213 893 4259 statum
920 4203 1035 4258 dat.
1067 4202 1126 4256 Id
1151 4210 1234 4258 est
1264 4200 1393 4255 facit
1419 4207 1480 4255 ut
1508 4200 1712 4253 malum
1744 4197 1816 4253 sit
1844 4196 2101 4253 substan-

521 4297 615 4351 tia.
652 4294 710 4348 Si
746 4295 891 4351 eniin
917 4296 1119 4348 malum
1150 4274 1227 4349 sit
1251 4292 1483 4363 privatio
1512 4290 1663 4356 boni,
1686 4290 1889 4344 bonum
1916 4296 2099 4342 autem

523 4389 608 4442 sui
638 4388 1002 4458 privationem
1028 4387 1213 4453 faciat,
1241 4399 1373 4441 sane
1401 4384 1669 4440 exsistere
1698 4380 1829 4436 facit
1870 4379 2098 4444 malum,

523 4479 669 4550 quod
700 4486 785 4534 est
811 4479 942 4534 boni
969 4479 1223 4548 privatio.

598 4570 827 4626 Omnino
884 4587 976 4640 per
1037 4571 1123 4624 sui
1171 4570 1718 4624 communicationem.
1773 4566 2100 4621 Particulari

524 4663 652 4717 boni
685 4663 1140 4732 participatione,
1170 4662 1333 4717 etiam
1384 4660 1745 4731 privationem
1792 4659 1914 4729 ejus
1955 4659 2103 4714 exsi-

526 4766 691 4812 stere.
1098 4804 1113 4822 ,

598 4847 825 4915 Quando
848 4847 969 4902 aliis
994 4846 1203 4918 quidem
1236 4844 1437 4900 malum
1477 4851 1576 4900 est.
1610 4840 1703 4899 Hm
1732 4841 1945 4913 species
1973 4850 2103 4900 sunt

527 4941 679 5008 mali,
716 4941 859 4998 sicut
879 4948 1037 4996 antea
1063 4940 1335 5006 diximus;
1360 4954 1471 4993 non
1498 4937 1646 4992 enim
1689 4938 1984 4994 essentiale
2006 4953 2105 5009 per

527 5050 586 5089 se
615 5033 843 5096 malum,
870 5031 1015 5102 quod
1048 5047 1158 5086 non
1191 5038 1303 5096 est;
1333 5044 1458 5084 nam
1485 5028 1690 5099 aliquid
1722 5029 1925 5083 malum
1955 5045 2101 5095 esse,

527 5128 676 5199 quod
707 5127 973 5196 voluptati
997 5125 1142 5195 turpi
1173 5132 1432 5195 tanquam
1458 5123 1605 5178 bono
1643 5121 1809 5176 alicui
1840 5121 2099 5185 adhaeret,

530 5235 639 5276 non
670 5226 756 5275 est
784 5234 882 5289 per
903 5234 963 5273 se
986 5219 1210 5281 malum,
1240 5217 1337 5273 sed
1363 5217 1574 5289 species
1598 5217 1723 5271 mali
1747 5234 1763 5284 ;
1788 5217 1934 5288 quod
1960 5218 2107 5272 enim

531 5312 759 5367 omnino
791 5311 1017 5376 malum,
1047 5310 1178 5365 illud
1230 5326 1341 5364 non
1381 5312 1631 5375 exsistit,
1661 5311 1923 5381 quoniam
1959 5310 2110 5366 exsi-

531 5407 746 5472 stendo,
778 5404 1166 5478 participaret,
1200 5405 1302 5459 etsi
1349 5404 1406 5458 in
1448 5411 1693 5459 extremo
1730 5404 1981 5475 vestigio,
2007 5403 2107 5458 bo-

535 5514 702 5565 num;
749 5498 873 5553 vide
922 5497 1068 5553 enim
1114 5495 1247 5567 quid
1298 5495 1531 5550 ulterius
1573 5488 1899 5566 progressus
1934 5495 2102 5551 dicat.

536 5588 669 5645 Nam
716 5588 765 5646 si
814 5590 998 5644 omnia
1047 5588 1191 5644 bono
1234 5584 1588 5658 participant,
1633 5599 1700 5640 ac
1745 5586 1802 5641 in
1851 5585 2110 5641 omnibus

2195 3271 2331 3341 φῶς,
2379 3271 2473 3325 καὶ
2515 3272 2616 3325 οὐκ
2658 3271 2811 3325 ἔσται
2858 3272 3004 3325 σκιά.
3037 3270 3248 3326 Οὐκοῦν
3279 3272 3377 3326 οὐκ
3421 3271 3482 3325 δν
3511 3272 3577 3325 τὸ
3606 3272 3777 3325 κακὸν

2196 3362 2401 3427 ἁπλῶς,
2455 3362 2570 3416 ἀλλ’
2602 3364 2679 3427 ὡς
2725 3364 2784 3417 ὲν
2832 3364 3196 3436 ὑποκειμένῳ·
3245 3364 3306 3417 τὸ
3349 3363 3406 3416 δὲ
3449 3363 3658 3431 ἀγαθὸν
3688 3363 3779 3416 καὶ

2194 3453 2318 3525 δίχα
2343 3453 2437 3507 τοῦ
2484 3454 2842 3526 ὑποκειμένου
2888 3455 2982 3509 καὶ¹
3034 3455 3195 3525 φύσιν
3237 3455 3349 3525 ἔχει
3389 3455 3484 3508 καὶ
3520 3453 3778 3519 σώζεται,

2196 3547 2290 3600 καὶ⁵
2321 3547 2453 3599 αὐτὸ
2497 3545 2620 3600 καθ’
2654 3548 2815 3600 ἑαυτὸ
2856 3547 3080 3616 ἀγαθόν·
3111 3547 3173 3601 τὺ
3214 3547 3272 3601 δὲ
3320 3547 3491 3601 κακὸν
3530 3547 3657 3617 δίχα
3684 3545 3780 3601 τοῦ

2198 3640 2558 3710 ὑποκειμένου
2605 3638 2701 3693 τοῦ
2757 3640 2862 3693 ὑπὸ
2906 3639 3003 3693 τοῦ
3071 3639 3279 3709 ἀγαθοῦ
3345 3639 3777 3711 φυλαττομένου·

2198 3732 2376 3785 πάντα
2401 3731 2512 3804 γὰρ
2544 3730 2603 3798 ἐξ
2640 3731 2803 3785 αὑτοῦ
2840 3731 2963 3786 οὔτε
3008 3732 3176 3797 ἐστὶν,
3199 3731 3321 3786 οὔτε
3349 3733 3620 3803 φαίνεται,
3655 3732 3781 3786 οὔτε

2199 3822 2498 3894 φθείρεται·
2536 3823 2651 3888 πῶς
2694 3823 2829 3896 (ἀρ,
2880 3825 2955 3896 μὴ
2998 3824 3150 3887 ὄντος
3193 3825 3554 3897 ὑποκειμένου
3600 3826 3780 3890 τινόςς

2199 3913 2335 3969 ἀλλά
2403 3914 2684 3979 παντελῶς
2741 3915 3093 3988 ἀνύπαρκτον
3107 3959 3122 3984 ,
3173 3917 3286 3971 ,καὶ
3345 3917 3560 3989 οὐδαμῆ
3623 3918 3784 3972 οὐδα-

2203 4005 2319 4078 μῶς
2356 4006 2435 4062 δν.

2269 4191 2383 4245 Καὶ
2411 4192 2627 4247 οὐσιοῖ.
2666 4192 2952 4249 Τουτέστιν
2981 4194 3154 4249 οὐσιοῖ
3188 4194 3250 4249 τὸ
3281 4195 3471 4249 κακόν·
3502 4197 3554 4248 εἰ
3585 4195 3700 4268 γάρ
3727 4197 3788 4250 τὺ

2202 4284 2372 4339 κακὸν
2419 4286 2673 4358 στέρησίς
2712 4288 2829 4340 ἐστι
2862 4287 2956 4341 τοῦ
3003 4286 3209 4357 ἀγαθοῦ
3230 4328 3245 4353 ,
3277 4287 3339 4341 τὸ
3367 4287 3423 4340 δὲ
3461 4287 3674 4356 ἀγαθὸν
3699 4289 3789 4341 οὐ·

2204 4380 2307 4430 σιοῖ
2335 4377 2435 4451 τὴν
2464 4379 2659 4433 ἑαυτοῦ
2695 4380 2968 4452 στέρησιν,
3002 4381 3175 4434 οὐσιοϊ
3199 4380 3308 4452 ἀρα
3328 4380 3390 4434 τὸ
3422 4380 3616 4447 κακὸν,
3647 4383 3789 4453 ὅπερ

2205 4470 2457 4543 στέρησίς
2475 4472 2590 4526 ἐστι
2620 4472 2715 4526 τοῦ
2749 4472 2976 4542 ἀγαθοῦ.

2281 4563 2361 4631 Τῇ
2388 4563 2543 4631 ὅλως
2567 4566 2755 4620 αὑτοῦ
2779 4566 3034 4636 μεθέξει,
3064 4567 3183 4621 Ὀτι
3210 4570 3277 4640 τῇ
3311 4571 3507 4640 μερικῇ
3537 4567 3637 4622 τοῦ
3662 4568 3793 4638 ἀγα-

2203 4651 2299 4708 θοῦ
2333 4656 2571 4727 μεθέξει,
2602 4660 2697 4712 καὶ
2724 4660 2758 4730 ή
2799 4659 3055 4732 στέρησις
3081 4658 3247 4714 αὑτοῦ
3274 4660 3556 4715 οὑσίωται.

2287 4834 2487 4891 Ἠνίκα
2514 4834 2639 4902 τοῖς
2655 4835 2773 4904 μὲν
2790 4835 2924 4889 ἐστι
2956 4835 3165 4890 κακόν.
3198 4833 3382 4890 Ταῦτα
3409 4833 3524 4903 εἴδη
3555 4834 3666 4887 εἰσὶ
3697 4830 3794 4887 τοῦ

2205 4926 2399 4994 κακοῦ,
2431 4927 2507 4990 ὡς
2534 4927 2889 4998 προείπομεν·
2925 4928 2985 4980 οὐ
3025 4926 3136 4999 γάρ
3175 4927 3238 4981 τὸ
3264 4925 3520 4989 οὑσιιῖιδες
3553 4926 3796 4979 eam-

2209 5035 2325 5082 κον,
2358 5017 2387 5070 ὃ
2414 5017 2549 5089 μηδέ
2584 5021 2721 5072 ἐστι.
2742 5017 2816 5071 Τὸ
2843 5017 2952 5091 γὰρ
2979 5019 3099 5074 τόδε
3130 5016 3268 5073 εἶναι
3295 5019 3483 5083 κακὸν,
3511 5018 3716 5091 ἡδονῆς
3741 5019 3797 5071 δὲ

2212 5112 2445 5182 αἰσχρᾶς
2472 5111 2548 5175 ὡς
2575 5109 2781 5181 ἀγαθοῦ
2811 5128 2955 5176 τινος
2975 5110 3312 5183 ἀντέχεσθαι,
3335 5111 3437 5164 οὐκ
3466 5110 3794 5174 αὑτόκακον,

2208 5202 2323 5256 ἀλλ’
2371 5200 2511 5267 εἶδος
2560 5202 2755 5257 κακοῦ·
2798 5203 2862 5256 τὸ
2900 5203 3009 5276 γὰρ
3058 5205 3236 5276 πάντη
3289 5203 3459 5259 κακὸν
3495 5203 3633 5258 αὐτὸ
3672 5203 3797 5258 οὔτε

2210 5300 2380 5367 ἐστὶν,
2415 5300 2602 5371 ἐπειδὴ
2652 5299 2897 5370 μετέχει,
2934 5298 3039 5353 κᾶν
3081 5300 3203 5352 κατ’
3236 5297 3464 5369 ἔσχατον
3496 5299 3796 5373 ἀπήχημα,

2210 5391 2311 5445 τοῦ
2356 5390 2584 5460 ἀγαθοῦ·
2623 5392 2727 5462 ὅρα
2762 5389 2893 5462 γὰρ,
2923 5390 2976 5443 τί
3015 5407 3147 5461 φησι
3188 5387 3564 5462 παρακατιὼν·
3597 5395 3648 5446 εἰ
3687 5393 3800 5464 γὰρ

2212 5486 2390 5540 πάντα
2436 5485 2652 5556 μετέχει
2696 5484 2792 5537 τοῦ
2831 5483 3060 5553 ἀγαθοῦ,
3103 5484 3197 5538 καὶ
3227 5486 3284 5538 ὲν
3318 5487 3453 5538 πᾶσι
3495 5487 3614 5550 τοῖς
3641 5483 3801 5541 οὗσίν

2213 5579 2331 5632 ἐστι
2358 5577 2421 5630 τὸ
2444 5576 2669 5647 ἀγαθὸν,
2699 5576 2762 5629 τὺ
2794 5576 2987 5643 κακὸν,
3025 5577 3325 5651 προδήλως,
3363 5578 3398 5652 ἢ
3422 5580 3527 5635 οὐκ
3550 5580 3731 5648 ἐστιν,
3761 5580 3800 5655 ἢ

1456 5757 1690 5815 VARIA‘J
1731 5756 2115 5816 DECTIONES
2146 5758 2234 5813 ET
2273 5753 2826 5815 CORRECTIONES.

634 5883 678 5916 "
707 5881 940 5952 λέγεται.
1040 5884 1084 5916 ³³
1115 5879 1280 5955 καλῷ.
1378 5882 1423 5916 θ’·
1455 5883 1609 5936 κατά.
1678 5879 1722 5913 ’³
1755 5878 2095 5951 μετέχεσθαι.

2194 5878 2241 5910 ⁹⁶
2264 5876 2365 5931 ποῦ
2396 5872 2506 5931 οῦν.
