3874 6572
143 454 224 516 285
888 452 946 508 δ.
980 450 1230 507 MAXIM]
1268 450 1562 508 SCHOLIA
1591 451 1659 507 IN
1697 452 1824 508 LIB.
1859 451 1949 506 DE
1980 451 2232 509 DlVlNIS
2254 450 2654 509 NOMINIBUS.

3256 445 3364 503 286

142 576 185 628 tv
205 571 273 643 τῷ
295 570 492 642 ἀγαθῷ
521 549 690 625 ἐστιν·
709 570 827 625 οὐδὲ
852 570 960 643 γάρ
993 569 1153 641 φύσις
1186 570 1356 641 πυρὸς
1381 569 1442 622 τὺ
1467 568 1676 640 ψύχειν·

1793 586 1905 640 quae
1934 571 2208 626 exsistunt
2234 571 2436 625 bonum
2473 570 2567 636 sit,
2601 565 2955 657 manifestum
2979 575 3084 630 est,
3117 569 3212 619 aut
3241 578 3362 617 ma-

140 665 246 719 εἰδὲ
269 664 492 736 ἄρξεται
524 663 737 735 ψύχειν,
764 664 864 717 οὐκ
902 663 1054 716 ἔσται
1096 662 1225 736 πῦρ.
1259 660 1466 716 Οὐκοῦν
1495 663 1588 714 καὶ
1616 661 1677 713 τὸ

139 756 296 819 κακὸν,
341 756 438 809 ἐὰν
485 755 588 826 μὲν
635 755 846 818 ὕπεστι,
879 755 1094 826 μετέχει
1141 753 1394 825 ἀμυδρῶς
1420 751 1514 806 τοῦ
1542 753 1678 819 ἀγα-

139 847 229 901 θοῖν
255 847 430 901 πάντα
459 846 572 918 γὰρ
597 847 665 900 τά
684 846 809 900 ὅντα
830 847 887 900 ἐν
914 846 990 918 τῷ
1009 845 1198 917 ἀγαθῷ
1227 848 1329 899 εἱσι
1356 846 1450 900 καὶ
1488 845 1679 915 μένουφ

139 958 222 995 (τιν’
251 944 294 994 εί
321 941 378 995 δὲ
406 941 564 995 οὐδὲν
598 941 707 1011 ἔχει
737 941 961 1010 ἀγαθοῦ,
991 939 1112 993 οὔτε
1141 940 1380 994 ὕπεστιν·
1417 940 1548 994 αὐτὸ
1571 938 1680 1010 γὰρ

136 1036 186 1089 τὸ
209 1035 364 1088 θέλειν
395 1035 615 1088 ὑπεῖναι
637 1034 843 1106 ἀγαθῆς
872 1035 988 1090 ἐστι
1023 1032 1398 1108 μεταλήψεως,
1440 1033 1516 1098 ὡς
1539 1033 1680 1092 ἀνω-

138 1127 253 1198 ςέρω
277 1126 537 1190 πολλάκις
567 1127 795 1199 εἴρηται.

195 1395 219 1468 ς
255 1395 392 1450 XXI.
431 1396 686 1449 Ἄτοπον
728 1393 826 1448 καί
876 1393 1196 1450 ἀδύνατον.
1226 1392 1564 1464 Σημείωσαι,
1600 1392 1682 1444 ὅτι

134 1488 212 1557 καὶ
243 1488 327 1540 ἐπὶ
354 1485 451 1540 τοῦ
493 1485 629 1540 Θεοῦ
679 1485 858 1549 καλῶς
887 1485 1102 1552 λέγεται
1141 1485 1197 1538 έν
1228 1503 1336 1538 τισι
1374 1485 1436 1537 τὸ
1467 1487 1538 1537 οὐ
1582 1483 1684 1536 δύ-

134 1595 299 1642 ναται,
328 1578 404 1642 ὡς
443 1578 543 1630 xa‘t
578 1580 606 1630 ὁ
647 1576 964 1640 Ἀπόστολός
993 1595 1173 1648 φησιν’
1196 1578 1265 1630 El
1292 1577 1681 1646 ἀπιστοῦμεν,

135 1670 332 1736 ἐκεῖνος
361 1669 584 1745 πιστὸς
605 1669 795 1739 μένει,
828 1669 926 1723 καὶ
952 1667 1331 1739 ἀρνήσασθαι
1357 1668 1574 1722 ἑαυτὸν
1611 1670 1683 1722 οὐ

135 1759 369 1820 δύναται,

191 1850 348 1906 Πᾶσα
379 1853 493 1920 γὰρ
524 1852 694 1919 δυάς.
733 1855 853 1907 Ὅτι
899 1855 1046 1907 πᾶσα
1091 1852 1222 1916 δυὰς
1250 1851 1347 1904 οὐκ
1391 1850 1551 1922 ἀρχήο
1591 1867 1685 1921 μο-

1780 664 1894 718 lum
1926 677 2037 717 non
2067 677 2188 718 esse
2218 671 2310 717 aut
2340 663 2396 717 in
2426 663 2572 718 bono
2601 678 2751 729 esse;
2782 676 2958 732 neque
2981 661 3124 716 enim
3153 668 3364 715 natura!

1779 753 1922 826 ignis
1946 756 2231 826 proprium
2259 754 2614 826 refrigerare;
2649 754 2782 824 quin
2813 754 2858 808 si
2885 751 3172 823 inceperit
3200 751 3365 806 refri-

1777 859 1989 914 gerare,
2020 860 2130 900 non
2177 846 2282 900 erit
2328 845 2512 916 ignis:
2548 861 2677 916 ergo
2715 853 2769 901 et
2807 845 3033 910 malum,
3059 844 3106 899 si
3141 843 3362 914 quidem

1781 936 2077 1001 subsistat,
2111 937 2403 1007 participat
2445 937 2679 992 obscure
2721 938 2954 1004 bonum;
3001 937 3184 991 omnia
3214 935 3361 991 enim

1780 1030 1927 1083 entia
1976 1029 2031 1082 in
2073 1030 2217 1084 bono
2265 1038 2396 1085 sunt
2440 1038 2495 1084 et
2527 1037 2784 1095 manent;
2818 1030 2865 1092 si
2895 1045 3025 1084 vero
3056 1028 3192 1084 nihil
3231 1028 3361 1083 boni

1781 1121 1976 1185 habet,
2021 1137 2198 1196 neque
2244 1122 2408 1176 etiam
2438 1123 2712 1186 subsistit,
2758 1123 2938 1192 ipsum
2977 1122 3124 1179 enim
3172 1121 3359 1176 subsi-

1782 1211 1960 1266 stendi
2017 1212 2386 1278 desiderium,
2447 1214 2602 1268 bona:
2659 1222 2745 1269 est
2805 1211 3358 1277 communicationis,

1783 1302 1924 1358 sicut
1956 1319 2097 1372 saepe
2124 1305 2380 1373 superius
2411 1305 2617 1359 dictum
2647 1315 2752 1361 est.

1857 1394 1884 1466 §
1921 1394 2063 1451 XXI.
2093 1396 2397 1450 Absurdum
2431 1414 2492 1451 ac
2519 1398 2856 1466 impossibile.
2885 1396 3044 1462 Nota,
3080 1397 3134 1452 in
3161 1397 3360 1468 aliqui-

1782 1485 1884 1542 bus
1921 1496 2072 1542 recte
2117 1488 2278 1542 etiam
2327 1488 2395 1544 de
2446 1487 2557 1544 Deo
2591 1490 2732 1553 dici,
2767 1507 2868 1543 non
2915 1499 3102 1559 potest,
3136 1493 3278 1545 sicut
3307 1497 3362 1543 et

1782 1578 2077 1648 Apostolus
2109 1580 2184 1633 ait
2215 1599 2228 1634 :
2262 1579 2322 1635 Si
2351 1598 2457 1635 non
2507 1581 2791 1646 credimus,
2820 1580 2914 1636 ille
2944 1581 3116 1651 ﬁdelis
3164 1590 3360 1648 manet,

1782 1683 1833 1726 et
1859 1690 2047 1744 negare
2067 1674 2291 1742 seipsum
2315 1691 2416 1728 non
2439 1682 2606 1743 potest
2642 1673 2689 1728 κ.

1859 1847 2041 1903 Omnis
2091 1849 2228 1902 enim
2278 1847 2536 1904 dualitas.
2599 1847 2812 1902 Nullam
2861 1849 3179 1904 dualitatem
3219 1864 3365 1906 .esse

134 1944 213 2004 νάς
245 1945 296 1997 δὲ
337 1944 520 2015 πάσης
560 1943 747 2008 δυάδος
787 1947 948 2018 ἀρχή.
985 1945 1293 2017 Σημείωσαι
1334 1942 1473 1996 κατά
1511 1944 1681 1996 Μανι-

1793 1941 2145 2012 principium;
2193 1941 2457 1996 unitatem
2509 1957 2638 1996 vero
2687 1958 2809 1997 esse
2856 1943 3036 1997 omnis
3083 1942 3366 1999 dualitatis

132 2036 296 2106 χαίων.

189 2132 492 2199 Παηελῶς
526 2133 792 2187 ἐναντία.
830 2132 1140 2205 Σημείωσαι
1177 2131 1367 2186 ταῦτα·
1406 2133 1545 2186 πάνυ
1574 2133 1682 2205 γὰρ

131 2222 252 2276 κατὰ
279 2223 598 2294 Μανιχαίων
626 2222 972 2291 ἀγωνίζεται,
1001 2223 1106 2276 τῶν
1135 2222 1301 2278 δυάδα
1324 2222 1494 2294 ἀρχὴν
1525 2223 1686 2281 ἐναν-

129 2313 240 2366 τίων
259 2312 694 2385 δογματιζόντων
725 2315 984 2384 ἀνοήτως·
1017 2318 1049 2386 ἡ
1087 2315 1181 2384 μὲν
1210 2314 1318 2392 γὰρ
1352 2311 1684 2390 ἀριθμητικὴ

129 2406 181 2458 τὸ
224 2410 274 2460 ὲν
306 2407 559 2479 ἀριθμοῖς
608 2406 871 2478 διαίρεσιν
920 2406 1040 2478 ἕχον
1103 2406 1340 2479 πλήθους
1382 2407 1462 2469 είς
1511 2405 1684 2476 πέρας

129 2500 313 2568 ἀνάγει,
344 2500 442 2570 τὴν
490 2499 590 2569 μὲν
627 2498 829 2570 μονάδα
861 2499 953 2554 τοῦ
1004 2499 1202 2562 παντὸς
1246 2496 1477 2570 ἀριθμοῦ
1511 2496 1682 2569 ἀρχὴν

127 2590 377 2664 τιθεμένη,
408 2592 509 2662 τὴν
541 2590 600 2661 δὲ
632 2589 799 2645 δυάδα
825 2589 934 2649 τῶν
969 2591 1192 2661 ἀρτίων.
1224 2590 1286 2642 Ἡ
1327 2589 1502 2642 τοίνυν
1541 2589 1682 2660 ἀρχὴ

127 2679 180 2731 τὸ
219 2682 582 2737 ἁπλούστατον
633 2684 690 2736 ὲν
736 2682 950 2752 ἑκάστῳ
993 2683 1136 2751 γένει
1166 2681 1332 2751 δηλοῖ.
1376 2680 1498 2742 Πῶς
1527 2676 1678 2752 οῦνὴ

125 2773 242 2836 δυὰς
271 2774 408 2846 ἀρχὴ
442 2774 665 2828 πάντων
712 2773 893 2840 ﬁatut;
923 2775 981 2827 οὐ
1029 2774 1136 2845 γάρ
1181 2775 1326 2824 ἐστιν
1366 2771 1511 2842 ἁπλῆ
1540 2772 1680 2846 ἀρχὴ

125 2867 155 2936 ἡ
181 2865 318 2931 δυὰς,
353 2867 488 2920 ἀλλά
520 2867 792 2935 σύνθετος,
819 2865 1024 2927 Οὐκοῦν
1045 2867 1139 2935 οὐχ
1173 2863 1374 2918 ἁπλοῦν
1400 2865 1432 2934 ἡ
1464 2867 1528 2917 ὲκ
1555 2880 1675 2916 συν-

128 2955 311 3019 θέσεως
349 2959 514 3030 ἀρχή·
543 2960 641 3016 καὶ
674 2959 792 3022 πῶς
835 2957 901 3028 ἂν
947 2956 1169 3036 κληθείη
1217 2956 1389 3027 ἀρχῆς
1439 2953 1545 3025 πρὸ
1574 2953 1684 3024 γὰρ

125 3049 217 3119 τῆς
251 3051 498 3108 συνθέτου
540 3051 746 3122 ταύτης
784 3051 959 3122 ἀρχῆς
1002 3050 1154 3104 ἔσται
1201 3051 1232 3120 ἡ
1285 3047 1488 3118 κυρίως
1518 3045 1680 3118 ἀρχὴ,

123 3138 179 3192 τὸ
213 3140 297 3206 ἓν,
337 3143 427 3214 ἀφ’
463 3138 527 3196 οῦ
569 3143 810 3214 μονάδων
850 3140 1230 3202 συντεθεισῶν,
1264 3138 1392 3202 δυὰς
1430 3128 1685 3191 ἀπετελέ-

1783 2035 2132 2106 principium.
2163 2033 2300 2088 Nota
2331 2034 2596 2090 adversus
2628 2034 2974 2091 Manichazos.

1854 2127 2084 2181 Prorsus
2135 2127 2422 2180 contraria.
2485 2127 2609 2181 Haec
2663 2126 2904 2191 adverte,
2954 2143 3182 2197 prorsus
3218 2127 3364 2182 enim

1783 2221 2053 2276 adversus
2092 2219 2418 2275 Manichaeos
2466 2220 2741 2284 decertat,
2775 2221 2868 2289 qui
2915 2219 3238 2290 insipienter
3267 2219 3366 2273 do-

1782 2312 1955 2368 cendo
1983 2312 2282 2367 decernunt
2308 2312 2416 2365 duo
2439 2327 2557 2367 esse
2594 2311 2859 2381 principia
2890 2311 3200 2376 contraria;
3238 2326 3365 2364 nam

1783 2419 1873 2459 ars
1923 2403 2248 2458 numerandi
2295 2403 2428 2457 illud
2476 2403 2620 2474 quod
2648 2402 2702 2455 in
2749 2403 2994 2457 numeris
3031 2401 3385 2457 divisionem-

1783 2494 2149 2550 multitudinis
2182 2495 2365 2560 habet,
2391 2496 2458 2550 ad
2501 2495 2660 2550 ﬁnem
2701 2494 2900 2559 refert,
2938 2495 3203 2549 unitatem
3240 2495 3366 2564 qui»

1783 2586 1907 2643 dem
1957 2587 2285 2657 principium
2335 2588 2514 2642 omnis
2561 2589 2776 2642 numeri
2830 2587 3000 2658 ponit,
3045 2588 3365 2642 dualitatem

1782 2695 1912 2755 vero
1941 2695 2292 2735 numerorum
2331 2680 2487 2750 152
2517 2681 2752 2751 parium.
2801 2679 2987 2752 Itaque
3034 2681 3362 2751 principium

1784 2771 1838 2825 in
1882 2787 2212 2842 unoquoque
2255 2788 2451 2842 genere
2501 2773 2554 2826 id
2595 2772 2740 2842 quod
2785 2773 3250 2842 simplicissimum
3279 2779 3365 2827 est

1784 2862 2046 2918 declarat.
2081 2863 2365 2928 Quomodo
2400 2863 2566 2933 igitur
2609 2864 2845 2919 dualitas
2881 2865 3126 2918 omnium
3159 2864 3366 2933 princi-

1784 2955 1932 3024 pium
1979 2955 2116 3009 erit!
2145 2955 2378 3009 dualitas
2414 2957 2560 3010 enim
2607 2971 2718 3010 non
2770 2964 2854 3011 est
2899 2956 3127 3026 simplex
3163 2955 3365 3025 princi-

1785 3047 1956 3117 pium,
1991 3047 2085 3102 sed
2117 3047 2478 3116 compositum
2509 3064 2521 3098 :
2550 3049 2699 3117 atqui
2727 3062 2835 3101 non
2866 3055 2949 3101 est
2981 3045 3112 3116 quid
3133 3045 3365 3114 simplex

1786 3138 2114 3208 principium
2147 3139 2292 3210 quod
2317 3139 2712 3209 compositione
2737 3146 2973 3206 constat,
3005 3147 3059 3192 et
3091 3133 3366 3207 quomodo

125 3230 236 3302 σθη.
265 3234 425 3305 Δῆλον
447 3231 544 3288 οὖν
583 3234 986 3304 ἀπανταχόθεν,
1021 3234 1096 3297 ὡς
1128 3231 1426 3287 ἀσύστατον
1454 3229 1561 3284 τῶν
1595 3227 1681 3282 δύο

1793 3239 2076 3285 vocaretur
2106 3232 2473 3301 principium?
2505 3247 2629 3285 nam
2680 3240 2806 3286 ante
2856 3230 3220 3300 compositum
3263 3227 3368 3280 hoc

122 3321 289 3392 ἀρχῶν
319 3327 376 3378 τὸ
403 3327 605 3396 δόγμα.

1705 3307 1750 3369 C
1781 3321 2132 3394 principium,
2163 3324 2294 3378 illud
2320 3323 2464 3393 quod
2495 3324 2714 3394 proprie
2750 3329 2833 3378 est
2858 3322 3213 3393 principium,
3235 3319 3363 3382 erit,

119 3431 302 3488 nempe
333 3435 522 3482 unum,
547 3417 764 3481 deinde,
802 3416 1098 3476 unitatlbus
1128 3415 1466 3483 compositis,
1497 3415 1730 3472 dualitas
1760 3417 2056 3488 perficitur.
2105 3415 2292 3487 Itaque
2323 3418 2546 3472 omnino
2595 3417 2944 3472 manifestum
2969 3423 3056 3471 est
3088 3431 3199 3470 non
3233 3429 3368 3470 con-

121 3514 300 3568 sistere
329 3513 525 3584 dogma
558 3512 629 3568 de
658 3513 873 3567 duobus
900 3511 1204 3582 principiis.

183 3606 285 3658 Kal
307 3605 432 3676 μὴν
461 3607 602 3660 οὔτε
641 3604 769 3659 δύο.
798 3605 916 3660 Ὅτι
958 3606 1016 3658 οὐ
1047 3605 1269 3660 δυνατὸν
1305 3607 1396 3661 δύο
1432 3609 1678 3672 ἐναντίας

117 3695 280 3768 ἀρχὰς
309 3698 567 3751 ἐναντίων
593 3691 754 3750 εἶναι.

190 3788 315 3842 Οὐδ’
334 3788 511 3856 ἐκτός
539 3788 918 3858 δυσχερείας.
951 3792 1062 3844 Οὐκ
1086 3791 1346 3863 ἀϐλαϐής.

184 3880 271 3933 Διὸ
323 3880 420 3951 καὶ
469 3882 624 3950 φίλα
674 3881 746 3934 τὰ
793 3881 1002 3950 ἀγαθά.
1063 3883 1275 3954 Ἐπειδὴ
1328 3883 1422 3936 τοῦ
1474 3883 1680 3954 ἀγαθοῦ

115 3970 284 4024 πάντα
333 3971 576 4044 μετέχει,
615 3973 710 4025 καὶ
756 3972 902 4043 αὐτῷ
937 3972 1013 4043 τῷ
1059 3969 1196 4026 εἶναι
1243 3975 1323 4037 εἰς
1365 3975 1426 4028 τὺ
1481 3976 1681 4044 ἀγαθὸν

113 4057 416 4129 ἀνάγονται,
450 4063 514 4116 τὸ
547 4062 750 4130 ἀγαθὸν
780 4064 873 4116 καὶ
898 4063 957 4116 τὸ
989 4063 1152 4118 καλὸν
1180 4063 1287 4117 τῶν
1327 4065 1544 4118 πάντων
1583 4067 1682 4119 οὐκ

111 4151 178 4202 ἂν
205 4152 282 4224 εἴη
311 4154 368 4206 τὸ
391 4154 613 4226 πρῶτον
644 4153 826 4216 καλὸν,
872 4146 933 4207 οῦ
977 4154 1151 4208 πάντα
1200 4156 1514 4226 μετέχοντα,
1542 4155 1681 4208 καλά

111 4245 371 4310 γίνονται,
395 4237 734 4317 ὁμοιωθέντα
785 4265 901 4310 πως
931 4250 997 4319 τῇ
1048 4247 1343 4318 μεταλήψει
1388 4248 1465 4318 τῷ
1510 4246 1680 4317 καλῷ,

112 4336 249 4408 πλὴν
278 4339 456 4410 πολλῷ
480 4339 832 4410 ἀμυδρότατα
881 4339 1161 4410 ὁμοιοῦται
1200 4339 1293 4392 τοῦ
1331 4339 1449 4412 ἑνὸς
1478 4338 1681 4408 ἀγαθοῦ

108 4429 208 4481 καὶ
256 4423 452 4494 καλοῦ,
501 4431 757 4502 καθάπερ
806 4431 1103 4503 αὐξομένου
1166 4433 1260 4485 καὶ
1297 4433 1377 4494 εἰς
1424 4430 1522 4503 τὴν
1575 4430 1682 4483 τῶν

108 4520 289 4576 καλῶν
329 4523 491 4591 φύσιν
546 4523 960 4594 ἐκφαινομένου·
1005 4523 1147 4587 ὅθεν,
1181 4524 1274 4577 καὶ
1307 4522 1501 4576 πάντα
1529 4521 1684 4575 καλὰ

1856 3602 2039 3674 Neque
2069 3620 2185 3658 vero
2213 3604 2341 3659 duo.
2387 3603 2732 3675 Impossibile
2764 3620 2888 3661 esse
2939 3604 3048 3661 duo
3093 3608 3369 3662 contraria

1783 3696 2050 3769 principia
2084 3701 2486 3752 contrariorum
2521 3714 2664 3754 esse.

1860 3787 2041 3859 Neque
2078 3806 2271 3843 vacuus
2302 3789 2564 3844 molestia.
2598 3789 2717 3844 Non
2749 3790 3061 3846 incolumis.

1859 3880 2150 3950 Propterea
2179 3880 2316 3951 quod
2345 3882 2507 3935 etiam
2544 3881 2679 3935 bona
2728 3890 2851 3936 sunt
2890 3883 3084 3937 amica.
3111 3883 3368 3950 Quando-

1786 3973 2003 4042 quidem
2050 3981 2247 4027 cuncta
2291 3973 2493 4028 bonum
2542 3975 2896 4044 participant,
2949 3981 3002 4028 et
3049 3975 3167 4044 ipsa
3215 3977 3365 4031 exsi-

1792 4067 1990 4121 stentia
2040 4065 2106 4120 ad
2158 4066 2359 4119 bonum
2409 4065 2786 4131 adducuntur,
2819 4066 2964 4136 quod
2995 4068 3237 4122 omnium
3267 4069 3366 4123 bo-

1790 4174 1918 4211 num
1950 4165 2003 4213 et
2034 4157 2323 4228 pulchrum
2353 4164 2464 4222 est,
2511 4159 2746 4229 primum
2780 4159 3071 4228 pulchrum
3115 4176 3237 4216 esse
3268 4177 3366 4216 ne-

1787 4249 1928 4319 quit,
1961 4264 2069 4319 quo
2101 4249 2354 4304 universa
2403 4251 2754 4320 participant,
2805 4258 2858 4305 et
2905 4251 3132 4322 pulchra
3192 4253 3362 4320 ﬁunt,

1788 4341 1920 4396 dum
1948 4342 2182 4412 quadam
2208 4342 2421 4397 ratione
2449 4343 2682 4412 pulchro
2715 4343 2913 4398 similia
2942 4360 3039 4414 per
3071 4345 3360 4417 participao

1789 4435 1993 4490 tionem
2047 4434 2394 4500 elliciunlur,
2450 4437 2554 4490 etsi
2607 4451 2769 4505 quam
2827 4437 3222 4494 obscurissime
3270 4439 3365 4493 ιιιιί
3432 4435 3439 4446 ’

1788 4526 1932 4581 bono
1977 4533 2031 4581 et
2071 4527 2297 4597 pulchro
2331 4535 2588 4597 tanquam
2621 4529 2889 4584 crescenti
2933 4539 3094 4600 atque
3137 4531 3192 4584 in
3244 4531 3367 4601 pul-

103 4614 266 4667 λίαν.
316 4616 379 4668 Ἦ
425 4616 483 4668 δὲ
518 4615 628 4667 τῶν
663 4615 842 4668 καλῶν
872 4615 1050 4685 φύσις,
1077 4615 1340 4687 προϊοῦσα
1371 4613 1511 4668 κατά
1546 4613 1681 4685 πλῆ-

1793 4620 2043 4673 chrorum
2095 4627 2291 4674 natura
2343 4621 2624 4691 apparenti
2669 4621 3081 4691 assimileutur;
3116 4625 3262 4679 unde
3311 4632 3366 4680 et

105 4703 224 4767 θος,
259 4708 355 4779 ἤδη
384 4726 505 4771 πως
533 4708 628 4761 καὶ
657 4710 736 4772 είς
773 4707 840 4762 τά
871 4708 1096 4762 σύνθετα
1115 4749 1129 4772 ,
1165 4708 1200 4762 ἃ
1228 4707 1290 4779 δὴ
1323 4709 1419 4761 καὶ
1450 4707 1682 4778 μάλιστα

99 4797 249 4850 καλά
277 4798 498 4874 εἰώθασι
526 4799 714 4853 καλεῖν
739 4801 787 4852 οἱ
826 4799 1120 4872 ἄνθρωποι,
1148 4801 1524 4853 ἀποδείκνυται
1555 4800 1684 4853 πολ-

97 4887 287 4957 λαχῶς
322 4891 414 4944 τοῦ
449 4889 626 4945 κακοῦ
663 4890 707 4922 ⁸⁷
740 4892 1112 4963 συντιθεμένου
1151 4895 1244 4947 καὶ
1273 4894 1412 4947 κατά
1458 4895 1684 4957 πολλοὺς

95 4981 338 5052 τρόπους
380 4984 700 5055 λεγομένου’
745 4985 806 5037 τὸ
842 4984 898 5037 δὲ
945 4987 1002 5037 ὲν
1047 4988 1160 5048 τοῖς
1208 4982 1324 5040 οῦσι
1366 4987 1528 5041 καλὸν
1559 4985 1680 5039 οὔτε

92 5072 264 5125 οὐσία
296 5076 464 5139 ἐστὶν,
495 5073 620 5128 οῦτε
645 5075 820 5143 γένος,
850 5076 984 5129 ἀλλά
1023 5077 1369 5149 συμϐεϐηκὸς
1394 5076 1683 5149 ὁμοιότητά

89 5181 233 5218 τινα
278 5168 652 5240 κεκτημένον,
703 5168 845 5222 κατὰ
902 5170 1091 5242 μικρὸν
1148 5173 1573 5244 συναπτομένην·
1620 5175 1680 5226 οὐ

91 5259 218 5330 γὰρ
252 5263 368 5314 καθ’
406 5263 464 5315 ἓν
497 5258 640 5326 εἶδος
665 5262 877 5332 λέγεται
908 5264 976 5317 τὰ
1007 5265 1167 5329 καλὰ,
1205 5267 1340 5320 ἀλλά
1381 5267 1680 5337 πολλαχῶςο

89 5352 396 5421 προσέοικε
432 5354 493 5408 δὲ
526 5354 687 5425 μόνον
716 5354 964 5427 ἀλλήλοις
994 5357 1070 5420 ὡς
1115 5359 1294 5430 ὃμοια,
1339 5358 1440 5412 κᾶν
1473 5359 1685 5412 πολυει-

85 5444 214 5504 δῶς
246 5447 368 5511 περὶ
395 5446 456 5499 τὸ
481 5446 578 5500 καὶ
603 5445 743 5499 αὐτὰ
769 5447 907 5518 καλά
946 5444 1084 5502 εἶναι
1109 5449 1250 5503 κατὰ
1278 5450 1348 5504 τὰ
1374 5452 1547 5504 οίκεῖα
1570 5451 1682 5522 εἴδη

201 5603 236 5641 ι
271 5600 313 5656 ll
345 5601 487 5659 Tim.
524 5619 588 5669 ιι,
628 5603 716 5672 l5.

1787 4715 1962 4767 omnia
2012 4714 2232 4783 pulchra
2281 4713 2450 4768 valde.
2489 4713 2853 4769 Pulchrorum
2904 4730 3036 4769 vero
3082 4724 3274 4770 natura
3310 4717 3366 4771 in

1786 4807 2136 4862 multitudine
2178 4821 2464 4876 progressa
2487 4847 2500 4872 ,
2529 4806 2642 4876 jam
2678 4823 2893 4877 quoque
2943 4808 2998 4861 in
3047 4810 3365 4879 compositis

1786 4914 1906 4967 quae
1935 4899 2169 4953 maxime
2199 4898 2377 4954 solent
2405 4899 2652 4957 homines
2674 4915 2871 4954 vocare
2900 4900 3151 4970 pulchra,
3181 4910 3367 4956 osten-

1787 4991 1956 5056 ditur,
1990 4991 2222 5063 pulchro
2246 4990 2600 5044 multifariam
2624 4991 2927 5061 composito
2955 5007 3018 5046 ac
3044 4992 3363 5047 multimode

1788 5084 1934 5138 dicto
1973 5103 1985 5137 :
2020 5083 2308 5153 pulchrum
2353 5095 2533 5138 autem
2564 5084 2712 5154 quod
2757 5084 2812 5138 in
2841 5085 3008 5141 rebus
3050 5095 3152 5148 cst,
3187 5101 3364 5154 neque

1787 5183 1870 5231 est
1899 5176 2156 5239 essentia,
2189 5191 2365 5244 neque
2397 5191 2588 5246 genus,
2623 5176 2718 5231 sed
2753 5177 3008 5232 accidens
3037 5175 3181 5248 quod
3209 5176 3364 5231 simi-

1786 5266 2071 5322 litudinem
2098 5266 2390 5336 quamdam
2421 5282 2614 5337 parum
2639 5269 2999 5324 cohaerentem
3035 5268 3228 5332 habet;
3260 5281 3362 5323 nec

1789 5359 1932 5414 enim
1958 5374 2068 5413 uno
2098 5357 2262 5412 modo
2297 5358 2557 5414 dicuntur
2584 5361 2811 5432 pulchra
2845 5361 2941 5416 sed
2968 5358 3320 5414 multifariam
3340 5401 3358 5427 ,

1790 5451 2118 5506 conveniunt
2147 5458 2329 5506 autem
2367 5459 2578 5508 tantum
2626 5453 2768 5508 inter
2812 5467 2872 5508 se
2902 5458 2962 5506 ut
2997 5449 3218 5517 similia,
3249 5456 3358 5508 ets:

1033 5757 1268 5814 γΑιιιλΕ
1307 5758 1686 5817 LECTIONES
1721 5759 1808 5814 ET
1845 5759 2392 5821 CORRECTIONES.

752 5842 1044 5884 ’“’.ο

220 5914 267 5950 ’⁷
297 5914 480 5984 κὲιᾼοῆ·
