3874 6576
135 484 222 540 εδει
842 475 898 531 s.
941 474 1194 530 MAXIM}
1229 475 1525 532 scnous
1565 474 1630 530 IN
1667 474 1794 530 mu.
1833 474 1920 528 DE
1954 473 2208 532 DIVINIS
2239 461 2648 533 NOMINIBUS.
3265 484 3370 539 290

133 585 332 668 Ἐλλησι
374 595 472 650 καὶ
503 594 825 665 Μανιχαίοις
854 595 1141 666 λεγόμενον
1168 593 1416 657 διαλύων,
1449 595 1530 648 ὄτι
1565 593 1688 648 οὔτε

1798 591 2216 648 Manichaeorum
2245 593 2592 660 dissolvens,
2630 609 2810 666 neque
2847 595 3124 653 daemones
3169 609 3368 657 natura

130 691 170 744 oi
211 689 453 760 δαίμονες
503 688 664 758 φύσει
714 687 906 741 κακοί·
973 683 1090 740 εἶτα
1141 687 1210 741 τὰ
1266 687 1386 741 καθ’
1433 687 1688 742 ὑπόθεσιν

133 785 239 854 παρ’
292 780 474 835 αὐτῶν
545 780 922 852 ἀντιτιθέμενα
973 780 1257 852 προτίθησι
1307 781 1400 835 καὶ
1454 780 1686 844 διαλύει,

132 875 275 942 λέγων
292 890 306 903 ·
325 871 552 944 Πρῶτον
577 873 673 942 μὲν
700 872 763 924 ού
792 871 1102 942 φθείρουσιν
1131 874 1180 924 οἱ
1206 872 1457 944 δαίμονες
1479 872 1685 935 οὐσίας·

133 969 178 1020 αἱ
203 967 300 1038 γὰρ
322 965 500 1018 οὐσίαι
532 965 651 1018 καθ’
683 965 712 1018 ὃ
742 965 919 1019 οὐσίαι
947 965 1007 1017 ού
1037 965 1306 1037 χωροῦσιν
1327 968 1406 1030 είς
1433 967 1684 1037 ἀνυπαρ-

134 1062 253 1127 ξίαν·
285 1059 511 1121 ἔπειτα,
549 1059 642 1113 καὶ
683 1059 731 1110 εί
764 1057 924 1111 τοῦτο
955 1053 1055 1129 ἦν,
1090 1059 1150 1110 ού
1191 1061 1355 1112 πᾶσιν
1386 1057 1508 1112 οὐδὲ
1553 1059 1688 1112 πάν-

130 1153 272 1222 τωνή
304 1149 482 1222 φθορὰ
527 1149 705 1220 κακὴ,
753 1150 830 1214 ὼς
876 1152 934 1202 ἐν
975 1153 1088 1214 τοῖς
1140 1149 1382 1222 θηρίοις,
1433 1150 1526 1204 καὶ
1572 1153 1687 1214 τοῖς

131 1247 392 1319 ἕρπουσιν,
428 1244 524 1298 καὶ
557 1244 713 1308 πόαις
753 1243 1052 1315 ὀλεθρίαις,
1088 1245 1182 1298 καὶ
1212 1247 1324 1308 τοῖς
1370 1244 1548 1309 ἄλλοις
1575 1247 1688 1309 τοῖς

130 1338 325 1408 ὁμοίοις.
349 1336 622 1407 Ζητητέον
653 1330 768 1399 οῦν,
804 1336 877 1407 μὴ
907 1335 1132 1408 δύναμιν
1163 1335 1196 1408 ἢ
1230 1337 1507 1407 ἐνέργειαν
1531 1339 1687 1408 φθεί-

131 1449 290 1502 ρουσιν
320 1431 368 1484 oi
400 1429 673 1501 δαίμονες,
707 1430 802 1484 καὶ
831 1429 969 1494 τέως
999 1431 1054 1484 ἐν
1089 1431 1334 1503 συντόμῳ
1356 1433 1460 1504 χρὴ
1489 1434 1684 1497 εἰπεῖν,

129 1522 173 1574 τί
194 1523 404 1594 δύναμις
433 1524 450 1554 ⁸
490 1523 586 1576 καὶ
621 1523 673 1575 τί
711 1523 991 1593 ἐνέργεια·
1042 1524 1212 1576 ἰστέον
1245 1520 1354 1589 οῦν,
1391 1525 1472 1579 ὅτι
1505 1528 1538 1597 ἡ
1573 1527 1690 1580 δια-

131 1614 282 1686 φθορὰ
335 1615 436 1685 τῆς
476 1613 762 1685 δυνάμεως
816 1614 954 1685 πρὸς
999 1612 1096 1685 τὴν
1141 1614 1416 1686 ἐνέργειαν
1463 1616 1685 1688 τοιαύτη

129 1705 274 1764 ἐστὶν,
305 1705 380 1768 ῶς
414 1705 448 1775 ἡ
497 1703 612 1768 ἕξις
644 1703 782 1774 πρὸς
830 1703 930 1774 τὴν
975 1703 1252 1774 ἐνέργειαν
1283 1705 1382 1776 τὴν
1419 1704 1565 1766 κατὰ⁴
1588 1705 1688 1774 τὴν

130 1797 250 1863 ἕξιν·
285 1801 318 1871 η
369 1798 470 1870 μὲν
515 1793 611 1852 οὖν
641 1796 754 1862 ἕξις
789 1797 1196 1873 ποιότηςέστὶν
1227 1797 1475 1868 ἔμμονος.
1513 1796 1687 1865 Σαφὲς

127 1894 176 1949 δὲ
205 1892 349 1945 ἔσται
390 1889 573 1944 οὕτω·
623 1889 684 1942 τὸ
731 1889 842 1961 πῦρ
888 1889 1112 1961 δύναμιν
1145 1890 1255 1961 ἔχει
1297 1889 1680 1962 θερμαντικὴν,

128 1981 208 2034 καί
233 1984 375 2035 ἐστιν
422 1978 592 2034 αὑτοῦ
634 1979 749 2046 ἕξις
795 1980 913 2050 ἦτοι
955 1980 1176 2052 ποιότης
1205 1980 1266 2033 τὸ
1293 1979 1679 2052 θερμαντικόν.

130 2076 296 2128 Ἔστιν
327 2070 421 2128 οὖν
451 2072 703 2145 ἐνέργεια
730 2075 764 2145 ἡ
799 2072 939 2126 κατὰ
972 2073 1071 2143 τὴν
1108 2073 1220 2139 ἕξιν
1255 2074 1369 2144 ἦτοι
1400 2074 1680 2145 ποιότητα,

126 2167 200 2220 ἦτε
228 2167 316 2220 καί
343 2185 397 2219 τι
444 2165 606 2235 σῶμα
636 2164 1019 2237 θερμαίνεται·
1068 2165 1174 2219 ἰδοὺ
1209 2165 1316 2237 γὰρ
1345 2165 1683 2222 ἀποτελεῖται

125 2263 152 2330 ἡ
200 2261 442 2331 ἐνέργεια
494 2260 596 2330 τῆς
639 2259 806 2324 ἕξεως
866 2258 959 2312 τοῦ
995 2259 1196 2330 πυρός·
1240 2259 1272 2328 ἠ
1318 2254 1412 2312 οὖν
1456 2257 1687 2328 δύναμις

126 2354 238 2422 παρ’
285 2352 486 2424 ἑαυτῆς
538 2351 650 2422 ἔχει
698 2352 797 2423 τὴν
831 2351 1140 2422 ἐνέργειαν·
1193 2352 1364 2422 αὐτῆς
1413 2350 1523 2422 γάρ
1567 2353 1683 2404 ἐστι

126 2444 210 2513 τῆς
234 2444 512 2516 δυνάμεως
535 2447 570 2516 ἡ
604 2444 853 2516 ἐνέργεια
881 2443 942 2497 τὸ
969 2443 1027 2508 ἐξ
1049 2444 1218 2514 αὐτῆς
1235 2443 1680 2514 ἀποτελούμενον·

125 2541 154 2609 ἡ
195 2539 291 2612 γὰρ
331 2539 564 2610 δύναμις
611 2538 756 2592 κατά
803 2537 864 2592 τὺ
912 2541 1082 2592 ποιεῖν
1115 2537 1464 2609 λαμϐάνεται.
1507 2539 1685 2610 Φθορά

127 2625 209 2682 οὖν
228 2629 507 2701 δυνάμεως
523 2631 558 2700 ἡ
589 2628 856 2702 ἐνέργεια.
885 2625 1199 2700 ”Ωσπεροῦν
1220 2628 1315 2682 καὶ
1335 2628 1520 2692 οὐσίας
1539 2631 1572 2700 ἡ
1595 2629 1686 2683 δύ-

127 2736 290 2790 ναμις,
321 2721 516 2774 ταύτὸν
550 2720 607 2772 δὲ
642 2721 735 2773 καὶ
765 2719 892 2792 περὶ
919 2720 1017 2791 τῆς
1050 2718 1376 2791 ἐνεργείαςὴ
1406 2722 1555 2791 παρὰ
1583 2722 1684 2792 τὴν

127 2809 285 2876 τάξιν,
317 2811 408 2865 καὶ
453 2810 556 2883 τὴν
607 2810 973 2882 συμμετρίαν,
1023 2810 1117 2865 καὶ
1163 2811 1423 2882 ἁρμονίαν
1455 2810 1684 2884 ἀσθενὴς

127 2897 352 2972 πρόοδος,
387 2901 509 2956 καθ’
543 2900 612 2971 ἣν
645 2900 936 2972 προϊοῦσαν
971 2901 1305 2973 πλημμελῶς
1335 2903 1395 2956 ού
1432 2902 1686 2957 δύνανται

130 2991 294 3063 μένειν
319 2994 393 3057 ὡς
436 2989 584 3064 εἶχον
633 2994 667 3064 ἡ
697 2993 953 3065 δύναμις,
995 2995 1091 3050 καὶ
1131 2996 1164 3066 ἠ
1203 2995 1448 3066 ἐνέργεια
1474 3035 1491 3060 ,
1526 2997 1621 3049 καὶ
1647 2999 1682 3068 ἡ

126 3087 293 3139 οὐσία·
323 3088 369 3139 εί
399 3085 512 3158 γὰρ
541 3084 834 3156 παντελὴς,
867 3086 943 3149 ὡς
974 3086 1202 3157 ἔφημεν,
1231 3087 1381 3142 ἔσται
1415 3088 1684 3154 ἀσθένεια,

88 3172 94 3176 ”
127 3181 183 3231 ού
209 3180 306 3250 μὴν
338 3181 371 3250 ἡ
401 3179 604 3251 μερικὴ
630 3180 738 3232 τῶν
763 3179 1094 3251 εἰρημένων·
1126 3179 1220 3233 καὶ
1245 3181 1306 3233 τὸ
1335 3180 1688 3252 ὑποκείμενον

1793 699 1917 742 esse
1947 686 2163 741 malos:
2209 684 2408 742 deinde
2436 703 2557 757 qua:
2605 703 2673 743 ex
2719 689 3097 758 suppositione
3147 691 3217 746 ab
3258 693 3370 749 illis

1793 784 2170 846 exponuntur,
2209 777 2466 848 proponit
2517 786 2571 834 et
2612 780 2884 845 dissolvit,
2920 781 3148 837 dicens:
3178 783 3368 839 Primo

1791 869 2016 937 quidem
2053 868 2329 926 damones
2372 883 2484 924 non
2535 881 2895 941 corrumpunt
2925 876 3244 944 _essentias:
3278 892 3368 932 es-

1791 961 1980 1017 sentia:
2026 963 2170 1016 enim
2231 971 2504 1032 quatenus
2553 965 2842 1031 essentia),
2903 981 3011 1018 non
3058 966 3260 1020 abeunt
3309 968 3367 1022 in

1789 1053 2060 1120 nihilum;
2089 1053 2248 1126 154
2276 1062 2466 1124 postea
2504 1056 2608 1110 etsi
2635 1056 2738 1110 hoc
2767 1065 2934 1122 esset,
2965 1074 3074 1112 non
3105 1059 3226 1114 ideo
3248 1076 3369 1114 om-

1791 1144 1954 1201 nibus
1975 1161 2154 1216 neque
2176 1148 2420 1201 omnium
2446 1149 2726 1219 corruptio
2761 1150 2924 1214 mala,
2948 1151 3093 1205 sicut
3129 1152 3183 1206 in
3235 1151 3368 1207 feris

1789 1246 1843 1293 et
1873 1239 2182 1309 reptilibus,
2209 1246 2265 1294 et
2303 1239 2489 1297 herbis
2528 1241 2742 1304 noxiis,
2785 1242 3014 1312 aliisque
3048 1243 3364 1299 similibus:

1789 1332 2143 1401 quaerendum
2173 1333 2358 1403 igitur,
2393 1350 2523 1389 num
2555 1334 2830 1391 demones
2872 1336 3128 1392 virtutem
3171 1345 3225 1392 et
3253 1336 3368 1393 elli-

1787 1425 1996 1479 caciam
2026 1437 2419 1498 corrumpant;
2456 1427 2674 1482 interim
2722 1431 2913 1499 paucis
2943 1429 3234 1485 dicendum
3281 1439 3368 1486 est

1789 1516 1920 1586 quid
1951 1517 2127 1573 virtus
2155 1526 2210 1574 et
2248 1519 2380 1590 quid
2416 1519 2681 1576 etﬁcacia.
2714 1519 3008 1576 Sciendum
3042 1521 3209 1592 igitur
3244 1537 3363 1576 cor-

1786 1607 2100 1677 ruptionem
2144 1609 2366 1665 virtutis
2407 1618 2662 1682 respectu
2702 1611 2960 1667 efﬁcaciae
2998 1628 3094 1667 seu
3131 1613 3368 1670 actionis

1787 1702 1949 1756 talem
2007 1717 2166 1770 esse,
2215 1704 2396 1774 qualis
2443 1711 2528 1759 est
2578 1704 2798 1760 habitus
2844 1712 3097 1774 respectu
3135 1707 3368 1762 actionis

1787 1791 2116 1861 habitualis;
2147 1794 2371 1850 habitus
2391 1795 2612 1866 quidem
2643 1805 2728 1851 est
2759 1796 2994 1866 qualitas
3027 1796 3364 1865 immanens;

1787 1885 1918 1939 illud
1952 1893 2132 1941 autem
2160 1887 2238 1941 ita
2277 1888 2626 1958 perspicuum
2655 1887 2783 1943 ﬁet:
2821 1887 2963 1958 ignis
3003 1887 3164 1942 habet
3193 1890 3368 1942 virtu-

1786 1984 1892 2030 tem
1917 1977 2296 2046 calefaciendi,
2315 1990 2507 2049 estque
2529 1979 2704 2048 ipsius
2732 1979 2952 2034 habitus
2980 1994 3078 2034 seu
3097 1979 3370 2049 qualitas;

1785 2068 2004 2138 quando
2035 2070 2202 2142 igitur
2228 2087 2430 2143 corpus
2474 2073 2778 2138 incalescit,
2809 2087 2938 2128 ecce
2964 2071 3108 2126 actio
3151 2071 3373 2127 habitus

1787 2160 1929 2231 ignis
1950 2163 2249 2232 perﬁcitur,
2273 2165 2448 2235 virtus
2478 2165 2662 2235 itaque
2685 2165 2848 2219 habet
2870 2165 2926 2218 in
2951 2180 3010 2220 se
3031 2163 3367 2227 efﬁcaciam;

1785 2273 1910 2312 nam
1957 2256 2202 2312 efﬁcacia
2256 2265 2343 2312 est
2389 2257 2564 2327 ipsius
2616 2257 2837 2311 virtutis
2873 2255 3100 2312 eil‘ectus
3127 2296 3142 2319 ,
3196 2256 3371 2310 virtus

1785 2349 1928 2402 enim
1978 2347 2258 2416 operando
2297 2357 2691 2418 comparatur;
2745 2349 3030 2419 corruptio
3081 2347 3247 2417 igitur
3284 2355 3372 2402 est

1785 2438 2008 2493 virtutis
2035 2435 2284 2492 efﬁcacia
2340 2453 2438 2493 seu
2491 2439 2675 2505 actio;
2714 2438 2859 2493 sicut
2909 2453 3042 2509 ergo
3073 2438 3245 2491 virtus
3285 2444 3374 2492 est

1785 2528 2058 2592 essentia,
2090 2527 2166 2582 ita
2191 2529 2355 2583 etiam
2386 2529 2678 2584 dicendum
2709 2531 2775 2586 de
2803 2530 3068 2594 efﬁcacia,
3090 2545 3211 2600 quae
3243 2545 3370 2584 cum

1786 2623 1899 2694 agit
1954 2630 2151 2692 prater
2200 2620 2447 2676 ordinem
2495 2630 2550 2676 et
2595 2622 3029 2676 convenientiam
3079 2629 3375 2692 aptamque

1786 2717 2236 2788 compositionem
2261 2755 2278 2779 ,
2314 2724 2398 2770 est
2449 2715 2723 2770 imbecilla
2769 2715 3080 2786 progressio
3104 2752 3120 2779 ,
3173 2713 3229 2767 in
3262 2729 3374 2783 qua

1787 2809 1985 2864 vitiose
2016 2807 2345 2878 procedente
2386 2813 2666 2877 nequeunt
2710 2823 2933 2863 manere
2977 2807 3167 2877 quales
3213 2813 3374 2861 erant

1795 2901 1972 2955 virtus
2001 2909 2055 2954 et
2089 2899 2337 2955 efﬁcacia
2388 2906 2552 2969 atque
2593 2899 2862 2964 essentia;
2911 2899 3114 2969 alioqui
3163 2899 3372 2964 totalis,

1789 3001 1850 3047 ut
1893 2991 2170 3056 diximus,
2213 2995 2318 3046 erit
2361 2989 2742 3057 imbecillitas,
2790 3005 2900 3044 non
2955 3005 3085 3044 vero
3124 2989 3378 3060 partialis

1787 3098 1978 3140 eorum
2029 3097 2150 3154 quae
2177 3083 2324 3138 dicta
2368 3089 2546 3138 sunt:
2597 3083 2774 3137 virtus
2806 3096 3024 3152 quoque
3068 3081 3374 3150 corrumpit

1794 3175 2100 3246 subjectum
2141 3175 2196 3230 in
2220 3191 2330 3246 quo
2353 3183 2456 3239 est,
2497 3188 2561 3230 ac
2584 3173 2848 3239 ellicacia,
2889 3182 2942 3228 et
2971 3189 3146 3244 neque
3171 3173 3370 3236 virtus,

127 3273 321 3348 φθείρει
351 3276 407 3327 ἐν
440 3268 486 3343 ᾧ
519 3275 553 3345 ἡ
592 3273 841 3344 δύναμις,
875 3275 968 3328 καὶ
999 3276 1031 3344 ἡ
1077 3273 1345 3346 ἐνέργεια,
1376 3276 1470 3329 καὶ
1502 3274 1622 3328 οὔτε
1654 3277 1687 3348 ἠ

1798 3283 1967 3339 neque
1989 3267 2250 3334 eﬂicacia,
2278 3268 2426 3324 sicut
2462 3281 2639 3337 neque
2670 3265 2929 3332 essentia,
2963 3265 3096 3336 quin
3126 3279 3228 3319 nec
3255 3264 3373 3334 ipsa

126 3364 352 3437 δύναμις,
380 3368 476 3420 καὶ
505 3368 539 3436 ἠ
591 3363 869 3434 ἐνέργεια,
903 3363 978 3426 ὡς
1004 3363 1126 3416 οὔτε
1160 3366 1192 3435 ἡ
1227 3365 1399 3428 οὐσία,
1433 3365 1545 3419 ἀλλ’
1569 3364 1690 3419 οὔτε

127 3452 254 3529 αὐτῇ
285 3459 314 3528 ή
351 3456 528 3529 φθορὰ
563 3455 1116 3527 παραλειφθήσονται,
1169 3457 1513 3528 ἀπολομένων
1550 3459 1692 3511 ἐκεί-

124 3565 224 3601 νων
247 3551 374 3621 περὶ
404 3550 442 3604 ἃ
477 3551 511 3621 ἡ
561 3547 754 3619 φθορά.
792 3548 1071 3619 Ἐνέργεια
1113 3549 1211 3619 μὲν
1241 3546 1333 3602 οὖν
1364 3550 1570 3621 νοητῶν
1600 3552 1696 3606 καὶ

126 3640 311 3712 νοερῶν
348 3640 486 3695 νοῶν
532 3639 595 3693 τὸ
636 3639 776 3694 κατὰ
817 3638 976 3708 φύσιν
1021 3639 1306 3711 πράττειν,
1346 3641 1590 3694 τουτέστι
1633 3643 1694 3695 τὸ

127 3733 201 3794 είς
231 3731 356 3786 Θεὸν
386 3731 782 3787 ἀνατετάσθαι·
814 3731 1042 3802 δύναμις
1066 3730 1124 3785 δὲ
1157 3730 1249 3785 νοῦ
1277 3731 1340 3784 τὸ
1375 3733 1454 3795 εἰς
1483 3732 1696 3804 νοήσεις

125 3825 388 3888 κατιέναι,
429 3825 565 3894 περὶ
611 3815 672 3876 οὗ
723 3821 792 3876 τὰ
821 3823 1105 3894 εἰρημένα,
1142 3822 1477 3894 πλημμελῶς
1510 3823 1694 3878 κινούσ-

130 3931 276 3982 μενα,
315 3915 626 3968 ἐλλείπουσι
669 3912 762 3967 τοῦ
796 3913 1017 3982 ἀγαθοῦ.
1064 3913 1224 3967 Φύσει
1272 3909 1363 3968 οὖν
1407 3914 1577 3968 κακὸν
1607 3915 1696 3967 οὑ-

123 4005 222 4060 δέν.

203 4099 358 4154 Ἀλλ’
387 4097 642 4163 ἐλλιπὲς
673 4097 919 4166 ἀγαθόν.
965 4097 1056 4160 Ὠς
1087 4097 1161 4169 μὴ
1193 4097 1295 4168 τὴν
1324 4095 1531 4152 τελείαν
1564 4097 1694 4168 φθο-

129 4191 221 4262 ρὰν
249 4193 343 4263 τῆς
383 4191 595 4261 φθορᾶς
627 4188 868 4258 εἰσάγον.

193 4284 349 4349 Εἶτα,
380 4283 511 4348 πῶς
540 4284 595 4336 οἱ
613 4281 684 4336 ἐκ
717 4280 883 4335 Θεοῦ.
915 4279 1061 4352 Πρὸς
1078 4281 1207 4344 τοὺς
1229 4279 1508 4350 λέγοντας·
1539 4281 1603 4334 Et
1632 4281 1696 4334 ἐκ

122 4373 252 4428 Θεοῦ
296 4375 546 4445 ἐγένοντο
594 4374 644 4427 οἱ
675 4373 961 4444 δαίμονες,
1007 4374 1124 4436 πῶς
1155 4375 1260 4426 εισι
1313 4373 1473 4428 κακοί
1487 4390 1502 4440 ;
1540 4374 1694 4428 Ἔστι

121 4463 183 4517 δὲ
215 4465 363 4527 λύσις
409 4467 511 4538 τῆς
555 4463 798 4527 πεύσεως
845 4464 893 4516 εί
943 4464 1102 4517 κακοί
1148 4467 1282 4518 εἰσιν
1332 4466 1380 4517 οἱ
1411 4464 1692 4536 δαίμονες·

121 4558 216 4609 καί
249 4577 432 4631 φησιν,
463 4559 546 4611 ὅτι
580 4557 640 4609 οὐ
673 4555 808 4610 καθὸ
851 4556 1044 4624 ἀγαθοί
1076 4559 1180 4610 εἱσι
1215 4557 1352 4610 κατὰ
1382 4558 1480 4628 τὴν
1512 4575 1692 4629 παρα-

1794 3362 2072 3429 corruptio
2099 3359 2350 3424 evadent,
2370 3353 2480 3414 illis
2503 3359 2665 3412 etiam
2694 3358 3051 3428 pereuntibus
3082 3359 3227 3412 circa
3254 3371 3379 3428 qua!

1793 3454 2076 3523 corruptio
2105 3461 2374 3509 versatur.
2413 3451 2599 3522 Itaque
2636 3450 2874 3506 eﬂicacia
2913 3449 3332 3522 intelligibilium
3354 3487 3372 3514 ,

1797 3562 1893 3601 seu
1926 3561 2046 3615 qua:
2077 3545 2194 3600 solo
2223 3545 2499 3601 intellectu
2538 3545 2937 3615 percipiuntur,
2971 3558 3035 3598 ac
3066 3545 3378 3616 intelligen-

1795 3637 1932 3691 tium
1984 3638 2271 3701 mentium,
2303 3645 2388 3692 est
2423 3636 2723 3692 secundum
2774 3645 3024 3691 naturam
3065 3652 3262 3708 agere,
3320 3637 3376 3691 id

1793 3737 1878 3785 est
1900 3744 2121 3784 sursum
2160 3729 2230 3784 ad
2259 3727 2430 3784 Deum
2458 3727 2717 3796 tendere;
2741 3729 2914 3785 virtus
2940 3737 3121 3784 autem
3152 3728 3374 3794 mentis,

1795 3821 1861 3875 ad
1913 3821 2272 3892 cogitationes
2299 3821 2650 3886 descendere,
2704 3821 2760 3876 in
2817 3837 2927 3892 quo
2973 3837 3037 3876 ea
3077 3838 3198 3892 quae
3230 3823 3375 3877 dicta

1795 3919 1924 3968 sunt
1969 3914 2166 3969 vitiose
2191 3915 2419 3982 moveri,
2466 3930 2497 3969 a
2544 3914 2691 3968 bono
2716 3912 2995 3968 deﬁciunt.
3028 3913 3176 3968 Nihil
3207 3915 3380 3986 igitur

1795 4013 1990 4059 natura
2022 4007 2246 4061 malum.

1865 4096 1970 4152 Sed
2009 4097 2201 4151 bonum
2243 4098 2509 4167 deﬁciens.
2553 4097 2624 4153 Ut
2672 4113 2783 4152 non
2834 4096 3134 4168 perfectam
3171 4111 3375 4154 corru-

1795 4189 2000 4262 ptionis
2031 4188 2440 4259 corruptionem
2475 4189 2762 4244 inducens.

1868 4281 2120 4353 Denique,
2150 4280 2410 4344 quomodo
2439 4281 2531 4351 qui
2554 4298 2588 4335 a
2614 4280 2744 4337 Deo.
2773 4280 2977 4336 Contra
3001 4281 3279 4340 dicentes:
3313 4281 3372 4337 Si

1794 4373 2068 4428 daemones
2104 4387 2134 4426 a
2177 4371 2290 4428 Deo
2319 4380 2448 4428 sunt
2478 4373 2706 4436 conditi,
2747 4374 3025 4444 quomodo
3069 4376 3222 4428 mali.
3277 4375 3376 4432 Est

1795 4467 1998 4524 solutio
2050 4465 2498 4536 interrogationis
2540 4481 2670 4520 num
2719 4467 2848 4520 mali
2899 4468 3010 4521 sint
3055 4467 3374 4526 daemones:

1796 4559 2000 4628 aitque,
2034 4573 2145 4612 non
2171 4567 2447 4629 quatenus
2477 4557 2606 4614 boni
2629 4565 2758 4613 sunt
2787 4559 2844 4612 in
2873 4558 3235 4630 productione
3262 4578 3376 4618 sua:

120 4651 305 4722 γωγὴν
334 4652 433 4721 τῆς
461 4649 652 4711 οὐσίας
682 4647 890 4701 αὐτῶν·
927 4650 991 4702 ἐκ
1019 4647 1111 4701 τοῦ
1148 4647 1351 4716 ἀγαθοῦ
1383 4648 1492 4720 γὰρ
1554 4663 1689 4717 παρ-

1798 4651 2075 4715 essentia,
2131 4667 2256 4705 nam
2313 4651 2542 4706 abono
2592 4651 2843 4722 producti
2899 4661 3030 4708 sunt
3084 4655 3246 4723 boni;
3279 4656 3372 4711 sed

125 4736 364 4811 ήχθησαν
383 4741 604 4812 ἀγαθοί·
636 4739 772 4792 ἀλλά
812 4739 945 4793 καθὸ
982 4739 1282 4811 ἠσθένησαν
1321 4740 1422 4811 τῆς
1465 4741 1698 4812 φυσικῆς

118 4833 297 4886 αὐτῶν
325 4833 626 4906 ἐνεργείας.

193 4925 301 4978 Καὶ
342 4923 580 4996 ἀγαθὴν
625 4926 851 4993 ἔλαχον
901 4923 1137 4978 οὐσίαν.
1192 4924 1310 4978 Ὅτι
1355 4925 1532 4998 ἀγαθὴ
1589 4927 1697 4982 τῶν

112 5015 384 5086 δαιμόνων
413 5021 448 5089 ἡ
479 5015 659 5069 οὐσία.

210 5107 296 5174 Ὠς
327 5109 398 5164 τὰ
426 5105 617 5178 Δότιά
643 5121 817 5177 φησι,
860 5107 1170 5178 Σημείωσαι
1207 5107 1324 5172 πῶς
1350 5112 1460 5162 νοεῖ
1489 5110 1569 5174 τὸ,
1602 5111 1706 5180 ἀγ-

106 5201 312 5268 γέλους
349 5220 409 5256 τε
456 5201 587 5263 τοὺς
623 5200 698 5272 μὴ
739 5202 1084 5270 τηρήσαντας
1119 5200 1217 5271 τὴν
1249 5201 1454 5254 ἑαυτῶν
1499 5202 1700 5274 ἀρχήν·

106 5291 294 5365 ἀρχὴν
321 5293 430 5365 γὰρ
456 5291 642 5346 αὐτῶν
672 5308 805 5363 φησι
831 5291 926 5362 τὴν
956 5293 1037 5356 εἰς
1072 5291 1134 5345 τὸ
1159 5287 1296 5346 εἶναι
1329 5294 1664 5364 παραγωγήν
1686 5312 1700 5325 ·

108 5384 482 5456 παρήχθησαν
517 5382 628 5454 γὰρ
680 5382 773 5435 καὶ
821 5383 974 5435 αὐτοὶ
1020 5385 1099 5446 είς
1151 5385 1257 5436 πᾶν
1291 5383 1446 5454 ἔργον
1480 5384 1700 5452 ἀγαθὸν,

103 5473 310 5546 ὥσπερ
335 5476 430 5530 καὶ
455 5478 640 5547 ἡμεῖς.
688 5475 780 5528 Ἐκ
809 5475 1013 5544 τούτων
1044 5471 1135 5530 οῦν
1167 5479 1304 5531 εἰσιν
1349 5478 1399 5530 oi
1430 5477 1700 5547 δαίμονες,

101 5567 169 5617 ἐν
204 5566 378 5636 τούτῳ
405 5567 554 5638 μόνῳ
584 5567 1030 5638 κακυνόμενοι,ἐν
1075 5571 1142 5640 τῇ
1173 5569 1368 5621 παύσει
1406 5568 1508 5638 τῆς
1535 5568 1698 5634 ἕξεως

98 5657 232 5710 τῶν
259 5659 494 5727 ἀγαθῶν,
526 5659 623 5712 καὶ
649 5660 705 5711 ἐν
724 5658 804 5729 τῷ
831 5659 905 5731 μὴ
935 5661 1174 5732 ἐνεργεῖν
1204 5659 1263 5712 τὸ
1290 5659 1493 5728 ἀγαθόν
1511 5677 1523 5689 ·
1556 5659 1696 5714 ὥστε

1801 4752 2071 4815 quatenus
2103 4743 2396 4800 debiliores
2430 4742 2603 4799 etl'ecti
2634 4744 2688 4798 in
2726 4760 2826 4801 sua
2859 4747 3096 4800 naturali
3136 4746 3374 4802 ellicacia

1800 4853 1897 4893 seu
1926 4837 2266 4907 operatione.

1870 4930 1947 4982 Ac
1997 4928 2186 4981 bonam
2244 4928 2423 4982 sortiti
2468 4937 2590 4982 sunt
2637 4929 2938 4986 essentiam.
2990 4930 3196 4985 Bonam
3254 4947 3379 4987 esse

1801 5020 2110 5075 daemonum
2145 5021 2462 5076 essentiam.

1880 5111 1948 5164 Ut
1995 5110 2225 5181 Eloquia
2268 5120 2548 5166 testantur.
2594 5111 2734 5166 Nota
2786 5115 3059 5184 quomodo
3091 5113 3245 5184 155
3291 5113 3374 5166 in-

1803 5203 2014 5272 telligat
2056 5202 2226 5267 illud,
2277 5204 2500 5273 angelos
2543 5219 2653 5258 non
2711 5213 2992 5261 servantes
3046 5206 3372 5275 principium

1800 5309 1995 5358 suum;
2025 5289 2354 5363 principium
2379 5294 2526 5348 enim
2555 5309 2746 5348 eorum
2775 5295 2927 5360 dicit,
2960 5296 3372 5367 productionem

1800 5398 1907 5454 qua
1939 5383 2271 5438 exstiterunt
2297 5403 2308 5437 :
2341 5384 2588 5452 producti
2618 5387 2762 5440 enim
2792 5397 2920 5442 sunt
2950 5389 3004 5440 in
3046 5402 3204 5440 omne
3235 5402 3374 5456 opus

1799 5476 2024 5541 bonum,
2059 5476 2204 5532 sicut
2228 5487 2282 5532 et
2313 5493 2416 5534 nos
2442 5497 2456 5546 ;
2487 5494 2556 5534 ex
2605 5479 2691 5535 his
2723 5479 2889 5549 igitur
2921 5488 3047 5533 sunt
3074 5477 3372 5545 daemones,

1804 5571 1860 5624 in
1898 5568 2002 5624 hoc
2033 5569 2152 5624 solo
2199 5570 2327 5624 mali
2371 5571 2543 5627 ell‘ecti
2576 5571 2719 5642 quod
2764 5572 2819 5625 in
2866 5571 3131 5625 bonorum
3183 5571 3373 5626 habitu

1803 5661 2105 5726 cessarint,
2143 5677 2321 5732 neque
2354 5664 2556 5718 bonum
2601 5662 2916 5729 effecerint,
2962 5664 3152 5734 sicque
3179 5666 3374 5720 volun-

1038 5815 1274 5871 VARUE
1312 5815 1695 5874 LECTIONES
1733 5816 1823 5871 ET
1862 5813 2416 5876 COBRECTIONES.

260 5955 442 6020 πάθος.
485 6032 497 6044 ⁸
