3874 6542
540 466 642 523 291

1323 455 1664 512 ΑΡΡΕΝΒΙΧ
1697 454 1788 510 AD
1829 453 2058 510 OPERA
2099 451 2488 513 5.Β1οΝἵ511
2526 440 3009 510 AREOPAGITE.

3669 445 3757 505 292

544 587 658 636 tate
707 591 835 632 sunt
871 572 1022 637 mali,
1051 586 1160 625 non
1219 575 1450 636 natura;
1496 569 1702 623 bonum
1747 583 1880 624 vero
1917 576 2103 624 natura

2225 571 2358 625 κατὰ
2387 568 2709 641 προαίρεσίν
2735 570 2841 622 είσι.
2871 567 3053 629 κακοὶ,
3085 565 3199 620 ἀλλ’
3227 566 3288 620 ού
3330 567 3472 622 κατά
3504 567 3683 638 φύσινο
3708 574 3756 626 τδ

545 674 686 730 inest
717 673 783 727 iis
805 685 926 741 quae
954 668 1262 734 exsistunt;
1286 666 1458 720 multa
1490 665 1656 736 igitur
1681 664 2012 721 dilierentia.

611 852 914 907 Divinarum
929 849 1184 904 bonorum
1197 845 1431 900 habitus.
1447 845 1582 900 Nota
1609 845 1874 901 dictiones
1891 844 2108 900 habitus

540 953 595 1002 et
623 945 879 1000 efﬁcaciae
906 963 918 997 :
953 956 1082 997 ecce
1107 942 1253 995 enim
1287 954 1448 1009 quam
1480 947 1641 994 antea
1671 938 1806 992 dixit
1828 939 2105 1001 virtutem,

541 1039 682 1091 hanc
711 1035 872 1090 modo
895 1042 1052 1089 vocat
1085 1033 1354 1097 habitum,
1386 1037 1447 1084 ut
1476 1031 1830 1101 exposuimus
1854 1029 2107 1100 superius

540 1130 596 1184 in
630 1144 828 1199 magno
859 1125 1226 1197 paragrapho.

610 1221 669 1276 Si
699 1223 874 1290 itaque
904 1234 1125 1287 semper.
1155 1215 1275 1270 Non
1304 1229 1532 1286 prorsus
1562 1220 1813 1285 expertes
1833 1228 1960 1270 esse
1977 1213 2108 1268 boni

537 1315 830 1370 daemones.

611 1405 764 1473 Quod
808 1406 947 1460 enim
993 1419 1194 1472 semper
1220 1401 1358 1456 idem
1401 1410 1500 1456 est.
1541 1399 1766 1471 Semper
1793 1399 1935 1454 idem
1990 1413 2111 1454 esse

537 1499 666 1554 boni
703 1506 787 1554 est
815 1495 1116 1568 proprium.

606 1590 769 1644 Pravi
800 1599 974 1643 autem
998 1605 1127 1643 esse.
1162 1586 1272 1643 Cur
1298 1585 1574 1640 daemones
1605 1587 1863 1638 dicuntur
1893 1581 2059 1636 mali?

615 1770 728 1825 Illis
757 1769 1002 1833 desertio,
1034 1770 1130 1825 Gr.
1163 1768 1404 1831 ἔκϐασις.
1433 1763 1702 1818 Ἔκϐασιν
1729 1770 1888 1818 vocat
1933 1776 2112 1817 reces-

540 1878 662 1918 sum
695 1877 726 1916 a
767 1861 1142 1928 convenienti;
1187 1861 1433 1914 ἀτέλειαν
1463 1873 1590 1914 vero
1621 1872 1900 1912 recessum
1929 1868 1958 1911 a
1989 1871 2113 1927 per-

540 1953 702 2019 fecto,
733 1970 830 2009 seu
861 1951 1216 2024 perfectionis
1248 1952 1543 2006 defectum.

611 2045 932 2116 Imaginatio
953 2060 1202 2114 praeceps.
1227 2044 1368 2110 Quid
1395 2045 1466 2098 sit
1485 2041 1774 2112 φαντασία,
1804 2043 2114 2113 imaginatio

537 2139 778 2196 diximus
808 2139 865 2192 in
893 2139 1071 2209 primo
1106 2138 1305 2207 capite.

616 2232 810 2286 Verum
849 2231 977 2286 ista.
1023 2229 1104 2283 En
1133 2230 1293 2283 aliam
1323 2243 1538 2298 quoque
1588 2227 1912 2283 solutionem
1938 2266 1953 2289 ,
2001 2241 2111 2281 non

535 2338 660 2379 esse
688 2322 819 2394 quid
866 2322 1068 2376 malum
1091 2360 1106 2386 ,
1138 2328 1332 2374 natura
1387 2319 1588 2374 malum
1616 2361 1630 2385 ,
1662 2318 1755 2374 sed
1812 2317 2034 2388 delapsa
2081 2333 2111 2373 a

535 2415 710 2482 bono;
733 2413 881 2486 quod
907 2413 1054 2469 enim
1077 2421 1284 2466 naturae
1312 2412 1474 2473 inest,
1499 2427 1713 2480 semper
1734 2410 1921 2466 eodem
1952 2409 2112 2466 modo

535 2523 597 2565 se
636 2509 840 2572 habet,
876 2522 1054 2576 neque
1101 2505 1394 2574 dejicitur,
1445 2505 1587 2559 sicut
1635 2505 1812 2574 ipsum
1868 2503 2110 2570 bonum;

543 2599 749 2653 malum
781 2613 911 2653 vero
939 2612 1048 2651 non
1080 2604 1165 2652 est
1193 2596 1409 2660 stabile,
1443 2597 1699 2666 quoniam
1733 2596 2032 2665 corrumpit
2059 2606 2112 2651 et

536 2692 732 2746 alterat
760 2689 908 2762 quod
938 2697 1023 2745 est
1069 2688 1328 2751 obvium,
1383 2687 1526 2742 sicut
1572 2689 1850 2758 diximus;
1892 2688 2111 2742 minime

536 2781 703 2852 igitur
727 2787 811 2836 est
845 2779 902 2835 in
945 2785 1140 2832 natura
1171 2779 1404 2840 malum,
1431 2779 1888 2848 quemadmodum
1937 2796 2111 2851 neque

535 2873 592 2925 in
639 2871 979 2928 daemonibus
1034 2886 1156 2926 esse
1207 2870 1292 2926 vir
1326 2869 1416 2924 hic
1463 2870 1682 2926 divinus
1738 2871 2002 2940 allirmat;
2061 2873 2110 2928 si

533 2964 678 3019 enim
708 2978 819 3018 non
851 2978 1066 3032 semper
1099 2961 1229 3016 mali
1259 2961 1554 3026 daemones,
1584 2977 1694 3016 non
1739 2970 1869 3018 sunt
1913 2973 2109 3020 natura

533 3056 683 3119 mali,
714 3055 858 3124 quod
889 3055 1036 3109 enim
1066 3061 1277 3108 naturae
1302 3053 1464 3113 inest.
1491 3069 1708 3124 semper
1733 3055 1922 3110 eodem
1947 3055 2111 3111 modo

536 3164 596 3204 se
623 3149 805 3203 habet.
855 3146 1264 3202 Demonstravit
1311 3145 1478 3215 igitur
1524 3145 1799 3200 dazmones
1843 3158 2109 3216 quatenus

534 3248 664 3295 sunt
718 3247 775 3294 et
826 3239 1138 3308 intelligunt
1190 3252 1254 3291 ac
1301 3238 1494 3290 vivunt
1545 3237 1926 3307 desiderioque
1981 3239 2109 3294 boni

536 3338 814 3394 tenentur,
844 3345 955 3383 non
984 3345 1108 3384 esse
1137 3335 1333 3382 natura
1363 3329 1558 3393 malos,
1599 3329 1696 3384 sed
1742 3330 2027 3386 aversione
2076 3346 2108 3386 a

535 3423 702 3487 bono,
733 3424 788 3476 in
817 3436 927 3492 quo
952 3422 1116 3476 etiam
1150 3419 1392 3475 fuerunt.

609 3512 789 3584 Neque
817 3514 935 3583 ipsa
961 3528 1051 3581 per
1081 3529 1136 3582 se
1166 3521 1288 3564 sunt
1320 3511 1480 3567 mala.
1510 3511 1594 3566 lra
1626 3513 1744 3569 sine
1774 3514 1984 3570 ratione
2011 3530 2121 3584 per.

537 3620 616 3670 se,
651 3621 714 3660 ac
743 3620 932 3660 amens
963 3603 1236 3673 cupiditas
1265 3618 1362 3673 per
1391 3619 1469 3668 se,
1499 3612 1660 3674 atque
1688 3620 1928 3677 praeceps
1970 3605 2106 3660 ima-

535 3698 763 3768 ginatio,
795 3712 905 3750 non
935 3711 1161 3767 prorsus
1180 3705 1234 3750 et
1263 3695 1319 3749 in
1349 3696 1602 3752 omnibus
1632 3697 1835 3751 malum
1855 3739 1868 3762 ,
1904 3713 2104 3754 secun-

534 3789 662 3844 dum
693 3805 752 3845 se
782 3788 1124 3843 considerata
1149 3805 1164 3853 ;
1197 3787 1306 3841 imo
1335 3787 2106 3859 quandoqueyipsoruminter-

543 3879 651 3936 itus
699 3889 858 3936 nocet
881 3880 1100 3934 animali
1139 3879 1286 3949 quod
1314 3895 1376 3933 ea
1416 3879 1669 3946 habebat,
1697 3887 1758 3934 ut
1794 3887 1943 3935 recte
1971 3881 2104 3934 dicit

531 3974 711 4043 capite
741 3974 970 4042 septimo
995 3972 1119 4026 libri
1159 3971 1347 4041 hujus.
1383 3969 1548 4026 Recte
1581 3979 1760 4027 autem
1802 3972 1857 4025 in
1898 3971 2100 4026 habiti-

532 4063 638 4120 bus
665 4065 751 4119 his
780 4064 1084 4119 calumnias
1133 4063 1571 4119 adversariorum
1609 4063 1812 4134 posuit,
1843 4063 1972 4133 quia
2019 4063 2099 4116 ira

531 4159 691 4212 etiam
730 4173 853 4212 cum
895 4158 1107 4211 ratione
1154 4157 1522 4227 conjungitur,
1556 4158 1698 4212 sicut
1745 4172 1866 4225 quae
1910 4163 2101 4209 contra

533 4257 846 4318 peccatum,
879 4257 932 4302 et
975 4249 1241 4304 adversus
1303 4247 1398 4302 Dei
1445 4249 1670 4311 hostes,
1719 4262 1784 4301 ac
1829 4245 2099 4316 cupiditas

535 4340 693 4412 156
721 4340 984 4410 prudens,
1026 4347 1086 4393 ut
1123 4340 1176 4394 id
1218 4339 1364 4408 quod
1395 4339 1586 4392 melius
1615 4346 1698 4392 est
1737 4352 1962 4406 cupere;
2006 4343 2098 4392 et:

529 4431 800 4486 Desiderio
857 4430 1150 4485 desideravi
1204 4430 1299 4484 hac
1346 4429 1542 4498 pascha
1570 4428 1890 4482 manducare
1925 4428 2098 4482 vobis-

531 4540 650 4576 cum
671 4533 698 4560 η
733 4543 748 4577 :
799 4523 873 4576 ita
903 4523 1066 4576 etiam
1098 4529 1182 4576 est
1209 4521 1530 4592 imaginatio
1558 4536 1667 4574 non
1698 4535 1962 4590 praeceps,
1993 4535 2101 4590 qua

533 4613 897 4684 intelligibilia
933 4613 1392 4683 apprehendimus
1412 4653 1428 4678 ,
1462 4613 1568 4668 hoc
1596 4620 1780 4667 mente
1806 4621 1998 4667 nostra
2029 4613 2104 4666 fa-

531 4707 758 4760 cientes.

604 4794 728 4850 Non
757 4796 989 4865 aﬂ'ectio,
1021 4795 1114 4852 Gr.
1141 4799 1174 4869 ἡ
1208 4796 1410 4866 σχέσις.
1443 4795 1636 4868 Σχέσιν
1665 4795 1909 4851 habitum
1943 4809 2100 4851 vocat

533 4888 705 4959 ipsam
737 4904 957 4960 quoquo
995 4890 1161 4944 modo
1199 4890 1628 4960 possessionem;
1653 4906 1774 4961 quae
1814 4905 1946 4946 vero
1975 4900 2101 4946 ante

531 4983 695 5045 dicta,
726 4982 828 5046 ira,
865 4996 1106 5050 mquam,
1137 4989 1193 5036 et
1237 4997 1358 5051 quze
1392 4982 1684 5052 conjuncta
1721 4983 1962 5046 fuerunt,
1993 4986 2099 5038 vim

532 5072 731 5126 habent
784 5071 1152 5128 constituendi
1200 5074 1514 5129 animalium
1563 5075 1923 5146 quorumdam
1973 5090 2102 5144 pro-

529 5163 836 5232 prietatem,
868 5171 923 5217 et
949 5166 1005 5218 in
1037 5179 1101 5218 eo
1129 5165 1255 5219 talia
1287 5182 1395 5220 non
1424 5176 1554 5222 sunt
1579 5169 1804 5224 malum.

601 5251 705 5307 Sed
737 5262 996 5324 quatenus
1026 5271 1129 5308 non
1185 5268 1280 5312 est.
1325 5257 1767 5315 Subaudiendum
1812 5257 1956 5313 κατὰ
1995 5258 2102 5328 φύ-

533 5361 636 5409 σιν,
667 5344 952 5399 secundum
984 5356 1255 5403 naturam.

600 5433 889 5510 Nunquam
922 5439 1086 5508 ipsas.
1117 5439 1198 5494 En
1227 5441 1372 5498 clare
1409 5443 1515 5498 hoc
1546 5445 1666 5500 loco
1707 5444 1862 5510 dicit,
1895 5441 2099 5496 daemo-

605 5623 631 5649 ιι
660 5613 789 5670 Luc.
825 5631 917 5684 xx,
955 5617 1042 5672 15.

2209 664 2266 716 δὲ
2300 662 2500 731 ἀγαθὸν
2547 661 2802 730 πρόσεστι
2857 662 2970 723 τοῖς
3009 654 3128 712 οὖσι
3171 675 3313 713 κατα
3369 659 3562 729 φύσιν.
3605 662 3755 738 ,πολλῆ

2208 755 2389 810 τοίνυν
2420 755 2669 826 διαφορά.

2289 847 2410 902 Τῶν
2451 848 2622 900 θείων
2662 845 2897 916 ἀγαθῶν
2935 844 3134 912 ἕξεως.
3166 845 3476 916 Σημείωσαι
3509 843 3569 897 rb
3619 845 3756 911 ἕξεως

2210 942 2304 994 καὶ
2335 941 2636 1012 ἐνεργείας·
2672 940 2780 993 ίδοὺ
2814 939 2922 1011 γὰρ
2953 941 3018 1010 ἥν
3064 942 3290 1009 προεῖπε
3317 939 3563 1010 δύναμιν,
3585 940 3755 1012 ταύτην

2209 1033 2307 1087 νῦν
2334 1033 2445 1098 ἕξιν
2477 1032 2658 1104 φησὶν,
2693 1033 2768 1096 ὠς
2799 1034 3218 1104 ἠρμηνεύσαμεν
3241 1034 3261 1063 ¹
3292 1033 3352 1087 ὲν
3382 1034 3495 1094 τοῖς
3528 1032 3757 1104 ἀνωτέρω

2211 1127 2272 1179 ὲν
2297 1129 2363 1196 τῇ
2395 1126 2602 1197 μεγάλῃ
2629 1128 2982 1197 παραγραφῇ.

2287 1217 2538 1281 Οὐκοῦν,
2568 1218 2619 1270 εί
2646 1217 2758 1271 ἀεί.
2784 1218 2903 1271 Ὀτι
2927 1217 2988 1271 οὐ
3021 1217 3195 1290 πάντη
3217 1217 3434 1289 ἄμοιροι
3460 1218 3510 1271 οἱ
3537 1217 3756 1289 δαίμονες

2208 1311 2305 1363 τοῦ
2335 1308 2564 1378 ἀγαθοῦ.

2288 1403 2355 1456 Τὸ
2387 1403 2498 1472 γὰρ
2521 1402 2615 1456 ἀεὶ
2641 1403 2880 1456 ταύτόνε
2914 1403 3034 1456 Ὅτι
3060 1401 3120 1456 rb
3159 1404 3246 1456 ἀεὶ
3281 1403 3499 1466 ταύτὸν,
3532 1403 3653 1457 ἴδιον
3676 1402 3754 1457 τοῦ

2211 1493 2438 1564 ἀγαθοῦ.

2281 1585 2465 1639 Κακοὶ
2489 1585 2559 1639 δὲ
2596 1587 2766 1641 εἶναι.
2811 1587 2907 1640 Διὰ
2934 1587 2984 1641 τί
3026 1588 3186 1641 κακοὶ
3213 1587 3458 1658 λέγονται
3504 1588 3553 1640 oi
3595 1587 3755 1659 δαίμο-

2211 1692 2302 1742 νες
2325 1695 2340 1743 ζ

2281 1765 2495 1838 Αὕτοῒς
2535 1773 2797 1838 ἔκϐασις.
2849 1770 3110 1825 Ἔκϐασιν
3157 1770 3255 1842 τὴν
3301 1769 3638 1843 ἀναχώρησιν
3677 1770 3753 1825 τοῦ

2215 1863 2542 1935 ἁρμόζοντος
2572 1863 2740 1933 λέγει·
2789 1863 3034 1917 ἀτέλειαν
3071 1863 3128 1916 δὲ
3156 1863 3254 1934 τὴν
3284 1863 3378 1916 τοῦ
3406 1865 3626 1926 τελείου,
3657 1863 3754 1934 ἦτοι

2144 1983 2186 2037 Β
2213 1955 2314 2024 τῆς
2339 1955 2672 2027 τελειότητος
2703 1954 2804 2027 τὴν
2828 1955 3083 2026 ἔλλειψιν.

2283 2049 2588 2102 dias-mola
2615 2047 2933 2118 προπετής.
2959 2050 3023 2102 Τί
3051 2051 3166 2102 ἐστι
3190 2048 3478 2118 φαντασία,
3507 2049 3563 2100 ὲν
3584 2047 3756 2120 πρώτῳ

2212 2139 2486 2210 κεφαλαίῳ
2512 2140 2633 2194 εῐπο
2639 2157 2754 2212 μεν.
3141 2147 3143 2150 ⁴

2295 2231 2478 2286 Ἀλλὰ
2504 2232 2708 2286 ταῦτα.
2762 2225 2891 2287 Ἰδοὺ
2915 2235 3009 2287 καὶ
3042 2235 3202 2307 ἑτέρα
3232 2234 3386 2299 λύσις
3407 2233 3504 2288 τοῦ
3535 2235 3605 2308 μὴ
3641 2230 3758 2288 εἶναι’

2210 2322 2271 2376 τὸ
2307 2317 2474 2376 κακὸν
2498 2364 2513 2388 ,
2561 2325 2720 2394 φύσει
2761 2325 2963 2391 κακὸν,
3010 2327 3145 2381 ἀλλά
3185 2327 3326 2380 κατά
3376 2328 3641 2382 ἔκπτωσιν
3676 2327 3762 2381 τοῦ

2210 2414 2413 2482 ἀγαθοῦ
2433 2433 2446 2445 ·
2481 2416 2548 2468 rb
2573 2416 2682 2489 γὰρ
2712 2418 2770 2471 ὲν
2800 2417 2958 2488 φύσει
2983 2416 3041 2473 ὃν
3089 2418 3174 2472 ἀεὶ
3215 2418 3477 2483 ὡσαύτως
3507 2419 3646 2491 ἔχει.
3680 2419 3758 2473 καὶ

2211 2507 2270 2559 ού
2297 2506 2713 2573 καταϐάλλεται,
2736 2509 2924 2582 ὥσπερ
2952 2512 3082 2568 αὐτὸ
3107 2515 3169 2568 rb
3194 2513 3394 2581 ἀγαθόν
3409 2529 3423 2542 ⁸
3446 2513 3508 2567 rb
3537 2514 3591 2566 δὲ
3615 2513 3757 2566 κακὸν

2211 2597 2441 2652 ἀστατόν
2471 2601 2646 2664 ἐστιν,
2682 2603 2868 2675 ἐπειδὴ
2899 2605 3106 2677 φθείρει
3149 2606 3242 2660 καὶ
3284 2605 3488 2659 ἀλλοιοῖ
3523 2605 3584 2659 rb
3611 2622 3754 2676 προσ-

2209 2691 2390 2760 τυχὸν,
2423 2692 2498 2756 ὼς
2523 2693 2746 2765 εἴπομεν
2763 2695 2893 2749 ἀνω.
2913 2697 3120 2750 Οὐκοῦν
3142 2699 3240 2750 οὐκ
3263 2700 3320 2752 ἐν
3343 2695 3577 2766 φύσειτδ
3592 2694 3754 2759 κακὸν,

2206 2784 2397 2857 ὥσπερ
2428 2788 2518 2840 ἐπὶ
2553 2788 2661 2841 τῶν
2695 2788 2966 2859 δαιμόνων
3012 2789 3175 2861 φησὶν
3205 2791 3233 2843 ό
3265 2789 3407 2851 θεῖος
3434 2783 3588 2851 οὗτος
3618 2787 3760 2858 ἀνήρί

2209 2879 2259 2931 εί
2289 2877 2397 2950 γὰρ
2444 2879 2544 2932 οὐκ
2571 2880 2658 2932 ἀεὶ
2693 2881 2853 2934 κακοὶ¹
2886 2883 2936 2934 οἱ
2980 2881 3261 2952 δαίμονες,
3304 2882 3364 2934 ού
3397 2880 3556 2951 φύσει
3591 2878 3754 2934 κακοί·

2207 2968 2269 3022 rb
2292 2969 2401 3041 γὰρ
2431 2971 2486 3023 ὲν
2506 2971 2662 3040 φύσει
2689 2971 2746 3025 ὂν
2773 2974 2859 3026 ἀεὶ
2885 2972 3144 3037 ὡσαύτως
3171 2973 3303 3044 ἔχει.
3341 2973 3642 3039 Ἀπέδειξεν
3661 2967 3753 3033 οὖν,

2208 3061 2289 3114 ὄτι
2315 3063 2408 3115 καὶ
2437 3062 2686 3134 δαίμονες
2709 3064 2842 3120 καθδ
2873 3067 3004 3127 eici,
3026 3066 3118 3120 καὶ
3150 3065 3349 3130 νοοῦσι,
3383 3067 3477 3120 καὶ
3508 3066 3655 3131 ζῶσι,
3682 3064 3761 3117 καῖ

2209 3151 2391 3221 ἔφεσιν
2427 3153 2605 3225 ἔχουσι
2657 3157 2751 3209 τοῦ
2798 3156 3026 3225 ἀγαθοῦ,
3073 3158 3176 3211 οὐκ
3221 3157 3326 3210 εἶσὶ
3379 3156 3538 3226 φύσει
3587 3156 3754 3220 κακοὶ,

2207 3245 2344 3299 ἀλλά
2403 3246 2546 3301 κατὰ
2604 3250 2958 3321 παρατροπὴν
3023 3249 3117 3303 τοῦ
3179 3250 3382 3320 ἀγαθοῦ
3407 3291 3421 3316 ,
3489 3253 3546 3305 ὲν
3589 3245 3631 3320 ᾧ
3679 3249 3761 3303 καὶ

2207 3337 2473 3407 ἐγένοντο,

2279 3513 2388 3586 [at]
2428 3515 2581 3569 Οὐδὲ
2631 3518 2784 3572 αὐτὰ
2828 3519 2956 3573 καθ’
2994 3520 3147 3574 αὐτὰ
3195 3519 3366 3574 κακά.
3436 3521 3498 3573 ’0
3542 3520 3697 3592 θυμὸς
3734 3520 3761 3573 ὅ

2203 3607 2396 3676 ἄλογος
2424 3609 2543 3662 καθ’
2575 3611 2783 3674 ἑαυτὸν,
2817 3614 2909 3666 καὶ
2939 3615 2971 3684 ἡ
3015 3614 3174 3677 ἀνους
3203 3613 3468 3684 ἐπιθυμία
3511 3614 3626 3668 καθ’
3657 3615 3734 3665 ὲαυ

2202 3699 2321 3771 τὴν,
2353 3701 2447 3754 καὶ
2487 3702 2519 3771 ὴ
2563 3703 2839 3775 προπετὴς
2869 3705 3136 3772 φαντασία
3156 3745 3170 3769 ,
3207 3707 3266 3758 οὐ
3308 3705 3527 3770 πάντως
3558 3705 3648 3759 καὶ
3683 3703 3760 3756 ἐπὶ

2204 3790 2420 3845 πάντων
2449 3793 2638 3857 κακὸν,
2665 3794 2784 3848 καθ’
2819 3795 2987 3849 ἑαυτά
3015 3797 3378 3868 σκοπούμενα,
3411 3797 3525 3851 ἀλλ’
3555 3797 3659 3850 ἔσθ’
3687 3797 3758 3848 ὅτε

2204 3883 2296 3936 καὶ
2325 3885 2357 3954 ὴ
2390 3884 2667 3956 ἀναίρεσις
2702 3886 2879 3940 αὐτῶν
2919 3887 3236 3958 λυμαίνεται
3277 3890 3354 3960 τῷ
3395 3889 3568 3944 ταῦτα
3604 3891 3757 3959 ἔχοντι

2205 3974 2345 4046 ζῴῳ,
2377 3975 2453 4040 ὣς
2482 3995 2613 4049 φησι
2643 3978 2862 4042 τελείως
2901 3982 2958 4034 ὲν
3000 3981 3077 4052 τῷ
3119 3982 3162 4045 ζ’
3210 3983 3488 4053 κεφαλαίῳ
3537 3984 3712 4036 τούτου
3737 3977 3764 4011 ις

2200 4065 2295 4118 τοῦ
2320 4065 2497 4134 λόγου.
2523 4067 2718 4131 Καλῶς
2739 4067 2796 4121 δὲ
2826 4072 2883 4121 ὲν
2910 4073 3031 4134 ταῖς
3065 4071 3278 4141 σχέσεσι
3308 4075 3536 4136 ταύταις
3566 4073 3629 4128 τὰ
3664 4072 3756 4125 δια-

2202 4156 2461 4211 ϐάλλοντα
2486 4159 2756 4227 τέθεικεν,
2783 4162 2904 4216 ὲπεί
2945 4163 3061 4214 ἐστι
3104 4165 3197 4216 καὶ
3231 4164 3401 4235 θυμὸς
3432 4165 3567 4235 μετὰ
3599 4164 3761 4232 λόγουν

2200 4250 2276 4313 ὡς
2302 4252 2330 4303 ό
2359 4251 2501 4305 κατά
2530 4252 2632 4323 τῆς
2660 4253 2954 4326 ἁμαρτίας,
3003 4255 3098 4308 καὶ
3137 4255 3280 4308 κατὰ
3307 4256 3414 4309 τῶν
3450 4257 3653 4328 ἐχθρῶν
3679 4251 3755 4306 τοῦ

2200 4343 2361 4396 Θεοῦ⁶
2415 4346 2509 4398 καὶ
2557 4346 2820 4418 ἐπιθυμία
2867 4347 3075 4411 ἔννους,
3122 4348 3197 4411 ὼς
3245 4348 3306 4401 rb
3362 4349 3645 4420 ἐπιθυμεῖν
3680 4345 3753 4399 τοῦ

2203 4434 2467 4504 βελτίονος
2489 4454 2503 4468 ·
2553 4439 2648 4491 καὶ
2701 4439 2781 4492 τό·
2824 4440 3134 4509 Ἐπιθυμίᾳ
3170 4440 3518 4509 ἐπεθύμησα
3571 4438 3758 4510 φαγεῖν

2201 4529 2266 4580 τὸ
2293 4528 2503 4597 πάσχα
2541 4531 2716 4585 τοῦτο
2741 4531 2867 4600 μεθ’
2898 4531 3084 4600 ὑμῶν.
3113 4531 3299 4595 Οὕτως
3339 4533 3462 4586 ὲστί
3505 4533 3601 4586 καὶ
3640 4550 3754 4602 φαν-

2200 4621 2361 4673 τασία
2388 4622 2450 4674 οὐ
2473 4623 2769 4694 προπετὴς,
2794 4624 2913 4678 καθ’
2938 4623 3003 4695 ἣν
3033 4625 3384 4696 ὲφαπτὸμεθα
3410 4626 3521 4680 τῶν
3551 4624 3758 4696 νοητῶν,

2131 4743 2176 4798 D
2204 4712 2280 4783 τῷ
2310 4713 2385 4784 νῷ
2410 4716 2443 4785 ἡ
2453 4715 2566 4785 μῶν
2597 4717 2758 4770 τοῦτο
2781 4717 3080 4782 ποιοῦντες.

2280 4808 2402 4874 Οὐχ
2432 4808 2470 4876 ’ἦ
2509 4808 2742 4877 σχέσις.
2797 4810 2986 4880 Σχέσιν
3032 4811 3130 4881 μὲν
3163 4828 3325 4883 φησιν
3371 4811 3502 4865 αὐτὸ
3532 4812 3592 4864 τὸ
3635 4811 3761 4880 ἔχειν

2208 4897 2418 4962 ἅπλῶς’
2449 4899 2518 4952 τὰ
2553 4900 2610 4953 δὲ
2643 4902 3013 4974 προειρημένα
3033 4941 3047 4966 ,
3078 4901 3222 4972 λέγω
3263 4903 3326 4974 δὴ
3377 4903 3547 4974 θυμὸς
3583 4903 3670 4956 καὶ
3701 4898 3755 4950 τὰ

2207 4991 2546 5062 συνημμένα,
2579 4993 2675 5063 τῆς
2718 4992 2774 5045 ἔν
2804 5011 2914 5046 τισι
2948 4993 3106 5058 ζώοις
3157 4994 3416 5066 ἰδιότητος
3461 4989 3755 5047 συστατικαὶ

2204 5080 2462 5152 δυνάμεις
2491 5084 2623 5147 εἰσὶ,
2661 5085 2755 5137 καὶ
2785 5085 2924 5138 κατὰ
2953 5085 3111 5138 τοῦτο
3137 5085 3196 5138 ού
3225 5083 3393 5140 κακὸν
3430 5085 3498 5140 τὰ
3529 5084 3751 5139 τοιαῦτα.

2286 5264 2447 5317 Ἀλλ’
2484 5263 2522 5332 ᾖ
2552 5266 2662 5317 οὐκ
2690 5265 2840 5318 ἐστι.
2872 5266 3025 5320 Κατά
3053 5266 3233 5321 κοινοῦ
3257 5267 3318 5320 rb
3339 5266 3490 5320 κατὰ
3516 5267 3714 5334 φύσιν.

2275 5440 2357 5513 [Υ]
2423 5443 2504 5495 οὺ
2544 5442 2777 5511 μήποτε
2828 5445 3032 5512 αὐτάς.
3111 5445 3240 5500 Ἰδοὺ
3287 5445 3520 5500 ἐνταῦθα
3585 5440 3756 5512 σαφῶς

1452 5775 1684 5831 VARIIE
1724 5772 2115 5832 LECTIONES
2149 5773 2237 5828 ET
2277 5770 2828 5829 CORRECTIONES.

612 5912 620 5932 ‘
668 5912 773 5984 πρὸ
817 5914 1032 5987 μικροῦ.
1106 5917 1239 5973 ³τοῦ
1263 5916 1642 5990 προϐλήματος
1673 5918 1884 5973 τούτου.
