3874 6554
143 471 229 528 293
873 463 933 522 S.
969 464 1220 521 MAXIM!
1258 462 1551 520 SCHOLIA
1583 461 1650 516 IN
1688 461 1815 516 LIB.
1844 461 1936 516 DE
1969 459 2220 517 DlV'lNlS
2259 458 2657 517 NOMINIBUS.

3270 465 3374 521 294

143 601 298 654 φησιν,
329 583 412 636 ὄτι
450 581 514 647 ἐξ
545 581 788 653 ἀγγέλων
809 581 857 634 οἱ
877 581 1160 652 δαίμονες·
1190 581 1290 644 τὰς
1315 581 1424 653 γάρ
1451 580 1677 643 δοθείσας

1797 595 1896 634 nes
1914 594 2039 635 esse
2065 595 2131 634 ex
2162 578 2408 649 angelis;
2435 592 2545 632 non
2574 577 2720 632 enim
2755 576 2955 633 donata
2989 578 3095 636 sibi
3126 584 3376 652 angelica

139 679 296 738 αὐτοῖς
315 673 614 744 ἀγγελικάς
661 673 867 746 δωρεὰς
909 674 1007 727 οὐκ
1053 673 1417 727 ἀποϐάλλουσι
1441 714 1457 738 ,
1502 674 1689 728 τουτέ·

143 786 234 821 στιν
263 769 396 838 ὅπερ
434 769 501 820 ἐκ
545 767 757 836 φύσεως
794 766 1005 836 ἔχουσιν
1059 765 1294 834 ἀγαθὸν,
1322 766 1382 818 οὐ
1431 765 1691 840 μετατρέ-

142 877 323 924 πουσιν,
347 861 396 912 εί
419 859 518 912 κα)⁵
565 860 716 912 αὐτοὶ
747 859 819 930 μὴ
853 857 1129 927 βούλονται
1166 860 1297 930 ὁρᾷν
1325 859 1386 910 τὸ
1419 859 1477 910 ἐν
1509 858 1690 920 αὐτοῖς

143 949 252 1018 φῶς,
279 949 550 1020 μύσαντες
579 948 756 1001 αὐτῶν
785 947 883 1010 τὰς
913 947 1284 1016 ἀγαθοπτικάς
1309 947 1582 1018 δυνάμεις,
1617 949 1692 1010 ὡς

140 1039 189 1091 τὸ
222 1038 504 1109 εἰρημένον
553 1039 680 1110 περὶ
723 1039 830 1090 τῶν
876 1037 1253 1108 Ἰσραηλιτῶν⁸
1293 1036 1436 1102 Τοὺς
1467 1039 1689 1106 ὀφθαλ-

133 1133 262 1203 μοὺς
305 1131 506 1186 αὐτῶν
547 1131 902 1200 ἐκάμμυσαν
925 1169 940 1193 ,
989 1129 1087 1182 καὶ
1143 1129 1265 1194 τοῖς
1300 1127 1453 1182 ὠσίν
1493 1129 1690 1183 αὐτῶν

132 1225 338 1294 βαρέως
399 1224 679 1292 ἤκουσαν
697 1263 711 1287 ,
773 1222 1006 1292 μήποτε
1074 1220 1484 1290 ὲπιστρέψωσι
1508 1260 1522 1284 ,
1592 1220 1690 1275 καὶ

137 1318 358 1386 ἱάσωμαι
383 1317 629 1381 αὐτούς.
671 1316 985 1386 Σημείωσαι
1017 1314 1094 1377 δὲ,
1133 1315 1215 1367 ὅτι
1247 1314 1552 1382 φωτοειδεῖς
1596 1315 1689 1368 καὶ

135 1412 174 1464 οἱ
199 1410 461 1480 δαίμονες,
505 1406 702 1477 μᾶλλον
736 1405 793 1458 δὲ
824 1405 978 1474 φῶτα
1019 1405 1136 1458 κατ’
1167 1403 1374 1470 οὐσίαν,
1415 1402 1491 1465 ὼς
1519 1403 1613 1456 καὶ
1639 1404 1688 1455 οἱ

133 1501 282 1554 λικττοῖ¹
307 1499 551 1568 ἄγγελοι·
581 1498 723 1551 οὕτω
751 1497 846 1550 καὶ
877 1498 934 1549 ἐν
973 1496 1339 1564 Εὐαγγελίοις·
1372 1494 1679 1562 Ἐθεόῳουν

135 1595 222 1648 τὸν
244 1591 524 1648 Σατανᾶν
551 1593 631 1658 ὡς
657 1588 999 1658 ἀστραπήν.

192 1685 257 1759 [δ]
322 1687 613 1756 Λέγονται
666 1685 857 1739 κακοί.
901 1685 1012 1753 Οὐχ
1059 1681 1242 1744 ἁπλῶς
1293 1681 1354 1734 τὸ
1399 1680 1684 1750 λέγεσθαι,

133 1780 246 1834 ἀλλά
263 1779 322 1832 τὸ
343 1779 403 1832 δν
425 1781 494 1850 τῇ
523 1778 684 1848 φύσει
706 1776 986 1848 ζητητέον.
1015 1777 1086 1829 Τὸ
1102 1776 1180 1839 δὲ,
1212 1775 1354 1829 καθὸ
1373 1777 1482 1829 οὐκ
1508 1775 1684 1839 εἰσὶν,

1794 687 2023 726 munera
2075 670 2384 742 abjiciunt,
2432 669 2490 723 id
2529 678 2612 724 est
2663 669 2866 724 bonum
2910 671 3056 741 quod
3105 688 3136 727 a
3183 685 3374 732 natura

1793 763 2030 824 habent,
2062 777 2172 816 non
2201 767 2490 822 evertunt,
2523 761 2776 830 quamvis
2815 761 2922 830 ipsi
2970 764 3146 818 nolint
3191 767 3376 824 videre

1793 853 1978 908 lumen
2009 869 2193 918 suum,
2226 853 2359 908 dum
2402 868 2534 908 suas
2561 853 2749 907 videre
2796 855 3040 911 valentes
3085 857 3375 916 facultates

1791 946 2122 1011 obstruunt,
2169 952 2227 1000 ut
2276 944 2559 1015 Scriptura
2606 945 2671 998 de
2709 944 2988 1014 lsraelitis,
3023 946 3217 1003 Oculos
3251 967 3373 1006 suos

1791 1038 2116 1100 clauserunt,
2146 1047 2194 1092 el
2227 1036 2445 1091 auribus
2473 1037 2703 1107 graviter
2735 1038 3016 1092 audierunt
3044 1080 3059 1103 ,
3099 1042 3372 1111 nequando

1791 1141 2186 1198 convertantur,
2215 1143 2266 1186 et
2315 1147 2495 1184 sanem
2525 1130 2664 1198 ipsos
2689 1137 2736 1183 ο.
2772 1130 2912 1184 Nota
2941 1147 3069 1186 vero
3099 1133 3372 1191 «laniones

1790 1231 1988 1278 natura
2020 1239 2120 1279 sua
2152 1223 2316 1278 etiam
2347 1222 2560 1277 lucidos
2590 1237 2734 1288 esse,
2768 1224 2899 1293 quin
2949 1225 3130 1293 potius
3166 1225 3372 1282 lumina

1793 1322 1852 1367 ut
1880 1315 2062 1370 caeteri
2091 1313 2306 1384 angeli;
2339 1313 2420 1368 sic
2451 1317 2506 1368 in
2539 1313 2847 1386 Evangeliis
2875 1334 2890 1369 :
2924 1315 3174 1371 Videbam
3203 1317 3368 1373 Sala-

1790 1422 1914 1459 nam
1945 1415 2194 1477 tanquam
2229 1405 2410 1474 fulgur
2434 1417 2468 1463 P.

1860 1677 1994 1732 Mali
2025 1681 2390 1735 nominantur.
2421 1679 2538 1734 Non
2570 1679 2892 1749 simpliciter
2919 1677 3051 1749 quid
3091 1677 3366 1744 dicantur,

1790 1772 1884 1826 sed
1923 1771 2054 1841 quid
2085 1780 2286 1826 natura
2338 1772 2472 1834 sint,
2519 1771 2897 1842 quaerendum.
2968 1771 3104 1826 Illud
3149 1767 3365 1834 autem,

130 1871 250 1925 οὕτω
295 1871 515 1942 νοητέον
541 1879 557 1893 ⁸
594 1871 667 1924 Οὐ
713 1869 998 1939 γεγόνασιν
1059 1867 1150 1920 ἐπὶ
1204 1869 1528 1938 παρατροπῇ
1576 1865 1677 1919 τῶν

1789 1871 2061 1934 quatenus
2088 1880 2197 1918 non
2226 1873 2378 1929 sunt,
2414 1866 2487 1918 ita
2521 1864 2967 1934 intelligendum:
2996 1863 3112 1919 Non
3144 1864 3369 1920 fuerunt

133 1964 288 2017 θεόθεν
318 1965 503 2027 αὐτοῖς
529 1962 826 2034 δεδομένων
851 1960 1091 2030 ἀγαθῶν,
1125 1959 1291 2026 ἐξεὼν
1311 1977 1371 2012 τε
1401 1959 1493 2012 καὶ
1529 1960 1682 2031 ἐνερ-

128 2056 288 2123 γειῶν,
318 2057 513 2126 ἥντινα
553 2053 914 2124 ἀποθέμενοι,
949 2050 1202 2121 γεγόνασι
1229 2051 1421 2114 κακοὶ,
1467 2049 1587 2102 καθ’
1616 2049 1682 2120 ἢν

127 2147 211 2199 οὐκ
235 2148 336 2200 εἰσὶ
361 2147 424 2200 τὸ
453 2142 597 2200 εἶναι
629 2146 902 2216 λαχόντες.

186 2319 259 2393 [α]
323 2322 435 2376 Καὶ
480 2322 591 2375 τοῦ
634 2320 718 2391 μὴ
765 2321 957 2386 ὄντος.
1010 2320 1134 2385 Πῶς
1174 2322 1223 2374 οἱ
1271 2320 1364 2375 τοῦ
1412 2323 1485 2393 μὴ
1533 2320 1682 2386 ὄντος

129 2413 374 2484 ἐφιέμενοι
413 2413 510 2467 τοῦ
549 2412 722 2466 κακοῦ
768 2413 1046 2482 ἐφίενται,
1076 2412 1294 2466 λεκτέον
1340 2411 1581 2486 [οὖτως].
1623 2415 1680 2468 '0

127 2503 239 2567 Θεὸς
274 2504 330 2558 ὅν
360 2507 512 2558 ἐστιν
566 2504 706 2576 ὑπὲρ
735 2505 803 2558 τὰ
833 2504 987 2557 ὄνταο
1037 2505 1131 2558 καὶ
1159 2506 1191 2576 ἡ
1235 2503 1459 2575 ἀλήθεια
1499 2501 1592 2559 οὖν
1621 2507 1682 2560 τὸ

125 2594 173 2646 ὃν
197 2597 356 2660 ἐστιν,
381 2596 575 2667 ἐπειδὴ
604 2596 698 2648 καὶ
721 2599 754 2668 ἡ
779 2595 1004 2667 ἀλήθεια
1030 2595 1058 2646 6
1087 2595 1219 2658 Θεός
1245 2597 1391 2648 ἐστιν
1410 2613 1423 2624 ·
1457 2596 1681 2661 είκότως

123 2681 201 2737 οὖν
240 2687 296 2739 τὸ
342 2687 718 2758 ἀντικείμενον
757 2691 823 2759 τῇ
867 2687 1092 2759 ἀληθείᾳ
1128 2687 1321 2758 ψεῦδός
1361 2688 1508 2751 ἐστι,
1543 2689 1679 2759 μήτε

123 2776 198 2833 ἔν’
240 2779 337 2844 ἔξω
363 2780 476 2851 γάρ
522 2781 639 2834 ἐστι
686 2780 780 2833 τοῦ
826 2779 958 2833 Θεοῦ
1009 2778 1315 2842 παντελῶςο
1355 2781 1489 2851 μήτε
1519 2779 1679 2834 εἰκὼν

121 2871 348 2944 ἀληθείας
388 2873 483 2928 ὃν·
517 2874 673 2926 οὐδὲν
705 2873 813 2944 γάρ
845 2871 1045 2941 ἀγαθὸν
1089 2873 1154 2924 ὲκ
1198 2870 1292 2923 τοῦ
1348 2869 1480 2924 Θεοῦ
1543 2870 1676 2942 ἔχει.

134 2965 324 3038 Ἐπειδὴ
351 2966 409 3019 δὲ
440 2965 620 3019 πείθει
646 2965 797 3029 τινάς
825 2965 959 3028 ὅλως
981 2960 1118 3019 εἷναί
1141 2981 1212 3030 τι,
1234 2963 1383 3016 ἔσται
1411 2964 1678 3017 σκοτεινὸν

123 3059 202 3110 καὶ
239 3057 475 3131 ἀμυδρὸν
531 3057 642 3111 τῶν
686 3056 933 3110 ὁπωσοῦν
974 3057 1143 3110 ὄντων
1186 3055 1421 3110 εἴδωλον.
1464 3055 1555 3110 Διὸ
1587 3058 1678 3110 καὶ

121 3148 344 3221 ἐνεργείᾳ
388 3150 613 3204 εἴδωλον
639 3189 653 3213 ,
713 3149 807 3202 καὶ
848 3149 1097 3221 ἐνεργείᾳ
1135 3147 1359 3218 ψεῦδος,
1401 3149 1676 3202 τουτέστιν

121 3240 358 3312 ἀληθινῶς
383 3247 404 3272 ⁵
440 3243 538 3295 καὶ
574 3241 741 3305 ὅντως
763 3241 985 3311 ψεῦδος·
1031 3240 1151 3293 ὅθεν
1196 3240 1289 3293 καὶ
1324 3241 1571 3312 ἐνεργείᾳ
1602 3241 1676 3313 μὴ

1784 1957 1954 2012 creati
1987 1956 2042 2010 in
2068 1958 2462 2027 depravatione
2483 1957 2739 2012 datorum
2760 1957 2865 2014 sibi
2893 1957 3157 2014 divinitus
3197 1958 3371 2013 bono-

1785 2066 1940 2116 rum,
1986 2052 2382 2121 habituumque
2405 2059 2458 2106 et
2499 2052 2809 2115 actionum,
2840 2066 3003 2121 quam
3046 2066 3170 2105 cum
3202 2065 3369 2121 appo-

1784 2151 2036 2207 suerunt,
2071 2143 2200 2198 mali
2237 2150 2571 2208 evaserunt,
2605 2143 2661 2197 in
2692 2157 2798 2212 qua
2841 2154 3096 2198 naturam
3143 2143 3370 2200 minime

1783 2243 2134 2304 acceperunt.

1853 2325 2091 2396 Dumque
2120 2325 2176 2379 id
2201 2326 2340 2398 quod
2370 2343 2474 2381 non
2499 2335 2600 2382 est.
2635 2325 2918 2392 Quomodo
2955 2327 3047 2397 qui
3078 2328 3224 2398 quod
3253 2343 3365 2384 non

1779 2427 1864 2473 est
1913 2425 2212 2488 appetunt,
2279 2419 2480 2472 malum
2543 2425 2802 2488 appetant
2860 2417 3155 2474 dicendum
3213 2417 3363 2491 [sic].

1780 2508 1925 2565 Deus
1958 2517 2042 2565 est
2075 2525 2175 2565 ens
2205 2525 2372 2578 supra
2411 2510 2589 2575 entia,
2616 2517 2671 2564 et
2701 2509 2905 2564 veritas
2933 2511 3100 2581 igitur
3128 2518 3211 2566 est
3239 2526 3362 2576 ens,

1779 2600 2038 2670 quoniam
2071 2599 2214 2655 Deus
2244 2606 2328 2655 est
2355 2599 2591 2663 veritas;
2629 2598 2821 2653 merito
2852 2613 2980 2670 ergo
3021 2599 3240 2654 veritati
3266 2615 3368 2671 op-

1779 2691 2004 2760 ponitur
2049 2689 2293 2754 falsitas,
2337 2705 2458 2760 quae
2504 2698 2588 2745 est
2639 2705 2750 2744 non
2787 2706 2925 2756 ens,
2975 2705 3102 2744 nam
3137 2706 3366 2762 prorsus

1779 2790 1934 2836 extra
1965 2781 2133 2837 Deum
2163 2789 2268 2848 est,
2309 2796 2485 2852 neque
2516 2787 2602 2837 est
2626 2781 2875 2836 veritatis
2896 2781 3098 2852 imago,
3148 2782 3365 2838 nullum

1777 2873 1922 2928 enim
1951 2887 1982 2926 a
2018 2872 2126 2926 Deo
2158 2873 2361 2928 bonum
2395 2873 2597 2939 habet;
2632 2874 2890 2942 quoniam
2917 2880 3096 2927 autem
3128 2890 3364 2944 persua-

1777 2963 1868 3020 det
1895 2965 2220 3035 quibusdam
2256 2981 2486 3035 prorsus
2513 2981 2636 3021 esse
2658 2965 2889 3035 aliquid,
2927 2966 3224 3021 obscurum
3257 2967 3364 3022 erit

1779 3072 1842 3111 ac
1866 3065 2028 3112 tenue
2051 3072 2234 3112 rerum
2262 3057 2350 3111 vix
2376 3056 2762 3112 exsistentiuin
2803 3057 3155 3112 simulacrum
3185 3075 3198 3111 :
3228 3073 3366 3128 pro-

1777 3156 1961 3218 pterea
1987 3159 2042 3204 et.
2069 3147 2308 3204 ellicacia
2352 3148 2732 3214 simulacrum,
2763 3156 2818 3203 et
2847 3148 3091 3204 efficacia
3137 3149 3358 3216 falsum,

1776 3240 1830 3294 id
1854 3249 1938 3296 est
1968 3257 2093 3298 vere
2115 3257 2180 3296 ac
2201 3241 2422 3297 realiter
2451 3241 2684 3306 falsum;
2722 3240 2867 3297 unde
2895 3250 2949 3297 et
2978 3243 3222 3298 efficacia
3251 3260 3362 3300 non

121 3331 186 3393 ὃν,
208 3334 299 3387 οὐκ
323 3334 380 3387 6v
408 3335 551 3397 ἐστι,
583 3334 678 3387 καὶ
725 3333 890 3396 ὅντως
924 3330 999 3403 μὴ
1027 3332 1106 3386 ὃν.
1143 3331 1445 3403 Τοιγαροῦν
1485 3331 1673 3405 ῶσπερ

1784 3348 1895 3398 ens,
1921 3348 1984 3386 ac
2009 3334 2229 3388 realiter
2262 3349 2374 3388 non
2396 3348 2516 3398 ens,
2541 3349 2666 3388 cum
2695 3349 2808 3388 non
2841 3333 2913 3388 sit
2952 3341 3037 3389 est
3077 3342 3281 3402 tamen,
3308 3343 3364 3392 et

120 3424 199 3477 καὶ
220 3426 304 3478 ἐπὶ
337 3427 446 3479 τῶν
475 3425 688 3496 ψευδῶς
718 3424 908 3489 ὄντων,
938 3424 1031 3477 καὶ
1056 3423 1117 3476 τὸ
1152 3423 1270 3476 ὅλον
1298 3423 1457 3476 τοῦτο
1486 3424 1677 3495 ψεῦδος

120 3515 282 3582 ὅντων,
328 3518 388 3570 τὸ
417 3517 636 3588 ψεῦδος,
672 3515 976 3588 ἀναιρεθέν,
1007 3517 1185 3569 πᾶσαν
1232 3515 1330 3586 τὴν
1357 3516 1541 3570 οὐσίαν
1583 3514 1676 3569 τοῦ

120 3608 418 3680 πράγματος
457 3610 702 3680 ἀναιρεῖ·
739 3607 880 3684 οὕτω
909 3607 1002 3660 καὶ
1049 3609 1076 3660 6
1103 3607 1197 3660 τοῦ
1246 3608 1470 3677 ψεύδους
1513 3608 1675 3679 ἐρῶν,

117 3695 282 3772 ὥσπερ
323 3703 373 3754 ot
416 3701 710 3771 δαίμονες,
757 3699 852 3753 τοῦ
897 3699 970 3771 μὴ
1001 3699 1151 3763 ὄντος
1179 3701 1314 3770 ἐρᾷ,
1357 3699 1450 3752 καὶ
1499 3701 1555 3751 ὲν
1600 3700 1677 3771 τῷ

116 3789 231 3854 δντι,
257 3795 536 3847 τουτέστιν
565 3794 624 3846 ἐν
661 3795 727 3864 τῇ
790 3791 1015 3862 ἀληθείᾳ
1041 3793 1137 3862 οὐχ
1162 3791 1410 3864 ἕστηκεν,
1435 3792 1510 3855 ὡς
1537 3793 1675 3862 αὐτὴ

115 3883 393 3956 aliaeue
424 3902 612 3957 φησιν.
659 3886 721 3937 Οἱ
771 3879 862 3938 οὖν
901 3884 1182 3956 δαίμονες,
1215 3884 1396 3948 καθώς
1443 3902 1606 3956 φησιν
1647 3886 1676 3936 6

126 3971 342 4045 Ἰησοῦς,
375 3979 610 4048 ψεῦσται
650 3977 832 4043 ὄντες,
879 3977 971 4030 καὶ
1013 3975 1249 4048 πατέρες
1283 3976 1377 4029 τοῦ
1409 3977 1635 4048 ψεύδους
1658 4015 1672 4041 ,

114 4065 222 4120 οὔτε
246 4071 367 4134 είσὶ,
400 4071 495 4123 καὶ
522 4069 617 4122 τοῦ
651 4070 726 4142 μὴ
751 4069 904 4133 ὄντος
927 4068 1192 4139 ἐφίενται,
1221 4069 1349 4122 ὅταν
1382 4070 1476 4122 καὶ
1504 4069 1674 4122 κακοῦ

115 4157 335 4226 ἐφίενται
361 4161 460 4215 τοῦ
493 4161 744 4232 ψεύδους.

179 4236 309 4323 [βῘδ
336 4252 530 4308 XXIV.
563 4256 634 4307 Ei
676 4253 744 4306 δὲ
780 4253 844 4306 τὸ
892 4254 1277 4307 κακύνεσθαι.
1330 4252 1671 4323 Σημείωσαι,

114 4344 184 4398 ὅτι
234 4347 291 4400 τὸ
346 4345 696 4416 συγγίνεσθαι
751 4349 942 4410 κακοῖς
997 4345 1090 4398 ἐπὶ
1147 4345 1373 4418 προνοίᾳ
1431 4344 1524 4397 τοῦ
1583 4346 1675 4398 καὶ

115 4435 236 4490 αὑτά
281 4437 645 4507 ἁγαθύνεσθαι
679 4438 699 4468 ⁵
743 4437 803 4489 οὐ
847 4437 1036 4499 κακὸν,
1079 4436 1217 4488 κατά
1258 4437 1318 4488 τὸ
1356 4436 1669 4507 εἰρημένον·

124 4525 431 4599 Ἑγενόμην
496 4528 623 4594 τοῖς
673 4528 948 4597 ἀνόμοις,
1004 4529 1084 4594 ὡς
1124 4527 1373 4597 ἄνομος,
1417 4529 1516 4581 ἵνα
1575 4528 1674 4581 καὶ

112 4620 354 4689 ἀνόμους
385 4618 678 4689 κερδήσω.
716 4621 963 4692 Ἔφημεν
995 4620 1051 4672 δὲ
1084 4620 1178 4673 καὶ
1207 4621 1462 4690 ἀνωτέρω
1497 4621 1555 4673 ὲν
1595 4620 1673 4692 τῷ

114 4717 150 4761 ε’
192 4714 494 4785 κεφαλαίῳ,
555 4713 629 4785 μὴ
678 4713 910 4784 παντελῆ
975 4712 1226 4785 στέρησιν
1274 4712 1525 4781 γενέσθαι
1576 4713 1670 4766 τοῦ

109 4801 297 4871 ἀγαθοῦ
338 4808 396 4858 ἐν
429 4808 546 4868 τοῖς
573 4801 744 4867 οὖσιν,
769 4805 890 4858 ἐπε)⁴
930 4804 1025 4857 καὶ
1059 4803 1326 4875 παντελὴς
1343 4804 1574 4872 ἐγένετο
1602 4805 1667 4858 ἂν

107 4895 268 4968 ᾳθορά
307 4899 398 4951 καὶ
449 4898 623 4968 αὐτῆς
667 4897 767 4968 τῆς
813 4896 1046 4966 φθορᾶς,
1086 4894 1218 4947 ἀλλά
1272 4897 1390 4948 κατ’
1441 4894 1668 4966 ἔλλειψιν

103 4985 190 5038 τοῦ
219 4989 418 5056 ἀγαθοῦ
448 4990 700 5060 μερικήν.
726 4986 934 5041 Οὐκοῦν
964 4985 1103 5040 κατὰ
1126 4984 1284 5038 τοῦτο
1314 4985 1490 5057 οῦτεή
1523 4987 1666 5058 ψυχὴ

105 5081 348 5145 παντελὲς
381 5082 492 5152 ἔχει
527 5082 588 5134 τὸ
622 5081 808 5144 κακὸν,
841 5079 974 5133 ἀλλά
1003 5080 1065 5132 τὸ
1101 5078 1198 5149 μὲν
1230 5077 1360 5143 ἕξει,
1392 5079 1453 5132 τὸ
1481 5079 1538 5132 δὲ
1570 5079 1668 5149 οὐχ

101 5167 206 5234 ἔξει
226 5189 239 5201 ·
274 5174 453 5227 καὶτὸ
481 5174 578 5244 μὲν
610 5172 812 5242 ἀγαθὸν
845 5172 1117 5235 οὐσιῶδες,
1150 5171 1210 5224 τὸ
1235 5172 1292 5225 δὲ
1332 5172 1500 5225 κακὸν
1530 5172 1664 5236 ἕξω-

102 5260 206 5316 θεν.
245 5265 400 5320 Ἀλλά
431 5267 528 5320 καὶ
559 5264 730 5329 οὕτως
779 5267 892 5336 ἐρεῖ
934 5282 1017 5328 τις
1053 5265 1220 5318 κακὸν
1251 5259 1388 5317 εἶναι
1420 5267 1486 5336 τῇ
1520 5264 1663 5335 ψυχῇ

102 5355 188 5407 τὸν
229 5359 562 5430 ὲμποδισμδν
608 5358 707 5427 τῆς
751 5357 957 5420 οἰκείας
998 5356 1138 5410 κατά
1172 5356 1330 5425 φύσιν
1364 5355 1662 5428 ἐνεργείας.

101 5445 165 5498 El
190 5451 276 5502 καὶ
309 5450 506 5517 ἔξωθεν
552 5449 730 5502 τοίνυν
761 5443 828 5520 ἦν
874 5450 901 5501 6
932 5446 1293 5518 ἐμποδισμὸς,
1320 5446 1432 5499 ἀλλ’
1460 5443 1552 5500 οῦν
1589 5446 1665 5508 ὡς

165 5614 189 5642 °
219 5607 403 5664 Matth.
440 5626 564 5674 xm,
604 5608 690 5662 15.
760 5617 787 5655 P
819 5605 950 5660 Luc.
988 5621 1042 5668 ι,
1084 5604 1166 5657 18.

1776 3425 1997 3479 realiter
2036 3439 2146 3479 non
2178 3434 2283 3482 est.
2329 3424 2518 3496 Itaque
2565 3426 2708 3481 sicut
2739 3426 2904 3480 etiam
2952 3426 3007 3480 in
3039 3427 3177 3482 falso
3213 3427 3364 3483 exsi-

1777 3516 2048 3571 stentibus
2069 3531 2132 3571 ac
2154 3518 2378 3573 omnino
2401 3518 2598 3574 falsum
2627 3516 2733 3572 hoc
2760 3516 2916 3588 157
2944 3518 3357 3584 exsistentibus,

1779 3607 1974 3663 falsum
2005 3609 2246 3663 ablatum
2271 3651 2285 3676 ,
2319 3625 2532 3665 omnem
2567 3610 2646 3664 rei
2678 3611 2975 3665 essentiam
3005 3610 3185 3666 aufert
3214 3629 3229 3667 :
3280 3613 3362 3667 sic

1774 3716 1992 3770 quoque
2022 3699 2280 3756 falsitatis
2315 3716 2505 3756 amans
2535 3709 2595 3755 ut
2622 3700 2918 3768 daemones,
2955 3712 3102 3756 amat
3125 3701 3180 3756 id
3211 3704 3359 3774 quod

1776 3807 1883 3845 non
1915 3798 2021 3858 est,
2053 3806 2118 3846 ac
2150 3793 2206 3846 in
2243 3809 2309 3847 eo
2335 3793 2481 3862 quod
2509 3801 2594 3848 est
2623 3809 2719 3849 seu
2752 3795 2809 3848 in
2839 3796 3072 3850 veritate»
3094 3811 3203 3851 non
3229 3805 3356 3863 stat,

1776 3882 1920 3937 sicut
1947 3881 2163 3939 Veritas
2216 3883 2337 3954 ipsa
2389 3883 2524 3938 dicit
2557 3895 2605 3943 ει.
2648 3884 2933 3942 Daemones
2970 3887 3158 3958 igitur,
3217 3891 3359 3946 sicut

1774 3974 1934 4029 Jesus
1965 3975 2061 4038 ait,
2087 3976 2384 4031 mendaces
2413 3977 2740 4033 exsistentes
2764 3993 2828 4032 ac
2848 3978 3118 4033 mendacii
3147 3989 3353 4050 patres,

1774 4082 1951 4136 neque
1984 4074 2132 4131 sunt,
2173 4083 2236 4121 ac
2270 4067 2320 4121 id
2355 4069 2500 4138 quod
2531 4084 2642 4123 non
2677 4077 2762 4125 est
2803 4078 3098 4140 appetunt,
3135 4075 3356 4144 quando

1774 4158 1978 4212 malum
2006 4156 2265 4214 falsitatis
2294 4167 2575 4229 appetunt.

1845 4248 1873 4321 §
1917 4245 2106 4305 XXIV.
2153 4249 2251 4305 Sin
2305 4267 2422 4305 vero
2473 4252 2772 4321 depravari.
2828 4251 2998 4318 Nota,
3040 4257 3354 4313 conversari

1774 4358 1898 4397 cum
1942 4344 2130 4409 malis,
2181 4343 2538 4414 providendo,
2582 4351 2642 4398 ut
2691 4345 2852 4399 etiam
2904 4346 3046 4400 bona
3089 4349 3352 4412 evadant,

1773 4450 1884 4489 non
1937 4437 2171 4502 malum,
2222 4435 2377 4505 juxta
2432 4435 2814 4506 Scripturam:
2865 4437 3065 4494 Factus
3112 4459 3228 4494 sum
3288 4444 3353 4498 iis

1774 4527 1864 4597 qui
1910 4529 2025 4582 sine
2055 4528 2162 4598 lege
2190 4538 2364 4596 erant,
2397 4537 2646 4599 tanquam
2675 4531 2786 4584 sine
2822 4531 2951 4602 lege,
2982 4541 3041 4586 ut
3072 4533 3354 4604 lucriface-

1776 4636 1885 4673 rem
1931 4638 2017 4676 eos
2050 4623 2138 4692 qui
2170 4623 2283 4676 sine
2313 4622 2422 4693 lege
2442 4631 2480 4677 τ.
2516 4621 2764 4678 Diximus
2793 4632 2976 4680 autem
3011 4628 3264 4697 superius
3298 4631 3354 4684 in

1777 4712 1956 4781 capite
1981 4713 2174 4782 quinto
2213 4729 2322 4768 non
2351 4728 2476 4768 esse
2498 4715 2806 4770 absolutam
2835 4716 2966 4770 boni
2991 4719 3351 4788 privationem

1774 4801 1832 4856 in
1873 4819 2059 4860 rerum
2091 4813 2312 4872 natura,
2342 4807 2471 4878 quia
2504 4808 2753 4862 absoluta
2792 4824 3010 4880 quoque
3040 4823 3186 4866 esset
3225 4829 3350 4866 cor-

1774 4898 1956 4964 ruptio
1997 4895 2172 4965 ipsius
2207 4897 2370 4951 etiam
2416 4898 2815 4967 corruptionis;
2848 4915 3034 4954 verum
3076 4901 3133 4955 in
3179 4902 3351 4971 parti-

1775 4987 1947 5041 culari
1979 4987 2107 5040 boni
2139 4985 2353 5041 defectu
2389 4989 2613 5056 (malum
2655 4990 3002 5061 consistere).
3036 4991 3224 5062 Itaque
3269 5008 3352 5047 se-

1773 5078 2012 5132 cundum
2044 5077 2148 5131 hoc
2174 5091 2350 5147 neque
2379 5078 2559 5131 anima
2590 5079 2902 5134 absolutum
2935 5079 3096 5136 habet
3122 5080 3343 5145 malum,

1772 5171 1868 5224 sed
1904 5185 2072 5222 unum
2105 5167 2327 5238 quidem
2376 5169 2628 5234 habebit,
2671 5171 2903 5226 alterum
2947 5188 3057 5226 non
3095 5171 3342 5236 habebit;

1771 5271 1824 5316 et
1849 5260 1994 5332 quod
2025 5261 2250 5325 bonum,
2277 5262 2569 5317 essentiale
2595 5273 2699 5328 est,
2728 5262 2874 5333 quod
2906 5271 3085 5318 autem
3118 5263 3340 5325 malum,

1736 5350 2113 5409 'extrinsecus
2159 5354 2379 5408 accidit.
2424 5353 2524 5418 At,
2573 5355 2659 5409 his
2703 5355 2867 5410 etiam
2925 5353 3148 5422 positis,
3200 5353 3346 5408 dicet

1772 5444 1896 5514 quis
1946 5443 2147 5496 malum
2193 5458 2316 5498 esse
2365 5447 2558 5499 animae
2603 5445 3066 5515 impedimentum,
3112 5443 3344 5513 propria:

1263 5615 1289 5653 (ι
1323 5602 1479 5656 Joan.
1518 5598 1740 5677 vnn“.
1811 5608 1832 5636 τ
1868 5597 1885 5650 ι
1921 5600 2046 5656 Cor.
2085 5615 2160 5664 ix,
2194 5599 2283 5656 21.

1013 5759 1244 5815 γΑιιιΑς
1281 5754 1663 5814 LECTIONES
1702 5753 1790 5808 ET
1827 5753 2385 5812 CORRECTIONES.

183 5920 204 5952 δ
229 5921 491 5992 ἀληθινόν.
579 5919 601 5951 ⁸
633 5916 921 5988 ἀγαθῦναι.
