3874 6544
521 447 630 506 295
1239 483 1244 488 -
1409 440 1754 498 APPENDIX
1789 441 1881 498 AD
1908 440 2139 500 OPERA
2170 443 2228 500 S.
2260 441 2559 501 DIONYSII
2595 444 3086 506 AREOPAGITJE.
3676 450 3766 506 296

524 559 829 619 secundum
864 566 1114 616 naturam
1151 558 1525 631 operationis;
1561 573 1693 630 ergo
1735 559 1987 629 quamvis
2014 573 2054 614 e:

2233 577 2272 612 ;ν
2313 559 2489 631 σκότῳ
2523 557 2741 630 βλέπειν
2787 561 3106 634 κωλυομένη
3141 559 3313 633 ψυχὴ,
3366 571 3578 633 ποιησει
3617 565 3763 620 κακά,

523 657 798 710 trinsecus
849 652 942 706 fiat
985 651 1469 722 impedimentum,
1513 651 1871 706 nihilominus
1916 661 2053 707 tame

2233 652 2352 724 Ῑρὸς
2379 652 2410 706 δ
2441 653 2680 718 λεκτέον,
2711 655 2794 708 ὅτι
2825 656 2890 708 ὲκ
2918 655 3026 708 τῶν
3069 653 3374 725 εἰρημένων
3421 654 3710 725 εὑρίσκεται
3740 658 3763 709 ὁ

524 749 706 803 anima
736 747 881 802 velut
910 746 966 800 in
996 746 1241 801 tenebris
1262 746 1449 801 videre
1479 744 1776 817 prohibita,
1807 745 1950 798 mala
1976 759 2054 815 pet

2241 745 2543 816 μποδισμὸς
2574 746 2854 818 ποιητικὸν
2893 746 3090 814 κακοῦ,
3125 747 3184 799 οὐ
3223 746 3328 818 μὴν
3366 746 3686 800 αὑτόκακοψ
3711 750 3762 802 οὐ

525 840 778 911 petrabit.
809 839 890 894 Ad
919 839 1066 910 quod
1098 839 1412 902 dicendum,
1443 854 1512 894 ex
1538 839 1702 893 dictis
1732 837 1966 893 inveniri
1997 837 2055 892 in

2232 838 2314 910 ’ἀρ
2341 842 2374 910 ἡ
2406 840 2572 893 κακία
2602 839 2819 912 πρῶτον
2851 841 3042 905 κακὸν,
3074 840 3189 895 ἀλλ’
3219 837 3358 904 εἶδος
3387 841 3578 904 κακοῦ,
3603 841 3762 913 ὥσπερ

523 932 888 1002 pedimentnm
916 946 1038 986 esse
1069 932 1196 986 mali
1225 931 1534 986 ellectivum
1553 970 1568 994 ,
1607 947 1718 985 non
1747 946 1877 986 vero
1907 946 2003 1001 per
2043 947 2053 985 ε

2232 949 2242 1002 ι
2271 932 2439 1003 ἁρετὴ
2474 931 2734 1003 συνεργόν
2764 931 2816 986 τί
2846 934 2962 987 ἐστι
2993 933 3132 1006 πρὸς
3153 932 3375 1003 ἀγαθὸν,
3405 933 3548 987 οῦτοι
3577 934 3762 1005 πρῶτον

522 1023 744 1077 malum.
787 1023 990 1077 Malitia
1029 1024 1173 1077 enim
1206 1040 1314 1077 non
1359 1030 1444 1078 est
1485 1024 1717 1092 primum
1749 1023 1973 1087 malum,
2006 1023 2100 1077 sed
2207 1024 2428 1093 ἀγαθόν.
2882 1006 2891 1018 ’

522 1116 732 1185 species
767 1116 918 1178 mali,
949 1116 1092 1169 sicut
1121 1116 1295 1171 virtus
1325 1126 1402 1170 est
1439 1115 1570 1185 quid
1599 1115 1664 1169 ad
1702 1116 1904 1170 bonum
1944 1115 2102 1185 adjua

520 1222 679 1270 vans,
707 1223 814 1260 non
848 1208 1082 1277 primum
1114 1209 1339 1262 bonum.
1599 1193 1609 1205 ’

595 1299 766 1366 Quasi
815 1299 1015 1352 malum
1056 1301 1122 1353 sit
1156 1317 1239 1354 res
1270 1301 1469 1372 aliqua.
1515 1300 1573 1355 Id
1617 1307 1724 1364 est.
1755 1301 1958 1355 malum
1990 1315 2101 1356 non

2283 1295 2364 1368 [γ]
2394 1296 2460 1348 Τὸ
2491 1295 2697 1361 κακὸν,
2726 1295 2806 1361 ὡς
2845 1295 2918 1348 ὃν
2948 1295 3153 1349 κακόν.
3189 1288 3478 1349 Τουτέστιν
3505 1295 3601 1349 οὐκ
3629 1297 3759 1351 οὐσία

519 1403 604 1446 est
628 1392 874 1461 quasdam
914 1392 1176 1456 essentia,
1219 1396 1353 1463 quin
1391 1409 1566 1463 neque
1604 1393 1660 1447 in
1706 1393 1871 1448 rebus
1917 1393 1984 1447 ad
2013 1409 2049 1448 ec

2230 1407 2294 1453 εις
2323 1390 2384 1442 τὸ
2417 1389 2607 1452 κακὸν,
2635 1388 2750 1443 ἀλλ’
2786 1388 2908 1442 οὐδὲ
2955 1390 3012 1442 ὲν
3040 1391 3154 1452 τοῖς
3185 1391 3305 1442 κατ’
3338 1389 3526 1443 οὐσίαν
3557 1386 3665 1444 οὖσι
3699 1391 3760 1455 ὡς

521 1483 755 1538 sentiam
813 1483 1221 1553 pertinentibus
1273 1485 1542 1550 cernitur,
1591 1492 1849 1556 tanquam
1897 1487 2051 1557 aliqu

2271 1481 2665 1554 >μπληριχηικδν
2701 1481 2904 1552 ταύτης
2946 1483 3169 1552 δρᾶται,
3203 1481 3392 1553 ὥσπερ
3431 1479 3649 1553 δύναμις
3685 1482 3760 1535 καὶ
3800 1498 3801 1501 ‘

524 1574 663 1644 quod
695 1574 838 1628 hanc
865 1575 1140 1646 complere
1171 1577 1370 1641 valeat,
1399 1577 1541 1633 sicut
1569 1577 1748 1632 virtus
1777 1583 1832 1632 et
1860 1576 2054 1633 elIicaci

2228 1575 2459 1646 ινέργεια
2498 1575 2559 1628 τὸ
2590 1574 2785 1628 κακόν·
2828 1575 2923 1628 καὶ
2971 1574 3108 1647 πρὸς
3139 1574 3238 1644 τὴν
3269 1573 3524 1645 τοιαύτην
3559 1575 3649 1646 τῆς
3689 1576 3758 1626 ὲν-

523 1669 754 1734 malum;
787 1682 850 1722 ac
893 1683 1024 1722 sane
1054 1669 1108 1721 in
1160 1669 1255 1721 tali
1297 1669 1579 1722 sententiae
1606 1669 1949 1739 expositione
1980 1686 2052 1723 nn

2227 1668 2359 1730 ψοίας
2383 1665 2646 1720 ἀπόδοσιν
2671 1668 2702 1720 6
2734 1668 2843 1730 πᾶς
2871 1666 3002 1739 περὶ
3028 1665 3219 1720 τούτου
3251 1665 3454 1729 σκοπὸς
3478 1666 3660 1738 ὁρᾶται
3682 1665 3757 1718 τοῦ

524 1776 713 1816 versus
759 1760 940 1816 Patris
978 1761 1127 1815 circa
1177 1761 1282 1815 hoc
1331 1769 1719 1832 argumentum
1771 1777 1974 1834 scopus
2015 1762 2101 1817 vi-
2211 1760 2442 1832 Πατρός.

526 1855 706 1909 detur.

589 1945 693 2002 Sed
720 1955 777 2000 ut
806 1945 1059 2016 defectus.
1085 1944 1371 2012 Quomodo
1402 1947 1603 2000 malum
1637 1946 1992 2018 intelligatur.

2133 1951 2176 2006 Β
2291 1941 2452 1995 Ἀλλ’
2478 1941 2559 2007 ὡς
2588 1941 2878 2010 ἔλλειψις.
2910 1940 3036 2005 Πῶς
3063 1943 3265 1994 νοεῖται
3289 1940 3352 1994 τὸ
3386 1939 3574 1993 κακόν,

589 2040 616 2112 §
645 2039 812 2094 XXV.
855 2039 1047 2094 Verum
1077 2056 1170 2094 nec
1200 2041 1254 2114 i_n
1292 2039 1634 2095 animalibus.
1675 2039 1862 2111 Neque
1892 2041 1948 2094 in
1987 2041 2106 2095 ani-

2278 2033 2352 2106 [δ]
2396 2033 2617 2106 ςΧΧν.
2671 2033 2832 2088 Ἀλλ’
2885 2032 3011 2087 οὐδ’
3056 2033 3126 2086 ἐν
3167 2031 3348 2098 ζώοις.
3382 2033 3506 2085 Ὅτι
3551 2029 3667 2083 οὔτε
3713 2032 3757 2083 ἐν

523 2133 753 2187 malibus
792 2133 1023 2186 rationis
1063 2131 1386 2201 expertibus
1417 2133 1621 2186 malum
1662 2148 1806 2196 esse,
1843 2133 2053 2202 quonia‘

2227 2125 2364 2190 ζώοις
2395 2126 2608 2195 ἀλόγοις
2647 2127 2763 2178 ἐστὶ
2788 2125 2849 2178 τὸ
2885 2125 3074 2188 κακὸν,
3109 2126 3231 2178 ἐπεὶ
3263 2126 3398 2196 μήτε
3432 2124 3588 2193 φύσει
3637 2124 3757 2175 κακά

522 2241 630 2278 non
679 2233 811 2280 sunt
851 2234 1045 2278 natura
1091 2226 1266 2288 mala,
1317 2224 1450 2294 quin
1501 2241 1680 2294 neque
1736 2225 1958 2278 illorum
2007 2225 2052 2279 h:

2225 2221 2362 2284 ;ίσιν,
2393 2219 2505 2272 ἀλλ’
2530 2218 2652 2272 οὔτε
2688 2219 2745 2272 αἱ
2783 2217 2994 2288 σχέσεις
3025 2218 3201 2278 αὐτῶν
3231 2219 3418 2282 κακαὶ,
3452 2212 3560 2271 οἷον
3596 2215 3755 2286 θυμὸς,

522 2318 664 2371 bitus
689 2318 835 2380 mali,
855 2317 1017 2371 veluti
1037 2317 1140 2379 ira,
1171 2315 1470 2385 cupiditas,
1489 2317 1810 2388 imaginatio
1836 2332 2050 2388 prtecep

1586 2317 1810 2388 iginatio
1836 2332 2100 2388 pmceps.
2199 2313 2487 2383 ίὲπιθυμία,
2527 2312 2790 2381 φαντασία
2820 2311 3116 2382 προπετής.

590 2408 651 2463 Si
700 2409 839 2463 enim
889 2408 1190 2463 sustuleris.
1247 2407 1650 2463 lrrationalium
1709 2409 1928 2465 habitus
1979 2426 2104 2466 esse

2277 2405 2351 2477 [ε]
2397 2407 2467 2459 El
2512 2405 2623 2474 τὰρ
2660 2400 2922 2469 ἀνέλοις.
2964 2403 3085 2456 Ὅτι
3123 2401 3348 2472 φυσικαί
3389 2403 3528 2455 εἰσιν
3563 2403 3616 2455 αἱ
3661 2401 3757 2472 σχέ-

520 2503 820 2566 naturales,
853 2502 995 2556 sicut
1026 2502 1171 2556 leoni
1209 2508 1264 2556 et
1312 2502 1602 2572 reptilibus
1649 2501 1751 2566 ira,
1782 2512 1835 2558 et
1869 2502 2050 2558 canibt

2227 2514 2318 2560 rat;
2361 2496 2466 2550 τῶν
2508 2496 2734 2565 ἀλόγων,
2765 2495 2954 2567 ὥσπερ
2993 2495 3165 2549 λέοντι
3212 2495 3305 2548 καὶ
3351 2496 3596 2567 ἑρπετοῖς
3637 2498 3663 2550 6
3684 2497 3757 2549 θυ-

519 2595 754 2650 latrandi
808 2594 1079 2660 facultas;
1126 2593 1274 2649 unde
1322 2600 1383 2647 ut
1433 2593 1748 2660 naturales,
1800 2609 1912 2648 non
1973 2611 2049 2650 sul

2225 2591 2327 2656 ιδς,
2353 2591 2446 2644 καὶ
2482 2590 2608 2643 κυσὶ
2645 2589 2706 2642 τὸ
2743 2588 3059 2642 ὑλακτικὸνσ
3102 2587 3224 2642 ὅθεν
3261 2587 3338 2651 ὠς
3382 2589 3629 2657 φυσικαὶ,
3657 2587 3755 2641 οὔτε

519 2689 670 2742 mali.

2209 2683 2389 2738 κακαί

589 2777 832 2850 ςχχνι.
866 2777 970 2834 Sed
1003 2795 1162 2849 neque
1185 2779 1239 2832 in
1280 2787 1410 2833 toto.
1454 2776 1662 2832 Natura
1689 2784 1774 2834 est
1805 2777 2102 2835 babitualis

2277 2773 2367 2848 [ς]
2405 2773 2655 2847 §XXVL
2710 2774 2871 2829 Ἀλλ’
2911 2773 3038 2828 οὐδ’
3067 2773 3138 2827 ἐν
3177 2773 3253 2843 τῇ
3285 2773 3420 2843 ὅλῃ.
3461 2771 3624 2836 Φύσις
3663 2772 3756 2824 ἐστὶ

518 2885 608 2926 ars
650 2869 833 2926 divina
866 2869 933 2925 ad
963 2871 1372 2942 generationem
1407 2870 1790 2941 progrediens,
1827 2873 1987 2942 cujus
2019 2873 2048 2928 d

2227 2867 2325 2922 ιαθ’
2360 2867 2472 2934 ἕξιν
2517 2867 2638 2939 θείᾳ
2675 2868 2839 2938 τέχνη
2870 2869 2950 2930 είς
2982 2866 3197 2934 γένεσιν
3226 2865 3513 2937 προϊοῦσα,
3544 2858 3610 2936 ἧς
3637 2863 3757 2925 θείας

513 2963 656 3017 vina:
697 2965 836 3018 artis
882 2963 1140 3027 effectus,
1185 2963 1348 3033 158
1391 2964 1590 3033 planta:
1631 2971 1686 3018 et
1747 2965 2004 3020 animalia

2226 2961 2398 3032 ῖέχνης
2423 2959 2492 3014 τὰ
2524 2961 2943 3031 ἀποτελέσματα
2979 2959 3122 3030 φυτά
3147 2977 3208 3012 τε
3234 2959 3330 3013 καὶ
3369 2958 3485 3023 ζῶα
3523 2960 3612 3012 καὶ
3649 2973 3756 3028 καρ-

516 3053 748 3121 fructus,
777 3056 1284 3125 elementorumque
1314 3055 1457 3110 inter
1488 3071 1548 3111 se
1575 3057 1930 3120 mutationes,
1956 3064 2010 3112 et

2227 3055 2298 3107 τοὶ
2340 3054 2432 3107 καὶ
2470 3052 2578 3106 τῶν
2631 3053 2910 3124 στοιχείων
2950 3053 3031 3116 είς
3087 3051 3292 3122 ἄλληλα
3345 3050 3650 3122 μεταϐολαὶ,
3684 3049 3757 3102 καὶ

519 3149 834 3204 universum
866 3149 1106 3204 essentia
1136 3148 1439 3205 secundum
1483 3149 1720 3218 seipsam
1761 3165 1950 3203 eorum
1982 3165 2049 3220 qu

2224 3145 2367 3208 ἱλως
2404 3144 2526 3199 καθ’
2577 3145 2779 3216 ἑαυτὴν
2830 3146 2864 3217 ἡ
2909 3145 3066 3198 οὐσία
3114 3143 3223 3196 τῶν
3277 3143 3588 3216 φυομένων,
3640 3141 3754 3214 ἀρχὴ

518 3241 919 3309 producuntur,
947 3255 1070 3311 quae
1099 3249 1184 3296 est
1226 3241 1561 3312 principium
1592 3249 1774 3294 motus
1803 3249 1858 3296 et
1899 3249 2044 3297 statu

2226 3239 2471 3310 ιινήσεως
2527 3232 2662 3292 οὖσα
2705 3238 2800 3291 καὶ
2860 3235 3119 3301 στάσεως.
3167 3237 3379 3308 ’Ὠσπερ
3419 3232 3512 3290 οὖν
3558 3234 3756 3288 ἐπὶτῶν

519 3330 672 3385 Sicut
706 3331 872 3400 igitur
914 3298 980 3385 in.
1013 3333 1082 3387 iis
1113 3298 1426 3403 qui.ceran;
1470 3333 1620 3387 varie
1668 3331 1895 3403 fingunt,
1928 3341 2044 3388 arte

2225 3298 2600 3402 ιηροπλά-στων
2659 3331 2752 3383 καὶ
2797 3329 2906 3390 τῶν
2967 3298 3093 3393 τὰς’
3126 3298 3428 3393 πλαστικὰς
3499 3328 3755 3400 μετιόντων

517 3439 624 3492 que
669 3424 905 3494 ﬁngendi
951 3433 1240 3490 exercent,
1283 3441 1511 3482 necesse
1550 3433 1636 3482 est
1685 3425 1891 3496 aliquid
1935 3426 2047 3479 inh:

2225 3423 2400 3494 :éxva;
2429 3423 2510 3476 δεῖ
2537 3417 2677 3474 εἷναί
2719 3439 2772 3474 τι
2808 3423 2863 3474 ὲν
2906 3423 3090 3485 αὐτοῖς
3123 3422 3302 3492 μένον,
3344 3422 3584 3474 τουτέστι
3628 3420 3755 3488 λόγον

515 3531 660 3583 rere,
704 3517 757 3571 id
797 3525 882 3572 est
924 3518 1191 3573 rationem
1227 3534 1291 3574 ac
1323 3529 1558 3574 mentem
1611 3535 1734 3590 qua:
1774 3535 1871 3590 per
1908 3534 2045 3573 manu

2221 3517 2300 3569 tat
2343 3515 2489 3581 νοῦν,
2522 3513 2571 3569 οἳ
2623 3516 2711 3569 διὰ
2753 3515 2950 3586 χειρῶν
2996 3514 3208 3568 ποιοῦσι
3253 3515 3321 3568 τὰ
3365 3515 3574 3568 ἑαυτῶν
3609 3513 3751 3586 ἔργα·

519 3622 618 3661 sua
647 3609 901 3680 exprimit
936 3625 1100 3678 opera
1132 3629 1147 3677 ;
1182 3612 1262 3665 sic
1303 3611 1467 3666 etiam
1500 3612 1553 3666 in
1585 3614 1969 3668 universorum
2004 3630 2049 3667 n:

2223 3609 2347 3662 ti'rt'w
2375 3610 2466 3662 καὶ
2499 3609 2591 3662 ἐπὶ
2616 3609 2714 3680 τῆς
2744 3608 2958 3678 φύσεως
2990 3608 3097 3662 τῶν
3121 3609 3278 3672 ὅλων,
3308 3609 3422 3662 ἐστι
3448 3627 3502 3662 τι
3529 3611 3584 3661 ὲν
3604 3607 3753 3666 αὐτοῖς

519 3709 663 3763 tura,
703 3701 910 3772 aliquid
943 3702 999 3756 in
1043 3702 1182 3773 ipsis
1217 3711 1423 3767 manet,
1460 3703 1514 3758 id
1562 3712 1651 3767 est,
1682 3705 1860 3761 virtus
1891 3721 1987 3761 seu
2023 3706 2049 3758 f:

2222 3703 2389 3768 ιένον,
2428 3702 2674 3755 τουτέστι
2712 3703 2745 3772 ή
2794 3700 3052 3772 δύναμις,
3095 3702 3155 3754 οὑ
3201 3701 3289 3754 διὰ
3328 3702 3526 3773 χειρῶν
3557 3697 3752 3774 ἐργαζο-

516 3792 715 3858 cultas,
744 3810 852 3848 non
889 3795 1144 3852 manibus
1178 3811 1434 3869 operans,
1465 3796 1561 3852 sed
1591 3799 1846 3853 voluntas
1875 3806 1929 3853 et
1969 3813 2046 3854 co:

2219 3795 2372 3865 ιένη,
2419 3794 2556 3848 ἀλλὰ
2620 3793 2872 3867 βούλησις
2933 3791 3029 3848 καὶ
3083 3794 3366 3865 διανόησις
3428 3790 3564 3847 οὖσα
3612 3789 3749 3849 Θεοῦ,

515 3884 698 3939 silium
731 3884 846 3949 Dei,
894 3889 1252 3959 progrediens
1295 3891 1446 3944 velut
1487 3906 1578 3946 ars
1626 3892 1694 3946 ad
1739 3906 1930 3948 eorum
1979 3908 2045 3962 qu

2221 3887 2466 3958 τροῖοῦσα
2504 3881 2616 3940 οἷον
2650 3885 2813 3958 τέχνη
2857 3888 2938 3950 είς
2983 3887 3196 3955 γένεσιν
3230 3888 3338 3940 τῶν
3371 3887 3670 3958 φυομένων·
3705 3881 3751 3933 οὐ

515 3977 770 4032 oriuntur
814 3982 1253 4050 generationem;
1302 3990 1500 4037 natura
1547 3983 1692 4038 enim
1737 3999 1848 4038 non
1897 3983 2044 4056 indig

2221 3978 2312 4050 (ap
2353 3979 2524 4032 δεῖται
2568 3979 2602 4049 ἡ
2641 3978 2804 4049 φύσις
2847 3978 3010 4032 τινῶν
3055 3979 3340 4050 μενόντων,
3381 3979 3583 4050 ἑτέρων
3617 3975 3667 4028 δὲ
3693 3973 3751 4034 ὡς

516 4069 844 4138 quibusdam
896 4074 1266 4139 manentibus,
1315 4075 1438 4131 aliis
1466 4092 1596 4132 vero
1629 4085 1687 4131 ut
1733 4079 1927 4146 motis;
1971 4094 2040 4133 na

2221 4071 2564 4142 ιινουμένων·
2596 4073 2630 4142 ὴ
2659 4071 2771 4142 γὰρ
2815 4069 2913 4142 ὕλη
2964 4072 3110 4124 ἐστὶν
3144 4073 3177 4142 ἡ
3225 4074 3305 4136 είς
3352 4071 3564 4141 γένεσιν
3605 4083 3751 4123 κινου-

516 4163 746 4216 materia
791 4173 874 4218 est
915 4180 1036 4234 quae
1082 4166 1138 4220 in
1192 4167 1546 4238 generatione
1596 4178 1869 4236 movetur,
1922 4171 2040 4242 ipsa

2221 4165 2371 4235 ιένη·
2402 4164 2462 4218 τὸ
2492 4165 2549 4217 δὲ
2588 4164 2770 4217 κινοῦν
2799 4163 2966 4234 αὐτὴν
2993 4165 3021 4216 6
3050 4164 3303 4236 ἀκίνητός
3330 4166 3447 4219 ἐστι
3487 4165 3636 4233 λόγος
3658 4163 3682 4215 6
3707 4161 3751 4212 ὲν

516 4260 696 4308 autem
720 4269 965 4320 movens,
989 4259 1214 4312 verbum
1235 4266 1320 4314 est
1353 4274 1446 4314 seu
1477 4261 1621 4314 ratio
1652 4261 1948 4317 immobilis
1977 4279 2046 4332 qu

2217 4257 2276 4329 τῷ
2316 4259 2444 4329 ὅλῳ,
2489 4259 2549 4323 ὃς
2591 4260 2740 4311 ἐστιν
2773 4259 2807 4328 ή
2841 4257 2962 4310 θεία
3005 4258 3193 4330 τέχνη,
3243 4259 3309 4329 ἢν
3353 4258 3562 4330 ἔφημεν
3599 4256 3747 4328 φύσινς

514 4351 599 4399 est
644 4345 700 4398 in
747 4351 893 4411 toto,
936 4348 1079 4414 quod
1127 4356 1211 4404 est
1266 4365 1356 4405 ars
1403 4351 1609 4416 divina,
1657 4368 1820 4422 quam
1859 4353 2044 4408 diximl

2219 4344 2339 4412 ιῖδος
2368 4346 2524 4414 οὖσα,
2561 4351 2622 4404 οὑ
2660 4350 2765 4421 μὴν
2798 4351 2856 4418 ἐξ
2891 4351 3022 4423 ὕλης
3053 4351 3147 4404 καὶ
3183 4350 3388 4414 εἴδους·
3419 4352 3472 4404 τί
3508 4351 3610 4422 γὰρ
3640 4344 3749 4415 αὑτὴ

515 4443 801 4502 naturam,
859 4437 1032 4492 forma
1083 4442 1388 4510 exsistens,
1441 4458 1552 4497 non
1610 4458 1740 4498 vero
1805 4460 1874 4498 ex
1926 4454 2045 4498 mau

2217 4438 2333 4512 Βλης
2358 4442 2458 4507 δεῖ,
2489 4441 2697 4514 θερμῆς
2724 4442 2757 4514 ἢ
2795 4443 3033 4515 ψυχρᾶς
3072 4445 3107 4516 ἡ
3138 4442 3247 4515 γὰρ
3275 4441 3747 4514 δεδημιουργημένη

515 4527 596 4581 ria
655 4536 708 4582 et
761 4528 962 4596 forma;
1011 4532 1144 4601 quid
1197 4538 1341 4588 enim
1401 4535 1479 4588 illi
1528 4551 1667 4606 opus
1711 4543 1795 4589 est
1853 4537 2045 4591 materi

2219 4533 2301 4603 ὅλη
2332 4533 2489 4586 τοῦτο
2522 4533 2676 4605 φέρει
2713 4536 2769 4587 ὲν
2813 4537 2978 4606 ἑαυτῇ
3004 4553 3017 4565 ·
3046 4535 3106 4587 οὑ
3139 4534 3248 4607 γὰρ
3287 4535 3369 4588 δεῖ
3405 4534 3517 4607 πῦρ
3559 4530 3749 4604 προσελο

515 4621 705 4674 οιιιὶάεε
752 4629 845 4674 ant
893 4621 1136 4693 frigidae?
1192 4633 1375 4679 creata
1427 4627 1618 4697 utique
1678 4629 1938 4693 materia,
1994 4629 2045 4682 hc.

2222 4629 2332 4690 δεῖν,
2365 4627 2452 4679 ἵνα
2478 4626 2588 4698 πῦρ
2619 4628 2652 4697 ἡ
2686 4626 2784 4698 ὕλη
2828 4623 3070 4699 γένηται,
3102 4625 3238 4681 ἀλλὰ
3286 4626 3463 4696 λόγον⁸
3500 4628 3527 4680 ὃ
3557 4625 3644 4680 καὶ
3678 4639 3752 4690 ση-

517 4711 621 4768 fert
666 4715 720 4768 in
751 4716 962 4784 seipsa;
995 4732 1106 4771 non
1152 4719 1295 4772 enim
1334 4720 1511 4789 ignem
1567 4721 1826 4775 accedere
1870 4736 2047 4777 neces:

2220 4720 2352 4772 ιεῖόν
2385 4720 2530 4773 ἐστιν
2560 4721 2620 4773 οὐ
2657 4721 2852 4792 μικρὸν
2883 4720 2978 4773 τοῦ
3008 4721 3102 4774 καὶ
3133 4723 3191 4774 ἐν
3222 4723 3335 4785 τοῖς
3366 4719 3524 4786 ζώοις
3552 4718 3750 4776 καὶτοῖς

513 4813 618 4871 est,
652 4815 711 4861 ut
744 4807 970 4862 materia
1011 4808 1106 4862 flat
1153 4810 1325 4878 ignis,
1377 4811 1470 4867 sed
1502 4811 1729 4867 verbum
1782 4827 1878 4868 seu
1924 4814 2043 4868 rati:

2222 4813 2406 4878 ρυτοῖς,
2447 4813 2576 4875 τοὺς
2614 4811 2804 4881 λόγους
2838 4809 2975 4866 εἶναι
3004 4815 3130 4878 τοὺς
3166 4816 3483 4885 ποιητικοὺς
3515 4813 3642 4868 κατὰ
3672 4811 3752 4879 τὴν

513 4911 638 4950 nem
664 4913 681 4964 ;
715 4897 860 4966 quod
899 4899 1062 4952 etiam
1099 4899 1313 4969 signum
1343 4907 1426 4956 est
1458 4917 1568 4956 non
1599 4917 1846 4972 parvum,
1878 4920 2000 4960 esse
2039 4907 2043 4960 i

2222 4905 2360 4972 ρύσιν
2386 4903 2520 4958 εἶναι
2551 4904 2706 4973 λόγον
2737 4905 2826 4959 τὸν
2868 4905 3091 4976 μένοντα
3110 4922 3124 4937 ·
3167 4905 3358 4976 λόγους
3385 4907 3444 4961 δὲ
3482 4909 3602 4970 τοὺς
3639 4900 3752 4958 κατὰ

511 4989 844 5043 animalibus
887 4998 941 5044 et
983 4991 1187 5061 plantis
1220 4993 1464 5049 rationes
1494 5008 1618 5064 quas
1666 4994 1901 5050 elliciant
1943 5005 2003 5050 ut
2037 4998 2041 5051 i

2218 4997 2298 5060 τὰς
2329 4996 2542 5069 μορφὰς
2571 4997 2677 5050 τῶν
2710 4997 3002 5068 ὁρωμένων
3033 4998 3132 5070 τῆς
3165 4997 3380 5068 φύσεως
3420 4995 3554 5054 εἶναι
3589 4997 3748 5067 γεννή-

509 5088 708 5135 natura
741 5081 882 5136 ratio
914 5081 1148 5149 haereat;
1176 5083 1416 5138 rationes
1447 5100 1578 5140 vero
1602 5101 1721 5155 quas
1746 5100 1868 5140 cum
1900 5086 2038 5142 form

2222 5109 2382 5154 ιατα,
2430 5092 2550 5158 ἦτοι
2595 5091 2690 5144 τοῦ
2733 5093 2852 5144 κατ’
2895 5092 3062 5164 αὐτὴν
3105 5093 3363 5164 ἀκινήτου
3409 5094 3501 5146 καὶ
3535 5092 3752 5164 μένοντος

509 5189 696 5228 eorum
748 5189 870 5244 qua:
918 5173 1202 5240 videntur,
1257 5184 1466 5232 natura:
1519 5192 1642 5233 esse
1696 5178 1940 5249 germina
1995 5195 2039 5234 ει

2220 5182 2376 5251 .όγου.
2417 5183 2542 5248 Πῶς
2568 5181 2661 5239 οὖν
2693 5187 2750 5238 ὲν
2775 5188 2842 5257 τῇ
2878 5186 3103 5239 καθόλου
3150 5185 3310 5256 φύσει
3359 5186 3421 5240 τὸ
3453 5187 3634 5247 κακὸν,
3661 5179 3750 5232 τῶν

509 5265 808 5322 immobilis
851 5281 914 5321 ac
946 5265 1003 5320 in
1034 5267 1152 5338 ipsa
1201 5268 1458 5324 haerentis
1503 5269 1654 5326 verbi
1701 5285 1797 5326 seu
1841 5270 2039 5325 rationi

2220 5293 2254 5327 νν
2277 5278 2390 5339 τοῖς
2417 5275 2719 5350 δημιουργή
2729 5296 2858 5349 μασι
2887 5278 3060 5348 λόγων
3088 5279 3330 5349 ιρυσικῶν
3373 5279 3561 5341 ὄντων,
3595 5274 3676 5330 καὶ
3701 5273 3750 5321 ἐν

510 5356 797 5423 Quomodo
843 5359 1010 5429 igitur
1053 5359 1111 5413 in
1148 5361 1406 5416 universa
1457 5370 1652 5416 natura
1699 5363 1924 5427 malum,
1967 5379 2035 5418 cu

2216 5365 2372 5419 n’aﬁsv‘t
2399 5369 2825 5440 ἐναντιουμένων
2849 5373 2916 5442 τῇ
2947 5369 3045 5444 ὅλῃ
3069 5370 3229 5440 φύσει
3267 5370 3328 5436 ἐξ
3365 5370 3568 5441 ἀγαθοῦ
3606 5365 3746 5434 οὔσῃς

510 5452 792 5507 naturales
826 5451 938 5507 sint
977 5450 1222 5506 rationes
1255 5451 1310 5504 in
1345 5454 1637 5517 creaturis,
1672 5469 1773 5508 nec
1822 5453 1878 5507 in
1910 5453 2040 5522 aliqt

2218 5459 2260 5510 Ξί
2284 5459 2460 5513 τοίνυν
2484 5460 2858 5516 ἀποδέδεικται,
2883 5462 2981 5535 τὴν
3008 5463 3235 5517 καθόλου
3265 5463 3426 5533 φύσιν
3452 5465 3516 5517 ὲκ
3539 5452 3748 5528 τάγαθῦῦ

513 5543 612 5595 ιοιὶ
657 5552 888 5608 naturae,
932 5558 1054 5613 quae
1099 5559 1165 5598 ex
1216 5545 1360 5600 bono
1409 5553 1521 5612 est,
1562 5545 1986 5600 contrarientur.
2029 5543 2043 5596 ξ

2217 5545 2354 5602 ἵναι⁸
2399 5552 2526 5616 τοὺς
2556 5552 2613 5605 δὲ
2649 5554 2769 5608 καθ’
2815 5555 3043 5610 ἕκαστον
3081 5557 3139 5609 ἐν
3175 5559 3288 5621 τοῖς
3331 5555 3747 5629 δημιουργήμασι

509 5646 641 5703 ergo
661 5633 1094 5692 demonstratum
1120 5647 1201 5694 est
1232 5638 1542 5694 universam
1568 5645 1821 5692 naturam
1843 5653 1914 5692 ex
1942 5637 2039 5692 hor

2218 5642 2377 5710 όγους
2408 5643 2482 5714 μὴ
2519 5645 2888 5701 ἐναντιοῦσθαι
2930 5652 2996 5721 τῇ
3030 5648 3259 5702 καθόλου
3306 5649 3486 5719 φύσει,
3516 5643 3747 5719 πρόδηλον

510 5738 654 5788 esse,
689 5726 1027 5795 singularum
1056 5737 1238 5786 autem
1274 5735 1652 5788 creaturarum
1698 5730 1940 5784 rationes
1978 5745 2040 5785 ne

2219 5751 2265 5796 ›ς
2291 5734 2412 5787 οὐδὲ
2445 5737 2501 5789 ὲν
2532 5737 2692 5807 φύσει
2716 5740 2776 5793 τὺ
2806 5741 2974 5796 κακόν
2991 5757 3004 5772 ⁸
3031 5739 3190 5794 τοῦτο
3207 5741 3264 5794 δὲ
3292 5741 3370 5796 τῶ
3402 5740 3550 5812 καλῷ
3569 5741 3588 5771 ⁸
3617 5739 3749 5790 ἐναν-

1420 5845 1668 5902 VARIE
1707 5844 2097 5902 LECTIONES
2133 5848 2222 5904 ET
2264 5852 2819 5915 CORRECTIONES.

589 5927 610 5958 ⁸
631 5927 740 5983 τῶν
763 5930 964 5987 καλῶν.
