3874 6562
193 485 278 539 997

897 475 955 534 Β.
993 475 1238 532 MAXIM]
1266 474 1558 532 SCHOLIA
1595 474 1657 529 IN
1698 473 1825 530 LIB.
1863 472 1950 526 DE
1985 471 2232 526 DIVINIS
2263 470 2663 530 NOMINIBUS.

3291 477 3406 533 298

194 603 308 654 τίον·
337 589 532 652 οὐκοῦν
565 597 663 650 οὐκ
687 596 800 650 ἔστι
828 596 888 649 τὸ
921 595 1108 659 κακὸν,
1139 595 1259 647 οὐδὲ
1288 597 1343 646 ὲν
1371 594 1448 664 τῷ
1479 592 1723 646 καθόλου.

1850 590 2153 644 :oritrariari
2202 590 2468 646 universae
2511 599 2720 644 naturae
2765 591 3114 648 nianil'cstum
3151 602 3255 658 est,
3302 611 3398 650 ne-

193 693 258 746 τὰ
291 693 338 746 δὲ
375 693 435 746 ὲν
464 693 582 753 τοῖς
629 690 746 744 κατ’
780 685 920 752 εἶδος
954 690 1053 759 τῆς
1087 687 1444 758 δημιουργίας
1491 684 1726 747 ὲναντία,

194 785 280 839 εἴτε
313 787 362 837 ὲν
407 784 693 855 κράσεσιν,
740 781 848 834 εἴτε
893 783 948 833 ὲν
981 779 1170 845 ζώοις,
1215 781 1308 832 καὶ
1357 779 1592 842 λοιποῖς,
1635 778 1730 848 οὐχ

195 877 367 938 ἑαυτοῖς
395 877 503 928 εἰσι
535 873 685 945 παρὰ
729 873 910 942 φύσιν,
945 871 1078 926 ἀλλὰ
1106 875 1216 936 τοῖς
1261 871 1439 934 ἄλλοις
1458 873 1506 902 ⁷·
1550 875 1606 922 ὲν
1651 865 1731 934 οἷς

193 968 238 1020 δὲ
262 967 392 1036 παρὰ
424 964 590 1034 φύσιν
621 965 950 1036 πλημμελῶς
977 965 1247 1035 φέρονται,
1279 962 1374 1015 τοῦ
1402 962 1542 1016 κατὰ
1573 962 1730 1030 φύσιν

194 1061 310 1112 ἐστὶν
334 1058 607 1122 ἀσθένεια,
628 1059 687 1111 οὐ
715 1058 820 1129 μὴν
846 1056 1002 1110 τοῦτο
1026 1057 1192 1109 κακόν
1211 1073 1224 1085 ·
1251 1055 1416 1108 κακία
1447 1054 1502 1107 δὲ
1529 1053 1732 1118 τάξεως

196 1147 361 1221 μᾶλλόν
391 1153 529 1204 ἐστι.

252 1322 351 1394 Τῆς
395 1327 659 1379 καθόλου
687 1327 942 1395 φύσεως.
975 1323 1215 1379 Καθόλου
1261 1325 1420 1394 φύσιν
1449 1326 1547 1398 τὴν
1585 1327 1733 1382 θείαν

191 1403 326 1487 φύσιν
359 1417 536 1470 καλεῖ.

248 1508 314 1580 [ξ]
345 1511 410 1561 Ei
443 1509 556 1578 γὰρ
585 1513 640 1562 οί
668 1508 906 1576 πάντες.
951 1509 1180 1573 Πάντες,
1218 1510 1401 1580 φησιν,
1430 1511 1480 1562 oi
1507 1511 1605 1580 τῆς
1637 1510 1736 1579 φύ-

192 1617 306 1663 σεως
333 1599 501 1668 λόγοι,
545 1601 711 1671 ἡγουν
758 1603 814 1653 αἱ
856 1602 1030 1654 αἰτίαι
1076 1602 1196 1655 καθ’
1225 1603 1292 1666 ἂς
1336 1603 1590 1672 γεγόνασι
1640 1607 1739 1660 καὶ

191 1689 295 1751 εἰσί,
325 1695 473 1764 παρὰ
509 1694 610 1762 τῆς
642 1692 794 1756 θείας
823 1692 1036 1761 φύσεως
1059 1695 1410 1766 ὑπάρχουσιν,
1437 1697 1524 1767 ἥν,
1554 1696 1630 1760 ὼς
1661 1699 1738 1750 εῖ-

192 1801 344 1854 ρηται,
374 1786 639 1838 καθόλου
661 1785 834 1848 καλεῖ,
865 1787 1049 1858 ἐπειδὴ
1084 1788 1142 1852 ἐξ
1174 1790 1341 1860 αὐτῆς
1375 1791 1475 1860 ἔφυ
1507 1792 1576 1844 τὰ
1606 1792 1731 1845 ὅλα·

189 1874 294 1944 ὅλην
318 1875 370 1927 δὲ
423 1875 587 1945 φύσιν
629 1877 804 1930 πάντα
848 1878 915 1931 τὰ
959 1880 1065 1932 ὑπὸ
1118 1881 1212 1934 τοῦ
1267 1883 1399 1936 Θεοῦ
1451 1886 1736 1941 κτισθέντα

1832 700 1938 754 que
1970 685 2024 738 in
2055 692 2251 740 natura
2281 685 2483 738 malum
2508 700 2649 750 esse,
2681 686 2781 740 hoc
2813 693 2992 740 autem
3022 688 3249 756 pulchro
3274 703 3402 743 cone

1832 775 2057 829 trarium
2085 795 2098 830 :
2131 790 2262 845 ergo
2299 790 2408 829 non
2447 782 2532 829 est
2579 776 2800 840 malum,
2832 791 3007 845 neque
3037 777 3090 830 in
3124 779 3398 833 universo.

1832 866 1963 934 Quae
2012 876 2190 922 autem
2235 869 2290 921 in
2342 868 2624 937 speciebus
2669 878 3042 921 creaturarum
3097 871 3399 934 contraria,

1833 961 1946 1016 sive
1979 960 2033 1014 in
2064 960 2344 1030 temperie,
2369 961 2484 1016 sive
2511 962 2564 1014 in
2590 960 2996 1034 animalibus,et
3028 961 3401 1030 reliquis,non

1834 1061 1961 1108 sunt
1994 1051 2098 1106 sibi
2116 1060 2310 1121 praeter
2322 1059 2594 1113 naturam,
2613 1051 2704 1106 sed
2721 1051 2839 1107 aliis
2853 1064 2868 1111 ;
2882 1052 2935 1106 in
2954 1068 3073 1122 qua:
3087 1061 3280 1121 prmter
3305 1069 3402 1107 na-

1832 1151 2008 1198 turam
2023 1145 2214 1200 vitiose
2241 1143 2508 1204 feruntur,
2525 1143 2788 1199 naturalis
2809 1143 3025 1213 quidem
3052 1154 3134 1198 est
3161 1144 3403 1199 imbecil-

1833 1236 1987 1304 litas;
2011 1243 2064 1289 at
2083 1239 2187 1290 hoc
2210 1250 2318 1290 non
2346 1236 2568 1296 malum,
2597 1235 2690 1291 sed
2727 1236 2909 1304 potius
2939 1234 3148 1289 ordinis
3184 1235 3400 1290 vitium.

1909 1325 2173 1381 Universw
2203 1337 2427 1382 natum.
2473 1327 2796 1382 Universam
2844 1333 3125 1390 naturam,
3161 1325 3401 1380 divinam

1835 1427 1994 1472 νοεει
2029 1426 2304 1475 naturam.

1906 1507 1966 1563 Si
1995 1511 2134 1563 enim
2182 1524 2380 1564 omnes.
2416 1507 2640 1575 Omnes,
2673 1509 2871 1579 inquit,
2913 1519 3121 1563 natura
3161 1510 3403 1564 rationes

1837 1615 1931 1654 seu
1960 1615 2159 1663 causae,
2188 1601 2489 1656 secundum
2517 1615 2652 1670 quas
2684 1599 2977 1655 fueruntet
3005 1610 3154 1663 sunt,
3175 1600 3406 1657 adivina

1837 1698 2030 1744 natura
2081 1688 2299 1762 (quam,
2343 1700 2402 1746 ut
2450 1692 2657 1745 dictum
2701 1701 2818 1753 est,
2882 1692 3179 1747 universam
3223 1691 3403 1762 vocat)

1839 1781 2005 1845 ﬁunt,
2045 1784 2303 1852 quoniam
2342 1799 2407 1838 ex
2457 1783 2575 1853 ipsa
2624 1785 2887 1854 producta
2939 1791 3068 1838 sunt
3113 1783 3406 1850 universa;

1839 1875 2149 1928 universam
2192 1890 2327 1929 vero
2374 1884 2624 1929 naturam
2669 1877 2850 1929 omnia
2882 1891 2912 1927 a
2949 1875 3058 1928 Deo
3089 1883 3272 1929 creata
3305 1889 3406 1928 vo-

190 1966 435 2019 ὲκάλεσεν.
472 1967 641 2020 Οὐδὲν
685 1965 776 2022 οῦν
828 1972 975 2024 ἐστιν
1007 1973 1065 2024 ὲν
1094 1977 1160 2045 τῇ
1215 1975 1398 2043 φύσει,
1446 1980 1581 2053 ὅπερ
1620 1983 1737 2036 ὅλον

1850 1965 2004 2019 cavit.
2034 1964 2181 2020 Nihil
2211 1967 2374 2036 igitur
2411 1974 2495 2022 est
2523 1967 2575 2020 in
2611 1977 2827 2030 natura,
2865 1966 3023 2036 159
3054 1965 3198 2035 quod
3233 1973 3408 2020 totum

187 2058 306 2121 ὅλοις
346 2059 678 2113 ἀντίκειται·
715 2061 779 2114 τὸ.
806 2061 913 2134 γάρ
944 2081 1049 2117 τινι
1091 2066 1198 2120 τῶν
1242 2068 1410 2124 ὄντων
1455 2072 1604 2143 παρὰ
1637 2075 1737 2147 τὴν

187 2151 326 2204 αὑτοῦ
375 2153 540 2221 φύσιν
588 2155 759 2225 ἑτέρῳ
807 2155 966 2225 φύσις
1016 2159 1158 2211 ἐστί·
1203 2162 1361 2216 τοῦτο
1408 2164 1464 2217 δὲ
1515 2166 1733 2234 ἀγαθόν.

188 2243 317 2315 Πάσῃ
338 2240 436 2298 ὀὖν
466 2245 628 2313 φύσει
660 2247 720 2300 τὸ
757 2247 828 2319 μὴ
867 2247 1046 2318 μένειν
1077 2249 1160 2320 ἐφ’
1193 2249 1274 2315 οἷς
1305 2254 1513 2324 γέγονε,
1543 2258 1732 2312 κακόν·

185 2334 318 2387 τοῦτο
342 2336 451 2408 γὰρ
483 2337 588 2408 ἔφη
617 2339 869 2410 στέρησιν
889 2339 997 2393 τῶν
1019 2342 1117 2412 τῆς
1150 2345 1381 2412 φύσεως,
1405 2348 1465 2400 τὸ
1491 2350 1563 2420 μὴ
1593 2351 1741 2404 ἐκτε-

187 2425 280 2480 λεῖν
314 2429 430 2481 καθ’
459 2430 749 2484 ὁποιανοῦν
781 2431 957 2485 αἰτίαν
998 2434 1064 2488 τὰ
1098 2437 1182 2504 ἐφ’
1215 2435 1295 2501 οἷς
1328 2441 1574 2518 παρήχθη
1605 2442 1739 2512 πρὸς

186 2519 430 2592 γέννησιν.

244 2703 318 2777 [η]
355 2703 381 2776 §
412 2703 632 2760 XXVII.
688 2708 847 2761 Ἀλλ’
891 2709 1016 2763 οὐδ’
1055 2711 1124 2763 ἐν
1154 2694 1396 2780 σώματι..
1437 2712 1646 2783 ’Ὠσπερ
1677 2713 1738 2766 τὺ

185 2796 356 2860 κάλλος
414 2799 728 2870 συμμετρία
786 2801 901 2853 ἐστὶ
972 2801 1148 2871 μελῶν
1199 2803 1292 2856 καὶ
1345 2803 1527 2874 μερῶν
1602 2804 1737 2874 μετὰ

185 2888 446 2959 εὐχροίας,
491 2890 666 2953 οὕτως
715 2887 900 2961 αἶσχος
945 2894 1291 2965 ἀσυμμετρία
1335 2896 1450 2948 ἐστὶ
1495 2896 1602 2949 τῶν
1639 2899 1737 2950 αύ-

187 2996 280 3032 των
286 3022 297 3033 .

243 3071 312 3144 [θ]
347 3074 553 3127 Αἴτιον
593 3075 670 3142 τῇ
711 3075 903 3145 ψυχῇ.
940 3077 1153 3149 Ἐπειδὴ
1197 3096 1339 3142 τινες
1373 3080 1479 3133 τῶν
1527 3081 1738 3150 φιλοσό-

185 3180 282 3230 φων
312 3167 492 3233 φασιν,
525 3167 592 3219 ἐκ
633 3166 728 3219 τοῦ
769 3168 961 3237 ἀλόγου
1002 3172 1100 3241 τῆς
1145 3171 1322 3242 ψυχῆς
1373 3172 1588 3244 μέρους,
1639 3172 1741 3246 ὕλῃ

186 3259 263 3310 καὶ
312 3258 519 3329 σώματι
584 3262 940 3332 μεμιγμένου,
1012 3264 1282 3336 ῥεπούσης
1339 3265 1424 3318 ἐπ’
1465 3267 1596 3320 αὐτὸ
1643 3268 1742 3339 τῆς

1837 2057 1968 2112 ιοιὶε
2025 2067 2361 2128 Opponatur;
2426 2059 2572 2129 quod
2618 2059 2761 2113 enim
2823 2059 2986 2112 alicui
3038 2065 3233 2127 praeter
3288 2057 3411 2126 ejus

1836 2158 2087 2203 naturam
2115 2159 2218 2214 est,
2249 2150 2407 2204 alteri
2445 2158 2638 2204 natura
2669 2161 2772 2214 est,
2813 2151 2916 2206 hoc
2947 2160 3126 2207 autem
3160 2151 3407 2206 bonum:

1837 2243 1985 2296 omni
2010 2257 2140 2312 ergo
2168 2253 2378 2297 natura
2407 2243 2606 2296 malum
2633 2250 2716 2298 εει
2749 2258 2856 2296 non
2886 2243 3091 2298 haerere
3123 2242 3177 2295 in
3207 2240 3410 2311 quibus

1837 2335 2104 2404 producta
2152 2342 2270 2396 est;
2318 2334 2423 2388 hoc
2461 2334 2604 2388 enim
2656 2333 2984 2386 naturalium
3048 2333 3411 2402 privationem

1835 2425 2003 2489 dixit,
2047 2441 2154 2479 non
2199 2439 2610 2485 consummare,
2662 2438 2984 2492 quacunque
3029 2437 3094 2476 ex
3145 2437 3313 2476 causa
3357 2421 3412 2476 id

1839 2517 2086 2581 accidat,
2133 2532 2194 2572 ea
2239 2524 2458 2587 propter
2499 2531 2618 2586 quae
2652 2515 2704 2568 in
2749 2515 3099 2585 generatione
3145 2515 3412 2584 producta

1841 2610 2082 2674 fuerunt,

1910 2701 2178 2775 §XXVIL
2228 2701 2418 2756 Verum
2469 2716 2558 2754 nec
2604 2701 2658 2754 in
2708 2700 3034 2768 corporibus.
3090 2697 3242 2754 Sicut
3287 2700 3413 2769 pul-

1838 2795 2091 2850 chritudo
2118 2803 2204 2850 est
2233 2796 2600 2849 membrorum
2631 2801 2686 2848 et
2716 2795 2949 2864 partium
2977 2808 3101 2847 cum
3133 2793 3278 2848 bono
3320 2809 3414 2848 co-

1840 2889 1956 2943 lore
2000 2888 2314 2959 symmetria
2358 2903 2454 2943 seu
2502 2887 2806 2956 proportio,
2838 2887 2910 2941 ita
2960 2885 3280 2940 deformitas
3330 2891 3416 2942 est

1839 2979 2151 3035 earumdem
2181 2979 2553 3048 proportionis
2579 2977 2844 3034 defectus.

1910 3073 2087 3128 Causa
2125 3073 2333 3125 animae.
2359 3070 2624 3136 Quoniam
2654 3068 3099 3139 phiIOSOpborum
3133 3066 3298 3136 aliqui
3328 3067 3416 3122 di—

1841 3175 1993 3231 cunt,
2031 3183 2098 3222 ex
2128 3164 2430 3220 irrationali
2479 3172 2633 3233 parte
2680 3162 2894 3226 animae,
2927 3160 3154 3216 materia
3184 3174 3416 3233 ac‘cor-

1841 3261 1960 3331 pori
2009 3260 2269 3331 permista
2312 3257 2492 3311 anima
2523 3255 2577 3308 in
2613 3254 2668 3308 id
2695 3259 2972 3324 vergente,
3006 3250 3150 3304 mala
3185 3218 3322 3313 (ier‘i,
3356 3256 3417 3304 ut

184 3347 359 3419 ψυχῆς,
382 3350 450 3403 τὰ
474 3351 623 3404 κακὰ
654 3352 932 3422 πράττειν,
954 3353 1030 3416 ὡς
1059 3355 1311 3426 ἀνωτέρω
1340 3356 1572 3426 διῆλθεν,
1603 3376 1738 3427 παγ-

1850 3352 2096 3422 superius
2136 3349 2528 3414 disseruimus;
2575 3345 2793 3401 divinus
2824 3343 3112 3414 Dionysius
3157 3343 3416 3412 pulcher-

188 3439 346 3503 κάλως
377 3444 406 3493 ό
442 3441 585 3504 θεῖος
627 3442 900 3506 Διονύσιος
932 3442 1045 3496 λύει
1078 3445 1139 3497 τὸ
1176 3446 1510 3519 ὲπαπόρημα
1541 3451 1606 3502 ὲκ
1633 3449 1742 3504 τῶν

185 3531 339 3585 ἄλλων
361 3533 382 3564 ⁸
411 3534 720 3603 ἀσωμάτων
765 3535 860 3588 καὶ
891 3535 1104 3606 ἀμιγῶν
1151 3537 1397 3608 σώματος
1451 3540 1622 3614 πάντη
1639 3581 1654 3606 ,
1693 3541 1743 3595 οἳ

185 3621 264 3674 καὶ
308 3623 426 3692 δίχα
473 3623 749 3693 σώματος,
799 3625 1031 3695 ἐλλείψει
1088 3627 1180 3680 τοῦ
1233 3628 1437 3697 ἀγαθοῦ
1489 3629 1742 3703 πλημμε-

187 3710 338 3766 λοῦσι.

241 3804 728 3872 Παρυςρίστασθαι
775 3807 1008 3860 κακίαν.
1037 3809 1157 3861 Ὅτι
1212 3807 1429 3862 δυνατὸν
1479 3813 1572 3864 καὶ.
1615 3814 1741 3868 ἄνευ

188 3891 415 3962 σώματος
477 3894 918 3966 παρυφίστασθαι
984 3897 1197 3961 κακίαν,
1235 3898 1313 3961 ὡς
1363 3902 1420 3952 ὲν
1456 3904 1568 3965 τοῖς
1623 3902 1742 3956 δαί-

189 3999 318 4051 μοσι.

242 4076 346 4128 Kal
369 4077 608 4146 σώμασι
639 4081 846 4131 κακόν.
875 4081 938 4133 Τί
967 4081 1084 4134 ἐστι
1118 4083 1304 4136 κακόν.

246 4165 272 4236 §
294 4166 531 4224 XXVIII.
575 4173 650 4222 "H
669 4169 824 4238 μηδὲ
857 4171 922 4224 τὸ
949 4172 1209 4242 πάσχειν
1229 4173 1520 4229 δύνασθαι
1542 4177 1667 4229 καθ’
1688 4177 1744 4230 ἐ-

183 4255 376 4319 αυτήν.
401 4257 638 4326 Εΰλογον
668 4258 1034 4332 ὲπιδρομάδην
1056 4262 1308 4315 ἐκθέσθαι
1330 4263 1429 4327 τὰς
1459 4264 1615 4331 δόξας
1637 4267 1746 4320 τῶν

183 4341 428 4412 λεγόντων
445 4348 545 4420 τὴν
570 4349 704 4420 ῦλην
743 4351 816 4421 μὴ
840 4349 1028 4413 ὃν,καὶ
1041 4352 1156 4416 πῶς
1184 4353 1437 4406 καλοῦσιν
1471 4356 1639 4426 αὐτὴν
1669 4358 1742 4428 μὴ

182 4431 251 4494 ὃν,
285 4435 369 4489 ἵνα
409 4439 501 4490 καὶ
541 4440 589 4491 oi
627 4439 970 4510 συλλογισμοὶ
999 4442 1092 4495 τοῦ
1127 4442 1268 4497 θείου
1319 4445 1590 4498 Διονυσίου
1624 4465 1747 4518 νοη-

183 4522 321 4582 θῶσι.
361 4530 632 4584 Καλοῦσιν
668 4528 760 4585 οὖν
804 4533 901 4603 τὴν
941 4533 1070 4604 ὓλην
1119 4535 1192 4607 μὴ
1238 4535 1296 4589 ὂν
1331 4539 1393 4590 ἐκ
1429 4537 1521 4590 τοῦ
1571 4541 1743 4593 τοιού-

181 4633 292 4670 του·
330 4625 462 4692 φασὶ
492 4624 624 4695 γὰρ,
652 4625 733 4677 ὅτι
763 4626 825 4677 τὸ
849 4625 926 4690 ὃν,
947 4627 974 4678 ὃ
1004 4629 1149 4678 ἐστιν
1175 4628 1232 4680 ἐν
1253 4630 1602 4698 τοῖς.νοητοῖς
1631 4629 1745 4683 δια-

1847 3444 1984 3499 rime
2019 3443 2244 3498 dubium
2283 3439 2448 3498 solvit
2473 3455 2538 3495 ex
2573 3438 2694 3494 aliis
2725 3435 3064 3506 incorporeis
3093 3442 3147 3489 et
3189 3449 3418 3502 prorsus

1845 3535 2122 3590 mistionis
2148 3533 2487 3604 expertibus,
2525 3531 2620 3600 qui
2659 3529 2823 3584 etiam
2857 3528 2975 3583 sine
2999 3540 3249 3596 corpore,
3287 3525 3417 3580 boni

1846 3627 2061 3683 defectu
2091 3635 2338 3699 peccant.

1915 3805 2195 3859 Adhwrere
2255 3801 2538 3856 malitiam.
2593 3798 2859 3854 Possibile
2903 3813 3025 3853 esse
3081 3796 3243 3852 etiam
3295 3796 3418 3850 sine

1845 3910 2075 3966 corpore
2103 3895 2362 3948 malitiam
2397 3893 2696 3947 subsistere
2725 3889 2918 3954 videri,
2959 3889 3102 3944 sicut
3130 3890 3185 3944 in
3215 3889 3415 3944 daemo-

1847 3990 2030 4043 nibus.

1917 4079 1985 4131 Et
2018 4079 2318 4145 corporibus
2349 4075 2567 4130 malum.
2603 4076 2744 4142 Quid
2774 4077 2844 4130 sit
2873 4075 3095 4129 malum.

1917 4167 2216 4242 §XXVIIL
2259 4167 2391 4234 Quae
2453 4184 2543 4221 nec
2587 4168 2640 4220 id
2691 4168 2861 4236 ipsum
2919 4165 3070 4220 habet
3117 4165 3254 4235 quod
3303 4166 3417 4234 pati

1845 4263 2031 4331 possit.
2063 4261 2502 4316 Consentaneum
2543 4267 2626 4314 est
2658 4257 2858 4313 rationi
2899 4273 3087 4313 eorum
3130 4257 3418 4328 opiniones

1847 4357 2051 4410 cursim
2094 4367 2386 4423 exponere,
2415 4352 2505 4421 qui
2533 4351 2723 4406 dicunt
2752 4350 3038 4406 materiam
3071 4365 3179 4404 non
3210 4366 3332 4412 ens,
3363 4361 3419 4406 et

1846 4446 2120 4519 quomodo
2164 4444 2574 4514 vocentipsam
2616 4458 2726 4496 non
2767 4458 2886 4506 ens,
2935 4449 2996 4495 ut
3039 4442 3202 4497 etiam
3247 4443 3418 4513 syllo-

1845 4541 2003 4612 gismi
2051 4539 2220 4593 divini
2261 4537 2504 4607 Dionysii
2560 4536 2952 4606 intelligantur.
2997 4531 3208 4588 Vocant
3255 4535 3421 4606 igitur

1846 4632 2128 4686 materiam
2169 4646 2277 4685 non
2321 4645 2419 4684 ens
2446 4629 2542 4682 tali
2583 4628 2667 4683 de.
2693 4642 2899 4683 causa:
2933 4627 3120 4682 dicunt
3150 4627 3316 4689 enim,
3368 4627 3420 4681 id

181 4708 408 4781 κόσμοις,
432 4715 496 4767 ἐκ
523 4714 621 4767 τοῦ
657 4715 872 4787 πρώτου
906 4716 999 4769 τοῦ
1035 4717 1138 4769 ὑπὸ
1163 4717 1224 4770 τὸ
1247 4717 1306 4770 ὃν
1327 4718 1477 4780 ὄντος
1507 4719 1738 4787 ἐγένετο.

1850 4739 1947 4779 ens
1980 4722 2127 4793 quod
2155 4732 2239 4778 est
2271 4724 2326 4777 in
2356 4720 2791 4791 intelligibilibus
2833 4718 3170 4774 ornamentis
3203 4733 3300 4772 seu
3358 4739 3422 4774 a-

191 4797 332 4856 'En:si.
370 4802 461 4859 οὖν
494 4809 700 4870 ἐκεῖνος
733 4808 874 4879 ὑπὲρ
903 4809 962 4860 τὸ
1011 4809 1070 4861 ὃν
1103 4810 1248 4870 ἐστι,
1291 4808 1352 4861 τὸ
1391 4809 1448 4875 ἐξ
1482 4809 1645 4862 αὐτοῦ
1683 4810 1738 4862 ὃν

1850 4814 2041 4880 ιιτίε,ιι
2089 4815 2267 4886 primo
2300 4823 2423 4869 exite
2470 4811 2617 4883 quod
2661 4827 2758 4867 ens
2800 4818 3042 4880 superat,
3094 4811 3416 4880 productum

180 4891 370 4968 ἐκλήθη
411 4899 597 4969 ἕτερον
641 4899 700 4951 ὃν
730 4899 825 4952 τοῦ
873 4901 1022 4964 ὄντος
1053 4901 1169 4954 καθ’
1206 4901 1496 4954 ὑπόϐασιν·
1529 4902 1590 4955 τὸ
1635 4902 1746 4974 γὰρ

179 4982 249 5045 δν,
272 4987 299 5038 ὃ
326 4988 563 5058 λέγουσι,
585 4990 684 5061 τὴν
709 4991 819 5044 τῶν
847 4991 1049 5062 νοητῶν
1078 4991 1208 5063 ὓλην
1229 4992 1572 5064 ὀνομάζουσι,
1601 4993 1744 5064 λόγῳ

181 5076 315 5148 μόνῳ
344 5080 644 5154 θεωρητὴν,
675 5082 742 5153 ἢν
776 5084 869 5136 καὶ
899 5084 1068 5153 αὐτὴν
1096 5080 1231 5147 εἶδος
1264 5085 1355 5137 καὶ
1386 5083 1530 5156 ζωήν
1559 5101 1742 5152 φασιν,

175 5165 326 5222 οἱονεὶ
358 5173 418 5225 τὸ
445 5173 804 5244 ὑποκείμενον
847 5177 965 5238 ταῖς
1005 5179 1221 5246 νοηταῖς
1259 5176 1489 5238 οὐσίαις·
1538 5175 1635 5247 τὴν
1684 5177 1740 5229 δὲ

173 5255 226 5308 ὲν
267 5265 380 5325 τοῖς
419 5266 694 5334 αἰσθητοῖς
751 5265 900 5336 ὓλην,
945 5266 1019 5330 ὼς
1070 5267 1223 5338 ἐνδεῆ
1275 5269 1487 5321 πάντων
1531 5267 1638 5321 τῶν
1684 5269 1741 5321 ὲν

171 5351 275 5412 τοῖς
321 5359 526 5426 νοητοῖς
546 5374 560 5390 ·
591 5356 714 5409 οῦτε
751 5357 860 5428 γὰρ
888 5354 1046 5422 εἶδος,
1078 5357 1200 5411 οὔτε
1233 5358 1343 5429 ζωὴ
1390 5360 1545 5430 αύτή.
1589 5359 1739 5428 Ἐγέ-

169 5453 282 5494 νετο
309 5445 370 5498 δὲ
399 5448 568 5520 αὕτη,
620 5448 695 5512 ὥς
733 5467 915 5518 φασιν,
949 5451 1054 5502 ὑπὸ
1101 5451 1192 5503 τοῦ
1238 5452 1415 5516 ὄντος,
1450 5451 1507 5504 ὃν
1535 5452 1741 5523 ἔφησαν

167 5534 414 5596 γενέσθαι
467 5542 576 5594 ἀπὸ
621 5541 714 5594 τοῦ
774 5540 989 5611 πρώτου
1059 5545 1152 5595 καὶ⁵
1217 5544 1542 5615 ὑπερόντος·
1599 5544 1740 5598 ὥστε

166 5617 350 5695 ἕτερον
383 5631 548 5704 αὐτὴν
573 5628 739 5687 οὖσαν
770 5632 862 5685 τοῦ
900 5633 1052 5698 ὄντος
1078 5635 1139 5687 ού
1180 5634 1425 5704 λέγουσιν
1461 5635 1628 5706 αὐτὴν
1660 5633 1737 5689 εἷ-

1840 4917 1951 4974 εει;
1994 4907 2251 4978 quoniam
2294 4907 2460 4976 igitur
2504 4906 2594 4959 ille
2637 4912 2722 4959 est
2766 4917 2932 4972 supra
2971 4917 3093 4965 ens,
3142 4899 3278 4954 illud
3319 4914 3420 4953 ens

1846 4999 1990 5070 quod
2021 5000 2226 5068 abipso
2255 4999 2518 5068 procedit,
2549 5007 2801 5052 vocatum
2843 4995 2944 5049 fuit
2987 4995 3263 5049 diversum
3293 5006 3417 5056 ens,

1849 5092 1918 5146 ab
1945 5100 2068 5146 ente
2099 5091 2150 5143 in
2182 5090 2465 5159 subjecto:
2499 5105 2600 5144 ens
2629 5088 2774 5142 enim
2807 5086 2953 5158 quod
2981 5085 3190 5148 dicunt,
3225 5082 3419 5136 intelli-

1845 5183 2089 5254 gibilium
2127 5181 2410 5237 materiam
2458 5181 2759 5251 appellant,
2803 5179 3016 5233 ratione
3060 5178 3174 5233 sola
3221 5173 3415 5228 visibi-

1851 5275 1986 5340 lem;
2035 5288 2198 5343 quam
2244 5273 2405 5328 etiam
2453 5271 2679 5326 formam
2722 5279 2775 5326 et
2806 5271 2970 5325 vitam
3009 5269 3218 5327 dicunt.
3249 5265 3416 5320 veluti

1847 5365 1993 5435 quod
2035 5363 2466 5439 intelligibilibus
2509 5362 2800 5432 subjicitur
2829 5361 3105 5420 essentiis,
3133 5355 3417 5411 materiam

1848 5471 1979 5512 vero
2005 5455 2350 5511 sensibilium
2383 5463 2443 5508 ut
2471 5445 2707 5524 indigam
2740 5450 2980 5506 omnium
3010 5463 3131 5517 qua:
3162 5447 3216 5500 in
3249 5446 3415 5500 intel-

1847 5547 2180 5618 ligibilibus;
2211 5561 2273 5601 ea
2325 5546 2469 5601 enim
2498 5559 2675 5614 neque
2717 5543 2888 5596 forma
2926 5554 3103 5607 neque
3150 5538 3258 5592 vita
3297 5545 3415 5592 εει.-

1837 5636 1960 5691 Ηιεε
2003 5645 2182 5691 autem
2224 5636 2488 5703 producta
2522 5635 2642 5697 fuit,
2670 5641 2728 5687 ut
2759 5632 2928 5692 aiunt,
2969 5629 3035 5682 ab
3063 5635 3207 5693 ente,
3253 5642 3418 5700 quem

1081 5769 1308 5826 VARle
1349 5770 1732 5827 LECTIONES
1768 5770 1856 5826 ET
1901 5769 2452 5826 CORRECTIONES.

240 5919 261 5951 '
294 5923 529 5992 ἀλόγοις.
632 5925 652 5956 ⁸
689 5925 956 5992 ἀγγέλων.

403 6019 675 6080 Parnm...
725 6021 771 6080 (ἶ
785 6038 840 6078 n.
894 6021 972 6077 ιν
986 6063 1000 6077 .

3023 6013 3095 6070 10
