  <div class='ocr_page' id='page_1' title='image "/cluster/home/n/w/nwhite01/storage/ocr_20150623/4/hvd.32044014713200/159.png"; bbox 0 0 3874 6548; ppageno 0'>
   <div class='ocr_carea' id='block_1_1' title="bbox 481 454 588 512">
    <p class='ocr_par' dir='ltr' id='par_1_1' title="bbox 481 454 588 512">
     <span class='ocr_line' id='line_1_1' title="bbox 481 454 588 512; baseline -0.009 0"><span class='ocrx_word' id='word_1_1' title='bbox 481 454 588 512; x_wconf 67' lang='lat'><strong>299</strong></span> 
     </span>
    </p>
   </div>
   <div class='ocr_carea' id='block_1_2' title="bbox 1322 433 3707 500">
    <p class='ocr_par' dir='ltr' id='par_1_2' title="bbox 1322 433 3707 500">
     <span class='ocr_line' id='line_1_2' title="bbox 1322 433 3707 500; baseline -0.005 1"><span class='ocrx_word' id='word_1_2' title='bbox 1322 443 1659 500; x_wconf 78' lang='lat' dir='ltr'><strong>APPENDIX</strong></span> <span class='ocrx_word' id='word_1_3' title='bbox 1697 443 1789 498; x_wconf 80' lang='lat' dir='ltr'><strong>AD</strong></span> <span class='ocrx_word' id='word_1_4' title='bbox 1816 440 2048 498; x_wconf 78' lang='lat' dir='ltr'><strong>OPERA</strong></span> <span class='ocrx_word' id='word_1_5' title='bbox 2093 439 2148 497; x_wconf 89' lang='lat' dir='ltr'><strong>S.</strong></span> <span class='ocrx_word' id='word_1_6' title='bbox 2183 436 2481 495; x_wconf 67' lang='lat' dir='ltr'><strong>NONVS&quot;</strong></span> <span class='ocrx_word' id='word_1_7' title='bbox 2522 433 3002 492; x_wconf 59' lang='lat' dir='ltr'><strong>AREOPAGITIE.</strong></span> <span class='ocrx_word' id='word_1_8' title='bbox 3624 437 3707 496; x_wconf 71' lang='lat' dir='ltr'><strong>5M</strong></span> 
     </span>
    </p>
   </div>
   <div class='ocr_carea' id='block_1_3' title="bbox 483 549 2056 648">
    <p class='ocr_par' dir='ltr' id='par_1_3' title="bbox 483 559 2056 648">
     <span class='ocr_line' id='line_1_3' title="bbox 483 559 2056 648; baseline -0.01 -20"><span class='ocrx_word' id='word_1_9' title='bbox 483 577 743 648; x_wconf 67' lang='lat' dir='ltr'><strong>dixerunt</strong></span> <span class='ocrx_word' id='word_1_10' title='bbox 788 586 816 624; x_wconf 91' lang='lat' dir='ltr'><strong>a</strong></span> <span class='ocrx_word' id='word_1_11' title='bbox 849 569 1020 640; x_wconf 88' lang='lat' dir='ltr'><strong>primo</strong></span> <span class='ocrx_word' id='word_1_12' title='bbox 1051 573 1104 620; x_wconf 84' lang='lat' dir='ltr'><strong>et</strong></span> <span class='ocrx_word' id='word_1_13' title='bbox 1136 579 1391 633; x_wconf 87' lang='lat' dir='ltr'><strong>supremo</strong></span> <span class='ocrx_word' id='word_1_14' title='bbox 1433 570 1559 618; x_wconf 90' lang='lat' dir='ltr'><strong>ente</strong></span> <span class='ocrx_word' id='word_1_15' title='bbox 1601 562 1840 632; x_wconf 81' lang='lat' dir='ltr'><strong>genitum</strong></span> <span class='ocrx_word' id='word_1_16' title='bbox 1865 559 1905 626; x_wconf 87' lang='grc'><strong>;’</strong></span> <span class='ocrx_word' id='word_1_17' title='bbox 1930 573 2056 629; x_wconf 58' lang='lat' dir='ltr'><strong>prec</strong></span> 
     </span>
    </p>
   </div>
   <div class='ocr_carea' id='block_1_4' title="bbox 2160 549 3708 648">
    <p class='ocr_par' dir='ltr' id='par_1_4' title="bbox 2160 549 3708 624">
     <span class='ocr_line' id='line_1_4' title="bbox 2160 549 3708 624; baseline -0.003 -14"><span class='ocrx_word' id='word_1_18' title='bbox 2160 575 2241 610; x_wconf 91' lang='grc' dir='ltr'>ναι</span> <span class='ocrx_word' id='word_1_19' title='bbox 2275 556 2354 616; x_wconf 80' lang='grc' dir='ltr'><strong>ὃν,</strong></span> <span class='ocrx_word' id='word_1_20' title='bbox 2388 553 2524 608; x_wconf 87' lang='grc' dir='ltr'>ἀλλὰ</span> <span class='ocrx_word' id='word_1_21' title='bbox 2559 553 2632 624; x_wconf 77' lang='grc' dir='ltr'><strong>μὴ</strong></span> <span class='ocrx_word' id='word_1_22' title='bbox 2665 552 2750 608; x_wconf 74' lang='grc' dir='ltr'>όνο</span> <span class='ocrx_word' id='word_1_23' title='bbox 2789 558 2919 623; x_wconf 78' lang='grc' dir='ltr'>φασὶ</span> <span class='ocrx_word' id='word_1_24' title='bbox 2957 552 3062 623; x_wconf 77' lang='grc' dir='ltr'><strong>γὰρ</strong></span> <span class='ocrx_word' id='word_1_25' title='bbox 3093 551 3289 624; x_wconf 83' lang='grc' dir='ltr'>χρῆναι</span> <span class='ocrx_word' id='word_1_26' title='bbox 3341 550 3438 624; x_wconf 69' lang='grc' dir='ltr'><strong>τὴν</strong></span> <span class='ocrx_word' id='word_1_27' title='bbox 3477 549 3708 606; x_wconf 75' lang='grc' dir='ltr'><strong>ὑπόϐασιν</strong></span> 
     </span>
    </p>
   </div>
   <div class='ocr_carea' id='block_1_5' title="bbox 482 649 2055 735">
    <p class='ocr_par' dir='ltr' id='par_1_5' title="bbox 482 649 2055 735">
     <span class='ocr_line' id='line_1_5' title="bbox 482 649 2055 735; baseline -0.011 -14"><span class='ocrx_word' id='word_1_28' title='bbox 482 674 667 735; x_wconf 89' lang='lat' dir='ltr'><strong>pterea</strong></span> <span class='ocrx_word' id='word_1_29' title='bbox 711 678 858 723; x_wconf 88' lang='lat' dir='ltr'><strong>eam,</strong></span> <span class='ocrx_word' id='word_1_30' title='bbox 904 659 1113 716; x_wconf 81' lang='lat' dir='ltr'><strong>scilicet</strong></span> <span class='ocrx_word' id='word_1_31' title='bbox 1154 656 1467 719; x_wconf 89' lang='lat' dir='ltr'><strong>materiam,</strong></span> <span class='ocrx_word' id='word_1_32' title='bbox 1511 668 1636 709; x_wconf 92' lang='lat' dir='ltr'><strong>cum</strong></span> <span class='ocrx_word' id='word_1_33' title='bbox 1685 653 1757 708; x_wconf 91' lang='lat' dir='ltr'><strong>sit</strong></span> <span class='ocrx_word' id='word_1_34' title='bbox 1805 651 1948 706; x_wconf 88' lang='lat' dir='ltr'><strong>aliud</strong></span> <span class='ocrx_word' id='word_1_35' title='bbox 1985 649 2055 704; x_wconf 87' lang='lat' dir='ltr'><strong>ab</strong></span> 
     </span>
    </p>
   </div>
   <div class='ocr_carea' id='block_1_6' title="bbox 481 743 2058 822">
    <p class='ocr_par' dir='ltr' id='par_1_6' title="bbox 481 743 2058 822">
     <span class='ocr_line' id='line_1_6' title="bbox 481 743 2058 822; baseline -0.01 -11"><span class='ocrx_word' id='word_1_36' title='bbox 481 765 626 822; x_wconf 87' lang='lat' dir='ltr'><strong>ente,</strong></span> <span class='ocrx_word' id='word_1_37' title='bbox 666 769 774 809; x_wconf 92' lang='lat' dir='ltr'><strong>non</strong></span> <span class='ocrx_word' id='word_1_38' title='bbox 804 751 991 806; x_wconf 90' lang='lat' dir='ltr'><strong>dicunt</strong></span> <span class='ocrx_word' id='word_1_39' title='bbox 1032 750 1206 820; x_wconf 83' lang='lat' dir='ltr'><strong>ipsam</strong></span> <span class='ocrx_word' id='word_1_40' title='bbox 1248 763 1371 803; x_wconf 88' lang='lat' dir='ltr'><strong>esse</strong></span> <span class='ocrx_word' id='word_1_41' title='bbox 1401 762 1500 802; x_wconf 88' lang='lat' dir='ltr'><strong>ens</strong></span> <span class='ocrx_word' id='word_1_42' title='bbox 1538 746 1632 800; x_wconf 90' lang='lat' dir='ltr'><strong>sed</strong></span> <span class='ocrx_word' id='word_1_43' title='bbox 1663 759 1773 799; x_wconf 93' lang='lat' dir='ltr'><strong>non</strong></span> <span class='ocrx_word' id='word_1_44' title='bbox 1813 759 1942 811; x_wconf 89' lang='lat' dir='ltr'><strong>ens;</strong></span> <span class='ocrx_word' id='word_1_45' title='bbox 1972 743 2058 796; x_wconf 81' lang='lat' dir='ltr'><strong>di-</strong></span> 
     </span>
    </p>
   </div>
   <div class='ocr_carea' id='block_1_7' title="bbox 482 835 2055 912">
    <p class='ocr_par' dir='ltr' id='par_1_7' title="bbox 482 835 2055 912">
     <span class='ocr_line' id='line_1_7' title="bbox 482 835 2055 912; baseline -0.01 -10"><span class='ocrx_word' id='word_1_46' title='bbox 482 856 616 902; x_wconf 86' lang='lat' dir='ltr'><strong>cunt</strong></span> <span class='ocrx_word' id='word_1_47' title='bbox 657 845 801 900; x_wconf 89' lang='lat' dir='ltr'><strong>enim</strong></span> <span class='ocrx_word' id='word_1_48' title='bbox 835 849 1090 912; x_wconf 78' lang='lat' dir='ltr'><strong>oportere</strong></span> <span class='ocrx_word' id='word_1_49' title='bbox 1140 838 1447 908; x_wconf 74' lang='lat' dir='ltr'><strong>subjectum</strong></span> <span class='ocrx_word' id='word_1_50' title='bbox 1492 837 1654 892; x_wconf 90' lang='lat' dir='ltr'><strong>etiam</strong></span> <span class='ocrx_word' id='word_1_51' title='bbox 1697 835 1764 889; x_wconf 91' lang='lat' dir='ltr'><strong>ad</strong></span> <span class='ocrx_word' id='word_1_52' title='bbox 1817 844 2055 888; x_wconf 79' lang='lat' dir='ltr'><strong>extrema</strong></span> 
     </span>
    </p>
   </div>
   <div class='ocr_carea' id='block_1_8' title="bbox 483 927 2058 1010">
    <p class='ocr_par' dir='ltr' id='par_1_8' title="bbox 483 927 2058 1010">
     <span class='ocr_line' id='line_1_8' title="bbox 483 927 2058 1010; baseline -0.008 -16"><span class='ocrx_word' id='word_1_53' title='bbox 483 940 811 1010; x_wconf 75' lang='lat' dir='ltr'><strong>pertingere,</strong></span> <span class='ocrx_word' id='word_1_54' title='bbox 857 934 1089 1003; x_wconf 88' lang='lat' dir='ltr'><strong>ideoque</strong></span> <span class='ocrx_word' id='word_1_55' title='bbox 1119 931 1310 986; x_wconf 86' lang='lat' dir='ltr'><strong>dicunt</strong></span> <span class='ocrx_word' id='word_1_56' title='bbox 1342 930 1626 984; x_wconf 88' lang='lat' dir='ltr'><strong>materiam</strong></span> <span class='ocrx_word' id='word_1_57' title='bbox 1656 927 1788 998; x_wconf 90' lang='lat' dir='ltr'><strong>quid</strong></span> <span class='ocrx_word' id='word_1_58' title='bbox 1825 928 1893 980; x_wconf 92' lang='lat' dir='ltr'><strong>ab</strong></span> <span class='ocrx_word' id='word_1_59' title='bbox 1933 933 2058 981; x_wconf 87' lang='lat' dir='ltr'><strong>ente</strong></span> 
     </span>
    </p>
   </div>
   <div class='ocr_carea' id='block_1_9' title="bbox 481 1018 2054 1098">
    <p class='ocr_par' dir='ltr' id='par_1_9' title="bbox 481 1018 2054 1098">
     <span class='ocr_line' id='line_1_9' title="bbox 481 1018 2054 1098; baseline -0.008 -15"><span class='ocrx_word' id='word_1_60' title='bbox 481 1037 534 1083; x_wconf 87' lang='lat' dir='ltr'><strong>et</strong></span> <span class='ocrx_word' id='word_1_61' title='bbox 584 1027 816 1098; x_wconf 81' lang='lat' dir='ltr'><strong>pulchro</strong></span> <span class='ocrx_word' id='word_1_62' title='bbox 863 1025 1162 1085; x_wconf 83' lang='lat' dir='ltr'><strong>diversum,</strong></span> <span class='ocrx_word' id='word_1_63' title='bbox 1212 1037 1337 1076; x_wconf 89' lang='lat' dir='ltr'><strong>cum</strong></span> <span class='ocrx_word' id='word_1_64' title='bbox 1396 1035 1572 1089; x_wconf 91' lang='lat' dir='ltr'><strong>neque</strong></span> <span class='ocrx_word' id='word_1_65' title='bbox 1614 1019 1900 1089; x_wconf 83' lang='lat' dir='ltr'><strong>pulchrum</strong></span> <span class='ocrx_word' id='word_1_66' title='bbox 1949 1018 2054 1083; x_wconf 89' lang='lat' dir='ltr'><strong>sit;</strong></span> 
     </span>
    </p>
   </div>
   <div class='ocr_carea' id='block_1_10' title="bbox 482 1107 2058 1187">
    <p class='ocr_par' dir='ltr' id='par_1_10' title="bbox 482 1107 2058 1187">
     <span class='ocr_line' id='line_1_10' title="bbox 482 1107 2058 1187; baseline -0.005 -17"><span class='ocrx_word' id='word_1_67' title='bbox 482 1119 635 1171; x_wconf 92' lang='lat' dir='ltr'><strong>aiunt</strong></span> <span class='ocrx_word' id='word_1_68' title='bbox 662 1118 828 1187; x_wconf 86' lang='lat' dir='ltr'><strong>igitur</strong></span> <span class='ocrx_word' id='word_1_69' title='bbox 856 1116 995 1170; x_wconf 82' lang='lat' dir='ltr'><strong>nihil</strong></span> <span class='ocrx_word' id='word_1_70' title='bbox 1033 1113 1271 1170; x_wconf 83' lang='lat' dir='ltr'><strong>ellicacia</strong></span> <span class='ocrx_word' id='word_1_71' title='bbox 1307 1128 1402 1167; x_wconf 91' lang='lat' dir='ltr'><strong>seu</strong></span> <span class='ocrx_word' id='word_1_72' title='bbox 1435 1111 1749 1182; x_wconf 87' lang='lat' dir='ltr'><strong>operatione</strong></span> <span class='ocrx_word' id='word_1_73' title='bbox 1775 1123 1929 1175; x_wconf 89' lang='lat' dir='ltr'><strong>esse;</strong></span> <span class='ocrx_word' id='word_1_74' title='bbox 1962 1107 2058 1162; x_wconf 87' lang='lat' dir='ltr'><strong>sed</strong></span> 
     </span>
    </p>
   </div>
   <div class='ocr_carea' id='block_1_11' title="bbox 481 1198 2060 1276">
    <p class='ocr_par' dir='ltr' id='par_1_11' title="bbox 481 1198 2060 1276">
     <span class='ocr_line' id='line_1_11' title="bbox 481 1198 2060 1276; baseline -0.006 -14"><span class='ocrx_word' id='word_1_75' title='bbox 481 1209 737 1262; x_wconf 90' lang='lat' dir='ltr'><strong>omnibus</strong></span> <span class='ocrx_word' id='word_1_76' title='bbox 765 1222 888 1276; x_wconf 65' lang='lat' dir='ltr'><strong>quae</strong></span> <span class='ocrx_word' id='word_1_77' title='bbox 913 1206 968 1260; x_wconf 90' lang='lat' dir='ltr'><strong>in</strong></span> <span class='ocrx_word' id='word_1_78' title='bbox 998 1206 1114 1275; x_wconf 89' lang='lat' dir='ltr'><strong>ipsa</strong></span> <span class='ocrx_word' id='word_1_79' title='bbox 1143 1204 1494 1266; x_wconf 79' lang='lat' dir='ltr'><strong>conveniunt,</strong></span> <span class='ocrx_word' id='word_1_80' title='bbox 1531 1202 1688 1272; x_wconf 69' lang='lat'><strong>160</strong></span> <span class='ocrx_word' id='word_1_81' title='bbox 1719 1208 1778 1255; x_wconf 93' lang='lat' dir='ltr'><strong>ut</strong></span> <span class='ocrx_word' id='word_1_82' title='bbox 1809 1198 1982 1254; x_wconf 77' lang='lat' dir='ltr'><strong>forma</strong></span> <span class='ocrx_word' id='word_1_83' title='bbox 2005 1203 2060 1252; x_wconf 90' lang='lat' dir='ltr'><strong>et</strong></span> 
     </span>
    </p>
   </div>
   <div class='ocr_carea' id='block_1_12' title="bbox 482 1292 2056 1370">
    <p class='ocr_par' dir='ltr' id='par_1_12' title="bbox 482 1292 2056 1370">
     <span class='ocr_line' id='line_1_12' title="bbox 482 1292 2056 1370; baseline -0.006 -17"><span class='ocrx_word' id='word_1_84' title='bbox 482 1301 744 1370; x_wconf 88' lang='lat' dir='ltr'><strong>qualitate</strong></span> <span class='ocrx_word' id='word_1_85' title='bbox 775 1297 1011 1368; x_wconf 83' lang='lat' dir='ltr'><strong>privari;</strong></span> <span class='ocrx_word' id='word_1_86' title='bbox 1044 1311 1222 1365; x_wconf 89' lang='lat' dir='ltr'><strong>neque</strong></span> <span class='ocrx_word' id='word_1_87' title='bbox 1251 1295 1395 1350; x_wconf 85' lang='lat' dir='ltr'><strong>enim</strong></span> <span class='ocrx_word' id='word_1_88' title='bbox 1434 1294 1670 1362; x_wconf 83' lang='lat' dir='ltr'><strong>seipsam</strong></span> <span class='ocrx_word' id='word_1_89' title='bbox 1713 1294 1769 1346; x_wconf 93' lang='lat' dir='ltr'><strong>in</strong></span> <span class='ocrx_word' id='word_1_90' title='bbox 1818 1292 2056 1361; x_wconf 92' lang='lat' dir='ltr'><strong>aliquam</strong></span> 
     </span>
    </p>
   </div>
   <div class='ocr_carea' id='block_1_13' title="bbox 483 1383 2058 1462">
    <p class='ocr_par' dir='ltr' id='par_1_13' title="bbox 483 1383 2058 1462">
     <span class='ocr_line' id='line_1_13' title="bbox 483 1383 2058 1462; baseline -0.008 -15"><span class='ocrx_word' id='word_1_91' title='bbox 483 1393 724 1462; x_wconf 85' lang='lat' dir='ltr'><strong>speciem</strong></span> <span class='ocrx_word' id='word_1_92' title='bbox 771 1387 1049 1455; x_wconf 84' lang='lat' dir='ltr'><strong>ell‘ormat,</strong></span> <span class='ocrx_word' id='word_1_93' title='bbox 1094 1387 1240 1441; x_wconf 80' lang='lat' dir='ltr'><strong>velut</strong></span> <span class='ocrx_word' id='word_1_94' title='bbox 1283 1385 1440 1448; x_wconf 71' lang='lat' dir='ltr'><strong>cmli,</strong></span> <span class='ocrx_word' id='word_1_95' title='bbox 1472 1393 1648 1448; x_wconf 65' lang='lat' dir='ltr'><strong>terrae,</strong></span> <span class='ocrx_word' id='word_1_96' title='bbox 1681 1383 1848 1445; x_wconf 80' lang='lat' dir='ltr'><strong>aeris,</strong></span> <span class='ocrx_word' id='word_1_97' title='bbox 1881 1395 2058 1452; x_wconf 69' lang='lat' dir='ltr'><strong>aqum,</strong></span> 
     </span>
    </p>
   </div>
   <div class='ocr_carea' id='block_1_14' title="bbox 483 1473 2061 1548">
    <p class='ocr_par' dir='ltr' id='par_1_14' title="bbox 483 1473 2061 1548">
     <span class='ocr_line' id='line_1_14' title="bbox 483 1473 2061 1548; baseline -0.006 -11"><span class='ocrx_word' id='word_1_98' title='bbox 483 1483 826 1544; x_wconf 86' lang='lat' dir='ltr'><strong>animalium,</strong></span> <span class='ocrx_word' id='word_1_99' title='bbox 860 1488 1153 1541; x_wconf 88' lang='lat' dir='ltr'><strong>astrorum,</strong></span> <span class='ocrx_word' id='word_1_100' title='bbox 1201 1492 1376 1548; x_wconf 90' lang='lat' dir='ltr'><strong>neque</strong></span> <span class='ocrx_word' id='word_1_101' title='bbox 1421 1478 1686 1547; x_wconf 87' lang='lat' dir='ltr'><strong>qualitate</strong></span> <span class='ocrx_word' id='word_1_102' title='bbox 1731 1475 1916 1538; x_wconf 76' lang='lat' dir='ltr'><strong>afﬁcit,</strong></span> <span class='ocrx_word' id='word_1_103' title='bbox 1963 1473 2061 1529; x_wconf 87' lang='lat' dir='ltr'><strong>sed</strong></span> 
     </span>
    </p>
   </div>
   <div class='ocr_carea' id='block_1_15' title="bbox 483 1569 2061 1640">
    <p class='ocr_par' dir='ltr' id='par_1_15' title="bbox 483 1569 2061 1640">
     <span class='ocr_line' id='line_1_15' title="bbox 483 1569 2061 1640; baseline -0.006 -12"><span class='ocrx_word' id='word_1_104' title='bbox 483 1577 554 1630; x_wconf 92' lang='lat' dir='ltr'><strong>ab</strong></span> <span class='ocrx_word' id='word_1_105' title='bbox 583 1575 691 1628; x_wconf 90' lang='lat' dir='ltr'><strong>alio</strong></span> <span class='ocrx_word' id='word_1_106' title='bbox 730 1573 797 1626; x_wconf 85' lang='lat' dir='ltr'><strong>ad</strong></span> <span class='ocrx_word' id='word_1_107' title='bbox 829 1573 946 1626; x_wconf 68' lang='lat' dir='ltr'><strong>haec</strong></span> <span class='ocrx_word' id='word_1_108' title='bbox 990 1570 1326 1640; x_wconf 85' lang='lat' dir='ltr'><strong>disponitur;</strong></span> <span class='ocrx_word' id='word_1_109' title='bbox 1378 1577 1437 1622; x_wconf 92' lang='lat' dir='ltr'><strong>ut</strong></span> <span class='ocrx_word' id='word_1_110' title='bbox 1473 1570 1641 1640; x_wconf 81' lang='lat' dir='ltr'><strong>igitur</strong></span> <span class='ocrx_word' id='word_1_111' title='bbox 1699 1569 1833 1622; x_wconf 89' lang='lat' dir='ltr'><strong>nihil</strong></span> <span class='ocrx_word' id='word_1_112' title='bbox 1876 1581 2061 1622; x_wconf 89' lang='lat' dir='ltr'><strong>rerum</strong></span> 
     </span>
    </p>
   </div>
   <div class='ocr_carea' id='block_1_16' title="bbox 483 1658 2061 1731">
    <p class='ocr_par' dir='ltr' id='par_1_16' title="bbox 483 1658 2061 1731">
     <span class='ocr_line' id='line_1_16' title="bbox 483 1658 2061 1731; baseline -0.006 -12"><span class='ocrx_word' id='word_1_113' title='bbox 483 1665 754 1719; x_wconf 80' lang='lat' dir='ltr'><strong>exsistens</strong></span> <span class='ocrx_word' id='word_1_114' title='bbox 783 1662 838 1716; x_wconf 92' lang='lat' dir='ltr'><strong>in</strong></span> <span class='ocrx_word' id='word_1_115' title='bbox 868 1660 1282 1731; x_wconf 85' lang='lat' dir='ltr'><strong>seipsa.scilicet</strong></span> <span class='ocrx_word' id='word_1_116' title='bbox 1307 1659 1498 1714; x_wconf 62' lang='lat' dir='ltr'><strong>forma:</strong></span> <span class='ocrx_word' id='word_1_117' title='bbox 1519 1666 1573 1713; x_wconf 88' lang='lat' dir='ltr'><strong>et.</strong></span> <span class='ocrx_word' id='word_1_118' title='bbox 1610 1658 1910 1727; x_wconf 82' lang='lat' dir='ltr'><strong>qualitatis,</strong></span> <span class='ocrx_word' id='word_1_119' title='bbox 1936 1671 2061 1710; x_wconf 92' lang='lat' dir='ltr'><strong>cum</strong></span> 
     </span>
    </p>
   </div>
   <div class='ocr_carea' id='block_1_17' title="bbox 484 1749 2063 1819">
    <p class='ocr_par' dir='ltr' id='par_1_17' title="bbox 484 1749 2063 1819">
     <span class='ocr_line' id='line_1_17' title="bbox 484 1749 2063 1819; baseline -0.006 -9"><span class='ocrx_word' id='word_1_120' title='bbox 484 1765 696 1810; x_wconf 87' lang='lat' dir='ltr'><strong>tantum</strong></span> <span class='ocrx_word' id='word_1_121' title='bbox 735 1756 935 1809; x_wconf 78' lang='lat' dir='ltr'><strong>virtute</strong></span> <span class='ocrx_word' id='word_1_122' title='bbox 985 1753 1098 1806; x_wconf 56' lang='lat' dir='ltr'><strong>hac</strong></span> <span class='ocrx_word' id='word_1_123' title='bbox 1137 1753 1365 1819; x_wconf 88' lang='lat' dir='ltr'><strong>habeat,</strong></span> <span class='ocrx_word' id='word_1_124' title='bbox 1405 1751 1455 1806; x_wconf 90' lang='lat' dir='ltr'><strong>id</strong></span> <span class='ocrx_word' id='word_1_125' title='bbox 1505 1759 1591 1806; x_wconf 91' lang='lat' dir='ltr'><strong>est</strong></span> <span class='ocrx_word' id='word_1_126' title='bbox 1623 1749 1691 1804; x_wconf 83' lang='lat' dir='ltr'><strong>ad</strong></span> <span class='ocrx_word' id='word_1_127' title='bbox 1735 1749 1966 1804; x_wconf 78' lang='lat' dir='ltr'><strong>formam</strong></span> <span class='ocrx_word' id='word_1_128' title='bbox 2009 1755 2063 1802; x_wconf 88' lang='lat' dir='ltr'><strong>et</strong></span> 
     </span>
    </p>
   </div>
   <div class='ocr_carea' id='block_1_18' title="bbox 486 1839 2063 1918">
    <p class='ocr_par' dir='ltr' id='par_1_18' title="bbox 486 1839 2063 1918">
     <span class='ocr_line' id='line_1_18' title="bbox 486 1839 2063 1918; baseline -0.006 -17"><span class='ocrx_word' id='word_1_129' title='bbox 486 1849 806 1918; x_wconf 83' lang='lat' dir='ltr'><strong>qualitatem</strong></span> <span class='ocrx_word' id='word_1_130' title='bbox 848 1845 1048 1902; x_wconf 87' lang='lat' dir='ltr'><strong>elevari</strong></span> <span class='ocrx_word' id='word_1_131' title='bbox 1079 1845 1280 1915; x_wconf 82' lang='lat' dir='ltr'><strong>possit;</strong></span> <span class='ocrx_word' id='word_1_132' title='bbox 1318 1858 1426 1898; x_wconf 89' lang='lat' dir='ltr'><strong>non</strong></span> <span class='ocrx_word' id='word_1_133' title='bbox 1453 1858 1588 1898; x_wconf 78' lang='lat' dir='ltr'><strong>vero</strong></span> <span class='ocrx_word' id='word_1_134' title='bbox 1612 1841 1926 1912; x_wconf 85' lang='lat' dir='ltr'><strong>operatione</strong></span> <span class='ocrx_word' id='word_1_135' title='bbox 1963 1839 2063 1892; x_wconf 87' lang='lat' dir='ltr'><strong>ali-</strong></span> 
     </span>
    </p>
   </div>
   <div class='ocr_carea' id='block_1_19' title="bbox 2159 641 3708 718">
    <p class='ocr_par' dir='ltr' id='par_1_19' title="bbox 2159 641 3708 718">
     <span class='ocr_line' id='line_1_19' title="bbox 2159 641 3708 718; baseline -0.003 -17"><span class='ocrx_word' id='word_1_136' title='bbox 2159 649 2253 701; x_wconf 78' lang='grc' dir='ltr'>καὶ</span> <span class='ocrx_word' id='word_1_137' title='bbox 2291 648 2450 718; x_wconf 80' lang='grc' dir='ltr'>μέχρι</span> <span class='ocrx_word' id='word_1_138' title='bbox 2481 645 2589 699; x_wconf 88' lang='grc' dir='ltr'>τῶν</span> <span class='ocrx_word' id='word_1_139' title='bbox 2629 645 2870 714; x_wconf 75' lang='grc' dir='ltr'><strong>ἐσχάτων</strong></span> <span class='ocrx_word' id='word_1_140' title='bbox 2907 645 3063 707; x_wconf 83' lang='grc' dir='ltr'>ἰέναι,</span> <span class='ocrx_word' id='word_1_141' title='bbox 3101 645 3196 696; x_wconf 65' lang='grc' dir='ltr'>καὶ</span> <span class='ocrx_word' id='word_1_142' title='bbox 3240 641 3328 696; x_wconf 78' lang='grc' dir='ltr'><strong>διὰ</strong></span> <span class='ocrx_word' id='word_1_143' title='bbox 3365 643 3524 697; x_wconf 81' lang='grc' dir='ltr'>τοῦτο</span> <span class='ocrx_word' id='word_1_144' title='bbox 3554 643 3708 712; x_wconf 74' lang='grc' dir='ltr'>ἕτερόν</span> 
     </span>
    </p>
   </div>
   <div class='ocr_carea' id='block_1_20' title="bbox 2160 733 3710 809">
    <p class='ocr_par' dir='ltr' id='par_1_20' title="bbox 2160 733 3710 809">
     <span class='ocr_line' id='line_1_20' title="bbox 2160 733 3710 809; baseline -0.003 -16"><span class='ocrx_word' id='word_1_145' title='bbox 2160 756 2292 808; x_wconf 86' lang='grc' dir='ltr'>φασι</span> <span class='ocrx_word' id='word_1_146' title='bbox 2333 737 2431 809; x_wconf 81' lang='grc' dir='ltr'><strong>τὴν</strong></span> <span class='ocrx_word' id='word_1_147' title='bbox 2464 736 2594 808; x_wconf 77' lang='grc' dir='ltr'>ὓλην</span> <span class='ocrx_word' id='word_1_148' title='bbox 2638 736 2732 790; x_wconf 78' lang='grc' dir='ltr'>τοῦ</span> <span class='ocrx_word' id='word_1_149' title='bbox 2777 736 2960 799; x_wconf 74' lang='grc' dir='ltr'>ὄντος,</span> <span class='ocrx_word' id='word_1_150' title='bbox 2996 736 3089 789; x_wconf 75' lang='grc' dir='ltr'>καὶ</span> <span class='ocrx_word' id='word_1_151' title='bbox 3119 735 3212 788; x_wconf 80' lang='grc' dir='ltr'><strong>τοῦ</strong></span> <span class='ocrx_word' id='word_1_152' title='bbox 3257 733 3447 798; x_wconf 89' lang='grc' dir='ltr'>καλοῦ,</span> <span class='ocrx_word' id='word_1_153' title='bbox 3486 733 3563 798; x_wconf 85' lang='grc' dir='ltr'>ὡς</span> <span class='ocrx_word' id='word_1_154' title='bbox 3601 735 3710 807; x_wconf 82' lang='grc' dir='ltr'>μηδὲ</span> 
     </span>
    </p>
   </div>
   <div class='ocr_carea' id='block_1_21' title="bbox 2161 822 3710 898">
    <p class='ocr_par' dir='ltr' id='par_1_21' title="bbox 2161 822 3710 898">
     <span class='ocr_line' id='line_1_21' title="bbox 2161 822 3710 898; baseline -0.003 -14"><span class='ocrx_word' id='word_1_155' title='bbox 2161 831 2322 884; x_wconf 83' lang='grc' dir='ltr'>καλὸν</span> <span class='ocrx_word' id='word_1_156' title='bbox 2361 826 2517 884; x_wconf 76' lang='grc' dir='ltr'><strong>εἶναι.</strong></span> <span class='ocrx_word' id='word_1_157' title='bbox 2551 829 2718 883; x_wconf 71' lang='grc' dir='ltr'>Οὐδὲν</span> <span class='ocrx_word' id='word_1_158' title='bbox 2749 824 2842 882; x_wconf 77' lang='grc' dir='ltr'><strong>οὖν</strong></span> <span class='ocrx_word' id='word_1_159' title='bbox 2888 844 3053 896; x_wconf 84' lang='grc' dir='ltr'>φασιν</span> <span class='ocrx_word' id='word_1_160' title='bbox 3101 827 3267 898; x_wconf 79' lang='grc' dir='ltr'>αὐτὴν</span> <span class='ocrx_word' id='word_1_161' title='bbox 3301 827 3550 898; x_wconf 77' lang='grc' dir='ltr'>ὲνεργεία</span> <span class='ocrx_word' id='word_1_162' title='bbox 3578 822 3710 888; x_wconf 76' lang='grc' dir='ltr'>εἶναι,</span> 
     </span>
    </p>
   </div>
   <div class='ocr_carea' id='block_1_22' title="bbox 2161 919 3714 991">
    <p class='ocr_par' dir='ltr' id='par_1_22' title="bbox 2161 919 3714 991">
     <span class='ocr_line' id='line_1_22' title="bbox 2161 919 3714 991; baseline -0.004 -14"><span class='ocrx_word' id='word_1_163' title='bbox 2161 922 2298 976; x_wconf 79' lang='grc' dir='ltr'>ἀλλὰ</span> <span class='ocrx_word' id='word_1_164' title='bbox 2342 923 2556 976; x_wconf 80' lang='grc' dir='ltr'>πάντων</span> <span class='ocrx_word' id='word_1_165' title='bbox 2605 921 2928 991; x_wconf 74' lang='grc' dir='ltr'>ἐστερῆσθαι</span> <span class='ocrx_word' id='word_1_166' title='bbox 2956 920 3063 973; x_wconf 91' lang='grc' dir='ltr'>τῶν</span> <span class='ocrx_word' id='word_1_167' title='bbox 3094 920 3179 973; x_wconf 81' lang='grc' dir='ltr'><strong>ἐπ’</strong></span> <span class='ocrx_word' id='word_1_168' title='bbox 3208 919 3376 990; x_wconf 74' lang='grc' dir='ltr'>αὐτῆς</span> <span class='ocrx_word' id='word_1_169' title='bbox 3422 919 3714 990; x_wconf 81' lang='grc' dir='ltr'>συμϐαινόν-</span> 
     </span>
    </p>
   </div>
   <div class='ocr_carea' id='block_1_23' title="bbox 2160 1010 3715 1085">
    <p class='ocr_par' dir='ltr' id='par_1_23' title="bbox 2160 1010 3715 1085">
     <span class='ocr_line' id='line_1_23' title="bbox 2160 1010 3715 1085; baseline -0.003 -18"><span class='ocrx_word' id='word_1_170' title='bbox 2160 1032 2289 1079; x_wconf 85' lang='grc' dir='ltr'><strong>των,</strong></span> <span class='ocrx_word' id='word_1_171' title='bbox 2334 1010 2446 1068; x_wconf 76' lang='grc' dir='ltr'>οἷον</span> <span class='ocrx_word' id='word_1_172' title='bbox 2495 1013 2670 1076; x_wconf 78' lang='grc' dir='ltr'>εἴδους</span> <span class='ocrx_word' id='word_1_173' title='bbox 2715 1014 2810 1068; x_wconf 77' lang='grc' dir='ltr'>καὶ</span> <span class='ocrx_word' id='word_1_174' title='bbox 2859 1014 3169 1085; x_wconf 74' lang='grc' dir='ltr'>ποιότητοςο</span> <span class='ocrx_word' id='word_1_175' title='bbox 3220 1011 3346 1066; x_wconf 73' lang='grc' dir='ltr'>οὔτε</span> <span class='ocrx_word' id='word_1_176' title='bbox 3392 1011 3502 1084; x_wconf 78' lang='grc' dir='ltr'><strong>γὰρ</strong></span> <span class='ocrx_word' id='word_1_177' title='bbox 3546 1013 3715 1082; x_wconf 71' lang='grc' dir='ltr'>ἑαυτὴν</span> 
     </span>
    </p>
   </div>
   <div class='ocr_carea' id='block_1_24' title="bbox 2166 1097 3714 1176">
    <p class='ocr_par' dir='ltr' id='par_1_24' title="bbox 2166 1097 3714 1176">
     <span class='ocr_line' id='line_1_24' title="bbox 2166 1097 3714 1176; baseline 0.005 -18"><span class='ocrx_word' id='word_1_178' title='bbox 2166 1109 2364 1176; x_wconf 83' lang='grc' dir='ltr'>μορφοῖ</span> <span class='ocrx_word' id='word_1_179' title='bbox 2393 1107 2471 1169; x_wconf 85' lang='grc' dir='ltr'>είς</span> <span class='ocrx_word' id='word_1_180' title='bbox 2501 1101 2660 1168; x_wconf 76' lang='grc' dir='ltr'>εἶδος,</span> <span class='ocrx_word' id='word_1_181' title='bbox 2694 1097 2806 1158; x_wconf 73' lang='grc' dir='ltr'>οἷον</span> <span class='ocrx_word' id='word_1_182' title='bbox 2847 1105 3099 1176; x_wconf 80' lang='grc' dir='ltr'>οὐρανοῦ,</span> <span class='ocrx_word' id='word_1_183' title='bbox 3135 1105 3257 1176; x_wconf 83' lang='grc' dir='ltr'>γῆς,</span> <span class='ocrx_word' id='word_1_184' title='bbox 3293 1104 3483 1176; x_wconf 80' lang='grc' dir='ltr'>ἀέρος,</span> <span class='ocrx_word' id='word_1_185' title='bbox 3530 1102 3714 1165; x_wconf 68' lang='grc' dir='ltr'><strong>ὓδατος,</strong></span> 
     </span>
    </p>
   </div>
   <div class='ocr_carea' id='block_1_25' title="bbox 2163 1195 3717 1269">
    <p class='ocr_par' dir='ltr' id='par_1_25' title="bbox 2163 1195 3717 1269">
     <span class='ocr_line' id='line_1_25' title="bbox 2163 1195 3717 1269; baseline -0.001 -19"><span class='ocrx_word' id='word_1_186' title='bbox 2163 1198 2338 1263; x_wconf 79' lang='grc' dir='ltr'>ζώων,</span> <span class='ocrx_word' id='word_1_187' title='bbox 2368 1197 2641 1269; x_wconf 82' lang='grc' dir='ltr'><strong>ἀστέρων,</strong></span> <span class='ocrx_word' id='word_1_188' title='bbox 2687 1195 2810 1250; x_wconf 75' lang='grc' dir='ltr'>οὔτε</span> <span class='ocrx_word' id='word_1_189' title='bbox 2847 1198 3011 1260; x_wconf 81' lang='grc' dir='ltr'>ποιοῖ,</span> <span class='ocrx_word' id='word_1_190' title='bbox 3045 1196 3159 1250; x_wconf 84' lang='grc' dir='ltr'>ἀλλ’</span> <span class='ocrx_word' id='word_1_191' title='bbox 3189 1195 3248 1261; x_wconf 73' lang='grc' dir='ltr'><strong>ἐξ</strong></span> <span class='ocrx_word' id='word_1_192' title='bbox 3296 1195 3484 1267; x_wconf 80' lang='grc' dir='ltr'>ἐτέρου</span> <span class='ocrx_word' id='word_1_193' title='bbox 3524 1197 3717 1265; x_wconf 82' lang='grc' dir='ltr'>κοσμεί-</span> 
     </span>
    </p>
   </div>
   <div class='ocr_carea' id='block_1_26' title="bbox 2161 1285 3716 1356">
    <p class='ocr_par' dir='ltr' id='par_1_26' title="bbox 2161 1285 3716 1356">
     <span class='ocr_line' id='line_1_26' title="bbox 2161 1285 3716 1356; baseline -0.002 -11"><span class='ocrx_word' id='word_1_194' title='bbox 2161 1309 2250 1345; x_wconf 90' lang='grc' dir='ltr'><strong>ται</strong></span> <span class='ocrx_word' id='word_1_195' title='bbox 2281 1294 2362 1356; x_wconf 85' lang='grc' dir='ltr'>είς</span> <span class='ocrx_word' id='word_1_196' title='bbox 2402 1291 2592 1344; x_wconf 80' lang='grc' dir='ltr'>ταῦτα.</span> <span class='ocrx_word' id='word_1_197' title='bbox 2640 1290 2728 1353; x_wconf 82' lang='grc' dir='ltr'>Ὠς</span> <span class='ocrx_word' id='word_1_198' title='bbox 2769 1285 2862 1343; x_wconf 83' lang='grc' dir='ltr'>οὖν</span> <span class='ocrx_word' id='word_1_199' title='bbox 2908 1289 3062 1343; x_wconf 81' lang='grc' dir='ltr'>οὐδὲν</span> <span class='ocrx_word' id='word_1_200' title='bbox 3097 1285 3230 1344; x_wconf 77' lang='grc' dir='ltr'>οὖσα</span> <span class='ocrx_word' id='word_1_201' title='bbox 3272 1290 3383 1343; x_wconf 90' lang='grc' dir='ltr'>τῶν</span> <span class='ocrx_word' id='word_1_202' title='bbox 3421 1290 3588 1344; x_wconf 74' lang='grc' dir='ltr'>ὄντων</span> <span class='ocrx_word' id='word_1_203' title='bbox 3645 1292 3716 1343; x_wconf 79' lang='grc' dir='ltr'><strong>ἐπ’</strong></span> 
     </span>
    </p>
   </div>
   <div class='ocr_carea' id='block_1_27' title="bbox 2163 1381 3718 1456">
    <p class='ocr_par' dir='ltr' id='par_1_27' title="bbox 2163 1381 3718 1456">
     <span class='ocr_line' id='line_1_27' title="bbox 2163 1381 3718 1456; baseline 0 -19"><span class='ocrx_word' id='word_1_204' title='bbox 2163 1385 2324 1456; x_wconf 80' lang='grc' dir='ltr'>αὐτῇ,</span> <span class='ocrx_word' id='word_1_205' title='bbox 2346 1383 2519 1446; x_wconf 75' lang='grc' dir='ltr'>εἴδους</span> <span class='ocrx_word' id='word_1_206' title='bbox 2552 1381 2683 1451; x_wconf 73' lang='grc' dir='ltr'>φασὶ</span> <span class='ocrx_word' id='word_1_207' title='bbox 2737 1381 2830 1434; x_wconf 81' lang='grc' dir='ltr'><strong>καὶ</strong></span> <span class='ocrx_word' id='word_1_208' title='bbox 2882 1382 3184 1453; x_wconf 81' lang='grc' dir='ltr'><strong>ποιότητος,</strong></span> <span class='ocrx_word' id='word_1_209' title='bbox 3231 1382 3391 1453; x_wconf 86' lang='grc' dir='ltr'>μόνον</span> <span class='ocrx_word' id='word_1_210' title='bbox 3421 1383 3479 1436; x_wconf 84' lang='grc' dir='ltr'>δὲ</span> <span class='ocrx_word' id='word_1_211' title='bbox 3519 1383 3718 1454; x_wconf 82' lang='grc' dir='ltr'><strong>δυνάμει</strong></span> 
     </span>
    </p>
   </div>
   <div class='ocr_carea' id='block_1_28' title="bbox 2160 1469 3721 1546">
    <p class='ocr_par' dir='ltr' id='par_1_28' title="bbox 2160 1469 3721 1546">
     <span class='ocr_line' id='line_1_28' title="bbox 2160 1469 3721 1546; baseline 0 -18"><span class='ocrx_word' id='word_1_212' title='bbox 2160 1471 2296 1529; x_wconf 76' lang='grc' dir='ltr'>οὖσα</span> <span class='ocrx_word' id='word_1_213' title='bbox 2326 1473 2520 1536; x_wconf 81' lang='grc' dir='ltr'>ταῦτα,</span> <span class='ocrx_word' id='word_1_214' title='bbox 2564 1474 2839 1528; x_wconf 74' lang='grc' dir='ltr'>τουτέστιν</span> <span class='ocrx_word' id='word_1_215' title='bbox 2888 1473 2969 1537; x_wconf 85' lang='grc' dir='ltr'>είς</span> <span class='ocrx_word' id='word_1_216' title='bbox 3005 1469 3147 1537; x_wconf 78' lang='grc' dir='ltr'>εἶδος</span> <span class='ocrx_word' id='word_1_217' title='bbox 3173 1475 3268 1528; x_wconf 80' lang='grc' dir='ltr'>καὶ</span> <span class='ocrx_word' id='word_1_218' title='bbox 3315 1475 3573 1546; x_wconf 82' lang='grc' dir='ltr'>ποιότητα</span> <span class='ocrx_word' id='word_1_219' title='bbox 3619 1477 3721 1529; x_wconf 77' lang='grc' dir='ltr'>ἐνε-</span> 
     </span>
    </p>
   </div>
   <div class='ocr_carea' id='block_1_29' title="bbox 2163 1563 3716 1639">
    <p class='ocr_par' dir='ltr' id='par_1_29' title="bbox 2163 1563 3716 1639">
     <span class='ocr_line' id='line_1_29' title="bbox 2163 1563 3716 1639; baseline 0 -18"><span class='ocrx_word' id='word_1_220' title='bbox 2163 1568 2354 1639; x_wconf 83' lang='grc' dir='ltr'>χθῆναι</span> <span class='ocrx_word' id='word_1_221' title='bbox 2398 1566 2666 1638; x_wconf 76' lang='grc' dir='ltr'><strong>δυναμένη</strong></span> <span class='ocrx_word' id='word_1_222' title='bbox 2685 1606 2700 1630; x_wconf 91' lang='grc'><strong>,</strong></span> <span class='ocrx_word' id='word_1_223' title='bbox 2736 1566 2802 1619; x_wconf 75' lang='grc' dir='ltr'><strong>οὐ</strong></span> <span class='ocrx_word' id='word_1_224' title='bbox 2833 1565 2940 1636; x_wconf 81' lang='grc' dir='ltr'><strong>μὴν</strong></span> <span class='ocrx_word' id='word_1_225' title='bbox 2965 1566 3213 1638; x_wconf 74' lang='grc' dir='ltr'>ἐνεργείᾳ</span> <span class='ocrx_word' id='word_1_226' title='bbox 3242 1585 3295 1620; x_wconf 94' lang='grc' dir='ltr'>τι</span> <span class='ocrx_word' id='word_1_227' title='bbox 3343 1563 3482 1621; x_wconf 82' lang='grc' dir='ltr'>οὖσα</span> <span class='ocrx_word' id='word_1_228' title='bbox 3515 1567 3716 1627; x_wconf 84' lang='grc' dir='ltr'>τούτων.</span> 
     </span>
    </p>
   </div>
   <div class='ocr_carea' id='block_1_30' title="bbox 2165 1657 3718 1731">
    <p class='ocr_par' dir='ltr' id='par_1_30' title="bbox 2165 1657 3718 1731">
     <span class='ocr_line' id='line_1_30' title="bbox 2165 1657 3718 1731; baseline 0.001 -19"><span class='ocrx_word' id='word_1_229' title='bbox 2165 1659 2390 1722; x_wconf 81' lang='grc' dir='ltr'><strong>εἰκότως</strong></span> <span class='ocrx_word' id='word_1_230' title='bbox 2425 1657 2500 1729; x_wconf 77' lang='grc' dir='ltr'><strong>μὴ</strong></span> <span class='ocrx_word' id='word_1_231' title='bbox 2534 1658 2594 1712; x_wconf 69' lang='grc' dir='ltr'><strong>ἂν</strong></span> <span class='ocrx_word' id='word_1_232' title='bbox 2627 1659 2766 1721; x_wconf 78' lang='grc' dir='ltr'>ἐστι,</span> <span class='ocrx_word' id='word_1_233' title='bbox 2797 1657 2917 1711; x_wconf 83' lang='grc' dir='ltr'>καθ’</span> <span class='ocrx_word' id='word_1_234' title='bbox 2949 1657 3148 1729; x_wconf 73' lang='grc' dir='ltr'>ἑαυτὴν</span> <span class='ocrx_word' id='word_1_235' title='bbox 3178 1659 3429 1730; x_wconf 81' lang='grc' dir='ltr'>ὲνεργεία</span> <span class='ocrx_word' id='word_1_236' title='bbox 3466 1659 3541 1731; x_wconf 76' lang='grc' dir='ltr'><strong>μὴ</strong></span> <span class='ocrx_word' id='word_1_237' title='bbox 3567 1659 3718 1713; x_wconf 71' lang='grc' dir='ltr'>οὖσα-</span> 
     </span>
    </p>
   </div>
   <div class='ocr_carea' id='block_1_31' title="bbox 2162 1748 3721 1822">
    <p class='ocr_par' dir='ltr' id='par_1_31' title="bbox 2162 1748 3721 1822">
     <span class='ocr_line' id='line_1_31' title="bbox 2162 1748 3721 1822; baseline -0.001 -16"><span class='ocrx_word' id='word_1_238' title='bbox 2162 1752 2242 1806; x_wconf 86' lang='grc' dir='ltr'><strong>διὺ</strong></span> <span class='ocrx_word' id='word_1_239' title='bbox 2278 1753 2370 1806; x_wconf 77' lang='grc' dir='ltr'><strong>καὶ</strong></span> <span class='ocrx_word' id='word_1_240' title='bbox 2409 1750 2484 1814; x_wconf 64' lang='lat'><strong>(&#39;0;</strong></span> <span class='ocrx_word' id='word_1_241' title='bbox 2515 1748 2751 1812; x_wconf 83' lang='grc' dir='ltr'>ἀνείδεος</span> <span class='ocrx_word' id='word_1_242' title='bbox 2789 1750 2884 1802; x_wconf 78' lang='grc' dir='ltr'>καὶ</span> <span class='ocrx_word' id='word_1_243' title='bbox 2917 1749 2993 1812; x_wconf 86' lang='grc' dir='ltr'>ὼς</span> <span class='ocrx_word' id='word_1_244' title='bbox 3020 1750 3228 1814; x_wconf 75' lang='grc' dir='ltr'>ἄποιος,</span> <span class='ocrx_word' id='word_1_245' title='bbox 3259 1752 3352 1804; x_wconf 74' lang='grc' dir='ltr'>καὶ</span> <span class='ocrx_word' id='word_1_246' title='bbox 3397 1751 3472 1822; x_wconf 82' lang='grc' dir='ltr'>μὴ</span> <span class='ocrx_word' id='word_1_247' title='bbox 3518 1751 3611 1813; x_wconf 86' lang='grc' dir='ltr'>ὢν,</span> <span class='ocrx_word' id='word_1_248' title='bbox 3642 1753 3721 1806; x_wconf 76' lang='grc' dir='ltr'>καὶ</span> 
     </span>
    </p>
   </div>
   <div class='ocr_carea' id='block_1_32' title="bbox 2164 1841 3722 1915">
    <p class='ocr_par' dir='ltr' id='par_1_32' title="bbox 2164 1841 3722 1915">
     <span class='ocr_line' id='line_1_32' title="bbox 2164 1841 3722 1915; baseline -0.001 -17"><span class='ocrx_word' id='word_1_249' title='bbox 2164 1845 2240 1909; x_wconf 83' lang='grc' dir='ltr'>ὡς</span> <span class='ocrx_word' id='word_1_250' title='bbox 2273 1845 2496 1898; x_wconf 85' lang='grc' dir='ltr'>πάντων</span> <span class='ocrx_word' id='word_1_251' title='bbox 2517 1841 2723 1914; x_wconf 75' lang='grc' dir='ltr'>ἐνδεὴς,</span> <span class='ocrx_word' id='word_1_252' title='bbox 2752 1841 2954 1914; x_wconf 75' lang='grc' dir='ltr'>ἐκλήθη</span> <span class='ocrx_word' id='word_1_253' title='bbox 2984 1842 3152 1896; x_wconf 80' lang='grc' dir='ltr'>κακὸν</span> <span class='ocrx_word' id='word_1_254' title='bbox 3181 1843 3316 1915; x_wconf 86' lang='grc' dir='ltr'>παρ’-</span> <span class='ocrx_word' id='word_1_255' title='bbox 3335 1843 3536 1897; x_wconf 79' lang='grc' dir='ltr'>αὐτῶν.</span> <span class='ocrx_word' id='word_1_256' title='bbox 3561 1843 3722 1898; x_wconf 79' lang='grc' dir='ltr'>Ταῦτα</span> 
     </span>
    </p>
   </div>
   <div class='ocr_carea' id='block_1_33' title="bbox 487 1909 2056 2009">
    <p class='ocr_par' dir='ltr' id='par_1_33' title="bbox 487 1927 2056 2009">
     <span class='ocr_line' id='line_1_33' title="bbox 487 1927 2056 2009; baseline -0.006 -17"><span class='ocrx_word' id='word_1_257' title='bbox 487 1939 618 2009; x_wconf 88' lang='lat' dir='ltr'><strong>quid</strong></span> <span class='ocrx_word' id='word_1_258' title='bbox 649 1939 839 1993; x_wconf 89' lang='lat' dir='ltr'><strong>horum</strong></span> <span class='ocrx_word' id='word_1_259' title='bbox 869 1938 962 2001; x_wconf 89' lang='lat' dir='ltr'><strong>sit,</strong></span> <span class='ocrx_word' id='word_1_260' title='bbox 993 1936 1187 1991; x_wconf 90' lang='lat' dir='ltr'><strong>merito</strong></span> <span class='ocrx_word' id='word_1_261' title='bbox 1207 1943 1290 1990; x_wconf 88' lang='lat' dir='ltr'><strong>est</strong></span> <span class='ocrx_word' id='word_1_262' title='bbox 1318 1950 1424 1988; x_wconf 93' lang='lat' dir='ltr'><strong>non</strong></span> <span class='ocrx_word' id='word_1_263' title='bbox 1448 1949 1568 1997; x_wconf 80' lang='lat' dir='ltr'><strong>ens,</strong></span> <span class='ocrx_word' id='word_1_264' title='bbox 1599 1947 1722 1986; x_wconf 90' lang='lat' dir='ltr'><strong>cum</strong></span> <span class='ocrx_word' id='word_1_265' title='bbox 1753 1946 1848 2000; x_wconf 88' lang='lat' dir='ltr'><strong>per</strong></span> <span class='ocrx_word' id='word_1_266' title='bbox 1871 1945 1929 1984; x_wconf 91' lang='lat' dir='ltr'><strong>se</strong></span> <span class='ocrx_word' id='word_1_267' title='bbox 1955 1927 2056 1983; x_wconf 82' lang='lat' dir='ltr'><strong>elli-</strong></span> 
     </span>
    </p>
   </div>
   <div class='ocr_carea' id='block_1_34' title="bbox 2160 1909 3723 2009">
    <p class='ocr_par' dir='ltr' id='par_1_34' title="bbox 2165 1909 3723 2007">
     <span class='ocr_line' id='line_1_34' title="bbox 2165 1909 3723 2007; baseline 0 -17"><span class='ocrx_word' id='word_1_268' title='bbox 2165 1932 2258 1990; x_wconf 80' lang='grc' dir='ltr'><strong>οὖν</strong></span> <span class='ocrx_word' id='word_1_269' title='bbox 2286 1936 2428 1989; x_wconf 82' lang='grc' dir='ltr'>λύων</span> <span class='ocrx_word' id='word_1_270' title='bbox 2460 1937 2489 1989; x_wconf 85' lang='grc' dir='ltr'><strong>ὁ</strong></span> <span class='ocrx_word' id='word_1_271' title='bbox 2522 1909 2668 1998; x_wconf 81' lang='grc' dir='ltr'>θεῖος</span> <span class='ocrx_word' id='word_1_272' title='bbox 2709 1909 2985 1997; x_wconf 81' lang='grc' dir='ltr'>Διονύσιός</span> <span class='ocrx_word' id='word_1_273' title='bbox 3023 1950 3156 2006; x_wconf 82' lang='grc' dir='ltr'>φησι</span> <span class='ocrx_word' id='word_1_274' title='bbox 3181 1951 3193 1963; x_wconf 85' lang='grc'>·</span> <span class='ocrx_word' id='word_1_275' title='bbox 3230 1909 3355 1998; x_wconf 71' lang='grc' dir='ltr'>Πῶς</span> <span class='ocrx_word' id='word_1_276' title='bbox 3387 1936 3606 2007; x_wconf 84' lang='grc' dir='ltr'>ποιήσει</span> <span class='ocrx_word' id='word_1_277' title='bbox 3639 1952 3723 1990; x_wconf 85' lang='grc' dir='ltr'>κα-</span> 
     </span>
    </p>
   </div>
   <div class='ocr_carea' id='block_1_35' title="bbox 487 2022 2063 2098">
    <p class='ocr_par' dir='ltr' id='par_1_35' title="bbox 487 2022 2063 2098">
     <span class='ocr_line' id='line_1_35' title="bbox 487 2022 2063 2098; baseline -0.006 -14"><span class='ocrx_word' id='word_1_278' title='bbox 487 2031 641 2084; x_wconf 90' lang='lat' dir='ltr'><strong>cacia</strong></span> <span class='ocrx_word' id='word_1_279' title='bbox 689 2045 786 2084; x_wconf 85' lang='lat' dir='ltr'><strong>seu</strong></span> <span class='ocrx_word' id='word_1_280' title='bbox 840 2028 1162 2098; x_wconf 70' lang='lat' dir='ltr'><strong>Operatione</strong></span> <span class='ocrx_word' id='word_1_281' title='bbox 1215 2043 1325 2080; x_wconf 92' lang='lat' dir='ltr'><strong>non</strong></span> <span class='ocrx_word' id='word_1_282' title='bbox 1378 2026 1484 2092; x_wconf 88' lang='lat' dir='ltr'><strong>sit;</strong></span> <span class='ocrx_word' id='word_1_283' title='bbox 1534 2031 1868 2095; x_wconf 86' lang='lat' dir='ltr'><strong>quapropter</strong></span> <span class='ocrx_word' id='word_1_284' title='bbox 1914 2022 2063 2075; x_wconf 85' lang='lat' dir='ltr'><strong>velut</strong></span> 
     </span>
    </p>
   </div>
   <div class='ocr_carea' id='block_1_36' title="bbox 2164 2021 3723 2100">
    <p class='ocr_par' dir='ltr' id='par_1_36' title="bbox 2164 2021 3723 2100">
     <span class='ocr_line' id='line_1_36' title="bbox 2164 2021 3723 2100; baseline -0.001 -19"><span class='ocrx_word' id='word_1_285' title='bbox 2164 2027 2259 2081; x_wconf 81' lang='grc' dir='ltr'>κὸν</span> <span class='ocrx_word' id='word_1_286' title='bbox 2287 2030 2319 2099; x_wconf 82' lang='grc' dir='ltr'><strong>ὴ</strong></span> <span class='ocrx_word' id='word_1_287' title='bbox 2352 2027 2473 2098; x_wconf 71' lang='grc' dir='ltr'>ὕλη,</span> <span class='ocrx_word' id='word_1_288' title='bbox 2505 2029 2538 2098; x_wconf 80' lang='grc' dir='ltr'>ὴ</span> <span class='ocrx_word' id='word_1_289' title='bbox 2581 2025 2856 2089; x_wconf 78' lang='grc' dir='ltr'><strong>παντελῶς</strong></span> <span class='ocrx_word' id='word_1_290' title='bbox 2885 2024 2958 2096; x_wconf 81' lang='grc' dir='ltr'><strong>μὴ</strong></span> <span class='ocrx_word' id='word_1_291' title='bbox 2982 2021 3118 2080; x_wconf 85' lang='grc' dir='ltr'>οὖσα</span> <span class='ocrx_word' id='word_1_292' title='bbox 3142 2028 3210 2097; x_wconf 80' lang='grc' dir='ltr'><strong>τῇ</strong></span> <span class='ocrx_word' id='word_1_293' title='bbox 3233 2026 3522 2098; x_wconf 70' lang='grc' dir='ltr'>ἐνεργείᾳ,</span> <span class='ocrx_word' id='word_1_294' title='bbox 3546 2026 3605 2080; x_wconf 76' lang='grc' dir='ltr'><strong>τὸ</strong></span> <span class='ocrx_word' id='word_1_295' title='bbox 3633 2027 3723 2100; x_wconf 77' lang='grc' dir='ltr'><strong>γὰρ</strong></span> 
     </span>
    </p>
   </div>
   <div class='ocr_carea' id='block_1_37' title="bbox 490 2115 2056 2192">
    <p class='ocr_par' dir='ltr' id='par_1_37' title="bbox 490 2115 2056 2192">
     <span class='ocr_line' id='line_1_37' title="bbox 490 2115 2056 2192; baseline -0.004 -15"><span class='ocrx_word' id='word_1_296' title='bbox 490 2123 666 2177; x_wconf 77' lang='lat' dir='ltr'><strong>forma</strong></span> <span class='ocrx_word' id='word_1_297' title='bbox 699 2137 763 2176; x_wconf 90' lang='lat' dir='ltr'><strong>ac</strong></span> <span class='ocrx_word' id='word_1_298' title='bbox 798 2122 1057 2192; x_wconf 86' lang='lat' dir='ltr'><strong>qualitate</strong></span> <span class='ocrx_word' id='word_1_299' title='bbox 1098 2133 1314 2180; x_wconf 88' lang='lat' dir='ltr'><strong>carens,</strong></span> <span class='ocrx_word' id='word_1_300' title='bbox 1344 2127 1396 2172; x_wconf 92' lang='lat' dir='ltr'><strong>et</strong></span> <span class='ocrx_word' id='word_1_301' title='bbox 1426 2133 1536 2172; x_wconf 89' lang='lat' dir='ltr'><strong>non</strong></span> <span class='ocrx_word' id='word_1_302' title='bbox 1581 2132 1683 2172; x_wconf 89' lang='lat' dir='ltr'><strong>ens</strong></span> <span class='ocrx_word' id='word_1_303' title='bbox 1714 2115 2056 2184; x_wconf 80' lang='lat' dir='ltr'><strong>omniumque</strong></span> 
     </span>
    </p>
   </div>
   <div class='ocr_carea' id='block_1_38' title="bbox 2160 2115 3717 2192">
    <p class='ocr_par' dir='ltr' id='par_1_38' title="bbox 2162 2117 3717 2192">
     <span class='ocr_line' id='line_1_38' title="bbox 2162 2117 3717 2192; baseline 0 -19"><span class='ocrx_word' id='word_1_304' title='bbox 2162 2123 2337 2174; x_wconf 80' lang='grc' dir='ltr'>ποιεῖν</span> <span class='ocrx_word' id='word_1_305' title='bbox 2378 2119 2658 2192; x_wconf 78' lang='grc' dir='ltr'>ἐνεργείας</span> <span class='ocrx_word' id='word_1_306' title='bbox 2685 2118 2861 2172; x_wconf 79' lang='grc' dir='ltr'>ἐστίν·</span> <span class='ocrx_word' id='word_1_307' title='bbox 2911 2117 3050 2172; x_wconf 81' lang='grc' dir='ltr'>ἀλλὰ</span> <span class='ocrx_word' id='word_1_308' title='bbox 3083 2118 3217 2190; x_wconf 80' lang='grc' dir='ltr'>μηδὲ</span> <span class='ocrx_word' id='word_1_309' title='bbox 3250 2119 3482 2190; x_wconf 84' lang='grc' dir='ltr'>πάσχειν</span> <span class='ocrx_word' id='word_1_310' title='bbox 3509 2137 3562 2173; x_wconf 91' lang='grc' dir='ltr'>τι</span> <span class='ocrx_word' id='word_1_311' title='bbox 3586 2119 3717 2173; x_wconf 84' lang='grc' dir='ltr'>δονα-</span> 
     </span>
    </p>
   </div>
   <div class='ocr_carea' id='block_1_39' title="bbox 488 2205 2056 2284">
    <p class='ocr_par' dir='ltr' id='par_1_39' title="bbox 488 2205 2056 2282">
     <span class='ocr_line' id='line_1_39' title="bbox 488 2205 2056 2282; baseline -0.006 -14"><span class='ocrx_word' id='word_1_312' title='bbox 488 2213 764 2282; x_wconf 85' lang='lat' dir='ltr'><strong>indigens,</strong></span> <span class='ocrx_word' id='word_1_313' title='bbox 807 2213 877 2266; x_wconf 86' lang='lat' dir='ltr'><strong>ab</strong></span> <span class='ocrx_word' id='word_1_314' title='bbox 923 2211 1060 2282; x_wconf 89' lang='lat' dir='ltr'><strong>ipsis</strong></span> <span class='ocrx_word' id='word_1_315' title='bbox 1091 2219 1281 2265; x_wconf 90' lang='lat' dir='ltr'><strong>vocata</strong></span> <span class='ocrx_word' id='word_1_316' title='bbox 1323 2218 1408 2264; x_wconf 91' lang='lat' dir='ltr'><strong>est</strong></span> <span class='ocrx_word' id='word_1_317' title='bbox 1450 2207 1675 2261; x_wconf 88' lang='lat' dir='ltr'><strong>malum.</strong></span> <span class='ocrx_word' id='word_1_318' title='bbox 1725 2205 1852 2261; x_wconf 66' lang='lat' dir='ltr'><strong>Haec</strong></span> <span class='ocrx_word' id='word_1_319' title='bbox 1898 2206 2056 2276; x_wconf 86' lang='lat' dir='ltr'><strong>igitur</strong></span> 
     </span>
    </p>
   </div>
   <div class='ocr_carea' id='block_1_40' title="bbox 2160 2205 3724 2284">
    <p class='ocr_par' dir='ltr' id='par_1_40' title="bbox 2162 2205 3724 2284">
     <span class='ocr_line' id='line_1_40' title="bbox 2162 2205 3724 2284; baseline -0.001 -18"><span class='ocrx_word' id='word_1_320' title='bbox 2162 2213 2316 2284; x_wconf 87' lang='grc' dir='ltr'>μένη,</span> <span class='ocrx_word' id='word_1_321' title='bbox 2360 2212 2480 2266; x_wconf 91' lang='grc' dir='ltr'>καθ’</span> <span class='ocrx_word' id='word_1_322' title='bbox 2513 2211 2712 2284; x_wconf 74' lang='grc' dir='ltr'>ἑαυτὴν</span> <span class='ocrx_word' id='word_1_323' title='bbox 2749 2209 2906 2282; x_wconf 90' lang='grc' dir='ltr'>μόνον</span> <span class='ocrx_word' id='word_1_324' title='bbox 2935 2207 3104 2265; x_wconf 79' lang='grc' dir='ltr'>οὖσα·</span> <span class='ocrx_word' id='word_1_325' title='bbox 3136 2211 3196 2276; x_wconf 78' lang='grc' dir='ltr'><strong>ἐξ</strong></span> <span class='ocrx_word' id='word_1_326' title='bbox 3242 2211 3430 2284; x_wconf 84' lang='grc' dir='ltr'>ἑτέρου</span> <span class='ocrx_word' id='word_1_327' title='bbox 3487 2212 3595 2284; x_wconf 77' lang='grc' dir='ltr'><strong>γάρ</strong></span> <span class='ocrx_word' id='word_1_328' title='bbox 3619 2205 3724 2265; x_wconf 84' lang='grc' dir='ltr'>καθ’</span> 
     </span>
    </p>
   </div>
   <div class='ocr_carea' id='block_1_41' title="bbox 487 2297 2056 2375">
    <p class='ocr_par' dir='ltr' id='par_1_41' title="bbox 487 2297 2056 2375">
     <span class='ocr_line' id='line_1_41' title="bbox 487 2297 2056 2375; baseline -0.006 -14"><span class='ocrx_word' id='word_1_329' title='bbox 487 2306 706 2362; x_wconf 85' lang='lat' dir='ltr'><strong>solvens</strong></span> <span class='ocrx_word' id='word_1_330' title='bbox 752 2303 970 2359; x_wconf 84' lang='lat' dir='ltr'><strong>divinus</strong></span> <span class='ocrx_word' id='word_1_331' title='bbox 1025 2302 1314 2375; x_wconf 87' lang='lat' dir='ltr'><strong>Dionysius</strong></span> <span class='ocrx_word' id='word_1_332' title='bbox 1362 2302 1470 2355; x_wconf 90' lang='lat' dir='ltr'><strong>ait:</strong></span> <span class='ocrx_word' id='word_1_333' title='bbox 1502 2297 1783 2366; x_wconf 87' lang='lat' dir='ltr'><strong>Quomodo</strong></span> <span class='ocrx_word' id='word_1_334' title='bbox 1835 2298 2056 2353; x_wconf 86' lang='lat' dir='ltr'><strong>materia</strong></span> 
     </span>
    </p>
   </div>
   <div class='ocr_carea' id='block_1_42' title="bbox 2160 2297 3722 2375">
    <p class='ocr_par' dir='ltr' id='par_1_42' title="bbox 2160 2300 3722 2375">
     <span class='ocr_line' id='line_1_42' title="bbox 2160 2300 3722 2375; baseline -0.001 -17"><span class='ocrx_word' id='word_1_335' title='bbox 2160 2305 2306 2374; x_wconf 80' lang='grc' dir='ltr'><strong>ἡμᾶς</strong></span> <span class='ocrx_word' id='word_1_336' title='bbox 2345 2306 2626 2375; x_wconf 74' lang='grc' dir='ltr'><strong>κοσμεῖται</strong></span> <span class='ocrx_word' id='word_1_337' title='bbox 2674 2303 2754 2366; x_wconf 79' lang='grc' dir='ltr'><strong>εἰς</strong></span> <span class='ocrx_word' id='word_1_338' title='bbox 2786 2300 2926 2366; x_wconf 78' lang='grc' dir='ltr'>εἶδος</span> <span class='ocrx_word' id='word_1_339' title='bbox 2972 2304 3066 2356; x_wconf 75' lang='grc' dir='ltr'><strong>καὶ</strong></span> <span class='ocrx_word' id='word_1_340' title='bbox 3102 2303 3389 2375; x_wconf 85' lang='grc' dir='ltr'>ποιότητα·</span> <span class='ocrx_word' id='word_1_341' title='bbox 3427 2305 3489 2357; x_wconf 82' lang='grc' dir='ltr'><strong>οὐ</strong></span> <span class='ocrx_word' id='word_1_342' title='bbox 3541 2305 3722 2374; x_wconf 86' lang='grc' dir='ltr'>πάσχει</span> 
     </span>
    </p>
   </div>
   <div class='ocr_carea' id='block_1_43' title="bbox 486 2383 2056 2468">
    <p class='ocr_par' dir='ltr' id='par_1_43' title="bbox 486 2383 2056 2468">
     <span class='ocr_line' id='line_1_43' title="bbox 486 2383 2056 2468; baseline -0.006 -16"><span class='ocrx_word' id='word_1_343' title='bbox 486 2399 689 2452; x_wconf 87' lang='lat' dir='ltr'><strong>malum</strong></span> <span class='ocrx_word' id='word_1_344' title='bbox 743 2397 1034 2468; x_wconf 87' lang='lat' dir='ltr'><strong>producet,</strong></span> <span class='ocrx_word' id='word_1_345' title='bbox 1085 2411 1208 2466; x_wconf 84' lang='lat' dir='ltr'><strong>quae</strong></span> <span class='ocrx_word' id='word_1_346' title='bbox 1248 2408 1478 2466; x_wconf 89' lang='lat' dir='ltr'><strong>prorsus</strong></span> <span class='ocrx_word' id='word_1_347' title='bbox 1521 2407 1631 2446; x_wconf 91' lang='lat' dir='ltr'><strong>non</strong></span> <span class='ocrx_word' id='word_1_348' title='bbox 1663 2399 1748 2446; x_wconf 90' lang='lat' dir='ltr'><strong>est</strong></span> <span class='ocrx_word' id='word_1_349' title='bbox 1786 2383 2056 2446; x_wconf 70' lang='lat' dir='ltr'><strong>eilicacia?</strong></span> 
     </span>
    </p>
   </div>
   <div class='ocr_carea' id='block_1_44' title="bbox 2160 2383 3725 2468">
    <p class='ocr_par' dir='ltr' id='par_1_44' title="bbox 2171 2390 3725 2466">
     <span class='ocr_line' id='line_1_44' title="bbox 2171 2390 3725 2466; baseline -0.001 -18"><span class='ocrx_word' id='word_1_350' title='bbox 2171 2391 2263 2448; x_wconf 82' lang='grc' dir='ltr'>οὖν</span> <span class='ocrx_word' id='word_1_351' title='bbox 2289 2394 2411 2448; x_wconf 86' lang='grc' dir='ltr'>καθ’</span> <span class='ocrx_word' id='word_1_352' title='bbox 2442 2395 2639 2465; x_wconf 77' lang='grc' dir='ltr'>ἑαυτὴν</span> <span class='ocrx_word' id='word_1_353' title='bbox 2661 2390 2814 2447; x_wconf 79' lang='grc' dir='ltr'>οὖσα.</span> <span class='ocrx_word' id='word_1_354' title='bbox 2845 2395 2907 2447; x_wconf 78' lang='grc' dir='ltr'><strong>Εἰ</strong></span> <span class='ocrx_word' id='word_1_355' title='bbox 2939 2394 2996 2447; x_wconf 76' lang='grc' dir='ltr'>δὲ</span> <span class='ocrx_word' id='word_1_356' title='bbox 3031 2393 3105 2465; x_wconf 80' lang='grc' dir='ltr'><strong>μὴ</strong></span> <span class='ocrx_word' id='word_1_357' title='bbox 3134 2393 3195 2446; x_wconf 83' lang='grc' dir='ltr'><strong>ὃν</strong></span> <span class='ocrx_word' id='word_1_358' title='bbox 3226 2393 3396 2466; x_wconf 81' lang='grc' dir='ltr'>αὐτὴν</span> <span class='ocrx_word' id='word_1_359' title='bbox 3426 2395 3630 2464; x_wconf 82' lang='grc' dir='ltr'>λέγετε,</span> <span class='ocrx_word' id='word_1_360' title='bbox 3661 2394 3725 2457; x_wconf 82' lang='grc' dir='ltr'>ὡς</span> 
     </span>
    </p>
   </div>
   <div class='ocr_carea' id='block_1_45' title="bbox 489 2481 2056 2560">
    <p class='ocr_par' dir='ltr' id='par_1_45' title="bbox 489 2482 2056 2560">
     <span class='ocr_line' id='line_1_45' title="bbox 489 2482 2056 2560; baseline -0.006 -16"><span class='ocrx_word' id='word_1_361' title='bbox 489 2489 792 2560; x_wconf 89' lang='lat' dir='ltr'><strong>producere</strong></span> <span class='ocrx_word' id='word_1_362' title='bbox 848 2489 991 2544; x_wconf 82' lang='lat' dir='ltr'><strong>enim</strong></span> <span class='ocrx_word' id='word_1_363' title='bbox 1047 2493 1134 2543; x_wconf 87' lang='lat' dir='ltr'><strong>est</strong></span> <span class='ocrx_word' id='word_1_364' title='bbox 1202 2485 1485 2550; x_wconf 69' lang='lat' dir='ltr'><strong>emcaciae;</strong></span> <span class='ocrx_word' id='word_1_365' title='bbox 1531 2483 1665 2554; x_wconf 88' lang='lat' dir='ltr'><strong>quin</strong></span> <span class='ocrx_word' id='word_1_366' title='bbox 1741 2497 1916 2553; x_wconf 90' lang='lat' dir='ltr'><strong>neque</strong></span> <span class='ocrx_word' id='word_1_367' title='bbox 1968 2482 2056 2535; x_wconf 90' lang='lat' dir='ltr'><strong>ali-</strong></span> 
     </span>
    </p>
   </div>
   <div class='ocr_carea' id='block_1_46' title="bbox 2160 2481 3723 2560">
    <p class='ocr_par' dir='ltr' id='par_1_46' title="bbox 2167 2481 3723 2554">
     <span class='ocr_line' id='line_1_46' title="bbox 2167 2481 3723 2554; baseline -0.002 -14"><span class='ocrx_word' id='word_1_368' title='bbox 2167 2486 2440 2550; x_wconf 84' lang='grc' dir='ltr'><strong>παντελῶς</strong></span> <span class='ocrx_word' id='word_1_369' title='bbox 2472 2486 2625 2539; x_wconf 81' lang='grc' dir='ltr'>οὐδὲν</span> <span class='ocrx_word' id='word_1_370' title='bbox 2656 2481 2839 2550; x_wconf 72' lang='grc' dir='ltr'>οὖσαν,</span> <span class='ocrx_word' id='word_1_371' title='bbox 2868 2483 2990 2538; x_wconf 72' lang='grc' dir='ltr'>οὔτε</span> <span class='ocrx_word' id='word_1_372' title='bbox 3030 2485 3198 2538; x_wconf 86' lang='grc' dir='ltr'>κακὸν</span> <span class='ocrx_word' id='word_1_373' title='bbox 3238 2484 3389 2539; x_wconf 74' lang='grc' dir='ltr'>ἔσται</span> <span class='ocrx_word' id='word_1_374' title='bbox 3429 2485 3552 2540; x_wconf 74' lang='grc' dir='ltr'>οὔτε</span> <span class='ocrx_word' id='word_1_375' title='bbox 3603 2487 3723 2554; x_wconf 84' lang='grc' dir='ltr'>ἀγα-</span> 
     </span>
    </p>
   </div>
   <div class='ocr_carea' id='block_1_47' title="bbox 487 2573 2056 2652">
    <p class='ocr_par' dir='ltr' id='par_1_47' title="bbox 487 2573 2056 2652">
     <span class='ocr_line' id='line_1_47' title="bbox 487 2573 2056 2652; baseline -0.006 -17"><span class='ocrx_word' id='word_1_376' title='bbox 487 2581 619 2652; x_wconf 85' lang='lat' dir='ltr'><strong>quid</strong></span> <span class='ocrx_word' id='word_1_377' title='bbox 668 2580 777 2651; x_wconf 88' lang='lat' dir='ltr'><strong>pati</strong></span> <span class='ocrx_word' id='word_1_378' title='bbox 823 2581 984 2643; x_wconf 81' lang='lat' dir='ltr'><strong>valet,</strong></span> <span class='ocrx_word' id='word_1_379' title='bbox 1017 2594 1113 2648; x_wconf 89' lang='lat' dir='ltr'><strong>per</strong></span> <span class='ocrx_word' id='word_1_380' title='bbox 1156 2579 1392 2648; x_wconf 90' lang='lat' dir='ltr'><strong>seipsam</strong></span> <span class='ocrx_word' id='word_1_381' title='bbox 1441 2576 1616 2632; x_wconf 89' lang='lat' dir='ltr'><strong>solum</strong></span> <span class='ocrx_word' id='word_1_382' title='bbox 1643 2575 1957 2630; x_wconf 83' lang='lat' dir='ltr'><strong>exsistens:</strong></span> <span class='ocrx_word' id='word_1_383' title='bbox 1997 2573 2056 2627; x_wconf 83' lang='lat' dir='ltr'><strong>al:</strong></span> 
     </span>
    </p>
   </div>
   <div class='ocr_carea' id='block_1_48' title="bbox 2160 2573 3724 2652">
    <p class='ocr_par' dir='ltr' id='par_1_48' title="bbox 2165 2575 3724 2648">
     <span class='ocr_line' id='line_1_48' title="bbox 2165 2575 3724 2648; baseline -0.004 -15"><span class='ocrx_word' id='word_1_384' title='bbox 2165 2579 2286 2633; x_wconf 75' lang='grc' dir='ltr'>θόνο</span> <span class='ocrx_word' id='word_1_385' title='bbox 2319 2578 2367 2630; x_wconf 88' lang='grc' dir='ltr'>εί</span> <span class='ocrx_word' id='word_1_386' title='bbox 2395 2577 2453 2630; x_wconf 87' lang='grc' dir='ltr'>δέ</span> <span class='ocrx_word' id='word_1_387' title='bbox 2494 2577 2610 2630; x_wconf 79' lang='grc' dir='ltr'>ἐστί</span> <span class='ocrx_word' id='word_1_388' title='bbox 2654 2595 2706 2630; x_wconf 90' lang='grc' dir='ltr'><strong>τι</strong></span> <span class='ocrx_word' id='word_1_389' title='bbox 2734 2576 2814 2640; x_wconf 75' lang='grc' dir='ltr'>ὃν,</span> <span class='ocrx_word' id='word_1_390' title='bbox 2843 2576 2876 2648; x_wconf 78' lang='grc' dir='ltr'>ἢ</span> <span class='ocrx_word' id='word_1_391' title='bbox 2913 2578 2976 2630; x_wconf 86' lang='grc' dir='ltr'>ὲκ</span> <span class='ocrx_word' id='word_1_392' title='bbox 3018 2575 3153 2630; x_wconf 78' lang='grc' dir='ltr'>Θεοῦ</span> <span class='ocrx_word' id='word_1_393' title='bbox 3184 2577 3330 2630; x_wconf 74' lang='grc' dir='ltr'>ἐστιν</span> <span class='ocrx_word' id='word_1_394' title='bbox 3363 2577 3397 2648; x_wconf 81' lang='grc' dir='ltr'>ἢ</span> <span class='ocrx_word' id='word_1_395' title='bbox 3433 2577 3491 2643; x_wconf 78' lang='grc' dir='ltr'>ἐξ</span> <span class='ocrx_word' id='word_1_396' title='bbox 3525 2577 3724 2648; x_wconf 79' lang='grc' dir='ltr'>εαυτῆς,</span> 
     </span>
    </p>
   </div>
   <div class='ocr_carea' id='block_1_49' title="bbox 489 2663 2056 2740">
    <p class='ocr_par' dir='ltr' id='par_1_49' title="bbox 489 2663 2056 2740">
     <span class='ocr_line' id='line_1_49' title="bbox 489 2663 2056 2740; baseline -0.005 -15"><span class='ocrx_word' id='word_1_397' title='bbox 489 2672 596 2726; x_wconf 90' lang='lat' dir='ltr'><strong>alio</strong></span> <span class='ocrx_word' id='word_1_398' title='bbox 626 2671 770 2726; x_wconf 89' lang='lat' dir='ltr'><strong>enim</strong></span> <span class='ocrx_word' id='word_1_399' title='bbox 803 2685 898 2740; x_wconf 87' lang='lat' dir='ltr'><strong>per</strong></span> <span class='ocrx_word' id='word_1_400' title='bbox 927 2685 1030 2725; x_wconf 86' lang='lat' dir='ltr'><strong>nos</strong></span> <span class='ocrx_word' id='word_1_401' title='bbox 1063 2670 1118 2723; x_wconf 91' lang='lat' dir='ltr'><strong>in</strong></span> <span class='ocrx_word' id='word_1_402' title='bbox 1159 2668 1390 2724; x_wconf 79' lang='lat' dir='ltr'><strong>formam</strong></span> <span class='ocrx_word' id='word_1_403' title='bbox 1427 2675 1481 2722; x_wconf 90' lang='lat' dir='ltr'><strong>et</strong></span> <span class='ocrx_word' id='word_1_404' title='bbox 1515 2666 1829 2736; x_wconf 81' lang='lat' dir='ltr'><strong>qualitatem</strong></span> <span class='ocrx_word' id='word_1_405' title='bbox 1878 2663 2056 2734; x_wconf 84' lang='lat' dir='ltr'><strong>dispo-</strong></span> 
     </span>
    </p>
   </div>
   <div class='ocr_carea' id='block_1_50' title="bbox 2160 2663 3726 2740">
    <p class='ocr_par' dir='ltr' id='par_1_50' title="bbox 2165 2664 3726 2738">
     <span class='ocr_line' id='line_1_50' title="bbox 2165 2664 3726 2738; baseline 0 -20"><span class='ocrx_word' id='word_1_406' title='bbox 2165 2666 2197 2736; x_wconf 77' lang='grc' dir='ltr'>ἢ</span> <span class='ocrx_word' id='word_1_407' title='bbox 2225 2665 2285 2730; x_wconf 75' lang='grc' dir='ltr'><strong>ἐξ</strong></span> <span class='ocrx_word' id='word_1_408' title='bbox 2317 2666 2507 2738; x_wconf 77' lang='grc' dir='ltr'>ἑτέρας</span> <span class='ocrx_word' id='word_1_409' title='bbox 2539 2665 2732 2736; x_wconf 83' lang='grc' dir='ltr'>ἀρχῆς,</span> <span class='ocrx_word' id='word_1_410' title='bbox 2765 2665 2859 2718; x_wconf 76' lang='grc' dir='ltr'>καὶ</span> <span class='ocrx_word' id='word_1_411' title='bbox 2888 2665 3024 2736; x_wconf 70' lang='grc' dir='ltr'>αὐτὴ</span> <span class='ocrx_word' id='word_1_412' title='bbox 3051 2664 3148 2719; x_wconf 78' lang='grc' dir='ltr'><strong>καὶ</strong></span> <span class='ocrx_word' id='word_1_413' title='bbox 3173 2665 3351 2729; x_wconf 77' lang='grc' dir='ltr'>ὀΘεός</span> <span class='ocrx_word' id='word_1_414' title='bbox 3373 2681 3388 2696; x_wconf 76' lang='grc' dir='ltr'><strong>ο</strong></span> <span class='ocrx_word' id='word_1_415' title='bbox 3419 2666 3469 2717; x_wconf 90' lang='grc' dir='ltr'>εί</span> <span class='ocrx_word' id='word_1_416' title='bbox 3495 2665 3551 2717; x_wconf 84' lang='grc' dir='ltr'>δὲ</span> <span class='ocrx_word' id='word_1_417' title='bbox 3580 2666 3726 2733; x_wconf 81' lang='grc' dir='ltr'>ἀναγ-</span> 
     </span>
    </p>
   </div>
   <div class='ocr_carea' id='block_1_51' title="bbox 486 2755 2056 2832">
    <p class='ocr_par' dir='ltr' id='par_1_51' title="bbox 486 2755 2056 2832">
     <span class='ocr_line' id='line_1_51' title="bbox 486 2755 2056 2832; baseline -0.003 -16"><span class='ocrx_word' id='word_1_418' title='bbox 486 2762 672 2829; x_wconf 91' lang='lat' dir='ltr'><strong>nitur;</strong></span> <span class='ocrx_word' id='word_1_419' title='bbox 710 2777 820 2817; x_wconf 92' lang='lat' dir='ltr'><strong>non</strong></span> <span class='ocrx_word' id='word_1_420' title='bbox 860 2762 1066 2832; x_wconf 79' lang='lat' dir='ltr'><strong>patitur</strong></span> <span class='ocrx_word' id='word_1_421' title='bbox 1091 2776 1222 2832; x_wconf 84' lang='lat' dir='ltr'><strong>ergo</strong></span> <span class='ocrx_word' id='word_1_422' title='bbox 1251 2774 1376 2815; x_wconf 88' lang='lat' dir='ltr'><strong>cum</strong></span> <span class='ocrx_word' id='word_1_423' title='bbox 1407 2766 1493 2813; x_wconf 92' lang='lat' dir='ltr'><strong>est</strong></span> <span class='ocrx_word' id='word_1_424' title='bbox 1531 2756 1796 2813; x_wconf 89' lang='lat' dir='ltr'><strong>solitaria.</strong></span> <span class='ocrx_word' id='word_1_425' title='bbox 1832 2755 1890 2812; x_wconf 93' lang='lat' dir='ltr'><strong>Si</strong></span> <span class='ocrx_word' id='word_1_426' title='bbox 1935 2771 2056 2811; x_wconf 85' lang='lat' dir='ltr'><strong>vero</strong></span> 
     </span>
    </p>
   </div>
   <div class='ocr_carea' id='block_1_52' title="bbox 2160 2755 3727 2832">
    <p class='ocr_par' dir='ltr' id='par_1_52' title="bbox 2165 2757 3727 2829">
     <span class='ocr_line' id='line_1_52' title="bbox 2165 2757 3727 2829; baseline -0.001 -18"><span class='ocrx_word' id='word_1_427' title='bbox 2165 2761 2316 2811; x_wconf 69' lang='grc' dir='ltr'><strong>καῦον</strong></span> <span class='ocrx_word' id='word_1_428' title='bbox 2348 2760 2381 2829; x_wconf 77' lang='grc' dir='ltr'>ἡ</span> <span class='ocrx_word' id='word_1_429' title='bbox 2419 2757 2540 2829; x_wconf 72' lang='grc' dir='ltr'>ὕλη,</span> <span class='ocrx_word' id='word_1_430' title='bbox 2577 2757 2654 2820; x_wconf 84' lang='grc' dir='ltr'>ὡς</span> <span class='ocrx_word' id='word_1_431' title='bbox 2688 2757 3178 2829; x_wconf 52' lang='grc' dir='ltr'>συμπληρωτικὸν</span> <span class='ocrx_word' id='word_1_432' title='bbox 3217 2757 3447 2828; x_wconf 84' lang='grc' dir='ltr'><strong>κόσμου,</strong></span> <span class='ocrx_word' id='word_1_433' title='bbox 3492 2757 3608 2822; x_wconf 85' lang='grc' dir='ltr'>πῶς</span> <span class='ocrx_word' id='word_1_434' title='bbox 3642 2775 3727 2810; x_wconf 81' lang='grc' dir='ltr'>κα-</span> 
     </span>
    </p>
   </div>
   <div class='ocr_carea' id='block_1_53' title="bbox 485 2846 2056 2921">
    <p class='ocr_par' dir='ltr' id='par_1_53' title="bbox 485 2849 2056 2920">
     <span class='ocr_line' id='line_1_53' title="bbox 485 2849 2056 2920; baseline -0.003 -10"><span class='ocrx_word' id='word_1_435' title='bbox 485 2869 606 2910; x_wconf 84' lang='lat' dir='ltr'><strong>eam</strong></span> <span class='ocrx_word' id='word_1_436' title='bbox 639 2870 746 2910; x_wconf 91' lang='lat' dir='ltr'><strong>non</strong></span> <span class='ocrx_word' id='word_1_437' title='bbox 775 2869 898 2910; x_wconf 91' lang='lat' dir='ltr'><strong>esse</strong></span> <span class='ocrx_word' id='word_1_438' title='bbox 937 2853 1141 2919; x_wconf 80' lang='lat' dir='ltr'><strong>dicitis,</strong></span> <span class='ocrx_word' id='word_1_439' title='bbox 1178 2868 1302 2908; x_wconf 90' lang='lat' dir='ltr'><strong>cum</strong></span> <span class='ocrx_word' id='word_1_440' title='bbox 1337 2851 1468 2905; x_wconf 88' lang='lat' dir='ltr'><strong>nihil</strong></span> <span class='ocrx_word' id='word_1_441' title='bbox 1499 2864 1725 2920; x_wconf 85' lang='lat' dir='ltr'><strong>prorsus</strong></span> <span class='ocrx_word' id='word_1_442' title='bbox 1754 2849 1844 2911; x_wconf 87' lang='lat' dir='ltr'><strong>sit,</strong></span> <span class='ocrx_word' id='word_1_443' title='bbox 1887 2865 2056 2918; x_wconf 89' lang='lat' dir='ltr'><strong>neque</strong></span> 
     </span>
    </p>
   </div>
   <div class='ocr_carea' id='block_1_54' title="bbox 2160 2846 3725 2921">
    <p class='ocr_par' dir='ltr' id='par_1_54' title="bbox 2165 2846 3725 2921">
     <span class='ocr_line' id='line_1_54' title="bbox 2165 2846 3725 2921; baseline 0 -20"><span class='ocrx_word' id='word_1_444' title='bbox 2165 2848 2258 2902; x_wconf 76' lang='grc' dir='ltr'>κὸν</span> <span class='ocrx_word' id='word_1_445' title='bbox 2287 2851 2322 2921; x_wconf 81' lang='grc' dir='ltr'><strong>ἡ</strong></span> <span class='ocrx_word' id='word_1_446' title='bbox 2352 2846 2481 2918; x_wconf 59' lang='lat' dir='ltr'><strong>inn;</strong></span> <span class='ocrx_word' id='word_1_447' title='bbox 2512 2849 2675 2918; x_wconf 85' lang='grc' dir='ltr'>Ὄρος</span> <span class='ocrx_word' id='word_1_448' title='bbox 2702 2847 2811 2918; x_wconf 77' lang='grc' dir='ltr'><strong>γὰρ</strong></span> <span class='ocrx_word' id='word_1_449' title='bbox 2838 2848 3158 2916; x_wconf 81' lang='grc' dir='ltr'><strong>ἀναγκαίου,</strong></span> <span class='ocrx_word' id='word_1_450' title='bbox 3189 2847 3378 2911; x_wconf 72' lang='grc' dir='ltr'>άϊδιον,</span> <span class='ocrx_word' id='word_1_451' title='bbox 3415 2847 3628 2921; x_wconf 77' lang='grc' dir='ltr'><strong>ἀληθὲς,</strong></span> <span class='ocrx_word' id='word_1_452' title='bbox 3661 2847 3725 2909; x_wconf 81' lang='grc' dir='ltr'>ὡς</span> 
     </span>
    </p>
   </div>
   <div class='ocr_carea' id='block_1_55' title="bbox 487 2933 2056 3017">
    <p class='ocr_par' dir='ltr' id='par_1_55' title="bbox 487 2940 2056 3017">
     <span class='ocr_line' id='line_1_55' title="bbox 487 2940 2056 3017; baseline -0.004 -17"><span class='ocrx_word' id='word_1_453' title='bbox 487 2947 689 3000; x_wconf 87' lang='lat' dir='ltr'><strong>malum</strong></span> <span class='ocrx_word' id='word_1_454' title='bbox 716 2947 820 3000; x_wconf 89' lang='lat' dir='ltr'><strong>erit</strong></span> <span class='ocrx_word' id='word_1_455' title='bbox 850 2961 1024 3017; x_wconf 88' lang='lat' dir='ltr'><strong>neque</strong></span> <span class='ocrx_word' id='word_1_456' title='bbox 1055 2945 1292 3010; x_wconf 80' lang='lat' dir='ltr'><strong>bonum;</strong></span> <span class='ocrx_word' id='word_1_457' title='bbox 1320 2944 1364 2998; x_wconf 87' lang='lat' dir='ltr'><strong>si</strong></span> <span class='ocrx_word' id='word_1_458' title='bbox 1397 2949 1576 2997; x_wconf 91' lang='lat' dir='ltr'><strong>autem</strong></span> <span class='ocrx_word' id='word_1_459' title='bbox 1605 2942 1676 2996; x_wconf 86' lang='lat' dir='ltr'><strong>sit</strong></span> <span class='ocrx_word' id='word_1_460' title='bbox 1697 2956 1795 2996; x_wconf 90' lang='lat' dir='ltr'><strong>ens</strong></span> <span class='ocrx_word' id='word_1_461' title='bbox 1818 2940 2056 3012; x_wconf 87' lang='lat' dir='ltr'><strong>aliquod,</strong></span> 
     </span>
    </p>
   </div>
   <div class='ocr_carea' id='block_1_56' title="bbox 2160 2933 3725 3017">
    <p class='ocr_par' dir='ltr' id='par_1_56' title="bbox 2163 2933 3725 3011">
     <span class='ocr_line' id='line_1_56' title="bbox 2163 2933 3725 3011; baseline -0.003 -18"><span class='ocrx_word' id='word_1_462' title='bbox 2163 2940 2465 3010; x_wconf 83' lang='grc' dir='ltr'>ὠφέλιμον,</span> <span class='ocrx_word' id='word_1_463' title='bbox 2494 2940 2586 2994; x_wconf 82' lang='grc' dir='ltr'><strong>οἵα</strong></span> <span class='ocrx_word' id='word_1_464' title='bbox 2634 2941 2778 2992; x_wconf 77' lang='grc' dir='ltr'>ἐστὶν</span> <span class='ocrx_word' id='word_1_465' title='bbox 2822 2941 2856 3010; x_wconf 84' lang='grc' dir='ltr'><strong>ή</strong></span> <span class='ocrx_word' id='word_1_466' title='bbox 2905 2938 3073 3011; x_wconf 82' lang='grc' dir='ltr'>ἀρετὴ</span> <span class='ocrx_word' id='word_1_467' title='bbox 3103 2938 3408 3009; x_wconf 84' lang='grc' dir='ltr'>ὠφελοῦσα.</span> <span class='ocrx_word' id='word_1_468' title='bbox 3442 2939 3601 2992; x_wconf 82' lang='grc' dir='ltr'>Ἀλλο</span> <span class='ocrx_word' id='word_1_469' title='bbox 3645 2933 3725 2990; x_wconf 72' lang='grc' dir='ltr'><strong>οὖν</strong></span> 
     </span>
    </p>
   </div>
   <div class='ocr_carea' id='block_1_57' title="bbox 487 3032 2056 3107">
    <p class='ocr_par' dir='ltr' id='par_1_57' title="bbox 487 3032 2056 3107">
     <span class='ocr_line' id='line_1_57' title="bbox 487 3032 2056 3107; baseline -0.003 -17"><span class='ocrx_word' id='word_1_470' title='bbox 487 3045 582 3091; x_wconf 87' lang='lat' dir='ltr'><strong>aut</strong></span> <span class='ocrx_word' id='word_1_471' title='bbox 609 3053 675 3092; x_wconf 80' lang='lat' dir='ltr'><strong>ex</strong></span> <span class='ocrx_word' id='word_1_472' title='bbox 706 3036 818 3092; x_wconf 91' lang='lat' dir='ltr'><strong>Deo</strong></span> <span class='ocrx_word' id='word_1_473' title='bbox 847 3045 953 3101; x_wconf 93' lang='lat' dir='ltr'><strong>est,</strong></span> <span class='ocrx_word' id='word_1_474' title='bbox 994 3045 1088 3092; x_wconf 90' lang='lat' dir='ltr'><strong>aut</strong></span> <span class='ocrx_word' id='word_1_475' title='bbox 1111 3052 1174 3092; x_wconf 80' lang='lat' dir='ltr'><strong>ex</strong></span> <span class='ocrx_word' id='word_1_476' title='bbox 1208 3040 1408 3105; x_wconf 87' lang='lat' dir='ltr'><strong>seipsa,</strong></span> <span class='ocrx_word' id='word_1_477' title='bbox 1434 3042 1529 3088; x_wconf 87' lang='lat' dir='ltr'><strong>aut</strong></span> <span class='ocrx_word' id='word_1_478' title='bbox 1557 3050 1623 3088; x_wconf 73' lang='lat' dir='ltr'><strong>ex</strong></span> <span class='ocrx_word' id='word_1_479' title='bbox 1649 3035 1755 3092; x_wconf 81' lang='lat' dir='ltr'><strong>alio</strong></span> <span class='ocrx_word' id='word_1_480' title='bbox 1769 3032 2056 3107; x_wconf 83' lang='lat' dir='ltr'><strong>principio,</strong></span> 
     </span>
    </p>
   </div>
   <div class='ocr_carea' id='block_1_58' title="bbox 2160 3032 3142 3107">
    <p class='ocr_par' dir='ltr' id='par_1_58' title="bbox 2164 3032 3142 3101">
     <span class='ocr_line' id='line_1_58' title="bbox 2164 3032 3142 3101; baseline -0.001 -15"><span class='ocrx_word' id='word_1_481' title='bbox 2164 3034 2225 3087; x_wconf 83' lang='grc' dir='ltr'><strong>τὸ</strong></span> <span class='ocrx_word' id='word_1_482' title='bbox 2250 3033 2440 3097; x_wconf 82' lang='grc' dir='ltr'>κακὸν,</span> <span class='ocrx_word' id='word_1_483' title='bbox 2470 3033 2564 3086; x_wconf 74' lang='grc' dir='ltr'><strong>καὶ</strong></span> <span class='ocrx_word' id='word_1_484' title='bbox 2590 3033 2715 3087; x_wconf 86' lang='grc' dir='ltr'>ἄλλο</span> <span class='ocrx_word' id='word_1_485' title='bbox 2741 3032 2806 3086; x_wconf 81' lang='grc' dir='ltr'><strong>τὸ</strong></span> <span class='ocrx_word' id='word_1_486' title='bbox 2827 3032 3142 3101; x_wconf 58' lang='grc' dir='ltr'>ἀναγκαῖον.</span> 
     </span>
    </p>
   </div>
   <div class='ocr_carea' id='block_1_59' title="bbox 487 3125 3727 3208">
    <p class='ocr_par' dir='ltr' id='par_1_59' title="bbox 487 3125 3727 3208">
     <span class='ocr_line' id='line_1_59' title="bbox 487 3125 3727 3208; baseline -0.002 -23"><span class='ocrx_word' id='word_1_487' title='bbox 487 3138 543 3185; x_wconf 89' lang='lat' dir='ltr'><strong>et</strong></span> <span class='ocrx_word' id='word_1_488' title='bbox 574 3131 693 3208; x_wconf 78' lang='lat' dir='ltr'><strong>ipsa</strong></span> <span class='ocrx_word' id='word_1_489' title='bbox 724 3135 779 3184; x_wconf 91' lang='lat' dir='ltr'><strong>et</strong></span> <span class='ocrx_word' id='word_1_490' title='bbox 817 3129 960 3184; x_wconf 92' lang='lat' dir='ltr'><strong>Deus</strong></span> <span class='ocrx_word' id='word_1_491' title='bbox 997 3137 1120 3184; x_wconf 89' lang='lat' dir='ltr'><strong>est:</strong></span> <span class='ocrx_word' id='word_1_492' title='bbox 1150 3129 1196 3184; x_wconf 93' lang='lat' dir='ltr'><strong>si</strong></span> <span class='ocrx_word' id='word_1_493' title='bbox 1253 3142 1387 3182; x_wconf 76' lang='lat' dir='ltr'><strong>vero</strong></span> <span class='ocrx_word' id='word_1_494' title='bbox 1428 3127 1802 3181; x_wconf 85' lang='lat' dir='ltr'><strong>necessarium</strong></span> <span class='ocrx_word' id='word_1_495' title='bbox 1843 3125 1916 3181; x_wconf 89' lang='lat' dir='ltr'><strong>sit</strong></span> <span class='ocrx_word' id='word_1_496' title='bbox 1971 3126 2198 3181; x_wconf 86' lang='lat' dir='ltr'><strong>materia</strong></span> <span class='ocrx_word' id='word_1_497' title='bbox 2249 3133 2309 3180; x_wconf 91' lang='lat' dir='ltr'><strong>ut</strong></span> <span class='ocrx_word' id='word_1_498' title='bbox 2367 3125 2569 3196; x_wconf 85' lang='lat' dir='ltr'><strong>aliquid</strong></span> <span class='ocrx_word' id='word_1_499' title='bbox 2619 3126 2765 3196; x_wconf 90' lang='lat' dir='ltr'><strong>quod</strong></span> <span class='ocrx_word' id='word_1_500' title='bbox 2810 3125 3072 3180; x_wconf 89' lang='lat' dir='ltr'><strong>mundum</strong></span> <span class='ocrx_word' id='word_1_501' title='bbox 3119 3125 3418 3195; x_wconf 84' lang='lat' dir='ltr'><strong>compleat.</strong></span> <span class='ocrx_word' id='word_1_502' title='bbox 3468 3126 3727 3196; x_wconf 78' lang='lat' dir='ltr'><strong>quomodo</strong></span> 
     </span>
    </p>
   </div>
   <div class='ocr_carea' id='block_1_60' title="bbox 490 3218 3721 3292">
    <p class='ocr_par' dir='ltr' id='par_1_60' title="bbox 490 3218 3721 3292">
     <span class='ocr_line' id='line_1_60' title="bbox 490 3218 3721 3292; baseline -0.001 -16"><span class='ocrx_word' id='word_1_503' title='bbox 490 3221 719 3276; x_wconf 88' lang='lat' dir='ltr'><strong>materia</strong></span> <span class='ocrx_word' id='word_1_504' title='bbox 764 3227 850 3275; x_wconf 89' lang='lat' dir='ltr'><strong>est</strong></span> <span class='ocrx_word' id='word_1_505' title='bbox 896 3220 1132 3274; x_wconf 89' lang='lat' dir='ltr'><strong>malum?</strong></span> <span class='ocrx_word' id='word_1_506' title='bbox 1170 3218 1415 3273; x_wconf 83' lang='lat' dir='ltr'><strong>deﬁnitio</strong></span> <span class='ocrx_word' id='word_1_507' title='bbox 1463 3219 1606 3272; x_wconf 84' lang='lat' dir='ltr'><strong>enim</strong></span> <span class='ocrx_word' id='word_1_508' title='bbox 1665 3218 1984 3282; x_wconf 81' lang='lat' dir='ltr'><strong>necessarii,</strong></span> <span class='ocrx_word' id='word_1_509' title='bbox 2010 3225 2294 3283; x_wconf 73' lang='lat' dir='ltr'><strong>aeternum,</strong></span> <span class='ocrx_word' id='word_1_510' title='bbox 2322 3233 2535 3282; x_wconf 79' lang='lat' dir='ltr'><strong>verum,</strong></span> <span class='ocrx_word' id='word_1_511' title='bbox 2570 3225 2830 3292; x_wconf 84' lang='lat' dir='ltr'><strong>tanquam</strong></span> <span class='ocrx_word' id='word_1_512' title='bbox 2861 3218 3020 3282; x_wconf 79' lang='lat' dir='ltr'><strong>utile,</strong></span> <span class='ocrx_word' id='word_1_513' title='bbox 3062 3218 3206 3273; x_wconf 86' lang='lat' dir='ltr'><strong>sicut</strong></span> <span class='ocrx_word' id='word_1_514' title='bbox 3236 3219 3413 3274; x_wconf 85' lang='lat' dir='ltr'><strong>virtus</strong></span> <span class='ocrx_word' id='word_1_515' title='bbox 3438 3228 3522 3274; x_wconf 89' lang='lat' dir='ltr'><strong>est</strong></span> <span class='ocrx_word' id='word_1_516' title='bbox 3552 3220 3721 3276; x_wconf 70' lang='lat' dir='ltr'><strong>utilis:</strong></span> 
     </span>
    </p>
   </div>
   <div class='ocr_carea' id='block_1_61' title="bbox 488 3309 1891 3384">
    <p class='ocr_par' dir='ltr' id='par_1_61' title="bbox 488 3309 1891 3384">
     <span class='ocr_line' id='line_1_61' title="bbox 488 3309 1891 3384; baseline -0.002 -16"><span class='ocrx_word' id='word_1_517' title='bbox 488 3328 620 3384; x_wconf 82' lang='lat' dir='ltr'><strong>ergo</strong></span> <span class='ocrx_word' id='word_1_518' title='bbox 651 3312 799 3366; x_wconf 90' lang='lat' dir='ltr'><strong>aliud</strong></span> <span class='ocrx_word' id='word_1_519' title='bbox 850 3319 936 3366; x_wconf 89' lang='lat' dir='ltr'><strong>est</strong></span> <span class='ocrx_word' id='word_1_520' title='bbox 979 3313 1179 3365; x_wconf 90' lang='lat' dir='ltr'><strong>malum</strong></span> <span class='ocrx_word' id='word_1_521' title='bbox 1227 3319 1280 3365; x_wconf 89' lang='lat' dir='ltr'><strong>et</strong></span> <span class='ocrx_word' id='word_1_522' title='bbox 1319 3309 1466 3363; x_wconf 88' lang='lat' dir='ltr'><strong>aliud</strong></span> <span class='ocrx_word' id='word_1_523' title='bbox 1502 3310 1891 3366; x_wconf 85' lang='lat' dir='ltr'><strong>necessarium.</strong></span> 
     </span>
    </p>
   </div>
   <div class='ocr_carea' id='block_1_62' title="bbox 561 3396 2056 3477">
    <p class='ocr_par' dir='ltr' id='par_1_62' title="bbox 561 3402 2056 3473">
     <span class='ocr_line' id='line_1_62' title="bbox 561 3402 2056 3473; baseline 0.001 -17"><span class='ocrx_word' id='word_1_524' title='bbox 561 3402 768 3457; x_wconf 79' lang='lat' dir='ltr'><strong>Malum</strong></span> <span class='ocrx_word' id='word_1_525' title='bbox 796 3403 931 3457; x_wconf 84' lang='lat' dir='ltr'><strong>enim</strong></span> <span class='ocrx_word' id='word_1_526' title='bbox 976 3419 1082 3473; x_wconf 78' lang='lat' dir='ltr'><strong>qua</strong></span> <span class='ocrx_word' id='word_1_527' title='bbox 1114 3411 1264 3472; x_wconf 83' lang='lat' dir='ltr'><strong>parte</strong></span> <span class='ocrx_word' id='word_1_528' title='bbox 1307 3402 1528 3458; x_wconf 82' lang='lat' dir='ltr'><strong>malum.</strong></span> <span class='ocrx_word' id='word_1_529' title='bbox 1575 3403 1839 3458; x_wconf 80' lang='lat' dir='ltr'><strong>Evertens</strong></span> <span class='ocrx_word' id='word_1_530' title='bbox 1869 3417 2056 3459; x_wconf 90' lang='lat' dir='ltr'><strong>eorum</strong></span> 
     </span>
    </p>
   </div>
   <div class='ocr_carea' id='block_1_63' title="bbox 2160 3396 3726 3477">
    <p class='ocr_par' dir='ltr' id='par_1_63' title="bbox 2239 3396 3726 3477">
     <span class='ocr_line' id='line_1_63' title="bbox 2239 3396 3726 3477; baseline -0.002 -18"><span class='ocrx_word' id='word_1_531' title='bbox 2239 3404 2308 3459; x_wconf 77' lang='grc' dir='ltr'><em>Τὸ</em></span> <span class='ocrx_word' id='word_1_532' title='bbox 2347 3404 2458 3474; x_wconf 80' lang='grc' dir='ltr'><strong>γὰρ</strong></span> <span class='ocrx_word' id='word_1_533' title='bbox 2492 3405 2680 3460; x_wconf 78' lang='grc' dir='ltr'>κακὸν</span> <span class='ocrx_word' id='word_1_534' title='bbox 2720 3396 2765 3477; x_wconf 76' lang='grc' dir='ltr'><strong><em>ᾖ</em></strong></span> <span class='ocrx_word' id='word_1_535' title='bbox 2802 3404 3014 3458; x_wconf 78' lang='grc' dir='ltr'>κακόν.</span> <span class='ocrx_word' id='word_1_536' title='bbox 3054 3403 3400 3475; x_wconf 79' lang='grc' dir='ltr'>Ἀνατρέπων</span> <span class='ocrx_word' id='word_1_537' title='bbox 3450 3403 3549 3468; x_wconf 79' lang='grc' dir='ltr'>τὰς</span> <span class='ocrx_word' id='word_1_538' title='bbox 3586 3403 3726 3468; x_wconf 79' lang='grc' dir='ltr'>δόξας</span> 
     </span>
    </p>
   </div>
   <div class='ocr_carea' id='block_1_64' title="bbox 487 3494 2057 3564">
    <p class='ocr_par' dir='ltr' id='par_1_64' title="bbox 487 3494 2057 3564">
     <span class='ocr_line' id='line_1_64' title="bbox 487 3494 2057 3564; baseline 0.003 -15"><span class='ocrx_word' id='word_1_539' title='bbox 487 3495 774 3564; x_wconf 86' lang='lat' dir='ltr'><strong>opiniones</strong></span> <span class='ocrx_word' id='word_1_540' title='bbox 803 3494 898 3564; x_wconf 88' lang='lat' dir='ltr'><strong>qui</strong></span> <span class='ocrx_word' id='word_1_541' title='bbox 944 3495 1152 3557; x_wconf 90' lang='lat' dir='ltr'><strong>dicunt,</strong></span> <span class='ocrx_word' id='word_1_542' title='bbox 1194 3495 1477 3550; x_wconf 88' lang='lat' dir='ltr'><strong>materiam</strong></span> <span class='ocrx_word' id='word_1_543' title='bbox 1519 3511 1641 3551; x_wconf 88' lang='lat' dir='ltr'><strong>esse</strong></span> <span class='ocrx_word' id='word_1_544' title='bbox 1686 3496 1916 3561; x_wconf 88' lang='lat' dir='ltr'><strong>malum,</strong></span> <span class='ocrx_word' id='word_1_545' title='bbox 1952 3497 2057 3554; x_wconf 86' lang='lat' dir='ltr'><strong>ait:</strong></span> 
     </span>
    </p>
   </div>
   <div class='ocr_carea' id='block_1_65' title="bbox 489 3585 2060 3669">
    <p class='ocr_par' dir='ltr' id='par_1_65' title="bbox 489 3585 2060 3669">
     <span class='ocr_line' id='line_1_65' title="bbox 489 3585 2060 3669; baseline 0.003 -30"><span class='ocrx_word' id='word_1_546' title='bbox 489 3585 772 3652; x_wconf 86' lang='lat' dir='ltr'><strong>Quomodo</strong></span> <span class='ocrx_word' id='word_1_547' title='bbox 799 3586 964 3669; x_wconf 80' lang='lat' dir='ltr'><strong>igitur</strong></span> <span class='ocrx_word' id='word_1_548' title='bbox 977 3600 1042 3640; x_wconf 85' lang='lat' dir='ltr'><strong>ex</strong></span> <span class='ocrx_word' id='word_1_549' title='bbox 1062 3586 1286 3640; x_wconf 89' lang='lat' dir='ltr'><strong>materia</strong></span> <span class='ocrx_word' id='word_1_550' title='bbox 1301 3596 1654 3657; x_wconf 88' lang='lat' dir='ltr'><strong>generaturet</strong></span> <span class='ocrx_word' id='word_1_551' title='bbox 1668 3591 1902 3645; x_wconf 81' lang='lat' dir='ltr'><strong>nutritur</strong></span> <span class='ocrx_word' id='word_1_552' title='bbox 1913 3589 2060 3658; x_wconf 86' lang='lat' dir='ltr'><strong>quod</strong></span> 
     </span>
    </p>
   </div>
   <div class='ocr_carea' id='block_1_66' title="bbox 487 3677 2057 3750">
    <p class='ocr_par' dir='ltr' id='par_1_66' title="bbox 487 3677 2057 3750">
     <span class='ocr_line' id='line_1_66' title="bbox 487 3677 2057 3750; baseline 0.001 -15"><span class='ocrx_word' id='word_1_553' title='bbox 487 3695 556 3735; x_wconf 77' lang='lat' dir='ltr'><strong>ex</strong></span> <span class='ocrx_word' id='word_1_554' title='bbox 584 3688 730 3735; x_wconf 90' lang='lat' dir='ltr'><strong>terra</strong></span> <span class='ocrx_word' id='word_1_555' title='bbox 770 3679 1035 3742; x_wconf 85' lang='lat' dir='ltr'><strong>nascitur,</strong></span> <span class='ocrx_word' id='word_1_556' title='bbox 1065 3677 1264 3750; x_wconf 64' lang='lat' dir='ltr'><strong>plantae</strong></span> <span class='ocrx_word' id='word_1_557' title='bbox 1290 3686 1344 3735; x_wconf 91' lang='lat' dir='ltr'><strong>et</strong></span> <span class='ocrx_word' id='word_1_558' title='bbox 1372 3679 1664 3734; x_wconf 90' lang='lat' dir='ltr'><strong>animalia?</strong></span> <span class='ocrx_word' id='word_1_559' title='bbox 1690 3689 1744 3737; x_wconf 93' lang='lat' dir='ltr'><strong>et</strong></span> <span class='ocrx_word' id='word_1_560' title='bbox 1769 3681 1883 3736; x_wconf 65' lang='lat' dir='ltr'><strong>haec</strong></span> <span class='ocrx_word' id='word_1_561' title='bbox 1911 3683 2057 3738; x_wconf 89' lang='lat' dir='ltr'><strong>enim</strong></span> 
     </span>
    </p>
   </div>
   <div class='ocr_carea' id='block_1_67' title="bbox 485 3770 2059 3844">
    <p class='ocr_par' dir='ltr' id='par_1_67' title="bbox 485 3770 2059 3844">
     <span class='ocr_line' id='line_1_67' title="bbox 485 3770 2059 3844; baseline 0.003 -20"><span class='ocrx_word' id='word_1_562' title='bbox 485 3785 555 3825; x_wconf 78' lang='lat' dir='ltr'><strong>ex</strong></span> <span class='ocrx_word' id='word_1_563' title='bbox 599 3770 772 3825; x_wconf 80' lang='lat' dir='ltr'><strong>forma</strong></span> <span class='ocrx_word' id='word_1_564' title='bbox 809 3779 866 3827; x_wconf 88' lang='lat' dir='ltr'><strong>et</strong></span> <span class='ocrx_word' id='word_1_565' title='bbox 913 3772 1137 3826; x_wconf 90' lang='lat' dir='ltr'><strong>materia</strong></span> <span class='ocrx_word' id='word_1_566' title='bbox 1182 3779 1338 3826; x_wconf 88' lang='lat' dir='ltr'><strong>sunt:</strong></span> <span class='ocrx_word' id='word_1_567' title='bbox 1388 3772 1662 3840; x_wconf 86' lang='lat' dir='ltr'><strong>quomodo</strong></span> <span class='ocrx_word' id='word_1_568' title='bbox 1698 3773 1866 3844; x_wconf 77' lang='lat' dir='ltr'><strong>igitur</strong></span> <span class='ocrx_word' id='word_1_569' title='bbox 1912 3773 2059 3844; x_wconf 88' lang='lat' dir='ltr'><strong>quod</strong></span> 
     </span>
    </p>
   </div>
   <div class='ocr_carea' id='block_1_68' title="bbox 486 3861 2056 3935">
    <p class='ocr_par' dir='ltr' id='par_1_68' title="bbox 486 3861 2056 3935">
     <span class='ocr_line' id='line_1_68' title="bbox 486 3861 2056 3935; baseline 0.001 -19"><span class='ocrx_word' id='word_1_570' title='bbox 486 3877 585 3931; x_wconf 89' lang='lat' dir='ltr'><strong>per</strong></span> <span class='ocrx_word' id='word_1_571' title='bbox 618 3878 678 3918; x_wconf 88' lang='lat' dir='ltr'><strong>se</strong></span> <span class='ocrx_word' id='word_1_572' title='bbox 718 3861 918 3916; x_wconf 88' lang='lat' dir='ltr'><strong>malum</strong></span> <span class='ocrx_word' id='word_1_573' title='bbox 957 3870 1041 3918; x_wconf 89' lang='lat' dir='ltr'><strong>est</strong></span> <span class='ocrx_word' id='word_1_574' title='bbox 1077 3871 1302 3934; x_wconf 77' lang='lat' dir='ltr'><strong>generat</strong></span> <span class='ocrx_word' id='word_1_575' title='bbox 1337 3869 1391 3918; x_wconf 88' lang='lat' dir='ltr'><strong>et</strong></span> <span class='ocrx_word' id='word_1_576' title='bbox 1429 3863 1602 3917; x_wconf 90' lang='lat' dir='ltr'><strong>nutrit</strong></span> <span class='ocrx_word' id='word_1_577' title='bbox 1649 3880 1827 3935; x_wconf 88' lang='lat' dir='ltr'><strong>neque</strong></span> <span class='ocrx_word' id='word_1_578' title='bbox 1871 3866 2056 3920; x_wconf 89' lang='lat' dir='ltr'><strong>statim</strong></span> 
     </span>
    </p>
   </div>
   <div class='ocr_carea' id='block_1_69' title="bbox 486 3953 2056 4024">
    <p class='ocr_par' dir='ltr' id='par_1_69' title="bbox 486 3953 2056 4024">
     <span class='ocr_line' id='line_1_69' title="bbox 486 3953 2056 4024; baseline 0.004 -18"><span class='ocrx_word' id='word_1_579' title='bbox 486 3953 787 4022; x_wconf 90' lang='lat' dir='ltr'><strong>corrumpit</strong></span> <span class='ocrx_word' id='word_1_580' title='bbox 816 3967 880 4007; x_wconf 88' lang='lat' dir='ltr'><strong>ac</strong></span> <span class='ocrx_word' id='word_1_581' title='bbox 914 3953 1319 4024; x_wconf 85' lang='lat' dir='ltr'><strong>corrumpitur?</strong></span> <span class='ocrx_word' id='word_1_582' title='bbox 1353 3953 1467 4010; x_wconf 69' lang='lat' dir='ltr'><strong>haac</strong></span> <span class='ocrx_word' id='word_1_583' title='bbox 1498 3965 1582 4010; x_wconf 89' lang='lat' dir='ltr'><strong>est</strong></span> <span class='ocrx_word' id='word_1_584' title='bbox 1610 3956 1754 4011; x_wconf 91' lang='lat' dir='ltr'><strong>enim</strong></span> <span class='ocrx_word' id='word_1_585' title='bbox 1790 3956 2056 4012; x_wconf 88' lang='lat' dir='ltr'><strong>habitudo</strong></span> 
     </span>
    </p>
   </div>
   <div class='ocr_carea' id='block_1_70' title="bbox 484 4043 2055 4118">
    <p class='ocr_par' dir='ltr' id='par_1_70' title="bbox 484 4043 2055 4118">
     <span class='ocr_line' id='line_1_70' title="bbox 484 4043 2055 4118; baseline 0.005 -22"><span class='ocrx_word' id='word_1_586' title='bbox 484 4043 854 4098; x_wconf 76' lang='lat' dir='ltr'><strong>malizverum</strong></span> <span class='ocrx_word' id='word_1_587' title='bbox 905 4060 1080 4114; x_wconf 87' lang='lat' dir='ltr'><strong>neque</strong></span> <span class='ocrx_word' id='word_1_588' title='bbox 1129 4045 1210 4117; x_wconf 85' lang='lat' dir='ltr'><strong>(ut</strong></span> <span class='ocrx_word' id='word_1_589' title='bbox 1241 4045 1508 4116; x_wconf 86' lang='lat' dir='ltr'><strong>quosdam</strong></span> <span class='ocrx_word' id='word_1_590' title='bbox 1559 4048 1762 4104; x_wconf 90' lang='lat' dir='ltr'><strong>sentire</strong></span> <span class='ocrx_word' id='word_1_591' title='bbox 1801 4048 2055 4118; x_wconf 89' lang='lat' dir='ltr'><strong>superius</strong></span> 
     </span>
    </p>
   </div>
   <div class='ocr_carea' id='block_1_71' title="bbox 483 4133 2055 4210">
    <p class='ocr_par' dir='ltr' id='par_1_71' title="bbox 483 4133 2055 4210">
     <span class='ocr_line' id='line_1_71' title="bbox 483 4133 2055 4210; baseline 0.005 -24"><span class='ocrx_word' id='word_1_592' title='bbox 483 4133 748 4204; x_wconf 75' lang='lat' dir='ltr'><strong>diximus)</strong></span> <span class='ocrx_word' id='word_1_593' title='bbox 780 4137 1006 4189; x_wconf 85' lang='lat' dir='ltr'><strong>materia</strong></span> <span class='ocrx_word' id='word_1_594' title='bbox 1053 4136 1106 4190; x_wconf 92' lang='lat' dir='ltr'><strong>in</strong></span> <span class='ocrx_word' id='word_1_595' title='bbox 1140 4136 1401 4191; x_wconf 90' lang='lat' dir='ltr'><strong>malitiam</strong></span> <span class='ocrx_word' id='word_1_596' title='bbox 1449 4137 1662 4195; x_wconf 89' lang='lat' dir='ltr'><strong>animas</strong></span> <span class='ocrx_word' id='word_1_597' title='bbox 1693 4139 1918 4193; x_wconf 87' lang='lat' dir='ltr'><strong>attrahit</strong></span> <span class='ocrx_word' id='word_1_598' title='bbox 1957 4155 2055 4210; x_wconf 90' lang='lat' dir='ltr'><strong>per</strong></span> 
     </span>
    </p>
   </div>
   <div class='ocr_carea' id='block_1_72' title="bbox 400 4224 2058 4298">
    <p class='ocr_par' dir='ltr' id='par_1_72' title="bbox 400 4224 2058 4298">
     <span class='ocr_line' id='line_1_72' title="bbox 400 4224 2058 4298; baseline 0.006 -24"><span class='ocrx_word' id='word_1_599' title='bbox 400 4284 405 4291; x_wconf 95' lang='lat'><em>_</em></span> <span class='ocrx_word' id='word_1_600' title='bbox 488 4224 854 4279; x_wconf 87' lang='lat' dir='ltr'><strong>irrationalem</strong></span> <span class='ocrx_word' id='word_1_601' title='bbox 881 4226 1075 4281; x_wconf 72' lang='lat' dir='ltr'><strong>anima:</strong></span> <span class='ocrx_word' id='word_1_602' title='bbox 1105 4240 1334 4296; x_wconf 88' lang='lat' dir='ltr'><strong>partem,</strong></span> <span class='ocrx_word' id='word_1_603' title='bbox 1365 4229 1509 4298; x_wconf 88' lang='lat' dir='ltr'><strong>quod</strong></span> <span class='ocrx_word' id='word_1_604' title='bbox 1547 4230 1707 4285; x_wconf 92' lang='lat' dir='ltr'><strong>mista</strong></span> <span class='ocrx_word' id='word_1_605' title='bbox 1737 4231 1809 4285; x_wconf 89' lang='lat' dir='ltr'><strong>sit</strong></span> <span class='ocrx_word' id='word_1_606' title='bbox 1845 4231 1902 4284; x_wconf 90' lang='lat' dir='ltr'><strong>in</strong></span> <span class='ocrx_word' id='word_1_607' title='bbox 1932 4246 2058 4286; x_wconf 86' lang='lat' dir='ltr'><strong>cor-</strong></span> 
     </span>
    </p>
   </div>
   <div class='ocr_carea' id='block_1_73' title="bbox 487 4313 2056 4384">
    <p class='ocr_par' dir='ltr' id='par_1_73' title="bbox 487 4313 2056 4384">
     <span class='ocr_line' id='line_1_73' title="bbox 487 4313 2056 4384; baseline 0.008 -20"><span class='ocrx_word' id='word_1_608' title='bbox 487 4327 618 4380; x_wconf 91' lang='lat' dir='ltr'><strong>pore</strong></span> <span class='ocrx_word' id='word_1_609' title='bbox 647 4313 784 4381; x_wconf 87' lang='lat' dir='ltr'><strong>parti</strong></span> <span class='ocrx_word' id='word_1_610' title='bbox 820 4314 1013 4368; x_wconf 68' lang='lat' dir='ltr'><strong>animae</strong></span> <span class='ocrx_word' id='word_1_611' title='bbox 1040 4316 1248 4370; x_wconf 85' lang='lat' dir='ltr'><strong>ratione</strong></span> <span class='ocrx_word' id='word_1_612' title='bbox 1277 4318 1485 4373; x_wconf 89' lang='lat' dir='ltr'><strong>carenti</strong></span> <span class='ocrx_word' id='word_1_613' title='bbox 1510 4336 1524 4384; x_wconf 91' lang='lat'>;</span> <span class='ocrx_word' id='word_1_614' title='bbox 1555 4319 1709 4373; x_wconf 91' lang='lat' dir='ltr'><strong>multi</strong></span> <span class='ocrx_word' id='word_1_615' title='bbox 1737 4321 1884 4376; x_wconf 91' lang='lat' dir='ltr'><strong>enim</strong></span> <span class='ocrx_word' id='word_1_616' title='bbox 1912 4320 2056 4377; x_wconf 84' lang='lat' dir='ltr'><strong>hanc</strong></span> 
     </span>
    </p>
   </div>
   <div class='ocr_carea' id='block_1_74' title="bbox 409 4403 2054 4480">
    <p class='ocr_par' dir='ltr' id='par_1_74' title="bbox 409 4403 2054 4480">
     <span class='ocr_line' id='line_1_74' title="bbox 409 4403 2054 4480; baseline 0.007 -26"><span class='ocrx_word' id='word_1_617' title='bbox 409 4415 420 4474; x_wconf 47' lang='grc'>;</span> <span class='ocrx_word' id='word_1_618' title='bbox 487 4411 692 4471; x_wconf 88' lang='lat' dir='ltr'><strong>partem</strong></span> <span class='ocrx_word' id='word_1_619' title='bbox 729 4403 1076 4468; x_wconf 89' lang='lat' dir='ltr'><strong>domuerunt,</strong></span> <span class='ocrx_word' id='word_1_620' title='bbox 1117 4414 1176 4460; x_wconf 89' lang='lat' dir='ltr'><strong>ut</strong></span> <span class='ocrx_word' id='word_1_621' title='bbox 1221 4409 1395 4463; x_wconf 83' lang='lat' dir='ltr'><strong>sancti</strong></span> <span class='ocrx_word' id='word_1_622' title='bbox 1432 4407 1521 4463; x_wconf 88' lang='lat' dir='ltr'><strong>Dei</strong></span> <span class='ocrx_word' id='word_1_623' title='bbox 1549 4411 1842 4480; x_wconf 88' lang='lat' dir='ltr'><strong>;quoniam</strong></span> <span class='ocrx_word' id='word_1_624' title='bbox 1874 4419 2054 4465; x_wconf 89' lang='lat' dir='ltr'><strong>autem</strong></span> 
     </span>
    </p>
   </div>
   <div class='ocr_carea' id='block_1_75' title="bbox 383 4494 2055 4583">
    <p class='ocr_par' dir='ltr' id='par_1_75' title="bbox 383 4494 2055 4583">
     <span class='ocr_line' id='line_1_75' title="bbox 383 4494 2055 4583; baseline 0.007 -38"><span class='ocrx_word' id='word_1_625' title='bbox 383 4573 385 4575; x_wconf 14' lang='grc' dir='ltr'><strong><em>ι</em></strong></span> <span class='ocrx_word' id='word_1_626' title='bbox 419 4560 433 4583; x_wconf 31' lang='grc' dir='ltr'><strong>Σ</strong></span> <span class='ocrx_word' id='word_1_627' title='bbox 485 4494 708 4563; x_wconf 89' lang='lat' dir='ltr'><strong>quidam</strong></span> <span class='ocrx_word' id='word_1_628' title='bbox 744 4498 1028 4566; x_wconf 81' lang='lat' dir='ltr'><strong>gentilium</strong></span> <span class='ocrx_word' id='word_1_629' title='bbox 1053 4498 1243 4553; x_wconf 89' lang='lat' dir='ltr'><strong>dicunt</strong></span> <span class='ocrx_word' id='word_1_630' title='bbox 1272 4511 1555 4569; x_wconf 82' lang='lat' dir='ltr'><strong>propterea</strong></span> <span class='ocrx_word' id='word_1_631' title='bbox 1585 4503 1784 4555; x_wconf 67' lang='lat' dir='ltr'><strong>caelum</strong></span> <span class='ocrx_word' id='word_1_632' title='bbox 1813 4510 1866 4557; x_wconf 90' lang='lat' dir='ltr'><strong>et</strong></span> <span class='ocrx_word' id='word_1_633' title='bbox 1907 4511 2055 4557; x_wconf 90' lang='lat' dir='ltr'><strong>astra</strong></span> 
     </span>
    </p>
   </div>
   <div class='ocr_carea' id='block_1_76' title="bbox 431 4589 2055 4661">
    <p class='ocr_par' dir='ltr' id='par_1_76' title="bbox 431 4589 2055 4661">
     <span class='ocr_line' id='line_1_76' title="bbox 431 4589 2055 4661; baseline 0.005 -22"><span class='ocrx_word' id='word_1_634' title='bbox 431 4593 436 4605; x_wconf 84' lang='lat'>&#39;</span> <span class='ocrx_word' id='word_1_635' title='bbox 485 4602 597 4640; x_wconf 90' lang='lat' dir='ltr'><strong>non</strong></span> <span class='ocrx_word' id='word_1_636' title='bbox 640 4589 944 4657; x_wconf 87' lang='lat' dir='ltr'><strong>corrumpi,</strong></span> <span class='ocrx_word' id='word_1_637' title='bbox 991 4590 1120 4658; x_wconf 85' lang='lat' dir='ltr'><strong>quia</strong></span> <span class='ocrx_word' id='word_1_638' title='bbox 1159 4605 1221 4645; x_wconf 80' lang='lat' dir='ltr'><strong>ex</strong></span> <span class='ocrx_word' id='word_1_639' title='bbox 1266 4591 1474 4660; x_wconf 87' lang='lat' dir='ltr'><strong>puriori</strong></span> <span class='ocrx_word' id='word_1_640' title='bbox 1519 4591 1784 4661; x_wconf 88' lang='lat' dir='ltr'><strong>producta</strong></span> <span class='ocrx_word' id='word_1_641' title='bbox 1837 4591 2055 4646; x_wconf 79' lang='lat' dir='ltr'><strong>fuerunt</strong></span> 
     </span>
    </p>
   </div>
   <div class='ocr_carea' id='block_1_77' title="bbox 398 4679 2052 4752">
    <p class='ocr_par' dir='ltr' id='par_1_77' title="bbox 398 4679 2052 4752">
     <span class='ocr_line' id='line_1_77' title="bbox 398 4679 2052 4752; baseline 0.007 -24"><span class='ocrx_word' id='word_1_642' title='bbox 398 4713 412 4728; x_wconf 76' lang='lat'>.</span> <span class='ocrx_word' id='word_1_643' title='bbox 486 4679 744 4741; x_wconf 88' lang='lat' dir='ltr'><strong>materia,</strong></span> <span class='ocrx_word' id='word_1_644' title='bbox 792 4695 856 4733; x_wconf 90' lang='lat' dir='ltr'><strong>ea</strong></span> <span class='ocrx_word' id='word_1_645' title='bbox 905 4688 1084 4734; x_wconf 91' lang='lat' dir='ltr'><strong>autem</strong></span> <span class='ocrx_word' id='word_1_646' title='bbox 1135 4696 1255 4751; x_wconf 75' lang='lat' dir='ltr'><strong>quae</strong></span> <span class='ocrx_word' id='word_1_647' title='bbox 1289 4683 1738 4752; x_wconf 85' lang='lat' dir='ltr'><strong>corruptibilibus</strong></span> <span class='ocrx_word' id='word_1_648' title='bbox 1784 4684 2052 4740; x_wconf 69' lang='lat' dir='ltr'><strong>inhaerent</strong></span> 
     </span>
    </p>
   </div>
   <div class='ocr_carea' id='block_1_78' title="bbox 2161 3491 3728 3568">
    <p class='ocr_par' dir='ltr' id='par_1_78' title="bbox 2161 3491 3728 3568">
     <span class='ocr_line' id='line_1_78' title="bbox 2161 3491 3728 3568; baseline -0.001 -19"><span class='ocrx_word' id='word_1_649' title='bbox 2161 3497 2268 3549; x_wconf 86' lang='grc' dir='ltr'><strong>τῶν</strong></span> <span class='ocrx_word' id='word_1_650' title='bbox 2300 3497 2564 3566; x_wconf 87' lang='grc' dir='ltr'>λεγόντων</span> <span class='ocrx_word' id='word_1_651' title='bbox 2597 3498 2765 3551; x_wconf 85' lang='grc' dir='ltr'>κακὸν</span> <span class='ocrx_word' id='word_1_652' title='bbox 2799 3493 2938 3550; x_wconf 83' lang='grc' dir='ltr'>εἶναι</span> <span class='ocrx_word' id='word_1_653' title='bbox 2967 3495 3066 3568; x_wconf 79' lang='grc' dir='ltr'><strong>τὴν</strong></span> <span class='ocrx_word' id='word_1_654' title='bbox 3095 3494 3248 3567; x_wconf 75' lang='grc' dir='ltr'>ὓλην,</span> <span class='ocrx_word' id='word_1_655' title='bbox 3293 3494 3459 3567; x_wconf 77' lang='grc' dir='ltr'>φησί’</span> <span class='ocrx_word' id='word_1_656' title='bbox 3494 3495 3618 3560; x_wconf 88' lang='grc' dir='ltr'>Πῶς</span> <span class='ocrx_word' id='word_1_657' title='bbox 3647 3491 3728 3548; x_wconf 74' lang='grc' dir='ltr'><strong>οὖν</strong></span> 
     </span>
    </p>
   </div>
   <div class='ocr_carea' id='block_1_79' title="bbox 2161 3585 3729 3661">
    <p class='ocr_par' dir='ltr' id='par_1_79' title="bbox 2161 3585 3729 3661">
     <span class='ocr_line' id='line_1_79' title="bbox 2161 3585 3729 3661; baseline -0.001 -19"><span class='ocrx_word' id='word_1_658' title='bbox 2161 3589 2219 3657; x_wconf 71' lang='grc' dir='ltr'><strong>ἐξ</strong></span> <span class='ocrx_word' id='word_1_659' title='bbox 2261 3589 2392 3660; x_wconf 76' lang='grc' dir='ltr'>ὕλης</span> <span class='ocrx_word' id='word_1_660' title='bbox 2423 3591 2671 3658; x_wconf 81' lang='grc' dir='ltr'>γεννᾶται</span> <span class='ocrx_word' id='word_1_661' title='bbox 2717 3589 2813 3642; x_wconf 77' lang='grc' dir='ltr'><strong>καὶ</strong></span> <span class='ocrx_word' id='word_1_662' title='bbox 2841 3588 3097 3661; x_wconf 82' lang='grc' dir='ltr'>τρέφεται</span> <span class='ocrx_word' id='word_1_663' title='bbox 3135 3589 3170 3658; x_wconf 81' lang='grc' dir='ltr'>ἡ</span> <span class='ocrx_word' id='word_1_664' title='bbox 3211 3585 3440 3656; x_wconf 78' lang='grc' dir='ltr'>ἔκφυσις</span> <span class='ocrx_word' id='word_1_665' title='bbox 3485 3585 3592 3640; x_wconf 89' lang='grc' dir='ltr'>τῶν</span> <span class='ocrx_word' id='word_1_666' title='bbox 3631 3586 3729 3640; x_wconf 66' lang='grc' dir='ltr'><strong>ἀπὸ</strong></span> 
     </span>
    </p>
   </div>
   <div class='ocr_carea' id='block_1_80' title="bbox 2161 3678 3729 3752">
    <p class='ocr_par' dir='ltr' id='par_1_80' title="bbox 2161 3678 3729 3752">
     <span class='ocr_line' id='line_1_80' title="bbox 2161 3678 3729 3752; baseline -0.004 -15"><span class='ocrx_word' id='word_1_667' title='bbox 2161 3683 2284 3752; x_wconf 80' lang='grc' dir='ltr'>γῆς,</span> <span class='ocrx_word' id='word_1_668' title='bbox 2325 3681 2466 3750; x_wconf 78' lang='grc' dir='ltr'>φυτά</span> <span class='ocrx_word' id='word_1_669' title='bbox 2516 3682 2609 3734; x_wconf 75' lang='grc' dir='ltr'>καὶ</span> <span class='ocrx_word' id='word_1_670' title='bbox 2652 3681 2794 3746; x_wconf 60' lang='lat' dir='ltr'><strong>Cum;</strong></span> <span class='ocrx_word' id='word_1_671' title='bbox 2829 3681 2925 3734; x_wconf 81' lang='grc' dir='ltr'>καὶ</span> <span class='ocrx_word' id='word_1_672' title='bbox 2968 3679 3142 3734; x_wconf 83' lang='grc' dir='ltr'>ταῦτα</span> <span class='ocrx_word' id='word_1_673' title='bbox 3179 3678 3288 3749; x_wconf 80' lang='grc' dir='ltr'>γὰρ</span> <span class='ocrx_word' id='word_1_674' title='bbox 3333 3679 3394 3743; x_wconf 78' lang='grc' dir='ltr'>ἐξ</span> <span class='ocrx_word' id='word_1_675' title='bbox 3425 3679 3597 3744; x_wconf 77' lang='grc' dir='ltr'>εἴδους</span> <span class='ocrx_word' id='word_1_676' title='bbox 3645 3679 3729 3732; x_wconf 76' lang='grc' dir='ltr'>καὶ</span> 
     </span>
    </p>
   </div>
   <div class='ocr_carea' id='block_1_81' title="bbox 2161 3767 3728 3843">
    <p class='ocr_par' dir='ltr' id='par_1_81' title="bbox 2161 3767 3728 3843">
     <span class='ocr_line' id='line_1_81' title="bbox 2161 3767 3728 3843; baseline -0.001 -18"><span class='ocrx_word' id='word_1_677' title='bbox 2161 3772 2292 3843; x_wconf 75' lang='grc' dir='ltr'>ὕλης</span> <span class='ocrx_word' id='word_1_678' title='bbox 2337 3772 2460 3825; x_wconf 86' lang='grc' dir='ltr'>είσί.</span> <span class='ocrx_word' id='word_1_679' title='bbox 2491 3773 2563 3824; x_wconf 77' lang='grc' dir='ltr'>Τὸ</span> <span class='ocrx_word' id='word_1_680' title='bbox 2594 3767 2685 3824; x_wconf 74' lang='grc' dir='ltr'>οὖν</span> <span class='ocrx_word' id='word_1_681' title='bbox 2715 3771 3014 3825; x_wconf 81' lang='grc' dir='ltr'>αὐτόκακον</span> <span class='ocrx_word' id='word_1_682' title='bbox 3042 3770 3160 3834; x_wconf 89' lang='grc' dir='ltr'>πῶς</span> <span class='ocrx_word' id='word_1_683' title='bbox 3193 3772 3356 3842; x_wconf 78' lang='grc' dir='ltr'>γεννᾷ</span> <span class='ocrx_word' id='word_1_684' title='bbox 3395 3771 3489 3824; x_wconf 76' lang='grc' dir='ltr'><strong>καὶ</strong></span> <span class='ocrx_word' id='word_1_685' title='bbox 3517 3771 3728 3841; x_wconf 72' lang='grc' dir='ltr'>τρέφει,</span> 
     </span>
    </p>
   </div>
   <div class='ocr_carea' id='block_1_82' title="bbox 2159 3861 3728 3936">
    <p class='ocr_par' dir='ltr' id='par_1_82' title="bbox 2159 3861 3728 3936">
     <span class='ocr_line' id='line_1_82' title="bbox 2159 3861 3728 3936; baseline -0.003 -18"><span class='ocrx_word' id='word_1_686' title='bbox 2159 3866 2254 3918; x_wconf 69' lang='grc' dir='ltr'><strong>καὶ</strong></span> <span class='ocrx_word' id='word_1_687' title='bbox 2283 3864 2386 3917; x_wconf 81' lang='grc' dir='ltr'>οὐκ</span> <span class='ocrx_word' id='word_1_688' title='bbox 2411 3863 2571 3927; x_wconf 72' lang='grc' dir='ltr'>εὐθὺς</span> <span class='ocrx_word' id='word_1_689' title='bbox 2605 3864 2812 3934; x_wconf 78' lang='grc' dir='ltr'>φθείρει</span> <span class='ocrx_word' id='word_1_690' title='bbox 2845 3863 2942 3917; x_wconf 75' lang='grc' dir='ltr'>καὶ</span> <span class='ocrx_word' id='word_1_691' title='bbox 2979 3863 3288 3936; x_wconf 74' lang='grc' dir='ltr'>φθείρεται;</span> <span class='ocrx_word' id='word_1_692' title='bbox 3320 3861 3458 3934; x_wconf 73' lang='grc' dir='ltr'>αὕτη</span> <span class='ocrx_word' id='word_1_693' title='bbox 3493 3862 3602 3933; x_wconf 80' lang='grc' dir='ltr'>γὰρ</span> <span class='ocrx_word' id='word_1_694' title='bbox 3626 3862 3728 3929; x_wconf 75' lang='grc' dir='ltr'><strong>ἕξις</strong></span> 
     </span>
    </p>
   </div>
   <div class='ocr_carea' id='block_1_83' title="bbox 2158 3952 3726 4027">
    <p class='ocr_par' dir='ltr' id='par_1_83' title="bbox 2158 3952 3726 4027">
     <span class='ocr_line' id='line_1_83' title="bbox 2158 3952 3726 4027; baseline -0.001 -19"><span class='ocrx_word' id='word_1_695' title='bbox 2158 3955 2252 4008; x_wconf 80' lang='grc' dir='ltr'>τοῦ</span> <span class='ocrx_word' id='word_1_696' title='bbox 2286 3955 2483 4008; x_wconf 83' lang='grc' dir='ltr'>κακοῦ·</span> <span class='ocrx_word' id='word_1_697' title='bbox 2520 3955 2632 4008; x_wconf 80' lang='grc' dir='ltr'><strong>ἀλλ’</strong></span> <span class='ocrx_word' id='word_1_698' title='bbox 2677 3955 2822 4018; x_wconf 76' lang='grc' dir='ltr'>οὔτε,</span> <span class='ocrx_word' id='word_1_699' title='bbox 2852 3955 2928 4019; x_wconf 83' lang='grc' dir='ltr'>ὡς</span> <span class='ocrx_word' id='word_1_700' title='bbox 2956 3955 3164 4027; x_wconf 67' lang='grc' dir='ltr'>ἔφημεν</span> <span class='ocrx_word' id='word_1_701' title='bbox 3201 3956 3314 4010; x_wconf 75' lang='grc' dir='ltr'>ἄνω</span> <span class='ocrx_word' id='word_1_702' title='bbox 3359 3954 3537 4024; x_wconf 89' lang='grc' dir='ltr'>λέγειν</span> <span class='ocrx_word' id='word_1_703' title='bbox 3565 3952 3726 4017; x_wconf 81' lang='grc' dir='ltr'>τινὰς,</span> 
     </span>
    </p>
   </div>
   <div class='ocr_carea' id='block_1_84' title="bbox 2159 4046 3729 4120">
    <p class='ocr_par' dir='ltr' id='par_1_84' title="bbox 2159 4046 3729 4120">
     <span class='ocr_line' id='line_1_84' title="bbox 2159 4046 3729 4120; baseline -0.003 -19"><span class='ocrx_word' id='word_1_704' title='bbox 2159 4048 2440 4118; x_wconf 80' lang='grc' dir='ltr'><strong>ἐφέλκεται</strong></span> <span class='ocrx_word' id='word_1_705' title='bbox 2470 4051 2549 4111; x_wconf 84' lang='grc' dir='ltr'>είς</span> <span class='ocrx_word' id='word_1_706' title='bbox 2581 4049 2775 4101; x_wconf 87' lang='grc' dir='ltr'>κακίαν</span> <span class='ocrx_word' id='word_1_707' title='bbox 2803 4047 2902 4112; x_wconf 79' lang='grc' dir='ltr'>τὰς</span> <span class='ocrx_word' id='word_1_708' title='bbox 2928 4048 3105 4119; x_wconf 80' lang='grc' dir='ltr'>ψυχὰς</span> <span class='ocrx_word' id='word_1_709' title='bbox 3129 4050 3162 4120; x_wconf 82' lang='grc' dir='ltr'>ἡ</span> <span class='ocrx_word' id='word_1_710' title='bbox 3186 4047 3287 4119; x_wconf 75' lang='grc' dir='ltr'><strong>ὕλη</strong></span> <span class='ocrx_word' id='word_1_711' title='bbox 3312 4046 3401 4100; x_wconf 86' lang='grc' dir='ltr'><strong>διὰ</strong></span> <span class='ocrx_word' id='word_1_712' title='bbox 3424 4047 3518 4101; x_wconf 78' lang='grc' dir='ltr'><strong>τοῦ</strong></span> <span class='ocrx_word' id='word_1_713' title='bbox 3545 4046 3729 4114; x_wconf 79' lang='grc' dir='ltr'>ἀλόγου</span> 
     </span>
    </p>
   </div>
   <div class='ocr_carea' id='block_1_85' title="bbox 2161 4134 3727 4212">
    <p class='ocr_par' dir='ltr' id='par_1_85' title="bbox 2161 4134 3727 4212">
     <span class='ocr_line' id='line_1_85' title="bbox 2161 4134 3727 4212; baseline -0.003 -19"><span class='ocrx_word' id='word_1_714' title='bbox 2161 4141 2358 4212; x_wconf 81' lang='grc' dir='ltr'>μέρους</span> <span class='ocrx_word' id='word_1_715' title='bbox 2393 4141 2492 4212; x_wconf 78' lang='grc' dir='ltr'>τῆς</span> <span class='ocrx_word' id='word_1_716' title='bbox 2517 4139 2712 4211; x_wconf 72' lang='grc' dir='ltr'>ψυχῆς,</span> <span class='ocrx_word' id='word_1_717' title='bbox 2743 4139 2829 4192; x_wconf 79' lang='grc' dir='ltr'>διὰ</span> <span class='ocrx_word' id='word_1_718' title='bbox 2880 4139 2974 4192; x_wconf 78' lang='grc' dir='ltr'>τοῦ</span> <span class='ocrx_word' id='word_1_719' title='bbox 3021 4138 3271 4210; x_wconf 79' lang='grc' dir='ltr'>σώματος</span> <span class='ocrx_word' id='word_1_720' title='bbox 3307 4140 3614 4211; x_wconf 84' lang='grc' dir='ltr'>μεμιγμένη</span> <span class='ocrx_word' id='word_1_721' title='bbox 3655 4134 3727 4205; x_wconf 83' lang='grc' dir='ltr'>τῷ</span> 
     </span>
    </p>
   </div>
   <div class='ocr_carea' id='block_1_86' title="bbox 2158 4227 3722 4305">
    <p class='ocr_par' dir='ltr' id='par_1_86' title="bbox 2158 4227 3722 4305">
     <span class='ocr_line' id='line_1_86' title="bbox 2158 4227 3722 4305; baseline -0.004 -20"><span class='ocrx_word' id='word_1_722' title='bbox 2158 4232 2336 4302; x_wconf 84' lang='grc' dir='ltr'>ἀλόγῳ</span> <span class='ocrx_word' id='word_1_723' title='bbox 2376 4232 2474 4302; x_wconf 85' lang='grc' dir='ltr'>τῆς</span> <span class='ocrx_word' id='word_1_724' title='bbox 2499 4231 2707 4303; x_wconf 67' lang='grc' dir='ltr'><strong>ψυχῆςν</strong></span> <span class='ocrx_word' id='word_1_725' title='bbox 2740 4231 2924 4283; x_wconf 73' lang='grc' dir='ltr'>πολλοὶ</span> <span class='ocrx_word' id='word_1_726' title='bbox 2951 4229 3062 4302; x_wconf 77' lang='grc' dir='ltr'>γὰρ</span> <span class='ocrx_word' id='word_1_727' title='bbox 3092 4230 3406 4305; x_wconf 77' lang='grc' dir='ltr'>ἐκράτησαν</span> <span class='ocrx_word' id='word_1_728' title='bbox 3434 4230 3528 4283; x_wconf 81' lang='grc' dir='ltr'><strong>τοῦ</strong></span> <span class='ocrx_word' id='word_1_729' title='bbox 3559 4227 3722 4281; x_wconf 80' lang='grc' dir='ltr'>τοιού-</span> 
     </span>
    </p>
   </div>
   <div class='ocr_carea' id='block_1_87' title="bbox 2158 4318 3726 4393">
    <p class='ocr_par' dir='ltr' id='par_1_87' title="bbox 2158 4318 3726 4393">
     <span class='ocr_line' id='line_1_87' title="bbox 2158 4318 3726 4393; baseline -0.005 -18"><span class='ocrx_word' id='word_1_730' title='bbox 2158 4340 2256 4375; x_wconf 81' lang='grc' dir='ltr'><strong>του</strong></span> <span class='ocrx_word' id='word_1_731' title='bbox 2293 4323 2508 4393; x_wconf 78' lang='grc' dir='ltr'>μέρους,</span> <span class='ocrx_word' id='word_1_732' title='bbox 2551 4322 2625 4384; x_wconf 79' lang='grc' dir='ltr'>ὡς</span> <span class='ocrx_word' id='word_1_733' title='bbox 2656 4323 2705 4374; x_wconf 76' lang='grc' dir='ltr'>οἱ</span> <span class='ocrx_word' id='word_1_734' title='bbox 2743 4322 2886 4388; x_wconf 82' lang='grc' dir='ltr'>ἆγιοι</span> <span class='ocrx_word' id='word_1_735' title='bbox 2922 4320 3018 4373; x_wconf 83' lang='grc' dir='ltr'>τοῦ</span> <span class='ocrx_word' id='word_1_736' title='bbox 3062 4319 3217 4374; x_wconf 88' lang='grc' dir='ltr'><strong>Θεοῦ.</strong></span> <span class='ocrx_word' id='word_1_737' title='bbox 3263 4320 3478 4392; x_wconf 78' lang='grc' dir='ltr'>Ἐπειδὴ</span> <span class='ocrx_word' id='word_1_738' title='bbox 3507 4320 3562 4374; x_wconf 83' lang='grc' dir='ltr'>δὲ</span> <span class='ocrx_word' id='word_1_739' title='bbox 3605 4318 3726 4371; x_wconf 80' lang='grc' dir='ltr'>ἔνιοι</span> 
     </span>
    </p>
   </div>
   <div class='ocr_carea' id='block_1_88' title="bbox 2157 4406 3728 4484">
    <p class='ocr_par' dir='ltr' id='par_1_88' title="bbox 2157 4406 3728 4484">
     <span class='ocr_line' id='line_1_88' title="bbox 2157 4406 3728 4484; baseline -0.004 -18"><span class='ocrx_word' id='word_1_740' title='bbox 2157 4414 2263 4466; x_wconf 88' lang='grc' dir='ltr'>τῶν</span> <span class='ocrx_word' id='word_1_741' title='bbox 2307 4414 2568 4484; x_wconf 71' lang='grc' dir='ltr'>Ἑλλήνων</span> <span class='ocrx_word' id='word_1_742' title='bbox 2596 4412 2748 4480; x_wconf 78' lang='grc' dir='ltr'>φασὶ,</span> <span class='ocrx_word' id='word_1_743' title='bbox 2791 4412 2880 4466; x_wconf 79' lang='grc' dir='ltr'><strong>διὰ</strong></span> <span class='ocrx_word' id='word_1_744' title='bbox 2918 4411 3076 4464; x_wconf 81' lang='grc' dir='ltr'>τοῦτο</span> <span class='ocrx_word' id='word_1_745' title='bbox 3113 4411 3204 4464; x_wconf 83' lang='grc' dir='ltr'><strong>τὸν</strong></span> <span class='ocrx_word' id='word_1_746' title='bbox 3257 4411 3484 4482; x_wconf 80' lang='grc' dir='ltr'><strong>οὐρανὸν</strong></span> <span class='ocrx_word' id='word_1_747' title='bbox 3533 4411 3623 4463; x_wconf 76' lang='grc' dir='ltr'>καὶ</span> <span class='ocrx_word' id='word_1_748' title='bbox 3661 4406 3728 4458; x_wconf 73' lang='grc' dir='ltr'>τὰ</span> 
     </span>
    </p>
   </div>
   <div class='ocr_carea' id='block_1_89' title="bbox 2157 4501 3727 4576">
    <p class='ocr_par' dir='ltr' id='par_1_89' title="bbox 2157 4501 3727 4576">
     <span class='ocr_line' id='line_1_89' title="bbox 2157 4501 3727 4576; baseline -0.005 -18"><span class='ocrx_word' id='word_1_749' title='bbox 2157 4507 2332 4576; x_wconf 80' lang='grc' dir='ltr'>ἄστρα</span> <span class='ocrx_word' id='word_1_750' title='bbox 2367 4505 2439 4576; x_wconf 86' lang='grc' dir='ltr'>μὴ</span> <span class='ocrx_word' id='word_1_751' title='bbox 2485 4504 2828 4575; x_wconf 78' lang='grc' dir='ltr'>φθείρεσθαι,</span> <span class='ocrx_word' id='word_1_752' title='bbox 2867 4503 2954 4556; x_wconf 76' lang='grc' dir='ltr'><strong>διὰ</strong></span> <span class='ocrx_word' id='word_1_753' title='bbox 2997 4504 3058 4556; x_wconf 80' lang='grc' dir='ltr'><strong>τὸ</strong></span> <span class='ocrx_word' id='word_1_754' title='bbox 3100 4505 3164 4556; x_wconf 83' lang='grc' dir='ltr'>ὲκ</span> <span class='ocrx_word' id='word_1_755' title='bbox 3209 4504 3304 4557; x_wconf 81' lang='grc' dir='ltr'>τοῦ</span> <span class='ocrx_word' id='word_1_756' title='bbox 3350 4501 3727 4573; x_wconf 72' lang='grc' dir='ltr'>καθαρωτέρου</span> 
     </span>
    </p>
   </div>
   <div class='ocr_carea' id='block_1_90' title="bbox 2157 4592 3727 4667">
    <p class='ocr_par' dir='ltr' id='par_1_90' title="bbox 2157 4592 3727 4667">
     <span class='ocr_line' id='line_1_90' title="bbox 2157 4592 3727 4667; baseline 0.002 -18"><span class='ocrx_word' id='word_1_757' title='bbox 2157 4598 2255 4667; x_wconf 85' lang='grc' dir='ltr'>τῆς</span> <span class='ocrx_word' id='word_1_758' title='bbox 2300 4597 2429 4667; x_wconf 75' lang='grc' dir='ltr'>ὕλης</span> <span class='ocrx_word' id='word_1_759' title='bbox 2476 4596 2760 4664; x_wconf 82' lang='grc' dir='ltr'>γενέσθαι·</span> <span class='ocrx_word' id='word_1_760' title='bbox 2799 4595 2870 4648; x_wconf 74' lang='grc' dir='ltr'>τὰ</span> <span class='ocrx_word' id='word_1_761' title='bbox 2920 4596 2977 4649; x_wconf 85' lang='grc' dir='ltr'>δὲ</span> <span class='ocrx_word' id='word_1_762' title='bbox 3022 4595 3262 4667; x_wconf 88' lang='grc' dir='ltr'>προσεχῆ</span> <span class='ocrx_word' id='word_1_763' title='bbox 3319 4599 3434 4661; x_wconf 82' lang='grc' dir='ltr'>τοῖς</span> <span class='ocrx_word' id='word_1_764' title='bbox 3480 4592 3727 4666; x_wconf 79' lang='grc' dir='ltr'><strong>φθαρτοῖς</strong></span> 
     </span>
    </p>
   </div>
   <div class='ocr_carea' id='block_1_91' title="bbox 2165 4685 3725 4761">
    <p class='ocr_par' dir='ltr' id='par_1_91' title="bbox 2165 4685 3725 4761">
     <span class='ocr_line' id='line_1_91' title="bbox 2165 4685 3725 4761; baseline 0.001 -19"><span class='ocrx_word' id='word_1_765' title='bbox 2165 4689 2408 4760; x_wconf 82' lang='grc' dir='ltr'>σώμασιν</span> <span class='ocrx_word' id='word_1_766' title='bbox 2451 4691 2513 4742; x_wconf 80' lang='grc' dir='ltr'>ὲκ</span> <span class='ocrx_word' id='word_1_767' title='bbox 2555 4691 2652 4760; x_wconf 83' lang='grc' dir='ltr'>τῆς</span> <span class='ocrx_word' id='word_1_768' title='bbox 2696 4688 3049 4760; x_wconf 82' lang='grc' dir='ltr'>ὑποστάθμης</span> <span class='ocrx_word' id='word_1_769' title='bbox 3113 4691 3215 4744; x_wconf 67' lang='grc' dir='ltr'>καὶ</span> <span class='ocrx_word' id='word_1_770' title='bbox 3244 4690 3554 4761; x_wconf 83' lang='grc' dir='ltr'>παχυτέρας</span> <span class='ocrx_word' id='word_1_771' title='bbox 3600 4685 3725 4753; x_wconf 81' lang='grc' dir='ltr'>ῡλης</span> 
     </span>
    </p>
   </div>
   <div class='ocr_carea' id='block_1_92' title="bbox 485 4761 2056 4851">
    <p class='ocr_par' dir='ltr' id='par_1_92' title="bbox 485 4771 2044 4846">
     <span class='ocr_line' id='line_1_92' title="bbox 485 4771 2044 4846; baseline 0.004 -22"><span class='ocrx_word' id='word_1_772' title='bbox 485 4771 833 4839; x_wconf 90' lang='lat' dir='ltr'><strong>corporibus,</strong></span> <span class='ocrx_word' id='word_1_773' title='bbox 871 4787 935 4826; x_wconf 81' lang='lat' dir='ltr'><strong>ex</strong></span> <span class='ocrx_word' id='word_1_774' title='bbox 974 4772 1220 4841; x_wconf 85' lang='lat' dir='ltr'><strong>subjecta</strong></span> <span class='ocrx_word' id='word_1_775' title='bbox 1259 4784 1313 4828; x_wconf 88' lang='lat' dir='ltr'><strong>et</strong></span> <span class='ocrx_word' id='word_1_776' title='bbox 1353 4775 1625 4830; x_wconf 86' lang='lat' dir='ltr'><strong>crassiore</strong></span> <span class='ocrx_word' id='word_1_777' title='bbox 1656 4776 1879 4830; x_wconf 87' lang='lat' dir='ltr'><strong>materia</strong></span> <span class='ocrx_word' id='word_1_778' title='bbox 1927 4792 2044 4846; x_wconf 86' lang='lat' dir='ltr'><strong>pro-</strong></span> 
     </span>
    </p>
   </div>
   <div class='ocr_carea' id='block_1_93' title="bbox 2160 4761 3728 4851">
    <p class='ocr_par' dir='ltr' id='par_1_93' title="bbox 2160 4776 3728 4851">
     <span class='ocr_line' id='line_1_93' title="bbox 2160 4776 3728 4851; baseline -0.003 -16"><span class='ocrx_word' id='word_1_779' title='bbox 2160 4783 2374 4851; x_wconf 83' lang='grc' dir='ltr'>λέγουσι</span> <span class='ocrx_word' id='word_1_780' title='bbox 2436 4782 2721 4851; x_wconf 87' lang='grc' dir='ltr'>γενέσθαι·</span> <span class='ocrx_word' id='word_1_781' title='bbox 2769 4782 3080 4851; x_wconf 83' lang='grc' dir='ltr'>ἀναγκαίως</span> <span class='ocrx_word' id='word_1_782' title='bbox 3132 4783 3253 4837; x_wconf 82' lang='grc' dir='ltr'>καθ’</span> <span class='ocrx_word' id='word_1_783' title='bbox 3305 4782 3564 4836; x_wconf 77' lang='grc' dir='ltr'><strong>ὑπόϐασιν</strong></span> <span class='ocrx_word' id='word_1_784' title='bbox 3620 4776 3728 4830; x_wconf 83' lang='grc' dir='ltr'><strong>τῶν</strong></span> 
     </span>
    </p>
   </div>
   <div class='ocr_carea' id='block_1_94' title="bbox 483 4856 2054 4921">
    <p class='ocr_par' dir='ltr' id='par_1_94' title="bbox 483 4856 2054 4921">
     <span class='ocr_line' id='line_1_94' title="bbox 483 4856 2054 4921; baseline 0.007 -11"><span class='ocrx_word' id='word_1_785' title='bbox 483 4856 634 4921; x_wconf 91' lang='lat' dir='ltr'><strong>duci,</strong></span> <span class='ocrx_word' id='word_1_786' title='bbox 675 4873 798 4913; x_wconf 89' lang='lat' dir='ltr'><strong>cum</strong></span> <span class='ocrx_word' id='word_1_787' title='bbox 836 4862 1146 4916; x_wconf 90' lang='lat' dir='ltr'><strong>necessario</strong></span> <span class='ocrx_word' id='word_1_788' title='bbox 1175 4863 1229 4915; x_wconf 91' lang='lat' dir='ltr'><strong>in</strong></span> <span class='ocrx_word' id='word_1_789' title='bbox 1260 4861 1615 4918; x_wconf 82' lang='lat' dir='ltr'><strong>fundamento</strong></span> <span class='ocrx_word' id='word_1_790' title='bbox 1641 4874 1948 4920; x_wconf 88' lang='lat' dir='ltr'><strong>creatorum</strong></span> <span class='ocrx_word' id='word_1_791' title='bbox 1983 4867 2054 4921; x_wconf 90' lang='lat' dir='ltr'><strong>sit</strong></span> 
     </span>
    </p>
   </div>
   <div class='ocr_carea' id='block_1_95' title="bbox 483 4951 2051 5025">
    <p class='ocr_par' dir='ltr' id='par_1_95' title="bbox 483 4951 2051 5025">
     <span class='ocr_line' id='line_1_95' title="bbox 483 4951 2051 5025; baseline 0.006 -21"><span class='ocrx_word' id='word_1_792' title='bbox 483 4955 766 5014; x_wconf 77' lang='lat' dir='ltr'><strong>extrema,</strong></span> <span class='ocrx_word' id='word_1_793' title='bbox 809 4951 968 5004; x_wconf 91' lang='lat' dir='ltr'><strong>talem</strong></span> <span class='ocrx_word' id='word_1_794' title='bbox 1015 4953 1283 5021; x_wconf 87' lang='lat' dir='ltr'><strong>evadere;</strong></span> <span class='ocrx_word' id='word_1_795' title='bbox 1341 4955 1574 5025; x_wconf 87' lang='lat' dir='ltr'><strong>ideoque</strong></span> <span class='ocrx_word' id='word_1_796' title='bbox 1616 4956 1876 5012; x_wconf 83' lang='lat' dir='ltr'><strong>inferiora</strong></span> <span class='ocrx_word' id='word_1_797' title='bbox 1923 4973 2051 5013; x_wconf 87' lang='lat' dir='ltr'><strong>cor-</strong></span> 
     </span>
    </p>
   </div>
   <div class='ocr_carea' id='block_1_96' title="bbox 486 5044 2050 5121">
    <p class='ocr_par' dir='ltr' id='par_1_96' title="bbox 486 5044 2050 5121">
     <span class='ocr_line' id='line_1_96' title="bbox 486 5044 2050 5121; baseline 0.006 -27"><span class='ocrx_word' id='word_1_798' title='bbox 486 5051 833 5112; x_wconf 88' lang='lat' dir='ltr'><strong>rumpuntur,</strong></span> <span class='ocrx_word' id='word_1_799' title='bbox 890 5044 1218 5114; x_wconf 90' lang='lat' dir='ltr'><strong>minimeque</strong></span> <span class='ocrx_word' id='word_1_800' title='bbox 1262 5055 1442 5113; x_wconf 88' lang='lat' dir='ltr'><strong>stant,</strong></span> <span class='ocrx_word' id='word_1_801' title='bbox 1488 5052 1634 5119; x_wconf 86' lang='lat' dir='ltr'><strong>quod</strong></span> <span class='ocrx_word' id='word_1_802' title='bbox 1674 5065 1782 5104; x_wconf 90' lang='lat' dir='ltr'><strong>non</strong></span> <span class='ocrx_word' id='word_1_803' title='bbox 1837 5051 2050 5121; x_wconf 83' lang='lat' dir='ltr'><strong>possint</strong></span> 
     </span>
    </p>
   </div>
   <div class='ocr_carea' id='block_1_97' title="bbox 485 5133 2054 5211">
    <p class='ocr_par' dir='ltr' id='par_1_97' title="bbox 485 5133 2054 5211">
     <span class='ocr_line' id='line_1_97' title="bbox 485 5133 2054 5211; baseline 0.007 -25"><span class='ocrx_word' id='word_1_804' title='bbox 485 5133 700 5188; x_wconf 79' lang='lat' dir='ltr'><strong>fundari</strong></span> <span class='ocrx_word' id='word_1_805' title='bbox 769 5134 1104 5206; x_wconf 86' lang='lat' dir='ltr'><strong>lirmiterque</strong></span> <span class='ocrx_word' id='word_1_806' title='bbox 1165 5153 1288 5194; x_wconf 91' lang='lat' dir='ltr'><strong>cum</strong></span> <span class='ocrx_word' id='word_1_807' title='bbox 1358 5141 1555 5211; x_wconf 76' lang='lat' dir='ltr'><strong>seipsis</strong></span> <span class='ocrx_word' id='word_1_808' title='bbox 1616 5142 1855 5205; x_wconf 62' lang='lat' dir='ltr'><strong>interere,</strong></span> <span class='ocrx_word' id='word_1_809' title='bbox 1912 5143 2054 5197; x_wconf 89' lang='lat' dir='ltr'><strong>sicut</strong></span> 
     </span>
    </p>
   </div>
   <div class='ocr_carea' id='block_1_98' title="bbox 482 5226 2046 5305">
    <p class='ocr_par' dir='ltr' id='par_1_98' title="bbox 482 5226 2046 5305">
     <span class='ocr_line' id='line_1_98' title="bbox 482 5226 2046 5305; baseline 0.007 -26"><span class='ocrx_word' id='word_1_810' title='bbox 482 5227 679 5280; x_wconf 71' lang='lat' dir='ltr'><strong>cmlum</strong></span> <span class='ocrx_word' id='word_1_811' title='bbox 712 5234 765 5282; x_wconf 89' lang='lat' dir='ltr'><strong>et</strong></span> <span class='ocrx_word' id='word_1_812' title='bbox 794 5236 962 5282; x_wconf 90' lang='lat' dir='ltr'><strong>astra.</strong></span> <span class='ocrx_word' id='word_1_813' title='bbox 997 5226 1054 5282; x_wconf 90' lang='lat' dir='ltr'><strong>Si</strong></span> <span class='ocrx_word' id='word_1_814' title='bbox 1089 5229 1254 5300; x_wconf 88' lang='lat' dir='ltr'><strong>igitur</strong></span> <span class='ocrx_word' id='word_1_815' title='bbox 1290 5233 1600 5288; x_wconf 89' lang='lat' dir='ltr'><strong>necessario</strong></span> <span class='ocrx_word' id='word_1_816' title='bbox 1627 5235 1708 5290; x_wconf 91' lang='lat' dir='ltr'><strong>sic</strong></span> <span class='ocrx_word' id='word_1_817' title='bbox 1739 5234 1860 5298; x_wconf 83' lang='lat' dir='ltr'><strong>ﬁat,</strong></span> <span class='ocrx_word' id='word_1_818' title='bbox 1893 5234 2046 5305; x_wconf 74' lang='lat'><strong>161</strong></span> 
     </span>
    </p>
   </div>
   <div class='ocr_carea' id='block_1_99' title="bbox 482 5316 2050 5385">
    <p class='ocr_par' dir='ltr' id='par_1_99' title="bbox 482 5316 2050 5385">
     <span class='ocr_line' id='line_1_99' title="bbox 482 5316 2050 5385; baseline 0.008 -17"><span class='ocrx_word' id='word_1_819' title='bbox 482 5316 755 5383; x_wconf 89' lang='lat' dir='ltr'><strong>quomodo</strong></span> <span class='ocrx_word' id='word_1_820' title='bbox 789 5319 1017 5371; x_wconf 88' lang='lat' dir='ltr'><strong>materia</strong></span> <span class='ocrx_word' id='word_1_821' title='bbox 1063 5326 1145 5373; x_wconf 90' lang='lat' dir='ltr'><strong>est</strong></span> <span class='ocrx_word' id='word_1_822' title='bbox 1184 5322 1407 5385; x_wconf 85' lang='lat' dir='ltr'><strong>malum,</strong></span> <span class='ocrx_word' id='word_1_823' title='bbox 1441 5338 1565 5378; x_wconf 89' lang='lat' dir='ltr'><strong>cum</strong></span> <span class='ocrx_word' id='word_1_824' title='bbox 1601 5325 1902 5380; x_wconf 91' lang='lat' dir='ltr'><strong>secundum</strong></span> <span class='ocrx_word' id='word_1_825' title='bbox 1948 5339 2050 5380; x_wconf 88' lang='lat' dir='ltr'><strong>nos</strong></span> 
     </span>
    </p>
   </div>
   <div class='ocr_carea' id='block_1_100' title="bbox 2161 4868 3727 4946">
    <p class='ocr_par' dir='ltr' id='par_1_100' title="bbox 2161 4868 3727 4946">
     <span class='ocr_line' id='line_1_100' title="bbox 2161 4868 3727 4946; baseline -0.003 -20"><span class='ocrx_word' id='word_1_826' title='bbox 2161 4873 2485 4927; x_wconf 86' lang='grc' dir='ltr'>κτισθέντων</span> <span class='ocrx_word' id='word_1_827' title='bbox 2533 4874 2767 4944; x_wconf 78' lang='grc' dir='ltr'>ἐσχάτην</span> <span class='ocrx_word' id='word_1_828' title='bbox 2804 4870 2990 4936; x_wconf 79' lang='grc' dir='ltr'>οὖσαν,</span> <span class='ocrx_word' id='word_1_829' title='bbox 3023 4875 3288 4946; x_wconf 73' lang='grc' dir='ltr'><strong>ἀποϐῆναι</strong></span> <span class='ocrx_word' id='word_1_830' title='bbox 3337 4874 3617 4942; x_wconf 74' lang='grc' dir='ltr'>τοιαύτηνο</span> <span class='ocrx_word' id='word_1_831' title='bbox 3645 4868 3727 4919; x_wconf 78' lang='grc' dir='ltr'>διὸ</span> 
     </span>
    </p>
   </div>
   <div class='ocr_carea' id='block_1_101' title="bbox 2159 4959 3724 5039">
    <p class='ocr_par' dir='ltr' id='par_1_101' title="bbox 2159 4959 3724 5039">
     <span class='ocr_line' id='line_1_101' title="bbox 2159 4959 3724 5039; baseline -0.002 -21"><span class='ocrx_word' id='word_1_832' title='bbox 2159 4966 2254 5018; x_wconf 72' lang='grc' dir='ltr'>καὶ</span> <span class='ocrx_word' id='word_1_833' title='bbox 2297 4964 2602 5037; x_wconf 83' lang='grc' dir='ltr'>φθείρονται</span> <span class='ocrx_word' id='word_1_834' title='bbox 2655 4964 2725 5017; x_wconf 76' lang='grc' dir='ltr'>τὰ</span> <span class='ocrx_word' id='word_1_835' title='bbox 2787 4964 3104 5039; x_wconf 81' lang='grc' dir='ltr'>κατώτερα,</span> <span class='ocrx_word' id='word_1_836' title='bbox 3147 4966 3240 5018; x_wconf 76' lang='grc' dir='ltr'>καὶ</span> <span class='ocrx_word' id='word_1_837' title='bbox 3294 4964 3607 5023; x_wconf 80' lang='grc' dir='ltr'>ἁστατοῦσι,</span> <span class='ocrx_word' id='word_1_838' title='bbox 3649 4959 3724 5030; x_wconf 79' lang='grc' dir='ltr'><strong>μὴ</strong></span> 
     </span>
    </p>
   </div>
   <div class='ocr_carea' id='block_1_102' title="bbox 2157 5049 3723 5127">
    <p class='ocr_par' dir='ltr' id='par_1_102' title="bbox 2157 5049 3723 5127">
     <span class='ocr_line' id='line_1_102' title="bbox 2157 5049 3723 5127; baseline -0.006 -19"><span class='ocrx_word' id='word_1_839' title='bbox 2157 5055 2423 5126; x_wconf 86' lang='grc' dir='ltr'>δυνάμενα</span> <span class='ocrx_word' id='word_1_840' title='bbox 2472 5055 2712 5127; x_wconf 83' lang='grc' dir='ltr'>ἱδρῦσθαι</span> <span class='ocrx_word' id='word_1_841' title='bbox 2759 5055 2855 5108; x_wconf 72' lang='grc' dir='ltr'>καὶ</span> <span class='ocrx_word' id='word_1_842' title='bbox 2908 5055 3136 5124; x_wconf 77' lang='grc' dir='ltr'>βεϐαίως</span> <span class='ocrx_word' id='word_1_843' title='bbox 3179 5053 3320 5123; x_wconf 77' lang='grc' dir='ltr'>ἔχειν</span> <span class='ocrx_word' id='word_1_844' title='bbox 3365 5054 3448 5123; x_wconf 76' lang='grc' dir='ltr'><strong>ἐφ’</strong></span> <span class='ocrx_word' id='word_1_845' title='bbox 3484 5049 3723 5109; x_wconf 78' lang='grc' dir='ltr'>ἑαυτοῖς,</span> 
     </span>
    </p>
   </div>
   <div class='ocr_carea' id='block_1_103' title="bbox 2161 5139 3725 5220">
    <p class='ocr_par' dir='ltr' id='par_1_103' title="bbox 2161 5139 3725 5220">
     <span class='ocr_line' id='line_1_103' title="bbox 2161 5139 3725 5220; baseline -0.005 -21"><span class='ocrx_word' id='word_1_846' title='bbox 2161 5147 2237 5210; x_wconf 86' lang='grc' dir='ltr'>ὡς</span> <span class='ocrx_word' id='word_1_847' title='bbox 2275 5150 2304 5200; x_wconf 86' lang='grc' dir='ltr'><strong>ό</strong></span> <span class='ocrx_word' id='word_1_848' title='bbox 2361 5149 2588 5220; x_wconf 80' lang='grc' dir='ltr'>οὐρανὸς</span> <span class='ocrx_word' id='word_1_849' title='bbox 2645 5148 2739 5201; x_wconf 82' lang='grc' dir='ltr'>καὶ</span> <span class='ocrx_word' id='word_1_850' title='bbox 2787 5146 2855 5200; x_wconf 84' lang='grc' dir='ltr'>τὰ</span> <span class='ocrx_word' id='word_1_851' title='bbox 2907 5147 3100 5218; x_wconf 78' lang='grc' dir='ltr'>ἄστρα.</span> <span class='ocrx_word' id='word_1_852' title='bbox 3162 5145 3226 5198; x_wconf 80' lang='grc' dir='ltr'><strong>Εἰ</strong></span> <span class='ocrx_word' id='word_1_853' title='bbox 3280 5141 3381 5198; x_wconf 78' lang='grc' dir='ltr'><strong>οὖν</strong></span> <span class='ocrx_word' id='word_1_854' title='bbox 3419 5139 3725 5210; x_wconf 80' lang='grc' dir='ltr'>ἀναγκαίως</span> 
     </span>
    </p>
   </div>
   <div class='ocr_carea' id='block_1_104' title="bbox 2159 5228 3724 5309">
    <p class='ocr_par' dir='ltr' id='par_1_104' title="bbox 2159 5228 3724 5309">
     <span class='ocr_line' id='line_1_104' title="bbox 2159 5228 3724 5309; baseline -0.004 -16"><span class='ocrx_word' id='word_1_855' title='bbox 2159 5238 2302 5293; x_wconf 75' lang='grc' dir='ltr'>οὕτω</span> <span class='ocrx_word' id='word_1_856' title='bbox 2350 5240 2558 5308; x_wconf 88' lang='grc' dir='ltr'>γέγονε,</span> <span class='ocrx_word' id='word_1_857' title='bbox 2604 5238 2720 5302; x_wconf 86' lang='grc' dir='ltr'>πῶς</span> <span class='ocrx_word' id='word_1_858' title='bbox 2753 5240 2787 5309; x_wconf 78' lang='grc' dir='ltr'><strong>ἡ</strong></span> <span class='ocrx_word' id='word_1_859' title='bbox 2830 5237 2930 5306; x_wconf 77' lang='grc' dir='ltr'>ὕλη</span> <span class='ocrx_word' id='word_1_860' title='bbox 2978 5237 3166 5302; x_wconf 82' lang='grc' dir='ltr'>κακὸν,</span> <span class='ocrx_word' id='word_1_861' title='bbox 3197 5237 3396 5307; x_wconf 75' lang='grc' dir='ltr'>ἔχουσα</span> <span class='ocrx_word' id='word_1_862' title='bbox 3437 5233 3551 5288; x_wconf 74' lang='grc' dir='ltr'>καθ’</span> <span class='ocrx_word' id='word_1_863' title='bbox 3576 5228 3724 5299; x_wconf 70' lang='grc' dir='ltr'><strong>ἡμᾶς</strong></span> 
     </span>
    </p>
   </div>
   <div class='ocr_carea' id='block_1_105' title="bbox 2158 5317 3730 5402">
    <p class='ocr_par' dir='ltr' id='par_1_105' title="bbox 2158 5317 3730 5402">
     <span class='ocr_line' id='line_1_105' title="bbox 2158 5317 3730 5402; baseline -0.001 -17"><span class='ocrx_word' id='word_1_864' title='bbox 2158 5333 2218 5385; x_wconf 82' lang='grc' dir='ltr'><strong>ὲν</strong></span> <span class='ocrx_word' id='word_1_865' title='bbox 2253 5331 2414 5402; x_wconf 78' lang='grc' dir='ltr'>ἑαυτῇ</span> <span class='ocrx_word' id='word_1_866' title='bbox 2455 5331 2516 5384; x_wconf 84' lang='grc' dir='ltr'><strong>τὸ</strong></span> <span class='ocrx_word' id='word_1_867' title='bbox 2559 5331 2884 5399; x_wconf 84' lang='grc' dir='ltr'>ἀναγκαῖον;</span> <span class='ocrx_word' id='word_1_868' title='bbox 2911 5328 3025 5382; x_wconf 83' lang='grc' dir='ltr'><strong>Οὐκ</strong></span> <span class='ocrx_word' id='word_1_869' title='bbox 3077 5324 3168 5383; x_wconf 83' lang='grc' dir='ltr'><strong>οὖν</strong></span> <span class='ocrx_word' id='word_1_870' title='bbox 3216 5324 3525 5401; x_wconf 76' lang='grc' dir='ltr'>[οὐδαμῶς]</span> <span class='ocrx_word' id='word_1_871' title='bbox 3553 5325 3587 5394; x_wconf 76' lang='grc' dir='ltr'><strong>ἡ</strong></span> <span class='ocrx_word' id='word_1_872' title='bbox 3623 5317 3730 5384; x_wconf 74' lang='grc' dir='ltr'><strong>ὕλη</strong></span> 
     </span>
    </p>
   </div>
   <div class='ocr_carea' id='block_1_106' title="bbox 484 5407 2342 5487">
    <p class='ocr_par' dir='ltr' id='par_1_106' title="bbox 484 5407 2342 5487">
     <span class='ocr_line' id='line_1_106' title="bbox 484 5407 2342 5487; baseline 0.007 -28"><span class='ocrx_word' id='word_1_873' title='bbox 484 5407 539 5460; x_wconf 93' lang='lat' dir='ltr'><strong>in</strong></span> <span class='ocrx_word' id='word_1_874' title='bbox 579 5425 638 5463; x_wconf 89' lang='lat' dir='ltr'><strong>se</strong></span> <span class='ocrx_word' id='word_1_875' title='bbox 703 5411 1074 5467; x_wconf 83' lang='lat' dir='ltr'><strong>necessarium</strong></span> <span class='ocrx_word' id='word_1_876' title='bbox 1138 5413 1334 5468; x_wconf 87' lang='lat' dir='ltr'><strong>habeat</strong></span> <span class='ocrx_word' id='word_1_877' title='bbox 1371 5413 1538 5470; x_wconf 68' lang='lat' dir='ltr'><strong>‘INon</strong></span> <span class='ocrx_word' id='word_1_878' title='bbox 1607 5418 1771 5487; x_wconf 86' lang='lat' dir='ltr'><strong>igitur</strong></span> <span class='ocrx_word' id='word_1_879' title='bbox 1821 5418 2047 5472; x_wconf 89' lang='lat' dir='ltr'><strong>materia</strong></span> <span class='ocrx_word' id='word_1_880' title='bbox 2155 5421 2342 5474; x_wconf 87' lang='grc' dir='ltr'>κακόν.</span> 
     </span>
    </p>
   </div>
   <div class='ocr_carea' id='block_1_107' title="bbox 486 5501 704 5556">
    <p class='ocr_par' dir='ltr' id='par_1_107' title="bbox 486 5501 704 5556">
     <span class='ocr_line' id='line_1_107' title="bbox 486 5501 704 5556; baseline 0.014 -4"><span class='ocrx_word' id='word_1_881' title='bbox 486 5501 704 5556; x_wconf 88' lang='lat' dir='ltr'><strong>malum.</strong></span> 
     </span>
    </p>
   </div>
   <div class='ocr_carea' id='block_1_108' title="bbox 984 5656 2763 5743">
    <p class='ocr_par' dir='ltr' id='par_1_108' title="bbox 984 5656 2763 5743">
     <span class='ocr_line' id='line_1_108' title="bbox 984 5656 2763 5743; baseline -0.002 -2"><span class='ocrx_word' id='word_1_882' title='bbox 984 5656 1026 5704; x_wconf 81' lang='lat'><strong>‘</strong></span> <span class='ocrx_word' id='word_1_883' title='bbox 1402 5685 1629 5741; x_wconf 75' lang='lat' dir='ltr'><strong>VARUE</strong></span> <span class='ocrx_word' id='word_1_884' title='bbox 1666 5685 2046 5743; x_wconf 65' lang='lat' dir='ltr'><strong>LECTIONES</strong></span> <span class='ocrx_word' id='word_1_885' title='bbox 2084 5686 2171 5741; x_wconf 83' lang='lat' dir='ltr'><strong>ET</strong></span> <span class='ocrx_word' id='word_1_886' title='bbox 2209 5681 2763 5741; x_wconf 73' lang='lat' dir='ltr'><strong>connEtmON-ES.</strong></span> 
     </span>
    </p>
   </div>
   <div class='ocr_carea' id='block_1_109' title="bbox 589 5858 1084 5933">
    <p class='ocr_par' dir='ltr' id='par_1_109' title="bbox 589 5858 1084 5933">
     <span class='ocr_line' id='line_1_109' title="bbox 589 5858 1084 5933; baseline 0.014 -22"><span class='ocrx_word' id='word_1_887' title='bbox 589 5858 612 5892; x_wconf 84' lang='grc'><strong>⁹</strong></span> <span class='ocrx_word' id='word_1_888' title='bbox 639 5860 1084 5933; x_wconf 71' lang='grc' dir='ltr'>συμπληρωτική.</span> 
     </span>
    </p>
   </div>
  </div>
