3874 6564
193 541 271 596 διιι
913 538 972 599 εδ
1012 538 1256 594 ΜΑΧιΜι
1287 539 1577 596 SCHOLIA
1617 539 1682 593 IN
1722 541 1849 596 LIB.
1894 541 1979 597 [)8
2009 541 2257 598 DIV’INIS
2291 544 2685 600 NOMINIBUS.

3321 546 3432 602 502

248 651 484 725 ςΧΧΙΧ.
542 653 605 707 Ἠ
627 653 910 724 στέρησις
945 658 1093 710 κατὰ
1133 657 1405 726 δύναμιν,
1458 658 1520 710 Ἡ
1554 657 1738 730 στέρη-

1923 661 1950 733 §
1980 655 2172 718 XXIX.
2207 662 2446 717 Privatio
2493 665 2540 717 vi
2563 680 2684 718 sua.
2716 661 2955 718 Privatio
2984 677 3091 718 non
3124 669 3208 720 est
3241 663 3426 735 aliqua

196 763 261 809 et;
285 746 376 798 οὐκ
409 744 562 798 ἔστιν
589 746 885 810 ὑπόστασις
915 765 1021 812 τις,
1049 749 1184 803 ἀλλά
1214 751 1341 822 περὶ
1366 750 1427 803 τὸ
1447 750 1746 821 ἑστερημὸ-

195 853 263 888 νον
284 835 368 888 τοῦ
401 839 659 906 παρεῖναι
693 837 995 908 πεφυκότος
1026 839 1120 894 καὶ
1151 840 1529 905 ἐπιϐάλλοντος
1575 841 1749 904 εἴδους

193 927 386 996 γίνεται,
417 927 499 991 ὡς
523 930 617 982 καὶ
646 929 880 982 ἐνταῦθα
900 947 912 959 ·
976 931 1220 1005 μερικῶς
1257 931 1364 1004 γὰρ
1412 934 1510 1003 τῆς
1553 934 1748 1005 στερή-

194 1038 305 1083 σεως
321 1019 488 1092 οὔσης
523 1023 582 1074 ὲν
614 1025 679 1092 τῇ
717 1021 820 1094 ὕλῃ
839 1022 933 1075 τοῦ
955 1001 1131 1088 εἴδοῦς
1154 1063 1169 1086 ,
1215 1023 1365 1077 ἔσται
1398 1026 1490 1078 τοῦ
1542 1025 1747 1093 ἀγαθοῦ

189 1130 230 1165 τι
256 1114 305 1165 ὲν
330 1113 490 1184 αὐτῇ,
527 1115 665 1168 καθὸ
685 1116 779 1168 καὶ
811 1114 984 1178 εἴδους
1017 1116 1112 1168 καὶ
1137 1116 1341 1187 κόσμου
1371 1118 1490 1188 ἐρᾷ,
1528 1119 1620 1170 καὶ
1662 1117 1748 1170 δέ-

189 1225 314 1278 χεται
337 1206 514 1260 ταῦτα
542 1207 619 1271 ὼς
637 1207 840 1277 ἀγαθά.
871 1208 943 1260 Τὸ
968 1208 1025 1260 δὲ
1056 1208 1358 1262 αὐτόκακον
1383 1208 1505 1262 οὔτε
1543 1209 1745 1279 ἀγαθοῦ

191 1300 453 1373 μετουσίαν
474 1299 724 1371 δέχεται,
766 1300 847 1353 διὸ
884 1299 1006 1353 οὔτε
1048 1300 1221 1353 ἐστίν·
1268 1302 1302 1372 ὴ
1333 1302 1441 1374 γὰρ
1481 1303 1748 1375 παντελὴς

190 1392 414 1464 στέρησις
450 1393 547 1444 καὶ
567 1392 697 1444 αὐτὸ
726 1392 787 1444 τὸ
817 1390 1170 1461 ὑποκείμενον
1205 1391 1364 1463 σῶμα
1401 1393 1632 1466 φθείρει,
1671 1395 1747 1458 ὡς

189 1481 302 1552 μηδὲ
325 1483 478 1536 νόσον
514 1483 558 1513 ¹⁰
583 1482 661 1535 ἔτι
683 1483 972 1552 ὑπομεῖναι
995 1499 1008 1511 ·
1043 1481 1164 1534 ὅθεν
1206 1481 1298 1534 καὶ
1338 1482 1608 1554 ἀδύναμον
1645 1483 1745 1536 αὑ-

184 1574 266 1646 τὴν
295 1571 475 1628 εἶπεν·
520 1576 556 1645 ἡ
594 1574 651 1626 δὲ
683 1573 1004 1645 μερικὴμῦς
1053 1572 1250 1642 ἔχουσά
1289 1591 1343 1626 τι
1379 1573 1474 1627 τοῦ
1518 1573 1742 1643 ἀγαθοῦ,

183 1667 384 1738 δύναμιν
405 1667 629 1737 λέγεται
658 1667 827 1738 ἔχειν.

241 1759 453 1832 ᾗΧΧΧ.
501 1759 679 1814 Ἀλλὰ
701 1759 847 1814 καθὸ
876 1763 948 1814 οὐ
983 1759 1298 1826 παντελής.
1351 1761 1515 1832 Ὅρος
1563 1760 1747 1814 σύντοο

185 1869 268 1924 μσς
291 1851 384 1904 τοῦ
413 1851 616 1915 κακοῦ,
657 1853 739 1904 ὅτι
771 1853 832 1905 οὐ
863 1851 1005 1906 κατά
1035 1851 1218 1922 φύσιν,
1248 1851 1382 1904 ἀλλὰ
1411 1851 1551 1905 κατά
1592 1869 1745 1923 μερι-

182 1943 268 2012 κὴν
285 1941 517 2011 ἔλλειψιν
535 1941 631 1995 τοῦ
659 1941 866 2011 ἀγαθοῦ
900 1944 1034 1995 ἐστι.

1851 753 2207 808 subsistentia
2232 791 2246 818 ,
2286 753 2379 810 sed
2412 760 2496 810 est
2544 756 2598 808 in
2630 769 2695 808 eo
2745 753 2891 823 quod
2924 753 3173 823 privatur
3225 753 3425 821 forma,

1849 859 1970 914 qua:
1997 860 2238 915 praesens
2267 860 2390 902 esse
2427 853 2604 916 potest
2636 852 2690 900 et
2744 846 2959 910 nititur,
2995 856 3053 900 ut
3096 847 3264 900 etiam
3303 847 3422 902 hic:

1849 939 1896 994 si
1917 938 2063 994 enim
2107 939 2340 1008 privatio
2382 940 2574 996 formae
2606 939 2659 994 iu
2692 941 2916 994 materia
2959 939 3029 994 sit
3051 939 3425 1009 particularis.

1849 1028 2056 1099 aliquid
2085 1028 2140 1082 in
2169 1044 2234 1084 ea
2265 1029 2393 1084 boni
2424 1031 2548 1094 erit,
2584 1037 2856 1099 quatenus
2888 1037 2942 1084 et
2972 1029 3200 1083 formam
3243 1037 3296 1084 et
3327 1045 3422 1084 or-

1848 1127 2036 1175 natum
2067 1121 2242 1191 capit;
2271 1129 2434 1191 atque
2464 1121 2575 1176 [nec
2599 1129 2658 1174 ut
2686 1121 2828 1176 bona
2855 1120 3108 1190 suscipit.
3136 1115 3291 1185 Quod
3325 1135 3425 1174 au-

1848 1216 1957 1263 tem
1991 1223 2086 1278 per
2118 1223 2178 1263 se
2210 1208 2436 1269 malum.
2468 1207 2672 1260 nullam
2699 1206 2828 1261 boni
2857 1206 3297 1260 communionem
3327 1204 3423 1258 ad-

1849 1299 2036 1365 mittit,
2069 1315 2238 1369 quare
2271 1315 2446 1368 neque
2476 1306 2592 1366 est;
2627 1298 2882 1353 absoluta
2910 1298 3054 1352 enim
3089 1296 3324 1368 privatio
3348 1297 3424 1350 ita

1847 1390 2010 1446 etiam
2047 1406 2205 1445 suum
2248 1390 2558 1460 subjectum
2607 1403 2810 1459 corpus
2855 1390 3182 1459 corrumpit,
3234 1399 3292 1442 ut
3327 1404 3424 1443 ne-

1847 1489 2010 1552 queat
2033 1482 2268 1552 amplius
2298 1481 2548 1536 morbum
2571 1480 2876 1537 sustinere:
2909 1481 3053 1536 unde
3082 1482 3254 1551 ipsam
3287 1496 3424 1552 quo‘

1847 1589 1954 1644 que
1978 1575 2189 1628 viribus
2238 1589 2426 1629 carere
2469 1573 2727 1628 dixerunt
2761 1591 2776 1640 ;
2809 1573 3157 1644 particularis
3193 1589 3322 1629 vero
3364 1581 3422 1629 ut

1849 1664 2051 1734 aliquid
2081 1664 2208 1719 boni
2238 1664 2549 1734 possidens,
2580 1664 2690 1718 vim
2716 1663 2916 1718 habere
2935 1663 3158 1718 dicitur.

1921 1758 1948 1830 ξ
1983 1757 2146 1812 XXX.
2174 1757 2275 1812 Sed
2306 1757 2588 1813 secundum
2637 1755 2774 1828 quod
2825 1773 2927 1810 non
2975 1765 3052 1810 est
3095 1755 3418 1810 omnimodo.

1849 1848 2034 1904 Brevis
2066 1848 2309 1903 deﬁnitio
2333 1849 2483 1912 mali,
2506 1849 2651 1918 quod
2677 1863 2781 1902 non
2809 1848 2881 1902 sit
2912 1848 2964 1901 in
2998 1854 3214 1912 natura,
3250 1846 3345 1904 sed
3367 1848 3423 1901 iu

1848 1940 2165 2010 particulari
2195 1940 2324 1996 boni
2362 1941 2599 1996 defectu.

241 2035 334 2108 [α]
365 2036 479 2089 Καὶ
523 2034 635 2104 τῆς
677 2035 829 2104 ὅλης
871 2036 1083 2102 αἰτίας.
1122 2035 1290 2108 Ὅλην
1319 2037 1498 2090 αἰτίαν
1517 2036 1616 2108 τὴν
1637 2036 1738 2091 τῶν

1923 2029 1990 2082 Et
2010 2046 2074 2085 ea:
2097 2031 2300 2101 integra
2322 2047 2507 2085 causa.
2533 2031 2767 2086 Causam
2787 2035 2956 2105 totam
2983 2038 3140 2085 vocat
3161 2047 3284 2102 qum
3301 2031 3425 2099 uni-

181 2127 297 2180 ὄλων
327 2127 479 2199 φησί.
513 2127 588 2180 Τὸ
622 2127 679 2181 δὲ
714 2127 939 2199 μερικὸν
977 2127 1195 2199 εἴρηκεν
1218 2168 1232 2192 ,
1276 2129 1364 2182 ἴνα
1404 2129 1464 2182 τὸ
1511 2128 1736 2182 καθόλου

180 2219 321 2291 ἀνέλῃ
341 2237 354 2248 ·
399 2219 675 2290 παντελὴς
702 2219 812 2292 γὰρ
844 2219 1080 2290 ἔλλειψις
1109 2221 1171 2274 τὸ
1205 2221 1281 2292 μὴ
1317 2216 1454 2275 εἶναι
1489 2223 1740 2292 συνίστη-

181 2328 268 2365 σιν.
1665 2351 1688 2380 θ

240 2404 404 2459 οἶδεν
434 2408 469 2460 ό
503 2405 650 2472 Θεὸς
680 2406 747 2460 τὸ
779 2407 985 2460 κακόν.
1021 2407 1134 2460 Καὶ
1178 2406 1247 2460 τὰ
1282 2407 1548 2478 λεγόμενα
1596 2412 1742 2461 κακά

180 2491 296 2549 οἶδεν
326 2499 353 2551 ὁ
380 2497 515 2562 Θεὸς
536 2498 650 2551 ἐσθ’
678 2499 768 2552 ὅτε
797 2498 873 2562 ὡς
899 2498 1100 2567 ἀγαθά.
1131 2497 1296 2553 Κακά
1325 2498 1383 2552 δὲ
1428 2499 1523 2552 νῦν
1553 2516 1739 2570 φησιν,

180 2583 272 2642 οἷον
298 2590 586 2661 πολέμους,
621 2591 809 2656 νόσους
837 2591 1214 2655 παιδευτικὼς,
1244 2591 1508 2656 θανάτους
1541 2594 1635 2646 καὶ
1673 2593 1741 2646 τά

180 2683 398 2736 τοιαῦτω
429 2683 740 2755 νομίζονται
769 2686 880 2756 γάρ
899 2688 1030 2758 ἡμῖν
1063 2687 1238 2741 κακά’
1264 2689 1370 2741 είσὶ
1401 2688 1458 2741 δὲ
1485 2686 1741 2758 δυνάμεις

181 2775 488 2844 ἀγαθοποιοῦ
521 2777 724 2840 αίτίας·
758 2778 976 2848 καὶγὰρ
1004 2777 1092 2832 διὰ
1108 2777 1215 2830 τῶν
1247 2778 1551 2850 εἰρημένων
1576 2780 1742 2850 μετά-

182 2885 280 2921 νοια
304 2869 395 2922 κα.)⁵
431 2870 729 2938 ἐπίγνωσις
758 2869 914 2933 Θεοῦ,
941 2872 1035 2923 καὶ
1063 2869 1344 2933 εὐσεϐείας
1364 2873 1476 2933 τοῖς
1503 2870 1740 2924 πλείοσιν

184 2961 370 3028 ἐγένετο
394 2962 691 3034 πρόφασις,
727 2963 821 3015 καὶ
868 2965 926 3016 ἐν
973 2967 1088 3026 τοῖς
1131 2965 1436 3035 προφήταις
1483 2966 1517 3034 ἡ
1573 2966 1740 3018 κακία

185 3053 372 3108 παιδεία
399 3055 641 3123 λέγεται.
682 3055 976 3125 Ἀνάγνωθι
1000 3056 1061 3109 τὸ
1091 3055 1176 3110 κ6’
1208 3055 1522 3126 κεφάλαιον.

242 3231 336 3306 ἶβ]
363 3236 506 3304 Παρ’
528 3237 693 3304 αὐτῷ
722 3243 781 3292 a1
820 3242 1017 3295 αἰτίαι.
1068 3240 1224 3293 Αίτία
1256 3239 1349 3293 τοῦ
1387 3241 1444 3292 ὲν
1476 3240 1554 3312 τῷ
1583 3240 1741 3294 ἀσελ-

183 3327 364 3394 γαίνειν
388 3332 561 3385 κακοῦ
581 3335 613 3404 ἡ
631 3334 895 3405 ἐπιθυμία
918 3333 1067 3406 παρά
1087 3333 1245 3402 λόγον
1262 3333 1564 3405 κινηθεῖσα.
1600 3333 1737 3386 Ἀλλ’

1845 2136 2130 2177 versorum
2177 2128 2283 2176 est.
2326 2115 2474 2174 Dixit
2528 2128 2708 2176 autem
2769 2120 3134 2191 particulare,
3183 2131 3244 2177 ιιι
3298 2124 3420 2178 uni~

1845 2211 2056 2266 versale
2093 2209 2640 2266 auferrel:absoluta
2677 2211 2822 2266 enim
2863 2210 3096 2267 defectio
3122 2214 3421 2270 exsisteudi

1846 2301 2204 2371 privationem
2239 2301 2547 2356 constituit.
3259 2309 3262 2312 ’

1915 2389 2169 2461 Cognovit
2205 2390 2340 2444 Deus
2373 2390 2596 2444 malum.
2624 2389 2766 2446 Deus
2801 2391 2966 2445 etiam
3022 2409 3085 2448 ea
3126 2410 3248 2464 quae
3279 2397 3422 2451 mala

1845 2481 2105 2536 dicuntur
2127 2483 2310 2550 novit;
2338 2482 2664 2552 quandoque
2693 2483 2835 2536 mala
2858 2491 3115 2556 tanquam
3149 2485 3292 2540 bona
3325 2503 3422 2556 ap-

1846 2575 2031 2645 pellat,
2065 2583 2124 2628 ut
2157 2575 2316 2639 bella,
2341 2575 2586 2639 morbos,
2616 2574 2710 2645 qui
2738 2590 2918 2632 mores
2952 2579 3247 2648 corrigam,
3275 2595 3425 2633 mur-

1847 2674 1930 2722 tes
1952 2675 2004 2722 et
2035 2667 2257 2723 similia.
2286 2663 2636 2748 Reputantur
2664 2669 2807 2724 enim
2840 2687 2868 2724 a
2905 2672 3061 2728 nobis
3089 2674 3262 2742 mala;
3296 2687 3428 2731 sunt

1846 2768 2028 2815 autem
2049 2761 2192 2816 vires
2214 2776 2394 2818 causa:
2412 2763 2615 2817 bonum
2645 2765 2984 2833 prmstantis;
3011 2780 3136 2818 nam
3161 2783 3258 2838 per
3282 2784 3392 2838 pra:
3407 2799 3424 2809 -

1844 2852 1990 2906 dicta
2020 2853 2343 2922 pmnitentia
2369 2862 2422 2908 et
2449 2853 2543 2909 Dei
2579 2855 2820 2922 cognitio
2849 2857 3157 2926 acquiritur
3180 2897 3195 2922 ,
3249 2860 3424 2929 pluri-

1846 2939 2058 3011 busque
2107 2942 2327 3011 pietatis
2381 2944 2603 2998 occasio
2655 2943 2780 3009 fuit,
2820 2953 2983 3016 atque
3036 2947 3091 3001 in
3139 2949 3428 3018 prophetis

1845 3033 2074 3099 malitia,
2103 3033 2398 3104 disciplina
2441 3051 2537 3090 seu
2583 3037 2874 3107 castigatio
2909 3038 3133 3097 dicitur.
3163 3039 3306 3113 Lege
3329 3058 3424 3097 ca-

1844 3132 1940 3193 put
1970 3123 2061 3180 22.

1919 3215 2084 3270 Penes
2116 3217 2290 3286 ipsum
2318 3233 2515 3275 cauete.
2539 3217 2717 3274 Causa
2735 3219 2864 3274 mali
2889 3219 2946 3274 in
2980 3219 3316 3277 lasciviendo
3337 3233 3425 3278 est

1845 3308 2294 3378 concupiscentia
2320 3319 2520 3380 praeter
2551 3310 2820 3366 rationem
2851 3321 3016 3366 mota.
3063 3310 3186 3384 Ipsa
3237 3322 3423 3369 tamen

181 3420 357 3495 αὑτὴὴ
403 3401 673 3497 ἐπιθυμία
708 3401 938 3498 δύναμις
986 3401 1315 3495 ἀγαθοποιός
1367 3401 1604 3495 λογικοῖς
1644 3428 1738 3498 μὲν

1854 3401 2292 3471 concupiscentia
2324 3411 2408 3457 est
2465 3402 2700 3457 facultas
2754 3403 2882 3458 boni
2924 3404 3172 3460 eﬁectrix
3213 3406 3424 3461 ratione

181 3516 298 3585 πρὸς
325 3519 382 3572 τὸ
409 3519 476 3573 δι’
504 3520 677 3591 αὐτῆς
699 3520 835 3591 πρὸς
878 3519 942 3573 τὸ
965 3519 1134 3582 ὅντως
1180 3516 1552 3574 ἀνατείνεσθαι
1601 3519 1739 3588 ἀγα-

182 3605 257 3660 θόν
279 3627 290 3639 ·
318 3612 531 3682 ἀλόγοις
552 3613 610 3666 δὲ
640 3613 777 3684 πρὸς
807 3611 986 3684 ὄρεξιν
1019 3612 1126 3665 τῶν
1167 3611 1486 3683 ἐπιτηδείων
1524 3612 1623 3683 τῆς
1664 3613 1741 3663 οξ-

181 3702 312 3767 κείας
357 3705 640 3777 διαμονῆς.

237 3882 331 3955 [γ]
363 3886 430 3938 El
461 3883 532 3936 δὲ
566 3883 632 3937 τὸ
666 3882 857 3937 κακὸν
897 3883 1109 3938 ἀΐδιον.
1157 3883 1343 3938 Ταῦτα
1389 3885 1530 3940 κατά
1569 3887 1739 3939 Μανι-

177 3976 322 4043 χαίων
341 3977 582 4047 ἐλεγχος,
606 3978 700 4030 καὶ
726 3977 823 4048 τῆς
844 3976 1000 4050 δόξης
1029 3976 1207 4030 αὐτῶν
1227 3979 1526 4051 ἀνατροπή.
1552 3980 1614 4032 Ei
1632 3978 1740 4050 γὰρ

177 4071 258 4123 καὶ
286 4072 495 4143 μήπωή
519 4072 752 4146 αἵρεσις,
775 4070 908 4124 ἀλλά
932 4071 1387 4144 προφυλακτικῶς
1409 4071 1738 4142 ὲνεπνεύσθη

175 4162 235 4214 τὰ
259 4164 350 4234 τὴν
373 4164 581 4236 πλάνην
611 4162 792 4216 αὐτῶν
811 4163 1203 4235 ἀνατρέποντα.
1231 4166 1389 4226 Ἴσως
1406 4164 1460 4216 δὲ
1489 4165 1582 4218 καὶ
1605 4164 1739 4236 πρός

174 4269 310 4318 τινας
329 4257 434 4310 τῶν
463 4255 665 4321 ἔξωθεν
690 4254 847 4320 δόξας
874 4255 944 4308 τὰ
989 4256 1232 4310 τοιαῦτα.

233 4436 327 4511 [δ]
361 4437 489 4496 Πᾶν
531 4439 598 4493 τὸ
638 4440 787 4495 κατὰ
827 4441 1040 4509 φύσιν.
1063 4441 1353 4494 Τουτέστιν
1386 4443 1485 4496 οὐκ
1517 4443 1737 4498 ἄτακτοι

171 4528 268 4580 τῶν
294 4531 506 4600 φύσεων
538 4531 589 4584 οἱ
629 4530 808 4599 λόγοι·
854 4530 1045 4584 ἕπεται
1080 4531 1137 4585 δὲ
1175 4532 1254 4603 τῷ
1294 4532 1435 4586 κατὰ
1471 4532 1633 4603 φύσιν
1677 4535 1738 4587 τὸ

173 4617 452 4692 ὡρισμένον
471 4639 485 4652 ο
529 4622 656 4694 ὄρος
684 4622 793 4693 γάρ
819 4622 934 4675 ὲστι
967 4622 1058 4675 καὶ
1085 4625 1113 4676 ὁ
1159 4625 1548 4695 ἑρμηνευτικὺς
1581 4624 1738 4693 λόγος

171 4708 262 4778 τῆς
287 4712 468 4776 οὐσίας
481 4711 591 4764 τῶν
619 4712 980 4783 πραγμάτων,
1013 4713 1106 4766 καὶ⁸
1124 4712 1184 4766 τὸ
1212 4711 1345 4786 τίῆν
1368 4711 1506 4771 εἶναι
1536 4716 1731 4787 δηλῶν,

170 4802 256 4854 τοῦ
285 4807 341 4857 τί
352 4805 592 4874 ἦνεῖναι
632 4805 709 4877 τῷ
740 4806 798 4858 τί
821 4806 991 4860 ἐστιν
1021 4807 1110 4860 ῐσα
1151 4807 1467 4880 δυναμένου.
1501 4811 1613 4864 Πᾶν
1643 4806 1734 4863 οὖν

170 4893 225 4945 τὸ
251 4897 386 4950 κατά
407 4897 569 4968 φύσιν
589 4897 649 4964 ἐξ
675 4897 852 4961 αίτίας
878 4897 1188 4972 ὡρισμένης
1219 4902 1354 4964 ἐστὶ,
1384 4901 1449 4954 δι’
1475 4901 1541 4972 ἣν
1555 4903 1732 4956 αἰτίαν

170 4984 364 5051 γίνεται
391 4990 450 5043 τὸ
477 4985 792 5061 γενόμενον.
813 4991 874 5044 Ei
898 4987 989 5045 οὖν
1017 4985 1078 5045 τὸ
1097 4992 1530 5062 κακὸι,ἀναίτιόν
1564 4996 1730 5058 ἐστιν,

169 5076 225 5128 οὐ
251 5079 356 5151 γὰρ
383 5081 471 5136 διά
505 5100 560 5136 τι
585 5082 809 5151 γέγονεν
829 5126 843 5148 ,
870 5083 1093 5148 εἰκότως
1121 5087 1216 5140 καὶ
1259 5089 1317 5140 ὲν
1362 5088 1637 5160 ἀοριστίᾳ·
1671 5091 1735 5143 οὐ

169 5168 269 5240 γάρ
289 5173 402 5226 ὲστι
430 5174 600 5228 αὐτοῦ
631 5174 808 5244 λόγος,
842 5174 904 5228 τὸ
925 5176 978 5228 τί
1003 5172 1072 5247 ἦν
1100 5172 1239 5231 εἶναι
1277 5178 1595 5250 ἑρμηνεύων
1614 5217 1632 5241 ,
1677 5177 1735 5243 ἐξ

168 5258 420 5336 ἀνάγκης,
448 5267 571 5320 οὐδὲ
603 5265 744 5320 κατά
774 5265 949 5335 φύσιν.
995 5269 1057 5321 Εί
1078 5266 1170 5323 οὖν
1209 5272 1358 5342 παρά
1392 5271 1550 5342 φύσιν
1571 5313 1588 5335 ,
1637 5273 1732 5342 οὐχ
1819 5319 1829 5329 .

168 5349 272 5416 ἕξει
307 5355 363 5407 ὲν
486 5356 647 5426 φύσει
689 5355 845 5424 λόγος
880 5359 920 5387 ’⁸
945 5397 962 5422 ,
991 5359 1066 5422 ὡς
1105 5359 1226 5413 οὔτε
1276 5364 1332 5414 ἐν
1374 5366 1441 5433 τῇ
1486 5363 1650 5436 τέχνῃ
1697 5367 1728 5434 ἡ

167 5439 398 5514 ἀτεχνία.

238 5711 309 5786 [ε]
337 5719 538 5787 Είμὲν
568 5721 772 5788 φύσει.
808 5721 873 5772 Εἰ
914 5723 986 5792 μὴ
1041 5723 1181 5776 κατὰ
1213 5725 1467 5796 στέρησιν
1503 5718 1734 5798 με’ρικὴι

258 6001 299 6035 ’⁸
321 6006 397 6063 ὃν.
468 6008 504 6041 ¹¹
533 6009 711 6082 λόγον.

1847 3492 2069 3566 quidem
2094 3495 2398 3560 utentibus,
2427 3507 2484 3550 ut
2513 3511 2609 3566 per
2638 3496 2811 3566 ipsam
2859 3512 3078 3551 sursum
3121 3497 3188 3552 ad
3235 3514 3423 3553 verum

1847 3587 2051 3642 bonum
2072 3587 2329 3654 tendant;
2362 3588 2572 3643 ratione
2600 3601 2732 3642 vero
2790 3587 3041 3658 privatis,
3095 3600 3155 3644 ut
3203 3605 3267 3645 ea
3303 3605 3424 3661 quae

1846 3678 1915 3732 ad
1946 3678 2223 3749 propriam
2271 3693 2425 3733 suam
2473 3681 2950 3736 conservationem
2985 3681 3222 3749 faciunt,
3252 3697 3423 3753 appe-

1845 3783 1980 3827 tam.

1917 3863 2073 3929 Quod
2101 3863 2150 3917 si
2181 3863 2381 3916 malum
2407 3873 2660 3917 (uernum
2683 3873 2780 3919 est.
2802 3861 2917 3919 Hoc
2940 3875 3320 3936 argumentum
3337 3875 3422 3922 est

1845 3966 2038 4010 contra
2078 3955 2410 4010 Manicliaeos
2436 3995 2450 4018 ,
2485 3956 2911 4026 opinionemque
2955 3973 3144 4012 eorum
3192 3960 3418 4016 evertit:

1842 4043 2110 4098 etsienim
2141 4058 2241 4098 nec
2268 4044 2396 4097 dum
2430 4043 2656 4100 haeresis
2693 4053 2838 4110 orta,
2858 4053 3042 4102 tamen
3077 4047 3145 4101 ad
3175 4064 3421 4118 praecau-

1843 4136 2045 4190 tionem
2076 4135 2440 4205 inspiratione
2484 4137 2694 4207 accepit
2736 4152 2859 4208 quae
2897 4138 3139 4207 ipsorum
3173 4155 3420 4196 errorem

1841 4234 2168 4282 everterent,
2200 4225 2477 4283 Fortassis
2511 4229 2674 4283 etiam
2707 4229 2821 4283 haec
2861 4242 2990 4285 sunt
3019 4240 3212 4287 contra
3250 4248 3421 4304 quas.

1841 4320 1964 4373 dam
1990 4319 2334 4374 ethnicorum
2363 4319 2673 4390 opiniones.

1915 4412 2082 4468 Omne
2109 4412 2247 4484 quod
2268 4422 2347 4468 est
2367 4413 2653 4469 secundum
2675 4425 2946 4473 naturam.
2978 4415 3036 4472 Id
3067 4425 3153 4473 est
3178 4418 3420 4476 rationes

1840 4514 2163 4562 naturarum
2215 4519 2324 4560 non
2356 4505 2882 4578 inordinatasmuod
2917 4515 3101 4564 autem
3131 4509 3417 4568 deﬁnitum

1839 4606 1943 4662 est,
1979 4596 2231 4668 sequitur
2262 4595 2319 4651 id
2352 4597 2496 4668 quod
2533 4591 2787 4653 naturale
2840 4605 2963 4666 est;
2997 4597 3241 4655 deﬁnitio
3270 4601 3416 4655 enim

1839 4698 1925 4746 est
1956 4692 2099 4746 ratio
2133 4690 2430 4747 essentiam
2457 4705 2640 4747 rerum
2682 4691 2987 4762 explicans,
3011 4700 3064 4748 et
3090 4692 3236 4763 quod
3286 4693 3419 4764 quid

1839 4789 1925 4838 est
1966 4782 2294 4848 declarans,
2349 4783 2505 4854 162
2559 4783 2651 4838 illo
2698 4784 2750 4837 τί
2797 4778 2864 4856 ἦν
2892 4779 3031 4838 εἶναι
3076 4785 3218 4842 idem
3250 4786 3420 4856 signi-

1845 4873 2040 4930 ﬁcante
2068 4876 2212 4946 quod
2234 4876 2286 4929 τί
2319 4877 2486 4930 ἐστιν.
2519 4874 2694 4932 Omne
2724 4875 2891 4948 igitur
2929 4877 3076 4948 quod
3104 4886 3190 4933 est
3221 4893 3418 4933 secun-

1841 4965 1972 5020 dum
2003 4975 2279 5033 naturam,
2331 4983 2396 5024 ex
2428 4968 2686 5024 distincta
2721 4983 2887 5024 causa
2933 4976 3058 5033 est,
3110 4984 3208 5040 per
3249 4982 3415 5040 quam

1844 5073 2066 5114 causam
2092 5074 2230 5129 opus
2252 5059 2570 5128 perﬁcitur;
2613 5059 2659 5116 si
2702 5060 2868 5130 igitur
2893 5061 3093 5114 malum
3124 5074 3286 5116 causa
3320 5074 3415 5113 ca-

1841 5159 1946 5213 ret,
1974 5165 2004 5204 ιι
2030 5151 2183 5204 nullo
2203 5151 2348 5206 enim
2373 5149 2700 5222 productum
2728 5159 2835 5218 est,
2871 5152 3064 5208 merito
3091 5165 3191 5205 nec
3218 5149 3415 5205 deﬁni-

1843 5250 1957 5295 tum
1985 5249 2089 5304 est.
2124 5255 2248 5295 cum
2280 5241 2430 5294 nulla
2460 5240 2532 5296 sit
2556 5241 2680 5311 ejus
2699 5243 2842 5298 ratio
2859 5258 2978 5312 qua:
3001 5240 3295 5297 essentiam
3317 5241 3415 5296 de-

1842 5333 2013 5389 claret
2041 5344 2055 5383 :
2081 5335 2394 5388 necessario
2439 5334 2719 5404 sequitur,
2759 5351 2940 5405 neque
2964 5331 3264 5388 secundum
3315 5348 3414 5386 na-

1844 5431 2020 5478 turam
2042 5425 2343 5491 exsistere;
2375 5425 2419 5481 si
2447 5433 2625 5481 autem
2647 5435 2839 5482 contra
2865 5433 3134 5488 naturam,
3166 5432 3278 5478 tum
3302 5441 3414 5480 non

1842 5516 2062 5572 habebit
2093 5517 2146 5570 in
2179 5526 2375 5571 natura
2399 5520 2688 5584 rationem,
2725 5519 2866 5574 sicut
2894 5532 3070 5586 neque
3100 5517 3252 5574 artis
3299 5521 3418 5589 pri-

1843 5609 1986 5664 vatio
2011 5608 2066 5662 in
2095 5616 2231 5663 arte.

1916 5723 2186 5796 Siquidem
2209 5737 2424 5781 natura.
2448 5727 2559 5783 Nisi
2591 5727 2768 5781 anima
2797 5725 3113 5796 particulari
3140 5729 3264 5784 boni
3301 5729 3410 5782 nri-

1079 5894 1313 5954 VARLE
1354 5899 1740 5957 LECTIONES
1773 5900 1858 5954 ET
1899 5901 2451 5959 CORRECTIONES.
