3874 6566
472 546 582 604 303

1281 537 1629 593 APPENDlX
1667 536 1756 590 AD
1792 535 2021 593 OPERA
2054 535 2111 591 S.
2145 532 2442 590 DlONYSll
2484 534 2972 593 AREOPAGITAZ.
3611 546 3698 602 30‘

470 664 692 719 vatione
734 660 1079 733 depravetur,
1111 655 1180 711 ab
1209 664 1362 711 extra
1393 655 1649 712 essentia:
1682 670 1816 709 sua:
1873 655 2036 709 alien:

2151 654 2242 708 τοῦ
2276 651 2477 720 ἀγαθοῦ
2509 652 2801 706 κακύνεται
2821 653 2967 725 ψυχὴ
2992 694 3004 717 ,
3032 651 3228 717 ἔξωθεν
3269 655 3366 725 τῆς
3412 656 3586 722 οὐσίας
3618 661 3699 714 αὑ-

470 756 653 825 aliquo
674 738 1017 814 adveniente,
1036 748 1132 805 sed
1152 748 1299 803 bono
1316 748 1572 804 essentia:
1588 762 1702 802 sua:
1723 746 2046 818 privabitur,

468 857 632 918 atque
662 846 860 899 malum
882 843 989 898 erit
1009 841 1116 913 ipsi
1158 839 1456 895 essentiale
1479 878 1494 901 ,
1536 847 1591 895 et
1622 838 1900 910 quomodo
1945 838 2050 891 erit

466 940 648 993 anima
669 938 695 993 ἲ
715 950 893 1007 neque
920 935 1070 991 enim
1099 934 1269 996 vivet,
1296 947 1423 985 nam
1457 936 1626 985 vitam
1660 947 1769 984 non
1788 929 2046 996 habebit;

464 1033 574 1087 vita
606 1038 789 1086 autem
826 1036 912 1085 est
944 1029 1181 1083 bonum:
1217 1025 1266 1081 si
1303 1038 1434 1080 vero
1478 1025 1551 1080 sit
1592 1024 1794 1087 anima,
1819 1023 2045 1086 bonum,

463 1124 521 1180 id
570 1117 884 1185 est'vitam,
912 1118 1239 1190 participat:
1268 1131 1401 1187 ergo
1426 1115 1589 1171 etiam
1615 1114 1818 1169 bonum
1854 1129 2046 1170 essen-

461 1216 594 1272 tiale
615 1214 863 1276 habebit,
895 1226 1007 1267 non
1028 1216 1213 1265 autem
1239 1208 1446 1262 malum
1473 1247 1487 1271 ,
1505 1206 1734 1277 ideoque
1770 1205 1899 1261 boni
1922 1221 2049 1276 Spe-

432 1324 439 1331 °
461 1307 599 1365 ciem
620 1321 733 1379 prae
749 1322 809 1362 se
832 1306 973 1360 terre
992 1303 1217 1358 dicitur.
1239 1300 1621 1356 lmbecillitate
1650 1314 1781 1355 vero
1802 1299 2043 1371 propria,

461 1400 772 1457 secundum
811 1409 1063 1454 naturam
1088 1394 1367 1466 operando
1392 1392 1746 1465 depravatur,
1778 1400 1839 1446 ut
1870 1392 2045 1446 imbe-

459 1494 590 1549 cilla
620 1500 787 1564 atque
807 1491 873 1546 ad
905 1490 1193 1565 passiones
1226 1501 1531 1558 propensa;
1576 1485 1927 1541 imbecillitas
1949 1500 2046 1539 au-

458 1588 573 1636 tem
591 1581 811 1642 animas,
847 1595 956 1634 non
992 1585 1076 1633 est
1099 1578 1243 1632 sicut
1292 1577 1347 1630 in
1396 1575 1723 1646 corporibus
1774 1574 2044 1645 pinguedo

459 1681 557 1729 aut
582 1673 804 1729 exilitas
834 1672 887 1726 in
916 1670 1037 1741 ejus
1066 1668 1329 1731 essentia,
1371 1668 1468 1724 sed
1500 1666 1785 1721 inclinatio
1831 1668 1898 1721 ad
1929 1681 2046 1719 ma—

457 1765 677 1822 terialia
722 1771 776 1819 et
818 1762 1186 1833 temporaria;
1232 1759 1377 1815 unde
1427 1760 1591 1815 etiam
1624 1758 1819 1813 vitiose
1852 1764 2043 1829 postea

458 1863 734 1912 movetur.
770 1855 1009 1924 Ἐκγονα
1048 1868 1181 1909 vero
1225 1853 1345 1923 ejus
1396 1868 1493 1907 seu
1534 1851 1712 1916 fetus,
1742 1864 1907 1921 Opera
1942 1850 2044 1905 hoc

461 1949 587 2006 loco
606 1955 801 2014 vocat;
830 1956 959 2002 nota
980 1962 1111 2002 vero
1144 1945 1439 2001 ellicaciam
1466 1945 1685 2009 animte,
1738 1951 1921 2014 utpote
1952 1958 2043 1999 ac-

2153 747 2271 818 τῆς,
2302 746 2415 800 ἀλλ’
2437 745 2718 817 ἀλλοτρίου
2748 746 2895 809 τινος
2920 746 3425 818 ὲπισυμὸαίνοντος,
3460 748 3600 804 ἔσται
3617 753 3698 824 τῆς

2150 838 2337 902 οὐσίας
2364 838 2532 909 αὐτῆς
2558 840 2590 909 ή
2611 839 2864 910 στέρησις
2881 838 2975 892 τοῦ
2997 838 3227 907 ἀγαθοῦ,
3249 840 3343 894 καὶ
3363 840 3514 896 ἔσται
3543 843 3699 898 οὐσιῶ-

2148 931 2237 994 δες
2278 930 2413 1001 αὐτῇ
2455 930 2515 983 τὸ
2545 929 2734 984 κακόν·
2775 930 2870 984 καὶ
2899 930 3016 994 πῶς
3060 930 3212 986 ἔσται
3247 930 3430 1004 ψυχής
3457 933 3573 987 οὔτε
3608 936 3699 1008 γὰρ

2150 1023 2300 1077 ἔσται
2339 1022 2514 1088 ζῶσα·
2546 1022 2608 1076 οὗ
2649 1022 2758 1095 γὰρ
2797 1023 2908 1089 ἕξει
2946 1023 3111 1097 ζωήνο
3156 1025 3360 1094 ἀγαθὸν
3403 1026 3463 1080 δὲ
3496 1027 3616 1100 ζωή.
3646 1031 3698 1084 Εἰ

2148 1114 2203 1168 δὲ
2220 1114 2366 1185 ψυχή
2395 1116 2533 1179 ἐστι,
2567 1116 2781 1187 μετέχει
2812 1116 2907 1170 τοῦ
2928 1117 3155 1186 ἀγαθοῦ,
3174 1117 3419 1172 τουτέστι
3450 1119 3603 1191 ζωῆς·
3633 1122 3701 1175 οὐ·

2152 1205 2341 1270 σιῶδες
2359 1202 2453 1260 οῦν
2494 1205 2605 1270 ἕξει
2649 1207 2712 1261 rb
2744 1207 2968 1277 ἀγαθὸν,
3000 1209 3095 1262 καὶ
3128 1210 3190 1263 οὐ
3220 1210 3279 1263 rb
3306 1209 3498 1264 κακόν⁸
3528 1210 3601 1264 διὸ
3624 1213 3701 1267 καὶ

2147 1298 2468 1371 ἀγαθοειδὴς
2496 1298 2732 1369 λέγεται.
2776 1300 3054 1372 Ἀσθενείᾳ
3084 1301 3141 1356 δὲ
3172 1303 3237 1374 τῇ
3274 1302 3403 1375 περὶ
3442 1301 3508 1356 τὰ
3528 1305 3698 1371 οἰκεῖα,

2148 1390 2289 1445 κατὰ
2311 1390 2471 1460 φύσιν
2496 1394 2739 1464 ἐνεργεῖν
2768 1391 3087 1458 κακύνεται,
3119 1393 3195 1458 ὡς
3212 1393 3446 1466 ἀσθενὴς
3473 1396 3563 1449 καὶ
3580 1396 3702 1450 εὐκί-

2148 1503 2303 1556 νητος
2345 1481 2478 1540 οὖσα
2512 1486 2647 1558 πρὸς
2674 1485 2742 1539 τὰ
2789 1484 2959 1558 πάθη.
3018 1485 3292 1553 Ἀσθὲνεια
3323 1486 3380 1540 δὲ
3419 1486 3593 1558 ψυχῆς
3622 1489 3701 1560 οὐχ

2142 1576 2222 1640 ὠς
2253 1578 2346 1631 ἐπὶ
2374 1577 2644 1648 σωμάτων
2673 1576 2920 1649 παχύτης
2951 1576 2983 1647 ἢ
3023 1575 3272 1649 ἰσχνότης
3299 1579 3380 1642 εις
3414 1578 3514 1650 τὴν
3540 1580 3701 1635 οὐσίαν

2146 1671 2314 1742 αὐτῆς
2340 1710 2354 1733 ,
2393 1671 2507 1724 ἀλλ’
2541 1670 2636 1724 ἐπὶ
2686 1669 2756 1723 τὰ
2789 1669 2963 1724 ὑλικὼ
3007 1671 3101 1723 καὶ
3131 1670 3442 1744 πρόσκαιρα
3492 1672 3700 1739 ἔνδοσιςο

2136 1763 2265 1839 ,ὅθεν
2286 1764 2379 1817 καὶ
2416 1761 2749 1834 πλημμελῶς
2763 1762 2948 1816 λοιπὸν
2965 1765 3215 1816 κινεῖται.
3255 1764 3498 1833 Ἐκγονα
3527 1764 3580 1818 δὲ
3595 1765 3703 1820 ταύ-

2143 1873 2244 1928 της
2261 1854 2493 1909 ἐνταῦθα
2523 1854 2592 1908 τὰ
2615 1856 2891 1927 ποιήματα
2914 1855 3082 1923 λέγει.
3115 1855 3429 1928 Σημειωσαι
3465 1857 3522 1911 δὲ
3576 1858 3648 1912 ὅτι
3674 1863 3701 1932 ἠ

2144 1948 2394 2020 ἐνέργεια
2414 1948 2515 2019 τῆς
2534 1947 2711 2019 ψυχῆς
2738 1947 2839 2000 οὐκ
2858 1946 2970 2019 ἔχει
2994 1946 3058 2001 rb
3078 1947 3477 2019 ἀμετάσλητον,
3498 1950 3571 2016 ὡς
3589 1969 3704 2023 συμ-

459 2040 746 2097 cedentem
789 2046 845 2095 et
891 2037 1232 2095 recedentem
1258 2079 1273 2103 ,
1324 2053 1434 2091 non
1460 2037 1661 2093 habere
1690 2036 2036 2091 immutabili-

2147 2039 2401 2093 6a£vouaa
2430 2041 2525 2093 καὶ
2551 2037 3052 2110 ἀποσυμϐαινουσα.

460 2139 633 2188 tatem
644 2172 658 2188 ο

531 2223 626 2280 Sin
647 2240 739 2293 per
760 2213 1011 2278 actiones.
1047 2221 1116 2277 Ut
1142 2222 1336 2293 paucis
1367 2221 1717 2277 absolvamus
1736 2259 1751 2284 ,
1787 2219 1903 2275 haec
1924 2218 2045 2289 ejus

455 2326 541 2374 est
569 2316 839 2372 sententia
865 2333 878 2370 :
922 2322 1173 2368 naturam
1204 2314 1401 2368 animae
1429 2328 1552 2369 esse
1584 2313 1783 2367 bonam
1813 2352 1827 2375 ,
1868 2326 2044 2382 quan-

456 2402 753 2479 doquidem
778 2421 806 2460 a
825 2406 970 2461 bono
990 2405 1259 2476 producta
1291 2405 1383 2471 sit,
1402 2404 1631 2475 ejusque
1653 2403 1897 2459 actiones
1922 2418 2045 2459 esse

454 2503 664 2558 bonas:
698 2486 946 2556 videmus
968 2499 1115 2556 enim
1141 2498 1291 2554 viros
1309 2499 1513 2568 probos
1534 2498 1640 2554 sibi
1662 2496 2044 2551 convenientia

456 2592 709 2664 operari;
742 2608 809 2647 ex
837 2591 1127 2647 eversione
1153 2598 1206 2644 et
1232 2587 1449 2643 defectu
1484 2588 1614 2642 boni
1634 2588 1783 2644 subit
1816 2587 2040 2641 malum:

455 2697 587 2755 ergo
616 2681 819 2738 malum
848 2696 1026 2752 neque
1046 2689 1128 2737 est
1152 2681 1207 2734 in
1234 2689 1455 2741 natura,
1488 2694 1666 2749 neque
1697 2678 1970 2734 subsistit.

523 2836 795 2912 §XXXlL
827 2835 887 2893 Si
910 2837 1043 2892 bona
1080 2837 1303 2892 malum.
1334 2836 1499 2892 Multa
1526 2843 1653 2893 sunt
1694 2837 1789 2891 uni
1819 2844 2043 2891 contra-

450 2932 574 2998 ria;
622 2944 755 3002 ergo
802 2930 853 2987 si
902 2931 996 2985 uni
1030 2938 1086 2986 et
1135 2930 1290 2985 bona:
1337 2945 1517 2985 causa:
1546 2929 1887 2985 contrarium
1931 2930 2042 2985 sint

453 3025 649 3090 multa,
681 3024 825 3079 malo
851 3025 1037 3078 multae
1059 3032 1221 3079 erunt
1244 3038 1464 3089 causa};
1495 3031 1659 3094 atque
1690 3024 1757 3087 si,
1787 3030 1845 3077 ut
1874 3038 2040 3092 supra

453 3118 718 3182 diximus,
748 3119 991 3173 rationes
1018 3124 1071 3172 et
1116 3116 1405 3172 facultates
1443 3123 1572 3170 sunt
1598 3132 1781 3171 rerum
1815 3124 2042 3171 natura-

454 3211 590 3266 lium
615 3210 1056 3266 convenientium
1084 3209 1412 3273 etl’ectrices,
1447 3209 1628 3264 vitiosi
1659 3207 1907 3278 proiecto
1940 3225 2038 3263 na-

454 3303 718 3363 turalium
750 3309 933 3358 motus
959 3317 1023 3356 ex
1060 3301 1432 3356 imbecillitate
1464 3300 1853 3370 facultatisque
1890 3298 2040 3355 defe-

2216 2217 2287 2269 Εὶ
2307 2214 2375 2268 δὲ
2404 2216 2534 2282 ταῖς
2563 2214 2903 2285 ἐνεργείαις.
2942 2217 3059 2270 Ἵνα
3157 2219 3185 2272 ὁ
3215 2217 3342 2283 νοῦς
3383 2219 3445 2272 έν
3477 2220 3705 2293 συντόμῳ

2145 2305 2319 2372 οὕτως
2338 2326 2351 2338 ·
2386 2310 2468 2362 ὅτι
2494 2311 2526 2381 ή
2569 2309 2728 2379 φύσις
2758 2309 2857 2379 τῆς
2889 2308 3065 2381 ψυχῆς
3084 2309 3283 2382 ἀγαθὴ,
3305 2312 3492 2384 ἐπειδὴ
3538 2314 3599 2367 ὲκ
3625 2314 3706 2381 τοῦ

2146 2393 2351 2462 ἀγαθοῦ
2370 2395 2643 2468 παρήχθη,
2674 2395 2768 2449 καὶ
2788 2397 2843 2449 αί
2869 2397 3141 2468 ἐνέργειαι
3165 2400 3334 2471 αὐτῆς
3351 2401 3572 2469 ἀγαθαί·
3588 2404 3706 2475 ὁρῶ-

2149 2503 2249 2557 μεν
2275 2486 2385 2560 γὰρ
2401 2488 2527 2551 τοῦς
2548 2488 2785 2557 ἀγαθοὺς
2815 2490 3015 2563 ἄνδρας
3045 2491 3401 2565 ἐνεργοῦντας
3429 2492 3500 2548 τὰ
3530 2495 3703 2548 οἰκεῖα*

2145 2579 2209 2630 ὲκ
2242 2580 2599 2650 παρατροπῆς
2628 2580 2797 2635 δὲκαὶ
2826 2583 3111 2653 ἐλλείψεως
3137 2583 3233 2637 τοῦ
3254 2584 3467 2654 ἀγαθοῦ
3503 2603 3706 2660 παρεισ-

2144 2668 2286 2722 δύνει
2317 2670 2379 2723 τὸ
2410 2670 2596 2723 κακόν.
2648 2673 2854 2727 Οὐκοῦν
2885 2675 2984 2728 οὐκ
3033 2676 3092 2729 έν
3124 2675 3304 2745 φύσει,
3336 2677 3455 2732 οὐδὲ
3488 2678 3705 2732 ὲνούσιον

2143 2761 2204 2813 τὸ
2235 2762 2424 2816 κακόν.

2214 2854 2242 2925 §
2281 2853 2496 2939 XXXII.
2534 2854 2638 2929 [ς]
2686 2859 2756 2912 El
2792 2857 2874 2924 τῷ
2913 2858 3113 2929 ἀγαθῷ
3156 2861 3222 2914 τὸ
3267 2862 3476 2916 κακόν.
3523 2862 3609 2935 Τῷ
3637 2865 3705 2918 ἑνί

2142 2945 2357 3000 ἐναντία
2387 2947 2457 3001 τὰ
2487 2948 2677 3003 πολλάο
2710 2950 2905 3004 οὐκοῦν
2935 2953 2983 3004 εί
3011 2951 3089 3023 τῷ
3119 2953 3200 3006 ἐν).
3229 2954 3324 3006 καὶ
3351 2953 3545 3027 ἀγαθῷ
3566 2956 3706 3025 αἰτίῳ

2142 3038 2382 3093 ἐναντίον
2411 3038 2480 3093 τὰ
2500 3040 2691 3108 πολλὰ,
2719 3044 2868 3097 αῐτια
2886 3043 3054 3098 πολλὰ
3079 3044 3160 3116 τῷ
3190 3046 3365 3118 κακῷ·
3398 3047 3523 3113 καὶ,
3547 3050 3595 3102 εἰ
3612 3047 3707 3099 τῶν

2142 3130 2281 3184 κατὰ
2316 3132 2497 3201 φύσιν,
2527 3132 2603 3196 ὡς
2635 3134 2748 3188 ἄνω
2779 3134 2915 3207 ἔφην
2939 3177 2953 3202 ,
2987 3136 3133 3205 λόγοι
3180 3139 3274 3192 καὶ
3312 3140 3573 3213 δυνάμεις
3614 3140 3706 3194 εἰσὶ

2141 3223 2208 3278 τὰ
2242 3225 2520 3298 ποιητικὰ,
2553 3226 2661 3280 τῶν
2692 3227 2843 3301 παρὰ
2872 3229 3036 3299 φύσιν
3064 3232 3321 3301 ποιητικὰ
3361 3234 3418 3287 αἱ
3464 3233 3706 3307 πλημμε-

2142 3318 2252 3384 λεῖς
2282 3319 2389 3373 τῶν
2422 3319 2564 3375 κατὰ
2584 3321 2744 3391 φύσιν
2765 3326 3007 3395 κινήσεις
3024 3324 3085 3390 ἐξ
3114 3324 3400 3392 ἀσθενείας
3418 3328 3512 3382 καὶ
3534 3327 3708 3382 ἀδυναδ

356 3431 362 3436 ς
457 3404 551 3451 ctu
581 3394 989 3465 provenientes,
1024 3393 1302 3448 contraria
1330 3400 1541 3447 naturae
1570 3391 1903 3462 producunt,
1925 3391 2036 3462 qui-

2147 3411 2275 3483 μίας
2307 3412 2729 3484 συμϐαίνουσαν
2756 3414 2822 3468 δι’
2854 3391 2930 3469 ὧν
2958 3418 3052 3471 καί⁹
3082 3419 3489 3491 παρυφισταται
3522 3420 3585 3474 rb
3612 3438 3703 3483 κα·-

455 3488 564 3544 bus
588 3487 753 3543 etiam
785 3486 987 3539 malum
1015 3484 1418 3555 quodammodo
1444 3485 1750 3541 subsistere
1778 3482 1995 3539 videtur
2019 3503 2034 3550 ;

452 3594 621 3654 porro
647 3579 975 3651 quandoque
1003 3578 1167 3633 etiam
1225 3578 1427 3631 malum
1472 3583 1733 3647 operatur
1798 3574 2039 3631 dissimi-

452 3674 591 3729 lium
622 3674 742 3729 siue
766 3686 1087 3726 commensu
1118 3668 1325 3733 mistio,
1372 3684 1495 3723 cum
1530 3677 1623 3723 aut
1652 3668 1910 3734 calidum,
1944 3675 2037 3724 aut

453 3765 737 3836 frigidum,
769 3769 862 3817 aut
917 3761 1149 3823 siccum,
1185 3760 1340 3832 163
1377 3768 1470 3815 aut
1531 3759 1816 3814 humidum
1844 3798 1860 3824 ,
1910 3760 2035 3830 plus

455 3856 579 3910 aliis
602 3854 944 3916 dominatur;
961 3852 1104 3908 unde
1124 3863 1178 3907 et
1198 3852 1372 3907 morbi
1397 3850 1729 3922 frequentes.
1754 3850 2035 3918 Quomodo

453 3955 638 4003 autem
669 3947 897 4010 malum,
932 3946 1097 4001 rebus
1119 3945 1376 4000 omnibus
1408 3944 1552 4001 sicut
1586 3945 1743 3999 factae
1766 3952 1895 4001 sunt
1921 3960 2036 3999 ma-

455 4040 738 4105 nentibus,
764 4039 1059 4095 consistat?
1087 4039 1169 4093 liae
1188 4038 1334 4093 enim
1365 4053 1432 4093 ex
1459 4045 1611 4091 motu
1632 4035 1728 4092 Dei
1757 4037 2035 4092 voluntate

450 4133 732 4204 productae
755 4141 904 4197 sunt,
937 4147 1000 4185 ac
1024 4132 1079 4185 in
1113 4130 1364 4185 terminis
1388 4130 1626 4200 propriis
1663 4137 1887 4185 manent
1932 4130 2035 4183 im‘

454 4232 763 4297 motae,.,um
795 4232 937 4279 stent
962 4234 1015 4279 et
1055 4223 1417 4277 terminentur
1446 4223 1501 4276 in
1528 4221 1659 4277 Deo.
1708 4220 1913 4275 [larum
1936 4236 2032 4275 au—

452 4324 563 4371 tem
588 4316 947 4378 contrarium.
973 4331 1166 4386 nempe
1197 4316 1375 4386 ipsum
1431 4330 1526 4383 per
1557 4328 1616 4369 se
1650 4314 1875 4377 malum,
1922 4327 2033 4368 non

451 4419 538 4463 est
568 4408 785 4473 stabile,
837 4424 938 4462 nec
993 4409 1284 4462 terminum
1321 4408 1504 4471 habet,
1529 4422 1706 4477 neque
1748 4390 2031 4461 deﬁnitum

450 4507 571 4565 est,
601 4516 833 4570 quorum
867 4501 1074 4554 nullum
1108 4501 1163 4553 in
1208 4500 1409 4555 creatis
1437 4499 1686 4554 videmus
1717 4517 1729 4551 :
1756 4497 2033 4568 quomodo

392 4617 421 4663 ,ιν
453 4590 622 4662 igitur
648 4592 849 4645 malum
883 4591 1184 4646 subsistere
1226 4592 1439 4662 potest?

393 4668 408 4735 ξ’
525 4681 776 4738 Rationes
811 4700 874 4736 ac
905 4684 1213 4753 facultates.
1246 4684 1303 4737 ld
1334 4693 1417 4740 est
1451 4700 1562 4739 non
1602 4685 1900 4740 secundum
1943 4700 2031 4740 ra-

2140 3505 2253 3562 κόν.
2290 3507 2442 3560 Ποιεῖ
2468 3505 2526 3560 δὲ
2552 3505 2702 3561 κακὰ
2730 3506 2841 3561 ἐσθ’
2869 3508 2959 3562 ὅτε
2990 3510 3085 3563 καὶ¹
3120 3510 3266 3581 μίξις
3292 3511 3406 3565 τῶν
3449 3512 3706 3584 ἀνομοίων

2139 3596 2512 3670 ἀσύμμετρος,
2540 3599 2670 3657 ὅταν
2696 3598 2731 3669 ἢ
2755 3599 2819 3653 rb
2845 3596 3046 3673 θερμὸν
3078 3601 3112 3673 ἢ
3140 3603 3203 3656 rb
3219 3602 3506 3676 ψυχρὸν,ἢ
3535 3605 3595 3659 rb
3616 3603 3703 3672 ξη-

2142 3689 2252 3763 ρὸν,
2282 3690 2316 3762 ἦ
2348 3690 2411 3744 rb
2433 3688 2599 3764 ὑγρὸν
2624 3691 2785 3746 πλέον
2810 3692 2921 3746 τῶν
2947 3692 3123 3749 ἄλλων
3153 3698 3433 3771 κρατήστγ
3466 3698 3589 3752 ὅθεν
3619 3695 3711 3753 καὶ

2138 3782 2280 3836 νόσοι
2300 3782 2576 3847 πολλάκις.
2598 3783 2723 3848 Πῶς
2735 3783 2793 3838 δὲ
2809 3784 3030 3857 συσταίη
3051 3786 3240 3851 κακὸν,
3267 3786 3379 3839 τῶν
3409 3788 3703 3860 γενομένων

2136 3873 2518 3938 ἁπάντων,’ὼς
2546 3873 2901 3946 ἐποιήθησαν,
2937 3877 3241 3947 μενόντων;
3272 3878 3443 3932 ταῦτα
3478 3880 3574 3950 μὲν
3603 3879 3705 3949 γὰρ

2136 3966 2202 4019 ὲκ
2232 3967 2497 4038 κινήσεως
2518 3965 2815 4039 βουλήματι
2834 3968 2968 4022 Θεοῦ
3003 3969 3256 4042 παρήχθη
3283 4010 3298 4034 ,
3341 3972 3437 4025 καί¹
3486 3971 3705 4041 ἀκίνητα

2136 4058 2323 4121 ἐντοῖς
2359 4043 2690 4129 ἰδίοις’ὅροις
2738 4059 2888 4130 μένει
2934 4060 3143 4114 ἑστῶτα
3180 4063 3275 4115 καὶ
3320 4060 3706 4136 πεπερασμένα

2136 4147 2193 4199 έν
2235 4145 2314 4216 τῷ
2350 4145 2487 4217 Θεῷ⁸
2536 4148 2596 4201 rb
2636 4147 2693 4201 δὲ
2738 4148 2943 4201 τούτων
2985 4149 3261 4217 ἐναντίον,
3294 4150 3358 4204 rb
3389 4150 3705 4208 αὐτόκακονς

2135 4237 2387 4301 ἄστατον,
2407 4239 2503 4293 καὶ
2534 4239 2707 4312 πέρας
2728 4241 2827 4293 οὐκ
2857 4242 2977 4310 ἔχον
2997 4240 3117 4295 οὔτε
3131 4242 3456 4313 ὡρισμένον,
3474 4234 3548 4295 ὧν
3560 4239 3709 4295 οὐδὲν

2135 4333 2192 4384 ὲν
2222 4333 2288 4402 τῇ
2319 4331 2647 4403 δημιουργίᾳ
2690 4332 2923 4403 ὁρῶμεν.
2961 4334 3085 4396 Πῶς
3110 4329 3201 4387 οῦν
3244 4334 3602 4388 ἐνυπόστατον
3644 4330 3706 4382 rb

2135 4424 2303 4478 κακόν
2319 4442 2331 4487 ;

2205 4686 2302 4759 [ζ]
2337 4690 2511 4757 Λόγοι
2553 4688 2649 4740 καί
2693 4685 2996 4757 δυνάμεις.
3034 4688 3324 4741 Τουτέστιν
3367 4690 3427 4743 οὐ
3459 4689 3598 4744 κατὰ
3617 4688 3708 4742 λό-

454 4776 661 4831 tionem
680 4775 917 4860 aliquam
949 4783 1160 4829 naturae
1180 4775 1553 4830 necessariam
1582 4818 1597 4842 ,
1647 4784 1741 4830 aut
1764 4777 2031 4831 essentia-

2147 4747 2551 4849 τοννῶιαγκαῐον
2591 4783 2657 4851 τῇ
2718 4747 2879 4849 φύσει
2900 4819 2915 4841 ,
3015 4779 3139 4834 τινὰ
3186 4781 3420 4854 οὐσιώδη
3473 4782 3709 4852 ἰδιότητα

451 4866 561 4922 lem
590 4868 880 4937 quamdam
914 4867 1303 4936 proprietatem
1338 4868 1453 4922 hazc
1479 4868 1662 4921 animo
1693 4877 1822 4923 sunt
1848 4870 2035 4924 conci-

451 4958 682 5030 pienda;
708 4959 948 5013 arbitror
979 4967 1182 5023 autem,
1221 4975 1317 5031 per
1346 4962 1641 5016 mistiouem
1665 4962 2027 5027 dissimilium,

451 5050 759 5122 intelligere
806 5050 1140 5105 naturalium
1199 5052 1548 5120 facultatum,
1578 5054 1643 5108 ad
1673 5070 1737 5109 ea
1768 5070 1889 5125 quae
1919 5068 2029 5110 non

451 5146 810 5212 conveniunt,
846 5146 1165 5209 motionem,
1189 5147 1337 5216 quod
1386 5147 2026 5218 iutemperiesoperatur,

449 5255 575 5295 cum
601 5248 783 5295 motus
814 5255 921 5296 non
949 5247 1223 5310 coguntur
1250 5240 1461 5294 ratione
1489 5241 1628 5295 intra
1660 5242 1943 5304 terminos,
1970 5241 2027 5295 in

449 5334 649 5404 quibus
682 5333 935 5405 producti
967 5342 1121 5394 sum,
1166 5348 1409 5390 manere.

523 5425 771 5481 Omnium
801 5429 965 5482 etiam
1013 5427 1298 5481 malorum.
1356 5424 1608 5482 Omnium
1656 5429 1923 5484 bonorum
1975 5436 2029 5484 et

448 5519 715 5575 malorum
744 5521 1072 5592 prinmpium
1090 5526 1145 5575 et
1179 5518 1336 5574 linem
1362 5535 1487 5597 esse
1514 5521 1741 5585 bonum,
1768 5521 2024 5591 quoniam

450 5611 713 5683 quidquid
753 5614 1005 5676 facimus,
1070 5614 1273 5668 bonum
1329 5612 1508 5668 facere
1564 5614 1942 5676 arbitramur;
1973 5620 2027 5667 et

451 5703 653 5757 malum
676 5720 785 5759 non
816 5706 1020 5761 habere
1051 5703 1493 5771 subsistentiam,
1540 5705 1634 5760 sed
1687 5704 1798 5759 fere
1842 5704 2025 5758 subsi-

2130 4869 2301 4924 ταῦτα
2324 4869 2631 4940 λογίζεσθαι
2659 4871 2784 4942 χρή.
2805 4871 2984 4935 Μίξιν
3013 4871 3069 4925 δὲ
3101 4870 3220 4925 τῶν
3242 4873 3536 4943 ἀνομοίων
3552 4869 3709 4941 οἶμαι

2134 4963 2317 5034 νοῆσαι
2349 4963 2447 5034 τὴν
2481 4962 2592 5017 τῶν
2629 4962 2872 5032 φυσικῶν
2891 4962 3172 5033 δυνάμεων
3202 4964 3294 5017 ἐπὶ
3313 4963 3381 5018 τὰ
3398 4965 3470 5037 μὴ
3505 4962 3711 5035 προσή-

2130 5073 2293 5110 κοντα
2319 5056 2553 5129 κίνησιν,
2584 5056 2770 5126 ὅπερή
2803 5054 3037 5126 ἀμετρία
3058 5058 3238 5119 ποιεῖ,
3287 5056 3361 5128 μὴ
3411 5055 3549 5126 λόγῳ
3571 5069 3709 5123 κρα-

2128 5150 2404 5221 τουμένων
2432 5151 2543 5204 τῶν
2577 5150 2843 5220 κινήσεων
2878 5148 3009 5201 εῐσω
3043 5148 3224 5218 μένειν
3264 5148 3376 5201 τῶν
3394 5149 3532 5220 ὅρων
3555 5188 3573 5213 ,
3619 5144 3708 5212 ἐφ’

2129 5238 2210 5307 οἷς
2232 5244 2326 5297 καὶ
2351 5242 2623 5312 γεγόνασι.

2225 5427 2472 5482 Πάντων
2502 5425 2597 5479 καί
2630 5422 2748 5476 τῶν
2791 5419 3009 5475 κακῶν.
3058 5421 3180 5473 Ὅτι
3229 5420 3443 5475 πάντων
3474 5415 3566 5473 καὶ
3594 5410 3711 5466 τῶν

2137 5518 2322 5574 κακῶν
2370 5517 2518 5590 ἀρχὴ
2565 5516 2659 5570 καὶ
2688 5513 2839 5577 τέλος
2882 5513 2998 5567 ἐστὶ
3028 5512 3091 5566 rb
3127 5511 3330 5581 ἀγαθὸν
3350 5553 3364 5576 ,
3399 5507 3580 5577 ἔπειδή
3612 5505 3716 5558 καὶ

2137 5611 2243 5662 πᾶν
2277 5607 2555 5670 ποιοῦντες
2590 5606 2654 5668 “,
2687 5603 2886 5673 ἀγαθὸν
2918 5605 3092 5657 ποιεῖν
3136 5602 3426 5674 νομίζομεν
3446 5618 3459 5633 ⁸
3503 5599 3596 5653 καὶ
3623 5595 3716 5648 ὅτι

2135 5701 2429 5753 ὑπόστασιν
2459 5699 2559 5751 οὐκ
2591 5695 2706 5767 ἔχει
2748 5693 2811 5748 rb
2850 5694 3049 5759 κακὸν,
3096 5693 3230 5750 ἀλλὰ
3274 5692 3716 5767 παρυπόστασιν,

1374 5881 1607 5937 ΥΑΡιΙᾸΞ
1649 5880 2028 5937 LECTIONES
2064 5879 2152 5934 ET
2190 5872 2747 5934 CORRECTJONES.

549 6004 591 6035 ’ί
622 6003 787 6058 κακὸν
823 6004 1116 6066 ποιοῦντες.
