3874 6548
174 495 261 551 305
938 494 996 549 S.
1039 493 1288 548 MAXIMI
1326 491 1612 548 SCIIOLM
1656 491 1722 544 IN
1760 491 1887 545 LIB.
1932 491 2019 544 DE
2054 492 2306 547 DIVIle
2346 489 2738 547 NOMINIBUS.

3313 495 3418 552 306

175 605 251 659 τοῦ
279 603 487 673 ἀγαθοῦ
522 606 705 672 ἕνεκα,
742 608 832 661 καὶ
863 610 962 678 οὐχ
993 607 1186 660 ἑαυτοῦ
1219 607 1516 678 γινόμενον.
1567 606 1721 659 Τοῦτ(

1841 606 2117 668 stantiam,
2149 607 2277 662 boni
2309 613 2476 661 causa
2510 622 2616 661 non
2641 623 2771 662 vero
2804 609 2887 662 sui
2918 607 3117 662 factum
3143 627 3155 675 ;
3184 609 3284 664 hoc-
3321 627 3420 667 auo

177 699 328 753 δὲκαὶ
361 699 626 770 ἀνωτέρω
655 701 986 771 εἰρήκαμεν,
1041 702 1120 752 ὅτι
1166 699 1224 751 οὐ
1273 695 1412 770 1πρὸς
1458 699 1517 750 τὺ
1567 698 1734 751 κακὸν

177 793 380 865 ὁρῶντες
426 791 592 846 τοῦτο
644 793 978 863 πράττομεν,
1031 791 1164 845 ἀλλά
1210 790 1490 854 δοκοῦντες
1533 789 1734 857 ἀγαθὸν

179 887 342 948 ποιεῖν,
376 886 427 937 εἰ
461 886 558 938 καὶ
591 887 624 956 ἡ
659 884 878 948 ἔκϐασις
909 884 1217 938 τούναντίον
1247 884 1533 937 δείκνυσιν.

240 977 357 1029 Ὅτι
381 975 492 1029 τοῦ
525 977 752 1046 ἀγαθοῦ
796 977 992 1030 ἕνεκα.
1055 980 1117 1029 Ὃ
1152 973 1271 1029 εἷπε
1305 977 1396 1029 καὶ
1429 978 1487 1027 ὲν
1517 973 1594 1044 τῷ
1629 976 1733 1046 πρὸ

176 1068 336 1122 τούτου
369 1068 788 1140 κεφαλαίῳιδιὰ
816 1070 879 1123 τὸ
903 1070 1078 1138 (iram
1091 1089 1147 1132 ν,
1174 1071 1360 1140 ἐπειδὴ
1383 1070 1672 1140 νομίζομεν
1704 1070 1732 1122 ὃ

178 1163 407 1233 ποιοῦμεν
441 1163 665 1231 ἀγαθὸν.

239 1253 312 1318 Τῷ
338 1255 466 1307 ὄντι
496 1254 567 1307 δὲ
594 1258 704 1308 οὐχ
737 1259 930 1322 ὀρθόν.
982 1257 1283 1326 Ἐφιέμενοι
1317 1257 1424 1326 γὰρ
1458 1255 1596 1308 κατά
1632 1255 1729 1322 φύ-

178 1365 244 1400 σιν
273 1348 360 1399 καὶ
389 1347 623 1419 δύναμιν
653 1348 749 1400 τοῦ
768 1348 972 1416 ἀγαθοῦ
1006 1351 1247 1421 ὲκτικὴν,
1285 1346 1594 1419 πράττομεν
1617 1349 1726 1402 ἔσθ’

175 1439 242 1490 ὅτε
273 1439 585 1506 ἀγνοοῦντες
619 1440 678 1492 τὸ
711 1442 880 1494 κακὸν
902 1479 916 1501 ,
948 1441 976 1493 ὃ
1007 1444 1138 1512 ἡμῖν
1171 1441 1267 1511 μὲν
1317 1439 1594 1512 νομίζεται
1626 1459 1726 1494 κα-

173 1529 262 1588 λὸν,
293 1531 354 1598 τῇ
401 1527 456 1581 δὲ
490 1529 716 1599 ἀληθείᾳ
750 1533 866 1584 ἐστὶ
898 1532 1094 1585 κακόν·
1131 1533 1181 1584 τί
1232 1532 1370 1604 γάρ;
1417 1535 1518 1596 ὅτι,
1553 1551 1726 1604 τιμω-

175 1619 366 1689 ροῦντες
398 1619 477 1688 τῷ
509 1620 843 1691 ἠδικημένῳ,
879 1621 1174 1692 φονεύομεν
1206 1623 1316 1675 ἐσθ’
1348 1624 1433 1676 ὅτε
1479 1625 1569 1677 τὸν
1617 1624 1729 1676 ἀδι-

172 1712 389 1780 κήσαντα
425 1710 499 1780 μὴ
535 1709 684 1777 ἄξιον
715 1712 842 1764 ὄντα
876 1712 1120 1768 Θανάτου.
1173 1714 1328 1768 Οῦτω
1359 1715 1488 1780 νόει,
1544 1715 1636 1768 καὶ
1667 1717 1724 1768 οὺ

174 1801 352 1870 σφάλλῃ
363 1841 377 1852 .

229 1890 508 1959 Στέρησις
538 1892 649 1960 ἄρα
681 1893 831 1945 ἐστι’.
855 1896 1182 1964 Θαυμασίως
1197 1895 1394 1962 ἔδειξεν
1429 1897 1727 1950 ἀνυπόστα-

1839 706 1947 750 tem
1981 698 2145 752 etiam
2173 699 2428 768 superius
2450 699 2710 762 diximus,
2739 699 2993 753 nimirum
3024 701 3167 770 quod
3213 717 3320 757 non
3348 705 3414 758 ad

1838 789 2041 842 malum
2073 791 2431 860 respicientes
2471 791 2676 860 aliquid
2699 807 2945 862 agamus,
2977 793 3071 848 sed
3103 793 3414 862 iudicantes

1835 878 2040 933 bonum
2067 882 2304 950 operari,
2337 883 2440 937 etsi
2473 884 2654 938 exitus
2678 885 3015 938 contrarium
3047 887 3322 941 ostendat.

1909 970 2048 1036 Quia
2073 971 2196 1025 boni
2216 975 2413 1041 gratia.
2448 974 2601 1038 Quod
2632 976 2768 1028 dixit
2795 975 2959 1032 etiam
2995 976 3048 1029 in
3076 979 3415 1046 praecedente

1834 1063 2031 1130 capite,
2063 1063 2149 1116 διὰ
2179 1064 2240 1116 τὸ
2279 1065 2498 1132 ἀγαθὸν,
2519 1075 2740 1135 propter
2767 1067 2992 1132 bonum,
3019 1069 3147 1138 quia
3178 1070 3412 1125 arbitra-

1833 1170 1955 1208 mur
1978 1155 2030 1208 id
2061 1156 2204 1225 quod
2234 1157 2462 1212 facimus
2487 1175 2611 1213 esse
2643 1159 2866 1214 bonum.

1904 1245 2100 1301 Revera
2131 1258 2306 1301 autem
2330 1267 2433 1303 non
2467 1261 2682 1304 rectum.
2710 1251 3010 1322 Cupientes
3027 1255 3172 1309 enim
3205 1256 3410 1326 aliquid

1833 1336 2132 1393 secundum
2181 1347 2432 1395 naturam
2491 1347 2546 1394 et
2594 1341 2852 1396 virtutem
2883 1343 3011 1397 boni
3051 1345 3405 1410 habitualem,
3449 1365 3458 1376 ·

1831 1430 2122 1501 aliquando
2151 1433 2325 1486 nescii
2359 1433 2562 1488 malum
2596 1449 2910 1503 operamur,
2938 1437 3085 1506 quod
3106 1437 3266 1496 nobis
3285 1439 3399 1508 qui-

1830 1521 1951 1577 dem
1984 1522 2188 1577 bonum
2229 1523 2475 1586 videtur,
2502 1534 2880 1580 verumtamen
2917 1538 2999 1580 est
3029 1527 3231 1581 malum
3259 1546 3270 1582 :
3310 1543 3407 1581 cur

1828 1615 1973 1668 enim
1991 1616 2014 1668 ?
2029 1617 2174 1685 quod
2206 1617 2406 1685 injuria
2430 1619 2680 1674 aﬂ'ectum
2698 1619 3062 1684 vindicantes,
3082 1622 3409 1692 quandoque

1830 1721 1952 1759 eum
1983 1708 2077 1774 qui
2112 1707 2367 1777 injuriam
2414 1709 2542 1764 fecit
2566 1719 2739 1764 morte
2789 1710 3074 1781 indignum
3128 1713 3406 1770 interfeci-

1828 1814 1980 1853 mus:
2025 1801 2104 1854 sic
2128 1802 2389 1872 intellige,
2422 1811 2475 1856 et
2496 1817 2603 1856 non
2626 1819 2798 1859 erras.

1904 1889 2143 1945 Privatio
2171 1909 2295 1962 ergo
2327 1901 2426 1947 est.
2452 1891 2702 1948 Ostendit
2726 1896 3054 1952 mirabiliter
3070 1897 3272 1952 malum
3297 1913 3409 1954 non

170 1999 244 2034 τον
273 1983 328 2034 τὸ
360 1985 551 2044 κακὸν,
591 1984 845 2054 στέρησιν
879 1986 1164 2053 ἀποδείξας
1196 1987 1302 2040 τὼν
1352 1989 1408 2040 ὲν
1453 1987 1602 2052 τάξει
1635 1991 1721 2042 καὶ

1840 1980 2589 2046 5nbsistere,demonstrando
2623 2000 2746 2040 esse
2775 1987 3138 2056 privationem
3186 1986 3411 2042 ordina-

172 2074 323 2141 φύσει.
370 2075 433 2126 Ἦ
467 2075 522 2128 δὲ
557 2077 811 2147 στέρησις
856 2080 954 2132 οὐκ
989 2080 1431 2144 αὐτοῦπόστασις,
1465 2081 1541 2144 ὡς
1573 2083 1726 2152 προέ-

171 2182 342 2236 φημεν,
377 2166 511 2219 ἀλλά
545 2167 606 2220 τὸ
641 2170 880 2238 πεφυκὸς
913 2173 1005 2224 καὶ
1037 2171 1321 2226 ἐπιϐάλλον
1367 2177 1614 2244 παρεῖναι
1650 2172 1723 2244 μὴ

169 2257 319 2328 παρόν
341 2276 354 2288 '
387 2259 512 2312 ὅθεν
545 2263 640 2314 καὶ
686 2263 958 2333 ἁμαρτίαν
982 2303 996 2326 ,
1029 2265 1302 2318 τουτέστιν
1348 2265 1604 2334 ἐιτευξίανΔ
1631 2269 1723 2320 καὶ

170 2347 458 2405 ἀπὸπτωσὶν
491 2370 614 2406 τινα
643 2354 738 2407 τοῦ
773 2357 1157 2427 προσήκοντος,
1193 2358 1324 2411 αὐτὸ
1371 2358 1434 2412 τὸ
1463 2360 1562 2430 τῆς
1607 2376 1723 2412 στε-

173 2443 356 2513 ρήσεως
389 2444 575 2507 καλεῖ,
612 2448 704 2500 καὶ⁵
735 2448 1139 2510 ἀσκοπον,ἀντὶ
1169 2450 1283 2514 τοῦ,
1301 2450 1446 2522 παρὰ
1476 2451 1566 2504 τὸν
1600 2467 1724 2504 σκο-

172 2535 252 2586 πὸν
282 2535 496 2605 βάλλον,
533 2541 598 2592 ὲκ
633 2543 945 2612 μεταφορᾶς
990 2542 1097 2596 τῶν
1141 2544 1499 2608 τοξευόντων·
1535 2544 1721 2617 ὥσπερ

171 2629 260 2700 γὰρ
288 2632 514 2695 ἐκεῖνοι,
551 2635 1004 2704 ἐπιτυγχάνοντες
1050 2635 1144 2688 τοῦ
1193 2635 1431 2698 σκοποῦ,
1477 2637 1720 2690 τουτέστι

170 2721 245 2773 τοῦ
276 2723 495 2793 σημείου
531 2727 616 2794 ἐφ’
648 2725 678 2778 ὃ
707 2725 1033 2791 τοξεύουσιν,
1055 2728 1084 2779 ὃ
1114 2728 1178 2797 δὴ
1211 2728 1304 2780 καὶ
1338 2727 1537 2792 σκοπὸς
1568 2728 1720 2796 λέγε-

170 2828 258 2874 ται,
291 2814 465 2878 καλῶς
513 2817 795 2888 προῖασιψ
831 2818 1000 2882 οὕτως
1032 2821 1080 2872 οἱ
1126 2819 1229 2883 ἔξω
1273 2819 1364 2872 τοῦ
1402 2820 1603 2872 σκοποῦ
1635 2838 1720 2872 το-

173 2902 389 2970 ξεύοντες
421 2908 796 2980 ἁμαρτάνουσι
834 2911 876 2942 ¹³
906 2912 999 2965 τοῦ
1034 2914 1422 2986 προσήκοντος.

219 3000 312 3052 Kal
336 3001 612 3069 ἁμαρτία.
649 3003 721 3055 Τὸ
751 3003 1008 3072 ἁμαρτία
1041 3005 1114 3075 μὴ
1134 3005 1333 3076 νοήσῃς
1366 3005 1464 3077 τὴν
1497 3005 1721 3075 γενομέ-

170 3106 250 3160 νην
302 3095 355 3144 ἐν
416 3095 570 3164 ἡμῖν,
635 3089 746 3148 οἷον
802 3096 1067 3166 μοιχείαν,
1103 3096 1135 3166 ἦ
1171 3096 1415 3159 ἀδικίαν,
1451 3096 1482 3167 ἢ
1516 3096 1642 3150 ἄλλο
1668 3113 1719 3149 τι

171 3182 376 3236 τοιοῦτον
399 3203 410 3214 ·
463 3185 577 3238 ἀλλ’
610 3187 638 3238 ὃ
693 3186 859 3256 λέγει,
887 3187 1126 3241 τοιοῦτόν
1160 3191 1308 3241 ἐστι·
1362 3188 1468 3241 Τοῦ
1514 3189 1718 3258 ἀγαθοῦ

172 3276 362 3346 καὶτῆς
396 3278 537 3331 κατά
571 3267 734 3348 φύσιν
764 3282 1026 3351 κινήσεως
1071 3283 1188 3350 ἤτοι
1233 3281 1438 3348 τάξεως
1483 3283 1719 3349 ἀποτυγ-

1831 2079 2007 2126 torum
2038 2081 2092 2128 et
2115 2075 2449 2128 naturalium
2481 2093 2493 2128 :
2526 2075 2764 2145 privatio
2787 2085 2969 2132 autem
3001 2092 3112 2132 non
3141 2085 3225 2133 est
3241 2078 3411 2147 (sicut

1829 2163 1992 2218 etiam
2046 2173 2172 2220 ante
2207 2165 2470 2232 diximus)
2512 2183 2610 2236 per
2639 2183 2697 2223 se
2727 2170 3055 2233 substantia,
3117 2171 3212 2226 sed
3261 2172 3408 2240 quod

1827 2264 2010 2324 aptum
2039 2263 2092 2310 et
2123 2256 2301 2312 nitens
2342 2257 2538 2313 adesse
2578 2274 2684 2312 non
2731 2260 2916 2315 adest:
2959 2262 3190 2332 ideoque
3225 2264 3407 2336 ἀμαρ-

1825 2346 1970 2409 τίαν,
2005 2348 2057 2402 id
2083 2358 2168 2404 est
2197 2349 2600 2406 aberrationem
2632 2366 2695 2406 ac
2716 2353 3122 2422 prolapsionem
3146 2369 3174 2408 a
3205 2368 3410 2411 conve-

1826 2437 2018 2502 nienti,
2055 2440 2416 2509 privationem
2438 2451 2617 2504 vocat,
2649 2449 2703 2498 et
2728 2443 2970 2498 ἄσκοπον
3000 2460 3100 2515 pro
3130 2445 3271 2499 ultra
3288 2461 3410 2502 sco-

1827 2547 1952 2600 pum
1984 2529 2297 2599 iacientem,
2331 2542 2550 2606 sumpta
2602 2551 2631 2588 a
2680 2537 2985 2607 sagittariis
3041 2537 3394 2608 metaphora.-

1827 2622 1969 2677 sicut
2009 2623 2154 2678 enim
2189 2626 2267 2679 illi
2307 2627 2641 2698 attingentes
2675 2643 2925 2697 scopum,
2981 2629 3033 2683 id
3064 2638 3146 2684 est
3186 2629 3406 2700 signum

1829 2715 1988 2786 164
2021 2717 2073 2769 in
2097 2718 2240 2786 quod
2268 2717 2608 2786 jaculantur,
2653 2720 2798 2789 quod
2831 2721 2998 2775 etiam
3037 2720 3235 2782 σκοπός
3262 2720 3405 2775 dici-

1823 2816 1932 2872 tur,
1961 2811 2094 2864 bene
2117 2811 2438 2878 procedunt,
2475 2812 2548 2864 ita
2577 2813 2672 2880 qui
2710 2820 2862 2866 extra
2899 2827 3126 2881 scopum
3149 2811 3405 2880 jaculan-

1821 2910 1933 2966 tur,
1965 2919 1994 2955 a
2034 2904 2377 2958 convcnienti
2407 2905 2685 2959 aberrant.

1894 2993 1962 3046 Et
2002 3005 2291 3062 peccatum.
2323 2995 2426 3050 Per
2465 3007 2737 3065 peccatum
2779 3012 2887 3052 non
2943 2997 3216 3068 intelligas
3266 2997 3402 3052 illud

1823 3086 1968 3155 quod
2019 3087 2076 3141 in
2131 3087 2292 3142 nobis
2323 3087 2526 3142 factum
2563 3095 2667 3156 est,
2720 3091 2888 3144 veluti
2919 3090 3271 3155 adulterium,
3307 3102 3403 3146 aut

1823 3178 2168 3247 iniustitiam,
2205 3187 2298 3233 aut
2331 3179 2476 3234 aliud
2505 3181 2636 3250 quid
2670 3181 2884 3246 simile;
2919 3182 3015 3237 sed
3046 3183 3148 3237 hoc
3177 3184 3296 3237 vult
3325 3183 3404 3238 di-

1824 3285 2025 3326 eere:a
2056 3271 2202 3326 bono
2232 3280 2285 3325 et
2317 3273 2554 3326 naturali
2597 3281 2748 3327 motu
2780 3290 2874 3329 seu
2907 3275 3098 3330 ordine
3142 3275 3404 3331 aberran-

170 3367 412 3434 χάνοντες,
437 3371 716 3442 φερόμεθα
749 3374 829 3436 είς
859 3372 962 3442 τὴν
995 3372 1144 3442 παρά
1173 3373 1334 3441 φύσιν
1381 3373 1594 3443 ἄλογον,
1629 3376 1721 3426 καὶ

1840 3379 1929 3428 .es,
1963 3363 2190 3418 ferimur
2211 3365 2266 3417 in
2299 3379 2420 3419 eam
2453 3380 2574 3435 quae
2603 3374 2797 3420 contra
2840 3375 3093 3422 naturam
3124 3375 3228 3431 est,
3264 3367 3404 3422 irra-

170 3460 398 3530 παντελῆ,
430 3465 527 3516 καὶ
557 3463 804 3517 ἀνούσιον
822 3463 1185 3535 ἁνυπαρξίανο
1217 3465 1339 3518 ὅθεν
1371 3468 1463 3520 καὶ
1499 3466 1717 3537 μηδαμῆ

172 3552 309 3620 μηδὲν
337 3555 394 3607 ὃν
425 3555 573 3624 λέγει
607 3556 667 3609 τὸ
688 3560 873 3610 κακόν.

230 3736 302 3786 Οὐ
328 3733 523 3786 πάντα
543 3731 712 3788 πᾶσι.
737 3735 904 3798 Θείως
947 3735 1044 3797 τάς
1080 3736 1372 3800 ὑποϐάσεις
1420 3738 1530 3792 τῶν
1564 3743 1621 3792 ὲν
1653 3744 1716 3810 τῇ

166 3823 464 3899 δημιουργίᾳ
513 3827 803 3881 διέσωσεν⁸
839 3830 866 3881 ὁ
903 3829 998 3898 μὲν
1031 3828 1140 3900 γὰρ
1173 3829 1296 3892 νοῦς
1318 3870 1331 3893 ι
1370 3831 1488 3882 καθ’
1520 3831 1578 3883 δν
1622 3834 1716 3886 οὐ·

168 3918 356 3972 σίωνται
394 3921 442 3972 οἱ
474 3920 609 3973 θεῖοι
639 3920 760 3984 νόες
791 3921 884 3972 κα)⁴
927 3922 1100 3992 πάντη
1135 3921 1304 3987 ἀῦλοι,
1341 3923 1610 3995 ἀνώτερος
1625 3925 1719 3992 ψυ-

166 4009 249 4077 χῆς
278 4013 436 4065 ἐστιν.
486 4013 545 4065 '0
575 4009 669 4066 οὖν
713 4012 980 4080 ἄγγελος,
1026 4013 1054 4065 ὁ
1105 4015 1254 4085 παρά
1294 4016 1386 4068 τὸν
1429 4016 1716 4088 ἀγαθοειδῆ

165 4101 266 4155 νοῦν
296 4105 553 4176 κινηθεὶς,
586 4105 794 4176 δαίμων
823 4106 1029 4176 ἀπέϐη·
1063 4109 1094 4174 ὴ
1130 4107 1186 4159 δὲ
1201 4107 1368 4179 ψυχὴ,
1395 4108 1526 4162 καθὸ
1557 4109 1716 4179 νοερὰ

164 4195 239 4246 καὶ
265 4196 470 4269 λογικὴ,
494 4199 555 4251 οὐ
588 4198 729 4254 κατὰ
757 4198 911 4266 λόγον
935 4200 1047 4235 ¹δ’¹⁵
1072 4200 1366 4272 ἐνεργοῦσα
1397 4202 1487 4254 τὸν
1519 4201 1716 4254 ὑποϐε-

163 4285 347 4356 ϐηκότα
376 4291 499 4344 νοῦν
530 4290 624 4344 τὸν
658 4291 878 4361 νοητὸν,
926 4291 1024 4345 οὐκ
1055 4295 1269 4363 ἐνεργεῖ
1299 4292 1364 4345 τά
1396 4296 1569 4346 οἰκεῖα
1589 4311 1600 4322 ·
1651 4296 1716 4348 τὰ

161 4378 207 4431 δὲ
237 4381 455 4454 σιὶιματα
505 4383 572 4437 τά
606 4384 987 4455 ὑποϐεϐηκότα
1017 4385 1108 4438 τὸν
1160 4385 1343 4456 νοερὸν
1379 4385 1530 4454 λόγον
1566 4390 1715 4460 παρά

162 4474 301 4538 φύσιν
319 4476 627 4548 εὑρεθέντα,
661 4477 761 4529 οὐκ
794 4477 1060 4548 ἔρρωνται
1093 4480 1171 4540 εἰς
1202 4485 1269 4530 τά
1303 4479 1529 4532 ἑαυτῶν.

224 4655 348 4723 ηὼς
370 4657 522 4725 ὅλως
549 4660 620 4713 τὰ
649 4659 822 4714 κακά.
844 4661 904 4712 Εἰ
941 4660 1161 4730 πρόνοια
1194 4662 1252 4712 ἐν
1285 4661 1446 4721 πᾶσι,
1483 4660 1714 4731 οὐδαμοῦ

160 4750 299 4810 φύσει
330 4753 388 4804 τὸ
419 4753 607 4806 κακόν.

218 4840 244 4910 §
273 4841 506 4901 XXXIII.
557 4844 732 4899 Ἀλλὰ
764 4845 861 4897 καὶ
897 4845 1019 4912 τοῖς
1052 4839 1401 4915 γινομένοις.
1455 4848 1576 4898 Ὅτι
1622 4847 1715 4899 καὶ

156 4935 254 4996 τοῖς
282 4938 583 5008 γινομένοις
630 4939 723 4993 καὶ
766 4938 1137 5009 νομιζομένοις
1181 4943 1369 5003 κακοῖς
1402 4939 1714 5010 ἀγαθοπρε-

159 5025 260 5089 πῶς
301 5030 561 5102 κέχρηται
614 5034 643 5085 ὁ
691 5031 823 5094 Θεὸς
873 5033 1008 5102 πρὸς
1057 5031 1402 5104 διόρθωσινῆ
1449 5032 1718 5102 ὠφέλειαν

157 5117 300 5184 ἡμῶν
331 5122 362 5193 ἢ
398 5125 620 5196 ἐτέρων.

227 5211 297 5264 Ἥ
321 5214 525 5269 ἄλλων
564 5216 602 5284 ἢ
651 5216 863 5283 ὶδικσήν.
915 5220 1059 5290 Προς
1106 5221 1232 5282 τοὺς
1277 5219 1574 5288 λέγοντας,
1638 5219 1719 5271 ὃτι

157 5301 312 5374 ἐχρῆν
336 5309 481 5378 ἡμᾶς
512 5311 608 5362 καὶ
634 5309 865 5374 ἄκοντας
897 5310 1036 5366 εἶναι
1057 5311 1312 5380 ἀγαθούς.

227 5397 292 5448 Οἳ
324 5400 540 5468 χρῆναί
561 5418 712 5470 φασι
755 5402 869 5470 τὴν
904 5405 1210 5472 πρόνοιαν.
1248 5406 1560 5475 Σημείωσαι
1607 5407 1720 5470 πῶς

159 5484 462 5560 ἐπιπλήττει
510 5497 624 5557 τοῖς
671 5493 918 5562 λέγουσι·
965 5496 1060 5548 Διά
1112 5498 1164 5548 τί
1211 5497 1316 5568 γὰρ
1355 5498 1426 5568 μὴ
1467 5501 1719 5570 ἐποίησεν

159 5573 294 5640 ἡμᾶς
325 5581 353 5630 ὁ
383 5582 510 5646 Θεὸς
539 5582 735 5646 οὕτως,
772 5585 876 5647 ἵνα,
913 5584 1013 5638 κᾶν
1046 5586 1306 5655 θέλωμεν,
1363 5589 1434 5658 μὴ
1469 5589 1716 5660 ἁμαρτά-

159 5678 362 5734 νωμεν;
389 5673 543 5726 τοῦτο
575 5675 682 5746 γὰρ
715 5673 866 5728 οὐδὲν
908 5675 1091 5745 ἕτερον
1123 5677 1266 5726 ἐστιν
1299 5676 1329 5744 ἧ
1377 5677 1582 5745 λέγειν·
1619 5679 1716 5730 Διά

1823 3458 2099 3520 tionalem,
2129 3467 2183 3512 et
2215 3458 2545 3522 absolutam,
2572 3474 2635 3512 ac
2660 3459 2778 3513 sine
2801 3459 3110 3514 substantia
3129 3459 3402 3515 exsisten-

1827 3550 1918 3604 tia:
1941 3549 2346 3618 privationem:
2396 3549 2626 3619 ideoque
2683 3551 2817 3605 dicit
2873 3551 3076 3604 malum
3131 3566 3402 3622 nusquam

1825 3641 1934 3693 ullo
1974 3641 2136 3694 modo
2168 3657 2306 3695 esse.

1892 3732 2014 3786 Νοιι
2054 3735 2231 3787 omnia
2275 3733 2537 3787 omnibus.
2575 3732 2765 3788 Divine
2790 3735 2994 3804 gradus
3023 3743 3400 3790 creaturarum

1823 3826 2058 3879 servavit
2113 3842 2265 3881 mens
2282 3827 2443 3882 enim.
2462 3842 2604 3896 aqua
2623 3827 2921 3882 essentiam
2951 3829 3228 3898 accipiunt
3253 3844 3404 3884 men-

1821 3924 1903 3971 tes
1950 3918 2146 3972 divinae
2177 3926 2230 3972 et
2267 3933 2496 3987 prorsus
2551 3918 2964 3978 immaterialcs.
3017 3921 3272 3989 superior
3319 3928 3404 3974 est

1821 4010 2040 4075 anima;
2079 4011 2306 4080 angelus
2347 4010 2533 4079 igitur,
2559 4010 2652 4078 qui
2685 4018 2881 4078 praeter
2933 4021 3166 4066 mentem
3198 4013 3402 4068 bonum

1820 4117 1931 4171 prae
1953 4117 2011 4156 se
2033 4101 2296 4157 ferentem
2319 4109 2590 4166 movetur,
2617 4102 2829 4156 daemon
2857 4103 3072 4169 evadit;
3102 4103 3285 4158 anima
3313 4119 3406 4160 au-

1818 4203 1926 4250 tem
1948 4203 2218 4266 quatenus
2247 4195 2557 4266 intelligens
2589 4209 2653 4249 ac
2677 4197 2980 4262 rationalis,
3006 4213 3115 4254 non
3137 4213 3404 4256 exercens

1820 4289 2122 4342 secundum
2154 4287 2422 4342 rationem
2451 4287 2754 4357 subjectam
2789 4299 3027 4347 mentem
3085 4291 3406 4362 intelligibi-

1819 4379 1947 4444 lem,
1983 4395 2092 4434 non
2127 4389 2385 4451 operatur
2419 4380 2682 4450 propria;
2733 4397 2967 4453 corpora
3019 4401 3150 4440 vero
3202 4383 3408 4440 intelli-

1819 4473 1966 4543 genti
2025 4475 2234 4527 ratione
2269 4471 2566 4537 interiora,
2603 4481 2799 4542 praeter
2848 4485 3104 4531 naturam
3157 4477 3402 4544 inventa,

1818 4582 1927 4621 non
1960 4567 2142 4622 valent
2174 4568 2228 4621 in
2269 4567 2487 4636 seipsis.

1890 4660 2163 4725 Quomodo
2185 4662 2289 4714 sint
2315 4662 2528 4716 omnino
2551 4663 2716 4718 mala.
2751 4661 2808 4717 Si
2840 4663 3186 4733 providentia
3211 4664 3267 4718 in
3283 4681 3404 4720 om-

1752 4733 1792 4786 θ
1822 4753 2004 4814 nibus,
2043 4769 2312 4822 nusquam
2330 4762 2527 4809 natura
2555 4756 2761 4809 malum

1894 4845 1920 4917 §
1951 4845 2191 4901 XXXIII.
2229 4846 2370 4913 Quin
2404 4849 2566 4902 etiam
2599 4849 2667 4903 iis
2695 4851 2788 4918 qui
2817 4913 2823 4918 ,
2851 4858 2993 4904 sunt.
3032 4848 3202 4904 Deum
3236 4849 3401 4904 etiam

1823 4940 1890 4992 iis
1923 4939 2016 5009 qui
2050 4949 2179 4994 sunt
2207 4947 2299 4993 aut
2332 4950 2627 4996 censentur
2660 4941 2810 5007 mali,
2835 4943 2921 5011 pia
2951 4957 3049 4996 sua
3070 4941 3401 5012 benignitate

1824 5034 1890 5086 ad
1925 5033 2321 5087 correctionem
2361 5043 2415 5089 et
2457 5035 2748 5090 utilitatem
2779 5043 3024 5092 nostram
3051 5045 3145 5090 aut
3169 5035 3397 5090 aliorum

1826 5126 1922 5178 uti.

1890 5217 1994 5269 Aut
2014 5217 2267 5278 aliorum,
2297 5218 2373 5272 vel
2401 5220 2694 5287 propriam.
2731 5220 2937 5276 Contra
2965 5236 3061 5276 eos
3095 5218 3185 5289 qui
3209 5218 3401 5274 dicunt

1820 5324 1920 5362 nos
1947 5307 2142 5361 debere
2175 5309 2338 5361 etiam
2376 5310 2578 5364 invitos
2600 5327 2721 5367 esse
2746 5313 2938 5366 bonos.

1893 5399 1998 5464 Qui
2023 5400 2172 5454 aiunt
2194 5400 2378 5454 debere
2405 5403 2812 5472 providentiam.
2849 5403 2986 5458 Nota
3009 5399 3282 5472 quomodo
3312 5401 3398 5456 in-

1820 5501 2004 5562 crepat
2034 5494 2300 5556 dicentes,
2322 5494 2437 5548 Cur
2463 5494 2605 5549 Deus
2639 5511 2747 5548 non
2781 5497 2852 5547 ita
2877 5494 3004 5548 fecit
3033 5508 3153 5558 nos,
3191 5503 3270 5557 ut,
3292 5493 3397 5548 etsi

1822 5587 2074 5647 velimus,
2104 5601 2213 5639 non
2249 5602 2572 5655 peccemus;
2629 5591 2732 5641 hoc
2765 5587 2908 5640 enim
2943 5584 3092 5638 aliud
3139 5584 3276 5639 nihil
3313 5593 3403 5640 est

1824 5696 1986 5748 quam
2022 5680 2223 5742 dicere,
2251 5680 2432 5746 Quare
2465 5697 2562 5735 nos
2588 5681 2784 5734 mentis
2805 5686 2856 5732 et
2889 5678 3118 5733 rationis
3149 5688 3402 5749 expertes

1073 5835 1306 5889 YARl/E
1343 5833 1725 5892 LECTIONES
1761 5833 1842 5888 ET
1885 5835 2435 5892 CORRECTIONES.

269 5986 308 6016 ”
333 5987 496 6053 οὕτως
525 5992 568 6043 oi
610 5990 710 6055 ἔξω
747 5990 837 6058 τῆς
868 5991 1118 6061 ἀληθείας
1151 5990 1450 6062 gillo-213;.
1496 5992 1672 6060 ἀμαρτ

1688 5992 1712 6042 ῖὲ
1732 6007 1883 6044 tam;

1993 5993 2104 6022 l'..l5
2136 5991 2323 6060 πνίεκὴ
2351 5990 2682 6058 κατὰλόγον.
