3874 6538
434 459 546 515 507

1177 461 1514 517 ΑΡΡΕΝῧίΧ
1547 464 1634 518 AD
1668 463 1894 520 OPL‘RA
1932 465 1988 520 S.
2033 464 2330 521 DIONYSII
2381 465 2860 524 AREOPAGITE.

3575 471 3672 527 333

433 591 550 632 non
585 575 819 641 creavit;
843 573 888 628 si
919 575 1062 629 enim
1094 579 1408 632 necessario
1442 577 1507 631 ad
1544 579 1798 634 virtutem
1842 579 2011 634 duce-

2132 579 2164 632 τί
2202 580 2274 652 μὴ
2309 582 2510 652 ἀνόητα
2541 585 2635 636 καὶ
2682 582 2850 652 ἄλογα
2882 583 3028 654 ἡμᾶς
3060 581 3314 654 ὲποίησες
3367 581 3430 634 τὸ
3478 581 3586 654 γὰρ
3627 584 3678 648 ἐξ

437 684 644 731 remur,
669 682 841 738 neque
870 681 972 720 nos
995 669 1353 737 imperatores
1376 669 1643 738 quosdam
1665 686 1854 726 eorum
1886 687 2008 742 quae

437 759 498 818 in
529 759 688 814 nobis
719 770 846 814 sunt
882 759 1236 826 ostendisset,
1259 776 1436 832 neque
1465 770 1716 817 naturam
1763 771 2007 820 nostram

438 851 828 922 intelligentem
856 866 981 907 esse
1009 853 1369 922 permisisset,
1411 853 1465 909 id
1497 864 1582 910 est
1619 855 2012 927 intelligentcm

439 945 717 1010 animam;
753 943 908 1000 aufer
933 945 1080 1000 enim
1107 945 1415 1001 libertatem
1436 953 1716 1013 nostram,
1748 955 1803 1002 et
1834 963 2011 1017 neque

439 1036 535 1092 Dei
569 1037 749 1107 imago
795 1037 1034 1102 erimus,
1068 1053 1245 1108 neque
1266 1038 1448 1092 anima
1481 1039 1695 1095 ratione
1722 1048 1776 1095 et
1799 1041 2012 1096 intelle-

438 1139 528 1184 ctu
568 1130 815 1200 praidita,
847 1137 902 1185 et
929 1139 1125 1185 natura
1163 1146 1392 1201 prorsus
1419 1143 1834 1203 corrumpetur,
1880 1132 2011 1188 dum

437 1237 550 1276 non
585 1232 669 1278 est
695 1222 844 1292 quod
898 1223 1074 1293 ipsam
1125 1238 1250 1280 esse
1282 1225 1591 1294 oportebat.
1624 1225 1778 1292 Quod
1829 1235 2009 1282 autem

438 1314 534 1375 ait,
563 1314 952 1384 αὐτοκινήτων,
985 1315 1192 1369 dictum
1222 1331 1346 1371 esse
1376 1332 1475 1386 pro
1511 1317 1578 1373 iis
1600 1334 1721 1388 qua:
1748 1333 1861 1374 suae
1884 1326 2012 1375 sunt

437 1405 725 1474 potestatis
752 1413 807 1460 et
831 1405 1042 1476 imperii
1077 1407 1526 1478 intelligendum;
1559 1426 1666 1465 non
1701 1419 1882 1466 autem
1913 1425 2013 1480 pro

438 1497 509 1552 iis
542 1497 634 1567 qui
667 1497 881 1567 seipsos
909 1507 1150 1564 movent,
1182 1501 1350 1556 veluti
1383 1501 1644 1556 animalia
1705 1502 1773 1557 ad
1813 1503 2013 1558 distin-

437 1591 676 1645 ctionem
696 1591 1080 1660 immebilium,
1113 1602 1168 1646 ut
1189 1594 1476 1648 domorum
1500 1604 1554 1650 et
1583 1595 1875 1660 montium,
1919 1605 2013 1651 aut

437 1696 626 1736 eorum
643 1697 762 1752 qua:
775 1682 844 1737 ab
857 1683 980 1738 aliis
999 1693 1378 1753 moventur,ut
1398 1686 1637 1758 lapidum
1653 1695 1706 1744 et
1719 1687 2012 1758 lignorum:

436 1773 714 1829 disserens
730 1774 872 1829 enim
892 1773 958 1830 de
970 1775 1167 1832 virtute
1183 1778 1308 1841 τοὺς
1321 1778 1724 1850 αύτοκινήτους,
1746 1779 1902 1850 165
1918 1794 2016 1835 seu

437 1866 531 1934 qui
560 1868 782 1936 proprio
806 1876 1094 1924 moventur
1118 1869 1343 1924 arbitrio
1357 1871 1675 1942 assumpsit,
1691 1886 1926 1942 quorum
1942 1871 2016 1926 ait

2113 673 2361 745 ἀνάγκης
2392 675 2538 745 ἡμᾶς
2570 674 2799 743 ἄγεσθαι
2831 677 2916 728 ἐπ’
2949 673 3152 748 ἀρετὴν
3198 672 3323 728 οὕτε
3356 674 3681 745 αὑτοκράτο·

2115 772 2214 844 ράς
2243 789 2393 836 τινας
2423 775 2571 844 ἡμᾶς
2601 773 2809 827 ἐδείκνυ
2840 772 2950 827 τῶν
2982 772 3101 826 καθ’
3134 773 3380 835 ἑαυτοὺς,
3424 768 3549 824 οὔτε
3590 771 3682 842 τὴν

2112 864 2304 940 νοεράν
2348 865 2506 937 ήμῶν
2557 865 2718 935 φύσιν
2764 861 2903 919 εἶναι
2937 863 3272 936 συνεχώρει,
3317 862 3564 916 τουτέστι
3593 862 3688 933 τὴν

2113 959 2306 1034 νοερὰν
2336 959 2513 1031 ψυχήν
2531 976 2544 994 -
2580 957 2735 1012 ἄνελε
2767 957 2877 1031 γὰρ
2907 957 3066 1029 ἡμῶν
3095 955 3157 1010 τδ
3187 955 3564 1021 αὐτεξούσιον,
3597 955 3684 1008 καὶ

2111 1050 2236 1105 οὔτε
2267 1050 2431 1106 eum
2474 1050 2608 1105 Θεοῦ
2655 1039 2922 1122 ἐσόμεθα,
2973 1049 3095 1103 οὗτε
3151 1049 3298 1121 ψυχὴ
3357 1047 3551 1120 λογικὴ
3599 1049 3686 1102 καὶ

2113 1142 2300 1216 νοερὰ,
2333 1145 2427 1198 καὶ
2457 1143 2534 1215 τῷ
2583 1143 2696 1196 ὄντι
2735 1143 3072 1216 φθαρήσεται
3115 1146 3148 1215 ή
3185 1142 3366 1213 φύσις.
3413 1143 3515 1194 οὐκ
3560 1137 3685 1194 οὖσα

2112 1239 2249 1308 ὅπερ
2282 1237 2385 1290 ἔδει
2417 1237 2584 1308 αὐτὴν
2609 1232 2765 1292 εἶναι.
2803 1238 2980 1307 Ὅπερ
3009 1236 3066 1290 δέ
3094 1233 3702 1306 φησιν,αὐτοκινήτων,

2115 1330 2234 1382 ἀντὶ
2259 1327 2356 1382 τοῦ
2389 1327 2751 1392 αὐτεξουσίων
2775 1368 2790 1392 ,
2837 1329 2931 1382 καὶ
2974 1326 3392 1399 αὐτοκρατόρων
3443 1323 3688 1397 εἰρῆσθαι

2115 1421 2360 1492 νοητέον·
2396 1422 2455 1474 οὐ
2492 1420 2600 1494 γάρ
2630 1421 2738 1474 τῶν
2766 1421 2992 1483 ἑαυτοὺς
3021 1419 3336 1484 κινούντων,
3379 1411 3494 1470 οἷον
3525 1415 3689 1488 ἐμψύ-

2115 1530 2247 1585 χων,
2277 1513 2414 1588 πρὸς
2458 1512 2864 1584 ἀντιδιαστολὴν
2893 1512 3003 1565 τῶν
3053 1512 3327 1582 ἀκινήτων
3352 1550 3366 1574 ,
3413 1511 3491 1574 ὡς
3532 1508 3688 1563 οἴκων

2117 1607 2211 1660 καὶ
2239 1606 2417 1681 ὀρῶν·
2470 1606 2926 1679 ἢὲτεροκινήτων
2949 1647 2962 1668 ,
3012 1606 3088 1669 ὡς
3143 1605 3305 1659 λίθων
3356 1605 3452 1657 καὶ
3503 1602 3684 1667 ξύλων.

2117 1699 2252 1770 Περὶ
2299 1697 2409 1770 γὰρ
2459 1698 2660 1772 ἀρετῆς
2719 1696 3100 1768 διαλεγόμενος
3142 1697 3269 1760 τοὺς
3310 1696 3689 1767 αὑτοκινήτους

2118 1791 2446 1863 παρέλαϐεν,
2478 1785 2552 1845 ὧν
2585 1808 2718 1861 φησι
2752 1791 3059 1863 πρόσφορον
3099 1791 3198 1861 τὴν
3250 1789 3543 1861 πρόνοιαν,
3588 1782 3694 1840 οἷον

2115 1883 2212 1955 τὴν
2243 1883 2329 1937 διὰ
2362 1882 2526 1955 νόμου
2560 1885 2654 1937 καὶ
2685 1882 2978 1954 προφητῶν
2998 1921 3012 1945 ,
3065 1882 3163 1952 τὴν
3201 1879 3289 1935 διὰ
3335 1882 3444 1934 τῶν
3479 1881 3692 1951 εὐεργε-

437 1957 907 2012 accommodatam
939 1961 1357 2029 providentiam,
1389 1970 1447 2016 ut
1474 1971 1529 2018 et
1553 1978 1671 2019 eam
1697 1979 1819 2034 quae
1836 1964 1891 2018 in
1907 1965 2014 2035 lege

2132 1976 2374 2041 πιῶν,ὠς
2393 1977 2488 2030 καὶ
2514 1979 2542 2030 ὁ
2595 1975 2915 2038 Ἀπόστολος
2961 1974 3144 2048 δηλοῖ,
3192 1974 3523 2046 δημηγορῶν
3571 1974 3694 2046 mp“

436 2063 503 2103 ac
535 2049 841 2119 prOphetis,
893 2058 948 2104 et
979 2050 1280 2115 beneﬁciis,
1329 2054 1472 2109 sicut
1521 2055 1686 2110 etiam
1717 2055 2010 2127 Apostolus

436 2141 583 2210 apud
617 2142 980 2198 Athenienses
1003 2145 1339 2201 concionans
1359 2146 1622 2203 declarat.

512 2230 714 2288 Invitos
750 2250 865 2290 nos.
897 2231 1137 2289 Pulchre
1164 2250 1354 2291 eorum
1379 2237 1645 2294 rationem
1669 2241 1886 2306 evertit,
1919 2242 2012 2312 qui

435 2325 629 2380 dicunt
655 2334 912 2396 oportere
938 2343 1040 2383 nos
1069 2329 1234 2383 etiam
1263 2329 1463 2386 invitos
1495 2339 1550 2386 et
1583 2347 1649 2388 ex
1684 2335 2015 2391 necessitate

433 2435 560 2475 esse
603 2419 810 2486 bonos;
859 2420 965 2476 hoc
1010 2421 1158 2477 enim
1197 2429 1345 2478 esset
1374 2425 1627 2479 essentia:
1656 2434 1860 2482 nostrae
1893 2442 2016 2483 cor-

435 2512 620 2582 ruptio
651 2529 667 2578 ;
697 2511 1004 2568 auferretur
1033 2513 1177 2568 enim
1207 2514 1439 2574 liberum
1465 2516 1769 2574 arbitrium.

507 2605 615 2660 Per
653 2621 708 2659 se
753 2605 1046 2670 mobilium,
1084 2605 1179 2665 Gr.
1217 2607 1325 2661 τῶν
1356 2609 1742 2684 αὑτοκινήτων.
1776 2611 1881 2668 Pro
1910 2614 2018 2668 τῶν

435 2699 822 2767 αὑτεξουσίων,
858 2701 925 2756 iis
958 2701 1053 2772 qui
1084 2715 1186 2757 suo
1216 2701 1407 2757 vivunt
1438 2702 1672 2760 arbitrio
1697 2745 1710 2770 ,
1745 2707 1890 2762 sicut
1922 2709 2019 2763 adv

430 2793 624 2866 jacens
653 2792 897 2852 declarat
929 2793 1327 2864 paragraphus.

509 2886 537 2958 §
569 2885 810 2941 XXXIV.
859 2885 929 2940 Et
958 2889 1205 2942 mutatio.
1240 2886 1379 2942 Nota
1409 2888 1733 2962 incorporea
1764 2899 1818 2947 et
1845 2900 2018 2950 mate-

435 2981 533 3038 riae
567 2980 815 3050 expertia
860 2980 1094 3044 mutari,
1137 2979 1268 3036 dum
1310 2997 1419 3038 non
1459 2993 1682 3040 manent
1706 2987 1934 3041 omnino
1961 2991 2016 3042 in

435 3072 565 3127 boni
609 3073 922 3128 identitate:
964 3071 1172 3126 bonum
1204 3072 1372 3139 enim,
1414 3083 1474 3129 ut
1511 3091 1728 3147 semper
1772 3085 1925 3134 stans
1966 3089 2020 3135 et

437 3164 677 3228 llrmum,
702 3164 844 3219 idem
867 3173 1081 3230 manet;
1112 3166 1259 3235 quod
1287 3180 1419 3221 vero
1447 3175 1711 3235 mutatur,
1734 3183 1845 3224 non
1876 3169 2016 3225 idem

435 3264 643 3314 manet.

510 3349 578 3404 In
605 3349 827 3405 scientia
869 3367 987 3406 vero
1029 3361 1322 3422 peccantes.
1372 3351 1507 3408 Vide
1550 3353 1825 3423 quomodo
1870 3355 2017 3409 istud
2044 3349 2090 3409 C

437 3441 867 3512 interpretetur:
917 3442 1010 3499 Vae
1037 3445 1192 3499 vobis
1221 3459 1345 3498 cum
1379 3445 1693 3515 cognitione
1733 3447 2013 3514 peccanti-

436 3532 563 3591 bus.
612 3532 710 3588 Et:
756 3532 949 3589 Servus
991 3536 1160 3590 sciens
1204 3537 1527 3590 voluntatem
1569 3536 1769 3591 domini
1815 3541 1932 3605 sui,
1966 3549 2016 3592 at

436 3641 539 3684 non
572 3626 770 3696 faciens
804 3643 944 3696 eam,
975 3627 1246 3697 vapulabit
1276 3629 1574 3686 multis'”.

510 3718 629 3774 Sive
675 3720 936 3786 scientiae,
971 3719 1066 3777 Gr.
1111 3721 1143 3792 ἢ
1185 3722 1285 3793 τῆς
1330 3722 1601 3791 γνώσεως.
1651 3723 1812 3780 Forte
1858 3736 2016 3782 vocat

2128 2069 2448 2142 Ἀθηναίοις.

2191 2247 2484 2310 Ἀκοντας
2516 2239 2689 2311 ἡμᾶς.
2745 2239 2939 2303 Καλῶς
2982 2235 3240 2308 ἀνέτρεψε
3286 2236 3379 2290 τὸν
3409 2236 3566 2303 λόγον
3592 2232 3701 2287 τῶν

2116 2338 2404 2406 λεγόντων,
2437 2335 2518 2388 ὅτι
2551 2333 2716 2405 ὲχρῆν
2746 2333 2892 2402 ἡμᾶς
2921 2333 3014 2385 καὶ
3045 2330 3276 2392 ἄκοντας
3302 2329 3396 2382 καὶ
3435 2325 3691 2395 ὲξιάνάγ-

2119 2449 2222 2503 κης
2259 2426 2397 2484 εἶναι
2443 2427 2638 2490 καλούς
2663 2444 2676 2457 '
2726 2424 2884 2478 τοῦτο
2931 2423 3040 2494 γὰρ
3086 2420 3260 2493 φθορά
3295 2417 3364 2492 ἦν
3407 2419 3563 2491 ἡμῶν
3603 2419 3694 2488 τῆς

2118 2521 2306 2586 ούσίας
2331 2538 2344 2551 ο
2378 2519 2618 2592 ἀνῄρητο
2645 2516 2754 2588 γὰρ
2784 2516 2848 2570 ἂν
2878 2516 2940 2568 τὸ
2966 2514 3326 2581 αὐτεξούσιον.

2197 2613 2320 2668 Τῶν
2357 2609 2781 2677 αὑτοκινήτων.
2832 2610 2974 2662 Ἀντί¹
3019 2606 3113 2660 τοῦ
3157 2604 3697 2670 τῶν.αύτεξουσίων,

2121 2707 2198 2771 ὡς
2227 2708 2260 2776 ἡ
2295 2704 2671 2778 παρακειμένη
2701 2702 2853 2773 δηλοῖ
2879 2699 3236 2773 παραγραφή.

2191 2887 2491 2963 ςΧΧΧιν.
2543 2886 2654 2941 Καὶ
2714 2884 3059 2948 ἀλλοίωσις.
3114 2879 3424 2951 Σημείωσαι
3483 2876 3565 2929 ὄτι
3609 2875 3692 2926 καὶ

2120 2984 2190 3038 τὰ
2213 2982 2480 3053 ἀσώματα
2523 2980 2616 3032 καὶ
2655 2976 2726 3030 τὰ
2753 2977 2888 3032 ama
2917 2971 3241 3034 ἀλλοιοῦται,
3277 2971 3352 3042 μὴ
3387 2969 3616 3040 μένοντα
3639 2967 3691 3018 ὲν

2119 3080 2185 3148 τῇ
2217 3075 2310 3128 τοῦ
2342 3071 2548 3142 ἀγαθοῦ
2577 3068 2834 3133 όλοτελῶς
2864 3067 3150 3136 ταύτότητι
3176 3081 3190 3100 ι
3221 3063 3280 3116 τὸ
3319 3062 3415 3132 μὲν
3439 3061 3548 3132 γὰρ
3570 3064 3694 3128 Lya-

2122 3168 2213 3223 θὸν
2247 3167 2463 3230 ταύτὸν,
2497 3165 2573 3228 ὡς
2601 3164 2690 3217 ἀεὶ
2723 3160 2893 3224 ἑστὼς
2925 3160 3020 3214 καὶ
3055 3157 3268 3228 βέϐαιον
3291 3172 3304 3185 ⁸
3338 3155 3397 3207 τὸ
3427 3154 3484 3206 δὲ
3508 3171 3602 3225 τρε
3617 3173 3643 3203 .·ς
3671 3181 3693 3190 -

2125 3279 2283 3333 μενον
2311 3261 2378 3313 οὺ
2400 3258 2613 3317 ταύτόν.

2205 3354 2305 3407 Ἑν
2351 3351 2569 3422 γνώσει
2619 3347 2687 3402 δὲ
2736 3345 3203 3414 ἁμαρτάνοντας.
3257 3344 3399 3414 Ὅρα
3444 3340 3561 3402 πῶς
3607 3340 3691 3409 ἐρ-

2124 3446 2347 3519 μηνεύει
2371 3445 2454 3499 τό·
2486 3445 2620 3498 Οὐαὶ
2643 3445 2752 3504 τοῖς
2767 3442 2826 3493 έν
2850 3439 3046 3508 γνώσει
3073 3435 3465 3508 ἁμαρτάνουσι,
3494 3433 3587 3486 καὶ
3610 3431 3690 3484 τόο

2133 3541 2193 3592 '0
2224 3538 2448 3604 δοῦλος
2479 3539 2510 3590 ὀ
2541 3535 2713 3600 εἰδὼς
2744 3537 2810 3588 τὸ
2843 3533 3071 3601 θέλημα
3101 3530 3204 3583 τοῦ
3237 3529 3448 3595 κυρίου
3478 3522 3691 3589 αὑτοῦ,

2117 3631 2214 3686 καὶ
2242 3630 2327 3701 μὴ
2361 3629 2547 3683 ποιῶν
2577 3625 2744 3690 αὐτὸ,
2778 3625 3099 3694 δαρήσεται
3133 3619 3388 3686 πολλάς.

2189 3727 2266 3779 Ἦ
2294 3722 2404 3790 τῆς
2435 3720 2728 3792 γνώσεως.
2777 3717 2982 3770 Γνῶσίν
3027 3731 3190 3785 φησιν
3235 3713 3364 3773 ἴσως
3396 3712 3494 3784 τὴν
3531 3711 3592 3763 ἐκ
3625 3710 3693 3763 δι-

435 3810 637 3879 γνῶσιν
668 3811 1034 3882 cognitionem
1066 3828 1188 3882 quze
1216 3813 1465 3868 doctrina
1498 3816 1823 3886 acquiritur,
1849 3835 2011 3888 quam

2132 3815 2416 3878 Βασκαλίας
2446 3812 2902 3886 προσγινομένην,
2933 3811 2998 3880 ῆν
3032 3809 3125 3861 καὶ
3151 3807 3288 3878 λήθη
3320 3807 3582 3868 πολλάκις
3611 3801 3692 3856 δύο

437 3903 644 3958 obiivio
685 3902 1000 3974 frequenter
1035 3905 1338 3961 obscurare
1374 3915 1590 3976 potest,
1639 3924 1802 3978 quam
1849 3912 2012 3966 etiam

2132 3927 2275 3967 ναται
2321 3906 2687 3980 ἀμαυρῶσαι,
2734 3905 2799 3975 ἢν
2828 3903 2922 3956 καὶ
2961 3901 3218 3972 ἀνωτέρω
3252 3899 3416 3971 φησὶν
3448 3897 3506 3964 ἐξ
3534 3897 3691 3967 ἀκοῆς

435 3995 691 4065 superius
728 3996 866 4050 dixit
905 4012 971 4052 ex
1011 3998 1199 4052 auditu
1244 3998 1434 4069 gigni;
1466 4001 1837 4070 cognitionem
1887 4018 2014 4058 vero

2132 3999 2449 4071 ἐγγίνεσθαι·
2501 3997 2731 4068 ἀληστον
2774 3995 2831 4048 δὲ
2874 3994 2974 4064 τὴν
3015 3990 3215 4062 γνῶσιν
3257 3991 3468 4061 οἰητέον
3509 3989 3606 4059 τὴν
3633 3989 3696 4049 ὲκ,

434 4086 706 4142 oblivione
737 4096 1012 4144 carentem
1031 4129 1045 4153 ,
1093 4091 1428 4145 censendum
1458 4107 1577 4146 eam
1608 4108 1732 4162 quae
1758 4109 1824 4148 ex
1852 4102 2014 4149 natu-

433 4179 537 4234 rali
595 4180 986 4250 meditatione,
1045 4190 1140 4236 aut
1197 4183 1567 4240 illustratione
1618 4187 1738 4240 sine
1788 4187 2018 4244 doctore

435 4270 682 4329 inlustret.

521 4362 710 4417 Verum
760 4363 870 4419 haec
916 4367 1125 4437 quidem
1173 4370 1345 4424 nobis.
1405 4368 1543 4424 Nota
1599 4370 1749 4424 aliud
1799 4387 2016 4442 quoque

437 4453 614 4524 ipsius
649 4472 772 4512 esse
799 4473 939 4528 opus
969 4459 1036 4514 de
1079 4461 1230 4530 justo
1275 4469 1331 4516 et
1377 4461 1565 4516 divino
1609 4462 1854 4532 judicio;
1887 4472 2016 4518 nota

435 4562 570 4602 vero
595 4561 756 4619 caput
785 4550 889 4604 hoc
920 4553 1200 4609 continere
1241 4554 1314 4609 25
1352 4554 1702 4626 syllogismos
1727 4598 1741 4623 ,
1783 4554 2013 4611 demon-

436 4646 677 4695 strantes
706 4642 907 4696 malum
940 4659 1048 4703 non
1075 4660 1198 4700 esse
1222 4661 1342 4701 ens.

1034 4841 1101 4896 IN
1139 4843 1294 4900 CAP.
1335 4844 1400 4900 V.

507 4932 535 5003 ᾖ
567 4931 607 4988 1.
648 4931 774 4987 Non
819 4937 1406 5003 supersubstantialem.
1446 4939 1668 5010 Antiqui
1709 4940 1878 4997 Deum
1914 4959 2010 4998 vo-

433 5025 633 5079 cabant
681 5039 877 5092 unum,
923 5042 1034 5082 non
1079 5035 1337 5100 tanquam
1381 5033 1594 5088 numeri
1639 5035 2010 5105 principium;

433 5117 528 5174 sed
573 5119 702 5188 quia
751 5119 821 5173 ab
865 5121 1120 5177 omnibus
1153 5131 1397 5180 secretus
1423 5136 1502 5180 est
1525 5166 1541 5192 ,
1576 5127 1820 5197 nihilque
1850 5128 2012 5183 habet

431 5224 622 5264 eorum
655 5227 778 5281 quae
809 5220 932 5283 post
964 5213 1139 5283 ipsum
1173 5215 1394 5270 fuerunt
1423 5218 1513 5272 cui
1545 5227 2007 5283 connumeretur,

431 5301 564 5371 quin
595 5303 758 5358 etiam
789 5305 934 5375 quod
967 5308 1382 5376 compositionis
1429 5325 1626 5380 expers
1671 5328 1734 5367 ac
1779 5313 2009 5383 simplex

432 5393 537 5459 sit;
575 5395 682 5450 hoc
726 5406 908 5452 autem
957 5413 1068 5452 non
1116 5407 1470 5468 repraesentat
1527 5418 1649 5473 quae
1698 5406 1768 5460 sit
1799 5405 1891 5461 Dei
1921 5423 2010 5462 es-

434 5485 646 5554 sentia;
693 5489 932 5544 essentia
983 5490 1130 5545 enim
1184 5491 1478 5561 improprie
1525 5495 1594 5550 de
1626 5495 1735 5550 Deo
1761 5496 2008 5563 dicatur,

431 5589 559 5636 nam
588 5582 1064 5648 superessentialis
1093 5590 1198 5638 est.

507 5667 832 5728 Substantiae
863 5674 1066 5743 dei/ica:
1099 5675 1439 5747 principium,
1471 5675 1566 5732 Gr.
1598 5678 1893 5750 θεαρχικῆς
1923 5683 2011 5734 οὺ-

435 5764 705 5837 σιαρχίας.
735 5767 1064 5838 Ούσιαρχίαν
1086 5785 1180 5826 scu
1212 5763 1464 5825 essentia:
1493 5771 1823 5844 principium
1853 5782 2010 5828 vocat

524 5924 606 5962 Μ
647 5921 778 5984 LUC.
816 5939 912 5988 xu,
958 5925 1043 5982 i7.

2120 4093 2356 4164 φυσικῆς
2388 4089 2621 4160 θεωρίας
2662 4088 2696 4159 ἢ
2739 4085 3057 4156 ὲλλάμψεως
3087 4083 3386 4162 ἀδιδάκτως
3417 4096 3690 4152 προσγινο-

2121 4188 2306 4258 μένην.

2204 4373 2389 4428 Ἀλλὰ
2419 4372 2604 4426 ταῦτα
2629 4370 2746 4440 μὲν
2776 4328 2938 4440 ἡμῖν.
2973 4369 3302 4439 Σημείωσαι,
3338 4368 3421 4420 ὅτι
3454 4367 3548 4419 καὶ
3573 4363 3690 4419 ἄλλο

2118 4469 2266 4521 ἐστὶν
2294 4466 2460 4520 αὑτοῦ
2488 4467 2772 4536 σύνταγμα
2805 4464 2932 4534 περὶ
2970 4461 3178 4515 δικαίου
3206 4461 3300 4513 καὶ
3321 4459 3466 4512 θείου
3484 4457 3686 4511 δικαιω-

2117 4560 2308 4630 τηρίου
2333 4575 2346 4589 ·
2384 4557 2690 4629 σημείωσαι
2716 4556 2796 4620 δὲ,
2828 4555 2921 4608 καὶ
2948 4555 3030 4608 ὅτι
3060 4552 3233 4606 εἴκοσι
3268 4554 3361 4606 καὶ
3391 4555 3540 4624 τρεῖς
3571 4550 3685 4604 συλ-

2050 4686 2094 4740 n
2119 4652 2411 4722 λογισμοὺς
2443 4649 2556 4720 ἔχει
2587 4649 2648 4702 τὸ
2676 4647 2969 4719 κεφάλαιον
3009 4645 3166 4698 τοῦτο
3191 4684 3204 4709 ,
3239 4644 3650 4704 ἀποδεικνύντας
3671 4681 3684 4705 ,

2118 4745 2201 4797 ὄτι
2232 4743 2330 4796 οὐκ
2360 4743 2505 4796 ἐστιν
2537 4742 2596 4795 ὂν
2623 4741 2683 4795 τὸ
2712 4740 2900 4794 κακόν.

2614 4851 2724 4903 ΕΙΣ
2761 4851 2848 4903 ΤΟ
2886 4849 3132 4904 ΚΕΦΛΑ.
3175 4849 3250 4902 E’.

2155 4945 2216 5016 ,ς
2251 4943 2290 4998 Ι.
2331 4946 2415 4998 Οὐ
2445 4943 2560 5012 τὴν
2589 4943 2974 5012 ῠπερούσιον.
3006 4945 3117 4995 Ἕν
3135 4941 3423 5012 ὠνόμασαν
3449 4941 3538 4992 τὸν
3565 4938 3682 4992 Θεὸν

2119 5041 2168 5092 οἱ
2201 5038 2369 5092 πάλαι
2401 5037 2498 5106 οὐχ
2532 5038 2607 5099 ὡς
2635 5035 2882 5107 ἀριθμῶν
2913 5034 3108 5104 ἀρχὴν,
3133 5032 3268 5085 ἀλλά
3294 5033 3383 5085 διὰ
3403 5033 3465 5085 τὸ
3485 5031 3682 5084 πάντων

2119 5130 2417 5207 ἐξῃρῆσθαι
2445 5169 2460 5192 ,
2497 5130 2592 5183 καὶ
2643 5129 2806 5201 μηδὲν
2852 5128 2995 5198 ἔχειν
3043 5125 3538 5197 συναριθμούμενον
3585 5121 3682 5175 τῶν

2122 5226 2238 5295 μετ’
2274 5223 2435 5276 αὑτὸν
2461 5261 2476 5286 ,
2509 5220 2645 5274 ἀλλὰ
2677 5221 2770 5274 καὶ
2809 5219 2897 5274 διά
2935 5220 2996 5272 τὸ
3027 5217 3315 5271 ἀσύνθετον
3348 5217 3444 5270 καὶ
3472 5212 3677 5269 ἀπλοῦν’

2117 5319 2176 5370 ού
2207 5314 2366 5370 τοῦτο
2391 5315 2448 5368 δὲ
2480 5313 2796 5384 παρίστησι,
2824 5311 2908 5375 τίς
2935 5313 2970 5382 ἡ
2995 5309 3149 5363 οὐσία
3173 5308 3267 5362 τοῦ
3296 5307 3431 5362 Θεοῦ
3451 5325 3464 5338 ·
3496 5304 3680 5376 κυρίως

2117 5411 2228 5482 γὰρ
2270 5408 2423 5462 οὐσία
2468 5409 2560 5462 ἐπὶ
2595 5405 2729 5460 Θεοῦ
2762 5407 2862 5459 οὐκ
2889 5405 2954 5460 ἀν
2988 5405 3214 5473 λέγοιτο·
3251 5402 3500 5473 ἔστιγὰρ
3527 5402 3678 5465 ὑπερ-

2115 5507 2314 5563 ούσιος.
2364 5541 2370 5546 η

2189 5680 2521 5750 Θεαρχικῆς
2587 5679 2954 5748 οὐσιαρχίας.
3019 5675 3347 5748 Ούσιαρχίαν
3407 5673 3534 5745 φησι
3587 5668 3676 5738 τὴν

2119 5774 2304 5844 πάσης
2361 5771 2532 5844 ἀρχὴν
2565 5771 2751 5835 οὐσίας
2779 5772 2872 5827 καὶ
2902 5770 3078 5824 αἰτίαν
3101 5787 3113 5798 ·
3144 5768 3280 5838 αὐτὴ
3302 5765 3412 5839 γὰρ
3435 5767 3466 5836 ἡ
3493 5761 3677 5828 Θεὸτης
