3874 6576
203 502 301 558 509

952 485 1003 540 S.
1047 484 1294 539 MAXIMI
1337 485 1628 541 SCl-IOLIA
1670 485 1732 538 IN
1775 485 1904 540 LIB.
1949 484 2035 540 DE
2077 483 2328 540 DIVINIS
2356 482 2751 543 NOMINIBL’S.

3353 500 3458 553 3H)

206 619 338 689 ὑπὲρ
367 614 553 667 πᾶσαν
591 591 796 662 οὐσίαν.
839 604 1067 676 Πρόοδον
1099 603 1154 656 δὲ
1185 605 1284 676 τὴν
1317 603 1466 658 Θείαν
1499 604 1758 676 ἐνέργεια.

1884 618 2106 658 causam
2137 612 2190 658 ct
2222 605 2549 676 principium
2579 606 2757 662 omnis
2800 609 3089 673 essentiaz;
3143 611 3257 679 ipsa
3309 615 3455 668 enim

206 711 361 778 λέγει,
395 706 520 776 ἣτις
554 703 738 755 πᾶσαν
771 698 954 751 οὐσίαν
989 698 1299 768 παρήγαγε.

269 973 373 1027 Kal
407 971 520 1042 γὰρ
553 973 592 1036 ἡ
629 969 883 1041 τάγαθοῦ
915 972 1226 1039 θεωνυμία.
1270 970 1392 1034 Πῶς
1441 971 1640 1040 ἀγαθὸς
1687 973 1774 1026 λέ-

208 1084 348 1137 γεται
376 1068 405 1119 ό
436 1065 592 1130 Θεός.
630 1065 770 1136 Ὅρα
817 1063 873 1116 δὲ
924 1063 1040 1126 πῶς
1085 1081 1215 1134 φησι
1268 1062 1332 1116 τὸ
1365 1064 1621 1133 ἀγαθὸν,
1657 1066 1773 1136 ἤτοι

215 1161 293 1232 τὴν
311 1157 476 1214 αὑτοῦ
505 1158 833 1229 θεωνυμίαν,
857 1155 1188 1211 ὲκτείνεσθαι
1218 1159 1296 1220 εἰς
1321 1157 1390 1210 τὰ
1419 1158 1546 1210 ὄντα
1575 1158 1772 1221 πάντα,

207 1255 292 1308 καὶ
330 1255 410 1316 εἰς
447 1252 519 1307 τὰ
562 1252 663 1305 οὐκ
702 1251 830 1304 ὄντα
877 1245 1048 1303 εἶναι’
1092 1250 1152 1302 τὸ
1195 1249 1251 1302 δὲ
1289 1249 1359 1303 ἐν
1386 1251 1618 1322 ὑπὲρ,τὰ
1645 1252 1773 1306 ὄντα

206 1340 352 1408 εἶναι,
387 1345 484 1398 καὶ
509 1339 988 1416 ὑπερεκτείνεσθαι
1031 1342 1191 1396 αὑτό·
1228 1342 1341 1410 τὴν
1367 1343 1423 1396 δὲ
1453 1341 1604 1411 ζωὴν
1633 1344 1772 1415 ὑπὲρ

207 1439 268 1492 τὰ
297 1438 472 1503 ζῶντα
503 1433 643 1490 εἶναι
662 1453 676 1467 ·
719 1437 814 1489 καὶ
847 1436 961 1504 τὴν
985 1437 1210 1504 σοφίαν
1240 1436 1379 1507 ὑπὲρ
1400 1435 1468 1489 τὰ
1497 1436 1658 1509 νοερὰ
1680 1438 1773 1491 καὶ

207 1531 387 1601 λογικὰ
425 1531 523 1585 καὶ
563 1529 856 1602 αἰσθητικὰ
895 1528 1223 1582 ὲκτείνεσοαι
1246 1569 1260 1591 ,
1295 1529 1370 1592 ὡς
1412 1525 1545 1582 εἶναι
1576 1530 1730 1600 δῆλον
1752 1571 1766 1591 ,

205 1622 364 1676 ὅτιτὸ
393 1623 644 1694 ἀγαθὸν,
674 1623 949 1675 τουτέστιν
980 1623 1008 1675 ὁ
1036 1621 1186 1685 Θεὸς,
1226 1622 1320 1674 καὶ
1347 1621 1440 1674 τοῦ
1475 1622 1643 1686 ὄντος,
1675 1624 1768 1676 καὶ

205 1713 370 1786 ζωῆς,
405 1717 500 1769 καὶ
538 1715 730 1785 σοφίας
771 1713 974 1767 αἴτιον·
1008 1713 1068 1766 τὸ
1098 1713 1154 1766 δὲ
1186 1712 1417 1785 animi];
1453 1717 1547 1768 καὶ
1581 1715 1768 1784 σοφίας

205 1804 380 1871 αἴτιον,
413 1809 530 1870 τοῖς
559 1800 679 1860 οὖσι
707 1806 815 1861 νόει
844 1805 1148 1870 ἀκολούθως
1178 1805 1312 1878 [τοῖς
1338 1806 1586 1878 λοιποῖς].

262 2074 366 2128 Καὶ
399 2076 489 2140 εἰς
520 2073 650 2127 τὰ¹⁴⁵
690 2074 803 2127 οὐκ
849 2073 993 2126 ὄντα
1035 2073 1376 2126 ἐκτείνεται.
1426 2073 1536 2126 Καὶ
1578 2076 1656 2136 εἰς
1696 2077 1765 2127 τὰ

200 2167 290 2219 οὐκ
315 2165 441 2219 ὂντα
470 2165 770 2218 ἐκτείνεται
790 2163 1098 2234 τὸάγαθὸν,
1128 2165 1203 2228 ὡς
1224 2167 1301 2228 εἰς
1325 2165 1386 2217 τὸ
1407 2161 1541 2217 εἶναι
1568 2163 1764 2218 καλοῦν

200 2257 325 2312 αὐτὰ
348 2275 362 2288 ⁸
392 2258 426 2329 ἢ
456 2259 551 2312 καὶ
577 2257 720 2312 κατὰ
751 2258 812 2311 τὸ
840 2258 1126 2329 εἰρημένον
1155 2257 1300 2328 αὐτῷ
1329 2257 1405 2327 τῷ
1437 2258 1607 2328 ιΙατρὶ
1633 2299 1646 2320 ,
1682 2258 1762 2310 ὅτι

200 2351 283 2404 καὶ
316 2351 447 2405 αὐτὸ
472 2352 537 2404 τὸ
569 2351 644 2423 μὴ
671 2350 730 2405 ὃν
759 2351 920 2406 καλὸν
942 2392 957 2415 ,
999 2353 1126 2405 ὅταν
1155 2353 1210 2404 ἐν
1240 2351 1357 2422 Θεῷ
1386 2350 1474 2402 διὰ
1505 2351 1564 2402 τὸ
1593 2351 1761 2422 ὑπερ-

197 2445 362 2497 ούσιον
390 2443 688 2515 θεωρῆται.
727 2446 895 2499 Ὄντα
923 2445 979 2498 δὲ
1006 2443 1075 2497 τὰ
1103 2445 1202 2497 οὐκ
1229 2445 1354 2497 ὄντα
1387 2443 1546 2497 ὑλικά
1577 2461 1758 2514 φησιν,

197 2538 265 2599 ὡς
303 2529 563 2600 πολλάκις
605 2535 953 2608 ἐδηλώσαμεν
997 2537 1139 2591 ἄνω·
1173 2536 1206 2608 ἦ
1239 2535 1410 2599 οὕτως
1432 2576 1446 2596 ,
1482 2535 1665 2608 ἐπειδὴ
1696 2536 1758 2589 οὐ

197 2628 585 2699 περιγράφεται
625 2627 777 2700 τόπῳ
811 2631 840 2682 ὁ
875 2628 1007 2687 Θεὸς
1027 2669 1040 2690 ,
1086 2628 1308 2691 εἰκότως
1339 2629 1470 2698 φησί
1501 2628 1593 2681 καὶ
1619 2627 1759 2699 ὑπὲρ

195 2717 256 2772 τὰ
281 2719 379 2773 οὐκ
402 2719 536 2773 ὄντα
564 2719 728 2774 αὑτὸν
757 2715 893 2774 εἶναι
918 2761 932 2782 ,
966 2722 1051 2774 ἴνα
1081 2720 1225 2792 δείξῃ
1259 2721 1318 2773 τὸ
1346 2718 1757 2791 ἀπερίγραπτον

195 2809 362 2866 αὐτοῦ.

252 2992 358 3046 Καὶ
386 2993 542 3061 ὑπὲρ
574 2994 648 3047 τὰ
680 2993 880 3055 ζῶντα.
930 2997 1398 3069 Ἐπισημήνασθαι
1430 2998 1534 3069 χρὴ
1556 3037 1569 3061 ,
1605 2999 1720 3062 πῶς
1739 3037 1752 3062 ,

192 3080 305 3136 ὅταν
349 3086 448 3156 μὲν
497 3088 629 3159 περὶ
672 3089 918 3158 ἀγγέλων
967 3091 1098 3162 φησί
1128 3092 1221 3144 καὶ
1249 3090 1548 3163 ἀνθρώπων
1569 3130 1582 3151 ,
1631 3092 1756 3154 τοὺς

192 3173 439 3243 ἀγγέλους
458 3179 629 3250 νοητά
648 3197 779 3251 φησι
805 3198 818 3210 ο
850 3181 948 3244 τὰς
971 3182 1026 3234 δὲ
1048 3183 1321 3254 ἡμετέρας
1347 3183 1524 3254 ψυχὰς
1542 3183 1751 3254 νοερὰς,

191 3266 261 3371 ὡς
287 3271 548 3371 mitias“;
577 3273 834 3371 ἀνωτέρω
867 3277 1317 3371 παρεστήσαμεν,
1460 3275 1558 3371 τας
1578 3277 1756 3371 έρμηέ
1783 3314 1825 3371 C

191 3360 323 3425 τείας
352 3363 638 3434 ἐπιθέμενοι
665 3364 760 3418 τοῦ
788 3366 978 3438 νοητοῦ
1010 3369 1101 3422 καὶ
1134 3367 1340 3439 νοεροῦ.
1370 3367 1544 3422 Νῦνδ⁹
1573 3369 1755 3442 ἐπειδὴ

191 3455 307 3526 τέρὶ
343 3455 439 3510 τοῦ
471 3457 610 3511 Θεοῦ
655 3459 868 3531 πρῶτόν
908 3478 1092 3532 φησιν,
1127 3462 1348 3525 εἰκότως
1379 3462 1472 3514 καὶ
1500 3463 1625 3526 τοὺς
1657 3464 1758 3532 ἁγ-

187 3537 364 3612 γέλους
391 3548 510 3620 μεθ’
540 3550 697 3620 ἡμῶν
725 3552 944 3623 νοερούς
974 3570 1159 3623 φησιν,
1193 3553 1288 3607 ἆτε
1321 3555 1412 3607 καὶ
1443 3554 1640 3619 αὐτοὺς
1669 3555 1757 3610 διὰ

193 3637 274 3691 τοῦ
303 3643 440 3695 νοεῖν
469 3642 564 3695 τὸν
595 3643 727 3696 Θεὸν
753 3683 767 3707 ,
819 3645 942 3697 ὅσον
991 3641 1100 3698 οἷόν
1145 3663 1203 3699 τε
1227 3689 1240 3711 ,
1287 3647 1652 3720 τρεφομένους
1688 3651 1754 3720 τῇ

192 3731 374 3802 νοήσει,
402 3733 481 3804 τῷ
511 3735 881 3806 ἐπεστράφθαι
909 3738 1000 3790 ἐπὶ
1025 3739 1122 3809 τὴν
1151 3739 1298 3792 θείαν
1328 3718 1536 3808 σοφίαν,
1561 3739 1637 3803 ὡς
1665 3718 1758 3794 καί

194 3823 242 3874 αἰ
268 3824 600 3897 ἀνθρώπιναι
628 3827 794 3898 ψυχαί
819 3847 832 3859 ·
862 3831 955 3883 καὶ⁹
983 3830 1049 3883 τὰ
1073 3829 1367 3901 αἰσθητικὰ
1390 3831 1447 3884 δὲ
1468 3872 1482 3896 ,
1509 3833 1755 3886 τουτέστι

191 3913 252 3968 τὰ
275 3916 455 3987 ἄλογα.
496 3920 758 3992 Ἐμψυχα
788 3921 844 3975 δὲ
874 3923 1023 3993 ὅμως
1051 3925 1226 3978 πάντα
1253 3923 1444 3992 σοφίας
1474 3925 1755 3995 μετέχουσι

193 4005 324 4073 θείας
344 4051 358 4074 ,
392 4012 487 4064 καὶ
519 4013 577 4065 ὲν
607 4016 730 4076 ταῖς
775 4018 1026 4083 φυσικαῖς
1067 4016 1245 4070 αὐτῶν
1285 4019 1484 4087 ὁρμαῖς
1506 4057 1521 4081 ,
1557 4017 1631 4080 ὡς
1661 4018 1756 4071 καὶ

191 4100 216 4150 ό
239 4099 369 4166 θεῖος
411 4103 694 4170 Βασίλειος
726 4106 794 4160 Ιέν
839 4105 913 4175 τῇ
969 4107 1303 4177 Ἐξαημέρῳ
1348 4109 1590 4162 δείκνυσι
1612 4149 1626 4171 ,
1662 4111 1756 4162 καὶ

194 4193 310 4246 αὐτὸ
335 4195 390 4248 δὲ
419 4197 482 4250 τὸ
513 4197 572 4250 ὲν
613 4197 776 4269 σοφίᾳ
813 4199 1064 4267 γενέσθαι
1111 4200 1287 4253 πάντα
1339 4200 1477 4254 κατὰ
1509 4201 1568 4254 τὸ
1600 4203 1753 4272 εἰρη-

195 4285 358 4356 μένονσ
391 4288 600 4344 Πάντα
629 4291 701 4344 ἐν
729 4294 913 4361 σοφίᾳ
943 4293 1254 4361 ἐποίησας.
1290 4294 1353 4346 Ἡ
1385 4293 1441 4346 δὲ
1477 4292 1633 4362 σοφία
1666 4295 1753 4346 ἐσ-

159 4381 262 4434 ’τίν
307 4386 334 4437 ὁ
379 4385 509 4449 Υἱὸς
539 4386 568 4437 ὁ
638 4385 748 4440 ὧν·
804 4386 981 4441 πάντα
1028 4384 1118 4442 οὖν
1171 4391 1227 4443 ὲν
1273 4388 1350 4460 τῷ
1383 4387 1496 4459 Υἱῷ
1532 4387 1609 4458 τῷ
1639 4387 1752 4442 ὅντι

191 4471 436 4542 ἐγένοντο,
471 4478 656 4550 φησίν.

249 4739 274 4808 ς
316 4742 378 4793 ll.
445 4741 928 4811 Ἐκφαντορικάς.
996 4746 1421 4818 Ἐκφαντορικάς
1469 4765 1600 4820 φησι
1650 4748 1748 4811 τὰς

191 4829 530 4900 ἐκφαινούσας
560 4834 680 4904 ἦτοι
714 4837 1073 4907 παριστάσας.

256 5010 358 5080 Τῆς
403 5012 558 5081 ὑπὲρ
605 5011 812 5067 πᾶσαν·
872 5015 1224 5083 ἀγαθότητα.
1295 5017 1602 5087 Σημείωσαι
1667 5019 1747 5070 ὅτι

193 5102 348 5166 καλῶς
376 5105 630 5176 λέγομεν,
655 5106 738 5158 ὅτι
763 5105 912 5160 ἐστὶν
936 5107 1076 5179 ὑπὲρ
1109 5109 1288 5162 πᾶσαν
1309 5109 1620 5180 ἀγαθότητα
1653 5113 1746 5165 καὶ⁵

191 5190 410 5266 θεότητα·
447 5197 857 5268 ὑποϐεϐηκυίας
897 5195 988 5252 οὖν
1045 5200 1303 5271 θεότητας
1347 5202 1536 5273 νόησον
1581 5204 1746 5272 ἀγγέ-

191 5283 280 5339 λων
307 5292 393 5343 καὶ
421 5290 730 5362 ἀνθρώπων
759 5291 1001 5346 δικαίων.

260 5381 783 5454 Ἐκάποκρύροιᾳ
843 5386 929 5449 Ὡς
971 5386 1063 5440 τό·
1113 5388 1320 5441 Ἐθετο
1352 5392 1572 5458 σκότος
1601 5392 1747 5445 ἀπο-

191 5471 404 5541 κρυφὴν
429 5474 617 5528 αὐτοῦ
638 5491 650 5504 ’
687 5475 781 5528 καὶ
810 5475 1000 5529 πάλινο
1055 5477 1154 5532 Ἐν
1190 5480 1514 5549 ἀποκρύφῳ
1551 5499 1748 5536 καται-

191 5560 349 5629 γίδος.

269 5731 292 5758 ιι
323 5720 466 5780 Psal.
501 5740 622 5793 cm,
659 5725 750 5780 25.
821 5735 845 5762 ν
880 5726 1026 5784 Psal.
1066 5746 1200 5798 xvu,
1241 5731 1326 5787 12.

1874 695 2141 752 Divinitas
2173 705 2256 751 est
2289 715 2454 768 supra
2483 715 2698 755 omnem
2731 703 3044 756 essentiam.
3073 704 3302 774 Ιιρὸοδον
3327 723 3454 761 vero

1881 804 1975 843 seu
2015 790 2429 859 progressionem
2472 798 2630 844 vocat
2678 791 2915 846 divinam
2963 791 3257 848 efﬁcaciam
3281 833 3298 858 ,
3333 810 3454 866 qua:

1881 877 2190 933 universam
2220 879 2516 933 essentiam
2553 880 2826 949 produxit.

1951 970 2109 1041 166
2153 970 2421 1040 Siquidem
2471 989 2655 1026 nomen
2696 972 2816 1026 boni
2865 974 2928 1028 de
2980 973 3107 1027 Deo.
3163 973 3450 1040 Quomodo

1878 1060 2021 1118 Deus
2076 1062 2292 1117 dicatur
2345 1067 2543 1121 bonus.
2594 1064 2725 1121 Vide
2767 1074 2949 1120 autem
2994 1068 3269 1137 quomodo
3316 1070 3450 1123 dicit

1883 1158 2072 1212 bonum
2114 1170 2210 1210 seu
2239 1157 2480 1211 divinum
2514 1157 2634 1226 ejus
2664 1173 2860 1214 nomen
2898 1159 3116 1214 extendi
3162 1160 3230 1215 ad
3263 1162 3448 1216 omnia

1875 1260 1995 1326 quzp
2021 1255 2149 1302 sunt
2178 1257 2231 1302 et
2273 1265 2393 1320 qua:
2439 1265 2549 1304 non
2601 1257 2767 1314 sunt,
2821 1258 2991 1321 atque.
3035 1267 3202 1323 supra
3235 1268 3296 1308 ea
3326 1269 3448 1324 quin

1874 1353 1982 1391 non
2008 1348 2134 1394 sunt
2165 1356 2318 1407 esse;
2356 1355 2516 1396 unum
2551 1357 2680 1396 vero
2710 1357 2834 1398 esse
2864 1357 3032 1412 supra
3060 1358 3122 1399 ea
3151 1359 3270 1414 qua:
3294 1352 3442 1405 sunt.

1873 1431 2162 1503 ipsumque
2194 1433 2425 1488 ulterius
2453 1433 2739 1503 protendi:
2781 1435 2942 1490 vitam
2979 1442 3158 1490 autem
3188 1451 3445 1507 superare

1871 1525 2052 1578 omnia
2082 1541 2202 1594 qua:
2232 1525 2442 1588 vivunt,
2481 1533 2536 1580 et
2559 1525 2874 1596 sapientiam
2916 1542 3080 1596 supra
3111 1529 3292 1582 omnia
3324 1544 3447 1599 qua:

1870 1617 2218 1687 intelligunt,
2270 1625 2324 1673 et
2365 1633 2486 1688 quae
2529 1619 2738 1674 ratione
2772 1625 2827 1674 et
2862 1633 2984 1688 quae
3011 1634 3174 1676 sensu
3217 1627 3446 1675 utuntur

1869 1709 2082 1764 extendi
2109 1751 2124 1774 ,
2151 1711 2221 1763 ita
2252 1718 2312 1764 ut
2339 1709 2687 1766 manifestum
2732 1711 2805 1766 sit
2833 1711 2978 1781 quod
3015 1714 3232 1778 bonum.
3269 1713 3324 1767 id
3361 1722 3446 1769 est

1871 1799 2034 1864 Deus,
2064 1803 2136 1855 sit
2171 1817 2338 1858 causa
2372 1809 2426 1857 et
2457 1802 2577 1872 ejus
2604 1803 2750 1873 quod
2777 1810 2880 1868 est,
2910 1811 2966 1859 et
2994 1803 3119 1860 vitae
3144 1814 3200 1860 et
3228 1805 3446 1876 sapien-

1870 1889 1992 1957 tiae;
2027 1891 2157 1946 illud
2188 1899 2370 1946 autem
2403 1892 2548 1962 quod
2576 1899 2660 1947 est
2684 1933 2698 1955 ,
2743 1892 2868 1946 vita:
2897 1900 2950 1948 et
2993 1894 3275 1964 sapientia:
3313 1911 3444 1950 cau-

1792 1979 1834 2034 B
1864 1997 2002 2046 sam,
2036 1983 2276 2054 intellige
2305 1983 2372 2038 ad
2401 1999 2488 2040 res
2519 1985 2949 2041 accommodate.

1936 2074 2104 2144 Atque
2127 2075 2196 2129 ad
2230 2092 2292 2130 ea
2323 2093 2442 2146 qua:
2477 2093 2581 2131 non
2610 2087 2732 2131 sunt
2804 2077 3124 2134 extenditur.
3166 2081 3345 2151 Atque
3376 2083 3443 2136 ad

1864 2179 1928 2218 ca
1955 2181 2076 2234 quae
2099 2181 2208 2220 non
2243 2152 2369 2221 sunt
2394 2165 2707 2222 extenditur
2735 2167 2939 2222 bonum
2969 2208 2984 2234 ,
3031 2176 3290 2238 tanquam
3323 2171 3440 2241 ipsa

1864 2263 1924 2310 ut
1951 2256 2060 2312 sint
2091 2271 2322 2320 vocans,
2355 2266 2449 2312 aut
2491 2257 2648 2328 juxta
2693 2257 2860 2326 illud,
2913 2259 3059 2329 quod
3100 2259 3262 2316 Pater
3311 2263 3437 2316 alibi

1863 2347 1996 2402 dixit
2021 2388 2037 2412 ,
2070 2349 2199 2418 quia
2229 2348 2394 2404 etiam
2434 2350 2484 2404 id
2519 2348 2665 2420 quod
2695 2365 2806 2404 non
2834 2351 3051 2404 exsistit
3082 2359 3166 2406 est
3195 2351 3398 2407 bonum
3421 2392 3437 2416 ,

1861 2456 1984 2497 cum
2011 2443 2067 2496 in
2092 2441 2204 2497 Deo
2231 2449 2450 2512 propter
2480 2445 2734 2498 essentia:
2774 2459 3062 2500 excessum
3113 2445 3440 2500 considera-

1862 2541 1990 2590 tur.‘
2011 2535 2486 2590 'Ovraverovocat
2515 2551 2578 2591 ea
2609 2551 2730 2605 quae
2772 2550 2880 2591 non
2927 2543 3056 2590 sunt
3090 2538 3393 2593 materialia
3421 2581 3436 2605 ,

1860 2626 2004 2680 sicut
2028 2637 2172 2696 stupe
2201 2626 2456 2696 superius
2505 2626 2940 2692 declaravimus;
2989 2635 3082 2680 aut
3127 2628 3248 2688 sic,
3299 2644 3440 2699 quo-

1862 2716 2006 2768 niam
2051 2713 2193 2770 Deus
2241 2716 2362 2771 loco
2409 2730 2521 2770 non
2569 2715 3083 2780 circumscribitur,
3137 2718 3331 2773 merito
3362 2721 3438 2774 ait

1859 2822 1984 2861 eum
2005 2806 2168 2862 etiam
2199 2822 2366 2877 supra
2394 2823 2458 2862 ea
2487 2823 2609 2878 quae
2637 2823 2747 2862 non
2772 2816 2900 2864 sunt
2927 2823 3068 2873 esse,
3104 2817 3161 2863 ut
3181 2812 3436 2867 ostendat

1859 2896 2012 2952 illum
2040 2896 2263 2952 minime
2291 2899 2667 2955 circumscribi
2692 2914 2874 2968 posse.

1929 2987 1998 3041 Et
2019 3003 2181 3057 supra
2212 2989 2457 3046 viventia.
2500 2990 2796 3046 Advertere
2827 2999 3079 3062 oportet,
3112 2994 3389 3063 quomodo
3413 3034 3429 3058 ,

1866 3078 2087 3149 quando
2117 3081 2184 3136 de
2228 3084 2435 3155 angelis
2476 3093 2532 3141 et
2569 3086 2884 3144 hominibus
2915 3089 3182 3159 loquitur,
3219 3089 3443 3162 angelos

1864 3179 2022 3228 vocet
2048 3174 2214 3245 νοητά
2233 3190 2328 3232 seu
2353 3193 2471 3247 quae
2495 3177 2865 3250 intelliguntur
2887 3197 2906 3245 ;
2927 3190 3146 3237 nostras
3166 3197 3296 3237 vero
3325 3183 3445 3237 ani-

1863 3280 1982 3321 mas
2001 3267 2194 3340 νοερᾶς
2219 3284 2315 3325 seu
2343 3287 2461 3341 qua:
2487 3272 2810 3343 intelligunt,
2841 3275 2985 3331 sicut
3010 3274 3324 3346 frequenter
3346 3291 3442 3332 su-
3481 3285 3486 3292 '

1863 3357 2047 3426 perius
2084 3363 2597 3431 repraesentavimus
2618 3406 2633 3432 ,
2665 3366 2796 3423 dum
2839 3367 3309 3439 interpretationes
3348 3365 3445 3422 τοῦ

1859 3452 2049 3523 νοητοῦ
2079 3461 2134 3508 et
2162 3453 2348 3525 νοεροῦ
2379 3454 2818 3524 exponebamus:
2855 3471 3002 3511 nunc
3023 3471 3150 3510 vero
3173 3456 3433 3526 quoniam

1858 3544 2036 3614 primo
2065 3554 2120 3601 et
2156 3545 2537 3616 principaliter
2564 3545 2632 3602 de
2660 3545 2772 3602 Deo
2802 3547 3068 3618 loquitur,
3099 3549 3297 3604 merito
3335 3561 3434 3601 an-

1856 3637 2027 3707 gelos,
2059 3636 2202 3693 sicut
2234 3647 2288 3693 et
2317 3653 2416 3695 nos
2445 3638 2580 3695 dicit
2617 3640 2836 3711 νοεροῠς
2856 3679 2873 3706 ,
2908 3641 3066 3711 quasi
3113 3641 3278 3696 etiam
3326 3641 3432 3712 ipsi

1857 3726 2027 3784 Deum
2061 3730 2414 3801 intelligendo
2438 3771 2454 3796 ,
2485 3741 2750 3801 quantum
2781 3733 2898 3787 iieri
2949 3741 3126 3804 potest
3152 3773 3167 3798 ,
3215 3733 3433 3788 intelle-

1857 3820 2038 3878 ctione
2062 3823 2300 3889 alantur,
2319 3823 2446 3894 quia
2471 3823 2538 3877 ad
2563 3822 2802 3877 divinam
2830 3823 3150 3894 sapientiam
3179 3824 3434 3880 conversi

1857 3922 2022 3980 sunt,
2057 3915 2198 3971 sicut
2245 3923 2299 3972 et
2346 3915 2629 3972 hominum
2675 3917 2910 3981 animae,
2952 3912 3214 3987 atqueat);
3240 3917 3432 3988 αἰσθη-

1853 4007 1980 4060 τικά
2003 4047 2016 4068 ,
2051 4007 2104 4060 id
2134 4015 2219 4062 est
2248 4009 2478 4063 rationis
2507 4009 2772 4078 expertia.
2805 4006 3060 4063 Animata
3090 4025 3220 4064 vero
3242 4005 3430 4064 omnia

1854 4099 2058 4168 pariter
2102 4098 2342 4154 divinam
2397 4099 2561 4154 etiam
2613 4082 2946 4170 participant
3001 4100 3327 4170 sapientiam
3373 4102 3432 4157 in

1855 4192 1971 4249 suis
2002 4192 2346 4248 naturalibus
2375 4191 2840 4262 prepensionibus
2864 4231 2880 4257 ,
2909 4191 3054 4248 sicut
3081 4192 3300 4248 divinus
3327 4192 3431 4247 Ba-

1854 4287 2011 4342 silius
2037 4286 2278 4342 ostendit
2303 4287 2360 4341 in
2394 4283 2744 4353 Hexaemero,
2772 4293 2934 4357 atque
2965 4286 3099 4342 illud
3133 4286 3338 4357 ipsum,
3371 4287 3430 4342 in

1853 4379 2123 4450 sapientia
2149 4379 2292 4434 facta
2313 4395 2434 4436 esse
2463 4378 2669 4443 omnia,
2707 4379 3007 4434 secundum
3053 4377 3428 4450 Scripturam:

1857 4471 2051 4527 Omnia
2071 4473 2127 4525 in
2148 4472 2407 4542 sapientia
2443 4470 2684 4540 fecisti“.
2713 4469 2995 4541 Sapientia
3022 4478 3203 4526 autem
3231 4482 3316 4528 est
3336 4471 3430 4527 Fi-

1852 4564 1982 4628 lius,
2012 4565 2102 4634 qui
2129 4572 2250 4632 est;
2278 4563 2462 4619 omnia
2487 4562 2672 4635 igitur,
2699 4562 2897 4635 inquit,
2923 4571 3084 4619 erant
3108 4565 3162 4620 in
3177 4563 3320 4620 Filio
3335 4567 3430 4637 qui

1780 4660 1829 4720 D
1855 4665 1958 4712 est.

1929 4749 1956 4820 §
1990 4748 2052 4806 ll.
2086 4746 2560 4819 Manifestatorias.
2618 4748 2712 4806 Gr.
2746 4751 3160 4823 ὲκφαντορικάς.
3199 4751 3430 4822 Ἐκφαν-

1853 4842 2076 4913 τορικάς
2124 4852 2283 4898 vocat
2333 4859 2426 4898 eas
2478 4858 2598 4914 qua:
2647 4842 2929 4900 declarant
2986 4859 3081 4900 seu
3132 4858 3429 4914 repraesen-

1855 4941 1994 4988 tant.

1929 5027 2060 5094 Qua:
2111 5043 2273 5096 supra
2329 5045 2532 5082 omnem
2584 5028 2888 5083 bonitatem.
2941 5024 3081 5081 Nota
3128 5040 3230 5081 nos
3279 5031 3428 5079 recte

1857 5121 2038 5175 dicere
2066 5121 2213 5190 quod
2239 5136 2456 5176 omnem
2485 5128 2706 5191 superet
2731 5121 3027 5175 bonitatem
3055 5127 3109 5173 et
3129 5116 3422 5184 deitatem;

1856 5227 1984 5282 ergo
2017 5229 2111 5282 per
2143 5213 2391 5268 subditas
2419 5213 2653 5268 deitatcs
2686 5213 2930 5283 intellige
2983 5209 3298 5279 angelorum
3328 5207 3422 5278 ju-

1851 5310 2171 5374 storumque
2197 5305 2437 5357 virorum
2471 5305 2723 5360 deitates.

1927 5392 2082 5462 167
2149 5391 2212 5446 In
2251 5393 2594 5448 absconditis.
2644 5393 2714 5449 Ut
2759 5394 2925 5448 illud:
2961 5390 3148 5445 Posuit
3189 5389 3446 5448 tenebras.

1851 5483 2132 5538 latibulum
2180 5501 2332 5540 suum
2355 5497 2409 5553 νς
2443 5496 2496 5542 et
2536 5503 2759 5543 rursus:
2793 5486 2856 5540 In
2897 5483 3202 5538 abscondito
3234 5494 3432 5555 tempe~

1851 5577 2002 5630 statis
2021 5586 2066 5630 κ.

1430 5747 1452 5773 ι
1489 5732 1635 5789 Psal.
1675 5749 1838 5797 Lxxx,
1877 5734 1928 5788 8.

1091 5851 1324 5908 VARME
1363 5852 1746 5909 LECTIONES
1785 5853 1871 5907 ET
1912 5827 2458 5912 (ZOllRECTlONES.

271 5932 310 5969 ⁸⁸
347 5937 408 5994 τὰ
436 5941 592 5995 αὑτά,
