3874 6586
451 468 552 524 3H

1194 461 1539 518 APPENDIX
1568 462 1657 516 AD
1683 461 1910 517 OPERA
1950 459 2007 514 S.
2049 457 2348 514 DIONYSII
2388 454 2872 511 AREOPAGITAE.

3581 449 3678 506 τις

529 581 594 635 Ει
621 598 799 636 sensus
828 580 1167 650 participant.
1213 577 1483 645 Quoniam
1512 578 1674 649 paulo
1702 585 1830 632 ante
1858 577 2004 633 visus

2179 575 2287 628 Καὶ
2336 571 2670 639 αἰσθήσεως
2695 570 3150 642 μετειληφότων.
3212 566 3426 636 Ἐπειδὴ
3458 565 3564 637 πρὸ
3596 583 3680 636 μι-

452 681 538 728 est
569 672 750 727 dicere
778 710 793 735 ,
825 672 1024 725 bonum
1047 685 1169 725 esse
1198 669 1505 738 subjectum
1531 707 1545 732 ,
1587 684 1711 722 cum
1741 667 1875 723 dixit
1902 684 2012 728 esse

449 763 566 832 ejus
594 762 728 832 quod
749 771 826 816 est
851 777 1092 826 causam,
1120 768 1175 814 et
1199 761 1271 814 ita
1292 760 1570 830 deinceps,
1603 776 1669 815 ne
1690 760 1781 830 qui
1809 760 2011 829 absque

453 855 731 909 intellectu
758 854 996 922 legerent
1021 852 1371 907 occasionem
1401 853 1660 922 arguendi
1691 851 2009 922 reperirent,

423 947 559 1002 .ait:
591 945 714 1000 Non
754 955 926 998 autem
957 944 1103 998 aliud
1135 961 1245 999 esse
1271 944 1460 999 bonum
1483 984 1498 1009 ,
1531 954 1581 999 et
1622 943 1768 998 aliud
1793 943 1846 997 id
1875 942 2011 1014 quod

447 1048 546 1094 est.
575 1038 752 1108 Atque
779 1038 974 1094 iterum
995 1078 1010 1104 ,
1042 1037 1191 1092 aliud
1223 1038 1387 1092 vitam
1411 1047 1426 1102 ;
1456 1051 1617 1107 quam
1646 1036 1966 1106 sapientiam
1993 1075 2006 1099 ,

451 1147 614 1186 unam
642 1130 911 1201 siquidem
940 1129 1185 1184 omnium
1213 1145 1336 1184 esse
1362 1144 1582 1184 causam
1605 1171 1618 1194 ,
1653 1137 1705 1183 et
1734 1143 1842 1182 non
1872 1127 2011 1181 mul-

449 1231 559 1287 tas,
589 1230 753 1293 atque
780 1222 975 1277 merito
1000 1237 1161 1276 unam
1183 1221 1442 1277 Deitatem
1465 1237 1586 1291 quae
1608 1221 1860 1276 universa
1887 1234 2011 1294 pro-

447 1313 623 1374 duxit,
657 1319 904 1366 sanctam
931 1327 1032 1366 nec
1057 1326 1166 1365 non
1195 1311 1406 1366 beatam
1436 1310 1753 1372 Trinitatem
1780 1350 1794 1374 ,
1826 1316 1879 1365 et
1893 1297 2012 1363 ἰηι-

446 1407 594 1459 nime
621 1405 817 1459 multas
845 1403 1157 1458 divinitates
1188 1405 1519 1471 creatrices;
1553 1403 1654 1458 hoc
1687 1409 1865 1457 autem
1901 1419 2011 1458 non

446 1510 852 1566 supervacanee
880 1494 1047 1559 dixit,
1081 1497 1175 1551 sed
1208 1493 1425 1550 Graecos
1477 1497 1751 1566 stringens
1792 1496 2010 1567 sapien-

447 1597 532 1644 tes
573 1596 627 1642 et
674 1587 959 1642 haereticos
1006 1585 1242 1642 Simonis
1292 1596 1629 1651 sectatores,
1679 1588 1774 1658 qui
1823 1587 2011 1643 dicunt

455 1680 590 1736 deos
629 1680 816 1736 mundi
864 1679 1221 1736 fabricatores
1245 1721 1261 1745 ,
1289 1689 1495 1752 quanto
1525 1680 1812 1737 inferiores
1845 1691 2007 1745 sunt,

435 1784 600 1832 tanto
651 1790 865 1846 quoque
921 1773 1251 1829 inﬁrmiores
1322 1774 1626 1844 producere
1685 1783 1965 1830 creaturas
1993 1813 2008 1838 ,

447 1869 614 1923 etiam
648 1883 820 1936 usque
851 1866 918 1920 ad
949 1867 1192 1926 omnium
1225 1865 1633 1925 fundamentum
1659 1907 1672 1932 ,
1723 1874 1782 1921 ut
1813 1867 1967 1921 aiunt
1993 1907 2007 1931 ,

447 1958 503 2015 id
534 1965 618 2012 est
648 1957 950 2014 materiam.

519 2048 587 2101 Et
613 2049 746 2104 hanc
771 2049 980 2120 quidem
1002 2067 1134 2107 esse.
1167 2049 1300 2106 Boni
1322 2051 1736 2121 appellationem
1761 2048 2012 2121 perfecta:

437 2143 670 2202 omnino
717 2142 1072 2212 providentia:
1117 2138 1548 2208 declarativam:
1581 2143 1656 2195 ait
1682 2158 1839 2208 esse;
1880 2142 2011 2198 reli-

443 2249 582 2304 quas
621 2249 748 2288 vero
780 2234 1159 2305 particulares,
1196 2242 1254 2288 ut
1287 2236 1452 2291 vitam
1496 2245 1550 2290 et
1592 2233 1914 2304 sapientiam
1959 2241 2012 2289 et

444 2327 748 2395 rationem;
786 2343 910 2382 nam
943 2343 1030 2383 res
1057 2342 1248 2384 omnes
1290 2343 1385 2398 per
1419 2326 1515 2383 Dei
1556 2327 1853 2383 bonitatem
1884 2342 2012 2398 pro-

442 2417 621 2473 ducta:
650 2429 777 2474 sunt
803 2427 861 2474 ut
888 2421 1237 2485 exsisterent,
1278 2427 1514 2490 suntque
1543 2419 1697 2475 bona:
1728 2434 1823 2474 seu
1856 2419 2012 2474 valde

443 2511 633 2577 bonae;
667 2526 773 2566 non
804 2518 984 2567 autem
1011 2527 1200 2568 omnes
1237 2512 1404 2566 vitam
1434 2521 1528 2566 aut
1565 2512 1886 2582 sapientiam
1917 2519 2012 2568 aut

443 2604 710 2660 rationem
747 2604 1099 2675 participant,
1121 2605 1348 2674 ideoque
1379 2604 1650 2675 ejusmodi
1696 2604 2012 2675 appellatio—

442 2712 543 2752 nes
603 2697 670 2752 ad
729 2696 983 2768 perfectae
1041 2696 1448 2754 distinctionem
1513 2697 1713 2767 posuit.
1787 2697 2009 2751 Ὀλικωο

439 2790 605 2862 τέρας
635 2805 764 2845 vero
795 2806 891 2846 seu
939 2790 1306 2861 generaliores
1337 2798 1496 2845 vocat
1524 2806 1618 2846 eas
1647 2806 1767 2860 quas
1797 2791 1851 2845 in
1887 2791 2009 2861 plu-

440 2881 593 2934 ribus
621 2889 941 2947 cernuntur,
974 2891 1032 2936 ut
1055 2883 1251 2948 vitam;
1286 2883 1531 2952 pervenit
1560 2883 1704 2938 enim
1737 2899 1910 2953 usque
1941 2883 2010 2938 ad

441 2971 654 3042 plantas
685 2980 738 3027 et
763 2973 1018 3027 animalia
1048 2973 1336 3028 rationalia
1363 2973 1700 3044 rationisque
1728 2974 2002 3045 expertia:

431 3065 706 3133 sapientia
754 3075 933 3121 autem
979 3072 1034 3121 et
1073 3066 1213 3120 ratio
1254 3066 1610 3136 particulare's
1641 3067 1847 3136 magis;
1881 3081 2008 3121 nam

428 3144 534 3213 lue
554 3155 609 3207 in
643 3156 776 3210 solis
809 3157 1036 3212 rationis
1077 3157 1436 3226 participibus
1464 3157 1900 3226 conspiciuntur.

2113 665 2246 736 κροῦ
2298 663 2442 730 ἔδοξέ
2476 681 2590 727 πως
2631 663 2899 717 ὑπόϐασιν
2939 661 3118 729 λέγειν
3156 661 3216 712 τὸ
3248 657 3450 726 ἀγαθὸν
3474 695 3488 720 ,
3521 654 3680 710 εἰπὼν

2111 757 2218 811 τοῦ
2264 757 2435 822 ὄντος
2477 757 2668 810 αἴτιον
2691 797 2705 820 ,
2749 757 2842 808 καὶ
2893 753 3035 807 οὕτω
3085 751 3318 821 καθεξῆς
3344 793 3358 817 ,
3393 751 3483 803 ἴνα
3525 749 3598 820 μὴ
3635 752 3680 802 οἰ

2111 849 2386 913 ἀσυνέτως
2413 848 2875 918 ἀναγινώσκοντες
2903 845 3105 918 εὕρωσι
3132 845 3390 916 μέμψεως
3411 843 3679 914 ἀφορμὴν,

2113 941 2296 1014 φησίνο
2333 945 2453 997 Οὐκ
2481 942 2633 996 ἄλλο
2660 939 2728 994 δὲ
2753 941 2907 994 εἶναι
2935 938 3003 993 τὸ
3030 937 3274 1008 ἀγαθὸν,
3304 937 3402 992 καί
3431 936 3588 990 ἄλλο
3620 937 3682 989 τὸ

2113 1035 2212 1088 ὀνο
2247 1037 2340 1089 καὶ
2369 1033 2435 1090 αὖ
2471 1036 2631 1090 πάλιν
2650 1076 2664 1099 ,
2697 1035 2823 1089 ἄλλο
2853 1033 2950 1105 τὴν
2980 1031 3144 1103 ζωὴν,
3177 1032 3210 1102 ἢ
3241 1031 3340 1102 τὴν
3374 1029 3585 1100 σοφίαν·
3631 1029 3682 1082 ἐν

2111 1128 2220 1200 γὰρ
2252 1125 2389 1183 εἶναι
2434 1128 2540 1182 τῶν
2575 1127 2826 1182 ἁπάντων
2862 1126 3031 1180 αῐτιον
3056 1165 3070 1188 ,
3117 1125 3210 1178 καὶ
3240 1125 3300 1176 οὐ
3345 1121 3554 1185 πολλὰ,
3597 1122 3684 1175 καὶ

2092 1222 2244 1291 μίαν
2273 1221 2494 1284 εἰκότως
2528 1219 2756 1290 θεότητα
2785 1221 2961 1274 πάντα
2996 1219 3371 1289 παράγουσαν,
3399 1217 3502 1286 τὴν
3531 1214 3684 1284 ἁγίαν

2112 1314 2204 1366 καὶ
2249 1312 2520 1384 μακαρίαν
2541 1313 2579 1343 ¹⁷
2613 1312 2839 1384 Τριάδα,
2893 1312 2986 1364 καὶ
3033 1311 3106 1382 μὴ
3139 1308 3340 1372 πολλὰς
3424 1308 3678 1379 θεότητας

2110 1404 2471 1475 δημιουργούς
2493 1422 2506 1436 ο
2538 1403 2694 1458 τοῦτο
2721 1405 2777 1458 δὲ
2805 1403 2866 1456 οὐ
2896 1402 3165 1474 περιττῶς
3197 1397 3370 1465 εἶπεν,
3402 1397 3541 1454 ἀλλὰ
3569 1397 3686 1452 καθ-

2111 1497 2410 1568 απτόμενος
2455 1497 2561 1550 τῶν
2605 1498 2733 1568 παρ’
2777 1496 3000 1566 Ἕλλησι
3042 1493 3220 1564 σοφῶν
3241 1533 3256 1560 ,
3305 1493 3400 1548 καὶ
3442 1490 3554 1544 τῶν
3586 1489 3684 1543 ἀπὸ

2113 1592 2352 1662 Σίμωνος
2401 1590 2729 1662 αἰρετικῶν,
2781 1589 2829 1642 οἳ
2898 1585 3258 1658 κοσμοποιούς
3309 1601 3444 1654 φασι
3508 1581 3680 1644 θεοὺς,

2113 1685 2341 1739 καθόσον
2374 1682 2746 1753 ὑποϐεὸήκασι
2767 1719 2782 1744 ,
2822 1679 3074 1732 τοσοῦτον
3107 1678 3200 1732 καὶ⁹
3231 1675 3298 1729 τὰ
3329 1673 3683 1744 ἀσθενέστερα

2111 1778 2215 1830 τῶν
2247 1777 2558 1848 κτισμάτων
2590 1775 2964 1846 παράγοντας,
2998 1773 3104 1836 ἕως
3130 1771 3225 1825 καί
3254 1770 3353 1841 τῆς
3379 1767 3492 1822 τῶν
3523 1767 3685 1823 ἁπάν-

2112 1885 2216 1922 των
2247 1865 2619 1937 ὑποστάθμης,
2651 1864 2728 1927 ῶς
2752 1881 2904 1933 φασι,
2935 1861 3178 1916 τουτέστι
3210 1859 3311 1931 τῆς
3346 1859 3502 1929 ὕλης.

2183 2070 2291 2124 Kal
2324 2067 2436 2137 τὴν
2466 2067 2582 2136 μὲν
2624 2066 2794 2120 εἷναι.
2839 2065 2949 2136 Τὴν
2991 2062 3087 2118 τοῦ
3131 2060 3337 2131 ἀγαθοῦ
3374 2058 3686 2130 ἐπωνυμίαν

2109 2159 2406 2224 ¹παντελοῦς
2431 2157 2682 2230 προνοίας
2711 2157 2965 2228 δεκτικὴν
2997 2152 3136 2209 εἷναί
3166 2169 3331 2224 φησι·
3364 2150 3467 2213 τὰς
3496 2149 3554 2204 δέ
3581 2148 3682 2202 λοιο

2113 2253 2242 2319 πὰς,
2280 2251 2526 2325 μερικὰς,
2561 2245 2669 2303 οἷον
2703 2248 2848 2321 ζωὴν
2877 2247 3213 2316 καισοφίαν,
3245 2244 3339 2298 καὶ
3370 2242 3529 2312 λόγον
3550 2259 3564 2274 ο
3597 2242 3687 2297 καὶ

2113 2347 2288 2402 πάντα
2323 2347 2420 2418 μὲν
2446 2344 2556 2416 γὰρ
2584 2343 2651 2396 τὰ
2682 2343 2809 2396 ὅντα
2837 2343 2903 2395 δι’
2937 2340 3244 2411 ἀγαθότητα
3265 2337 3401 2392 Θεοῦ
3433 2335 3683 2408 παρήχθη

2113 2439 2248 2512 πρὸς
2277 2435 2509 2508 ὓπαρξιν
2529 2478 2543 2501 ,
2577 2433 2670 2488 καί
2699 2435 2833 2486 εἰσιν
2867 2430 3076 2500 ἀγαθὰ,
3111 2431 3227 2501 ἦτοι
3259 2427 3400 2482 καλὰ
3430 2427 3554 2480 λίαν
3575 2443 3590 2458 ’
3626 2427 3684 2480 οὐ

2112 2529 2291 2582 πάντα
2319 2527 2375 2581 δὲ
2405 2527 2548 2597 ζωῆς
2584 2526 2616 2596 ἢ
2652 2525 2809 2592 λόγου
2854 2523 2887 2594 ἢ
2923 2521 3110 2592 σοφίας
3143 2520 3452 2592 μετέχουσι·
3479 2519 3566 2574 διὸ
3593 2518 3686 2583 τὰς

2110 2622 2363 2684 τοιαύτας
2399 2617 2716 2688 ἐπωνυμίας
2747 2615 2891 2669 κατὰ
2917 2612 3324 2684 ἁντιδιαστολὴν
3351 2613 3454 2683 τῆς
3492 2629 3685 2667 παντεφ

2111 2715 2234 2780 λοῢς
2270 2713 2530 2767 τέθεικεν.
2593 2708 2953 2780 Ὀλικωτέρας
2996 2707 3052 2761 δέ
3087 2723 3218 2778 φησι
3255 2705 3357 2769 τὰς
3386 2705 3484 2759 ἐπὶ
3510 2703 3686 2758 πλειό·

2110 2826 2215 2860 νων
2243 2803 2637 2876 θεωρουμένας,
2668 2795 2777 2854 οἷον
2805 2797 2949 2871 ζωήν
2973 2815 2986 2829 ο
3023 2797 3211 2867 φθάνει
3238 2796 3348 2868 γὰρ
3380 2797 3476 2849 ἐπὶ
3510 2794 3688 2865 φυτῶν

2110 2900 2204 2954 καὶ
2235 2897 2408 2964 ζώων,
2438 2894 2672 2965 λογικῶν
2709 2910 2768 2947 τε
2798 2894 2892 2946 καὶ
2920 2891 3126 2960 ἀλόγων
3153 2907 3166 2921 ·
3204 2889 3366 2960 σοφία
3395 2890 3455 2943 δὲ
3483 2890 3576 2944 καὶ
3601 2888 3686 2941 λό-

2109 3008 2204 3061 γος
2251 2988 2645 3061 μερικώτεραι·
2691 2986 2782 3039 ἐπὶ
2833 2983 3006 3055 μόνων
3049 2981 3156 3054 γὰρ
3194 2981 3428 3051 λογικῶν
3459 2981 3689 3054 ὁρῶνται

2109 3096 2298 3136 ταυτα.

512 3246 539 3316 §
573 3245 661 3301 lll.
693 3250 769 3303 Ac
798 3249 916 3302 vita:
952 3217 1295 3317 sapientiam:
1337 3247 1472 3303 Cum
1519 3217 1678 3318 paulo
1720 3249 2004 3304 obscurior

2181 3257 2208 3329 §
2237 3259 2327 3312 lll.
2360 3259 2468 3312 Kal
2501 3257 2611 3326 τῆς
2641 3256 2790 3324 ζωῆς
2835 3254 2948 3323 τὴν
2991 3254 3234 3322 σοφίαν.
3294 3217 3692 3324 Ἀσαφέστερόν

429 3339 516 3400 .sit
543 3354 743 3406 sermo,
777 3341 1014 3395 arbitror
1045 3342 1206 3396 talem
1248 3340 1531 3396 insinuare
1559 3340 1884 3398 sententiam
1904 3383 1918 3406 ,
1949 3348 2009 3394 ut

442 3427 625 3496 aliquo
649 3423 934 3489 dubitante.
953 3449 1016 3488 ac
1033 3434 1277 3490 dicente:
1309 3434 1441 3499 Cur,
1475 3434 1694 3489 nomine
1716 3431 1888 3504 ipsius
1915 3433 2008 3487 τοῦ

438 3524 592 3587 aveo;
624 3540 720 3579 seu
761 3527 893 3580 eatis
942 3534 1236 3595 superante
1284 3527 1404 3580 vita:
1449 3526 1866 3597 appellationem
1892 3563 1906 3590 ,
1956 3533 2009 3581 et

439 3632 636 3674 rursus
660 3617 877 3672 nomine
903 3618 1026 3672 vita:
1049 3625 1334 3688 praestante
1357 3618 1651 3686 sapientia,
1681 3615 1824 3673 sicut
1845 3616 2008 3670 etiam

438 3710 575 3764 ordo
623 3710 738 3779 ipse
784 3709 888 3764 hoc
937 3710 1216 3779 postulat,
1270 3709 1727 3782 quemadmodum
1783 3708 2008 3778 ipsemet

439 3802 601 3872 paulo
631 3810 758 3857 ante
788 3802 1085 3858 declaravit
1113 3802 1342 3856 dicendo
1363 3841 1379 3866 ,
1420 3809 1472 3856 et
1514 3816 1611 3856 ens
1651 3807 1706 3856 et
1733 3801 1896 3855 vitam
1915 3841 1928 3863 ,
1955 3808 2010 3854 et

439 3895 760 3963 sapientiam
784 3894 1036 3950 essentia:
1061 3893 1409 3959 ell‘ectricem,
1437 3899 1491 3948 et
1512 3893 1633 3947 vita:
1656 3892 2003 3955 eiTectricem,

436 3997 487 4042 et
519 3989 798 4058 sapientiae
828 3988 1114 4052 datricem,
1142 3989 1396 4044 essentize
1425 4001 1668 4048 causam,
1696 3993 1751 4040 et
1780 3985 1921 4048 vitae,
1954 3991 2007 4037 et

436 4081 634 4143 mentis
660 4121 674 4144 ,
707 4091 764 4136 et
801 4082 1032 4137 rationis
1064 4081 1389 4151 participum
1423 4088 1587 4151 atque
1625 4094 1822 4134 sensus
1846 4118 1861 4142 ,
1898 4092 2006 4131 non

437 4174 670 4244 amplius
715 4176 958 4230 ordinem
1003 4176 1150 4230 hunc
1178 4175 1232 4229 in
1261 4175 1425 4229 rebus
1469 4171 1747 4228 videmus?
1781 4169 2007 4241 Oportet

435 4268 580 4318 enim
626 4267 923 4321 secundum
954 4266 1131 4321 dictos
1166 4282 1195 4322 a
1229 4274 1282 4320 te
1313 4265 1515 4336 gradus
1539 4303 1554 4326 ,
1589 4279 1650 4320 ea
1693 4278 1814 4333 quae
1858 4263 2005 4316 exsi-

437 4362 589 4410 stunt
621 4357 792 4428 magis
818 4358 884 4413 iis
905 4374 1024 4427 quae
1055 4358 1244 4412 vivunt
1269 4365 1322 4412 et
1347 4357 1589 4412 sentiunt
1621 4363 1674 4410 et
1701 4353 2008 4423 intelligunt

435 4455 489 4502 et
525 4449 937 4513 ratiocinantur,
975 4448 1028 4503 id
1057 4457 1142 4504 est
1170 4455 1503 4504 mentemac
1535 4446 1802 4501 rationem
1836 4445 2008 4515 parti-

435 4540 769 4609 cipantibus.
806 4538 914 4596 Deo
955 4542 1178 4610 propius
1215 4541 1376 4614 168
1410 4539 1706 4604 accedere;
1741 4552 1846 4593 non
1885 4551 2004 4589 am-

2111 3367 2228 3414 πως
2273 3349 2595 3421 ἐγκειμένης
2641 3348 2739 3417 τῆς
2787 3348 3030 3418 ῥήσεως,
3082 3343 3236 3417 οἶμαι
3289 3344 3352 3399 τὸ
3402 3344 3690 3416 λεγόμενον

2108 3440 2345 3495 τοιοῦτόν
2363 3459 2483 3494 τινα
2507 3439 2629 3494 νοῦν
2645 3439 2981 3508 ὑποφαίνεινο
3016 3437 3091 3502 ὥς
3119 3455 3265 3500 τινος
3286 3435 3690 3508 ἐπαποροῦντος

2110 3534 2204 3587 καὶ
2244 3530 2631 3600 λέγοντοςοΔιὰ
2661 3531 2734 3596 τί,
2766 3530 2857 3584 τοῦ
2891 3530 3151 3601 ὀνόματος
3184 3527 3348 3582 αὐτοῦ
3375 3528 3484 3582 τοῦ
3519 3528 3689 3594 ὄντος

2111 3625 2465 3697 ὑπερέχοντος
2495 3625 2595 3693 τῆς
2643 3621 2787 3694 ζωῆς
2817 3623 2915 3693 τὴν
2952 3621 3322 3692 προσηγορίαν
3345 3660 3360 3684 ,
3400 3622 3496 3675 καὶ
3533 3620 3688 3673 πάλιν

2107 3718 2200 3772 τοῦ
2228 3718 2488 3788 ὀνόματος
2516 3717 2616 3786 τῆς
2643 3716 2789 3786 ζωῆς
2816 3714 3202 3786 ὑπεραίροντος
3227 3713 3324 3785 τὴν
3356 3714 3568 3782 σοφίαν,
3597 3713 3684 3767 ατε

2108 3811 2203 3864 καὶ
2233 3809 2331 3879 τῆς
2357 3807 2563 3871 τάξεως
2589 3805 2748 3859 τοῦτο
2776 3805 3129 3877 ἀπαιτούσης,
3164 3805 3240 3868 ὡς
3264 3806 3359 3860 καὶ
3387 3805 3554 3869 αὐτὸς
3587 3805 3686 3877 πρὸ

2111 3900 2357 3973 βραχέως
2387 3899 2652 3969 ἐδήλωσεν
2681 3898 2871 3964 εἰπὼν,
2906 3898 2999 3952 καὶ
3021 3897 3100 3962 ὃν,
3137 3898 3232 3950 καὶ
3263 3895 3440 3969 ζωὴν,
3474 3899 3570 3952 καὶ
3603 3915 3684 3951 σο-

2109 3994 2236 4062 φίαν
2263 3992 2362 4060 τὴν
2389 3991 2709 4053 οὐσιοποιὸν,
2739 3991 2832 4043 καὶ
2855 3990 3135 4055 ζωοποιὸν,
3167 3989 3262 4043 καὶ⁸
3291 3991 3569 4059 σοφοδότιν
3614 3993 3687 4044 αἰ-

2107 4086 2225 4141 τίαν
2254 4084 2364 4137 τῶν
2383 4084 2603 4146 οὐσίας,
2637 4084 2731 4138 κα)⁸
2768 4082 2932 4153 ζωῆς,
2973 4082 3066 4136 καὶ
3099 4081 3211 4146 νοῦ,
3245 4083 3338 4136 καί⁵
3372 4083 3532 4152 λόγου
3567 4101 3687 4155 μετ-

2107 4176 2402 4248 ειληιρότων
2421 4215 2436 4240 ,
2471 4176 2565 4230 καί
2592 4175 2926 4247 αἰσθήσεως,
2953 4174 3137 4227 οὐκέτι
3169 4173 3265 4244 τὴν
3297 4173 3454 4241 τάξιν
3484 4175 3686 4246 ταύτην

2107 4270 2323 4342 ὁρῶμεν
2355 4270 2414 4322 ἐν
2441 4271 2552 4332 τοῖς
2577 4263 2729 4331 οὖσι;
2765 4266 2882 4320 δέον
2908 4266 3015 4338 γὰρ
3043 4265 3184 4319 κατὰ
3211 4267 3338 4329 τοὺς
3367 4268 3685 4339 εἰρημένους

2109 4361 2214 4414 ὑπὸ
2259 4361 2352 4414 σοῦ
2396 4359 2637 4430 βαθμοὺς
2659 4398 2672 4421 ,
2707 4358 2774 4411 τὰ
2803 4358 2935 4412 ὅντα
2967 4358 3128 4411 πλέον
3157 4356 3266 4410 τῶν
3301 4357 3520 4423 ζώντων
3542 4399 3558 4422 ,
3598 4357 3685 4413 καὶ

2106 4453 2213 4506 τῶν
2252 4452 2654 4523 αἰσθανομένων
2674 4490 2687 4512 ,
2736 4449 2832 4503 καὶ
2871 4449 2977 4502 τῶν
3022 4449 3257 4521 νοερῶν,
3298 4451 3392 4503 καὶ
3419 4449 3682 4519 λογικῶν,

2106 4546 2350 4598 τουτέστι
2373 4543 2468 4597 τοῦ
2493 4542 2585 4596 νοῦ
2613 4542 2706 4595 καὶ
2731 4539 2890 4609 λόγου
2919 4540 3336 4612 μετειληφότων,
3369 4540 3683 4612 πλησιάζειν

434 4632 580 4700 plius
609 4640 787 4686 autem
824 4633 903 4686 sic
927 4672 941 4693 ,
991 4632 1084 4686 sed
1114 4631 1453 4684 contrarium
1487 4636 1602 4694 est;
1638 4627 1800 4682 veluti
1833 4625 1997 4686 caalo,

2110 4636 2223 4708 θεῷ
2243 4653 2256 4668 ’
2294 4635 2472 4688 οὐκέτι
2513 4624 2612 4705 μὲν
2643 4633 2814 4695 οὕτως
2836 4671 2850 4695 ,
2893 4631 2951 4696 ἐξ
2994 4632 3235 4685 ἐναντίου
3265 4634 3323 4687 δέ
3359 4634 3510 4688 ἐστιν
3535 4675 3550 4698 ,
3579 4632 3683 4688 οἷον

433 4731 486 4778 et
515 4721 702 4784 astris,
734 4728 787 4775 et
817 4729 982 4785 terra,
1016 4730 1070 4774 et
1105 4737 1268 4792 aqua,
1296 4728 1351 4775 et
1379 4737 1525 4783 aere,
1557 4727 1611 4774 et
1657 4718 1723 4772 iis
1774 4732 1895 4786 quze
1935 4733 2002 4770 ex

433 4813 568 4882 ipsis
597 4812 884 4878 oriuntur,
917 4813 1181 4866 viciniora
1212 4820 1339 4867 sunt
1381 4812 1530 4865 circa
1574 4809 1668 4864 Dei
1711 4808 2003 4880 providen-

433 4905 563 4958 tiam
594 4918 658 4959 ea
684 4919 805 4973 qua:
830 4903 1041 4968 vivunt,
1071 4904 1172 4958 etsi
1207 4904 1311 4957 vita
1348 4902 1648 4974 vegetativa
1691 4902 1910 4963 vivant,
1943 4907 2002 4953 ut

434 4999 631 5068 planta:
661 5004 716 5050 ct
743 4997 964 5060 similia,
995 4996 1412 5066 viventibusque
1443 4997 1704 5051 viciniora
1735 5004 1862 5052 sunt
1887 5011 2005 5050 sen-

431 5089 573 5152 silia,
607 5089 659 5143 id
685 5095 768 5144 est
808 5089 1036 5144 rationis
1064 5089 1341 5158 expertia;
1375 5089 1575 5160 plantis
1597 5090 1740 5146 enim
1772 5105 1836 5144 ac
1868 5089 2001 5144 lier-

431 5182 514 5237 bis
534 5221 548 5245 ,
591 5182 916 5252 pretiosiora
945 5189 1072 5236 sunt
1101 5183 1156 5236 in
1195 5183 1304 5236 vita
1336 5183 1544 5238 ratione
1573 5185 1834 5250 carentia,
1868 5201 2003 5255 qua-

428 5281 587 5331 tenus
620 5276 783 5330 etiam
815 5283 1024 5329 tantum
1061 5275 1303 5329 sentiunt
1342 5277 1541 5346 plantis
1579 5278 1714 5331 nihil
1753 5279 1995 5333 sentien-

429 5367 604 5434 tibus;
649 5382 770 5436 qum
818 5375 999 5422 autem
1048 5368 1256 5421 ratione
1289 5374 1516 5421 utuntur
1562 5370 1825 5424 viciniora
1870 5378 1998 5426 sunt

427 5461 538 5516 Deo
571 5463 866 5518 sensilibus
891 5503 905 5526 ,
944 5463 1361 5519 rationabilibus
1395 5479 1522 5519 vero
1550 5477 1760 5522 mentes
1785 5507 1799 5530 ,
1833 5468 1884 5521 id
1915 5475 1998 5522 est

431 5551 738 5620 superiores
766 5555 970 5609 mundo
1002 5556 1250 5619 virtutes,
1283 5563 1340 5609 ut
1363 5557 1519 5610 nobis
1545 5560 1636 5628 qui
1660 5561 1866 5616 ratione
1889 5561 1997 5614 uti-

431 5658 551 5703 mur
581 5644 888 5712 superiores
910 5688 922 5711 ,
957 5649 1415 5705 immaterialitate
1457 5658 1618 5721 atque
1663 5651 1997 5723 intelligendi

2108 4725 2359 4799 οὐρανοῦ,
2390 4727 2482 4780 καὶ
2509 4727 2741 4796 ἄστρων,
2776 4724 2871 4777 καὶ
2895 4725 3017 4794 γῆς,
3042 4725 3136 4777 καὶ
3158 4724 3367 4789 ὓδατος,
3389 4729 3485 4780 καὶ
3507 4729 3679 4798 ἀέρος,

2109 4821 2204 4876 καὶ
2249 4819 2356 4873 τῶν
2398 4818 2456 4884 ἐξ
2486 4817 2662 4872 αὐτῶν
2701 4817 3060 4888 πλησιαίτερα
3110 4817 3238 4889 περὶ
3283 4818 3382 4890 τὴν
3430 4820 3681 4891 πρόνοιαν

2107 4915 2201 4968 τοῦ
2231 4912 2364 4966 Θεοῦ
2407 4912 2474 4966 τὰ
2512 4911 2689 4976 ζῶντα
2709 4951 2722 4975 ,
2758 4912 2804 4962 εί
2833 4911 2926 4962 καὶ
2952 4909 3050 4981 τὴν
3084 4910 3314 4982 φυτικὴν
3342 4910 3480 4976 ζῶσι
3511 4913 3677 4985 ζωὴν,

2102 5003 2191 5062 οἷα
2219 5005 2289 5059 τὰ
2316 5005 2458 5075 φυτὰ
2487 5006 2582 5058 καὶ
2617 5004 2684 5057 τὰ
2717 5002 2946 5056 τοιαῦτα
2967 5043 2982 5066 ,
3029 5005 3122 5056 καὶ
3150 5003 3260 5057 τῶν
3298 5003 3518 5068 ζώντων
3548 5005 3679 5076 πλην

2104 5101 2356 5169 σιαίτερα
2384 5097 2452 5151 τὰ
2480 5095 2793 5168 αἰσθητικὰ,
2820 5095 3065 5148 τουτέστι
3095 5094 3163 5147 τὰ
3192 5095 3361 5164 ἄλογα
3383 5113 3398 5128 ·
3431 5096 3542 5150 τῶν
3576 5097 3679 5168 γὰρ

2103 5192 2288 5262 φυτῶν
2333 5191 2426 5245 καὶ
2472 5189 2707 5261 βοτανῶν
2751 5185 3048 5258 τιμιώτερα
3095 5187 3154 5240 ἐν
3199 5185 3311 5258 ζωῇ
3361 5187 3432 5241 τὰ
3475 5189 3676 5257 ἄλογα,

2104 5285 2224 5340 καθ’
2253 5285 2281 5338 ὃ
2314 5284 2416 5338 κᾶν
2451 5284 2606 5355 μόνον
2639 5279 3018 5343 αἰσθάνωνται,
3047 5278 3154 5332 τῶν
3181 5279 3365 5348 φυτῶν
3398 5280 3475 5352 μὴ
3504 5280 3679 5334 αἰσθα-

2105 5379 2343 5448 νομένων
2367 5395 2379 5406 ·
2424 5376 2530 5428 τῶν
2573 5376 2632 5429 δὲ
2681 5369 3009 5440 αἰσθητικῶν
3056 5371 3324 5442 ἐγγύτερα
3355 5371 3436 5442 τῷ
3469 5373 3587 5443 θεῷ
3614 5371 3675 5426 τὰ

2105 5469 2296 5538 λογικά
2318 5489 2329 5502 ·
2364 5467 2472 5521 τῶν
2502 5469 2557 5521 δὲ
2585 5465 2815 5533 λογικῶν
2847 5464 2895 5515 οἱ
2923 5463 3072 5526 νόες,
3107 5462 3382 5515 τουτέστιν
3415 5465 3471 5516 αἰ
3512 5464 3646 5533 ὑπερ

2107 5560 2318 5629 κόσμιοι
2363 5558 2615 5626 δυνάμεις
2640 5595 2654 5617 ,
2689 5555 2762 5616 ὡς
2789 5551 2946 5622 ἡμῶν
2981 5552 3090 5603 τῶν
3119 5551 3348 5619 λογικῶν
3377 5551 3670 5624 ἀνώτεραι,

2105 5649 2247 5703 κατὰ
2287 5648 2348 5700 τὸ
2388 5647 2546 5702 ᾶῦλον
2585 5646 2681 5698 καὶ
2722 5645 2900 5713 νοερὸν
2947 5643 3257 5712 ἐγγίζουσαι
3297 5643 3496 5713 μᾶλλον
3525 5642 3673 5715 ήμῶν

1313 5809 1548 5867 VARUS
1580 5811 1960 5868 LECTIONES
1997 5812 2083 5867 ET
2127 5805 2680 5868 CORRECTIONES.

501 5915 536 5950 ‘7
569 5913 865 5994 όμοούσιον,
