3874 6534
88 451 169 507 313
247 513 254 520 τ
771 451 827 509 S.
870 452 1117 510 MAXIM]
1158 457 1452 515 SCHOLIA
1488 460 1556 515 IN
1591 461 1722 518 LIB.
1757 462 1845 516 DE
1884 461 2135 519 DlVlNlS
2172 464 2560 522 NOMINIBUS.

3205 473 3309 528 5M

88 567 141 636 τῷ
162 564 286 634 Θεῷ·
307 565 486 618 καίτοι
515 565 622 618 ἔδει
649 566 706 619 τὸ
733 568 972 622 ἐναντίον
999 571 1069 624 τὰ
1095 572 1223 627 ὅντα
1252 577 1346 628 καὶ
1375 577 1617 647 μειζόνωπ

1738 575 1996 652 facultate
2025 589 2152 633 sunt
2181 580 2338 637 nobis
2371 579 2482 634 Deo
2512 581 2700 635 vicina:
2731 580 2937 652 magis;
2965 582 3115 653 atqui
3144 599 3309 654 opor-

83 655 261 727 δωρεῶν
306 655 654 709 ἀπολαύοντα
696 658 789 711 τοῦ
830 659 964 713 Θεοῦ
1016 663 1156 734 ὑπὲρ
1183 664 1252 718 τὰ
1281 665 1414 720 ἄλλα
1453 663 1589 720 εἶναι
1615 708 1628 732 ,

84 746 171 802 οἷον
191 748 272 800 τὸν
300 749 553 818 οὑρανὺν,
577 749 645 802 τά
667 751 838 821 ἄστρα
863 754 956 806 καὶ
983 753 1051 806 τὰ
1081 755 1323 810 τοιαῦτα.
1355 759 1464 811 Καὶ
1491 758 1628 831 αὕτη

86 839 162 908 μὲν
195 839 224 908 ἡ
258 839 635 910 ὲπαπόρησις·
678 841 860 896 λοιπὸν
904 839 995 898 οὑν
1036 846 1389 919 ἀποκρίνεται
1431 852 1459 903 ό
1492 849 1631 914 θεῖος

85 931 316 994 Διονύσιος
348 934 414 985 ὲκ
441 933 540 986 τοῦ
573 933 662 986 νοῦ
682 973 696 994 ,
728 934 820 988 καὶ
847 935 940 989 τοῦ
966 936 1124 1006 λόγου
1145 980 1160 1004 ,
1189 939 1284 992 καὶ
1309 940 1409 1010 τῆς
1438 942 1628 1013 αἰσθή-

88 1040 195 1086 σεως
233 1023 348 1076 καθ’
390 1024 657 1078 ὑπόϐασιν
702 1027 794 1079 καὶ
838 1027 937 1092 τὰς
983 1033 1337 1102 προτιμήσεις
1380 1034 1624 1087 τάττωνο

84 1117 222 1178 οὕτως
250 1115 502 1186 εὑρήσεις
535 1117 669 1186 μετὰ
703 1119 834 1188 μίαν
868 1119 1067 1172 σελίδα.

137 1208 314 1263 Καίτοι
353 1207 477 1261 ἔδει
511 1208 583 1262 τὰ
619 1209 736 1263 τῶν
770 1209 1069 1279 μειζόνων.
1110 1212 1380 1277 Μείζονας
1421 1215 1628 1286 δωρεάς

85 1315 190 1368 φησι
217 1297 309 1361 τὰς
341 1299 434 1350 ἐπὶ
482 1299 717 1354 πλεόνων
761 1301 1136 1374 θεωρουμένας
1156 1344 1170 1368 ,
1205 1301 1314 1359 οἷον
1352 1307 1412 1359 τὸ
1442 1307 1502 1361 ὂν
1535 1309 1628 1360 καὶ¹

83 1390 159 1459 τὴν
187 1388 352 1458 ζωήν
388 1390 526 1445 ἀλλὰ
565 1391 632 1444 τὰ
663 1392 866 1447 τούτων
913 1395 1070 1465 μόνον
1121 1397 1413 1468 μετέχοντα
1441 1400 1541 1452 οὑκ
1570 1401 1626 1453 ἐν

84 1479 285 1549 πρώτοις
318 1482 412 1534 καὶ
444 1481 768 1554 κρείττοσιν,
805 1485 918 1537 ἀλλ’
951 1486 1008 1539 ἐν
1048 1489 1160 1550 τοῖς
1198 1488 1414 1557 ἥττοσιν
1456 1489 1656 1561 ὀρῶν-,

81 1589 176 1633 ται,
209 1571 387 1643 ἐπειδὴ
433 1572 503 1625 τὰ
537 1573 634 1644 μὲν
668 1575 1003 1646 ὑπερέχοντα
1026 1616 1040 1640 ,
1090 1577 1304 1642 καὶτὰς
1333 1577 1441 1632 τῶν
1472 1580 1625 1648 ὑφει-

81 1663 224 1731 μένων
251 1663 465 1733 ἔχουσιν
485 1665 750 1737 ἰδιότητας
778 1667 868 1720 τοῦ
901 1664 1060 1735 εἶναι,
1084 1669 1178 1723 τοῦ
1209 1671 1329 1742 ζῇν,
1360 1673 1453 1724 καὶ
1481 1671 1628 1726 κατὰ

78 1754 204 1807 τοῦτο
230 1755 531 1826 κρείττονα,
565 1759 612 1810 εἰ
641 1759 734 1811 καὶ
765 1758 852 1812 διὰ
883 1762 1266 1833 μερικωτέρων
1298 1763 1622 1832 ὲπωνυμιῶν

80 1846 374 1914 πμαίνοντα
395 1862 412 1878 ο
444 1847 511 1900 τὰ
542 1849 596 1901 δὲ
630 1849 736 1902 τῶν
768 1850 1105 1924 ὁλικωτέρων
1129 1854 1188 1906 οὑ
1218 1853 1500 1924 μετέχουσι
1523 1854 1622 1924 τῆς

1736 665 1885 719 tcbat
1913 668 2251 722 contrarium
2276 709 2290 731 ,
2323 669 2581 723 nimirum
2616 686 2701 724 res
2731 687 2852 740 qua:
2881 672 3181 741 majoribus
3209 674 3306 732 Dei

1735 755 1895 810 donis
1948 755 2204 814 fruuntur
2232 761 2355 816 aliis
2386 760 2624 815 eminere
2645 803 2660 828 ,
2699 762 2862 816 veluti
2903 763 3122 829 caelum,
3155 774 3306 822 astra

1735 861 1797 900 ac
1828 847 2046 914 similia,
2073 858 2234 919 atque
2262 851 2365 905 hoc
2391 851 2608 920 quidem
2633 852 2856 906 dubium
2879 872 2891 920 ;
2925 863 3111 923 postea
3140 857 3306 925 igitur

1733 940 2024 1009 respondet
2069 941 2286 996 divinus
2333 941 2627 1012 Dionysius
2656 960 2717 997 ex
2747 952 2926 999 mente
2951 985 2965 1009 ,
3007 953 3060 1001 et
3091 949 3305 1005 ratione

1731 1038 1785 1085 et
1813 1048 1974 1088 sensu
2000 1074 2014 1095 ,
2051 1034 2108 1088 in
2137 1035 2405 1092 descensu
2437 1036 2600 1090 etiam
2631 1038 2976 1106 praestantias
3001 1039 3300 1110 ordinans;

1734 1121 1807 1174 ita
1838 1125 2075 1192 reperies
2104 1134 2226 1193 post
2259 1141 2419 1179 unam
2449 1127 2720 1196 paginam.

1800 1213 1961 1283 Atqui
1989 1214 2199 1269 decebat
2230 1233 2294 1270 ea
2326 1233 2444 1287 qua:
2473 1218 2702 1285 majora.
2736 1219 2940 1286 Majora
2971 1220 3113 1276 dona
3141 1231 3303 1278 vocat

1731 1319 1850 1373 quae
1895 1305 1949 1358 in
1995 1306 2240 1375 pluribus
2285 1315 2622 1375 cernuntur,
2671 1317 2884 1364 utesse
2915 1317 2969 1365 et
3007 1312 3218 1381 vivere;
3246 1324 3304 1369 at

1730 1412 1849 1464 qua:
1879 1396 1963 1452 his
1993 1405 2201 1452 tantum
2234 1399 2600 1469 participant,
2632 1414 2741 1454 non
2773 1409 2902 1456 sunt
2941 1402 2997 1456 in
3030 1405 3220 1474 primis
3247 1413 3303 1461 et

1729 1487 2202 1555 praestantioribus
2226 1528 2238 1551 ,
2290 1504 2476 1542 verum
2511 1489 2565 1541 in
2596 1489 2880 1544 vilioribus
2910 1491 3296 1548 advertuntur:

1728 1579 1983 1648 quoniam
2037 1595 2156 1648 qua:
2205 1581 2478 1634 excellunt
2525 1579 2727 1635 habent
2766 1582 2930 1636 etiam
2981 1582 3300 1639 inferiorum

1728 1669 2087 1738 proprietates
2133 1672 2452 1737 exsistendi,
2487 1674 2734 1739 vivendi,
2783 1683 2836 1729 et
2881 1675 2936 1728 in
2984 1675 3086 1730 hoc
3114 1675 3301 1730 excel-

1727 1759 1867 1822 lunt,
1901 1762 2127 1817 etsi-illa
2161 1765 2334 1834 magis
2377 1765 2803 1834 particularibus
2831 1766 3178 1822 declarentur
3206 1782 3303 1836 ap-

1730 1852 2146 1921 pellationibus;
2181 1855 2295 1910 haec
2324 1871 2452 1910 vero
2473 1857 2906 1926 generalioribus
2935 1874 3042 1912 non
3079 1857 3304 1928 partici-

77 1937 161 1987 τῶν
189 1939 506 2009 κρειττόνων
543 1940 800 2013 ἰδιότητος
818 1982 832 2006 ,
867 1916 1109 1997 τουτέστι
1142 1916 1333 2014 σοιρίας
1405 1947 1498 2000 καὶ
1540 1916 1617 1997 λό-

1729 1916 1860 2009 pant
1890 1916 2269 2013 superioribus
2301 1916 2759 2016 pr0prh3tatibus,
2799 1944 2853 1999 id
2881 1956 2964 2002 est
2995 1916 3260 2016 sapientia
3283 1985 3299 2008 ,

79 2046 155 2094 γον
199 2031 284 2082 καὶ
330 2032 648 2103 νοερότητος
672 2051 684 2063 ο
739 2035 831 2088 καὶ
885 2035 1025 2088 κατὰ
1069 2024 1226 2090 τοῦτο
1273 2038 1506 2108 ἥττονα,
1550 2037 1626 2101 ὼς

76 2122 298 2190 ἡττόνων,
329 2125 498 2193 ἤγουν
531 2125 870 2197 ὀλιγωτέρων
900 2127 1117 2199 δωρεῶν
1152 2129 1445 2201 μετέχοντα
1465 2170 1479 2193 ,
1512 2129 1621 2183 ὥσ-

76 2228 160 2283 περ
195 2209 279 2266 οὖν
319 2213 388 2267 τὰ
427 2215 590 2286 ἕτερα
609 2255 623 2279 ,
672 2215 748 2280 ὡς
777 2216 1033 2271 πλειόνων
1052 2257 1066 2282 ,
1098 2219 1192 2272 καὶ
1221 2219 1504 2291 κρείττονα
1535 2221 1624 2272 καὶ

75 2305 171 2374 Θεῷ
196 2307 575 2379 πλησιαίτερα.

125 2398 221 2449 Καὶ
257 2396 432 2458 ζῶσιν
461 2399 612 2467 ὑπὲρ
648 2401 719 2454 τὰ
761 2401 937 2455 ἄλλα.
976 2404 1097 2456 Ὅτι
1140 2403 1210 2456 τὰ
1254 2403 1623 2475 ὑπερκείμενα

73 2489 148 2539 καὶ
173 2489 359 2559 μᾶλλον
389 2489 509 2560 Θεῷ
552 2490 918 2562 πλησιάζοντα
957 2494 1171 2562 λέγεται
1201 2495 1359 2548 πλέον
1390 2494 1486 2564 ζῇν
1515 2494 1622 2548 τῶν

73 2581 479 2653 ὑποϐεϐηκότων,
510 2578 620 2636 οἷον
653 2586 700 2638 oi
731 2584 862 2638 θεῖοι
905 2586 1022 2650 νόες
1064 2586 1204 2657 ὑπὲρ
1245 2587 1392 2656 ἡμᾶς
1421 2586 1584 2652 ζῶσιν
1604 2625 1618 2651 ,

70 2673 130 2734 ὡς
159 2674 342 2743 μᾶλλον
370 2675 492 2747 Θεῷ
527 2675 935 2746 πλησιάζοντες.
971 2677 1138 2732 Πάλιν
1167 2679 1328 2749 ἡμεῖς
1358 2679 1435 2742 ὡς
1472 2679 1618 2747 λογι-

71 2770 158 2829 κοὶ,
180 2769 278 2822 τῶν
294 2769 504 2838 ἀλόγων
532 2769 690 2823 πλέον
712 2769 979 2842 λεγόμεθα
1003 2771 1118 2841 ζῇν·
1145 2769 1306 2823 πάλιν
1333 2769 1402 2822 τὰ
1429 2769 1616 2838 ἄλογα,

67 2860 130 2922 ὡς
155 2861 389 2931 αἴσθησιν
421 2861 636 2931 ἔχοντα,
672 2861 832 2916 πλέον
861 2861 926 2932 ζῇ
953 2861 1060 2914 τῶν
1089 2860 1290 2930 φυτῶν,
1326 2860 1401 2923 ὼς
1431 2859 1620 2932 αἴσθη-

70 2968 138 3003 σιν
170 2953 236 3025 μὴ
262 2955 514 3025 ἐχόντων,
545 2954 682 3008 ἀλλὰ
709 2955 878 3026 μόνην
904 2954 1002 3025 τὴν
1031 2952 1262 3023 φυτικὴν
1292 2953 1455 3024 ζωήν.

125 3044 150 3114 §
179 3045 260 3100 1V.
307 3048 365 3100 '0
391 3046 478 3098 ὢν
500 3047 648 3100 ὅλου
678 3047 782 3101 τοῦ
813 3048 983 3100 εῖναι.
1019 3047 1092 3099 Τὸ
1119 3046 1198 3110 ὃν,
1235 3048 1326 3100 ἐπὶ
1357 3047 1449 3100 τοῦ
1484 3047 1617 3100 Θεοῦ

66 3136 342 3208 ὶεγὸμενον,
364 3139 490 3192 ὅλου
519 3139 816 3211 συλλήϐδην
849 3138 942 3192 τοῦ
977 3137 1113 3192 εἶναι
1145 3139 1400 3211 ὑπέρεστι
1421 3155 1434 3168 °
1465 3137 1621 3192 τοῦτο

1727 2042 1781 2087 et
1809 2034 2020 2090 ratione
2043 2043 2096 2090 et
2124 2036 2423 2102 intellectu,
2455 2047 2614 2107 atque
2639 2037 2844 2092 idcirco
2868 2037 3127 2092 inferiora
3150 2044 3301 2105 sunt,

1729 2133 1786 2177 ut
1830 2125 2136 2182 minoribus
2168 2143 2264 2183 seu
2299 2129 2649 2199 paucioribus
2679 2129 2839 2185 donis
2881 2128 3262 2200 participantia
3283 2168 3300 2194 ,

1725 2215 2180 2284 quemadmodum
2211 2219 2336 2285 alia,
2366 2228 2424 2273 ut
2447 2220 2692 2290 pluribus
2721 2221 3128 2291 partieipantia,
3159 2235 3301 2291 pra:-

1725 2308 1990 2362 stantiora
2020 2317 2148 2363 sunt
2177 2321 2338 2380 atque
2367 2309 2476 2365 Deo
2496 2310 2772 2366 viciniora.

1797 2397 2152 2454 Excellentius
2199 2418 2314 2470 qua:
2358 2403 2530 2457 vivant
2575 2403 2721 2458 aliis.
2771 2401 3063 2473 Superiora
3092 2417 3156 2457 ac
3187 2401 3300 2459 Deo

1724 2491 1943 2560 propria
1971 2491 2098 2546 dicit
2131 2494 2303 2564 magis
2334 2494 2518 2550 vivere
2556 2495 2928 2560 inferioribus,
2960 2493 3126 2550 veluti
3159 2494 3301 2550 divi-

1723 2597 1806 2636 uae
1832 2591 2039 2640 mentes
2073 2586 2419 2655 prwstantius
2446 2587 2604 2641 nobis
2627 2587 2836 2650 vivunt,
2864 2596 2921 2640 ut
2949 2585 3056 2641 Deo
3077 2585 3300 2656 propio-

1723 2691 1830 2730 res.
1873 2674 2088 2733 Rursus
2132 2694 2232 2733 nos
2275 2686 2334 2733 ut
2364 2680 2575 2734 ratione
2604 2679 2812 2749 praediti
2838 2719 2854 2745 ,
2900 2678 3134 2733 dicimur
3174 2679 3302 2748 plus

1723 2765 1904 2821 vivere
1931 2767 2139 2834 brutis;
2174 2771 2369 2823 iterum
2398 2770 2579 2834 bruta,
2607 2778 2664 2824 ut
2693 2781 2860 2824 sensu
2891 2769 3142 2840 prmdita,
3173 2769 3298 2838 plus

1722 2855 1910 2910 vivunt
1966 2858 2186 2927 plantis,
2237 2866 2425 2928 utpote
2481 2875 2644 2915 sensu
2698 2857 3009 2924 destitutis,
3072 2858 3302 2928 solaque

1722 2949 1832 3002 vita
1862 2957 2166 3018 vegetattva
2197 2951 2506 3006 instructis.

1793 3041 1820 3112 §
1856 3041 1944 3098 IV.
1990 3042 2093 3109 Qui
2119 3054 2195 3097 est
2229 3045 2386 3098 totius
2417 3061 2546 3100 esse.
2601 3045 2758 3112 Quod
2807 3053 2892 3101 est
2929 3044 2996 3101 de
3045 3043 3156 3100 Deo
3205 3043 3294 3100 di-

1723 3141 1893 3199 ctum,
1927 3143 2147 3204 superat
2178 3144 2349 3190 totum
2383 3137 2528 3207 quod
2554 3145 2637 3192 est
2673 3137 2954 3196 collective
2980 3145 3297 3206 sumptum;

65 3227 158 3299 γάρ
186 3247 336 3302 φησιν
368 3230 729 3302 ὑπεροὺσιον,
765 3232 884 3285 ἀντὶ
917 3231 1010 3285 τοῦ
1047 3233 1186 3303 ὑπὲρ
1216 3233 1277 3285 τὸ
1319 3233 1376 3284 ὲν
1411 3233 1617 3300 γενέσει

1725 3223 1826 3278 hoc
1886 3226 2030 3278 enim
2101 3225 2274 3296 inquit
2345 3228 2914 3298 supersnbstantiale,
2970 3243 3072 3299 pro
3130 3241 3297 3298 supra

64 3320 141 3372 ὃν·
193 3323 248 3375 τὺ
307 3323 417 3395 γάρ
491 3323 553 3376 ὃν
629 3324 819 3377 οὐσία·
879 3325 986 3378 ἀπὸ
1043 3324 1151 3396 γὰρ
1211 3323 1305 3377 τοῦ
1369 3319 1506 3378 εἷναι
1558 3327 1616 3378 τὸ

1725 3330 1820 3368 ens
1865 3315 2230 3385 productum;
2273 3333 2370 3374 ens
2408 3319 2554 3372 enim
2593 3319 2877 3374 essentia:
2927 3333 3057 3372 nam
3082 3317 3296 3374 abesse

62 3413 210 3484 ξνομα
265 3415 541 3487 παρῆκται
602 3416 700 3486 τῆς
758 3416 960 3478 οὑσίας.
1037 3411 1242 3468 Ὀ-οὗν
1295 3415 1426 3478 Θεὸς
1465 3459 1479 3481 ,
1543 3417 1618 3480 ὡς

64 3506 147 3556 καὶ
209 3507 295 3560 τοῦ
359 3505 499 3563 εἶναι
561 3509 955 3578 ὑπερκείμενος
1031 3507 1128 3578 (τὸ
1183 3507 1291 3578 γάρ
1345 3506 1503 3562 εἶναι
1557 3509 1616 3573 ἐξ

61 3601 216 3663 αἰτίας
251 3601 390 3664 τινος
420 3602 574 3672 δηλοῖ
603 3602 681 3664 είς
708 3599 768 3654 τὸ
797 3598 932 3655 εἶναι
961 3600 1243 3671 ἀχθῆναι),
1274 3600 1348 3654 ὢν
1383 3602 1614 3674 ὑπερου-

63 3689 174 3754 σίως
198 3696 418 3745 νοεῖται·
439 3692 521 3745 διὸ
543 3692 637 3745 καὶ
662 3691 793 3744 αἰὼν
815 3692 1027 3761 λέγεται
1048 3688 1310 3746 εἶναιτῶν
1327 3696 1615 3766 παρηγμέ-

60 3797 149 3832 νων
177 3783 262 3836 ὑπ’
281 3784 446 3838 αὑτοῦ
467 3783 675 3837 αἰώνων
693 3801 705 3813 ο
727 3785 864 3856 ὅπερ
883 3785 990 3857 γὰρ
1015 3787 1150 3856 μήτε
1169 3782 1256 3858 ἦν,
1283 3788 1418 3858 μήτε
1441 3787 1611 3854 ἔσται,

59 3871 156 3924 ἀλλ’
200 3875 310 3929 1ἐστι
353 3875 537 3946 μόνον,
569 3873 726 3928 τοῦτο
771 3875 940 3940 ἑστὼς
983 3877 1104 3947 ἕχον
1153 3878 1213 3931 τὸ
1259 3874 1416 3945 εἶναι,
1448 3881 1508 3933 τὸ
1540 3882 1614 3953 μὴ

59 3966 388 4030 μεταϐάλλειν
419 3971 502 4032 είς
529 3968 591 4021 τὸ
624 3967 794 4035 ἔσται,
812 3966 1014 4041 μήτάὖ
1052 3971 1478 4043 μεταϐεϐηκέναι
1508 3973 1616 4027 ἀπὸ

55 4055 135 4107 τοῦ
166 4054 248 4130 [ἦν
282 4062 361 4123 εἰς
398 4055 648 4127 τδ1έστι,
681 4060 836 4136 τοῦτό
859 4061 1006 4114 ἐστιν
1041 4062 1172 4115 αἰών
1197 4080 1209 4093 ·
1234 4063 1294 4116 οὑ
1325 4063 1432 4134 γὰρ
1457 4065 1614 4134 μόνον

55 4147 112 4197 1'1
147 4149 266 4203 ὂντα
307 4153 486 4206 πάντα
512 4151 594 4204 δεῖ
625 4155 876 4223 παρεῖναι
907 4152 985 4224 τῷ
1014 4155 1175 4206 παντὶ
1205 4155 1299 4206 καὶ
1327 4155 1450 4223 ὅλῳ,
1479 4155 1614 4208 ἀλλὰ

56 4239 136 4291 καὶ
165 4241 220 4294 τὸ
253 4243 416 4313 μηδὲν
442 4242 537 4295 τοῦ
570 4256 697 4296 ποτε
731 4243 804 4315 μὴ
836 4245 986 4308 ὄντος
1008 4263 1020 4276 ο
1065 4245 1186 4298 οὑδὲ
1215 4246 1322 4316 γάρ
1355 4264 1407 4299 τι
1440 4264 1611 4318 προσ-

53 4332 252 4397 γέγονεν
293 4334 464 4405 αὐτῷ,
495 4335 570 4405 μὴ
614 4333 672 4387 ὃν
701 4335 983 4406 πρότερον.
1012 4335 1160 4406 Αὕτη
1188 4333 1280 4390 οὖν
1315 4339 1347 4408 ή
1377 4337 1612 4401 διάθεσις

53 4424 134 4474 ni
173 4426 325 4494 φύσις
366 4419 585 4482 καλοῖτο
610 4427 695 4493 ἂν,
729 4429 821 4480 καὶ
862 4428 947 4499 εἴη
985 4429 1165 4488 altor
1203 4429 1336 4483 αἰὼν
1367 4429 1474 4501 γάρ
1505 4429 1612 4482 ἀπὸ

49 4514 130 4566 τοῦ
151 4518 233 4572 ἀεὶ
251 4519 422 4586 ὄντος
450 4521 684 4591 εἴρηται.
717 4520 783 4572 Εἰ
804 4537 886 4584 τις
911 4518 1003 4574 οὑν
1031 4521 1172 4575 οὕτω
1204 4522 1294 4575 τὸν
1322 4522 1492 4575 αἰῶνα
1522 4522 1608 4574 λέ-

1721 3421 1918 3461 nomen
1951 3409 2201 3463 essentia:
2228 3408 2524 3463 deductum
2556 3417 2659 3464 est.
2693 3407 2834 3480 Ergo
2859 3398 3025 3475 Deus,
3052 3410 3298 3466 utetiam

1718 3499 1838 3568 ipso
1877 3515 2000 3555 esse
2037 3501 2289 3571 superior
2336 3501 2480 3570 (esse
2515 3501 2660 3556 enim
2695 3502 2935 3556 declarat
2968 3500 3297 3572 productum

1724 3592 1884 3662 169
1920 3591 2088 3648 fuisse
2120 3593 2188 3648 ab
2225 3592 2404 3662 aliqua
2448 3608 2614 3648 causa
2645 3594 2712 3648 ad
2738 3593 3132 3665 exsistendum)
3153 3635 3169 3660 ,
3199 3593 3296 3663 qui

1717 3692 1820 3750 est,
1853 3700 2017 3754 supra
2044 3684 2337 3740 essentiam
2375 3685 2722 3754 intelligitur;
2753 3684 2875 3738 ideo
2903 3685 3067 3739 etiam
3091 3685 3296 3739 dicitur

1717 3791 1839 3832 esse
1863 3777 2139 3832 aeternitas
2163 3777 2486 3832 saaculorum
2508 3778 2577 3832 ab
2603 3793 2668 3833 eo
2695 3777 3118 3848 productorum;
3147 3777 3295 3850 quod

1715 3867 1862 3922 enim
1915 3884 2092 3938 neque
2121 3878 2260 3933 erat,
2297 3884 2475 3940 neque
2503 3870 2628 3933 erit,
2675 3869 2771 3923 sed
2817 3877 3026 3924 tantum
3057 3876 3164 3934 est,
3195 3870 3295 3924 ha-

1716 3959 1850 4015 bens
1897 3960 2000 4014 hoc
2029 3975 2151 4016 esse
2179 3960 2510 4022 consistens,
2546 3975 2653 4014 non
2700 3961 2900 4014 mutari
2931 3961 2988 4014 in
3019 3961 3290 4021 futurum.

1715 4067 1891 4122 neque
1920 4062 2111 4107 contra
2142 4053 2212 4107 ab
2242 4068 2366 4107 esse
2399 4051 2494 4123 [in
2521 4053 2637 4126 est]
2669 4053 3012 4120 transivisse,
3060 4053 3164 4108 hoc
3206 4060 3292 4114 est

1715 4145 2013 4200 aeternitas.
2057 4143 2177 4198 Non
2226 4144 2371 4199 enim
2419 4152 2632 4199 tantum
2663 4146 2810 4200 en’tia
2857 4145 3040 4202 omnia
3077 4152 3294 4216 oportet

1715 4237 1906 4292 adesse
1934 4237 2083 4292 omni
2107 4244 2160 4291 et
2185 4237 2307 4301 toti,
2343 4236 2438 4292 sed
2468 4237 2630 4291 etiam
2673 4239 2810 4292 nihil
2840 4238 2960 4308 ejus
2985 4239 3132 4310 quod
3159 4239 3292 4300 alibi

1713 4346 1824 4385 non
1849 4339 1964 4395 est;
1997 4343 2173 4398 neque
2203 4329 2346 4384 enim
2378 4329 2583 4398 aliquid
2613 4329 2716 4399 ipsi
2749 4329 2922 4384 adfuit
2962 4329 3106 4400 quod
3135 4331 3298 4401 prius

1713 4438 1823 4477 non
1855 4423 2064 4478 fuisset.
2099 4422 2224 4478 Haec
2254 4421 2419 4493 igitur
2447 4421 2736 4492 dispositio
2764 4429 2818 4477 et
2857 4432 3074 4487 natura,
3101 4423 3291 4480 vocari

1713 4523 1899 4587 posset
1947 4523 2109 4586 atque
2157 4521 2304 4571 esset
2330 4514 2633 4575 mternitas;
2659 4511 2791 4566 αἰών
2815 4513 2960 4568 enim
2991 4513 3059 4568 ab
3089 4514 3176 4568 ἀεὶ
3202 4513 3299 4568 ὑν-.

48 4622 122 4671 γοι
169 4609 304 4680 ζωὴν
351 4612 599 4682 ἄπειρον,
628 4610 705 4682 τῷ
754 4614 931 4665 πᾶσαν
977 4612 1074 4684 ἤδη
1137 4608 1294 4679 εἶναι,
1326 4615 1418 4666 καὶ
1449 4613 1612 4684 μηδὲν

1725 4625 1805 4671 τος
1833 4623 1928 4664 seu
1957 4608 2094 4678 quod
2117 4623 2317 4676 semper
2331 4607 2422 4669 sit,
2445 4605 2665 4660 dicitur.
2696 4605 2752 4660 Si
2783 4606 2945 4676 igitur
2964 4606 3163 4678 aliquis
3183 4606 3297 4669 ista

46 4698 338 4757 ἀναλίσκειν
373 4704 546 4778 αὐτῆς
573 4703 651 4775 τῷ
680 4705 1128 4776 παρεληλυθέναι,
1163 4707 1284 4778 μηδ⁴
1305 4702 1370 4760 αὖ
1403 4707 1604 4777 μένειν,

42 4791 132 4844 οὐκ
174 4793 234 4846 ἂν
275 4773 577 4866 εῖηίπᾶσαο
615 4773 781 4865 ἐγγὺς
818 4773 970 4850 δὲγᾶν
1008 4799 1090 4868 εἴη
1129 4773 1526 4868 τοῦ-ὁρίζεσθαι
1557 4799 1608 4850 τί

41 4884 186 4938 αἰών.
212 4888 415 4941 Ἐκεῖνο
461 4893 592 4957 γοῦν
635 4890 779 4941 ἐστιν
815 4889 1059 4960 ἄπειρον,
1093 4889 1152 4942 τὸ
1191 4886 1264 4962 μὴ
1289 4891 1563 4944 ἐπιλεῖπον
1592 4909 1602 4920 ·

39 4974 125 5024 καὶ
152 4975 304 5030 τοῦτο
331 4975 557 5049 κυρίως,
588 4977 670 5030 ὅτι
699 4978 862 5048 μηδὲν
887 4978 1077 5030 ἑαυτοῦ
1102 4979 1378 5033 ἀναλίσκει
1395 4998 1407 5009 '
1438 4979 1607 5044 οὑτως

33 5063 117 5118 οὗν
149 5069 178 5120 ὁ
203 5067 328 5131 Θεὸς
358 5069 452 5121 καὶ
485 5067 639 5130 αἰὼν,
678 5068 771 5120 καὶ
810 5067 1010 5131 αἰῶνας
1042 5067 1229 5122 ποιῶν.
1259 5068 1400 5122 Αίὼν
1432 5070 1606 5121 τοίνυν

34 5162 172 5211 ἐστὶν
213 5160 272 5211 οὑ
315 5161 375 5213 τὸ
407 5160 788 5230 ὑποκείμενον,
820 5159 951 5212 ἀλλὰ
981 5159 1042 5212 τὸ
1073 5158 1132 5224 ἐξ
1163 5161 1324 5213 αὑτοῦ
1352 5161 1445 5214 τοὺ
1479 5163 1609 5214 ὑπο-

34 5252 277 5320 κειμένου
309 5252 591 5322 ἐκλάμπον
612 5269 624 5281 ·
664 5251 735 5305 τὰ
762 5248 852 5305 οὑν
883 5250 1047 5322 νοητὰ
1078 5253 1170 5306 καὶ
1196 5251 1264 5304 τὰ
1293 5253 1366 5322 μὴ
1395 5251 1608 5322 ὁρώμε-

31 5359 85 5390 ναι
115 5343 256 5395 κατὰ
300 5343 391 5394 τὸν
439 5343 757 5396 Ἀπόστολον
792 5343 1010 5398 αἰώνιαο
1045 5343 1257 5398 αἰώνιον
1285 5346 1339 5398 δὲ
1371 5346 1467 5396 οὑκ
1510 5345 1605 5397 αὑ-

26 5432 108 5493 τός
137 5433 282 5485 ἐστιν
327 5435 355 5486 ὁ
393 5433 547 5498 αἰὼν,
578 5433 714 5486 ἀλλὰ
745 5435 804 5486 τὸ
846 5434 1038 5498 αἰῶνος
1084 5435 1327 5506 μετέχον,
1366 5437 1606 5488 τουτέστι

25 5524 114 5592 τῆς
159 5524 486 5577 ἀδιαστάτου
520 5526 614 5578 καὶ
639 5525 870 5596 ἀπείρου
901 5524 1063 5596 ζωῆς.
1099 5528 1186 5591 Ὠς
1227 5523 1318 5580 οὖν
1363 5528 1452 5580 καὶ
1496 5528 1602 5579 τῶν

25 5617 232 5680 αἰῶνος,
281 5617 530 5669 τουτέστι
583 5615 677 5669 τοῦ
733 5619 819 5671 ἀεὶ
873 5619 1022 5680 ὄντος
1084 5619 1435 5690 μετεχόντων,
1482 5619 1608 5672 καθ’

25 5709 306 5780 ὁμοιότητα
320 5707 534 5778 αἰώνων
555 5710 860 5779 λεγομένων
893 5712 1116 5782 ποιητὴς
1145 5714 1170 5765 ὁ
1193 5711 1342 5775 Θεὸς,
1376 5727 1602 5781 πεποιη-

117 5900 142 5931 ?
182 5891 341 5944 Rom.
385 5903 423 5956 ι,
460 5887 547 5944 ΞΟ.

1713 4702 1923 4756 ratione
1975 4700 2171 4755 dixerit
2216 4699 2571 4754 aeternitatem
2606 4699 2774 4752 vitam
2819 4698 3112 4763 inﬁnitam,
3140 4701 3290 4770 quod

1715 4800 1826 4846 tota
1865 4792 1978 4861 jam
2033 4790 2125 4855 sit,
2159 4790 2404 4862 nihilque
2450 4789 2569 4858 ejus
2608 4797 2962 4843 consumatur
2986 4789 3285 4858 praeterito,

1714 4903 1887 4956 neque
1912 4893 2102 4940 contra
2133 4885 2351 4949 futuro;
2378 4897 2488 4938 non
2514 4882 2657 4936 enim
2705 4889 2851 4938 esset
2891 4889 3038 4940 tota:
3060 4882 3284 4938 accede.

1713 4987 1795 5032 ret
1825 4993 1954 5033 vero
1981 4977 2048 5032 ad
2072 4975 2441 5031 deﬁniendum
2472 4973 2600 5045 quid
2629 4973 2701 5029 sit
2729 4974 3029 5030 teternitas.
3055 4972 3150 5028 llla
3183 4975 3284 5046 isi-2

1713 5078 1803 5123 tur
1830 5077 1914 5125 est
1946 5068 2178 5132 inﬁnita,
2210 5083 2320 5122 non
2358 5065 2647 5132 deﬁciens;
2679 5073 2843 5136 atque
2890 5065 2994 5120 hoc
3037 5064 3284 5135 proprie,

1707 5162 1836 5232 quia
1867 5160 2002 5214 nihil
2031 5159 2115 5215 sui
2147 5157 2422 5214 consumit
2455 5177 2466 5212 :
2502 5157 2574 5212 ita
2607 5157 2772 5228 igitur
2803 5156 2946 5212 Deus
2973 5163 3027 5212 et
3057 5154 3280 5210 aeterni-

1709 5262 1814 5314 tas,
1843 5252 2316 5320 aeternitatumque
2363 5249 2652 5314 conditor;
2701 5264 2830 5320 ergo
2872 5247 3148 5303 aaternitas
3193 5252 3282 5303 est

1709 5359 1816 5398 non
1857 5344 2183 5412 subjectum,
2222 5341 2318 5397 sed
2358 5341 2501 5410 quod
2531 5356 2597 5394 ex
2629 5340 2748 5409 ipso
2777 5340 3024 5409 subjecto
3054 5337 3234 5392 elucet
3260 5354 3278 5402 ;

1706 5448 1834 5502 ergo
1865 5429 2281 5501 inintelligibilia
2310 5440 2363 5485 et
2399 5429 2691 5484 invisibilia
2726 5427 3022 5485 secundum
3042 5425 3280 5496 Aposto.

1707 5527 1819 5579 lum
1866 5533 2128 5590 aeternaY;
2162 5530 2419 5578 :cternum
2449 5529 2550 5586 est,
2579 5534 2688 5572 non
2732 5532 2860 5572 vero
2898 5517 3016 5586 ipsa
3055 5519 3277 5575 aiterniq

1710 5616 2289 5682 tas,sedazternitatem
2318 5613 2675 5684 participans,
2705 5609 2754 5663 id
2785 5616 2867 5664 est
2899 5608 3121 5664 minime
3182 5603 3275 5661 di.

1716 5709 1908 5761 Stantis
1952 5725 2043 5764 seu
2095 5706 2376 5777 praesentis
2430 5702 2758 5771 inﬁnitaeque
2806 5701 2928 5758 vitae
2975 5701 3271 5775 particeps.
