3874 6548
450 454 463 469 “
534 485 659 559 .515

465 1477 517 1534 7‘

1336 472 1682 534 anesum):
1710 478 1802 534 AD
1822 476 2052 536 OPEliA
2085 476 2143 534 s.
2185 474 2485 533 DlONYSll
2519 474 3007 534 annonam”).
3086 460 3092 467 ’

3704 483 3795 541 516

534 567 1018 695 :Quemadniodum
1050 591 1215 663 igitur
1244 589 1387 646 Deus
1436 591 1686 647 conditor
1725 606 1916 647 eorum
1956 590 2122 645 etiam

2241 588 2381 642 ιιέναι
2421 588 2549 651 τοὺς
2591 589 2793 653 αἰῶνας
2827 589 3045 659 λέγεται
3078 588 3197 642 ἀντί
3229 590 3321 643 τοῦ
3351 589 3421 643 τὰ
3455 591 3635 662 νοητὰ,
3676 596 3795 653 αἰὼν

550 706 673 760 qua:
693 689 1071 748 aeternitatem,
1105 684 1158 738 id
1182 693 1269 740 est
1308 685 1440 740 illud
1468 682 1617 754 quod
1648 696 1866 753 semper
1886 687 2117 750 est,par-

533 756 796 868 :tieipant,
831 785 884 834 et
913 775 1274 833 similitudine
1298 776 1533 847 quadam
1565 774 1899 830 :eternitates
1927 773 2125 827 dicun—

532 866 660 962 gtur,
692 870 1052 925 aeternitatem
1101 884 1323 924 creasse
1366 869 1567 924 dicitur
1596 883 1697 939 pro
1739 866 2124 936 intelligibilia.

547 976 672 1016 cum
722 961 795 1016 sit
841 975 1029 1015 eorum
1063 959 1365 1022 aatemitas,
1419 966 1584 1028 atque
1629 965 2020 1022 conservator;
2052 957 2126 1010 ita

545 1054 709 1110 etiam
744 1060 962 1123 tempus
990 1051 1195 1105 dicitur
1224 1051 1318 1122 qui
1348 1050 1611 1121 temporis
1640 1065 1859 1120 expers,
1892 1056 1951 1103 ut
2000 1057 2133 1103 tem-

544 1161 740 1215 porum
776 1151 1000 1209 auctor;
1026 1142 1175 1212 quod
1205 1143 1350 1197 enim
1405 1141 1460 1195 in
1507 1140 1942 1211 intelligibilibus
1969 1146 2128 1195 acter-

545 1235 692 1290 nitas
718 1249 813 1288 seu
848 1248 1044 1294 navum,
1081 1231 1215 1286 illud
1249 1232 1425 1300 ipsum
1461 1238 1545 1285 est
1578 1229 1631 1283 in
1660 1229 1957 1285 sensilibus
1984 1236 2126 1284 tem—

545 1342 651 1396 pus
685 1343 698 1380 :
727 1325 871 1380 sicut
914 1326 1083 1395 igitur
1112 1324 1350 1379 visibilia
1401 1329 1530 1378 sunt
1581 1321 1846 1391 imagines
1875 1322 2127 1377 invisibi-

544 1418 681 1473 lium
709 1424 765 1473 et
794 1418 1243 1488 intelligibilium,
1275 1431 1338 1470 ac
1364 1415 1721 1471 aeternitatem
1751 1414 1985 1470 dicimus
2028 1400 2145 1470 mi?

548 1510 697 1565 nime
724 1516 1045 1564 trementem
1079 1510 1228 1563 illam
1259 1515 1424 1578 atque
1451 1506 1613 1562 simul
1647 1514 1814 1561 totam
1853 1506 2022 1561 vitam
2067 1521 2132 1562 ac

549 1600 818 1657 inﬁnitam
863 1601 1114 1672 protinus
1159 1601 1491 1670 omninoque
1543 1599 1774 1662 ﬁrmam,
1821 1613 1884 1653 ae
1933 1599 1989 1653 in
2020 1612 2132 1653 uno

551 1700 717 1764 atque
763 1708 861 1764 per
908 1708 1073 1747 unum
1114 1698 1351 1747 stantem
1387 1710 1400 1746 :
1436 1691 1518 1746 sic
1545 1689 1710 1745 etiam
1746 1695 1983 1759 tempus,
2015 1697 2132 1743 tum

548 1785 771 1858 quidem
793 1784 848 1840 in
877 1800 945 1840 eo
975 1784 1122 1856 quod
1154 1798 1372 1854 semper
1400 1790 1484 1838 est
1506 1782 1870 1852 requiescere,
1898 1794 2129 1852 appare—

548 1893 611 1935 re
639 1892 770 1933 vero
816 1877 872 1931 in
916 1875 1189 1947 subjecto,
1215 1873 1436 1945 quando
1464 1874 1628 1929 etiam
1658 1879 1847 1943 postea
1878 1879 2130 1926 naturam

548 1970 822 2025 visibilem
874 1943 1175 2040 procedere
1221 1943 1529 2037 oportebat.
1562 1963 1750 2036 itaque
1782 1978 2133 2035 progressum
2166 1943 2208 1998 Β

548 2061 749 2116 divina:
781 2059 1041 2117 bonitatis
1084 2058 1155 2114 ad
1203 2057 1427 2115 sensilia
1468 2064 1529 2112 ut
1558 2071 1621 2113 ea
1653 2056 1940 2127 producat,
1966 2071 2129 2111 voca—

550 2168 675 2210 mus
718 2162 969 2223 tempus;
1013 2167 1125 2207 non
1179 2150 1325 2207 enim
1375 2154 1557 2204 motus
1606 2147 2024 2203 interstitiorum
2060 2145 2128 2202 ad

550 2250 735 2314 partes
767 2252 824 2298 et
853 2248 1208 2312 tempestates
1239 2248 1294 2297 et
1321 2245 1513 2294 noctes
1541 2244 1596 2292 et
1619 2236 1759 2303 dies,
1781 2246 1866 2295 est
1888 2244 2126 2309 tempus,

550 2333 647 2390 sed
676 2333 921 2404 ejusdem
952 2347 1077 2387 cum
1104 2339 1350 2401 tempore
1371 2329 1646 2394 nominis;
1668 2327 2125 2399 quemadmodum

546 2424 695 2480 enim
728 2424 875 2496 quod
904 2431 1186 2479 mensurat
1240 2428 1295 2477 et
1343 2428 1714 2484 mensuratur,
1745 2420 1987 2475 solemus
2033 2434 2130 2473 eo-

547 2526 673 2573 dem
723 2517 998 2589 appellare
1048 2516 1316 2571 nomine:
1356 2514 1431 2567 ita
1481 2514 1667 2579 etiam,
1715 2512 1828 2575 hic,
1865 2512 2033 2568 veluti
2082 2513 2130 2568 si

549 2609 697 2680 quod
724 2610 910 2665 cubito
937 2608 1378 2665 mensuravimus
1405 2607 1564 2677 17o
1613 2606 1728 2661 sive
1756 2606 2127 2676 pavimentum

2230 678 2408 733 αὐτῶν
2432 678 2528 742 ὣν,
2563 680 2658 733 καὶ
2690 680 2973 751 συνοχεύς·
3007 680 3150 734 οὔτω
3190 682 3283 735 καὶ
3322 681 3511 753 χρόνος
3534 685 3562 736 ὀ
3589 684 3795 756 ἄχρονος

2231 772 2469 840 λέγεται,
2501 772 2595 825 ἅτε
2617 772 2712 824 καὶ
2737 773 2942 844 χρόνων
2970 772 3166 836 αἴτιος·
3193 774 3329 846 ὅπερ
3351 774 3460 846 γὰρ
3480 776 3536 828 ὲν
3563 779 3673 841 τοῖς
3689 796 3794 852 νοη-

2230 868 2342 929 τοῖς
2391 862 2562 929 αἰὼν,
2611 864 2770 919 τοῦτό
2824 867 2973 920 ἐστιν
3021 868 3078 919 ἐν
3122 870 3236 933 τοῖς
3280 867 3556 938 αἰσθητοῖς
3602 871 3790 942 χρόνος.

2234 958 2443 1028 ’Ὠσπερ
2469 954 2561 1011 οὖν
2590 957 2659 1011 τά
2686 957 2940 1030 ὁρώμενα
2967 959 3177 1024 εἰκόνες
3200 960 3434 1015 εἰσὶ·τῶν
3457 961 3698 1034 ἀοράτων
3717 966 3795 1018 καὶ

2232 1045 2457 1115 νοητῶν,
2488 1045 2582 1099 καὶ
2612 1046 2782 1101 αἰῶνα
2814 1046 3044 1119 λέγομεν
3082 1047 3181 1119 τὴν
3224 1047 3434 1120 ἀτρεμῆ
3483 1048 3693 1121 ἐκείνην
3718 1051 3797 1104 καὶ

2232 1136 2368 1208 ὁμοῦ
2400 1138 2579 1190 πᾶσαν
2609 1136 2773 1208 ζωὴν,
2805 1138 2901 1191 καὶ
2939 1137 3164 1209 ἄπειρον
3202 1138 3302 1210 ήδη
3335 1138 3428 1193 καὶ
3460 1137 3646 1210 ἀκλινῆ
3676 1139 3793 1192 πάν-

2233 1244 2321 1299 τη,
2353 1230 2448 1282 καὶ
2473 1230 2532 1281 ἐν
2570 1228 2670 1291 ἑνὶ,
2705 1229 2798 1282 καὶ
2828 1230 3209 1300 προεστῶσαν·
3249 1227 3394 1282 οὕτω
3435 1230 3529 1282 καὶ
3565 1228 3654 1282 τὸν
3690 1230 3797 1301 χρό-

2233 1337 2343 1384 νον,
2372 1322 2494 1374 τύτε
2527 1320 2624 1391 μὲν
2655 1321 2713 1374 ὲν
2744 1320 2824 1391 τῷ
2852 1318 2940 1374 ἀεὶ
2958 1320 3069 1376 δντι
3098 1321 3494 1387 ἀναπαύεσθαι,
3515 1322 3795 1393 ἐκφανῆναι

2231 1412 2290 1466 δὲ
2343 1411 2464 1465 καθ’
2494 1412 2779 1474 ὑπόόασιν,
2827 1412 2917 1465 ὅτε
2972 1412 3068 1465 καὶ
3122 1410 3349 1485 ὕστερον
3402 1412 3567 1483 φύσιν
3617 1414 3797 1485 ὁρατὴν

2233 1502 2401 1574 ἐχρῆν
2427 1501 2729 1574 προελθεῖν.
2752 1502 2864 1573 Τὴν
2893 1498 2987 1556 οὖν
3015 1504 3097 1565 εἰς
3120 1501 3189 1555 τά
3219 1501 3455 1574 αἰσθητά
3475 1502 3694 1574 πρόοδον
3715 1503 3796 1574 τῆς

2233 1595 2315 1657 εἰς
2343 1591 2405 1646 τὸ
2433 1592 2604 1646 ταῦτα
2627 1592 2974 1666 δημιουργεῖν
3003 1592 3335 1664 ἀγαθότητος
3359 1593 3454 1647 τοῦ
3473 1594 3605 1647 Θεοῦ
3624 1594 3795 1647 καλοῦ-

2237 1700 2336 1755 μεν
2383 1684 2603 1755 χρόνοψ
2634 1686 2697 1737 ού
2744 1684 2852 1756 γὰρ
2898 1686 2931 1755 ἠ
2975 1685 3188 1757 κίνησις
3233 1684 3342 1738 τῶν
3383 1686 3465 1749 εἰς
3504 1686 3694 1758 μοίρας
3719 1686 3799 1738 καὶ

2234 1776 2383 1849 ὥρας
2417 1776 2513 1830 καὶ
2554 1776 2755 1840 νύκτας
2784 1776 2881 1830 καὶ
2908 1777 3119 1849 ἡμέρας
3145 1776 3665 1841 διαστάσεων,τοῡτο
3689 1778 3801 1850 χρό-

2236 1886 2345 1933 νος,
2379 1869 2492 1923 ἀλλ’
2523 1868 2812 1940 ὁμώνυμον
2840 1869 2918 1941 τῷ
2946 1870 3149 1941 χρόνῳ·
3173 1869 3363 1942 ῶσπερ
3383 1869 3494 1942 γὰρ
3510 1869 3571 1923 τὸ
3591 1870 3801 1941 μετροῦν

2236 1963 2332 2016 καί.
2383 1960 2748 2033 μετρούμενον
2786 1959 3056 2031 εἰώθαμεν
3096 1961 3404 2033 ὁμωνύμως
3445 1961 3648 2026 καλεῖν,
3676 1960 3802 2015 οὕτω

2234 2053 2331 2106 καὶ
2359 2052 2619 2107 ἐνταῦθα·
2649 2047 2782 2117 οἷον,
2813 2052 2908 2106 ἐὰν
2934 2052 2996 2107 τὸ
3033 2053 3139 2107 ὑπὸ
3178 2055 3398 2126 πήχεως
3436 2055 3800 2127 μετρούμενον,

2235 2147 2347 2200 εἴτε
2372 2145 2584 2214 ἔδαφος,
2615 2146 2725 2199 εἴτε
2754 2148 2953 2216 τεῖχος,
2981 2144 3013 2216 ἢ
3040 2145 3248 2218 ἕτερον,
3277 2147 3455 2217 πῆχυν
3482 2146 3722 2218 λέγομεν.
3745 2146 3802 2198 Ai

2236 2238 2368 2309 γοῦν
2395 2238 2505 2293 τῶν
2532 2238 2778 2311 ἀστέρων
2812 2238 2996 2310 φοραὶ,
3021 2237 3162 2292 κατὰ
3183 2238 3245 2291 τὸ
3268 2239 3577 2310 εἰρημένον,
3604 2239 3802 2293 Ἔστω-

2237 2343 2359 2383 σαν
2384 2331 2472 2395 εἰς
2498 2328 2716 2399 σημεῖα
2743 2329 2842 2384 καὶ
2866 2331 2954 2396 εἰς
2981 2329 3247 2399 καιροὺς,
3264 2328 3363 2383 καί
3381 2332 3472 2396 εἰς
3486 2328 3801 2395 ἐνιαυτοὺς,

2239 2421 2378 2493 πρὸς
2403 2420 2679 2493 διορισμὸν
2713 2422 2808 2475 καὶ
2844 2421 3076 2493 δήλωσιν
3104 2422 3237 2492 ἡμῖν
3265 2420 3470 2493 ὲναργῆ
3504 2420 3652 2492 παρὰ
3679 2418 3802 2474 Θεοῦ

2235 2514 2501 2584 ἐγένοντο.
2531 2516 2589 2568 '0
2629 2510 2723 2569 οὖν
2768 2516 2863 2569 καὶ
2902 2512 3075 2567 ταῦτα
3118 2513 3392 2582 διατάξας,
3423 2513 3586 2577 αὐτὸς
3627 2513 3689 2567 ἂν
3729 2510 3803 2585 εῐη

2236 2608 2617 2680 ΰπραιωνιως
2641 2609 2734 2661 καί
2761 2607 3007 2680 ἀχρόνως
3037 2606 3209 2661 ταῦτα
3237 2606 3313 2671 ὡς
3343 2606 3534 2670 αἴτιος.

552 2701 670 2757 sive
698 2716 915 2757 murum
947 2709 1041 2756 aut
1066 2702 1211 2758 aliud
1244 2703 1488 2757 cubitum
1522 2703 1776 2759 dicimus.
1822 2702 2002 2760 Motus
2066 2703 2236 2776 igitur
2286 2713 2590 2770 astrorum,
2657 2706 2960 2761 secundum
3013 2702 3145 2758 illud
3193 2701 3496 2774 Scriptura:
3556 2722 3572 2759 ;
3623 2702 3805 2759 Sintia

551 2796 705 2865 signa
725 2794 850 2850 etin
878 2803 1113 2864 tempora
1139 2804 1189 2849 et
1222 2796 1276 2848 in
1299 2812 1467 2850 annos
1514 2806 1559 2860 ι,
1585 2795 1714 2851 facti
1743 2806 1872 2851 sunt
1898 2812 1927 2850 a
1951 2796 2063 2853 Deo
2085 2798 2155 2853 ad
2217 2797 2593 2854 deﬁnitionem
2625 2809 2679 2853 ct
2706 2798 3209 2855 manifestationcm
3252 2798 3415 2853 nobis
3471 2796 3803 2854 evidentem:

551 2887 602 2944 is
644 2901 776 2958 ergo
815 2887 908 2957 qui
940 2886 1055 2941 huc
1086 2887 1380 2957 disposuit.
1414 2895 1603 2959 posset
1642 2887 1758 2943 haec
1805 2904 1928 2945 esse
1968 2903 2138 2960 supra
2167 2888 2534 2945 aeternitatem
2575 2896 2739 2960 atque
2772 2888 2893 2944 sine
2924 2896 3167 2958 tempore
3198 2895 3255 2941 ut
3283 2902 3474 2943 causa.

619 2977 689 3033 Et
714 2994 880 3050 neque
917 2989 1053 3036 erat.
1094 2980 1284 3052 Neque
1311 2992 1632 3061 nugaeque
1665 2995 1766 3050 est,
1813 3003 1990 3057 neque
2031 2988 2131 3045 erit

549 3068 772 3141 proprie
817 3069 886 3125 de
936 3068 1049 3126 Deo
1089 3071 1316 3138 dicitur,
1353 3073 1498 3131 Deus
1528 3076 1675 3131 enim
1711 3077 1827 3133 haec
1864 3086 2133 3150 superat;

2306 2985 2417 3039 Kal
2456 2986 2595 3039 οὔτε
2638 2984 2737 3054 ἦν.
2781 2986 2902 3038 Ὀτι
2944 2983 3069 3037 οὔτε
3114 2983 3175 3036 τὸ
3224 2983 3323 3052 ἦν,
3355 2981 3481 3036 οὔτε
3525 2983 3586 3036 τὸ
3627 2984 3803 3050 ἐστιν,

2233 3075 2360 3131 οὔτε
2397 3077 2459 3131 τὸ
2499 3078 2673 3131 ἔσται
2721 3076 2924 3148 κυρίως
2955 3076 3172 3145 λέγεται
3214 3076 3307 3129 ἐπὶ
3339 3074 3505 3129 Θεοῦο
3540 3076 3676 3148 ὑπὲρ
3709 3075 3807 3147 γὰρ

553 3159 760 3215 dicitur
805 3176 938 3216 vero
985 3162 1152 3216 etiam
1202 3164 1318 3220 haec
1348 3180 1491 3232 esse,
1522 3179 1814 3238 propterea
1842 3168 1989 3240 quod
2018 3170 2130 3243 ipse

2241 3168 2410 3223 ταῦτα
2439 3171 2468 3222 ὁ
2499 3168 2651 3235 Θεὸς.
2682 3168 2914 3237 Λέγεται
2940 3168 2996 3221 δὲ
3023 3169 3117 3221 καὶ
3144 3166 3318 3221 ταῦτα
3352 3166 3442 3221 διὰ
3466 3168 3530 3220 τὸ
3556 3167 3689 3221 κατά
3712 3167 3803 3221 πᾶ-

552 3250 858 3306 secundum
902 3266 1120 3309 omnem
1166 3255 1553 3327 cogitationem
1599 3260 2130 3330 superessentialiter

2241 3277 2340 3315 σαν
2368 3261 2611 3314 ἐπίνοιαν
2639 3258 2981 3332 ύπερουσίως
3008 3258 3172 3312 αὑτὸν
3202 3252 3361 3312 εἶναι.

551 3340 790 3399 exsistit.

628 3432 811 3506 Neque
831 3444 966 3491 erat.
1005 3435 1171 3493 Recte
1195 3439 1354 3503 dixit,
1385 3459 1547 3514 neque
1564 3453 1700 3501 erat.
1726 3445 1862 3501 Nam
1893 3455 2008 3501 erat
2035 3447 2133 3503 de—

551 3526 875 3582 elarativum
899 3538 985 3584 est
1000 3531 1296 3601 _temporis.
1333 3531 1478 3589 Deus
1504 3550 1635 3591 vero
1664 3544 1749 3593 est
1777 3537 1940 3592 etiam
1968 3552 2135 3608 supra

551 3629 692 3688 erat,
725 3620 780 3677 id
800 3628 885 3677 est
902 3638 1070 3693 supra
1102 3632 1334 3695 tempus.
1364 3624 1431 3679 At
1453 3626 1634 3684 dices:
1656 3625 1719 3684 Et
1735 3630 2008 3700 quomodo
2036 3630 2136 3684 ba-

548 3710 710 3769 betur
754 3711 823 3769 de
867 3711 962 3768 Dei
995 3712 1176 3769 Verbo
1210 3736 1223 3771 :
1259 3714 1323 3770 1η
1367 3718 1628 3788 principio
1658 3729 1774 3774 erat
1818 3719 2083 3775 Verbum!
2112 3721 2136 3775 ?

550 3802 695 3860 Ecce
722 3803 866 3860 enim
895 3804 986 3860 hic
1012 3806 1246 3862 habetur
1271 3818 1385 3862 erat
1411 3824 1429 3862 :
1456 3824 1601 3880 saepe
1631 3808 1888 3875 dicimus,
1915 3809 2132 3866 Patrem

550 3911 674 3953 esse
719 3897 1051 3968 principium
1087 3906 1143 3955 et
1188 3915 1411 3957 causam
1460 3903 1736 3971 omnium;
1793 3903 1915 3960 ideo
1968 3905 2134 3973 igitur

549 3990 648 4053 ait,
672 3988 736 4044 In
760 3991 1016 4061 principio
1043 4003 1159 4047 erat
1192 3992 1438 4058 Verbum,
1472 3995 1732 4066 quoniam
1765 3996 1938 4053 Filius
1968 4006 2054 4055 est
2076 3998 2131 4054 in

545 4076 729 4135 Patre.
761 4078 904 4150 Ergo
931 4080 1069 4136 bene
1100 4082 1238 4137 dixit
1270 4102 1285 4138 :
1318 4082 1386 4137 In
1419 4085 1676 4154 principio
1703 4095 1818 4140 erat
1857 4086 2082 4146 Verbum
2114 4104 2133 4142 :

548 4182 717 4239 porro
761 4171 882 4235 erit,
928 4171 1139 4227 clarum
1186 4182 1294 4239 est,
1328 4174 1431 4230 hoc
1479 4176 1624 4232 enim
1669 4176 1942 4249 signiﬁcat
1987 4180 2134 4251 quod

549 4274 699 4314 nunc
726 4275 836 4315 non
864 4262 956 4326 sit,
988 4262 1086 4318 sed
1114 4264 1409 4335 aliquando
1455 4266 1581 4331 erit,
1615 4267 1762 4336 quod
1807 4266 1875 4323 de
1907 4268 2019 4324 Deo
2049 4269 2132 4324 di-

549 4366 676 4408 cere
707 4353 932 4424 impium
957 4363 1013 4411 et
1037 4356 1303 4427 ineptum.

618 4443 727 4499 Aut
766 4446 941 4515 potius
981 4463 1085 4502 non
1126 4458 1225 4505 est.
1299 4448 1746 4507 Subaudiendum
1800 4452 1963 4508 etiam
2017 4453 2133 4509 haec

2311 3442 2458 3496 Οὔτε
2486 3442 2584 3511 ἧν.
2623 3439 2821 3505 Καλῶς
2852 3434 3027 3503 εἶπεν,
3058 3439 3196 3492 οὔτε
3236 3435 3344 3506 ἦν·
3377 3436 3440 3490 τὺ
3478 3435 3589 3508 γὰρ
3617 3435 3691 3505 ἦν
3719 3435 3805 3505 δη-

2236 3534 2464 3589 λωτικόν
2484 3536 2599 3587 ἐστι
2633 3530 2847 3606 χρόνου.
2871 3532 3026 3584 Ἐστι
3059 3530 3119 3584 δὲ
3143 3531 3172 3583 ὁ
3197 3528 3331 3593 Θεὸς
3359 3529 3455 3582 καὶ
3481 3528 3622 3600 ὑπὲρ
3645 3527 3701 3580 τὸ
3725 3521 3804 3597 ἦν,

2233 3628 2514 3681 τουτέστιν
2552 3626 2694 3697 ὑπὲρ
2740 3624 2949 3697 χρόνον.
2982 3624 3157 3696 Ἐρεῖς
3182 3618 3275 3676 οὖν
3299 3638 3314 3652 ο
3350 3621 3461 3674 Καὶ
3492 3621 3611 3684 πῶς
3647 3620 3805 3672 κεῖται

2235 3721 2366 3791 περὶ
2401 3715 2496 3772 τοῦ
2528 3716 2664 3771 Θεοῦ
2696 3717 2891 3786 Λόγου·
2929 3715 3031 3769 Ἐν
3060 3712 3221 3784 ἀρχῇ
3256 3712 3337 3782 ἢν
3365 3715 3398 3766 ὃ
3428 3713 3646 3782 Λόγος;
3686 3709 3801 3763 Ἰδοὺ

2234 3810 2346 3884 γὰρ
2374 3809 2608 3865 ἐνταῦθα
2639 3812 2816 3864 κεῖται
2839 3804 2900 3862 τὸ
2926 3808 3030 3877 ἦν’
3058 3805 3315 3869 πολλάκις
3340 3804 3597 3876 λέγομεν,
3617 3805 3692 3857 ὅτι
3720 3804 3804 3872 ἀρ-

2235 3904 2305 3977 χὴ
2332 3903 2428 3957 καὶ
2452 3902 2600 3957 αἰτία
2628 3901 2845 3955 πάντων
2868 3901 2896 3953 ὁ
2926 3899 3144 3969 Πατήρ’
3173 3896 3262 3951 διὰ
3284 3896 3445 3950 τοῦτο
3471 3892 3589 3961 οὖν,
3614 3895 3805 3962 Ἐνάρ-

2235 3997 2319 4070 χῇ
2343 3997 2443 4067 ἦν,
2482 3996 2664 4067 φησὶν,
2696 3999 2729 4049 ό
2756 3995 2966 4063 Λόγος,
2996 3989 3183 4063 ἐπειδὴ
3210 3992 3239 4044 ὁ
3266 3989 3397 4054 Υἱὸς
3429 3990 3490 4043 ὲν
3536 3989 3616 4061 τῷ
3647 3985 3805 4060 Πατρέ

2235 4095 2373 4146 ἐστι.
2406 4088 2602 4152 Καλῶς
2638 4082 2730 4141 οὖν
2773 4079 2958 4139 εἶπεψ
3000 4084 3103 4137 Ἐν
3131 4079 3290 4151 ἀρχῇ
3320 4079 3401 4151 ἦν
3436 4082 3471 4135 ό
3508 4081 3723 4150 Λόγος·
3752 4075 3805 4130 τὸ

2234 4184 2292 4239 δὲ
2319 4185 2490 4239 ἔσται
2529 4182 2700 4252 σαφές
2735 4181 2871 4233 ἐστι.
2907 4176 3079 4231 Τοῦτο
3109 4173 3220 4246 γάρ
3256 4172 3428 4245 δηλοῖ,
3459 4172 3545 4226 ὅτι
3587 4170 3676 4225 νῦν
3716 4171 3804 4222 οὐκ

2235 4274 2413 4343 ἔστιν,
2442 4274 2556 4329 ἀλλ’
2584 4272 2736 4327 ἔσται
2769 4271 2920 4335 ποτὲ,
2951 4270 3091 4341 ὅπερ
3127 4267 3219 4321 ἐπὶ
3246 4263 3383 4318 Θεοῦ
3411 4263 3594 4332 λέγειν
3614 4264 3803 4318 ἀνόσιον

2236 4367 2330 4422 καὶ
2352 4366 2713 4439 ἀπρόσφορον.

2306 4455 2561 4513 Μᾶλλον
2618 4455 2705 4521 δὲ,
2768 4455 2907 4509 οὔτε
2959 4452 3112 4507 ἐστι.
3154 4450 3673 4521 Προσυπακουστέον
3726 4447 3805 4500 καὶ

550 4537 752 4610 quibus
807 4539 1026 4609 proprie
1065 4539 1379 4611 adiungitur
1409 4552 1546 4610 erat,
1610 4552 1665 4598 et
1710 4558 1832 4615 quae
1877 4546 1927 4599 ei
1978 4546 2130 4616 adja—

2241 4550 2407 4604 ταῦτα
2427 4550 2471 4582 ¹⁸
2508 4544 2590 4614 οἷς
2623 4546 2945 4619 ,ἐπιλέγεται
2982 4545 3184 4618 κυρίως
3223 4544 3284 4597 τὸ
3317 4542 3581 4613 ἐγένετο,
3621 4541 3708 4595 καὶ
3748 4541 3803 4592 τὰ

551 4633 710 4691 cent;
753 4633 849 4680 aut
892 4627 1049 4682 aliter
1114 4629 1524 4700 intelligendum
1585 4639 1645 4687 ut
1703 4649 1868 4704 supra
1917 4650 2134 4695 omnem

551 4716 731 4787 ipsius
786 4733 900 4772 esse
961 4718 1348 4789 cogitationem
1417 4737 1483 4776 ac
1543 4723 1982 4794 imaginationem
2037 4743 2135 4782 ex-

552 4801 777 4865 sistens.
827 4807 1070 4865 Dicendo
1109 4820 1288 4867 autem
1328 4812 1396 4866 τὰ
1435 4813 1587 4874 ὄντα.
1636 4814 1877 4872 declarat
1918 4833 1981 4874 ea
2008 4834 2130 4874 om-

549 4900 685 4957 nino
715 4899 785 4955 ad
806 4899 1191 4956 exsistentiam
1217 4902 1451 4958 adducta
1484 4922 1499 4960 :
1534 4905 1668 4958 illud
1697 4921 1825 4962 vero
1866 4917 1917 4962 et
1959 4909 2131 4980 ipsum

549 5012 666 5053 esse
690 5012 873 5051 eorum
901 5013 1020 5067 qua!
1044 5007 1167 5052 sunt
1190 5014 1494 5071 apponens,
1527 5002 1744 5058 illorum
1775 5019 2132 5075 perseveran-

551 5088 683 5144 tiam
714 5088 1063 5161 signiﬁcavit.

625 5178 755 5254 gv.
799 5179 999 5253 Estque
1043 5183 1215 5253 ipsum
1262 5202 1354 5256 per
1386 5206 1461 5244 se.
1502 5187 1723 5247 Minime
1752 5192 2131 5249 arbitrandum

550 5280 657 5341 est,
690 5272 809 5328 haec
834 5270 943 5328 dici
989 5272 1057 5330 de
1086 5276 1326 5331 omnium
1355 5293 1544 5344 causa,
1579 5281 1675 5336 sed
1705 5281 1774 5338 de
1810 5282 1877 5341 iis
1904 5301 2026 5357 qua:
2063 5286 2132 5340 ab

554 5361 677 5436 ipso
723 5380 823 5436 per
867 5365 1202 5421 creationem
1249 5368 1559 5426 subsistunt
1606 5372 2046 5444 intelligibilibus
2075 5386 2131 5434 et

554 5454 1006 5527 intelligentibus,
1056 5464 1220 5528 atque
1282 5461 1576 5518 sensilibus
1631 5479 1843 5520 necnon
1893 5470 2124 5524 caeteris.

555 5543 713 5603 Sicut
738 5547 883 5602 enim
912 5555 1042 5604 ante
1069 5547 1331 5619 diximus,
1363 5551 1507 5611 Deus
1536 5562 1620 5611 est
1668 5563 1794 5612 ante
1838 5574 1951 5615 esse
1971 5576 2125 5615 :nam

626 5711 650 5743 ι
678 5701 818 5760 Gen.
855 5720 895 5773 ι,
933 5707 1019 5763 14.
1118 5721 1146 5752 ι
1179 5707 1336 5768 Joan.
1380 5727 1419 5779 I,
1457 5713 1510 5769 Ι.

2239 4644 2336 4697 σὺν
2379 4641 2528 4713 αὐτῷ
2558 4641 2787 4713 κείμενα
2810 4657 2823 4670 ·
2859 4639 2892 4711 ἢ
2922 4638 3019 4692 καὶ
3070 4638 3273 4709 ἑτέρως
3299 4635 3547 4708 νοητέον,
3578 4636 3653 4699 ὡς
3682 4631 3807 4701 ὑπὲρ

2240 4736 2420 4791 πᾶσαν
2446 4734 2541 4789 τοῦ
2570 4735 2722 4788 εἶναι
2753 4732 2960 4786 ἔννοιάν
2987 4749 3046 4785 τε
3073 4731 3167 4785 καὶ
3197 4727 3499 4799 φαντασίαν
3545 4726 3803 4797 ὑπάρχων.

2237 4828 2337 4882 Διά
2364 4828 2421 4881 δὲ
2451 4826 2543 4881 τοῦ
2575 4829 2751 4881 εἰπεῖν
2793 4824 2864 4879 τὰ
2892 4825 3037 4878 ὄντα
3063 4824 3125 4876 τὸ
3148 4822 3285 4883 ὅλως
3313 4821 3457 4874 αύτά
3485 4821 3623 4891 πρὸς
3648 4818 3808 4887 ῦπαρ-

2240 4919 2320 4986 ξιν
2349 4919 2576 4991 ἀχθῆναι
2602 4918 2769 4991 δηλοῖ.
2800 4917 2874 4970 Τὸ
2900 4915 2956 4969 δὲ
2996 4914 3094 4969 καὶ
3124 4913 3269 4967 αὐτὸ
3299 4912 3364 4966 τὸ
3393 4912 3551 4967 εἶναι
3585 4911 3697 4965 τῶν
3724 4908 3808 4960 εν-

2237 5030 2356 5066 των
2384 5011 2658 5084 προσθεὶς,
2689 5010 2787 5081 τὴν
2817 5007 3075 5080 διαμονὴν
3107 5004 3283 5061 αὐτῶν
3320 5006 3587 5077 ἐσήμανε.

2307 5193 2334 5265 §
2364 5190 2429 5249 ν.
2471 5190 2581 5245 Ital
2610 5191 2785 5244 ἐστιν
2816 5186 2960 5242 αὐτὸ
2990 5185 3116 5240 καθ’
3144 5183 3311 5239 αὑτό.
3352 5180 3545 5235 Ταῦτα
3565 5181 3627 5233 οὐ
3646 5178 3810 5232 δεῖνο-

2238 5285 2414 5356 μίζειν
2456 5283 2585 5355 περί
2624 5280 2717 5335 τοῦ
2760 5280 2868 5334 τῶν
2901 5278 3154 5333 ἁπάντων
3182 5273 3357 5330 αἰτίου
3388 5272 3665 5342 λέγεσθαι,
3692 5266 3812 5321 ἀλλὰ

2234 5379 2362 5449 περὶ
2385 5374 2493 5429 τῶν
2519 5374 2580 5439 ἐξ
2610 5374 2774 5427 αὐτοῦ
2806 5368 3213 5445 δημιουργικῶς
3244 5365 3601 5420 ὑποστάντων
3625 5358 3812 5431 νοητῶν

2231 5487 2289 5523 τε
2318 5472 2412 5523 καὶ
2443 5467 2663 5539 νοερῶν,
2696 5468 2790 5520 καὶ
2830 5463 3125 5536 αἰσθητῶν,
3156 5461 3252 5515 καὶ
3279 5458 3516 5512 λοιπῶν*
3548 5455 3685 5511 καθά
3718 5452 3813 5522 γὰρ

2233 5563 2664 5634 προειρήκαμεν,
2710 5561 2739 5611 ὁ
2785 5558 2918 5622 Θεὸς
2951 5556 3058 5630 πρὸ
3087 5552 3181 5609 τοῦ
3211 5553 3398 5608 εἶναι·
3431 5552 3530 5605 καὶ
3576 5550 3683 5620 γάρ
3711 5548 3813 5599 ἐστι

1454 5825 1695 5882 VAle
1737 5824 2122 5886 LECTIONES
2151 5824 2240 5882 ET
2281 5820 2811 5883 CORliECTlONES

659 5931 705 5968 ⁸³
727 5932 867 5989 κατά
888 5935 1076 5996 ταῦτα.
