3874 6572
78 491 165 548 5n
770 489 826 545 s.
866 487 1115 544 MAXIM!
1151 489 1441 547 senem
1485 490 1552 544 1N
1586 489 1714 545 LIB.
1752 488 1840 544 DE
1875 489 2124 546 mvnus
2162 489 2562 549 nonnullius.
2648 467 2668 475 ”

3209 489 3314 545 318

73 607 228 679 προών
251 623 263 635 ο
301 605 365 659 τὸ
405 605 466 660 δὲ
505 595 651 659 εἶναι
693 600 799 658 οἷον
848 605 1084 676 ἔμφασιν
1135 606 1244 676 ἔχει
1273 607 1394 659 τινὰ
1425 611 1632 678 προῦπ-

1739 620 1823 664 cst
1855 609 2036 681 προὼν
2061 626 2154 665 seu
2178 611 2592 678 prmexsistens;
2628 623 2750 662 esse
2780 616 2961 664 autem
3009 607 3174 665 habet
3203 611 3319 666 vel-

71 703 199 763 ὄντος
241 699 444 753 αἰτίου.
507 698 716 767 Προὼν
762 699 857 769 μὲν
889 695 982 752 οὖν
1013 698 1227 767 λέγεται
1274 702 1302 752 ὁ
1345 700 1508 764 Θεὸς,
1542 701 1636 753 καὶ

71 790 228 844 λοιπὸν
257 788 482 858 λέγεται
527 790 623 843 καὶ
662 788 764 852 ῶν,
795 790 870 852 ὼς
907 790 1160 843 ἀπάντων
1189 792 1357 854 αἴτιος
1378 809 1391 822 ο
1427 787 1546 846 εἶτα
1575 791 1636 844 τὸ

71 879 185 936 εἶναι
210 881 274 935 τὰ
305 881 493 935 πάντα
529 879 590 947 ἐξ
617 882 801 935 αὑτοῦ.
837 882 910 935 Τὸ
939 880 1032 937 οὑν
1057 884 1210 938 εἶναι
1243 887 1363 937 κατ’
1393 885 1634 939 ἐπίνοιαν

75 977 124 1027 ἐκ
162 973 394 1044 μετοχῆς
437 973 648 1044 ὑπέστη
677 973 769 1026 τοῦ
806 978 1049 1045 προεῖναι
1081 975 1269 1040 αὑτοῦ,
1304 976 1401 1045 οὑχ
1430 977 1505 1038 ὡς
1537 994 1634 1047 με-

75 1064 321 1136 ρισθέντος
340 1063 442 1117 τοῦ
475 1064 610 1118 Θεοῦ
638 1067 718 1129 εἰς
742 1067 804 1118 τὸ
826 1061 964 1120 εἶναι
989 1068 1081 1120 καὶ
1109 1070 1376 1140 προεῖναι,
1405 1067 1540 1120 ἀλλά
1574 1067 1635 1120 τὸ

73 1157 252 1226 Θέλημα
298 1154 474 1208 αὑτοῦ
508 1155 569 1209 τὸ
600 1157 917 1229 παραγαγδν
960 1161 1040 1223 εἰς
1082 1158 1144 1212 τὸ
1188 1154 1327 1212 εἶναι
1370 1158 1439 1213 τά
1482 1159 1631 1223 ὄντα,

72 1247 199 1320 τοῦτο
223 1247 448 1314 λέγεται
480 1243 619 1301 εἶναι
650 1249 996 1321 προὺποστάν
1036 1253 1094 1304 ὲν
1119 1250 1195 1322 τῷ
1225 1250 1362 1322 Θεῷ,
1395 1252 1487 1304 καὶ
1513 1251 1634 1304 τού-

69 1359 142 1393 του
166 1340 255 1394 τοῦ
286 1341 439 1394 θείου
477 1341 779 1414 θελήματος
813 1343 894 1406 εἰς
935 1342 996 1395 τὸ
1031 1338 1170 1396 εἶναι
1204 1343 1380 1396 κτίσιν
1407 1360 1631 1415 προορι-

71 1431 277 1496 σθέντος,
310 1433 545 1496 εἰκότως
571 1433 676 1505 πρὸ
699 1433 808 1487 τῶν
841 1433 1033 1497 ἀλλων,
1059 1427 1134 1488 ὧν
1166 1433 1381 1505 μετέχει
1413 1433 1482 1488 τὰ
1506 1435 1632 1487 ὄντα

68 1523 141 1576 τοῦ
172 1522 326 1588 Θεοῦ,
369 1524 724 1596 πρεσϐυτέρα
755 1542 838 1589 τις
866 1526 1008 1597 ἀρχὴ
1035 1527 1068 1596 ἡ
1096 1524 1190 1579 τοῦ
1221 1521 1382 1590 εἶναι,
1403 1527 1632 1580 ἐπινοεῖ-

68 1630 137 1665 ται
160 1614 319 1678 αὑτὸς
354 1616 384 1667 ὁ
414 1614 553 1678 Θεός
575 1631 588 1644 ο
614 1615 829 1687 πρῶτον
860 1615 968 1688 γάρ
997 1617 1112 1669 ὲστί
1140 1634 1213 1681 τι,
1236 1618 1330 1670 καὶ
1348 1617 1469 1670 τότε
1510 1617 1626 1674 ἐστὶ

68 1707 143 1758 καὶ
179 1704 310 1777 ζωὴ,
346 1707 448 1760 καὶ
499 1707 678 1774 σοφία.
712 1708 775 1760 Οἰ
820 1707 950 1776 γοῦν
989 1709 1210 1780 ἀόρατοι
1243 1709 1337 1762 καὶ
1368 1708 1630 1763 ἀνώτατοι

67 1798 162 1860 νέες
190 1797 406 1868 πρῶτον
436 1797 534 1850 τοῦ
566 1798 714 1852 εἶναι
744 1799 1025 1870 μετέσχον,
1055 1800 1150 1853 καί¹
1194 1801 1336 1854 οὕτω
1365 1801 1509 1872 ζωῆς
1537 1803 1630 1854 καὶ

69 1888 482 1962 σοφίας.Ὢσπερ
508 1890 619 1963 γὰρ
651 1892 735 1960 ἐφ’
758 1889 914 1962 ήμῶν
945 1891 1134 1963 πρώτη
1155 1909 1240 1956 τις
1265 1892 1472 1964 ὑπέστη
1505 1891 1626 1961 ὑλη,

65 1983 138 2050 ἀρ’
168 1977 231 2053 ἧς
278 1982 457 2054 ὲσμέν
481 1999 495 2012 ⁸
527 1981 669 2036 οὑτω
703 1983 798 2038 καὶ
835 1983 927 2035 ἐπὶ
967 1981 1075 2034 τῶν
1124 1982 1428 2053 ἀσωμάτων
1471 1981 1628 2046 νοῶν,
1661 1974 1704 2028 Β

65 2075 199 2127 οἱονεὶ
227 2073 354 2144 ὕλη,
375 2077 586 2128 νοεῖται
614 2074 744 2128 αὑτὸ
771 2073 832 2128 τὸ
857 2073 916 2127 δν
939 2074 1170 2128 ἑκάστου
1198 2073 1286 2127 διὰ
1310 2073 1455 2144 ζωῆς
1470 2068 1626 2140 εῐδος,

66 2166 138 2218 καὶ
163 2165 281 2220 καθ’
316 2165 347 2219 ὃ
380 2166 645 2220 οὑσίωται
688 2169 767 2230 εἰς
801 2165 945 2238 ζωὴν
976 2167 1069 2220 καὶ
1109 2166 1300 2235 σοφίαν
1332 2167 1425 2220 καὶ
1453 2167 1631 2236 ὁμοιό-

65 2257 544 2330 τητα.’ομοιότητα
569 2259 624 2312 δὲ
657 2260 751 2312 καὶ
781 2259 892 2313 ἀνω
920 2257 1264 2331 διεξήλθομεν
1305 2261 1398 2312 καί⁵
1440 2259 1631 2312 ταύτό-

65 2365 199 2420 τητα,
227 2349 330 2413 τὰς
381 2351 710 2418 ἀνατωγοὺς
761 2350 854 2402 ἐπὶ
901 2349 1031 2404 Θεὸν
1067 2350 1344 2422 δυνάμεις,
1398 2350 1518 2404 καθ’
1565 2349 1631 2412 ἀς

65 2439 347 2510 ὀμοιοῦνται
387 2439 544 2511 αὑτῷ
582 2444 868 2512 προσεχεῖς
897 2441 1046 2513 αύτῷ
1082 2437 1260 2509 οῦσαι,
1293 2443 1386 2495 καὶ
1426 2442 1630 2496 τούτων

62 2532 160 2584 καθ’
186 2531 458 2586 ὑπόϐασιν
495 2532 781 2604 μετέχουσι
806 2531 873 2586 τά
908 2531 1045 2604 μετὰ
1084 2533 1256 2586 ταῦτα
1295 2534 1508 2606 πρῶτον
1537 2533 1631 2586 καί

62 2627 176 2680 αὑτὰ
199 2625 293 2681 τοῦ
329 2621 478 2680 εἶναι
513 2626 830 2696 μετέχοντα.
863 2625 1062 2698 Ἀρχὰς
1103 2625 1160 2679 δὲ
1200 2626 1308 2680 τῶν
1335 2627 1502 2680 ὄντων
1531 2626 1631 2690 τὰς

64 2716 255 2788 πρώτας
287 2717 615 2780 ὑποστάσας
657 2717 715 2770 ἐν
751 2719 816 2788 τῇ
863 2717 1034 2770 κτίσει
1073 2717 1260 2780 οὐσίας
1285 2718 1495 2789 νόησον,
1529 2718 1628 2788 ἀρ-

61 2810 142 2878 χὰς
179 2809 505 2881 λεγομένας,
537 2808 662 2880 οὐχ’
686 2809 767 2862 ὅτι
810 2807 868 2875 ἐξ
913 2807 1092 2862 αὑτῶν
1127 2807 1194 2860 τὰ
1228 2808 1374 2873 ὄντα,
1407 2809 1483 2872 ὡς
1523 2808 1632 2861 ἀπὸ

62 2903 332 2972 στοιχείων,
379 2900 501 2955 ἀλλ’
534 2902 640 2963 ὅτι,
673 2899 815 2954 καθά
845 2899 1076 2972 εἴρηται,
1111 2900 1217 2972 πρὸ
1245 2901 1352 2954 τῶν
1383 2903 1498 2971 μετ’
1531 2902 1629 2954 αύ-

59 2993 137 3057 si;
158 2995 378 3066 ἐδημιου
388 2992 675 3065 ργήθησαν
692 3009 706 3022 ·
735 2987 846 3046 οἷον
869 2993 961 3045 ἐπὶ
994 2992 1092 3063 μὲν
1117 2992 1225 3046 τῶν
1251 2993 1456 3064 νοητῶν
1487 2993 1630 3066 ἀρχὴ

61 3086 264 3149 κτίσεως
291 3085 506 3156 θρόνοι,
538 3084 632 3136 καὶ
653 3082 796 3136 οὕτω
817 3083 884 3137 τά
915 3082 1068 3156 ἑξῆςο
1101 3084 1193 3137 ἐπὶ
1222 3084 1278 3138 δὲ
1302 3084 1408 3138 τῶν
1440 3085 1632 3157 αἰσθη-

60 3176 146 3229 τῶν
186 3177 326 3249 ἀρχὴ
379 3176 620 3239 κτίσεως
655 3175 882 3247 οὑρανδς
914 3177 1008 3230 κα⁶ι
1039 3175 1113 3247 γῆ
1137 3193 1150 3205 ο
1195 3177 1290 3229 Ἐν
1324 3175 1485 3246 ἀρχῇ
1520 3177 1630 3250 γάρ

58 3268 318 3336 ἐποίησεν
347 3271 382 3323 ό
415 3267 566 3334 Θεὸς
605 3267 711 3321 τὸν
749 3268 1008 3337 οὐρανὸν
1052 3267 1150 3322 καί
1194 3268 1310 3337 τὴν
1344 3268 1489 3338 γῆν·
1522 3270 1630 3323 τῶν

59 3360 146 3430 γὰρ
175 3359 455 3432 αἰσθητῶν
490 3359 873 3431 πρωτόκτιστα
915 3359 1111 3418 ταῦτα.
1146 3356 1278 3413 Εἶτα
1325 3363 1420 3415 καὶ
1456 3361 1631 3426 ἄλλως

59 3455 103 3505 αἱ
129 3453 251 3507 ἰδέαι
282 3455 380 3508 καὶ
406 3451 480 3508 τὰ
513 3451 952 3524 παραδείγματα,
985 3453 1129 3523 ἅπερ
1159 3453 1266 3505 εἰσί
1284 3454 1496 3525 νοήσεις
1528 3455 1631 3508 αὑ-

60 3545 264 3611 τοτελεῖς
313 3545 483 3600 ἀΐδιοι
528 3542 626 3596 τοῦ
674 3543 849 3598 ἀϊδίου
899 3542 1058 3606 Θεοῦ,
1099 3543 1241 3597 καθά
1289 3545 1628 3616 προέφημεν,

60 3639 374 3694 ἑπινοοῦνται
401 3638 574 3692 οἰονεί⁵
591 3639 848 3708 στοιχεῖα,
879 3638 973 3690 καὶ
1001 3637 1185 3707 ἀρχαὶ,
1216 3639 1309 3690 καὶ
1338 3637 1437 3710 ὑλη
1472 3638 1630 3703 ἀῦλος

61 3729 140 3778 καὶ
162 3726 454 3798 ἀσώματος
476 3725 586 3778 τῶν
611 3725 944 3796 μετεχόντων
973 3726 1067 3779 καὶ
1096 3727 1274 3781 αὐτῶν
1307 3728 1414 3782 τῶν
1455 3728 1630 3793 ἰδεῶν,

57 3813 152 3872 οἷον
177 3820 280 3873 τῶν
308 3817 706 3891 παραχθεισῶν
739 3817 1044 3888 ἀσωμάτων
1069 3817 1304 3885 τάξεων*
1337 3821 1369 3890 ή
1394 3820 1503 3892 γὰρ
1532 3823 1632 3874 αὑ-

59 3908 229 3982 τοζωὴ,
270 3913 368 3966 καὶ
413 3909 738 3980 αὐτοσοφία,
774 3911 868 3963 καὶ
907 3908 1212 3974 αὑτόταξις,
1246 3912 1339 3964 καὶ
1364 3911 1540 3966 τᾶλλα
1561 3912 1629 3968 τὰ

59 4000 106 4051 ἐν
145 4001 254 4073 Θεῷ
295 4001 732 4074 παραδείγματά
772 4003 932 4064 εἰσιν,
957 3993 1032 4053 ὧν
1081 3999 1398 4071 μετέχουσιν
1443 4002 1500 4054 αἰ
1538 4002 1632 4073 δην

61 4094 338 4163 μιουργίαι,
369 4093 451 4156 ὡς
484 4091 714 4162 σημείου
754 4092 872 4162 ἢτοι
912 4090 1137 4163 κέντρου
1171 4091 1227 4144 αἰ
1256 4093 1375 4144 κατ’
1414 4091 1628 4148 εὐθεῖαν

58 4186 287 4254 γραμμαὶ
316 4186 414 4238 ἐπὶ
437 4182 538 4236 τὸν
567 4182 766 4236 κύκλον
791 4182 1112 4254 φερόμεναι.

1739 706 1815 758 uti
1865 705 2158 774 quamdam
2209 703 2732 758 demonstrationem
2785 717 2967 757 causa:
3015 717 3138 773 qua:
3189 711 3316 760 ante

1737 794 2002 852 subsistit.
2023 793 2204 865 Itaque
2221 794 2786 864 Deusdiciturnpodw,
2821 809 2884 847 ac
2917 794 3153 863 denique
3180 795 3318 849 dici-

1736 891 1827 937 tur
1867 884 2030 938 etiam
2062 883 2156 946 ῶν,
2192 891 2250 938 ut
2283 885 2527 938 omnium
2567 892 2778 947 auctor,
2811 884 3008 939 deinde
3034 885 3218 938 omnia
3249 901 3316 939 ex

1736 975 1854 1044 ipso
1884 992 2029 1032 esse.
2059 977 2202 1047 Ergo
2249 993 2362 1030 esse
2409 976 2709 1030 secundum
2741 975 3147 1044 cogitationem,
3179 976 3314 1030 sub-

1736 1062 1882 1118 sistit
1930 1079 2028 1133 per
2078 1063 2555 1134 participationem
2604 1064 2726 1133 ejus
2762 1063 2908 1134 quod
2943 1065 3265 1134 praaexstitit
3299 1085 3311 1119 :

1736 1170 1844 1210 non
1874 1156 2022 1226 quod
2053 1155 2198 1212 Deus
2226 1155 2438 1211 divisus
2470 1157 2542 1211 sit
2574 1157 2628 1210 in
2647 1172 2771 1213 esse
2804 1170 2867 1210 ac
2891 1165 3018 1211 ante
3045 1171 3188 1220 esse,
3219 1158 3315 1212 sed

1735 1248 1910 1318 ipsius
1958 1249 2212 1304 voluntas
2259 1263 2380 1318 qua}
2414 1263 2504 1304 res
2552 1248 2607 1302 in
2647 1263 2770 1304 esse
2801 1247 3081 1317 produxit.
3118 1248 3320 1302 dicitur

1735 1340 1790 1394 in
1831 1339 1942 1396 Deo
1967 1350 2090 1396 ante
2122 1341 2459 1406 substitisse,
2492 1348 2656 1411 atque
2684 1340 2881 1396 divina:
2930 1341 3094 1411 hujus
3125 1341 3319 1396 volun-

1734 1431 1884 1495 tatis,
1930 1433 1997 1486 ad
2052 1441 2319 1488 creatura:
2369 1433 2749 1488 exsislentiam
2807 1432 3314 1503 praedeterminataz,

1734 1527 1929 1580 merito
1962 1533 2091 1581 ante
2122 1525 2249 1590 alia,
2297 1526 2500 1596 quibus
2531 1540 2622 1581 res
2657 1524 2768 1580 Deo
2800 1525 3148 1596 participant,
3178 1525 3320 1577 anti-

1733 1617 1895 1687 quius
1925 1617 2145 1688 aliquod
2173 1617 2501 1688 principium
2532 1617 2708 1687 ipsius
2731 1631 2875 1680 esse,
2907 1615 3051 1671 Deus
3082 1615 3198 1684 ipse
3224 1630 3319 1669 co-

1733 1709 1968 1778 gitatur;
2004 1710 2183 1779 primo
2211 1709 2359 1764 enim
2391 1708 2598 1778 aliquid
2627 1716 2732 1774 est,
2761 1723 2824 1761 ac
2847 1717 2958 1762 tum
2987 1716 3071 1764 est
3123 1715 3178 1763 et
3205 1707 3316 1762 vita

1730 1807 1786 1856 et
1829 1800 2118 1870 sapientia.
2171 1801 2324 1870 171
2373 1799 2681 1856 lnvisibiles
2718 1800 2884 1870 igitur
2936 1813 3002 1852 ac
3051 1813 3319 1868 suprema:

1732 1901 1964 1954 mentes,
1999 1895 2174 1962 primo
2223 1892 2620 1963 participarunt
2668 1908 2799 1954 esse,
2835 1899 3001 1961 atque
3045 1890 3120 1944 ita
3153 1891 3318 1944 vitam

1733 2002 1798 2042 ac
1823 1987 2149 2057 sapientiam
2177 2006 2191 2054 ;
2227 1987 2372 2041 sicut
2401 1987 2546 2042 enim
2582 1985 2636 2039 in
2660 1984 2834 2040 'nobis
2864 1985 3038 2054 prima
3070 1983 3317 2054 quaedam

1732 2078 1986 2133 subsistit
2021 2079 2248 2133 materia
2279 2094 2346 2133 ex
2370 2092 2479 2148 qua
2506 2093 2722 2140 sumus,
2757 2077 2830 2130 ita
2858 2077 3024 2132 etiam
3065 2077 3321 2147 incorpo-

1731 2171 1843 2227 reis
1874 2171 2146 2227 mentibus
2175 2171 2323 2226 velut
2352 2171 2580 2225 materia
2631 2170 2954 2240 intelligitur
2993 2170 3172 2240 ipsum
3220 2185 3325 2225 ens-

1733 2263 1908 2318 forma
1937 2265 2206 2334 cujusque
2238 2264 2292 2318 in
2333 2264 2466 2326 vita,
2499 2273 2552 2318 et
2581 2278 2692 2332 quo
2724 2263 3129 2318 substantiatur
3153 2262 3208 2316 in
3238 2262 3321 2316 vi-

1731 2364 1843 2412 tam
1867 2365 1922 2413 et
1953 2357 2278 2426 sapientiam
2306 2365 2359 2411 et
2384 2355 2824 2410 similitudinem.
2856 2354 3029 2409 Porro
3058 2355 3319 2410 similituu

1732 2449 1916 2504 dinem
1946 2450 2111 2504 etiam
2142 2464 2306 2518 supra
2337 2447 2723 2516 explicuimus,
2752 2454 2918 2518 atque
2949 2445 3316 2509 identitatem,

1732 2541 1963 2596 Virtutes
1990 2556 2113 2610 quae
2141 2540 2205 2593 ad
2235 2539 2406 2594 Deum
2459 2554 2679 2594 sursum
2711 2539 2940 2603 ducunt,
2968 2538 3170 2608 quibus
3207 2536 3320 2593 Deo

1732 2633 2110 2687 assimilantur
2139 2635 2268 2686 dum
2300 2631 2404 2702 ipsi
2435 2631 2737 2695 adhauent,
2763 2645 2826 2685 ac
2853 2631 2938 2686 his
2968 2631 3022 2685 in
3046 2631 3320 2686 descensu

1732 2723 2068 2794 participant
2097 2739 2217 2793 qum
2243 2731 2574 2792 sequuntur,
2598 2739 2722 2777 cum
2751 2723 2866 2792 ipsa
2889 2723 3052 2777 etiam
3078 2722 3316 2793 primum

1731 2829 1856 2870 esse
1890 2813 2240 2884 participent.
2271 2812 2470 2867 Rerum
2523 2821 2703 2868 autem
2757 2812 3044 2883 principia,
3081 2813 3323 2882 intellige

1731 2905 2001 2960 essentias
2032 2919 2154 2974 qua:
2182 2903 2359 2973 primo
2387 2902 2440 2956 in
2471 2903 2748 2958 creatione
2780 2904 3168 2966 substiterunt,
3196 2917 3322 2972 qua:

1732 2996 1992 3052 dicuntur
2017 2995 2309 3066 principia,
2338 3008 2448 3048 non
2479 2994 2624 3064 quod
2655 3011 2744 3050 res
2775 3009 2840 3049 ex
2874 2993 3009 3064 ipsis
3053 3001 3318 3064 tanquam

1733 3089 2050 3156 elementis;
2085 3088 2179 3144 sed
2209 3088 2359 3160 quia,
2399 3088 2565 3144 sicuti
2595 3087 2804 3141 dictum
2833 3094 2938 3150 est,
2963 3093 3159 3140 creatae
3190 3090 3320 3140 sunt

1735 3189 1860 3237 ante
1909 3181 2278 3252 posteriores;
2329 3181 2478 3236 velut
2525 3181 2578 3235 in
2625 3177 3081 3250 intelligibilibus,
3113 3177 3320 3247 princi-

1657 3321 1699 3378 C
1735 3276 1882 3346 pium
1911 3275 2207 3330 creationis
2246 3282 2376 3330 sunt
2433 3275 2638 3337 throni,
2697 3279 2752 3327 et
2798 3273 2875 3325 ita
2933 3271 3228 3339 deinceps;
3262 3271 3324 3324 in

1737 3366 2036 3422 sensilibus
2083 3375 2286 3430 autem,
2313 3365 2644 3435 principium
2693 3363 2990 3418 ereationis
3022 3361 3222 3416 malum
3269 3367 3324 3414 et

1738 3472 1879 3515 terra
1909 3477 1922 3512 :
1959 3456 2025 3510 In
2053 3455 2309 3527 principio
2348 3454 2492 3510 enim
2537 3453 2732 3508 creavit
2776 3452 2915 3506 Deus
2939 3450 3124 3505 caelum
3147 3459 3196 3504 et
3219 3460 3325 3504 ter-

1737 3566 1875 3605 ram.
1927 3548 2053 3605 Haec
2093 3549 2238 3603 enim
2283 3547 2560 3603 creatione
2613 3545 2898 3601 sensilium
2931 3545 3127 3614 prima.
3162 3543 3325 3598 Deni-

1739 3659 1846 3715 que
1873 3642 2037 3697 etiam
2065 3641 2225 3696 aliter
2266 3640 2408 3695 idem
2451 3645 2506 3695 et
2537 3638 2891 3708 exemplaria,
2931 3651 3054 3706 qua:
3080 3643 3208 3690 sunt
3240 3634 3327 3688 in-

1733 3733 2081 3789 tellectiones
2111 3746 2208 3802 per
2237 3745 2296 3787 se
2323 3729 2579 3802 perfecta:
2599 3735 2819 3783 aeternae
2843 3725 3034 3782 aeterni
3063 3724 3182 3789 Dei,
3213 3723 3327 3779 sica

1735 3833 1796 3878 ut
1826 3836 1984 3879 antea
2013 3823 2276 3888 diximus,
2311 3821 2496 3875 animo
2531 3818 2919 3889 concipiuntur
2944 3824 3004 3870 ut
3032 3815 3322 3878 elementa,

1734 3921 1788 3971 et
1820 3915 2110 3985 principia,
2142 3921 2195 3969 et
2239 3912 2482 3967 materiae
2509 3924 2704 3980 expers
2735 3915 2900 3978 atque
2928 3908 3047 3962 sine
3083 3919 3332 3975 corpore

1735 4007 1987 4070 materia,
2023 4005 2477 4076 participantium
2513 4003 2870 4073 ipsarumque
2899 3997 3168 4062 idearum,
3201 4002 3324 4048 tan-

1733 4111 1898 4167 quam
1945 4097 2398 4164 incorporeorum
2453 4092 2848 4162 producturum
2906 4087 3182 4143 ordinum.
3237 4083 3326 4137 Si-

1731 4187 1954 4259 quidem
2000 4189 2121 4258 ipsa
2151 4187 2284 4250 vita,
2317 4185 2548 4255 ipsaque
2581 4181 2872 4252 sapientia,
2910 4185 2966 4235 et
3001 4178 3118 4248 ipse
3161 4174 3324 4240 ordo,

59 4285 202 4345 atque
231 4277 338 4331 alia
387 4283 524 4331 sunt
554 4275 610 4329 in
647 4273 753 4330 Deo
805 4274 1164 4345 exemplaria,
1200 4290 1434 4346 quorum
1467 4283 1736 4336 creatum:
1787 4279 2110 4351 participes,
2141 4285 2200 4335 ut
2243 4277 2432 4349 puncti
2493 4291 2591 4332 seu
2621 4273 2796 4331 centri
2855 4286 2978 4343 quae
3031 4277 3186 4325 recta
3257 4268 3326 4321 ad

58 4371 298 4425 circulum
330 4370 592 4426 feruntur
627 4369 804 4425 Iiner.

117 4463 352 4520 Πάντων
378 4462 500 4516 οὖν
519 4462 778 4526 εἰκότως.
832 4461 1040 4533 Ἑαυτῷ
1070 4461 1272 4533 ταύτην
1295 4463 1392 4534 τὴν
1425 4480 1632 4535 προση-

57 4554 223 4624 γορίαν
243 4554 448 4608 ἐθετοό
467 4552 628 4615 Θεὸς,
660 4550 827 4606 εἰπών
847 4571 859 4582 ·
899 4551 1037 4623 Ὲγιώ
1069 4556 1183 4623 εἰμι
1205 4557 1238 4608 ὁ
1269 4554 1384 4607 ὥν-
1417 4555 1498 4608 διὸ
1529 4556 1637 4627 πρὸ

1814 4459 2005 4514 Merito
2031 4459 2192 4530 igitur
2218 4455 2478 4512 omnibus.
2523 4455 2666 4510 Deus
2713 4453 2814 4509 sibi
2859 4453 2963 4507 hoc
2998 4466 3194 4506 nomen
3225 4453 3332 4508 im-

1742 4535 1944 4624 posuit,
1970 4567 2094 4608 cum
2123 4549 2294 4605 dixit:
2314 4548 2424 4620 Ego
2446 4565 2560 4603 sum
2581 4547 2670 4618 qui
2697 4555 2773 4600 est
2793 4546 2897 4600 δἐι
2921 4543 3044 4600 ideo
3063 4551 3191 4600 ante
3221 4543 3331 4598 alia

55 4645 151 4698 τῶν
177 4645 374 4709 ἀλλων,
404 4645 514 4699 ὅσα
551 4644 680 4714 περὶ
720 4643 884 4698 αὑτοῦ
925 4643 1164 4713 λέγεται,
1196 4642 1311 4698 οἷον
1341 4644 1507 4717 ζωῆς,
1543 4647 1632 4702 και

1743 4659 1864 4715 quae
1891 4642 1959 4698 de
1988 4643 2109 4714 ipso
2139 4641 2422 4706 dicuntur,
2447 4639 2615 4696 veluti
2637 4640 2804 4694 vitam
2837 4644 2892 4692 et
2923 4636 3249 4708 sapientiam
3276 4645 3331 4692 et

59 4740 247 4807 σοφίας,
271 4739 371 4793 καὶ
398 4738 512 4792 τῶν
534 4735 813 4800 τοιούτων,
837 4737 1062 4801 εἰκότως
1085 4739 1498 4810 ἀναγορεύεται.
1548 4738 1638 4810 Τῷ

51 4828 102 4882 δὲ
129 4833 294 4885 εἰπεῖν
335 4828 614 4901 προεῖναι
645 4827 743 4881 καί
782 4827 1107 4896 ύπερεῖναι,
1165 4829 1227 4882 τὸ
1272 4830 1506 4901 ἀναρχον
1543 4831 1638 4883 καὶ

56 4923 214 4994 πάντη
248 4922 628 4995 ἀκατανόητον
648 4921 742 4977 τοῦ
764 4917 900 4975 εἶναι
928 4922 1020 4975 τὸν
1051 4921 1182 4975 Θεὸν
1213 4923 1555 4994 ὑφηγήσατο,
1579 4923 1638 4987 ὃς

55 5015 140 5067 καὶ
187 5016 267 5087 τῷ
317 5013 650 5088 προορισμῷ
694 5014 794 5086 τῆς
842 5014 1050 5076 οἰκείας
1098 5015 1338 5086 ἀρρήτου
1385 5013 1637 5083 γνώσεως

52 5110 496 5180 προῦπεστήσατο
536 5109 599 5161 τὸ
631 5107 777 5172 ὅλως·-
802 5102 942 5160 εἶναι
977 5107 1046 5161 τά
1080 5107 1258 5161 πάντα
1277 5125 1290 5138 ·
1321 5107 1496 5177 τούτῳ
1527 5106 1636 5179 γὰρ

51 5199 221 5272 ἀθρόῳ
242 5201 285 5233 η
314 5199 463 5255 κατὰ
477 5198 702 5271 πρώτην
717 5197 1024 5271 προσϐολὴν
1057 5198 1339 5258 ἐπιϐάλλει
1360 5201 1388 5253 ὁ
1412 5198 1539 5262 νοῦς
1557 5197 1636 5269 τῷ

53 5290 210 5346 εἶναι·
253 5289 352 5348 εἷθ’
381 5291 530 5346 οὕτω
573 5291 637 5344 τὸ
673 5289 925 5346 ὁπωσοῦν
967 5287 1105 5345 εἶναι
1151 5290 1290 5345 αὑτά
1318 5293 1530 5361 Θεωρεῖ.
1565 5291 1637 5343 Τὸ

50 5381 136 5437 οὖν
177 5385 362 5450 ἁπλῶς
404 5380 573 5459 εἶναι,
593 5385 652 5437 οὑ
696 5384 757 5437 τὸ
801 5383 918 5448 πῶς
961 5380 1099 5438 εἶναι
1145 5383 1432 5456 ἐδήλωσεν,
1467 5381 1635 5438 εἰπὼν

49 5476 164 5529 καθ’
193 5477 325 5530 αὑτὸ
371 5476 438 5529 τὸ
480 5471 643 5542 εἶναι,
673 5475 866 5548 ὥσπερ
902 5474 1026 5546 ἑξῆς
1074 5475 1172 5546 τὴν
1204 5474 1500 5545 αὑτοζωὴν,
1537 5474 1634 5545 τὴν

45 5569 493 5642 αύτοομοιὸςητα,
529 5569 628 5622 καὶ
651 5568 720 5621 τὰ
754 5569 852 5625 σὺν
879 5569 1062 5631 αὑτοῖς
1086 5566 1278 5631 εἰπὼν,
1308 5568 1370 5621 τὸ
1399 5567 1534 5630 ὅλως
1563 5563 1637 5618 εἷ-

110 5726 186 5768 δοο
221 5725 396 5782 Exod.
436 5739 525 5787 ιιι,
564 5720 650 5775 14.

1744 4736 1895 4799 talia,
1938 4735 2066 4805 jure
2111 4722 2439 4805 appellatur.
2473 4731 2714 4787 Dicendo
2743 4741 2927 4786 autem
2959 4731 3205 4802 προεῖναι
3240 4729 3333 4783 καὶ

1743 4828 2046 4900 ὑπερείναι,
2069 4843 2164 4884 seu
2197 4825 2355 4898 prius
2377 4839 2499 4881 esse
2528 4831 2582 4880 et
2612 4838 2778 4893 supra
2800 4837 2945 4887 esse,
2979 4820 3149 4876 Deum
3175 4820 3332 4892 prin-

1746 4922 1893 4992 cipio
1944 4936 2155 4987 carere,
2199 4919 2535 4988 omninoque
2589 4932 2700 4971 non
2759 4914 3156 4985 intelligibilem
3207 4926 3332 4968 esse

1741 5013 2064 5074 declaravit,
2119 5011 2213 5082 qui
2273 5010 2438 5067 etiam
2485 5006 3058 5079 praedeterminatione
3097 5001 3332 5074 propria:

1742 5105 2032 5162 ineil'abilis
2044 5103 2376 5175 cognitionis
2391 5100 2577 5156 omnia
2595 5098 2854 5170 produxit
2867 5104 3157 5167 antequam
3180 5107 3333 5164 pror-

1744 5213 1842 5254 sus
1873 5203 2092 5262 essent;
2124 5210 2279 5251 mens
2305 5192 2450 5250 enim
2479 5190 2660 5262 primo
2687 5189 2891 5261 impetu
2927 5186 3056 5242 huic
3078 5185 3134 5239 in
3161 5195 3333 5236 unum

1745 5290 1976 5345 collecto
2003 5302 2125 5343 esse
2156 5284 2458 5351 incumbit;
2507 5291 2698 5353 postea
2740 5281 2822 5337 sic
2866 5280 2986 5350 ipsa
3019 5275 3332 5344 aliquantu-

1745 5383 1854 5438 lum
1885 5396 2008 5436 esse
2038 5377 2236 5434 cernit.
2268 5376 2410 5447 Ergo
2461 5373 2786 5445 simpliciter
2833 5384 2977 5432 esse,
3008 5382 3117 5422 non
3143 5371 3332 5418 autem

1743 5472 1928 5542 aliquo
1959 5467 2120 5524 modo
2150 5482 2276 5524 esse
2306 5465 2626 5529 declaravit,
2653 5478 2777 5519 cum
2808 5459 2945 5515 dixit
2966 5471 3062 5527 per
3085 5469 3145 5509 se
3167 5467 3330 5542 esse;

1745 5539 1888 5620 sicut
1920 5561 2180 5630 deinceps
2201 5573 2328 5614 cum
2358 5557 2534 5629 ipsam
2568 5554 2757 5620 vitam,
2791 5552 2961 5621 ipsam
3011 5539 3336 5604 similitudi-u

941 5834 1173 5892 νιιιιιΛε
1214 5831 1611 5891 LECTIONES
1648 5831 1732 5886 ΕΤ
1775 5829 2324 5888 COIiRECTIONES.

111 5953 153 5986 ”
211 5954 368 6011 τοῦτο
415 5955 526 6024 γὰρ
582 5949 760 6021 ἀθρόω
