3874 6538
556 459 660 515 519
1364 449 1709 504 API’ENDEX
1742 448 1833 503 AD
1872 447 2086 503 OI’ERA

2248 443 2382 499 )lOr\
2394 441 2522 496 YSII
2562 436 3044 495 ΑιιΕΟΡΑΟιΤίΕ.
3694 434 3778 490 51⁸)

554 589 699 637 nem,
731 583 786 626 et
815 570 937 640 qua:
964 584 1088 625 cum
1123 569 1256 638 ipsis
1287 568 1446 631 dixit,
1477 583 1705 637 prorsus
1720 583 1842 623 esse
1871 568 2037 621 vitam
2067 582 2084 619 ε

2246 582 2321 617 ναι
2369 561 2535 632 ζωὴν,
2579 560 2674 613 καὶ
2722 558 2907 622 ἁπλῶς
2952 556 3013 610 τὸ
3063 552 3182 625 ζῇν,
3213 552 3334 622 οὐχὶ
3376 549 3434 604 δὲ
3483 547 3577 620 τὴν
3603 550 3776 605 τοιάνδε

553 661 875 731 simpliciter
902 662 1104 722 vivere,
1138 672 1249 712 non
1272 672 1401 712 vero
1431 658 1593 711 talem
1628 659 1796 712 vitam
1816 656 2081 727 explicavi

2250 654 2377 725 ζωὴν
2428 656 2778 724 εἰσηγήσατο,
2827 652 2922 704 καὶ
2968 649 3037 703 τὰ
3093 646 3225 731 ἄλλα
3254 644 3332 698 -δὲ
3383 642 3600 714 ὁμοίως,
3650 642 3780 696 τοῦτο

552 762 606 810 ct
635 753 739 807 alia
770 751 1045 813 similiter,
1081 751 1186 804 hoc.
1216 751 1453 820 primum
1485 750 1762 820 appellant
1795 766 1937 806 esse.

1666 758 1762 805 ant
1795 766 1937 806 esse.
2234 750 2448 822 πρῶτον
2480 744 2915 818 κατηγοροῦνται
2942 742 3003 795 τὸ
3035 736 3192 794 εἶναι.

626 843 784 912 172
817 841 885 896 Et
909 843 957 896 si
980 843 1057 896 vis
1089 842 1393 896 virentium.
1430 840 1586 895 Sicut
1628 841 1809 911 aliqua
1836 842 2048 898 ratione
2075 844 2131 898 in

2303 840 2414 894 Καὶ
2443 843 2495 894 ei
2523 840 2737 904 βούλει
2770 836 2890 891 τῶν
2911 834 3159 896 ζώντων.
3203 833 3414 901 Ὥσπερ
3433 828 3575 899 λόγῳ
3594 829 3689 881 τινὶ
3706 829 3777 882 ἐπὶ

548 934 904 1006 qualitatibus
933 949 1131 1003 nempe
1159 940 1285 989 ante
1313 932 1622 989 subsistunt
1664 934 1795 1003 ipsa:
1815 935 2078 1003 qualitate

2244 934 2339 988 ιῶν
2373 935 2671 1003 ποιοτήτων
2700 929 2863 984 οἱονεὶ
2900 927 3219 1000 προΰπεισιν
3263 925 3320 978 αἱ
3362 921 3774 992 αύτοποιότητες·

546 1033 738 1096 postea
768 1026 1084 1081 accidentes
1112 1025 1377 1095 qualitate
1404 1024 1680 1090 alliciunt;
1718 1026 1793 1079 ita
1820 1026 1984 1081 etiam
2017 1026 2076 1081 ha

2248 1024 2351 1083 ιῐτα
2403 1026 2797 1097 συμϐαινουσαι
2840 1021 3084 1075 ποιοῦσιν
3117 1019 3259 1073 οὕτω
3281 1035 3295 1049 °
3330 1016 3427 1071 καὶ
3470 1014 3637 1069 ταῦτα
3671 1015 3778 1081 νόει,

549 1119 790 1189 intelligo
818 1119 979 1189 quasi
1028 1134 1125 1189 per
1178 1134 1237 1174 se
1278 1132 1546 1187 corporea
1578 1118 1771 1172 albedo
1799 1120 2019 1188 corpori
2047 1120 2079 1174 it

2246 1113 2342 1172 ιῖον
2376 1121 2408 1189 ἡ
2447 1116 2833 1187 αύτοσώματος
2861 1113 3141 1184 λευκότης,
3172 1108 3530 1179 ἐπιγενομένη
3580 1105 3776 1176 σώματι,

546 1211 783 1275 haerens,
834 1211 1014 1281 ipsum
1059 1210 1275 1265 dealbat
1316 1227 1329 1263 :
1366 1209 1446 1264 sic
1489 1208 1655 1262 etiam
1690 1223 1812 1276 quae
1850 1208 1939 1261 hic
1982 1208 2071 1263 dic

2249 1211 2505 1264 ιευκαινει
2552 1209 2711 1263 τοῦτο
2734 1224 2747 1238 ο
2795 1205 2937 1259 οὔτω
2964 1206 3058 1259 καὶ
3099 1205 3169 1258 τὰ
3195 1203 3460 1278 εἰρημένα
3492 1195 3593 1254 ὦδε
3621 1201 3779 1272 νόησον

547 1309 678 1355 sunt
728 1317 850 1357 cum
886 1302 1242 1371 proportione
1275 1300 1538 1370 intelligo,
1568 1300 1715 1370 quod
1746 1298 1891 1357 Deus
1922 1316 2077 1370 prece:

2252 1300 2533 1369 Ναλόγως,
2565 1302 2647 1356 ὅτι
2699 1300 2959 1373 προῦπὼν
3005 1302 3034 1353 ὁ
3072 1299 3223 1363 Θεὸς,
3265 1299 3384 1369 ἦτοι
3430 1298 3465 1367 ή
3510 1295 3640 1365 ζωὴ,
3666 1284 3782 1360 imi

478 1450 485 1454 ,
546 1396 883 1457 sistens,seu
912 1396 1044 1458 vita,
1091 1401 1290 1460 cuncta
1322 1391 1561 1448 vivificat
1604 1406 1726 1460 quae
1757 1391 1932 1461 ipsam
1962 1407 2008 1462 p:

1523 1397 1561 1445 ιι
1604 1406 1726 1460 qua)
1757 1391 1932 1461 ipsam
1962 1393 2134 1462 parti-
2233 1392 2412 1447 πάντα
2443 1393 2511 1447 τὰ
2542 1393 2707 1447 αὑτοῦ
2745 1394 3053 1466 μετέχοντα.

469 1486 483 1501 ’
547 1486 754 1555 cipant.

570 1622 575 1625 .
617 1575 724 1629 Per
755 1592 809 1630 se
836 1577 1287 1645 participationes.
1331 1573 1788 1645 Participationes
1817 1576 1974 1639 dicit,
2007 1574 2100 1647 qui

2309 1574 2416 1640 Τὰς
2430 1573 2853 1644 αὺτομετοχάς.
2877 1573 3128 1643 Μετοχάς
3149 1590 3332 1645 φησιν,
3354 1565 3429 1626 ὧν
3451 1571 3521 1627 τὰ
3538 1570 3657 1624 ὄντα
3680 1587 3782 1640 μετ-

544 1668 649 1723 bus
681 1683 770 1723 res
794 1670 1142 1738 participant,
1172 1676 1230 1722 ut
1258 1670 1435 1738 ipsum
1465 1683 1612 1735 esse,
1638 1676 1731 1722 aut
1762 1670 1892 1733 vita,
1919 1676 2012 1724 aut
2036 1685 2074 1724 s:

2251 1665 2443 1735 ἔχουσιν
2468 1706 2483 1729 ,
2505 1660 2617 1719 οἷον
2647 1666 2780 1718 αὐτὸ
2819 1665 2880 1718 τὸ
2906 1659 3048 1718 εἶναι
3078 1665 3111 1735 ἢ
3136 1664 3269 1736 ζωὴ,
3304 1664 3336 1734 ἢ
3368 1664 3551 1734 σοφία,
3582 1664 3613 1735 ἢ
3638 1662 3781 1727 τάξις,

546 1758 772 1827 pientia,
806 1767 901 1813 aut
946 1760 1103 1823 ordo,
1135 1768 1191 1815 et
1241 1770 1460 1826 caetera,
1495 1777 1617 1831 qua:
1672 1762 1813 1831 parti
1837 1761 2076 1831 ‘ipationt

2252 1759 2325 1811 tati.
2348 1759 2418 1812 τὰ
2441 1758 2624 1823 λοιπὰ,
2663 1759 2866 1821 αἵτινες
2915 1759 3137 1828 μετοχαὶ
3180 1757 3320 1810 θεῖαι
3364 1755 3782 1827 τυγχάνουσιδω-

545 1846 731 1901 divina
763 1856 892 1903 sunt
916 1848 1082 1915 dona,
1111 1865 1235 1920 qua:
1254 1849 1420 1905 etiam
1450 1850 1722 1921 principia
1754 1866 1939 1905 rerum
1961 1865 2075 1905 voc:

548 1942 619 1972 υἷι

1886 1866 1939 1904 m
1961 1865 2126 1905 voca-
2158 1917 2202 1972 Β
2232 1850 2373 1920 ρεαὶ,
2403 1850 2472 1915 ἃς
2504 1852 2598 1905 καὶ
2626 1849 2801 1922 ἀρχὰς
2833 1849 2941 1904 τῶν
2964 1850 3132 1904 ὄντων
3160 1849 3408 1905 ἐκάλεσε.

548 1942 646 1994 vit.

617 2032 645 2102 ᾗ
671 2032 757 2087 Vl.
804 2031 998 2103 Estque
1021 2050 1087 2088 ex
1119 2033 1237 2103 ipsa
1264 2035 1391 2088 etin
1421 2035 1557 2104 ipsa.
1598 2033 1674 2088 Ita
1701 2032 2133 2104 intelligendum:

2311 2030 2456 2104 §VL
2498 2030 2609 2084 Καὶ
2653 2031 2824 2083 ἐστιν
2867 2028 2936 2094 ἐξ
2981 2026 3171 2095 αὐτῆς
3215 2027 3313 2080 καὶ
3343 2028 3415 2080 ὲν
3444 2027 3619 2096 αὐτῇ,
3657 2029 3787 2083 υῦτω

539 2141 683 2178 mens
696 2141 819 2179 cum
833 2126 905 2179 sit
921 2141 1015 2195 per
1029 2141 1087 2181 se
1096 2128 1365 2184 excellens
1380 2127 1618 2194 bonitas,
1633 2134 1855 2196 totaque
1865 2125 2069 2181 el‘licaci

2254 2125 2484 2198 ροητέοψ
2535 2125 2567 2194 ἡ
2614 2121 3180 2192 αύτοῦπεραγαοὸτης,
3209 2121 3356 2186 νοῦς
3400 2116 3559 2186 οὖσα,
3586 2122 3674 2175 καὶ
3710 2122 3784 2194 ὅλη

539 2218 595 2271 in
610 2217 843 2288 seipsam
856 2232 1141 2281 conversa,
1157 2218 1393 2273 elIicacia
1417 2234 1513 2274 seu
1537 2229 1659 2274 actu
1676 2225 1782 2279 est.
1800 2233 1910 2273 non
1932 2218 2069 2272 virtu

2256 2218 2502 2289 ινέργεια,
2536 2218 2615 2280 εἰς
2663 2214 2860 2287 ἑαυτὴν
2895 2213 3265 2285 ἐστραμμένη,
3296 2214 3550 2285 ἐνεργείᾳ
3576 2214 3786 2281 ἐστὶν,οὑ

540 2322 636 2363 seu
651 2307 865 2373 habitu,
883 2308 1036 2379 prius
1050 2308 1321 2364 exsistens
1346 2310 1605 2375 amentia,
1621 2318 1811 2381 postea
1828 2319 1953 2364 actu
1977 2324 2070 2364 mel

2261 2310 2480 2380 ῐυνάμει,
2497 2308 2756 2383 πρότερον
2786 2302 2918 2361 οῦσα
2943 2306 3245 2378 ἀφροσύνη,
3271 2300 3393 2362 εἶτα
3419 2305 3547 2370 νοῦς
3572 2307 3791 2379 ἐνεργείᾳ

535 2398 727 2455 eli'ecta
746 2418 763 2468 ;
779 2399 925 2456 unde
952 2400 1116 2455 etiam
1141 2409 1352 2455 tantum
1373 2409 1459 2456 est
1470 2416 1627 2457 mens
1640 2417 1799 2472 pura,
1814 2416 1925 2457 non
1939 2417 2065 2473 supe

2260 2401 2521 2471 ἰνομένη’
2574 2399 2697 2454 ὅθεν
2750 2398 2843 2453 καί
2886 2401 3002 2452 ἐστι
3045 2396 3170 2462 νοῦς
3208 2397 3367 2468 μόνον
3416 2397 3670 2471 καθαρὸς,
3709 2400 3790 2452 οὐκ

538 2489 822 2547 inductam
848 2492 1059 2547 habens
1084 2491 1431 2561 sapientiam,
1448 2491 1543 2547 sed
1559 2507 1788 2563 prorsus
1804 2508 1833 2546 a
1847 2493 2064 2564 seipsai

2258 2494 2552 2547 neioaxzov
2591 2491 2730 2564 ἔχων
2759 2493 2821 2546 τὸ
2848 2494 3083 2563 φρονεῖν,
3115 2490 3251 2545 ἀλλὰ
3286 2492 3416 2563 παρ’
3442 2490 3637 2546 ἑαυτοῦ
3673 2491 3788 2545 πάν-

536 2582 753 2653 telligit.
774 2582 832 2641 Si
848 2583 992 2638 enim
1007 2583 1248 2639 essentia
1261 2582 1382 2653 ejus
1395 2584 1502 2638 alia
1513 2591 1620 2652 est,
1632 2600 1755 2655 quae
1767 2593 1950 2640 autem
1969 2585 2066 2640 intr

2259 2603 2340 2649 to;
2368 2588 2494 2640 νοεῖ.
2527 2586 2589 2638 Ei
2611 2584 2721 2657 γὰρ
2749 2586 2782 2654 ἡ
2811 2585 2910 2655 μὲν
2936 2584 3094 2637 οὐσία
3121 2582 3288 2637 αὐτοῦ
3318 2582 3455 2654 ἄλλη
3499 2583 3665 2649 ἐστὶν,
3692 2582 3723 2638 ἃ
3742 2583 3789 2636 δὲ

535 2674 653 2745 iigit
682 2682 811 2729 sunt
838 2676 908 2729 ab
946 2676 1067 2746 ipso
1098 2674 1339 2740 diversa,
1366 2676 1485 2746 ipse
1518 2676 1752 2748 intelligi
1786 2679 1997 2748 nequit,
2029 2694 2065 2734 St

2260 2681 2342 2731 οεῖ
2370 2677 2532 2750 ἔτερα
2565 2676 2754 2740 αὐτοῦ,
2788 2677 2951 2741 αὐτὸς
2978 2676 3205 2748 ἀνόητος
3250 2675 3425 2739 ἔσται,
3459 2676 3625 2747 ἤγουν
3657 2677 3691 2747 ή
3716 2676 3790 2728 οὐ·

542 2766 667 2835 ejus
699 2767 972 2835 essentia;
1002 2767 1049 2822 si
1076 2783 1208 2823 vero
1236 2768 1442 2839 aliquid
1472 2769 1654 2838 habet,
1681 2784 1713 2824 a
1736 2770 1917 2841 seipse
1941 2771 2072 2826 habe

2245 2770 2324 2823 ιία
2365 2769 2530 2823 αὐτοῦ
2552 2788 2565 2800 ·
2598 2768 2652 2823 ei
2678 2785 2730 2823 τι
2750 2764 2809 2821 δὲ
2847 2768 2981 2840 ἔχει,
3016 2770 3144 2841 παρ’
3175 2767 3371 2822 ἑαυτοῦ
3413 2767 3549 2839 ἔχει,
3577 2769 3639 2822 οὐ
3681 2785 3775 2840 παρ

532 2874 642 2915 non
662 2860 733 2915 ab
759 2860 894 2928 alio;
924 2861 970 2917 si
999 2870 1180 2916 autem
1211 2876 1243 2916 a
1270 2861 1474 2932 seipso,
1488 2870 1543 2917 et
1561 2878 1627 2917 ex
1649 2862 1834 2933 seipso
1854 2864 2056 2935 intellig

2258 2861 2388 2917 ιλλου
2411 2880 2423 2892 ·
2470 2864 2519 2915 εἰ
2557 2862 2614 2916 δὲ
2646 2864 2773 2934 παρ’
2806 2861 3020 2927 ἑαυτοῦ,
3048 2862 3143 2915 καὶ⁸
3186 2860 3247 2925 ἐξ
3293 2860 3462 2916 αὑτοῦ
3495 2863 3624 2924 νοεῖ,
3653 2861 3788 2923 αὑτός

528 2951 648 3023 ipse
697 2962 783 3009 est
830 2970 954 3025 quae
995 2955 1285 3025 intelligit;
1317 2971 1448 3025 ergo
1476 2970 1604 3011 cum
1633 2956 1705 3012 sit
1733 2971 1911 3023 mens,
1946 2966 2005 3012 ut
2027 2973 2058 3029 q

2260 2970 2377 3009 στιν
2407 2955 2444 3010 ἃ
2474 2958 2600 3009 νοεῖ.
2638 2953 2845 3008 Οὐκοῦν
2871 2953 2996 3017 νοῦς
3023 2951 3119 3017 ὢν,
3152 2952 3321 3017 ὅντως
3351 2956 3463 3007 νοεῖ
3487 2952 3561 3006 τὰ
3580 2955 3704 3009 δντα
3727 2953 3787 3016 ὡς

528 3054 635 3110 est,
666 3061 857 3101 revera
906 3062 996 3102 res
1028 3047 1319 3119 intelligit;
1351 3048 1398 3103 si
1436 3055 1618 3105 autem
1650 3050 1892 3120 seipsum
1919 3050 2055 3107 iutel

2260 3064 2321 3102 ιν.
2360 3048 2422 3100 Ei
2467 3042 2559 3100 οὖν
2598 3045 2733 3100 νοῶν
2763 3045 2955 3100 ἑαυτὸν
2983 3044 3052 3098 τὰ
3081 3046 3209 3098 ὄντα
3245 3048 3376 3110 νοεῖ,
3407 3046 3572 3110 αὑτός
3598 3046 3708 3098 ἐστι
3733 3045 3790 3097 τὰ

528 3153 664 3208 gens
711 3153 801 3193 res
847 3138 1117 3208 intelligit,
1150 3140 1266 3209 ipse
1308 3147 1394 3195 est
1424 3155 1535 3204 res,
1566 3151 1663 3194 aut
1692 3141 1840 3195 enim
1869 3140 2000 3197 alibi
2028 3155 2058 3195 e

2255 3139 2450 3211 νεα·εῆ
2482 3138 2592 3211 γὰρ
2623 3138 2846 3210 ἑτέρωθι
2881 3138 3012 3192 ὂντα
3049 3137 3188 3192 αὐτὰ
3217 3139 3420 3209 νοήσει,
3455 3138 3490 3209 ἢ
3525 3140 3583 3193 ὲν
3614 3137 3785 3206 ἑαυτῷ,

529 3231 794 3289 Iistentes
824 3230 972 3299 ipsas
999 3230 1285 3301 intelliget,
1318 3239 1414 3286 aut
1441 3232 1498 3285 in
1528 3232 1734 3300 seipso,
1757 3239 1818 3287 ut
1845 3247 1968 3302 qua:
1993 3248 2058 3289 su

2259 3249 2301 3295 ις
2325 3209 2510 3286 ἀὐτοῦ
2560 3209 2688 3286 ὄντα
2709 3209 2725 3261 ’γ
2787 3230 3018 3301 ἀλλαχοῦ
3054 3231 3152 3302 μὲν
3181 3230 3309 3285 ὄντα
3353 3226 3448 3285 οῦν
3491 3232 3551 3284 οὐ
3591 3229 3789 3285 δυνατὸν

530 3322 690 3393 ejus;
723 3322 851 3376 alibi
882 3322 1101 3391 quidem
1120 3339 1209 3379 res
1238 3325 1505 3382 exsistere
1533 3325 1837 3395 intelligere
1864 3324 2060 3395 impos:

2262 3324 2413 3395 δῆσαι
2432 3341 2445 3355 ·
2477 3322 2583 3377 ποῦ
2621 3322 2731 3395 γὰρ
2758 3323 2888 3379 ὄντα
2913 3325 2970 3378 ὲν
2998 3323 3307 3394 αἱσθητοίς;
3350 3323 3421 3378 τὰ
3444 3323 3556 3397 γὰρ
3583 3322 3792 3394 αἰσθητὰ

530 3416 660 3481 bile,
712 3416 803 3471 ubi
861 3416 1011 3471 enim
1080 3419 1356 3473 exsistunt
1412 3420 1468 3474 in
1522 3419 1860 3485 sensilibus?
1897 3421 2060 3476 sensil

2260 3415 2323 3468 ὒκ
2349 3415 2485 3469 εἰσιν
2513 3416 2665 3479 ὄντα,
2700 3415 2795 3470 ἅτε
2838 3414 3049 3487 τρεπτὰ
3091 3415 3243 3478 ὄντα,
3270 3416 3366 3470 καὶ
3406 3416 3683 3487 γινόμενα,
3710 3415 3790 3469 καὶ

530 3510 675 3564 enim
710 3524 821 3564 non
846 3517 997 3571 sunt,
1035 3517 1223 3580 utpote
1263 3512 1555 3567 mutationi
1602 3512 1861 3577 obnoxia,
1891 3528 2059 3584 gener

2254 3506 2585 3579 ιπολλύμενα.
2627 3507 2848 3561 Ἑαυτὸν
2892 3503 2985 3562 οὖν
3037 3508 3146 3579 ἄρα
3199 3508 3294 3562 καὶ
3342 3510 3404 3565 ὲν
3454 3508 3631 3579 ἑαυτῷ
3674 3509 3784 3561 νοεῖ.

531 3601 663 3655 bilia
695 3608 752 3656 et
770 3602 1184 3671 corruptibilia;
1216 3619 1346 3675 ergo
1378 3605 1621 3676 seipsum
1652 3612 1709 3660 et
1741 3606 1796 3660 in
1826 3606 2007 3677 seipso
2037 3607 2061 3661 i1

2258 3599 2451 3671 Επειδὴ
2481 3600 2538 3654 δὲ
2569 3601 2663 3654 καὶ
2695 3598 2925 3671 ποιητὴς
2957 3600 3065 3654 τῶν
3099 3600 3268 3654 ὄντων
3300 3601 3449 3655 ἐστὶν
3488 3603 3519 3655 ὀ
3557 3602 3703 3666 Θεὸς,
3740 3606 3788 3656 ὲν

530 3695 745 3766 telligit.
776 3694 1045 3761 Quoniam
1079 3704 1261 3753 autem
1294 3697 1437 3755 Deus
1467 3706 1554 3755 est
1585 3700 1749 3755 etiam
1780 3714 1963 3755 rerum
1995 3714 2060 3755 eo

2258 3692 2298 3763 ᾧ
2321 3694 2489 3764 μήπω
2509 3692 2622 3747 ὄντι
2645 3695 2827 3765 νοήσει
2854 3693 2996 3747 αὐτά
3015 3710 3028 3723 ·
3052 3692 3166 3747 ἀλλ’
3191 3694 3354 3757 αὐτὸς
3371 3694 3675 3766 ἀρχέτυπός
3688 3694 3788 3751 ἐστι

530 3784 695 3849 (litor,
725 3787 781 3840 in
828 3802 894 3841 eo
940 3788 1088 3858 quod
1136 3789 1371 3844 necdum
1406 3802 1511 3857 ρει,
1544 3806 1638 3846 eas
1667 3799 1995 3861 cognoscet;
2026 3808 2059 3847 ν

2257 3784 2409 3838 ούτου
2440 3785 2534 3838 τοῦ
2564 3787 2792 3849 παντός’
2829 3787 2922 3840 καὶ
2950 3787 2986 3840 ἃ
3010 3790 3139 3850 νοεῖ,
3169 3787 3231 3840 ού
3266 3784 3473 3849 τύπους
3523 3786 3787 3858 λαμϐάνων

527 3893 652 3934 rum
688 3880 805 3948 ipse
853 3888 939 3935 est
994 3880 1239 3937 universi
1274 3881 1442 3951 hujus
1493 3883 1873 3954 archetypum,
1899 3892 1956 3940 et
1996 3900 2057 3954 qu

2258 3879 2311 3947 φ’
2339 3878 2560 3949 ἑτέρων,
2602 3879 2766 3943 αὐτὸς
2805 3877 2881 3931 ὢν
2918 3878 3027 3933 τῶν
3054 3878 3223 3933 ὄντων
3254 3878 3606 3952 παράδειγμα
3626 3897 3639 3910 ’
3666 3878 3786 3934 ὥστε

528 3969 781 4041 intelligit
832 3986 943 4027 non
984 3973 1055 4026 ab
1108 3973 1236 4029 aliis
1288 3981 1475 4046 typum
1512 3975 1788 4046 accipiens
1839 3975 2058 4046 intelligi

2253 3969 2341 4024 ῠτε
2371 3971 2533 4034 αὐτὸς
2564 3974 2623 4025 ὲν
2654 3972 2823 4043 τόπῳ,
2854 3970 2980 4025 οὔτε
3016 3971 3086 4026 τὰ
3122 3973 3180 4027 ὲν
3219 3971 3369 4043 αὐτῷ
3401 3972 3481 4037 ὡς
3527 3974 3587 4027 ἂν
3625 3973 3783 4043 τόπῳ·

526 4076 650 4116 cum
684 4061 758 4117 sit
783 4078 973 4118 eorum
1006 4080 1127 4135 quae
1155 4075 1285 4122 sunt
1312 4067 1629 4137 exemplar;
1681 4068 1762 4123 sic
1792 4082 1969 4138 neque
1999 4067 2055 4138 ip

2255 4062 2332 4116 λλ⁹
2376 4063 2489 4134 ἔχει
2539 4063 2679 4120 αὐτὰ
2720 4064 2797 4128 ὡς
2838 4064 3029 4119 ἑαυτὸν
3069 4064 3230 4135 ἔχων,
3274 4065 3370 4119 καὶ
3418 4064 3560 4121 ὲνὼν
3604 4066 3784 4128 αὐτοῖς,

526 4153 585 4207 in
610 4154 753 4221 loco,
778 4171 957 4227 neque
978 4173 1041 4213 ea
1066 4170 1189 4228 quae
1216 4158 1273 4212 in
1307 4158 1427 4229 ipso
1451 4158 1602 4214 velut
1626 4158 1683 4213 in
1709 4158 1864 4226 loco;
1900 4159 1995 4215 sed
2018 4158 2052 4213 h

2256 4157 2435 4211 εάντων
2464 4159 2560 4228 μὲν
2595 4156 2729 4228 ὁμοῦ
2761 4156 2949 4221 ὄντων,
2979 4157 3073 4210 καὶ
3102 4158 3161 4210 ὲν
3191 4157 3396 4227 ἁμερεῖ
3422 4156 3597 4211 ὄντων
3624 4158 3678 4210 ὲν
3705 4157 3786 4211 αὐ-

527 4243 620 4299 bet
648 4261 712 4300 ea
745 4256 802 4299 ut
835 4250 1082 4319 seipsum
1116 4249 1348 4314 habens,
1381 4249 1629 4320 ipsisque
1658 4251 1958 4314 exsistens,
1993 4266 2057 4305 on

2253 4248 2327 4319 ᾦο
2358 4247 2785 4319 διακεκριμένων
2818 4247 2907 4311 δὲ,
2940 4250 2999 4301 ἐν
3044 4247 3125 4314 τῷ
3154 4246 3418 4317 ἁμερεῖιθ
3463 4248 3703 4321 ἀμερῶς.
3731 4250 3783 4301 Al

528 4337 691 4393 nibus
724 4340 941 4409 quidem
975 4341 1140 4397 simul
1169 4341 1583 4407 exsistentibus,
1618 4351 1672 4397 et
1706 4341 2058 4397 indivisibilit

2254 4338 2392 4392 οίνυν
2429 4339 2640 4410 νοήσεις
2664 4337 2827 4393 αὑτοῦ
2857 4341 2961 4392 εισι
2990 4339 3060 4393 τὰ
3086 4339 3247 4393 ὄνταο
3279 4339 3349 4394 τὰ
3375 4339 3435 4393 δὲ
3459 4340 3590 4396 ὅντα
3617 4342 3715 4396 εἰσὶ
3729 4342 3784 4396 τὰ

528 4429 588 4485 in
618 4431 737 4500 ipso
765 4432 1190 4500 assistentibus;
1228 4432 1510 4487 distinctis
1555 4439 1760 4497 autem,
1789 4432 1848 4487 in
1878 4433 2058 4487 indici:

2254 4430 2350 4503 [δη.
2386 4431 2645 4499 Νοήσεις
2683 4432 2740 4485 δὲ
2784 4434 2882 4503 οὐχ
2921 4432 3095 4497 οὕτως
3123 4433 3440 4500 ἀκουστέον,
3480 4436 3587 4502 ὅτι,
3617 4437 3784 4506 ἐπειδὴ

528 4520 624 4575 bili
648 4522 1072 4580 iudivisibiliter.
1103 4523 1236 4595 Ejus
1261 4525 1432 4595 igitur
1457 4524 1819 4595 cogitationes
1847 4534 1977 4583 sunt
2002 4542 2058 4583 re

2255 4524 2336 4579 ὁδε
2364 4526 2605 4597 ἐνόησεν,
2632 4526 2849 4594 ἐγένετο
2877 4526 3017 4591 τόδε,
3051 4527 3084 4598 ἢ
3116 4529 3233 4580 ἐστὶ
3269 4527 3419 4581 τόδε·
3456 4530 3663 4603 ταύτης
3693 4532 3785 4601 γὰρ

528 4628 619 4668 res
665 4622 847 4669 autem
900 4624 1030 4671 sunt
1074 4620 1308 4687 species.
1337 4616 1699 4687 Cogitationes
1730 4632 1860 4675 vero
1888 4633 1999 4679 non
2036 4619 2058 4673 i:

2256 4616 2315 4686 ἧς
2342 4617 2580 4690 νοήσεως
2606 4617 2961 4690 προηγεῖσθαι
3004 4618 3088 4672 δεῖ
3130 4620 3421 4692 νοούμενόν
3449 4639 3526 4689 τι,
3554 4625 3640 4679 ἵνα
3670 4624 3786 4679 am

528 4704 963 4777 intelligendum,
999 4708 1149 4779 quod
1198 4717 1488 4780 postquam
1526 4710 1747 4781 aliquod
1792 4712 1927 4767 certi
1961 4728 2058 4785 cog

2251 4709 2415 4780 οήσας
2444 4710 2645 4781 ποιήσῃ
2669 4726 2682 4740 ⁸
2713 4709 2847 4763 ἀλλὰ
2877 4712 2989 4764 νοεῖ
3022 4710 3091 4764 τὰ
3115 4711 3263 4776 ὄντα,
3297 4712 3392 4767 ᾶτε
3420 4714 3617 4770 ἑαυτὸν
3643 4715 3781 4778 νοῶν,

525 4796 686 4862 tavit,
719 4800 855 4855 illud
889 4799 1069 4871 Ipsum
1100 4800 1267 4857 fuerit
1296 4811 1391 4857 aut
1417 4805 1525 4871 sit;
1559 4804 1699 4859 hanc
1732 4801 1877 4859 enim
1907 4806 2055 4875 cogit:

2256 4802 2311 4854 αὶ
2335 4806 2449 4867 τοῖς
2477 4802 2658 4858 ἐνοῦσι
2694 4804 3122 4876 συναπτόμενοςο
3148 4805 3287 4877 αὐτὴ
3315 4805 3428 4879 γὰρ
3449 4809 3604 4879 αὐτῷ
3624 4809 3657 4880 ἡ
3679 4809 3786 4878 νόη·

526 4892 731 4946 tionem
776 4892 982 4963 aliquid
1030 4895 1178 4965 quod
1225 4895 1550 4966 intelligitur
1589 4896 1898 4966 praecedere
1925 4896 2056 4954 debe

2256 4912 2303 4958 ις
2349 4896 2560 4964 γένεσίς
2604 4899 2719 4950 ἐστι
2774 4900 2886 4959 τοῖς
2923 4895 3062 4951 οὖσι.
3094 4898 3168 4951 To
3202 4894 3295 4952 οὖν
3335 4899 3460 4953 ἐνὸν
3495 4904 3556 4955 ὲν
3598 4903 3783 4964 αὐτοῖς,

524 4993 587 5039 ιιι
615 4991 904 5055 postquam
936 4985 1068 5041 illud
1099 4988 1442 5057 cogitaverit,
1471 4987 1673 5051 faciat;
1706 4988 1800 5043 sed
1836 5003 1926 5045 res
1957 4990 2054 5044 ἰιιιι

2254 4986 2375 5040 οῦτό
2402 4990 2517 5041 ἐστι
2544 4988 2605 5041 τὸ
2633 4984 2792 5051 εἶδος,
2815 4990 2908 5042 καὶ
2931 4989 3090 5042 τοῦτό
3121 4992 3267 5044 ἐστιν
3299 4992 3333 5062 ἡ
3366 4992 3480 5046 ἰδέα
3501 5010 3516 5024 ι
3541 4993 3701 5057 αύτδς
3718 4992 3784 5053 δὲ,

523 5069 666 5141 ligit,
699 5079 760 5125 ut
807 5073 1048 5142 seipsum
1081 5074 1239 5145 173
1269 5076 1597 5147 intelligens,
1633 5092 1697 5131 ac
1735 5078 2053 5134 inexsistenl

2256 5078 2346 5142 οῦς
2370 5078 2444 5132 ὢν
2469 5079 2624 5143 ὅλως,
2654 5080 2774 5145 ὅλος
2796 5082 2945 5135 ἐστὶν
2982 5084 3261 5156 ἐπιστήμη
3281 5101 3295 5115 υ
3324 5084 3396 5139 τὰ
3428 5086 3488 5141 δὲ
3529 5086 3593 5153 ἐξ
3635 5084 3786 5143 αὐτοῦ

523 5162 630 5221 bus
653 5165 1018 5235 conjunctus;
1050 5167 1168 5237 ipsa
1195 5168 1340 5223 enim
1369 5168 1493 5239 ejus
1522 5170 1801 5241 cogitatio,
1839 5171 2004 5226 rebus
2025 5187 2053 5228 e

2254 5170 2311 5222 al.
2333 5171 2390 5223 ἐν
2420 5169 2570 5241 αὑτῷ
2602 5171 2719 5235 νόες
2752 5171 2987 5236 ἐοικότες
3011 5173 3331 5244 θεωρήμασι
3350 5174 3451 5246 τῆς
3466 5176 3784 5247 ἐπιστήμης.

523 5258 845 5327 generatio;
877 5260 1025 5330 quod
1059 5260 1227 5332 igitur
1258 5262 1392 5332 ipsis
1421 5263 1588 5328 inest,
1631 5263 1685 5319 id
1733 5272 1820 5320 est
1869 5265 2053 5336 specie

2263 5262 2335 5315 ἰσὶ
2369 5260 2428 5315 δὲ
2459 5262 2594 5334 ὁμοῦ
2634 5264 2728 5317 καὶ
2757 5264 3141 5337 διακεκριμένα
3185 5268 3244 5319 ἐν
3285 5267 3458 5339 αὐτῷ,
3501 5269 3581 5334 ὡς
3618 5268 3711 5323 καὶ
3736 5268 3787 5320 ὲν

526 5356 689 5419 atque
721 5351 827 5407 hoc
864 5359 951 5407 est
1002 5351 1121 5407 idea
1156 5370 1169 5408 :
1203 5352 1320 5423 ipse
1348 5370 1476 5410 vero
1503 5370 1629 5410 cum
1654 5362 1801 5412 totus
1831 5356 1902 5413 sit
1928 5371 2053 5412 men

2256 5357 2355 5425 υχῇ
2405 5354 2542 5426 ὁμοῦ
2586 5355 2777 5410 πολλαὶ
2815 5359 3114 5429 ἐπιστῆμαι
3156 5354 3334 5421 οὖσαι,
3358 5359 3659 5432 ἀσύγχυτοι
3701 5357 3786 5431 μέ-

527 5450 676 5499 totus
705 5451 790 5499 est
819 5445 1049 5502 scientia
1074 5463 1087 5499 :
1111 5460 1234 5515 qua:
1260 5460 1391 5501 vero
1412 5462 1475 5503 ex
1500 5448 1621 5518 ipso
1644 5456 1700 5503 et
1724 5450 1779 5502 in
1802 5449 1925 5518 ipso
1955 5463 2057 5501 mei

2256 5464 2378 5510 ιυσι,
2396 5450 2490 5501 καὶ
2516 5448 2797 5520 ἐνεργοῦσι
2819 5448 2925 5515 ἔξω
2947 5450 3089 5504 κατὰ
3112 5450 3260 5521 μίαν,
3276 5452 3407 5504 ὅταν
3434 5452 3552 5526 δέῃ·
3571 5453 3667 5506 καὶ
3691 5450 3786 5505 πά-

530 5540 612 5587 tes
642 5536 1193 5605 contemplationibus
1215 5537 1459 5593 scientiae
1485 5540 1715 5596 similes.
1751 5540 1892 5594 Sunt
1924 5546 2060 5593 aute:

2257 5556 2310 5603 ις
2331 5540 2466 5610 ὁμοῦ
2488 5541 2583 5604 τὰς
2603 5541 2861 5612 δυνάμεις
2887 5543 2926 5612 ἡ
2959 5542 3104 5614 ψυχὴ
3141 5545 3198 5596 ὲν
3227 5544 3396 5616 ἑαυτῇ
3430 5544 3569 5616 ἔχει,
3590 5543 3710 5599 καθ’
3728 5540 3787 5603 ἃς

532 5617 694 5673 simul
726 5621 888 5675 etiam
928 5622 1203 5678 distincta:
1248 5625 1301 5678 in
1347 5626 1485 5694 ipso,
1516 5635 1575 5681 ut
1632 5628 1816 5683 multa:
1863 5627 2062 5682 scienti.

2258 5636 2426 5702 ρονοεῖ
2466 5632 2560 5686 τοῦ
2613 5633 2882 5703 σώματος,
2933 5637 3025 5690 καὶ
3074 5623 3221 5707 ὅμως
3263 5637 3593 5709 ἁσυγχύτως
3631 5633 3788 5713 αῦτάς

1425 5802 1662 5857 ΥΜζΙΛί
1704 5803 2088 5861 LECTIONES
2122 5808 2207 5862 ET
2242 5808 2793 5867 CORRECTIONES.

601 5917 643 5951 '°
677 5916 934 5993 Pachyni.
968 5924 1018 5974 iv
1054 5924 1204 6003 μέγα
1245 5924 1456 5983 vitiose.
1491 5924 1617 5994 quia
1648 5925 1823 5996 agitur
1851 5925 1914 5979 dc
1946 5933 2146 5997 puncto
2178 5926 2514 5984 indivisibili.
