  <div class='ocr_page' id='page_1' title='image "/cluster/home/n/w/nwhite01/storage/ocr_20150623/4/hvd.32044014713200/170.png"; bbox 0 0 3874 6554; ppageno 0'>
   <div class='ocr_carea' id='block_1_1' title="bbox 104 474 2557 551">
    <p class='ocr_par' dir='ltr' id='par_1_1' title="bbox 104 474 2557 551">
     <span class='ocr_line' id='line_1_1' title="bbox 104 474 2557 551; baseline -0.005 -1"><span class='ocrx_word' id='word_1_1' title='bbox 104 493 181 551; x_wconf 69' lang='lat'><strong>521</strong></span> <span class='ocrx_word' id='word_1_2' title='bbox 779 488 835 543; x_wconf 83' lang='lat' dir='ltr'><strong>S.</strong></span> <span class='ocrx_word' id='word_1_3' title='bbox 873 485 1119 543; x_wconf 74' lang='grc' dir='ltr'><strong>ΜΛΧΙΜΙ</strong></span> <span class='ocrx_word' id='word_1_4' title='bbox 1157 483 1451 541; x_wconf 81' lang='lat' dir='ltr'><strong>SCHOLIA</strong></span> <span class='ocrx_word' id='word_1_5' title='bbox 1489 482 1553 537; x_wconf 84' lang='lat' dir='ltr'><strong>IN</strong></span> <span class='ocrx_word' id='word_1_6' title='bbox 1589 483 1719 541; x_wconf 86' lang='lat' dir='ltr'><strong>LIB.</strong></span> <span class='ocrx_word' id='word_1_7' title='bbox 1757 474 1844 538; x_wconf 85' lang='lat' dir='ltr'><strong>DE</strong></span> <span class='ocrx_word' id='word_1_8' title='bbox 1877 482 2129 539; x_wconf 79' lang='lat' dir='ltr'><strong>DIVINIS</strong></span> <span class='ocrx_word' id='word_1_9' title='bbox 2160 481 2557 538; x_wconf 52' lang='lat' dir='ltr'><strong>NOMINIBUS;</strong></span> 
     </span>
    </p>
   </div>
   <div class='ocr_carea' id='block_1_2' title="bbox 3227 483 3334 541">
    <p class='ocr_par' dir='ltr' id='par_1_2' title="bbox 3227 483 3334 541">
     <span class='ocr_line' id='line_1_2' title="bbox 3227 483 3334 541; baseline 0 0"><span class='ocrx_word' id='word_1_10' title='bbox 3227 483 3334 541; x_wconf 68' lang='lat'><strong>322</strong></span> 
     </span>
    </p>
   </div>
   <div class='ocr_carea' id='block_1_3' title="bbox 104 589 1646 675">
    <p class='ocr_par' dir='ltr' id='par_1_3' title="bbox 104 596 1646 675">
     <span class='ocr_line' id='line_1_3' title="bbox 104 596 1646 675; baseline -0.007 -14"><span class='ocrx_word' id='word_1_11' title='bbox 104 604 218 662; x_wconf 67' lang='grc' dir='ltr'>κατὰ</span> <span class='ocrx_word' id='word_1_12' title='bbox 249 602 434 675; x_wconf 74' lang='grc' dir='ltr'>καιρὸν</span> <span class='ocrx_word' id='word_1_13' title='bbox 476 600 792 673; x_wconf 75' lang='grc' dir='ltr'>προϐάλλει,</span> <span class='ocrx_word' id='word_1_14' title='bbox 825 600 920 670; x_wconf 79' lang='grc' dir='ltr'><strong>τὴν</strong></span> <span class='ocrx_word' id='word_1_15' title='bbox 958 601 1054 669; x_wconf 79' lang='grc' dir='ltr'>μὲν</span> <span class='ocrx_word' id='word_1_16' title='bbox 1091 598 1324 669; x_wconf 85' lang='grc' dir='ltr'>φυσικὴν</span> <span class='ocrx_word' id='word_1_17' title='bbox 1359 596 1646 669; x_wconf 77' lang='grc' dir='ltr'>ἐνεργοῦσα</span> 
     </span>
    </p>
   </div>
   <div class='ocr_carea' id='block_1_4' title="bbox 1755 589 3329 675">
    <p class='ocr_par' dir='ltr' id='par_1_4' title="bbox 1759 589 3329 665">
     <span class='ocr_line' id='line_1_4' title="bbox 1759 589 3329 665; baseline 0.001 -13"><span class='ocrx_word' id='word_1_18' title='bbox 1759 597 1921 652; x_wconf 86' lang='lat' dir='ltr'><strong>simul</strong></span> <span class='ocrx_word' id='word_1_19' title='bbox 1974 598 2028 652; x_wconf 90' lang='lat' dir='ltr'><strong>in</strong></span> <span class='ocrx_word' id='word_1_20' title='bbox 2077 599 2255 652; x_wconf 90' lang='lat' dir='ltr'><strong>anima</strong></span> <span class='ocrx_word' id='word_1_21' title='bbox 2297 600 2647 661; x_wconf 79' lang='lat' dir='ltr'><strong>exsistentes,</strong></span> <span class='ocrx_word' id='word_1_22' title='bbox 2678 604 2899 652; x_wconf 87' lang='lat' dir='ltr'><strong>manent</strong></span> <span class='ocrx_word' id='word_1_23' title='bbox 2926 589 3035 653; x_wconf 81' lang='lat' dir='ltr'><strong>non</strong></span> <span class='ocrx_word' id='word_1_24' title='bbox 3064 597 3329 665; x_wconf 84' lang='lat' dir='ltr'><strong>confusae,</strong></span> 
     </span>
    </p>
   </div>
   <div class='ocr_carea' id='block_1_5' title="bbox 102 685 1656 768">
    <p class='ocr_par' dir='ltr' id='par_1_5' title="bbox 102 685 1656 768">
     <span class='ocr_line' id='line_1_5' title="bbox 102 685 1656 768; baseline -0.008 -18"><span class='ocrx_word' id='word_1_25' title='bbox 102 698 204 768; x_wconf 81' lang='grc' dir='ltr'>περὶ</span> <span class='ocrx_word' id='word_1_26' title='bbox 226 695 281 748; x_wconf 82' lang='grc' dir='ltr'>τὸ</span> <span class='ocrx_word' id='word_1_27' title='bbox 302 694 463 764; x_wconf 83' lang='grc' dir='ltr'>σῶμα</span> <span class='ocrx_word' id='word_1_28' title='bbox 492 692 743 763; x_wconf 76' lang='grc' dir='ltr'>δύναμιν,</span> <span class='ocrx_word' id='word_1_29' title='bbox 772 690 892 744; x_wconf 89' lang='grc' dir='ltr'>καθ’</span> <span class='ocrx_word' id='word_1_30' title='bbox 923 690 988 761; x_wconf 74' lang='grc' dir='ltr'>ἢν</span> <span class='ocrx_word' id='word_1_31' title='bbox 1017 689 1207 759; x_wconf 81' lang='grc' dir='ltr'><strong>τρέφει</strong></span> <span class='ocrx_word' id='word_1_32' title='bbox 1237 686 1415 751; x_wconf 69' lang='grc' dir='ltr'>τοῦτο,</span> <span class='ocrx_word' id='word_1_33' title='bbox 1438 688 1532 740; x_wconf 70' lang='grc' dir='ltr'><strong>καὶ</strong></span> <span class='ocrx_word' id='word_1_34' title='bbox 1559 685 1656 739; x_wconf 78' lang='grc' dir='ltr'>αῦ-</span> 
     </span>
    </p>
   </div>
   <div class='ocr_carea' id='block_1_6' title="bbox 102 777 1657 857">
    <p class='ocr_par' dir='ltr' id='par_1_6' title="bbox 102 777 1657 857">
     <span class='ocr_line' id='line_1_6' title="bbox 102 777 1657 857; baseline -0.008 -15"><span class='ocrx_word' id='word_1_35' title='bbox 102 790 180 856; x_wconf 79' lang='grc' dir='ltr'>ξει,</span> <span class='ocrx_word' id='word_1_36' title='bbox 200 787 284 841; x_wconf 73' lang='grc' dir='ltr'>καὶ</span> <span class='ocrx_word' id='word_1_37' title='bbox 311 787 452 857; x_wconf 79' lang='grc' dir='ltr'>πρὸς</span> <span class='ocrx_word' id='word_1_38' title='bbox 483 785 678 853; x_wconf 85' lang='grc' dir='ltr'>γένναν</span> <span class='ocrx_word' id='word_1_39' title='bbox 705 783 1010 854; x_wconf 79' lang='grc' dir='ltr'>ἐπιτήδειον</span> <span class='ocrx_word' id='word_1_40' title='bbox 1045 783 1189 833; x_wconf 82' lang='grc' dir='ltr'>ποιεῖ</span> <span class='ocrx_word' id='word_1_41' title='bbox 1206 797 1217 809; x_wconf 73' lang='grc' dir='ltr'><strong><em>ο</em></strong></span> <span class='ocrx_word' id='word_1_42' title='bbox 1257 779 1355 850; x_wconf 81' lang='grc' dir='ltr'>τὴν</span> <span class='ocrx_word' id='word_1_43' title='bbox 1385 778 1442 831; x_wconf 83' lang='grc' dir='ltr'>δὲ</span> <span class='ocrx_word' id='word_1_44' title='bbox 1469 777 1657 848; x_wconf 78' lang='grc' dir='ltr'>αἰσθη-</span> 
     </span>
    </p>
   </div>
   <div class='ocr_carea' id='block_1_7' title="bbox 100 873 1652 951">
    <p class='ocr_par' dir='ltr' id='par_1_7' title="bbox 100 873 1652 951">
     <span class='ocr_line' id='line_1_7' title="bbox 100 873 1652 951; baseline -0.006 -17"><span class='ocrx_word' id='word_1_45' title='bbox 100 880 225 951; x_wconf 79' lang='grc' dir='ltr'>τικὴν</span> <span class='ocrx_word' id='word_1_46' title='bbox 279 880 496 947; x_wconf 77' lang='grc' dir='ltr'>ἐνεργεῖ</span> <span class='ocrx_word' id='word_1_47' title='bbox 537 876 764 947; x_wconf 79' lang='grc' dir='ltr'>δύναμιν</span> <span class='ocrx_word' id='word_1_48' title='bbox 806 876 932 946; x_wconf 70' lang='grc' dir='ltr'>περὶ</span> <span class='ocrx_word' id='word_1_49' title='bbox 976 873 1178 944; x_wconf 80' lang='grc' dir='ltr'>φλέϐας</span> <span class='ocrx_word' id='word_1_50' title='bbox 1225 873 1322 927; x_wconf 76' lang='grc' dir='ltr'>καὶ</span> <span class='ocrx_word' id='word_1_51' title='bbox 1367 873 1652 944; x_wconf 78' lang='grc' dir='ltr'>ἀρτηρίας,</span> 
     </span>
    </p>
   </div>
   <div class='ocr_carea' id='block_1_8' title="bbox 100 965 1651 1043">
    <p class='ocr_par' dir='ltr' id='par_1_8' title="bbox 100 965 1651 1043">
     <span class='ocr_line' id='line_1_8' title="bbox 100 965 1651 1043; baseline -0.003 -21"><span class='ocrx_word' id='word_1_52' title='bbox 100 975 169 1030; x_wconf 61' lang='grc' dir='ltr'>καὶ</span> <span class='ocrx_word' id='word_1_53' title='bbox 207 972 297 1043; x_wconf 78' lang='grc' dir='ltr'><strong>τὴν</strong></span> <span class='ocrx_word' id='word_1_54' title='bbox 339 970 545 1040; x_wconf 80' lang='grc' dir='ltr'><strong>σάρκα,</strong></span> <span class='ocrx_word' id='word_1_55' title='bbox 570 970 664 1022; x_wconf 77' lang='grc' dir='ltr'>καὶ</span> <span class='ocrx_word' id='word_1_56' title='bbox 702 968 770 1022; x_wconf 80' lang='grc' dir='ltr'><strong>τά</strong></span> <span class='ocrx_word' id='word_1_57' title='bbox 799 967 996 1039; x_wconf 75' lang='grc' dir='ltr'>νεῦρα’</span> <span class='ocrx_word' id='word_1_58' title='bbox 1036 967 1158 1021; x_wconf 87' lang='grc' dir='ltr'>καθ’</span> <span class='ocrx_word' id='word_1_59' title='bbox 1181 966 1248 1037; x_wconf 79' lang='grc' dir='ltr'>ῆν</span> <span class='ocrx_word' id='word_1_60' title='bbox 1282 965 1510 1035; x_wconf 84' lang='grc' dir='ltr'>δύναμιν</span> <span class='ocrx_word' id='word_1_61' title='bbox 1543 965 1651 1017; x_wconf 86' lang='grc' dir='ltr'>τῶν</span> 
     </span>
    </p>
   </div>
   <div class='ocr_carea' id='block_1_9' title="bbox 102 1056 1655 1134">
    <p class='ocr_par' dir='ltr' id='par_1_9' title="bbox 102 1056 1655 1134">
     <span class='ocr_line' id='line_1_9' title="bbox 102 1056 1655 1134; baseline -0.006 -15"><span class='ocrx_word' id='word_1_62' title='bbox 102 1063 330 1134; x_wconf 70' lang='grc' dir='ltr'>αἰσθητῶν</span> <span class='ocrx_word' id='word_1_63' title='bbox 359 1061 906 1134; x_wconf 67' lang='grc' dir='ltr'>ἀντιλαμϐανόμεθα·</span> <span class='ocrx_word' id='word_1_64' title='bbox 941 1060 1039 1132; x_wconf 83' lang='grc' dir='ltr'><strong>τὴν</strong></span> <span class='ocrx_word' id='word_1_65' title='bbox 1058 1060 1116 1114; x_wconf 81' lang='grc' dir='ltr'>δὲ</span> <span class='ocrx_word' id='word_1_66' title='bbox 1153 1058 1496 1129; x_wconf 81' lang='grc' dir='ltr'><strong>δοξαστικὴν,</strong></span> <span class='ocrx_word' id='word_1_67' title='bbox 1529 1056 1655 1112; x_wconf 79' lang='grc' dir='ltr'>καθ’</span> 
     </span>
    </p>
   </div>
   <div class='ocr_carea' id='block_1_10' title="bbox 102 1140 1652 1227">
    <p class='ocr_par' dir='ltr' id='par_1_10' title="bbox 102 1140 1652 1227">
     <span class='ocr_line' id='line_1_10' title="bbox 102 1140 1652 1227; baseline -0.005 -18"><span class='ocrx_word' id='word_1_68' title='bbox 102 1157 148 1227; x_wconf 78' lang='grc' dir='ltr'>ῆν</span> <span class='ocrx_word' id='word_1_69' title='bbox 170 1140 327 1226; x_wconf 85' lang='grc' dir='ltr'>κρίνει</span> <span class='ocrx_word' id='word_1_70' title='bbox 367 1152 440 1206; x_wconf 73' lang='grc' dir='ltr'><strong>τά</strong></span> <span class='ocrx_word' id='word_1_71' title='bbox 472 1154 738 1224; x_wconf 77' lang='grc' dir='ltr'>αἰσθητά·</span> <span class='ocrx_word' id='word_1_72' title='bbox 771 1153 865 1207; x_wconf 75' lang='grc' dir='ltr'>καὶ</span> <span class='ocrx_word' id='word_1_73' title='bbox 896 1153 993 1224; x_wconf 81' lang='grc' dir='ltr'>τὴν</span> <span class='ocrx_word' id='word_1_74' title='bbox 1015 1151 1404 1221; x_wconf 76' lang='grc' dir='ltr'><strong>φανταστικὴν,</strong></span> <span class='ocrx_word' id='word_1_75' title='bbox 1435 1149 1555 1203; x_wconf 87' lang='grc' dir='ltr'>καθ’</span> <span class='ocrx_word' id='word_1_76' title='bbox 1586 1149 1652 1220; x_wconf 83' lang='grc' dir='ltr'><strong>ῆν</strong></span> 
     </span>
    </p>
   </div>
   <div class='ocr_carea' id='block_1_11' title="bbox 99 1241 1652 1317">
    <p class='ocr_par' dir='ltr' id='par_1_11' title="bbox 99 1241 1652 1317">
     <span class='ocr_line' id='line_1_11' title="bbox 99 1241 1652 1317; baseline -0.006 -15"><span class='ocrx_word' id='word_1_77' title='bbox 99 1246 387 1317; x_wconf 78' lang='grc' dir='ltr'>φαντάζεται</span> <span class='ocrx_word' id='word_1_78' title='bbox 418 1246 491 1300; x_wconf 83' lang='grc' dir='ltr'>τὰ</span> <span class='ocrx_word' id='word_1_79' title='bbox 526 1246 759 1317; x_wconf 76' lang='grc' dir='ltr'>αἰσθητά</span> <span class='ocrx_word' id='word_1_80' title='bbox 778 1262 790 1275; x_wconf 90' lang='grc'><strong>·</strong></span> <span class='ocrx_word' id='word_1_81' title='bbox 825 1243 1282 1316; x_wconf 78' lang='grc' dir='ltr'>άναζωγραφικὴν</span> <span class='ocrx_word' id='word_1_82' title='bbox 1327 1243 1404 1308; x_wconf 82' lang='grc' dir='ltr'><strong>δὲ,</strong></span> <span class='ocrx_word' id='word_1_83' title='bbox 1435 1241 1555 1295; x_wconf 81' lang='grc' dir='ltr'>καθ’</span> <span class='ocrx_word' id='word_1_84' title='bbox 1586 1242 1652 1312; x_wconf 76' lang='grc' dir='ltr'>ἢν</span> 
     </span>
    </p>
   </div>
   <div class='ocr_carea' id='block_1_12' title="bbox 98 1335 1647 1411">
    <p class='ocr_par' dir='ltr' id='par_1_12' title="bbox 98 1335 1647 1411">
     <span class='ocr_line' id='line_1_12' title="bbox 98 1335 1647 1411; baseline -0.006 -15"><span class='ocrx_word' id='word_1_85' title='bbox 98 1340 417 1396; x_wconf 64' lang='grc' dir='ltr'>ἀναπλάττειθ</span> <span class='ocrx_word' id='word_1_86' title='bbox 451 1340 552 1394; x_wconf 75' lang='grc' dir='ltr'><strong>καὶ</strong></span> <span class='ocrx_word' id='word_1_87' title='bbox 593 1338 1045 1411; x_wconf 80' lang='grc' dir='ltr'>μνημονευτικὴν,</span> <span class='ocrx_word' id='word_1_88' title='bbox 1076 1337 1196 1390; x_wconf 86' lang='grc' dir='ltr'>καθ’</span> <span class='ocrx_word' id='word_1_89' title='bbox 1228 1336 1297 1407; x_wconf 73' lang='grc' dir='ltr'>ἢν</span> <span class='ocrx_word' id='word_1_90' title='bbox 1341 1335 1647 1406; x_wconf 89' lang='grc' dir='ltr'>μέμνηται·</span> 
     </span>
    </p>
   </div>
   <div class='ocr_carea' id='block_1_13' title="bbox 104 1425 1649 1505">
    <p class='ocr_par' dir='ltr' id='par_1_13' title="bbox 104 1425 1649 1505">
     <span class='ocr_line' id='line_1_13' title="bbox 104 1425 1649 1505; baseline -0.004 -20"><span class='ocrx_word' id='word_1_91' title='bbox 104 1433 346 1505; x_wconf 62' lang='grc' dir='ltr'>ἱρεκτικην</span> <span class='ocrx_word' id='word_1_92' title='bbox 389 1432 472 1499; x_wconf 81' lang='grc' dir='ltr'><strong>δὲ,</strong></span> <span class='ocrx_word' id='word_1_93' title='bbox 508 1431 635 1485; x_wconf 83' lang='grc' dir='ltr'>καθ’</span> <span class='ocrx_word' id='word_1_94' title='bbox 662 1432 728 1503; x_wconf 82' lang='grc' dir='ltr'>ἢν</span> <span class='ocrx_word' id='word_1_95' title='bbox 773 1431 1044 1503; x_wconf 78' lang='grc' dir='ltr'><strong>ὀρέγεται,</strong></span> <span class='ocrx_word' id='word_1_96' title='bbox 1077 1430 1172 1482; x_wconf 74' lang='grc' dir='ltr'><strong>καὶ</strong></span> <span class='ocrx_word' id='word_1_97' title='bbox 1224 1431 1364 1482; x_wconf 86' lang='grc' dir='ltr'><strong>κινεῖ</strong></span> <span class='ocrx_word' id='word_1_98' title='bbox 1406 1428 1469 1480; x_wconf 83' lang='grc' dir='ltr'>τὸ</span> <span class='ocrx_word' id='word_1_99' title='bbox 1513 1425 1649 1492; x_wconf 81' lang='grc' dir='ltr'>ζῶον</span> 
     </span>
    </p>
   </div>
   <div class='ocr_carea' id='block_1_14' title="bbox 110 1518 1651 1595">
    <p class='ocr_par' dir='ltr' id='par_1_14' title="bbox 110 1518 1651 1595">
     <span class='ocr_line' id='line_1_14' title="bbox 110 1518 1651 1595; baseline -0.008 -13"><span class='ocrx_word' id='word_1_100' title='bbox 110 1527 207 1584; x_wconf 73' lang='grc' dir='ltr'>ιατά</span> <span class='ocrx_word' id='word_1_101' title='bbox 229 1528 415 1581; x_wconf 83' lang='grc' dir='ltr'>τόπον·</span> <span class='ocrx_word' id='word_1_102' title='bbox 450 1526 551 1580; x_wconf 56' lang='grc' dir='ltr'><strong>καλ⁹</strong></span> <span class='ocrx_word' id='word_1_103' title='bbox 580 1524 917 1595; x_wconf 78' lang='grc' dir='ltr'>εἰκαστικὴν,</span> <span class='ocrx_word' id='word_1_104' title='bbox 947 1523 1039 1576; x_wconf 73' lang='grc' dir='ltr'><strong>καὶ</strong></span> <span class='ocrx_word' id='word_1_105' title='bbox 1078 1520 1352 1591; x_wconf 84' lang='grc' dir='ltr'>θυμοειδῆ,</span> <span class='ocrx_word' id='word_1_106' title='bbox 1388 1520 1483 1573; x_wconf 69' lang='grc' dir='ltr'><strong>καὶ</strong></span> <span class='ocrx_word' id='word_1_107' title='bbox 1520 1518 1651 1571; x_wconf 81' lang='grc' dir='ltr'>ὲπι-</span> 
     </span>
    </p>
   </div>
   <div class='ocr_carea' id='block_1_15' title="bbox 104 1611 1651 1694">
    <p class='ocr_par' dir='ltr' id='par_1_15' title="bbox 104 1611 1651 1694">
     <span class='ocr_line' id='line_1_15' title="bbox 104 1611 1651 1694; baseline -0.008 -19"><span class='ocrx_word' id='word_1_108' title='bbox 104 1623 387 1694; x_wconf 61' lang='grc' dir='ltr'><strong>Ἰιυμητικήν.</strong></span> <span class='ocrx_word' id='word_1_109' title='bbox 424 1619 649 1682; x_wconf 78' lang='grc' dir='ltr'>Ταύτας</span> <span class='ocrx_word' id='word_1_110' title='bbox 697 1617 807 1688; x_wconf 85' lang='grc' dir='ltr'>γὰρ</span> <span class='ocrx_word' id='word_1_111' title='bbox 836 1616 948 1687; x_wconf 77' lang='grc' dir='ltr'>ἔχει</span> <span class='ocrx_word' id='word_1_112' title='bbox 975 1614 1233 1685; x_wconf 80' lang='grc' dir='ltr'>δυνάμεις</span> <span class='ocrx_word' id='word_1_113' title='bbox 1267 1611 1477 1685; x_wconf 78' lang='grc' dir='ltr'>σώματι</span> <span class='ocrx_word' id='word_1_114' title='bbox 1503 1629 1651 1682; x_wconf 88' lang='grc' dir='ltr'>χρω-</span> 
     </span>
    </p>
   </div>
   <div class='ocr_carea' id='block_1_16' title="bbox 112 1702 1653 1785">
    <p class='ocr_par' dir='ltr' id='par_1_16' title="bbox 112 1702 1653 1785">
     <span class='ocr_line' id='line_1_16' title="bbox 112 1702 1653 1785; baseline -0.008 -17"><span class='ocrx_word' id='word_1_115' title='bbox 112 1714 201 1785; x_wconf 81' lang='grc' dir='ltr'>ιὲνη</span> <span class='ocrx_word' id='word_1_116' title='bbox 230 1716 284 1766; x_wconf 78' lang='grc' dir='ltr'>ὲν</span> <span class='ocrx_word' id='word_1_117' title='bbox 314 1712 395 1784; x_wconf 84' lang='grc' dir='ltr'>τῷ</span> <span class='ocrx_word' id='word_1_118' title='bbox 428 1710 613 1782; x_wconf 82' lang='grc' dir='ltr'>ἀλόγῳ</span> <span class='ocrx_word' id='word_1_119' title='bbox 643 1709 811 1779; x_wconf 81' lang='grc' dir='ltr'>αὐτῆς</span> <span class='ocrx_word' id='word_1_120' title='bbox 842 1707 1017 1780; x_wconf 75' lang='grc' dir='ltr'>μέρει.</span> <span class='ocrx_word' id='word_1_121' title='bbox 1062 1705 1217 1760; x_wconf 79' lang='grc' dir='ltr'>Μετὰ</span> <span class='ocrx_word' id='word_1_122' title='bbox 1260 1704 1318 1758; x_wconf 84' lang='grc' dir='ltr'>δὲ</span> <span class='ocrx_word' id='word_1_123' title='bbox 1363 1703 1592 1757; x_wconf 84' lang='grc' dir='ltr'>θάνατον</span> <span class='ocrx_word' id='word_1_124' title='bbox 1624 1702 1653 1756; x_wconf 84' lang='grc' dir='ltr'><strong>ό</strong></span> 
     </span>
    </p>
   </div>
   <div class='ocr_carea' id='block_1_17' title="bbox 116 1795 1411 1877">
    <p class='ocr_par' dir='ltr' id='par_1_17' title="bbox 116 1795 1411 1877">
     <span class='ocr_line' id='line_1_17' title="bbox 116 1795 1411 1877; baseline -0.006 -18"><span class='ocrx_word' id='word_1_125' title='bbox 116 1804 190 1869; x_wconf 85' lang='grc' dir='ltr'><strong>οῦς</strong></span> <span class='ocrx_word' id='word_1_126' title='bbox 219 1805 371 1877; x_wconf 81' lang='grc' dir='ltr'>μόνος</span> <span class='ocrx_word' id='word_1_127' title='bbox 404 1804 564 1857; x_wconf 77' lang='grc' dir='ltr'>ἔσται</span> <span class='ocrx_word' id='word_1_128' title='bbox 593 1802 847 1873; x_wconf 80' lang='grc' dir='ltr'>ἐνεργῶν,</span> <span class='ocrx_word' id='word_1_129' title='bbox 880 1799 1084 1853; x_wconf 78' lang='grc' dir='ltr'>τούτων</span> <span class='ocrx_word' id='word_1_130' title='bbox 1110 1795 1411 1870; x_wconf 82' lang='grc' dir='ltr'>ἀργουσῶν.</span> 
     </span>
    </p>
   </div>
   <div class='ocr_carea' id='block_1_18' title="bbox 1759 688 3336 759">
    <p class='ocr_par' dir='ltr' id='par_1_18' title="bbox 1759 688 3336 759">
     <span class='ocr_line' id='line_1_18' title="bbox 1759 688 3336 759; baseline 0 -15"><span class='ocrx_word' id='word_1_131' title='bbox 1759 696 1814 744; x_wconf 90' lang='lat' dir='ltr'><strong>et</strong></span> <span class='ocrx_word' id='word_1_132' title='bbox 1846 689 2121 759; x_wconf 80' lang='lat' dir='ltr'><strong>sigillatim</strong></span> <span class='ocrx_word' id='word_1_133' title='bbox 2151 688 2282 744; x_wconf 89' lang='lat' dir='ltr'><strong>foris</strong></span> <span class='ocrx_word' id='word_1_134' title='bbox 2307 695 2627 759; x_wconf 78' lang='lat' dir='ltr'><strong>operantur,</strong></span> <span class='ocrx_word' id='word_1_135' title='bbox 2660 702 2783 741; x_wconf 91' lang='lat' dir='ltr'><strong>cum</strong></span> <span class='ocrx_word' id='word_1_136' title='bbox 2817 702 3043 742; x_wconf 81' lang='lat' dir='ltr'><strong>necesse</strong></span> <span class='ocrx_word' id='word_1_137' title='bbox 3068 688 3255 755; x_wconf 88' lang='lat' dir='ltr'><strong>fuerit;</strong></span> <span class='ocrx_word' id='word_1_138' title='bbox 3279 695 3336 744; x_wconf 87' lang='lat' dir='ltr'><strong>et</strong></span> 
     </span>
    </p>
   </div>
   <div class='ocr_carea' id='block_1_19' title="bbox 1758 779 3333 851">
    <p class='ocr_par' dir='ltr' id='par_1_19' title="bbox 1758 779 3333 851">
     <span class='ocr_line' id='line_1_19' title="bbox 1758 779 3333 851; baseline 0.002 -18"><span class='ocrx_word' id='word_1_139' title='bbox 1758 781 1941 835; x_wconf 90' lang='lat' dir='ltr'><strong>anima</strong></span> <span class='ocrx_word' id='word_1_140' title='bbox 1969 795 2160 835; x_wconf 89' lang='lat' dir='ltr'><strong>omnes</strong></span> <span class='ocrx_word' id='word_1_141' title='bbox 2194 780 2481 836; x_wconf 72' lang='lat' dir='ltr'><strong>facultates</strong></span> <span class='ocrx_word' id='word_1_142' title='bbox 2511 779 2566 834; x_wconf 90' lang='lat' dir='ltr'><strong>in</strong></span> <span class='ocrx_word' id='word_1_143' title='bbox 2595 780 2774 849; x_wconf 89' lang='lat' dir='ltr'><strong>seipsa</strong></span> <span class='ocrx_word' id='word_1_144' title='bbox 2801 779 2964 834; x_wconf 87' lang='lat' dir='ltr'><strong>simul</strong></span> <span class='ocrx_word' id='word_1_145' title='bbox 2995 779 3176 845; x_wconf 87' lang='lat' dir='ltr'><strong>habet,</strong></span> <span class='ocrx_word' id='word_1_146' title='bbox 3206 782 3333 851; x_wconf 90' lang='lat' dir='ltr'><strong>qui-</strong></span> 
     </span>
    </p>
   </div>
   <div class='ocr_carea' id='block_1_20' title="bbox 1757 866 3335 938">
    <p class='ocr_par' dir='ltr' id='par_1_20' title="bbox 1757 866 3335 938">
     <span class='ocr_line' id='line_1_20' title="bbox 1757 866 3335 938; baseline 0.003 -17"><span class='ocrx_word' id='word_1_147' title='bbox 1757 866 1860 922; x_wconf 85' lang='lat' dir='ltr'><strong>bus</strong></span> <span class='ocrx_word' id='word_1_148' title='bbox 1902 868 2121 937; x_wconf 89' lang='lat' dir='ltr'><strong>corpori</strong></span> <span class='ocrx_word' id='word_1_149' title='bbox 2172 868 2440 937; x_wconf 77' lang='lat' dir='ltr'><strong>providet,</strong></span> <span class='ocrx_word' id='word_1_150' title='bbox 2473 875 2847 923; x_wconf 79' lang='lat' dir='ltr'><strong>verumtamen</strong></span> <span class='ocrx_word' id='word_1_151' title='bbox 2874 868 3022 938; x_wconf 89' lang='lat' dir='ltr'><strong>ipsas</strong></span> <span class='ocrx_word' id='word_1_152' title='bbox 3051 870 3172 925; x_wconf 84' lang='lat' dir='ltr'><strong>sine</strong></span> <span class='ocrx_word' id='word_1_153' title='bbox 3199 885 3335 926; x_wconf 87' lang='lat' dir='ltr'><strong>con-</strong></span> 
     </span>
    </p>
   </div>
   <div class='ocr_carea' id='block_1_21' title="bbox 1755 957 3333 1029">
    <p class='ocr_par' dir='ltr' id='par_1_21' title="bbox 1755 957 3333 1029">
     <span class='ocr_line' id='line_1_21' title="bbox 1755 957 3333 1029; baseline 0.003 -19"><span class='ocrx_word' id='word_1_154' title='bbox 1755 957 1973 1013; x_wconf 81' lang='lat' dir='ltr'><strong>fusione</strong></span> <span class='ocrx_word' id='word_1_155' title='bbox 1996 958 2124 1012; x_wconf 91' lang='lat' dir='ltr'><strong>dum</strong></span> <span class='ocrx_word' id='word_1_156' title='bbox 2156 966 2373 1027; x_wconf 85' lang='lat' dir='ltr'><strong>tempus</strong></span> <span class='ocrx_word' id='word_1_157' title='bbox 2400 967 2505 1021; x_wconf 89' lang='lat' dir='ltr'><strong>est,</strong></span> <span class='ocrx_word' id='word_1_158' title='bbox 2525 957 3065 1023; x_wconf 81' lang='lat' dir='ltr'><strong>exserit,naturalem</strong></span> <span class='ocrx_word' id='word_1_159' title='bbox 3106 958 3333 1029; x_wconf 81' lang='lat' dir='ltr'><strong>quidem</strong></span> 
     </span>
    </p>
   </div>
   <div class='ocr_carea' id='block_1_22' title="bbox 1750 1048 3331 1121">
    <p class='ocr_par' dir='ltr' id='par_1_22' title="bbox 1750 1048 3331 1121">
     <span class='ocr_line' id='line_1_22' title="bbox 1750 1048 3331 1121; baseline 0.001 -16"><span class='ocrx_word' id='word_1_160' title='bbox 1750 1052 1902 1105; x_wconf 83' lang='lat' dir='ltr'><strong>circa</strong></span> <span class='ocrx_word' id='word_1_161' title='bbox 1932 1064 2134 1120; x_wconf 89' lang='lat' dir='ltr'><strong>corpus</strong></span> <span class='ocrx_word' id='word_1_162' title='bbox 2161 1064 2424 1104; x_wconf 77' lang='lat' dir='ltr'><strong>exercens</strong></span> <span class='ocrx_word' id='word_1_163' title='bbox 2454 1048 2910 1120; x_wconf 88' lang='lat' dir='ltr'><strong>facultatem,qua</strong></span> <span class='ocrx_word' id='word_1_164' title='bbox 2934 1050 3114 1121; x_wconf 88' lang='lat' dir='ltr'><strong>ipsum</strong></span> <span class='ocrx_word' id='word_1_165' title='bbox 3136 1053 3331 1120; x_wconf 84' lang='lat' dir='ltr'><strong>nutrit,</strong></span> 
     </span>
    </p>
   </div>
   <div class='ocr_carea' id='block_1_23' title="bbox 1753 1126 3333 1213">
    <p class='ocr_par' dir='ltr' id='par_1_23' title="bbox 1753 1126 3333 1213">
     <span class='ocr_line' id='line_1_23' title="bbox 1753 1126 3333 1213; baseline 0.003 -15"><span class='ocrx_word' id='word_1_166' title='bbox 1753 1151 1935 1213; x_wconf 79' lang='lat' dir='ltr'><strong>auget,</strong></span> <span class='ocrx_word' id='word_1_167' title='bbox 1972 1150 2136 1213; x_wconf 87' lang='lat' dir='ltr'><strong>atque</strong></span> <span class='ocrx_word' id='word_1_168' title='bbox 2164 1150 2350 1212; x_wconf 90' lang='lat' dir='ltr'><strong>aptum</strong></span> <span class='ocrx_word' id='word_1_169' title='bbox 2384 1141 2452 1195; x_wconf 90' lang='lat' dir='ltr'><strong>ad</strong></span> <span class='ocrx_word' id='word_1_170' title='bbox 2480 1126 2888 1212; x_wconf 69' lang='lat' dir='ltr'><strong>generationem</strong></span> <span class='ocrx_word' id='word_1_171' title='bbox 2914 1143 3112 1209; x_wconf 83' lang='lat' dir='ltr'><strong>eflicit;</strong></span> <span class='ocrx_word' id='word_1_172' title='bbox 3156 1148 3333 1202; x_wconf 87' lang='lat' dir='ltr'><strong>sensi-</strong></span> 
     </span>
    </p>
   </div>
   <div class='ocr_carea' id='block_1_24' title="bbox 1751 1231 3330 1304">
    <p class='ocr_par' dir='ltr' id='par_1_24' title="bbox 1751 1231 3330 1304">
     <span class='ocr_line' id='line_1_24' title="bbox 1751 1231 3330 1304; baseline 0.002 -15"><span class='ocrx_word' id='word_1_173' title='bbox 1751 1236 1857 1290; x_wconf 90' lang='lat' dir='ltr'><strong>lem</strong></span> <span class='ocrx_word' id='word_1_174' title='bbox 1890 1250 2020 1290; x_wconf 86' lang='lat' dir='ltr'><strong>vero</strong></span> <span class='ocrx_word' id='word_1_175' title='bbox 2048 1241 2264 1289; x_wconf 80' lang='lat' dir='ltr'><strong>exercet</strong></span> <span class='ocrx_word' id='word_1_176' title='bbox 2302 1231 2618 1288; x_wconf 82' lang='lat' dir='ltr'><strong>facultatem</strong></span> <span class='ocrx_word' id='word_1_177' title='bbox 2662 1234 2813 1288; x_wconf 89' lang='lat' dir='ltr'><strong>circa</strong></span> <span class='ocrx_word' id='word_1_178' title='bbox 2855 1249 3046 1299; x_wconf 85' lang='lat' dir='ltr'><strong>venas,</strong></span> <span class='ocrx_word' id='word_1_179' title='bbox 3078 1238 3330 1304; x_wconf 84' lang='lat' dir='ltr'><strong>arterias,</strong></span> 
     </span>
    </p>
   </div>
   <div class='ocr_carea' id='block_1_25' title="bbox 1740 1324 3337 1397">
    <p class='ocr_par' dir='ltr' id='par_1_25' title="bbox 1740 1324 3337 1397">
     <span class='ocr_line' id='line_1_25' title="bbox 1740 1324 3337 1397; baseline -0.001 -14"><span class='ocrx_word' id='word_1_180' title='bbox 1740 1343 1973 1383; x_wconf 78' lang='lat' dir='ltr'><strong>carnem</strong></span> <span class='ocrx_word' id='word_1_181' title='bbox 2024 1341 2089 1381; x_wconf 92' lang='lat' dir='ltr'><strong>ac</strong></span> <span class='ocrx_word' id='word_1_182' title='bbox 2132 1341 2352 1390; x_wconf 84' lang='lat' dir='ltr'><strong>nervos,</strong></span> <span class='ocrx_word' id='word_1_183' title='bbox 2384 1340 2491 1396; x_wconf 90' lang='lat' dir='ltr'><strong>qua</strong></span> <span class='ocrx_word' id='word_1_184' title='bbox 2521 1324 2777 1379; x_wconf 82' lang='lat' dir='ltr'><strong>facultate</strong></span> <span class='ocrx_word' id='word_1_185' title='bbox 2823 1325 3045 1381; x_wconf 87' lang='lat' dir='ltr'><strong>sensilia</strong></span> <span class='ocrx_word' id='word_1_186' title='bbox 3096 1326 3337 1397; x_wconf 89' lang='lat' dir='ltr'><strong>percipi-</strong></span> 
     </span>
    </p>
   </div>
   <div class='ocr_carea' id='block_1_26' title="bbox 1754 1416 3337 1489">
    <p class='ocr_par' dir='ltr' id='par_1_26' title="bbox 1754 1416 3337 1489">
     <span class='ocr_line' id='line_1_26' title="bbox 1754 1416 3337 1489; baseline -0.002 -14"><span class='ocrx_word' id='word_1_187' title='bbox 1754 1436 1914 1485; x_wconf 89' lang='lat' dir='ltr'><strong>mus;</strong></span> <span class='ocrx_word' id='word_1_188' title='bbox 1942 1417 2201 1489; x_wconf 88' lang='lat' dir='ltr'><strong>opinandi</strong></span> <span class='ocrx_word' id='word_1_189' title='bbox 2228 1424 2409 1471; x_wconf 87' lang='lat' dir='ltr'><strong>autem</strong></span> <span class='ocrx_word' id='word_1_190' title='bbox 2439 1416 2778 1480; x_wconf 82' lang='lat' dir='ltr'><strong>facultatem,</strong></span> <span class='ocrx_word' id='word_1_191' title='bbox 2806 1430 2914 1485; x_wconf 90' lang='lat' dir='ltr'><strong>qua</strong></span> <span class='ocrx_word' id='word_1_192' title='bbox 2949 1417 3172 1472; x_wconf 84' lang='lat' dir='ltr'><strong>sensilia</strong></span> <span class='ocrx_word' id='word_1_193' title='bbox 3194 1416 3337 1487; x_wconf 85' lang='lat' dir='ltr'><strong>judi-</strong></span> 
     </span>
    </p>
   </div>
   <div class='ocr_carea' id='block_1_27' title="bbox 1751 1507 3336 1580">
    <p class='ocr_par' dir='ltr' id='par_1_27' title="bbox 1751 1507 3336 1580">
     <span class='ocr_line' id='line_1_27' title="bbox 1751 1507 3336 1580; baseline -0.004 -10"><span class='ocrx_word' id='word_1_194' title='bbox 1751 1521 1859 1577; x_wconf 88' lang='lat' dir='ltr'><strong>cat,</strong></span> <span class='ocrx_word' id='word_1_195' title='bbox 1894 1527 1958 1567; x_wconf 90' lang='lat' dir='ltr'><strong>ac</strong></span> <span class='ocrx_word' id='word_1_196' title='bbox 1988 1510 2420 1580; x_wconf 76' lang='lat' dir='ltr'><strong>imaginativam,</strong></span> <span class='ocrx_word' id='word_1_197' title='bbox 2448 1522 2557 1577; x_wconf 88' lang='lat' dir='ltr'><strong>qua</strong></span> <span class='ocrx_word' id='word_1_198' title='bbox 2597 1507 2820 1562; x_wconf 82' lang='lat' dir='ltr'><strong>sensilia</strong></span> <span class='ocrx_word' id='word_1_199' title='bbox 2848 1508 3203 1579; x_wconf 74' lang='lat' dir='ltr'><strong>imaginatur,</strong></span> <span class='ocrx_word' id='word_1_200' title='bbox 3240 1509 3336 1564; x_wconf 84' lang='lat' dir='ltr'><strong>de-</strong></span> 
     </span>
    </p>
   </div>
   <div class='ocr_carea' id='block_1_28' title="bbox 1753 1598 3335 1675">
    <p class='ocr_par' dir='ltr' id='par_1_28' title="bbox 1753 1598 3335 1675">
     <span class='ocr_line' id='line_1_28' title="bbox 1753 1598 3335 1675; baseline -0.003 -15"><span class='ocrx_word' id='word_1_201' title='bbox 1753 1600 2014 1675; x_wconf 63' lang='lat' dir='ltr'><strong>ﬁngendi</strong></span> <span class='ocrx_word' id='word_1_202' title='bbox 2050 1601 2367 1656; x_wconf 88' lang='lat' dir='ltr'><strong>facultatem</strong></span> <span class='ocrx_word' id='word_1_203' title='bbox 2395 1614 2503 1669; x_wconf 89' lang='lat' dir='ltr'><strong>qua</strong></span> <span class='ocrx_word' id='word_1_204' title='bbox 2534 1598 2759 1670; x_wconf 80' lang='lat' dir='ltr'><strong>effingit,</strong></span> <span class='ocrx_word' id='word_1_205' title='bbox 2787 1600 3181 1659; x_wconf 86' lang='lat' dir='ltr'><strong>reminiscendi</strong></span> <span class='ocrx_word' id='word_1_206' title='bbox 3206 1616 3335 1656; x_wconf 82' lang='lat' dir='ltr'><strong>vero</strong></span> 
     </span>
    </p>
   </div>
   <div class='ocr_carea' id='block_1_29' title="bbox 1753 1688 3337 1761">
    <p class='ocr_par' dir='ltr' id='par_1_29' title="bbox 1753 1688 3337 1761">
     <span class='ocr_line' id='line_1_29' title="bbox 1753 1688 3337 1761; baseline -0.002 -14"><span class='ocrx_word' id='word_1_207' title='bbox 1753 1690 2067 1747; x_wconf 82' lang='lat' dir='ltr'><strong>facultatem</strong></span> <span class='ocrx_word' id='word_1_208' title='bbox 2114 1704 2222 1759; x_wconf 91' lang='lat' dir='ltr'><strong>qua</strong></span> <span class='ocrx_word' id='word_1_209' title='bbox 2265 1688 2533 1750; x_wconf 83' lang='lat' dir='ltr'><strong>meminit,</strong></span> <span class='ocrx_word' id='word_1_210' title='bbox 2568 1689 2856 1757; x_wconf 86' lang='lat' dir='ltr'><strong>appetendi</strong></span> <span class='ocrx_word' id='word_1_211' title='bbox 2887 1697 3070 1745; x_wconf 87' lang='lat' dir='ltr'><strong>autem</strong></span> <span class='ocrx_word' id='word_1_212' title='bbox 3102 1705 3337 1761; x_wconf 63' lang='lat' dir='ltr'><strong>quaep-</strong></span> 
     </span>
    </p>
   </div>
   <div class='ocr_carea' id='block_1_30' title="bbox 1756 1781 3335 1857">
    <p class='ocr_par' dir='ltr' id='par_1_30' title="bbox 1756 1781 3335 1857">
     <span class='ocr_line' id='line_1_30' title="bbox 1756 1781 3335 1857; baseline -0.001 -19"><span class='ocrx_word' id='word_1_213' title='bbox 1756 1785 1912 1857; x_wconf 84' lang='lat' dir='ltr'><strong>petit,</strong></span> <span class='ocrx_word' id='word_1_214' title='bbox 1945 1791 2000 1838; x_wconf 91' lang='lat' dir='ltr'><strong>et</strong></span> <span class='ocrx_word' id='word_1_215' title='bbox 2027 1781 2230 1838; x_wconf 87' lang='lat' dir='ltr'><strong>animal</strong></span> <span class='ocrx_word' id='word_1_216' title='bbox 2251 1782 2372 1836; x_wconf 91' lang='lat' dir='ltr'><strong>loco</strong></span> <span class='ocrx_word' id='word_1_217' title='bbox 2402 1788 2603 1845; x_wconf 82' lang='lat' dir='ltr'><strong>movet,</strong></span> <span class='ocrx_word' id='word_1_218' title='bbox 2643 1795 2708 1836; x_wconf 89' lang='lat' dir='ltr'><strong>ac</strong></span> <span class='ocrx_word' id='word_1_219' title='bbox 2748 1782 3112 1848; x_wconf 87' lang='lat' dir='ltr'><strong>assimilaudi,</strong></span> <span class='ocrx_word' id='word_1_220' title='bbox 3140 1793 3194 1840; x_wconf 88' lang='lat' dir='ltr'><strong>et</strong></span> <span class='ocrx_word' id='word_1_221' title='bbox 3224 1784 3335 1838; x_wconf 87' lang='lat' dir='ltr'><strong>ira-</strong></span> 
     </span>
    </p>
   </div>
   <div class='ocr_carea' id='block_1_31' title="bbox 92 1876 3336 1965">
    <p class='ocr_par' dir='ltr' id='par_1_31' title="bbox 92 1876 3336 1965">
     <span class='ocr_line' id='line_1_31' title="bbox 92 1876 3336 1965; baseline -0.006 -14"><span class='ocrx_word' id='word_1_222' title='bbox 92 1876 304 1952; x_wconf 86' lang='lat' dir='ltr'><strong>scibilem</strong></span> <span class='ocrx_word' id='word_1_223' title='bbox 350 1903 523 1965; x_wconf 89' lang='lat' dir='ltr'><strong>atque</strong></span> <span class='ocrx_word' id='word_1_224' title='bbox 557 1893 1077 1964; x_wconf 77' lang='lat' dir='ltr'><strong>concupiscibilem;</strong></span> <span class='ocrx_word' id='word_1_225' title='bbox 1111 1891 1213 1945; x_wconf 88' lang='lat' dir='ltr'><strong>has</strong></span> <span class='ocrx_word' id='word_1_226' title='bbox 1270 1892 1412 1944; x_wconf 81' lang='lat' dir='ltr'><strong>enim</strong></span> <span class='ocrx_word' id='word_1_227' title='bbox 1441 1885 1605 1941; x_wconf 82' lang='lat' dir='ltr'><strong>habet</strong></span> <span class='ocrx_word' id='word_1_228' title='bbox 1647 1881 1936 1937; x_wconf 85' lang='lat' dir='ltr'><strong>facultates</strong></span> <span class='ocrx_word' id='word_1_229' title='bbox 1974 1892 2099 1932; x_wconf 90' lang='lat' dir='ltr'><strong>cum</strong></span> <span class='ocrx_word' id='word_1_230' title='bbox 2129 1890 2360 1945; x_wconf 87' lang='lat' dir='ltr'><strong>corpore</strong></span> <span class='ocrx_word' id='word_1_231' title='bbox 2381 1876 2577 1941; x_wconf 89' lang='lat' dir='ltr'><strong>utitur,</strong></span> <span class='ocrx_word' id='word_1_232' title='bbox 2600 1876 2654 1929; x_wconf 91' lang='lat' dir='ltr'><strong>in</strong></span> <span class='ocrx_word' id='word_1_233' title='bbox 2687 1888 2785 1931; x_wconf 84' lang='lat' dir='ltr'><strong>sua</strong></span> <span class='ocrx_word' id='word_1_234' title='bbox 2834 1876 3067 1932; x_wconf 81' lang='lat' dir='ltr'><strong>rationis</strong></span> <span class='ocrx_word' id='word_1_235' title='bbox 3113 1884 3336 1948; x_wconf 80' lang='lat' dir='ltr'><strong>experte</strong></span> 
     </span>
    </p>
   </div>
   <div class='ocr_carea' id='block_1_32' title="bbox 92 1966 2152 2061">
    <p class='ocr_par' dir='ltr' id='par_1_32' title="bbox 92 1966 2152 2061">
     <span class='ocr_line' id='line_1_32' title="bbox 92 1966 2152 2061; baseline -0.012 -16"><span class='ocrx_word' id='word_1_236' title='bbox 92 1997 247 2061; x_wconf 82' lang='lat' dir='ltr'><strong>parte;</strong></span> <span class='ocrx_word' id='word_1_237' title='bbox 290 1995 418 2061; x_wconf 91' lang='lat' dir='ltr'><strong>post</strong></span> <span class='ocrx_word' id='word_1_238' title='bbox 468 1994 702 2042; x_wconf 89' lang='lat' dir='ltr'><strong>mortem</strong></span> <span class='ocrx_word' id='word_1_239' title='bbox 741 2000 871 2040; x_wconf 87' lang='lat' dir='ltr'><strong>vero</strong></span> <span class='ocrx_word' id='word_1_240' title='bbox 916 1998 1073 2038; x_wconf 90' lang='lat' dir='ltr'><strong>mens</strong></span> <span class='ocrx_word' id='word_1_241' title='bbox 1122 1983 1239 2037; x_wconf 85' lang='lat' dir='ltr'><strong>sola</strong></span> <span class='ocrx_word' id='word_1_242' title='bbox 1288 1979 1632 2050; x_wconf 86' lang='lat' dir='ltr'><strong>operabitur,</strong></span> <span class='ocrx_word' id='word_1_243' title='bbox 1663 1973 1751 2028; x_wconf 88' lang='lat' dir='ltr'><strong>his</strong></span> <span class='ocrx_word' id='word_1_244' title='bbox 1781 1966 2152 2025; x_wconf 82' lang='lat' dir='ltr'><strong>cessantibus.</strong></span> 
     </span>
    </p>
   </div>
   <div class='ocr_carea' id='block_1_33' title="bbox 144 2064 1646 2165">
    <p class='ocr_par' dir='ltr' id='par_1_33' title="bbox 144 2087 1640 2165">
     <span class='ocr_line' id='line_1_33' title="bbox 144 2087 1640 2165; baseline -0.01 -8"><span class='ocrx_word' id='word_1_245' title='bbox 144 2103 240 2158; x_wconf 79' lang='grc' dir='ltr'><strong>Καὶ</strong></span> <span class='ocrx_word' id='word_1_246' title='bbox 285 2103 359 2156; x_wconf 82' lang='grc' dir='ltr'>τὰ</span> <span class='ocrx_word' id='word_1_247' title='bbox 402 2099 698 2159; x_wconf 77' lang='grc' dir='ltr'><strong>ὁπωσοῦν</strong></span> <span class='ocrx_word' id='word_1_248' title='bbox 743 2099 821 2165; x_wconf 85' lang='grc' dir='ltr'>τῷ</span> <span class='ocrx_word' id='word_1_249' title='bbox 869 2098 1037 2152; x_wconf 71' lang='grc' dir='ltr'>εἶναι.</span> <span class='ocrx_word' id='word_1_250' title='bbox 1101 2095 1195 2149; x_wconf 83' lang='grc' dir='ltr'>Ἐκ</span> <span class='ocrx_word' id='word_1_251' title='bbox 1238 2094 1336 2165; x_wconf 84' lang='grc' dir='ltr'><strong>τῆς</strong></span> <span class='ocrx_word' id='word_1_252' title='bbox 1380 2092 1474 2146; x_wconf 89' lang='grc' dir='ltr'><strong>τοῦ</strong></span> <span class='ocrx_word' id='word_1_253' title='bbox 1505 2087 1640 2143; x_wconf 84' lang='grc' dir='ltr'>Θεοῦ</span> 
     </span>
    </p>
   </div>
   <div class='ocr_carea' id='block_1_34' title="bbox 1755 2064 3329 2165">
    <p class='ocr_par' dir='ltr' id='par_1_34' title="bbox 1816 2076 3329 2150">
     <span class='ocr_line' id='line_1_34' title="bbox 1816 2076 3329 2150; baseline 0.001 -16"><span class='ocrx_word' id='word_1_254' title='bbox 1816 2079 1883 2134; x_wconf 84' lang='grc' dir='ltr'>Ει</span> <span class='ocrx_word' id='word_1_255' title='bbox 1910 2092 2027 2150; x_wconf 65' lang='lat' dir='ltr'><strong>quae</strong></span> <span class='ocrx_word' id='word_1_256' title='bbox 2052 2079 2514 2149; x_wconf 81' lang='lat' dir='ltr'><strong>quomodocunque</strong></span> <span class='ocrx_word' id='word_1_257' title='bbox 2549 2077 2869 2133; x_wconf 73' lang='lat' dir='ltr'><strong>exsislendo.</strong></span> <span class='ocrx_word' id='word_1_258' title='bbox 2902 2076 2981 2130; x_wconf 79' lang='lat' dir='ltr'><strong>Ex</strong></span> <span class='ocrx_word' id='word_1_259' title='bbox 3006 2077 3329 2136; x_wconf 55' lang='lat' dir='ltr'><strong>eminentis-</strong></span> 
     </span>
    </p>
   </div>
   <div class='ocr_carea' id='block_1_35' title="bbox 92 2179 1649 2267">
    <p class='ocr_par' dir='ltr' id='par_1_35' title="bbox 92 2179 1649 2267">
     <span class='ocr_line' id='line_1_35' title="bbox 92 2179 1649 2267; baseline -0.009 -18"><span class='ocrx_word' id='word_1_260' title='bbox 92 2191 540 2267; x_wconf 82' lang='grc' dir='ltr'>ὕπεραγαθότητός</span> <span class='ocrx_word' id='word_1_261' title='bbox 575 2208 738 2262; x_wconf 81' lang='grc' dir='ltr'>φησιν</span> <span class='ocrx_word' id='word_1_262' title='bbox 757 2231 772 2255; x_wconf 91' lang='grc'><strong>,</strong></span> <span class='ocrx_word' id='word_1_263' title='bbox 819 2190 940 2261; x_wconf 82' lang='grc' dir='ltr'>ἥτις</span> <span class='ocrx_word' id='word_1_264' title='bbox 972 2189 1115 2242; x_wconf 77' lang='grc' dir='ltr'>ἐστὶν</span> <span class='ocrx_word' id='word_1_265' title='bbox 1148 2185 1276 2240; x_wconf 73' lang='grc' dir='ltr'>αὐτὸ</span> <span class='ocrx_word' id='word_1_266' title='bbox 1305 2182 1366 2239; x_wconf 84' lang='grc' dir='ltr'>τὸ</span> <span class='ocrx_word' id='word_1_267' title='bbox 1396 2179 1532 2238; x_wconf 79' lang='grc' dir='ltr'>εἶναι</span> <span class='ocrx_word' id='word_1_268' title='bbox 1554 2184 1649 2236; x_wconf 79' lang='grc' dir='ltr'>αῦ-</span> 
     </span>
    </p>
   </div>
   <div class='ocr_carea' id='block_1_36' title="bbox 90 2276 1647 2356">
    <p class='ocr_par' dir='ltr' id='par_1_36' title="bbox 90 2276 1647 2356">
     <span class='ocr_line' id='line_1_36' title="bbox 90 2276 1647 2356; baseline -0.008 -15"><span class='ocrx_word' id='word_1_269' title='bbox 90 2286 275 2341; x_wconf 83' lang='grc' dir='ltr'>τοῦτοῦ</span> <span class='ocrx_word' id='word_1_270' title='bbox 308 2285 476 2350; x_wconf 87' lang='grc' dir='ltr'>Θεοῦ,</span> <span class='ocrx_word' id='word_1_271' title='bbox 511 2287 546 2356; x_wconf 84' lang='grc' dir='ltr'>ἡ</span> <span class='ocrx_word' id='word_1_272' title='bbox 599 2282 831 2354; x_wconf 79' lang='grc' dir='ltr'>ῦπαρξις</span> <span class='ocrx_word' id='word_1_273' title='bbox 875 2281 983 2335; x_wconf 83' lang='grc' dir='ltr'>τῶν</span> <span class='ocrx_word' id='word_1_274' title='bbox 1015 2280 1185 2334; x_wconf 76' lang='grc' dir='ltr'>ὄντων</span> <span class='ocrx_word' id='word_1_275' title='bbox 1206 2320 1220 2343; x_wconf 90' lang='grc'><strong>,</strong></span> <span class='ocrx_word' id='word_1_276' title='bbox 1255 2279 1348 2332; x_wconf 78' lang='grc' dir='ltr'><strong>καὶ</strong></span> <span class='ocrx_word' id='word_1_277' title='bbox 1377 2281 1410 2350; x_wconf 80' lang='grc' dir='ltr'>ἡ</span> <span class='ocrx_word' id='word_1_278' title='bbox 1445 2276 1647 2330; x_wconf 79' lang='grc' dir='ltr'>τούτων</span> 
     </span>
    </p>
   </div>
   <div class='ocr_carea' id='block_1_37' title="bbox 89 2369 1649 2452">
    <p class='ocr_par' dir='ltr' id='par_1_37' title="bbox 89 2369 1649 2452">
     <span class='ocr_line' id='line_1_37' title="bbox 89 2369 1649 2452; baseline -0.009 -17"><span class='ocrx_word' id='word_1_279' title='bbox 89 2380 301 2452; x_wconf 78' lang='grc' dir='ltr'>διαμονή.</span> <span class='ocrx_word' id='word_1_280' title='bbox 339 2378 598 2441; x_wconf 89' lang='grc' dir='ltr'>Ἑνιαίως</span> <span class='ocrx_word' id='word_1_281' title='bbox 631 2377 813 2447; x_wconf 73' lang='grc' dir='ltr'>φησὶν,</span> <span class='ocrx_word' id='word_1_282' title='bbox 847 2375 1015 2446; x_wconf 73' lang='grc' dir='ltr'>ἧγουν</span> <span class='ocrx_word' id='word_1_283' title='bbox 1048 2370 1189 2427; x_wconf 81' lang='grc' dir='ltr'>κατὰ</span> <span class='ocrx_word' id='word_1_284' title='bbox 1222 2370 1399 2441; x_wconf 80' lang='grc' dir='ltr'>ἁπλῆν</span> <span class='ocrx_word' id='word_1_285' title='bbox 1416 2386 1536 2423; x_wconf 92' lang='grc' dir='ltr'>τινα</span> <span class='ocrx_word' id='word_1_286' title='bbox 1558 2369 1649 2422; x_wconf 74' lang='grc' dir='ltr'>καὶ</span> 
     </span>
    </p>
   </div>
   <div class='ocr_carea' id='block_1_38' title="bbox 92 2458 1649 2543">
    <p class='ocr_par' dir='ltr' id='par_1_38' title="bbox 92 2458 1649 2543">
     <span class='ocr_line' id='line_1_38' title="bbox 92 2458 1649 2543; baseline -0.01 -17"><span class='ocrx_word' id='word_1_287' title='bbox 92 2472 414 2543; x_wconf 79' lang='grc' dir='ltr'>περιεκτικὴν</span> <span class='ocrx_word' id='word_1_288' title='bbox 464 2471 577 2524; x_wconf 85' lang='grc' dir='ltr'><strong>τῶν</strong></span> <span class='ocrx_word' id='word_1_289' title='bbox 626 2469 762 2522; x_wconf 77' lang='grc' dir='ltr'>ὅλων</span> <span class='ocrx_word' id='word_1_290' title='bbox 807 2466 1020 2531; x_wconf 87' lang='grc' dir='ltr'>αίτίαν,</span> <span class='ocrx_word' id='word_1_291' title='bbox 1056 2466 1150 2520; x_wconf 69' lang='grc' dir='ltr'><strong>καὶ</strong></span> <span class='ocrx_word' id='word_1_292' title='bbox 1182 2463 1437 2534; x_wconf 76' lang='grc' dir='ltr'>ἄσχετον·</span> <span class='ocrx_word' id='word_1_293' title='bbox 1473 2458 1649 2513; x_wconf 74' lang='grc' dir='ltr'>οὐδενὶ</span> 
     </span>
    </p>
   </div>
   <div class='ocr_carea' id='block_1_39' title="bbox 90 2550 1647 2637">
    <p class='ocr_par' dir='ltr' id='par_1_39' title="bbox 90 2550 1647 2637">
     <span class='ocr_line' id='line_1_39' title="bbox 90 2550 1647 2637; baseline -0.01 -19"><span class='ocrx_word' id='word_1_294' title='bbox 90 2566 176 2637; x_wconf 78' lang='grc' dir='ltr'><strong>γὰρ</strong></span> <span class='ocrx_word' id='word_1_295' title='bbox 203 2564 361 2634; x_wconf 85' lang='grc' dir='ltr'>λόγῳ,</span> <span class='ocrx_word' id='word_1_296' title='bbox 382 2563 417 2635; x_wconf 82' lang='grc' dir='ltr'><strong>ἢ</strong></span> <span class='ocrx_word' id='word_1_297' title='bbox 455 2564 716 2634; x_wconf 76' lang='grc' dir='ltr'>νοήματι,</span> <span class='ocrx_word' id='word_1_298' title='bbox 750 2561 844 2615; x_wconf 74' lang='grc' dir='ltr'><strong>καὶ</strong></span> <span class='ocrx_word' id='word_1_299' title='bbox 868 2558 1151 2630; x_wconf 81' lang='grc' dir='ltr'>πράγματι</span> <span class='ocrx_word' id='word_1_300' title='bbox 1173 2554 1285 2629; x_wconf 78' lang='grc' dir='ltr'>ἔχει</span> <span class='ocrx_word' id='word_1_301' title='bbox 1303 2550 1364 2607; x_wconf 80' lang='grc' dir='ltr'><strong>τὸ</strong></span> <span class='ocrx_word' id='word_1_302' title='bbox 1383 2553 1535 2606; x_wconf 83' lang='grc' dir='ltr'>Θεῖον</span> <span class='ocrx_word' id='word_1_303' title='bbox 1549 2551 1647 2622; x_wconf 75' lang='grc' dir='ltr'>τὴν</span> 
     </span>
    </p>
   </div>
   <div class='ocr_carea' id='block_1_40' title="bbox 89 2642 1647 2729">
    <p class='ocr_par' dir='ltr' id='par_1_40' title="bbox 89 2642 1647 2729">
     <span class='ocr_line' id='line_1_40' title="bbox 89 2642 1647 2729; baseline -0.01 -20"><span class='ocrx_word' id='word_1_304' title='bbox 89 2657 199 2729; x_wconf 75' lang='grc' dir='ltr'>πρὸς</span> <span class='ocrx_word' id='word_1_305' title='bbox 240 2657 306 2711; x_wconf 79' lang='grc' dir='ltr'>τὰ</span> <span class='ocrx_word' id='word_1_306' title='bbox 356 2656 494 2709; x_wconf 76' lang='grc' dir='ltr'>ὄντα</span> <span class='ocrx_word' id='word_1_307' title='bbox 543 2655 725 2725; x_wconf 81' lang='grc' dir='ltr'>σχέσιν</span> <span class='ocrx_word' id='word_1_308' title='bbox 768 2669 827 2705; x_wconf 88' lang='grc' dir='ltr'><strong>τε</strong></span> <span class='ocrx_word' id='word_1_309' title='bbox 877 2651 969 2705; x_wconf 71' lang='grc' dir='ltr'><strong>καὶ</strong></span> <span class='ocrx_word' id='word_1_310' title='bbox 1018 2647 1334 2703; x_wconf 80' lang='grc' dir='ltr'>κοινωνίαν·</span> <span class='ocrx_word' id='word_1_311' title='bbox 1388 2643 1500 2698; x_wconf 84' lang='grc' dir='ltr'>ἀλλ’</span> <span class='ocrx_word' id='word_1_312' title='bbox 1534 2642 1647 2695; x_wconf 79' lang='grc' dir='ltr'>ἔστι</span> 
     </span>
    </p>
   </div>
   <div class='ocr_carea' id='block_1_41' title="bbox 88 2734 1646 2820">
    <p class='ocr_par' dir='ltr' id='par_1_41' title="bbox 88 2734 1646 2820">
     <span class='ocr_line' id='line_1_41' title="bbox 88 2734 1646 2820; baseline -0.009 -19"><span class='ocrx_word' id='word_1_313' title='bbox 88 2752 237 2820; x_wconf 79' lang='grc' dir='ltr'>πάντη</span> <span class='ocrx_word' id='word_1_314' title='bbox 266 2751 359 2803; x_wconf 74' lang='grc' dir='ltr'>καὶ</span> <span class='ocrx_word' id='word_1_315' title='bbox 392 2747 539 2803; x_wconf 79' lang='grc' dir='ltr'>κατὰ</span> <span class='ocrx_word' id='word_1_316' title='bbox 573 2746 748 2800; x_wconf 76' lang='grc' dir='ltr'>πάντα</span> <span class='ocrx_word' id='word_1_317' title='bbox 779 2743 1177 2817; x_wconf 83' lang='grc' dir='ltr'>ὑπερηρμένον,</span> <span class='ocrx_word' id='word_1_318' title='bbox 1206 2738 1349 2812; x_wconf 85' lang='grc' dir='ltr'><strong>μόνῳ</strong></span> <span class='ocrx_word' id='word_1_319' title='bbox 1379 2736 1458 2807; x_wconf 84' lang='grc' dir='ltr'>τῷ</span> <span class='ocrx_word' id='word_1_320' title='bbox 1492 2734 1646 2788; x_wconf 86' lang='grc' dir='ltr'>συνέ-</span> 
     </span>
    </p>
   </div>
   <div class='ocr_carea' id='block_1_42' title="bbox 87 2827 1646 2915">
    <p class='ocr_par' dir='ltr' id='par_1_42' title="bbox 87 2827 1646 2915">
     <span class='ocr_line' id='line_1_42' title="bbox 87 2827 1646 2915; baseline -0.013 -17"><span class='ocrx_word' id='word_1_321' title='bbox 87 2861 179 2915; x_wconf 82' lang='grc' dir='ltr'>χειν</span> <span class='ocrx_word' id='word_1_322' title='bbox 208 2844 295 2897; x_wconf 72' lang='grc' dir='ltr'><strong>καὶ</strong></span> <span class='ocrx_word' id='word_1_323' title='bbox 327 2840 684 2914; x_wconf 83' lang='grc' dir='ltr'>προνοεῖσθαι</span> <span class='ocrx_word' id='word_1_324' title='bbox 715 2836 918 2891; x_wconf 77' lang='grc' dir='ltr'>τούτων</span> <span class='ocrx_word' id='word_1_325' title='bbox 950 2828 1437 2907; x_wconf 66' lang='grc' dir='ltr'>ἐφαπτόμενον,ιῇ</span> <span class='ocrx_word' id='word_1_326' title='bbox 1468 2827 1533 2882; x_wconf 84' lang='grc' dir='ltr'>ἄν</span> <span class='ocrx_word' id='word_1_327' title='bbox 1563 2844 1646 2891; x_wconf 91' lang='grc' dir='ltr'><strong>τις</strong></span> 
     </span>
    </p>
   </div>
   <div class='ocr_carea' id='block_1_43' title="bbox 87 2922 1644 3003">
    <p class='ocr_par' dir='ltr' id='par_1_43' title="bbox 87 2922 1644 3003">
     <span class='ocr_line' id='line_1_43' title="bbox 87 2922 1644 3003; baseline -0.009 -16"><span class='ocrx_word' id='word_1_328' title='bbox 87 2936 221 2989; x_wconf 74' lang='grc' dir='ltr'>εἴποι.</span> <span class='ocrx_word' id='word_1_329' title='bbox 254 2935 334 2988; x_wconf 79' lang='grc' dir='ltr'><strong>Τὰ</strong></span> <span class='ocrx_word' id='word_1_330' title='bbox 366 2933 424 2987; x_wconf 74' lang='grc' dir='ltr'>δὲ</span> <span class='ocrx_word' id='word_1_331' title='bbox 461 2931 594 3003; x_wconf 76' lang='grc' dir='ltr'>ἑξῆς</span> <span class='ocrx_word' id='word_1_332' title='bbox 627 2929 999 3001; x_wconf 80' lang='grc' dir='ltr'>ὑποδείγματα</span> <span class='ocrx_word' id='word_1_333' title='bbox 1031 2924 1333 2982; x_wconf 77' lang='grc' dir='ltr'>πιστωτικά</span> <span class='ocrx_word' id='word_1_334' title='bbox 1361 2922 1454 2977; x_wconf 87' lang='grc' dir='ltr'><strong>τοῦ</strong></span> <span class='ocrx_word' id='word_1_335' title='bbox 1486 2922 1644 2990; x_wconf 89' lang='grc' dir='ltr'>λόγου</span> 
     </span>
    </p>
   </div>
   <div class='ocr_carea' id='block_1_44' title="bbox 86 3015 1646 3092">
    <p class='ocr_par' dir='ltr' id='par_1_44' title="bbox 86 3015 1646 3092">
     <span class='ocr_line' id='line_1_44' title="bbox 86 3015 1646 3092; baseline -0.008 -13"><span class='ocrx_word' id='word_1_336' title='bbox 86 3028 160 3080; x_wconf 81' lang='grc' dir='ltr'><strong>τοῦ</strong></span> <span class='ocrx_word' id='word_1_337' title='bbox 188 3024 319 3082; x_wconf 83' lang='grc' dir='ltr'>εἶναι</span> <span class='ocrx_word' id='word_1_338' title='bbox 354 3028 539 3081; x_wconf 86' lang='grc' dir='ltr'>πάντα</span> <span class='ocrx_word' id='word_1_339' title='bbox 572 3027 636 3077; x_wconf 81' lang='grc' dir='ltr'>ὲκ</span> <span class='ocrx_word' id='word_1_340' title='bbox 666 3022 822 3088; x_wconf 85' lang='grc' dir='ltr'>Θεοῦ,</span> <span class='ocrx_word' id='word_1_341' title='bbox 840 3023 914 3086; x_wconf 82' lang='grc' dir='ltr'>ὡς</span> <span class='ocrx_word' id='word_1_342' title='bbox 930 3021 1100 3076; x_wconf 77' lang='grc' dir='ltr'>αἰτίου</span> <span class='ocrx_word' id='word_1_343' title='bbox 1120 3020 1218 3092; x_wconf 77' lang='grc' dir='ltr'>τῆς</span> <span class='ocrx_word' id='word_1_344' title='bbox 1246 3015 1449 3072; x_wconf 79' lang='grc' dir='ltr'>τούτων</span> <span class='ocrx_word' id='word_1_345' title='bbox 1470 3015 1646 3086; x_wconf 72' lang='grc' dir='ltr'>ὑπάρσ</span> 
     </span>
    </p>
   </div>
   <div class='ocr_carea' id='block_1_45' title="bbox 87 3105 1646 3192">
    <p class='ocr_par' dir='ltr' id='par_1_45' title="bbox 87 3105 1646 3192">
     <span class='ocr_line' id='line_1_45' title="bbox 87 3105 1646 3192; baseline -0.01 -17"><span class='ocrx_word' id='word_1_346' title='bbox 87 3117 229 3184; x_wconf 76' lang='grc' dir='ltr'>ξεως,</span> <span class='ocrx_word' id='word_1_347' title='bbox 255 3120 385 3175; x_wconf 76' lang='grc' dir='ltr'>ἄλλο</span> <span class='ocrx_word' id='word_1_348' title='bbox 416 3116 572 3192; x_wconf 78' lang='grc' dir='ltr'>παρὰ</span> <span class='ocrx_word' id='word_1_349' title='bbox 605 3113 779 3169; x_wconf 86' lang='grc' dir='ltr'>ταῦτα</span> <span class='ocrx_word' id='word_1_350' title='bbox 825 3114 1160 3186; x_wconf 87' lang='grc' dir='ltr'>ὑπάρχοντος</span> <span class='ocrx_word' id='word_1_351' title='bbox 1179 3152 1193 3177; x_wconf 94' lang='grc'><strong>,</strong></span> <span class='ocrx_word' id='word_1_352' title='bbox 1238 3111 1331 3165; x_wconf 76' lang='grc' dir='ltr'><strong>καὶ</strong></span> <span class='ocrx_word' id='word_1_353' title='bbox 1378 3112 1435 3163; x_wconf 88' lang='grc' dir='ltr'>ὲν</span> <span class='ocrx_word' id='word_1_354' title='bbox 1467 3105 1646 3178; x_wconf 85' lang='grc' dir='ltr'>έαυτῷ</span> 
     </span>
    </p>
   </div>
   <div class='ocr_carea' id='block_1_46' title="bbox 88 3205 1293 3281">
    <p class='ocr_par' dir='ltr' id='par_1_46' title="bbox 88 3205 1293 3281">
     <span class='ocr_line' id='line_1_46' title="bbox 88 3205 1293 3281; baseline -0.005 -19"><span class='ocrx_word' id='word_1_355' title='bbox 88 3210 373 3267; x_wconf 74' lang='grc' dir='ltr'>συνεστάναι</span> <span class='ocrx_word' id='word_1_356' title='bbox 407 3208 559 3281; x_wconf 81' lang='grc' dir='ltr'>ἄλλῳ</span> <span class='ocrx_word' id='word_1_357' title='bbox 591 3207 743 3280; x_wconf 84' lang='grc' dir='ltr'>παρὰ</span> <span class='ocrx_word' id='word_1_358' title='bbox 773 3205 947 3260; x_wconf 89' lang='grc' dir='ltr'>ταῦτα</span> <span class='ocrx_word' id='word_1_359' title='bbox 979 3206 1293 3278; x_wconf 74' lang='grc' dir='ltr'>ὑπάρχοντι.</span> 
     </span>
    </p>
   </div>
   <div class='ocr_carea' id='block_1_47' title="bbox 138 3315 1644 3397">
    <p class='ocr_par' dir='ltr' id='par_1_47' title="bbox 138 3315 1644 3397">
     <span class='ocr_line' id='line_1_47' title="bbox 138 3315 1644 3397; baseline -0.007 -18"><span class='ocrx_word' id='word_1_360' title='bbox 138 3326 235 3379; x_wconf 77' lang='grc' dir='ltr'><strong>Καὶ</strong></span> <span class='ocrx_word' id='word_1_361' title='bbox 266 3327 394 3397; x_wconf 77' lang='grc' dir='ltr'>ἔχει</span> <span class='ocrx_word' id='word_1_362' title='bbox 426 3323 630 3377; x_wconf 75' lang='grc' dir='ltr'>πάντα</span> <span class='ocrx_word' id='word_1_363' title='bbox 658 3322 925 3391; x_wconf 81' lang='grc' dir='ltr'>ἀριθμόν.</span> <span class='ocrx_word' id='word_1_364' title='bbox 961 3321 1018 3373; x_wconf 88' lang='lat'><strong>&#39;0</strong></span> <span class='ocrx_word' id='word_1_365' title='bbox 1040 3319 1148 3392; x_wconf 86' lang='grc' dir='ltr'>γὰρ</span> <span class='ocrx_word' id='word_1_366' title='bbox 1179 3318 1410 3391; x_wconf 75' lang='grc' dir='ltr'>ἀριθμὸς</span> <span class='ocrx_word' id='word_1_367' title='bbox 1431 3318 1496 3372; x_wconf 81' lang='grc' dir='ltr'>ὲκ</span> <span class='ocrx_word' id='word_1_368' title='bbox 1516 3315 1644 3371; x_wconf 89' lang='grc' dir='ltr'>πολ-</span> 
     </span>
    </p>
   </div>
   <div class='ocr_carea' id='block_1_48' title="bbox 84 3408 1717 3514">
    <p class='ocr_par' dir='ltr' id='par_1_48' title="bbox 84 3408 1717 3514">
     <span class='ocr_line' id='line_1_48' title="bbox 84 3408 1717 3514; baseline -0.002 -44"><span class='ocrx_word' id='word_1_369' title='bbox 84 3415 171 3470; x_wconf 77' lang='grc' dir='ltr'>λῶν</span> <span class='ocrx_word' id='word_1_370' title='bbox 201 3418 449 3489; x_wconf 78' lang='grc' dir='ltr'>μονάδων</span> <span class='ocrx_word' id='word_1_371' title='bbox 484 3410 882 3485; x_wconf 83' lang='grc' dir='ltr'>συντιθεμένων</span> <span class='ocrx_word' id='word_1_372' title='bbox 914 3414 993 3477; x_wconf 85' lang='grc' dir='ltr'>εἰς</span> <span class='ocrx_word' id='word_1_373' title='bbox 1030 3410 1257 3484; x_wconf 87' lang='grc' dir='ltr'>μέγεθος</span> <span class='ocrx_word' id='word_1_374' title='bbox 1290 3408 1580 3482; x_wconf 81' lang='grc' dir='ltr'>παραύξει’</span> <span class='ocrx_word' id='word_1_375' title='bbox 1606 3410 1640 3480; x_wconf 78' lang='grc' dir='ltr'>ἡ</span> <span class='ocrx_word' id='word_1_376' title='bbox 1672 3450 1717 3514; x_wconf 80' lang='lat' dir='ltr'><strong>C</strong></span> 
     </span>
    </p>
   </div>
   <div class='ocr_carea' id='block_1_49' title="bbox 82 3502 1645 3581">
    <p class='ocr_par' dir='ltr' id='par_1_49' title="bbox 82 3502 1645 3581">
     <span class='ocr_line' id='line_1_49' title="bbox 82 3502 1645 3581; baseline -0.004 -20"><span class='ocrx_word' id='word_1_377' title='bbox 82 3506 157 3563; x_wconf 72' lang='grc' dir='ltr'>οὖν</span> <span class='ocrx_word' id='word_1_378' title='bbox 189 3509 370 3581; x_wconf 83' lang='grc' dir='ltr'>μονὰς,</span> <span class='ocrx_word' id='word_1_379' title='bbox 406 3510 488 3572; x_wconf 82' lang='grc' dir='ltr'>ὡς</span> <span class='ocrx_word' id='word_1_380' title='bbox 519 3506 671 3562; x_wconf 81' lang='grc' dir='ltr'>αἰτία</span> <span class='ocrx_word' id='word_1_381' title='bbox 702 3504 971 3577; x_wconf 78' lang='grc' dir='ltr'>ἀριθμῶν,</span> <span class='ocrx_word' id='word_1_382' title='bbox 1006 3502 1248 3567; x_wconf 81' lang='grc' dir='ltr'>ἐνοειδώς</span> <span class='ocrx_word' id='word_1_383' title='bbox 1280 3503 1405 3566; x_wconf 82' lang='grc' dir='ltr'>τοὺς</span> <span class='ocrx_word' id='word_1_384' title='bbox 1437 3502 1645 3565; x_wconf 82' lang='grc' dir='ltr'>πάντας</span> 
     </span>
    </p>
   </div>
   <div class='ocr_carea' id='block_1_50' title="bbox 82 3594 1645 3675">
    <p class='ocr_par' dir='ltr' id='par_1_50' title="bbox 82 3594 1645 3675">
     <span class='ocr_line' id='line_1_50' title="bbox 82 3594 1645 3675; baseline -0.004 -21"><span class='ocrx_word' id='word_1_385' title='bbox 82 3603 402 3675; x_wconf 76' lang='grc' dir='ltr'>περιείληφεν</span> <span class='ocrx_word' id='word_1_386' title='bbox 454 3599 762 3672; x_wconf 83' lang='grc' dir='ltr'>ἀριθμούς·</span> <span class='ocrx_word' id='word_1_387' title='bbox 816 3598 958 3652; x_wconf 70' lang='grc' dir='ltr'>οὕτω</span> <span class='ocrx_word' id='word_1_388' title='bbox 988 3598 1083 3652; x_wconf 72' lang='grc' dir='ltr'><strong>καὶ</strong></span> <span class='ocrx_word' id='word_1_389' title='bbox 1110 3596 1172 3649; x_wconf 74' lang='grc' dir='ltr'>τὸ</span> <span class='ocrx_word' id='word_1_390' title='bbox 1221 3594 1476 3667; x_wconf 83' lang='grc' dir='ltr'>κέντρον,</span> <span class='ocrx_word' id='word_1_391' title='bbox 1527 3595 1645 3664; x_wconf 75' lang='grc' dir='ltr'>ἦτοι</span> 
     </span>
    </p>
   </div>
   <div class='ocr_carea' id='block_1_51' title="bbox 82 3686 1453 3765">
    <p class='ocr_par' dir='ltr' id='par_1_51' title="bbox 82 3686 1453 3765">
     <span class='ocr_line' id='line_1_51' title="bbox 82 3686 1453 3765; baseline -0.008 -15"><span class='ocrx_word' id='word_1_392' title='bbox 82 3698 296 3765; x_wconf 80' lang='grc' dir='ltr'>σημεῖον,</span> <span class='ocrx_word' id='word_1_393' title='bbox 330 3694 438 3758; x_wconf 78' lang='grc' dir='ltr'>τὰς</span> <span class='ocrx_word' id='word_1_394' title='bbox 470 3694 567 3745; x_wconf 70' lang='grc' dir='ltr'><strong>ἐπὶ</strong></span> <span class='ocrx_word' id='word_1_395' title='bbox 596 3692 688 3745; x_wconf 83' lang='grc' dir='ltr'><strong>τὸν</strong></span> <span class='ocrx_word' id='word_1_396' title='bbox 720 3689 916 3747; x_wconf 79' lang='grc' dir='ltr'>κύκλον</span> <span class='ocrx_word' id='word_1_397' title='bbox 948 3687 1160 3752; x_wconf 79' lang='grc' dir='ltr'>εὐθείας</span> <span class='ocrx_word' id='word_1_398' title='bbox 1197 3686 1453 3759; x_wconf 84' lang='grc' dir='ltr'>περιέχει.</span> 
     </span>
    </p>
   </div>
   <div class='ocr_carea' id='block_1_52' title="bbox 137 3882 1643 3958">
    <p class='ocr_par' dir='ltr' id='par_1_52' title="bbox 137 3882 1643 3958">
     <span class='ocr_line' id='line_1_52' title="bbox 137 3882 1643 3958; baseline -0.007 -10"><span class='ocrx_word' id='word_1_399' title='bbox 137 3894 233 3948; x_wconf 80' lang='grc' dir='ltr'><strong>Καὶ</strong></span> <span class='ocrx_word' id='word_1_400' title='bbox 275 3894 346 3948; x_wconf 81' lang='grc' dir='ltr'><strong>ἐν</strong></span> <span class='ocrx_word' id='word_1_401' title='bbox 390 3891 646 3958; x_wconf 76' lang='grc' dir='ltr'>κέντρῳ.</span> <span class='ocrx_word' id='word_1_402' title='bbox 694 3886 880 3941; x_wconf 87' lang='grc' dir='ltr'>Ταῦτα</span> <span class='ocrx_word' id='word_1_403' title='bbox 942 3882 1271 3956; x_wconf 73' lang='grc' dir='ltr'>βεϐαιωτικὰ</span> <span class='ocrx_word' id='word_1_404' title='bbox 1330 3883 1423 3937; x_wconf 89' lang='grc' dir='ltr'><strong>τοῦ</strong></span> <span class='ocrx_word' id='word_1_405' title='bbox 1486 3883 1643 3952; x_wconf 89' lang='grc' dir='ltr'>λόγου</span> 
     </span>
    </p>
   </div>
   <div class='ocr_carea' id='block_1_53' title="bbox 80 3976 1643 4061">
    <p class='ocr_par' dir='ltr' id='par_1_53' title="bbox 80 3976 1643 4061">
     <span class='ocr_line' id='line_1_53' title="bbox 80 3976 1643 4061; baseline -0.006 -23"><span class='ocrx_word' id='word_1_406' title='bbox 80 3986 451 4058; x_wconf 70' lang='grc' dir='ltr'>ὑποδείγματα.</span> <span class='ocrx_word' id='word_1_407' title='bbox 502 3981 818 4061; x_wconf 81' lang='grc' dir='ltr'>Σημείωσαι</span> <span class='ocrx_word' id='word_1_408' title='bbox 860 3979 933 4043; x_wconf 82' lang='grc' dir='ltr'>ὡς</span> <span class='ocrx_word' id='word_1_409' title='bbox 966 3980 1058 4033; x_wconf 78' lang='grc' dir='ltr'>καὶ</span> <span class='ocrx_word' id='word_1_410' title='bbox 1107 3978 1215 4032; x_wconf 85' lang='grc' dir='ltr'>ἀπὸ</span> <span class='ocrx_word' id='word_1_411' title='bbox 1257 3976 1364 4030; x_wconf 83' lang='grc' dir='ltr'><strong>τῶν</strong></span> <span class='ocrx_word' id='word_1_412' title='bbox 1395 3993 1643 4049; x_wconf 90' lang='grc' dir='ltr'>γραμμι-</span> 
     </span>
    </p>
   </div>
   <div class='ocr_carea' id='block_1_54' title="bbox 81 4069 1643 4149">
    <p class='ocr_par' dir='ltr' id='par_1_54' title="bbox 81 4069 1643 4149">
     <span class='ocr_line' id='line_1_54' title="bbox 81 4069 1643 4149; baseline -0.007 -19"><span class='ocrx_word' id='word_1_413' title='bbox 81 4077 170 4130; x_wconf 71' lang='grc' dir='ltr'>κῶν</span> <span class='ocrx_word' id='word_1_414' title='bbox 193 4079 258 4132; x_wconf 80' lang='grc' dir='ltr'><strong>τά</strong></span> <span class='ocrx_word' id='word_1_415' title='bbox 290 4078 425 4149; x_wconf 75' lang='grc' dir='ltr'>περὶ</span> <span class='ocrx_word' id='word_1_416' title='bbox 457 4074 600 4128; x_wconf 82' lang='grc' dir='ltr'>Θεοῦ</span> <span class='ocrx_word' id='word_1_417' title='bbox 636 4072 953 4143; x_wconf 76' lang='grc' dir='ltr'>σαφηνίζει,</span> <span class='ocrx_word' id='word_1_418' title='bbox 992 4071 1200 4141; x_wconf 78' lang='grc' dir='ltr'>κέντρῳ</span> <span class='ocrx_word' id='word_1_419' title='bbox 1242 4069 1401 4123; x_wconf 81' lang='grc' dir='ltr'>αὑτὸν</span> <span class='ocrx_word' id='word_1_420' title='bbox 1446 4084 1643 4139; x_wconf 87' lang='grc' dir='ltr'>παρει-</span> 
     </span>
    </p>
   </div>
   <div class='ocr_carea' id='block_1_55' title="bbox 141 4251 1646 4328">
    <p class='ocr_par' dir='ltr' id='par_1_55' title="bbox 141 4251 1646 4328">
     <span class='ocr_line' id='line_1_55' title="bbox 141 4251 1646 4328; baseline -0.009 -12"><span class='ocrx_word' id='word_1_421' title='bbox 141 4261 449 4327; x_wconf 75' lang='grc' dir='ltr'>Ἑνοειδῶς</span> <span class='ocrx_word' id='word_1_422' title='bbox 492 4258 831 4328; x_wconf 64' lang='grc' dir='ltr'>ἡνωμένα-ας.</span> <span class='ocrx_word' id='word_1_423' title='bbox 878 4256 951 4309; x_wconf 84' lang='grc' dir='ltr'><strong>Τὸ</strong></span> <span class='ocrx_word' id='word_1_424' title='bbox 979 4252 1252 4321; x_wconf 79' lang='grc' dir='ltr'>ἑνοειδῶς</span> <span class='ocrx_word' id='word_1_425' title='bbox 1282 4252 1516 4308; x_wconf 73' lang='grc' dir='ltr'>ἐνταῦθα</span> <span class='ocrx_word' id='word_1_426' title='bbox 1557 4251 1646 4304; x_wconf 78' lang='grc' dir='ltr'>τέ-</span> 
     </span>
    </p>
   </div>
   <div class='ocr_carea' id='block_1_56' title="bbox 81 4343 1644 4419">
    <p class='ocr_par' dir='ltr' id='par_1_56' title="bbox 81 4343 1644 4419">
     <span class='ocr_line' id='line_1_56' title="bbox 81 4343 1644 4419; baseline -0.005 -16"><span class='ocrx_word' id='word_1_427' title='bbox 81 4350 228 4406; x_wconf 78' lang='grc' dir='ltr'>θεικεν</span> <span class='ocrx_word' id='word_1_428' title='bbox 268 4354 396 4407; x_wconf 74' lang='grc' dir='ltr'>ἀντὶ</span> <span class='ocrx_word' id='word_1_429' title='bbox 445 4348 548 4402; x_wconf 87' lang='grc' dir='ltr'><strong>τοῦ</strong></span> <span class='ocrx_word' id='word_1_430' title='bbox 593 4348 781 4411; x_wconf 83' lang='grc' dir='ltr'>ἁπλῶς</span> <span class='ocrx_word' id='word_1_431' title='bbox 828 4346 922 4401; x_wconf 77' lang='grc' dir='ltr'><strong>καὶ</strong></span> <span class='ocrx_word' id='word_1_432' title='bbox 965 4346 1167 4419; x_wconf 86' lang='grc' dir='ltr'>ὁμοίως</span> <span class='ocrx_word' id='word_1_433' title='bbox 1203 4361 1216 4374; x_wconf 80' lang='grc'><em>’</em></span> <span class='ocrx_word' id='word_1_434' title='bbox 1265 4344 1324 4397; x_wconf 80' lang='grc' dir='ltr'><strong>οὐ</strong></span> <span class='ocrx_word' id='word_1_435' title='bbox 1372 4343 1479 4415; x_wconf 86' lang='grc' dir='ltr'><strong>γὰρ</strong></span> <span class='ocrx_word' id='word_1_436' title='bbox 1528 4345 1644 4396; x_wconf 77' lang='grc' dir='ltr'>ἑτε-</span> 
     </span>
    </p>
   </div>
   <div class='ocr_carea' id='block_1_57' title="bbox 80 4445 311 4535">
    <p class='ocr_par' dir='ltr' id='par_1_57' title="bbox 80 4445 232 4514">
     <span class='ocr_line' id='line_1_57' title="bbox 80 4445 232 4514; baseline -0.026 0"><span class='ocrx_word' id='word_1_437' title='bbox 80 4445 232 4514; x_wconf 52' lang='lat'><strong>90’»;-</strong></span> 
     </span>
    </p>
   </div>
   <div class='ocr_carea' id='block_1_58' title="bbox 146 4546 1642 4622">
    <p class='ocr_par' dir='ltr' id='par_1_58' title="bbox 146 4546 1642 4622">
     <span class='ocr_line' id='line_1_58' title="bbox 146 4546 1642 4622; baseline -0.006 -13"><span class='ocrx_word' id='word_1_438' title='bbox 146 4555 322 4612; x_wconf 69' lang='grc' dir='ltr'><strong>Ἀλλὰ</strong></span> <span class='ocrx_word' id='word_1_439' title='bbox 368 4556 471 4610; x_wconf 75' lang='grc' dir='ltr'>καὶ</span> <span class='ocrx_word' id='word_1_440' title='bbox 508 4555 582 4609; x_wconf 79' lang='grc' dir='ltr'><strong>ἐν</strong></span> <span class='ocrx_word' id='word_1_441' title='bbox 624 4552 698 4621; x_wconf 82' lang='grc' dir='ltr'>τῇ</span> <span class='ocrx_word' id='word_1_442' title='bbox 739 4553 853 4620; x_wconf 77' lang='grc' dir='ltr'><strong>ὅλῃ</strong></span> <span class='ocrx_word' id='word_1_443' title='bbox 885 4551 1003 4605; x_wconf 78' lang='grc' dir='ltr'><strong>τῶν</strong></span> <span class='ocrx_word' id='word_1_444' title='bbox 1032 4552 1207 4605; x_wconf 75' lang='grc' dir='ltr'>ὅλων.</span> <span class='ocrx_word' id='word_1_445' title='bbox 1242 4546 1511 4622; x_wconf 86' lang='grc' dir='ltr'>Πρόδηλον</span> <span class='ocrx_word' id='word_1_446' title='bbox 1561 4547 1642 4601; x_wconf 80' lang='grc' dir='ltr'><strong>ὅτι</strong></span> 
     </span>
    </p>
   </div>
   <div class='ocr_carea' id='block_1_59' title="bbox 74 4639 1643 4721">
    <p class='ocr_par' dir='ltr' id='par_1_59' title="bbox 74 4639 1643 4721">
     <span class='ocr_line' id='line_1_59' title="bbox 74 4639 1643 4721; baseline -0.008 -17"><span class='ocrx_word' id='word_1_447' title='bbox 74 4646 125 4696; x_wconf 74' lang='grc' dir='ltr'>ὲν</span> <span class='ocrx_word' id='word_1_448' title='bbox 147 4647 219 4719; x_wconf 82' lang='grc' dir='ltr'>τῷ</span> <span class='ocrx_word' id='word_1_449' title='bbox 246 4650 355 4721; x_wconf 80' lang='grc' dir='ltr'>ὅλῳ</span> <span class='ocrx_word' id='word_1_450' title='bbox 384 4649 459 4702; x_wconf 79' lang='grc' dir='ltr'>τὰ</span> <span class='ocrx_word' id='word_1_451' title='bbox 497 4647 663 4720; x_wconf 87' lang='grc' dir='ltr'>μέρη·</span> <span class='ocrx_word' id='word_1_452' title='bbox 699 4645 894 4701; x_wconf 64' lang='grc' dir='ltr'>οὐκοῦν</span> <span class='ocrx_word' id='word_1_453' title='bbox 925 4646 973 4697; x_wconf 77' lang='grc' dir='ltr'>οἱ</span> <span class='ocrx_word' id='word_1_454' title='bbox 1024 4647 1081 4697; x_wconf 81' lang='grc' dir='ltr'>ὲν</span> <span class='ocrx_word' id='word_1_455' title='bbox 1112 4644 1225 4705; x_wconf 88' lang='grc' dir='ltr'>τοῖς</span> <span class='ocrx_word' id='word_1_456' title='bbox 1256 4641 1378 4694; x_wconf 79' lang='grc' dir='ltr'>καθ’</span> <span class='ocrx_word' id='word_1_457' title='bbox 1412 4639 1643 4693; x_wconf 71' lang='grc' dir='ltr'>ἕκαστον</span> 
     </span>
    </p>
   </div>
   <div class='ocr_carea' id='block_1_60' title="bbox 74 4730 1642 4812">
    <p class='ocr_par' dir='ltr' id='par_1_60' title="bbox 74 4730 1642 4812">
     <span class='ocr_line' id='line_1_60' title="bbox 74 4730 1642 4812; baseline -0.004 -20"><span class='ocrx_word' id='word_1_458' title='bbox 74 4738 165 4792; x_wconf 78' lang='grc' dir='ltr'><strong>τῶν</strong></span> <span class='ocrx_word' id='word_1_459' title='bbox 191 4742 357 4797; x_wconf 74' lang='grc' dir='ltr'>ὄντων</span> <span class='ocrx_word' id='word_1_460' title='bbox 389 4738 645 4812; x_wconf 84' lang='grc' dir='ltr'>φυσικῶς</span> <span class='ocrx_word' id='word_1_461' title='bbox 674 4737 1037 4811; x_wconf 83' lang='grc' dir='ltr'>θεωρούμενοι</span> <span class='ocrx_word' id='word_1_462' title='bbox 1068 4735 1175 4789; x_wconf 86' lang='grc' dir='ltr'><strong>τῶν</strong></span> <span class='ocrx_word' id='word_1_463' title='bbox 1221 4730 1642 4804; x_wconf 71' lang='grc' dir='ltr'>ἐνυπαρχουσῶν</span> 
     </span>
    </p>
   </div>
   <div class='ocr_carea' id='block_1_61' title="bbox 1750 2167 3328 2240">
    <p class='ocr_par' dir='ltr' id='par_1_61' title="bbox 1750 2167 3328 2240">
     <span class='ocr_line' id='line_1_61' title="bbox 1750 2167 3328 2240; baseline -0.001 -13"><span class='ocrx_word' id='word_1_464' title='bbox 1750 2173 1910 2230; x_wconf 86' lang='lat' dir='ltr'><strong>sima.</strong></span> <span class='ocrx_word' id='word_1_465' title='bbox 1947 2171 2145 2240; x_wconf 87' lang='lat' dir='ltr'><strong>inquit,</strong></span> <span class='ocrx_word' id='word_1_466' title='bbox 2176 2169 2267 2224; x_wconf 89' lang='lat' dir='ltr'><strong>Dei</strong></span> <span class='ocrx_word' id='word_1_467' title='bbox 2296 2171 2559 2232; x_wconf 86' lang='lat' dir='ltr'><strong>bonitate,</strong></span> <span class='ocrx_word' id='word_1_468' title='bbox 2589 2185 2710 2240; x_wconf 79' lang='lat' dir='ltr'><strong>quae</strong></span> <span class='ocrx_word' id='word_1_469' title='bbox 2739 2176 2822 2225; x_wconf 88' lang='lat' dir='ltr'><strong>est</strong></span> <span class='ocrx_word' id='word_1_470' title='bbox 2853 2170 3026 2239; x_wconf 89' lang='lat' dir='ltr'><strong>ipsius</strong></span> <span class='ocrx_word' id='word_1_471' title='bbox 3059 2167 3153 2222; x_wconf 89' lang='lat' dir='ltr'><strong>Dei</strong></span> <span class='ocrx_word' id='word_1_472' title='bbox 3182 2185 3328 2236; x_wconf 88' lang='lat' dir='ltr'><strong>esse,</strong></span> 
     </span>
    </p>
   </div>
   <div class='ocr_carea' id='block_1_62' title="bbox 1748 2260 3329 2332">
    <p class='ocr_par' dir='ltr' id='par_1_62' title="bbox 1748 2260 3329 2332">
     <span class='ocr_line' id='line_1_62' title="bbox 1748 2260 3329 2332; baseline -0.002 -12"><span class='ocrx_word' id='word_1_473' title='bbox 1748 2278 1932 2320; x_wconf 91' lang='lat' dir='ltr'><strong>rerum</strong></span> <span class='ocrx_word' id='word_1_474' title='bbox 1954 2263 2272 2318; x_wconf 80' lang='lat' dir='ltr'><strong>cxsistentia</strong></span> <span class='ocrx_word' id='word_1_475' title='bbox 2306 2268 2359 2315; x_wconf 87' lang='lat' dir='ltr'><strong>et</strong></span> <span class='ocrx_word' id='word_1_476' title='bbox 2391 2263 2818 2332; x_wconf 86' lang='lat' dir='ltr'><strong>perseverantia.</strong></span> <span class='ocrx_word' id='word_1_477' title='bbox 2850 2260 3011 2315; x_wconf 90' lang='lat' dir='ltr'><strong>Unite</strong></span> <span class='ocrx_word' id='word_1_478' title='bbox 3036 2260 3114 2314; x_wconf 87' lang='lat' dir='ltr'><strong>ait</strong></span> <span class='ocrx_word' id='word_1_479' title='bbox 3143 2277 3239 2317; x_wconf 91' lang='lat' dir='ltr'><strong>seu</strong></span> <span class='ocrx_word' id='word_1_480' title='bbox 3270 2262 3329 2317; x_wconf 78' lang='lat' dir='ltr'><strong>ia</strong></span> 
     </span>
    </p>
   </div>
   <div class='ocr_carea' id='block_1_63' title="bbox 1749 2352 3332 2425">
    <p class='ocr_par' dir='ltr' id='par_1_63' title="bbox 1749 2352 3332 2425">
     <span class='ocr_line' id='line_1_63' title="bbox 1749 2352 3332 2425; baseline -0.003 -12"><span class='ocrx_word' id='word_1_481' title='bbox 1749 2355 1985 2425; x_wconf 82' lang='lat' dir='ltr'><strong>simplici</strong></span> <span class='ocrx_word' id='word_1_482' title='bbox 2022 2354 2254 2424; x_wconf 86' lang='lat' dir='ltr'><strong>quadam</strong></span> <span class='ocrx_word' id='word_1_483' title='bbox 2297 2361 2351 2408; x_wconf 91' lang='lat' dir='ltr'><strong>et</strong></span> <span class='ocrx_word' id='word_1_484' title='bbox 2380 2355 2626 2408; x_wconf 90' lang='lat' dir='ltr'><strong>omnium</strong></span> <span class='ocrx_word' id='word_1_485' title='bbox 2677 2352 3132 2422; x_wconf 86' lang='lat' dir='ltr'><strong>comprehensiva</strong></span> <span class='ocrx_word' id='word_1_486' title='bbox 3165 2363 3332 2425; x_wconf 89' lang='lat' dir='ltr'><strong>atque</strong></span> 
     </span>
    </p>
   </div>
   <div class='ocr_carea' id='block_1_64' title="bbox 1744 2444 3328 2516">
    <p class='ocr_par' dir='ltr' id='par_1_64' title="bbox 1744 2444 3328 2516">
     <span class='ocr_line' id='line_1_64' title="bbox 1744 2444 3328 2516; baseline -0.001 -14"><span class='ocrx_word' id='word_1_487' title='bbox 1744 2448 1952 2502; x_wconf 83' lang='lat' dir='ltr'><strong>invicta</strong></span> <span class='ocrx_word' id='word_1_488' title='bbox 1975 2461 2142 2501; x_wconf 89' lang='lat' dir='ltr'><strong>causa</strong></span> <span class='ocrx_word' id='word_1_489' title='bbox 2166 2463 2180 2513; x_wconf 87' lang='lat'><strong>;</strong></span> <span class='ocrx_word' id='word_1_490' title='bbox 2228 2446 2378 2500; x_wconf 85' lang='lat' dir='ltr'><strong>nulla</strong></span> <span class='ocrx_word' id='word_1_491' title='bbox 2406 2445 2553 2500; x_wconf 89' lang='lat' dir='ltr'><strong>enim</strong></span> <span class='ocrx_word' id='word_1_492' title='bbox 2580 2446 2813 2509; x_wconf 82' lang='lat' dir='ltr'><strong>ratione,</strong></span> <span class='ocrx_word' id='word_1_493' title='bbox 2853 2452 2947 2499; x_wconf 90' lang='lat' dir='ltr'><strong>aut</strong></span> <span class='ocrx_word' id='word_1_494' title='bbox 2972 2444 3328 2516; x_wconf 78' lang='lat' dir='ltr'><strong>cogitatione,</strong></span> 
     </span>
    </p>
   </div>
   <div class='ocr_carea' id='block_1_65' title="bbox 1748 2535 3335 2608">
    <p class='ocr_par' dir='ltr' id='par_1_65' title="bbox 1748 2535 3335 2608">
     <span class='ocr_line' id='line_1_65' title="bbox 1748 2535 3335 2608; baseline 0.001 -15"><span class='ocrx_word' id='word_1_495' title='bbox 1748 2547 1843 2593; x_wconf 87' lang='lat' dir='ltr'><strong>aut.</strong></span> <span class='ocrx_word' id='word_1_496' title='bbox 1870 2538 2084 2592; x_wconf 88' lang='lat' dir='ltr'><strong>actione</strong></span> <span class='ocrx_word' id='word_1_497' title='bbox 2112 2537 2356 2591; x_wconf 86' lang='lat' dir='ltr'><strong>divinum</strong></span> <span class='ocrx_word' id='word_1_498' title='bbox 2389 2535 2601 2598; x_wconf 83' lang='lat' dir='ltr'><strong>Numen</strong></span> <span class='ocrx_word' id='word_1_499' title='bbox 2630 2551 2754 2593; x_wconf 90' lang='lat' dir='ltr'><strong>eum</strong></span> <span class='ocrx_word' id='word_1_500' title='bbox 2786 2537 2950 2593; x_wconf 84' lang='lat' dir='ltr'><strong>rebus</strong></span> <span class='ocrx_word' id='word_1_501' title='bbox 2985 2538 3335 2608; x_wconf 84' lang='lat' dir='ltr'><strong>conjunctio-</strong></span> 
     </span>
    </p>
   </div>
   <div class='ocr_carea' id='block_1_66' title="bbox 1748 2628 3330 2695">
    <p class='ocr_par' dir='ltr' id='par_1_66' title="bbox 1748 2628 3330 2695">
     <span class='ocr_line' id='line_1_66' title="bbox 1748 2628 3330 2695; baseline 0.001 -11"><span class='ocrx_word' id='word_1_502' title='bbox 1748 2645 1873 2685; x_wconf 90' lang='lat' dir='ltr'><strong>nem</strong></span> <span class='ocrx_word' id='word_1_503' title='bbox 1903 2637 1957 2684; x_wconf 91' lang='lat' dir='ltr'><strong>et</strong></span> <span class='ocrx_word' id='word_1_504' title='bbox 1994 2629 2435 2684; x_wconf 88' lang='lat' dir='ltr'><strong>communionem</strong></span> <span class='ocrx_word' id='word_1_505' title='bbox 2463 2628 2650 2692; x_wconf 86' lang='lat' dir='ltr'><strong>habet;</strong></span> <span class='ocrx_word' id='word_1_506' title='bbox 2674 2628 2769 2684; x_wconf 90' lang='lat' dir='ltr'><strong>sed</strong></span> <span class='ocrx_word' id='word_1_507' title='bbox 2799 2636 2884 2685; x_wconf 91' lang='lat' dir='ltr'><strong>est</strong></span> <span class='ocrx_word' id='word_1_508' title='bbox 2912 2631 3113 2695; x_wconf 81' lang='lat' dir='ltr'><strong>omnia,</strong></span> <span class='ocrx_word' id='word_1_509' title='bbox 3133 2639 3186 2685; x_wconf 92' lang='lat' dir='ltr'><strong>et</strong></span> <span class='ocrx_word' id='word_1_510' title='bbox 3207 2647 3330 2686; x_wconf 90' lang='lat' dir='ltr'><strong>om-</strong></span> 
     </span>
    </p>
   </div>
   <div class='ocr_carea' id='block_1_67' title="bbox 1746 2720 3327 2794">
    <p class='ocr_par' dir='ltr' id='par_1_67' title="bbox 1746 2720 3327 2794">
     <span class='ocr_line' id='line_1_67' title="bbox 1746 2720 3327 2794; baseline 0.001 -17"><span class='ocrx_word' id='word_1_511' title='bbox 1746 2723 1914 2777; x_wconf 86' lang='lat' dir='ltr'><strong>nibus</strong></span> <span class='ocrx_word' id='word_1_512' title='bbox 1942 2721 2342 2791; x_wconf 86' lang='lat' dir='ltr'><strong>supereminet,</strong></span> <span class='ocrx_word' id='word_1_513' title='bbox 2385 2720 2471 2776; x_wconf 91' lang='lat' dir='ltr'><strong>his</strong></span> <span class='ocrx_word' id='word_1_514' title='bbox 2497 2721 2613 2775; x_wconf 83' lang='lat' dir='ltr'><strong>sola</strong></span> <span class='ocrx_word' id='word_1_515' title='bbox 2650 2722 3071 2778; x_wconf 85' lang='lat' dir='ltr'><strong>conservatione</strong></span> <span class='ocrx_word' id='word_1_516' title='bbox 3101 2737 3164 2777; x_wconf 86' lang='lat' dir='ltr'><strong>ac</strong></span> <span class='ocrx_word' id='word_1_517' title='bbox 3195 2738 3327 2794; x_wconf 86' lang='lat' dir='ltr'><strong>pro-</strong></span> 
     </span>
    </p>
   </div>
   <div class='ocr_carea' id='block_1_68' title="bbox 1745 2812 3330 2881">
    <p class='ocr_par' dir='ltr' id='par_1_68' title="bbox 1745 2812 3330 2881">
     <span class='ocr_line' id='line_1_68' title="bbox 1745 2812 3330 2881; baseline -0.001 -11"><span class='ocrx_word' id='word_1_518' title='bbox 1745 2813 2006 2877; x_wconf 82' lang='lat' dir='ltr'><strong>videntia,</strong></span> <span class='ocrx_word' id='word_1_519' title='bbox 2034 2819 2094 2866; x_wconf 90' lang='lat' dir='ltr'><strong>ut</strong></span> <span class='ocrx_word' id='word_1_520' title='bbox 2121 2812 2317 2881; x_wconf 90' lang='lat' dir='ltr'><strong>aliquis</strong></span> <span class='ocrx_word' id='word_1_521' title='bbox 2346 2812 2563 2877; x_wconf 74' lang='lat' dir='ltr'><strong>dixerit,</strong></span> <span class='ocrx_word' id='word_1_522' title='bbox 2599 2813 2911 2879; x_wconf 65' lang='lat' dir='ltr'><strong>adhaerens;</strong></span> <span class='ocrx_word' id='word_1_523' title='bbox 2934 2823 3123 2869; x_wconf 63' lang='lat' dir='ltr'><strong>caetera</strong></span> <span class='ocrx_word' id='word_1_524' title='bbox 3148 2823 3330 2870; x_wconf 89' lang='lat' dir='ltr'><strong>autem</strong></span> 
     </span>
    </p>
   </div>
   <div class='ocr_carea' id='block_1_69' title="bbox 1747 2903 3333 2975">
    <p class='ocr_par' dir='ltr' id='par_1_69' title="bbox 1747 2903 3333 2975">
     <span class='ocr_line' id='line_1_69' title="bbox 1747 2903 3333 2975; baseline 0.001 -14"><span class='ocrx_word' id='word_1_525' title='bbox 1747 2905 1995 2975; x_wconf 80' lang='lat' dir='ltr'><strong>exempla</strong></span> <span class='ocrx_word' id='word_1_526' title='bbox 2025 2903 2182 2958; x_wconf 86' lang='lat' dir='ltr'><strong>fidem</strong></span> <span class='ocrx_word' id='word_1_527' title='bbox 2218 2903 2428 2958; x_wconf 89' lang='lat' dir='ltr'><strong>faciunt</strong></span> <span class='ocrx_word' id='word_1_528' title='bbox 2451 2905 2690 2959; x_wconf 92' lang='lat' dir='ltr'><strong>sermoni</strong></span> <span class='ocrx_word' id='word_1_529' title='bbox 2708 2906 2974 2960; x_wconf 90' lang='lat' dir='ltr'><strong>asserenti</strong></span> <span class='ocrx_word' id='word_1_530' title='bbox 3006 2907 3188 2960; x_wconf 89' lang='lat' dir='ltr'><strong>omnia</strong></span> <span class='ocrx_word' id='word_1_531' title='bbox 3208 2922 3333 2962; x_wconf 86' lang='lat' dir='ltr'><strong>esse</strong></span> 
     </span>
    </p>
   </div>
   <div class='ocr_carea' id='block_1_70' title="bbox 1749 2996 3332 3062">
    <p class='ocr_par' dir='ltr' id='par_1_70' title="bbox 1749 2996 3332 3062">
     <span class='ocr_line' id='line_1_70' title="bbox 1749 2996 3332 3062; baseline 0.003 -12"><span class='ocrx_word' id='word_1_532' title='bbox 1749 3013 1779 3050; x_wconf 72' lang='grc' dir='ltr'>ι</span> <span class='ocrx_word' id='word_1_533' title='bbox 1812 2996 1954 3061; x_wconf 89' lang='lat' dir='ltr'><strong>Deo,</strong></span> <span class='ocrx_word' id='word_1_534' title='bbox 2001 3004 2060 3050; x_wconf 89' lang='lat' dir='ltr'><strong>ut</strong></span> <span class='ocrx_word' id='word_1_535' title='bbox 2111 2996 2304 3050; x_wconf 88' lang='lat' dir='ltr'><strong>horum</strong></span> <span class='ocrx_word' id='word_1_536' title='bbox 2342 2996 2675 3052; x_wconf 71' lang='lat' dir='ltr'><strong>exsistentiae</strong></span> <span class='ocrx_word' id='word_1_537' title='bbox 2706 3011 2899 3062; x_wconf 88' lang='lat' dir='ltr'><strong>causa,</strong></span> <span class='ocrx_word' id='word_1_538' title='bbox 2941 2997 3086 3051; x_wconf 91' lang='lat' dir='ltr'><strong>aliud</strong></span> <span class='ocrx_word' id='word_1_539' title='bbox 3114 2998 3184 3053; x_wconf 87' lang='lat' dir='ltr'><strong>ab</strong></span> <span class='ocrx_word' id='word_1_540' title='bbox 3222 2998 3332 3054; x_wconf 88' lang='lat' dir='ltr'><strong>illis</strong></span> 
     </span>
    </p>
   </div>
   <div class='ocr_carea' id='block_1_71' title="bbox 1748 3088 3332 3158">
    <p class='ocr_par' dir='ltr' id='par_1_71' title="bbox 1748 3088 3332 3158">
     <span class='ocr_line' id='line_1_71' title="bbox 1748 3088 3332 3158; baseline -0.001 -13"><span class='ocrx_word' id='word_1_541' title='bbox 1748 3090 2050 3146; x_wconf 77' lang='lat' dir='ltr'><strong>exsistente</strong></span> <span class='ocrx_word' id='word_1_542' title='bbox 2084 3103 2149 3144; x_wconf 90' lang='lat' dir='ltr'><strong>ac</strong></span> <span class='ocrx_word' id='word_1_543' title='bbox 2178 3088 2234 3143; x_wconf 89' lang='lat' dir='ltr'><strong>in</strong></span> <span class='ocrx_word' id='word_1_544' title='bbox 2266 3089 2469 3158; x_wconf 89' lang='lat' dir='ltr'><strong>seipso,</strong></span> <span class='ocrx_word' id='word_1_545' title='bbox 2504 3089 2614 3144; x_wconf 90' lang='lat' dir='ltr'><strong>alio</strong></span> <span class='ocrx_word' id='word_1_546' title='bbox 2648 3090 2843 3144; x_wconf 89' lang='lat' dir='ltr'><strong>abillis</strong></span> <span class='ocrx_word' id='word_1_547' title='bbox 2872 3090 3174 3147; x_wconf 75' lang='lat' dir='ltr'><strong>cxsistente</strong></span> <span class='ocrx_word' id='word_1_548' title='bbox 3196 3105 3332 3146; x_wconf 86' lang='lat' dir='ltr'><strong>con-</strong></span> 
     </span>
    </p>
   </div>
   <div class='ocr_carea' id='block_1_72' title="bbox 1747 3183 1965 3240">
    <p class='ocr_par' dir='ltr' id='par_1_72' title="bbox 1747 3183 1965 3240">
     <span class='ocr_line' id='line_1_72' title="bbox 1747 3183 1965 3240; baseline 0.005 -1"><span class='ocrx_word' id='word_1_549' title='bbox 1747 3183 1965 3240; x_wconf 85' lang='lat' dir='ltr'><strong>sistere.</strong></span> 
     </span>
    </p>
   </div>
   <div class='ocr_carea' id='block_1_73' title="bbox 1825 3291 3332 3350">
    <p class='ocr_par' dir='ltr' id='par_1_73' title="bbox 1825 3291 3332 3350">
     <span class='ocr_line' id='line_1_73' title="bbox 1825 3291 3332 3350; baseline 0.002 -3"><span class='ocrx_word' id='word_1_550' title='bbox 1825 3293 1997 3348; x_wconf 80' lang='lat' dir='ltr'><strong>Habet</strong></span> <span class='ocrx_word' id='word_1_551' title='bbox 2027 3308 2230 3347; x_wconf 86' lang='lat' dir='ltr'><strong>onmem</strong></span> <span class='ocrx_word' id='word_1_552' title='bbox 2260 3308 2553 3347; x_wconf 86' lang='lat' dir='ltr'><strong>numerum.</strong></span> <span class='ocrx_word' id='word_1_553' title='bbox 2586 3291 2858 3349; x_wconf 87' lang='lat' dir='ltr'><strong>Numerus</strong></span> <span class='ocrx_word' id='word_1_554' title='bbox 2885 3294 3028 3349; x_wconf 91' lang='lat' dir='ltr'><strong>enim</strong></span> <span class='ocrx_word' id='word_1_555' title='bbox 3052 3308 3117 3349; x_wconf 84' lang='lat' dir='ltr'><strong>ex</strong></span> <span class='ocrx_word' id='word_1_556' title='bbox 3144 3293 3332 3350; x_wconf 89' lang='lat' dir='ltr'><strong>multis</strong></span> 
     </span>
    </p>
   </div>
   <div class='ocr_carea' id='block_1_74' title="bbox 1751 3383 3327 3456">
    <p class='ocr_par' dir='ltr' id='par_1_74' title="bbox 1751 3383 3327 3456">
     <span class='ocr_line' id='line_1_74' title="bbox 1751 3383 3327 3456; baseline 0.002 -16"><span class='ocrx_word' id='word_1_557' title='bbox 1751 3384 2082 3440; x_wconf 85' lang='lat' dir='ltr'><strong>monadibus</strong></span> <span class='ocrx_word' id='word_1_558' title='bbox 2130 3383 2470 3455; x_wconf 83' lang='lat' dir='ltr'><strong>compositus</strong></span> <span class='ocrx_word' id='word_1_559' title='bbox 2504 3385 2704 3441; x_wconf 87' lang='lat' dir='ltr'><strong>crescit</strong></span> <span class='ocrx_word' id='word_1_560' title='bbox 2747 3386 2802 3440; x_wconf 90' lang='lat' dir='ltr'><strong>in</strong></span> <span class='ocrx_word' id='word_1_561' title='bbox 2850 3386 3327 3456; x_wconf 79' lang='lat' dir='ltr'><strong>magnitudinem:</strong></span> 
     </span>
    </p>
   </div>
   <div class='ocr_carea' id='block_1_75' title="bbox 1749 3476 3334 3549">
    <p class='ocr_par' dir='ltr' id='par_1_75' title="bbox 1749 3476 3334 3549">
     <span class='ocr_line' id='line_1_75' title="bbox 1749 3476 3334 3549; baseline 0 -16"><span class='ocrx_word' id='word_1_562' title='bbox 1749 3493 1943 3533; x_wconf 86' lang='lat' dir='ltr'><strong>monas</strong></span> <span class='ocrx_word' id='word_1_563' title='bbox 1976 3476 2161 3549; x_wconf 76' lang='lat' dir='ltr'><strong>igitur,</strong></span> <span class='ocrx_word' id='word_1_564' title='bbox 2184 3483 2243 3533; x_wconf 93' lang='lat' dir='ltr'><strong>ut</strong></span> <span class='ocrx_word' id='word_1_565' title='bbox 2278 3491 2631 3531; x_wconf 81' lang='lat' dir='ltr'><strong>numerorum</strong></span> <span class='ocrx_word' id='word_1_566' title='bbox 2664 3491 2865 3541; x_wconf 87' lang='lat' dir='ltr'><strong>causa,</strong></span> <span class='ocrx_word' id='word_1_567' title='bbox 2901 3494 3010 3533; x_wconf 94' lang='lat' dir='ltr'><strong>uno</strong></span> <span class='ocrx_word' id='word_1_568' title='bbox 3038 3478 3201 3533; x_wconf 88' lang='lat' dir='ltr'><strong>modo</strong></span> <span class='ocrx_word' id='word_1_569' title='bbox 3228 3495 3334 3533; x_wconf 78' lang='lat' dir='ltr'><strong>nu-</strong></span> 
     </span>
    </p>
   </div>
   <div class='ocr_carea' id='block_1_76' title="bbox 1748 3555 3331 3638">
    <p class='ocr_par' dir='ltr' id='par_1_76' title="bbox 1748 3555 3331 3638">
     <span class='ocr_line' id='line_1_76' title="bbox 1748 3555 3331 3638; baseline 0.002 -14"><span class='ocrx_word' id='word_1_570' title='bbox 1748 3585 1931 3626; x_wconf 89' lang='lat' dir='ltr'><strong>meros</strong></span> <span class='ocrx_word' id='word_1_571' title='bbox 1954 3585 2145 3626; x_wconf 87' lang='lat' dir='ltr'><strong>omnes</strong></span> <span class='ocrx_word' id='word_1_572' title='bbox 2187 3569 2244 3623; x_wconf 91' lang='lat' dir='ltr'><strong>in</strong></span> <span class='ocrx_word' id='word_1_573' title='bbox 2281 3584 2340 3623; x_wconf 90' lang='lat' dir='ltr'><strong>se</strong></span> <span class='ocrx_word' id='word_1_574' title='bbox 2385 3568 2671 3638; x_wconf 80' lang='lat' dir='ltr'><strong>complexa</strong></span> <span class='ocrx_word' id='word_1_575' title='bbox 2717 3575 2802 3627; x_wconf 88' lang='lat' dir='ltr'><strong>est</strong></span> <span class='ocrx_word' id='word_1_576' title='bbox 2837 3588 2849 3624; x_wconf 93' lang='lat'><strong>:</strong></span> <span class='ocrx_word' id='word_1_577' title='bbox 2896 3555 2971 3624; x_wconf 68' lang='lat' dir='ltr'><strong>ita</strong></span> <span class='ocrx_word' id='word_1_578' title='bbox 3004 3570 3168 3625; x_wconf 88' lang='lat' dir='ltr'><strong>etiam</strong></span> <span class='ocrx_word' id='word_1_579' title='bbox 3197 3562 3331 3627; x_wconf 79' lang='lat' dir='ltr'><strong>celi-</strong></span> 
     </span>
    </p>
   </div>
   <div class='ocr_carea' id='block_1_77' title="bbox 1746 3654 3334 3732">
    <p class='ocr_par' dir='ltr' id='par_1_77' title="bbox 1746 3654 3334 3732">
     <span class='ocr_line' id='line_1_77' title="bbox 1746 3654 3334 3732; baseline 0.001 -16"><span class='ocrx_word' id='word_1_580' title='bbox 1746 3669 1892 3717; x_wconf 88' lang='lat' dir='ltr'><strong>trum</strong></span> <span class='ocrx_word' id='word_1_581' title='bbox 1930 3654 2025 3718; x_wconf 88' lang='lat' dir='ltr'><strong>seu</strong></span> <span class='ocrx_word' id='word_1_582' title='bbox 2058 3671 2341 3732; x_wconf 87' lang='lat' dir='ltr'><strong>punctum,</strong></span> <span class='ocrx_word' id='word_1_583' title='bbox 2378 3668 2556 3716; x_wconf 86' lang='lat' dir='ltr'><strong>rectas</strong></span> <span class='ocrx_word' id='word_1_584' title='bbox 2590 3660 2646 3714; x_wconf 91' lang='lat' dir='ltr'><strong>in</strong></span> <span class='ocrx_word' id='word_1_585' title='bbox 2689 3660 2900 3717; x_wconf 89' lang='lat' dir='ltr'><strong>circulo</strong></span> <span class='ocrx_word' id='word_1_586' title='bbox 2949 3661 3127 3718; x_wconf 84' lang='lat' dir='ltr'><strong>lineas</strong></span> <span class='ocrx_word' id='word_1_587' title='bbox 3180 3678 3334 3718; x_wconf 86' lang='lat' dir='ltr'><strong>com--</strong></span> 
     </span>
    </p>
   </div>
   <div class='ocr_carea' id='block_1_78' title="bbox 1747 3753 2025 3825">
    <p class='ocr_par' dir='ltr' id='par_1_78' title="bbox 1747 3753 2025 3825">
     <span class='ocr_line' id='line_1_78' title="bbox 1747 3753 2025 3825; baseline 0.007 -17"><span class='ocrx_word' id='word_1_588' title='bbox 1747 3753 2025 3825; x_wconf 89' lang='lat' dir='ltr'><strong>plectitur.</strong></span> 
     </span>
    </p>
   </div>
   <div class='ocr_carea' id='block_1_79' title="bbox 1815 3866 3331 3939">
    <p class='ocr_par' dir='ltr' id='par_1_79' title="bbox 1815 3866 3331 3939">
     <span class='ocr_line' id='line_1_79' title="bbox 1815 3866 3331 3939; baseline 0.004 -19"><span class='ocrx_word' id='word_1_589' title='bbox 1815 3867 1986 3939; x_wconf 80' lang='lat' dir='ltr'><strong>Atque</strong></span> <span class='ocrx_word' id='word_1_590' title='bbox 2032 3868 2087 3921; x_wconf 81' lang='lat' dir='ltr'><strong>in</strong></span> <span class='ocrx_word' id='word_1_591' title='bbox 2131 3876 2330 3922; x_wconf 81' lang='lat' dir='ltr'><strong>centro.</strong></span> <span class='ocrx_word' id='word_1_592' title='bbox 2369 3866 2496 3922; x_wconf 75' lang='lat' dir='ltr'><strong>llaec</strong></span> <span class='ocrx_word' id='word_1_593' title='bbox 2538 3869 2786 3939; x_wconf 81' lang='lat' dir='ltr'><strong>exempla</strong></span> <span class='ocrx_word' id='word_1_594' title='bbox 2824 3869 3092 3924; x_wconf 90' lang='lat' dir='ltr'><strong>rationem</strong></span> <span class='ocrx_word' id='word_1_595' title='bbox 3128 3870 3331 3926; x_wconf 84' lang='lat' dir='ltr'><strong>contir-</strong></span> 
     </span>
    </p>
   </div>
   <div class='ocr_carea' id='block_1_80' title="bbox 1745 3958 3329 4031">
    <p class='ocr_par' dir='ltr' id='par_1_80' title="bbox 1745 3958 3329 4031">
     <span class='ocr_line' id='line_1_80' title="bbox 1745 3958 3329 4031; baseline 0.002 -16"><span class='ocrx_word' id='word_1_596' title='bbox 1745 3967 1940 4021; x_wconf 85' lang='lat' dir='ltr'><strong>mant;</strong></span> <span class='ocrx_word' id='word_1_597' title='bbox 1977 3965 2105 4013; x_wconf 89' lang='lat' dir='ltr'><strong>nota</strong></span> <span class='ocrx_word' id='word_1_598' title='bbox 2139 3959 2413 4029; x_wconf 89' lang='lat' dir='ltr'><strong>quomodo</strong></span> <span class='ocrx_word' id='word_1_599' title='bbox 2447 3958 2611 4013; x_wconf 90' lang='lat' dir='ltr'><strong>etiam</strong></span> <span class='ocrx_word' id='word_1_600' title='bbox 2645 3975 2710 4014; x_wconf 82' lang='lat' dir='ltr'><strong>ex</strong></span> <span class='ocrx_word' id='word_1_601' title='bbox 2763 3959 2920 4015; x_wconf 89' lang='lat' dir='ltr'><strong>lineis</strong></span> <span class='ocrx_word' id='word_1_602' title='bbox 2973 3959 3216 4031; x_wconf 83' lang='lat' dir='ltr'><strong>declaret</strong></span> <span class='ocrx_word' id='word_1_603' title='bbox 3265 3977 3329 4017; x_wconf 85' lang='lat' dir='ltr'><strong>ea</strong></span> 
     </span>
    </p>
   </div>
   <div class='ocr_carea' id='block_1_81' title="bbox 1745 4050 3157 4122">
    <p class='ocr_par' dir='ltr' id='par_1_81' title="bbox 1745 4050 3157 4122">
     <span class='ocr_line' id='line_1_81' title="bbox 1745 4050 3157 4122; baseline 0.004 -17"><span class='ocrx_word' id='word_1_604' title='bbox 1745 4066 1867 4121; x_wconf 73' lang='lat' dir='ltr'><strong>quae</strong></span> <span class='ocrx_word' id='word_1_605' title='bbox 1894 4050 2063 4107; x_wconf 88' lang='lat' dir='ltr'><strong>Deum</strong></span> <span class='ocrx_word' id='word_1_606' title='bbox 2089 4059 2359 4122; x_wconf 86' lang='lat' dir='ltr'><strong>spectant,</strong></span> <span class='ocrx_word' id='word_1_607' title='bbox 2390 4053 2568 4122; x_wconf 89' lang='lat' dir='ltr'><strong>ipsum</strong></span> <span class='ocrx_word' id='word_1_608' title='bbox 2603 4058 2795 4107; x_wconf 86' lang='lat' dir='ltr'><strong>centro</strong></span> <span class='ocrx_word' id='word_1_609' title='bbox 2820 4052 3157 4110; x_wconf 86' lang='lat' dir='ltr'><strong>assimilans.</strong></span> 
     </span>
    </p>
   </div>
   <div class='ocr_carea' id='block_1_82' title="bbox 1820 4232 3329 4306">
    <p class='ocr_par' dir='ltr' id='par_1_82' title="bbox 1820 4232 3329 4306">
     <span class='ocr_line' id='line_1_82' title="bbox 1820 4232 3329 4306; baseline 0.002 -16"><span class='ocrx_word' id='word_1_610' title='bbox 1820 4233 1977 4306; x_wconf 64' lang='grc'><strong>174</strong></span> <span class='ocrx_word' id='word_1_611' title='bbox 2011 4232 2358 4303; x_wconf 80' lang='lat' dir='ltr'><strong>Uuiformiter</strong></span> <span class='ocrx_word' id='word_1_612' title='bbox 2400 4233 2699 4304; x_wconf 79' lang='lat' dir='ltr'><strong>copulatas.</strong></span> <span class='ocrx_word' id='word_1_613' title='bbox 2748 4232 2882 4291; x_wconf 91' lang='lat' dir='ltr'><strong>Illud</strong></span> <span class='ocrx_word' id='word_1_614' title='bbox 2918 4252 3022 4292; x_wconf 84' lang='lat' dir='ltr'><strong>uno</strong></span> <span class='ocrx_word' id='word_1_615' title='bbox 3050 4235 3205 4293; x_wconf 88' lang='lat' dir='ltr'><strong>modo</strong></span> <span class='ocrx_word' id='word_1_616' title='bbox 3238 4238 3329 4293; x_wconf 88' lang='lat' dir='ltr'><strong>hic</strong></span> 
     </span>
    </p>
   </div>
   <div class='ocr_carea' id='block_1_83' title="bbox 1743 4326 3337 4398">
    <p class='ocr_par' dir='ltr' id='par_1_83' title="bbox 1743 4326 3337 4398">
     <span class='ocr_line' id='line_1_83' title="bbox 1743 4326 3337 4398; baseline 0.001 -16"><span class='ocrx_word' id='word_1_617' title='bbox 1743 4329 1950 4398; x_wconf 89' lang='lat' dir='ltr'><strong>posuit,</strong></span> <span class='ocrx_word' id='word_1_618' title='bbox 1979 4342 2077 4398; x_wconf 90' lang='lat' dir='ltr'><strong>pro</strong></span> <span class='ocrx_word' id='word_1_619' title='bbox 2112 4326 2434 4398; x_wconf 87' lang='lat' dir='ltr'><strong>simpliciter</strong></span> <span class='ocrx_word' id='word_1_620' title='bbox 2465 4334 2520 4382; x_wconf 90' lang='lat' dir='ltr'><strong>et</strong></span> <span class='ocrx_word' id='word_1_621' title='bbox 2560 4327 2844 4397; x_wconf 89' lang='lat' dir='ltr'><strong>similiter;</strong></span> <span class='ocrx_word' id='word_1_622' title='bbox 2891 4343 2997 4383; x_wconf 92' lang='lat' dir='ltr'><strong>non</strong></span> <span class='ocrx_word' id='word_1_623' title='bbox 3049 4328 3197 4384; x_wconf 89' lang='lat' dir='ltr'><strong>enim</strong></span> <span class='ocrx_word' id='word_1_624' title='bbox 3230 4328 3337 4384; x_wconf 61' lang='grc' dir='ltr'>λιιι</span> 
     </span>
    </p>
   </div>
   <div class='ocr_carea' id='block_1_84' title="bbox 1744 4429 1848 4478">
    <p class='ocr_par' dir='ltr' id='par_1_84' title="bbox 1744 4429 1848 4478">
     <span class='ocr_line' id='line_1_84' title="bbox 1744 4429 1848 4478; baseline 0 -1"><span class='ocrx_word' id='word_1_625' title='bbox 1744 4429 1848 4478; x_wconf 89' lang='lat' dir='ltr'><strong>ter.</strong></span> 
     </span>
    </p>
   </div>
   <div class='ocr_carea' id='block_1_85' title="bbox 1817 4529 3328 4601">
    <p class='ocr_par' dir='ltr' id='par_1_85' title="bbox 1817 4529 3328 4601">
     <span class='ocr_line' id='line_1_85' title="bbox 1817 4529 3328 4601; baseline -0.001 -15"><span class='ocrx_word' id='word_1_626' title='bbox 1817 4530 1936 4587; x_wconf 85' lang='lat' dir='ltr'><strong>Imo</strong></span> <span class='ocrx_word' id='word_1_627' title='bbox 1957 4541 2007 4592; x_wconf 79' lang='lat' dir='ltr'><strong>et</strong></span> <span class='ocrx_word' id='word_1_628' title='bbox 2032 4532 2094 4591; x_wconf 77' lang='lat' dir='ltr'><strong>in</strong></span> <span class='ocrx_word' id='word_1_629' title='bbox 2127 4540 2240 4585; x_wconf 79' lang='lat' dir='ltr'><strong>tota</strong></span> <span class='ocrx_word' id='word_1_630' title='bbox 2271 4539 2467 4585; x_wconf 82' lang='lat' dir='ltr'><strong>natura</strong></span> <span class='ocrx_word' id='word_1_631' title='bbox 2500 4531 2754 4587; x_wconf 77' lang='lat' dir='ltr'><strong>universi.</strong></span> <span class='ocrx_word' id='word_1_632' title='bbox 2792 4529 3166 4593; x_wconf 83' lang='lat' dir='ltr'><strong>Manifestum,</strong></span> <span class='ocrx_word' id='word_1_633' title='bbox 3203 4545 3328 4601; x_wconf 85' lang='lat' dir='ltr'><strong>par-</strong></span> 
     </span>
    </p>
   </div>
   <div class='ocr_carea' id='block_1_86' title="bbox 1744 4620 3329 4693">
    <p class='ocr_par' dir='ltr' id='par_1_86' title="bbox 1744 4620 3329 4693">
     <span class='ocr_line' id='line_1_86' title="bbox 1744 4620 3329 4693; baseline -0.003 -12"><span class='ocrx_word' id='word_1_634' title='bbox 1744 4632 1829 4681; x_wconf 89' lang='lat' dir='ltr'><strong>tes</strong></span> <span class='ocrx_word' id='word_1_635' title='bbox 1860 4639 1987 4681; x_wconf 86' lang='lat' dir='ltr'><strong>esse</strong></span> <span class='ocrx_word' id='word_1_636' title='bbox 2020 4623 2075 4677; x_wconf 91' lang='lat' dir='ltr'><strong>in</strong></span> <span class='ocrx_word' id='word_1_637' title='bbox 2109 4630 2264 4679; x_wconf 90' lang='lat' dir='ltr'><strong>toto:</strong></span> <span class='ocrx_word' id='word_1_638' title='bbox 2300 4638 2431 4693; x_wconf 75' lang='lat' dir='ltr'><strong>ergo</strong></span> <span class='ocrx_word' id='word_1_639' title='bbox 2459 4623 2705 4677; x_wconf 89' lang='lat' dir='ltr'><strong>rationes</strong></span> <span class='ocrx_word' id='word_1_640' title='bbox 2728 4637 2852 4692; x_wconf 74' lang='lat' dir='ltr'><strong>quae</strong></span> <span class='ocrx_word' id='word_1_641' title='bbox 2884 4621 2940 4678; x_wconf 89' lang='lat' dir='ltr'><strong>in</strong></span> <span class='ocrx_word' id='word_1_642' title='bbox 2973 4620 3206 4691; x_wconf 76' lang='lat' dir='ltr'><strong>singulis</strong></span> <span class='ocrx_word' id='word_1_643' title='bbox 3242 4636 3329 4687; x_wconf 50' lang='lat' dir='ltr'><strong>res</strong></span> 
     </span>
    </p>
   </div>
   <div class='ocr_carea' id='block_1_87' title="bbox 1744 4711 3327 4784">
    <p class='ocr_par' dir='ltr' id='par_1_87' title="bbox 1744 4711 3327 4784">
     <span class='ocr_line' id='line_1_87' title="bbox 1744 4711 3327 4784; baseline -0.005 -7"><span class='ocrx_word' id='word_1_644' title='bbox 1744 4718 1847 4777; x_wconf 83' lang='lat' dir='ltr'><strong>bus</strong></span> <span class='ocrx_word' id='word_1_645' title='bbox 1880 4716 2203 4773; x_wconf 86' lang='lat' dir='ltr'><strong>naturaliter</strong></span> <span class='ocrx_word' id='word_1_646' title='bbox 2235 4715 2679 4778; x_wconf 85' lang='lat' dir='ltr'><strong>considerantur,</strong></span> <span class='ocrx_word' id='word_1_647' title='bbox 2713 4713 3160 4769; x_wconf 82' lang='lat' dir='ltr'><strong>inexsistentium</strong></span> <span class='ocrx_word' id='word_1_648' title='bbox 3189 4711 3327 4784; x_wconf 88' lang='lat' dir='ltr'><strong>ipsis</strong></span> 
     </span>
    </p>
   </div>
   <div class='ocr_carea' id='block_1_88' title="bbox 73 4802 1646 4908">
    <p class='ocr_par' dir='ltr' id='par_1_88' title="bbox 73 4802 1635 4908">
     <span class='ocr_line' id='line_1_88' title="bbox 73 4802 1635 4908; baseline -0.006 -20"><span class='ocrx_word' id='word_1_649' title='bbox 73 4836 235 4901; x_wconf 73' lang='grc' dir='ltr'>αὐτοῖς</span> <span class='ocrx_word' id='word_1_650' title='bbox 274 4802 570 4908; x_wconf 70' lang='grc' dir='ltr'>δυνάμεων</span> <span class='ocrx_word' id='word_1_651' title='bbox 614 4833 648 4905; x_wconf 81' lang='grc' dir='ltr'>ἢ</span> <span class='ocrx_word' id='word_1_652' title='bbox 696 4802 961 4904; x_wconf 67' lang='grc' dir='ltr'>κινησεων</span> <span class='ocrx_word' id='word_1_653' title='bbox 1002 4830 1149 4901; x_wconf 86' lang='grc' dir='ltr'>λόγοι</span> <span class='ocrx_word' id='word_1_654' title='bbox 1195 4832 1253 4883; x_wconf 87' lang='grc' dir='ltr'>ὲν</span> <span class='ocrx_word' id='word_1_655' title='bbox 1296 4829 1363 4899; x_wconf 80' lang='grc' dir='ltr'>τῇ</span> <span class='ocrx_word' id='word_1_656' title='bbox 1400 4802 1635 4880; x_wconf 76' lang='grc' dir='ltr'>καθόλου</span> 
     </span>
    </p>
   </div>
   <div class='ocr_carea' id='block_1_89' title="bbox 1755 4802 3327 4908">
    <p class='ocr_par' dir='ltr' id='par_1_89' title="bbox 1755 4807 3327 4878">
     <span class='ocr_line' id='line_1_89' title="bbox 1755 4807 3327 4878; baseline -0.003 -14"><span class='ocrx_word' id='word_1_657' title='bbox 1755 4811 2064 4869; x_wconf 65' lang='lat' dir='ltr'><strong>facultatum</strong></span> <span class='ocrx_word' id='word_1_658' title='bbox 2095 4816 2189 4866; x_wconf 90' lang='lat' dir='ltr'><strong>aut</strong></span> <span class='ocrx_word' id='word_1_659' title='bbox 2219 4818 2488 4875; x_wconf 89' lang='lat' dir='ltr'><strong>motuum,</strong></span> <span class='ocrx_word' id='word_1_660' title='bbox 2525 4809 2580 4864; x_wconf 92' lang='lat' dir='ltr'><strong>in</strong></span> <span class='ocrx_word' id='word_1_661' title='bbox 2614 4817 2831 4873; x_wconf 91' lang='lat' dir='ltr'><strong>natura,</strong></span> <span class='ocrx_word' id='word_1_662' title='bbox 2866 4807 3067 4878; x_wconf 86' lang='lat' dir='ltr'><strong>inquit,</strong></span> <span class='ocrx_word' id='word_1_663' title='bbox 3101 4821 3327 4878; x_wconf 73' lang='lat' dir='ltr'><strong>genera-</strong></span> 
     </span>
    </p>
   </div>
   <div class='ocr_carea' id='block_1_90' title="bbox 74 4914 1637 5003">
    <p class='ocr_par' dir='ltr' id='par_1_90' title="bbox 74 4914 1637 5003">
     <span class='ocr_line' id='line_1_90' title="bbox 74 4914 1637 5003; baseline -0.006 -24"><span class='ocrx_word' id='word_1_664' title='bbox 74 4926 437 5003; x_wconf 73' lang='grc' dir='ltr'>λαμόανομένῃ</span> <span class='ocrx_word' id='word_1_665' title='bbox 474 4928 637 4998; x_wconf 82' lang='grc' dir='ltr'>φύσει</span> <span class='ocrx_word' id='word_1_666' title='bbox 676 4924 1039 4998; x_wconf 78' lang='grc' dir='ltr'>θεωροῦνται,</span> <span class='ocrx_word' id='word_1_667' title='bbox 1069 4920 1264 4994; x_wconf 90' lang='grc' dir='ltr'>φησίν·</span> <span class='ocrx_word' id='word_1_668' title='bbox 1309 4914 1419 4973; x_wconf 75' lang='grc' dir='ltr'>οἷον</span> <span class='ocrx_word' id='word_1_669' title='bbox 1463 4919 1513 4971; x_wconf 75' lang='lat' dir='ltr'><strong>oi</strong></span> <span class='ocrx_word' id='word_1_670' title='bbox 1538 4916 1637 4988; x_wconf 84' lang='grc' dir='ltr'>τῆς</span> 
     </span>
    </p>
   </div>
   <div class='ocr_carea' id='block_1_91' title="bbox 74 5010 1638 5094">
    <p class='ocr_par' dir='ltr' id='par_1_91' title="bbox 74 5010 1638 5094">
     <span class='ocr_line' id='line_1_91' title="bbox 74 5010 1638 5094; baseline -0.009 -18"><span class='ocrx_word' id='word_1_671' title='bbox 74 5020 161 5087; x_wconf 68' lang='grc' dir='ltr'><strong>ἔξω</strong></span> <span class='ocrx_word' id='word_1_672' title='bbox 196 5024 522 5094; x_wconf 76' lang='grc' dir='ltr'>φιλοσοφίας</span> <span class='ocrx_word' id='word_1_673' title='bbox 572 5020 751 5074; x_wconf 84' lang='grc' dir='ltr'>πάντα</span> <span class='ocrx_word' id='word_1_674' title='bbox 793 5017 861 5071; x_wconf 85' lang='grc' dir='ltr'>τὰ</span> <span class='ocrx_word' id='word_1_675' title='bbox 909 5016 1029 5070; x_wconf 80' lang='grc' dir='ltr'>καθ’</span> <span class='ocrx_word' id='word_1_676' title='bbox 1082 5013 1290 5068; x_wconf 73' lang='grc' dir='ltr'>ἑαυτῶν</span> <span class='ocrx_word' id='word_1_677' title='bbox 1327 5010 1638 5084; x_wconf 81' lang='grc' dir='ltr'>ὑπάρχοντα</span> 
     </span>
    </p>
   </div>
   <div class='ocr_carea' id='block_1_92' title="bbox 75 5103 1640 5183">
    <p class='ocr_par' dir='ltr' id='par_1_92' title="bbox 75 5103 1640 5183">
     <span class='ocr_line' id='line_1_92' title="bbox 75 5103 1640 5183; baseline -0.007 -16"><span class='ocrx_word' id='word_1_678' title='bbox 75 5116 151 5168; x_wconf 67' lang='grc' dir='ltr'>καὶ</span> <span class='ocrx_word' id='word_1_679' title='bbox 178 5119 236 5170; x_wconf 80' lang='grc' dir='ltr'>ἑν</span> <span class='ocrx_word' id='word_1_680' title='bbox 276 5118 462 5180; x_wconf 79' lang='grc' dir='ltr'>ἄλλοις</span> <span class='ocrx_word' id='word_1_681' title='bbox 486 5111 863 5183; x_wconf 71' lang='grc' dir='ltr'>θεωρούμενα</span> <span class='ocrx_word' id='word_1_682' title='bbox 888 5151 902 5175; x_wconf 94' lang='grc'><strong>,</strong></span> <span class='ocrx_word' id='word_1_683' title='bbox 932 5109 967 5164; x_wconf 78' lang='grc' dir='ltr'><strong>ἆ</strong></span> <span class='ocrx_word' id='word_1_684' title='bbox 996 5108 1213 5180; x_wconf 72' lang='grc' dir='ltr'>ἔμψυχά</span> <span class='ocrx_word' id='word_1_685' title='bbox 1247 5124 1308 5160; x_wconf 87' lang='grc' dir='ltr'><strong>τε</strong></span> <span class='ocrx_word' id='word_1_686' title='bbox 1338 5106 1429 5159; x_wconf 71' lang='grc' dir='ltr'><strong>καὶ</strong></span> <span class='ocrx_word' id='word_1_687' title='bbox 1457 5103 1640 5174; x_wconf 68' lang='grc' dir='ltr'>άψυχά</span> 
     </span>
    </p>
   </div>
   <div class='ocr_carea' id='block_1_93' title="bbox 74 5198 1636 5283">
    <p class='ocr_par' dir='ltr' id='par_1_93' title="bbox 74 5198 1636 5283">
     <span class='ocr_line' id='line_1_93' title="bbox 74 5198 1636 5283; baseline -0.01 -20"><span class='ocrx_word' id='word_1_688' title='bbox 74 5221 235 5278; x_wconf 68' lang='grc' dir='ltr'>φαμεν</span> <span class='ocrx_word' id='word_1_689' title='bbox 258 5226 271 5239; x_wconf 80' lang='lat'><strong><em>°</em></strong></span> <span class='ocrx_word' id='word_1_690' title='bbox 313 5209 498 5264; x_wconf 85' lang='grc' dir='ltr'>ταῦτα</span> <span class='ocrx_word' id='word_1_691' title='bbox 533 5206 715 5283; x_wconf 83' lang='grc' dir='ltr'>πάντα</span> <span class='ocrx_word' id='word_1_692' title='bbox 753 5204 861 5257; x_wconf 80' lang='grc' dir='ltr'><strong>ὑπὸ</strong></span> <span class='ocrx_word' id='word_1_693' title='bbox 892 5203 1020 5273; x_wconf 79' lang='grc' dir='ltr'>μίαν</span> <span class='ocrx_word' id='word_1_694' title='bbox 1049 5198 1379 5271; x_wconf 84' lang='grc' dir='ltr'>κατηγορίαν</span> <span class='ocrx_word' id='word_1_695' title='bbox 1410 5198 1636 5269; x_wconf 73' lang='grc' dir='ltr'>ἧγαγον,</span> 
     </span>
    </p>
   </div>
   <div class='ocr_carea' id='block_1_94' title="bbox 73 5288 1638 5367">
    <p class='ocr_par' dir='ltr' id='par_1_94' title="bbox 73 5288 1638 5367">
     <span class='ocr_line' id='line_1_94' title="bbox 73 5288 1638 5367; baseline -0.011 -13"><span class='ocrx_word' id='word_1_696' title='bbox 73 5296 296 5364; x_wconf 70' lang='grc' dir='ltr'>είτώντες</span> <span class='ocrx_word' id='word_1_697' title='bbox 333 5298 528 5352; x_wconf 80' lang='grc' dir='ltr'>οὐσίαν</span> <span class='ocrx_word' id='word_1_698' title='bbox 539 5298 625 5356; x_wconf 79' lang='grc' dir='ltr'>,ὲν</span> <span class='ocrx_word' id='word_1_699' title='bbox 666 5298 732 5367; x_wconf 81' lang='grc' dir='ltr'>τῇ</span> <span class='ocrx_word' id='word_1_700' title='bbox 764 5293 985 5366; x_wconf 77' lang='grc' dir='ltr'>τοιαύτῃ</span> <span class='ocrx_word' id='word_1_701' title='bbox 1029 5294 1179 5363; x_wconf 80' lang='grc' dir='ltr'>φωνῇ</span> <span class='ocrx_word' id='word_1_702' title='bbox 1212 5288 1638 5362; x_wconf 78' lang='grc' dir='ltr'>περιλαμϐάνον-</span> 
     </span>
    </p>
   </div>
   <div class='ocr_carea' id='block_1_95' title="bbox 1743 4897 3326 4975">
    <p class='ocr_par' dir='ltr' id='par_1_95' title="bbox 1743 4897 3326 4975">
     <span class='ocr_line' id='line_1_95' title="bbox 1743 4897 3326 4975; baseline -0.008 -12"><span class='ocrx_word' id='word_1_703' title='bbox 1743 4906 1871 4963; x_wconf 88' lang='lat' dir='ltr'><strong>liter</strong></span> <span class='ocrx_word' id='word_1_704' title='bbox 1897 4915 2112 4975; x_wconf 91' lang='lat' dir='ltr'><strong>sumpta</strong></span> <span class='ocrx_word' id='word_1_705' title='bbox 2146 4902 2600 4968; x_wconf 86' lang='lat' dir='ltr'><strong>considerantur;</strong></span> <span class='ocrx_word' id='word_1_706' title='bbox 2639 4900 2803 4957; x_wconf 87' lang='lat' dir='ltr'><strong>veluti</strong></span> <span class='ocrx_word' id='word_1_707' title='bbox 2837 4898 3051 4969; x_wconf 90' lang='lat' dir='ltr'><strong>profani</strong></span> <span class='ocrx_word' id='word_1_708' title='bbox 3087 4897 3326 4968; x_wconf 85' lang='lat' dir='ltr'><strong>philoso-</strong></span> 
     </span>
    </p>
   </div>
   <div class='ocr_carea' id='block_1_96' title="bbox 1745 4990 3324 5070">
    <p class='ocr_par' dir='ltr' id='par_1_96' title="bbox 1745 4990 3324 5070">
     <span class='ocr_line' id='line_1_96' title="bbox 1745 4990 3324 5070; baseline -0.006 -17"><span class='ocrx_word' id='word_1_709' title='bbox 1745 5000 1839 5070; x_wconf 90' lang='lat' dir='ltr'><strong>phi</strong></span> <span class='ocrx_word' id='word_1_710' title='bbox 1865 4998 2051 5053; x_wconf 85' lang='lat' dir='ltr'><strong>omnia</strong></span> <span class='ocrx_word' id='word_1_711' title='bbox 2083 5013 2206 5066; x_wconf 63' lang='lat' dir='ltr'><strong>quae</strong></span> <span class='ocrx_word' id='word_1_712' title='bbox 2236 5011 2334 5067; x_wconf 89' lang='lat' dir='ltr'><strong>per</strong></span> <span class='ocrx_word' id='word_1_713' title='bbox 2360 5011 2421 5052; x_wconf 89' lang='lat' dir='ltr'><strong>se</strong></span> <span class='ocrx_word' id='word_1_714' title='bbox 2450 4996 2725 5051; x_wconf 79' lang='lat' dir='ltr'><strong>exsistunt</strong></span> <span class='ocrx_word' id='word_1_715' title='bbox 2751 5000 2805 5048; x_wconf 89' lang='lat' dir='ltr'><strong>et</strong></span> <span class='ocrx_word' id='word_1_716' title='bbox 2835 4992 2890 5049; x_wconf 88' lang='lat' dir='ltr'><strong>in</strong></span> <span class='ocrx_word' id='word_1_717' title='bbox 2919 4992 3043 5047; x_wconf 88' lang='lat' dir='ltr'><strong>aliis</strong></span> <span class='ocrx_word' id='word_1_718' title='bbox 3069 4990 3324 5046; x_wconf 80' lang='lat' dir='ltr'><strong>conside-</strong></span> 
     </span>
    </p>
   </div>
   <div class='ocr_carea' id='block_1_97' title="bbox 1745 5081 3325 5158">
    <p class='ocr_par' dir='ltr' id='par_1_97' title="bbox 1745 5081 3325 5158">
     <span class='ocr_line' id='line_1_97' title="bbox 1745 5081 3325 5158; baseline -0.008 -13"><span class='ocrx_word' id='word_1_719' title='bbox 1745 5099 1939 5145; x_wconf 90' lang='lat' dir='ltr'><strong>rantur</strong></span> <span class='ocrx_word' id='word_1_720' title='bbox 1962 5129 1978 5153; x_wconf 93' lang='lat'><strong>,</strong></span> <span class='ocrx_word' id='word_1_721' title='bbox 2013 5104 2131 5158; x_wconf 76' lang='lat' dir='ltr'><strong>qua:</strong></span> <span class='ocrx_word' id='word_1_722' title='bbox 2164 5088 2405 5141; x_wconf 89' lang='lat' dir='ltr'><strong>animata</strong></span> <span class='ocrx_word' id='word_1_723' title='bbox 2454 5093 2510 5141; x_wconf 89' lang='lat' dir='ltr'><strong>et</strong></span> <span class='ocrx_word' id='word_1_724' title='bbox 2557 5085 2756 5140; x_wconf 72' lang='lat' dir='ltr'><strong>animae</strong></span> <span class='ocrx_word' id='word_1_725' title='bbox 2786 5084 3031 5154; x_wconf 81' lang='lat' dir='ltr'><strong>expertia</strong></span> <span class='ocrx_word' id='word_1_726' title='bbox 3063 5081 3325 5147; x_wconf 82' lang='lat' dir='ltr'><strong>dicimus,</strong></span> 
     </span>
    </p>
   </div>
   <div class='ocr_carea' id='block_1_98' title="bbox 1748 5173 3321 5246">
    <p class='ocr_par' dir='ltr' id='par_1_98' title="bbox 1748 5173 3321 5246">
     <span class='ocr_line' id='line_1_98' title="bbox 1748 5173 3321 5246; baseline -0.012 -7"><span class='ocrx_word' id='word_1_727' title='bbox 1748 5181 1864 5239; x_wconf 72' lang='lat' dir='ltr'><strong>haec</strong></span> <span class='ocrx_word' id='word_1_728' title='bbox 1914 5179 2101 5235; x_wconf 87' lang='lat' dir='ltr'><strong>omnia</strong></span> <span class='ocrx_word' id='word_1_729' title='bbox 2153 5179 2257 5235; x_wconf 89' lang='lat' dir='ltr'><strong>sub</strong></span> <span class='ocrx_word' id='word_1_730' title='bbox 2290 5192 2453 5233; x_wconf 90' lang='lat' dir='ltr'><strong>unam</strong></span> <span class='ocrx_word' id='word_1_731' title='bbox 2490 5176 2906 5246; x_wconf 88' lang='lat' dir='ltr'><strong>appellationem</strong></span> <span class='ocrx_word' id='word_1_732' title='bbox 2945 5173 3321 5233; x_wconf 70' lang='lat' dir='ltr'><strong>adduxerunt,</strong></span> 
     </span>
    </p>
   </div>
   <div class='ocr_carea' id='block_1_99' title="bbox 1746 5266 3323 5337">
    <p class='ocr_par' dir='ltr' id='par_1_99' title="bbox 1746 5266 3323 5337">
     <span class='ocr_line' id='line_1_99' title="bbox 1746 5266 3323 5337; baseline -0.01 -9"><span class='ocrx_word' id='word_1_733' title='bbox 1746 5273 1993 5337; x_wconf 85' lang='lat' dir='ltr'><strong>dicentes</strong></span> <span class='ocrx_word' id='word_1_734' title='bbox 2032 5271 2352 5335; x_wconf 79' lang='lat' dir='ltr'><strong>essentiam;</strong></span> <span class='ocrx_word' id='word_1_735' title='bbox 2377 5268 2432 5322; x_wconf 92' lang='lat' dir='ltr'><strong>in</strong></span> <span class='ocrx_word' id='word_1_736' title='bbox 2473 5268 2568 5321; x_wconf 90' lang='lat' dir='ltr'><strong>tali</strong></span> <span class='ocrx_word' id='word_1_737' title='bbox 2605 5282 2737 5323; x_wconf 86' lang='lat' dir='ltr'><strong>voce</strong></span> <span class='ocrx_word' id='word_1_738' title='bbox 2775 5266 3215 5335; x_wconf 87' lang='lat' dir='ltr'><strong>complectuntur</strong></span> <span class='ocrx_word' id='word_1_739' title='bbox 3268 5267 3323 5315; x_wconf 89' lang='lat' dir='ltr'><strong>et</strong></span> 
     </span>
    </p>
   </div>
   <div class='ocr_carea' id='block_1_100' title="bbox 72 5354 1646 5459">
    <p class='ocr_par' dir='ltr' id='par_1_100' title="bbox 72 5354 1638 5459">
     <span class='ocr_line' id='line_1_100' title="bbox 72 5354 1638 5459; baseline -0.011 -15"><span class='ocrx_word' id='word_1_740' title='bbox 72 5398 146 5439; x_wconf 70' lang='grc' dir='ltr'><strong>ται</strong></span> <span class='ocrx_word' id='word_1_741' title='bbox 193 5354 292 5443; x_wconf 62' lang='grc' dir='ltr'><strong>καί</strong></span> <span class='ocrx_word' id='word_1_742' title='bbox 312 5390 384 5444; x_wconf 81' lang='grc' dir='ltr'>τὰ</span> <span class='ocrx_word' id='word_1_743' title='bbox 410 5390 518 5459; x_wconf 79' lang='grc' dir='ltr'>τῆς</span> <span class='ocrx_word' id='word_1_744' title='bbox 540 5354 669 5442; x_wconf 83' lang='grc' dir='ltr'>καθ’</span> <span class='ocrx_word' id='word_1_745' title='bbox 700 5354 927 5439; x_wconf 60' lang='grc' dir='ltr'>ἕκαστον</span> <span class='ocrx_word' id='word_1_746' title='bbox 950 5354 1135 5445; x_wconf 40' lang='lat' dir='ltr'><strong>ciba-ta;</strong></span> <span class='ocrx_word' id='word_1_747' title='bbox 1153 5354 1440 5452; x_wconf 60' lang='grc' dir='ltr'>ίδιώέιατά,</span> <span class='ocrx_word' id='word_1_748' title='bbox 1474 5375 1638 5431; x_wconf 84' lang='grc' dir='ltr'>καὶοὶ</span> 
     </span>
    </p>
   </div>
   <div class='ocr_carea' id='block_1_101' title="bbox 1755 5354 3320 5459">
    <p class='ocr_par' dir='ltr' id='par_1_101' title="bbox 1755 5354 3320 5431">
     <span class='ocr_line' id='line_1_101' title="bbox 1755 5354 3320 5431; baseline -0.012 -8"><span class='ocrx_word' id='word_1_749' title='bbox 1755 5364 1996 5423; x_wconf 62' lang='lat' dir='ltr'><strong>essentia:</strong></span> <span class='ocrx_word' id='word_1_750' title='bbox 2031 5360 2372 5431; x_wconf 78' lang='lat' dir='ltr'><strong>singulorum</strong></span> <span class='ocrx_word' id='word_1_751' title='bbox 2408 5360 2792 5431; x_wconf 88' lang='lat' dir='ltr'><strong>proprietates,</strong></span> <span class='ocrx_word' id='word_1_752' title='bbox 2828 5364 2880 5411; x_wconf 89' lang='lat' dir='ltr'><strong>et</strong></span> <span class='ocrx_word' id='word_1_753' title='bbox 2926 5354 3166 5410; x_wconf 88' lang='lat' dir='ltr'><strong>rationes</strong></span> <span class='ocrx_word' id='word_1_754' title='bbox 3212 5365 3320 5406; x_wconf 91' lang='lat' dir='ltr'><strong>non</strong></span> 
     </span>
    </p>
   </div>
   <div class='ocr_carea' id='block_1_102' title="bbox 72 5443 1646 5553">
    <p class='ocr_par' dir='ltr' id='par_1_102' title="bbox 72 5443 1641 5553">
     <span class='ocr_line' id='line_1_102' title="bbox 72 5443 1641 5553; baseline -0.011 -15"><span class='ocrx_word' id='word_1_755' title='bbox 72 5474 200 5547; x_wconf 72' lang='grc' dir='ltr'>λόγος</span> <span class='ocrx_word' id='word_1_756' title='bbox 216 5443 523 5553; x_wconf 61' lang='grc' dir='ltr'>ἁσύγχυτοι</span> <span class='ocrx_word' id='word_1_757' title='bbox 561 5478 833 5550; x_wconf 61' lang='grc' dir='ltr'>μένοντες</span> <span class='ocrx_word' id='word_1_758' title='bbox 862 5476 1051 5548; x_wconf 72' lang='grc' dir='ltr'>ἕτερος</span> <span class='ocrx_word' id='word_1_759' title='bbox 1077 5443 1188 5545; x_wconf 71' lang='grc' dir='ltr'><strong>γάρ</strong></span> <span class='ocrx_word' id='word_1_760' title='bbox 1215 5443 1326 5525; x_wconf 65' lang='grc' dir='ltr'>τιῦν</span> <span class='ocrx_word' id='word_1_761' title='bbox 1357 5467 1641 5541; x_wconf 72' lang='grc' dir='ltr'>ἐμψύχων,</span> 
     </span>
    </p>
   </div>
   <div class='ocr_carea' id='block_1_103' title="bbox 1755 5443 3325 5553">
    <p class='ocr_par' dir='ltr' id='par_1_103' title="bbox 1755 5443 3325 5519">
     <span class='ocr_line' id='line_1_103' title="bbox 1755 5443 3325 5519; baseline -0.011 -5"><span class='ocrx_word' id='word_1_762' title='bbox 1755 5456 1987 5519; x_wconf 65' lang='lat' dir='ltr'><strong>confusae</strong></span> <span class='ocrx_word' id='word_1_763' title='bbox 2019 5462 2333 5519; x_wconf 86' lang='lat' dir='ltr'><strong>manentes;</strong></span> <span class='ocrx_word' id='word_1_764' title='bbox 2368 5453 2475 5505; x_wconf 86' lang='lat' dir='ltr'><strong>alia</strong></span> <span class='ocrx_word' id='word_1_765' title='bbox 2504 5452 2652 5509; x_wconf 90' lang='lat' dir='ltr'><strong>enim</strong></span> <span class='ocrx_word' id='word_1_766' title='bbox 2687 5451 3087 5508; x_wconf 87' lang='lat' dir='ltr'><strong>animatorum,</strong></span> <span class='ocrx_word' id='word_1_767' title='bbox 3122 5450 3177 5499; x_wconf 92' lang='lat' dir='ltr'><strong>et</strong></span> <span class='ocrx_word' id='word_1_768' title='bbox 3216 5443 3325 5507; x_wconf 84' lang='lat' dir='ltr'><strong>alia</strong></span> 
     </span>
    </p>
   </div>
   <div class='ocr_carea' id='block_1_104' title="bbox 73 5534 1646 5640">
    <p class='ocr_par' dir='ltr' id='par_1_104' title="bbox 73 5534 1642 5640">
     <span class='ocr_line' id='line_1_104' title="bbox 73 5534 1642 5640; baseline -0.008 -18"><span class='ocrx_word' id='word_1_769' title='bbox 73 5534 152 5622; x_wconf 63' lang='lat' dir='ltr'><strong>ui.</strong></span> <span class='ocrx_word' id='word_1_770' title='bbox 178 5534 350 5638; x_wconf 53' lang='grc' dir='ltr'>ἄλλος.</span> <span class='ocrx_word' id='word_1_771' title='bbox 511 5534 738 5640; x_wconf 57' lang='grc' dir='ltr'>άιξνύχων</span> <span class='ocrx_word' id='word_1_772' title='bbox 769 5534 996 5634; x_wconf 29' lang='grc' dir='ltr'>όῠλόγοςο</span> <span class='ocrx_word' id='word_1_773' title='bbox 1030 5534 1291 5626; x_wconf 69' lang='grc' dir='ltr'>ιῦσαῦτως</span> <span class='ocrx_word' id='word_1_774' title='bbox 1313 5534 1406 5614; x_wconf 60' lang='grc' dir='ltr'><strong>καί</strong></span> <span class='ocrx_word' id='word_1_775' title='bbox 1555 5558 1642 5611; x_wconf 76' lang='lat' dir='ltr'><strong>ci-</strong></span> 
     </span>
    </p>
   </div>
   <div class='ocr_carea' id='block_1_105' title="bbox 1755 5534 3330 5640">
    <p class='ocr_par' dir='ltr' id='par_1_105' title="bbox 1762 5534 3330 5611">
     <span class='ocr_line' id='line_1_105' title="bbox 1762 5534 3330 5611; baseline -0.01 -6"><span class='ocrx_word' id='word_1_776' title='bbox 1762 5549 2170 5605; x_wconf 86' lang='lat' dir='ltr'><strong>nanimatorum</strong></span> <span class='ocrx_word' id='word_1_777' title='bbox 2185 5546 2349 5611; x_wconf 88' lang='lat' dir='ltr'><strong>ratio,</strong></span> <span class='ocrx_word' id='word_1_778' title='bbox 2367 5544 2620 5602; x_wconf 83' lang='lat' dir='ltr'><strong>similiter</strong></span> <span class='ocrx_word' id='word_1_779' title='bbox 2635 5543 2797 5598; x_wconf 87' lang='lat' dir='ltr'><strong>etiam</strong></span> <span class='ocrx_word' id='word_1_780' title='bbox 2825 5537 3133 5602; x_wconf 87' lang='lat' dir='ltr'><strong>sensilium,</strong></span> <span class='ocrx_word' id='word_1_781' title='bbox 3157 5534 3211 5591; x_wconf 93' lang='lat' dir='ltr'><strong>id</strong></span> <span class='ocrx_word' id='word_1_782' title='bbox 3238 5542 3330 5599; x_wconf 36' lang='lat' dir='ltr'><strong>est.</strong></span> 
     </span>
    </p>
   </div>
   <div class='ocr_carea' id='block_1_106' title="bbox 74 5626 1646 5732">
    <p class='ocr_par' dir='ltr' id='par_1_106' title="bbox 74 5648 1640 5732">
     <span class='ocr_line' id='line_1_106' title="bbox 74 5648 1640 5732; baseline -0.01 -15"><span class='ocrx_word' id='word_1_783' title='bbox 74 5660 345 5732; x_wconf 78' lang='grc' dir='ltr'>σθητικῶν,</span> <span class='ocrx_word' id='word_1_784' title='bbox 376 5664 633 5719; x_wconf 85' lang='grc' dir='ltr'>τουτέστι</span> <span class='ocrx_word' id='word_1_785' title='bbox 662 5658 895 5729; x_wconf 86' lang='grc' dir='ltr'>λογικῶν</span> <span class='ocrx_word' id='word_1_786' title='bbox 926 5674 985 5710; x_wconf 89' lang='grc' dir='ltr'><strong>τε</strong></span> <span class='ocrx_word' id='word_1_787' title='bbox 1029 5657 1123 5710; x_wconf 75' lang='grc' dir='ltr'><strong>καί¹</strong></span> <span class='ocrx_word' id='word_1_788' title='bbox 1159 5655 1366 5723; x_wconf 82' lang='grc' dir='ltr'>ἀλόγων</span> <span class='ocrx_word' id='word_1_789' title='bbox 1387 5692 1402 5716; x_wconf 90' lang='grc'><strong>,</strong></span> <span class='ocrx_word' id='word_1_790' title='bbox 1466 5648 1640 5704; x_wconf 87' lang='grc' dir='ltr'>καίτοι</span> 
     </span>
    </p>
   </div>
   <div class='ocr_carea' id='block_1_107' title="bbox 1755 5626 3324 5732">
    <p class='ocr_par' dir='ltr' id='par_1_107' title="bbox 1755 5626 3324 5704">
     <span class='ocr_line' id='line_1_107' title="bbox 1755 5626 3324 5704; baseline -0.01 -10"><span class='ocrx_word' id='word_1_791' title='bbox 1755 5640 2114 5704; x_wconf 61' lang='lat' dir='ltr'><strong>rationalium,</strong></span> <span class='ocrx_word' id='word_1_792' title='bbox 2148 5645 2203 5693; x_wconf 86' lang='lat' dir='ltr'><strong>et</strong></span> <span class='ocrx_word' id='word_1_793' title='bbox 2225 5636 2656 5700; x_wconf 89' lang='lat' dir='ltr'><strong>irrationalium;</strong></span> <span class='ocrx_word' id='word_1_794' title='bbox 2686 5632 2786 5687; x_wconf 89' lang='lat' dir='ltr'><strong>etsi</strong></span> <span class='ocrx_word' id='word_1_795' title='bbox 2809 5629 3065 5685; x_wconf 74' lang='lat' dir='ltr'><strong>essentia:</strong></span> <span class='ocrx_word' id='word_1_796' title='bbox 3101 5642 3199 5682; x_wconf 89' lang='lat' dir='ltr'><strong>seu</strong></span> <span class='ocrx_word' id='word_1_797' title='bbox 3240 5626 3324 5696; x_wconf 82' lang='lat' dir='ltr'><strong>ip-</strong></span> 
     </span>
    </p>
   </div>
   <div class='ocr_carea' id='block_1_108' title="bbox 75 5720 1646 5829">
    <p class='ocr_par' dir='ltr' id='par_1_108' title="bbox 75 5720 1638 5829">
     <span class='ocr_line' id='line_1_108' title="bbox 75 5720 1638 5829; baseline -0.01 -19"><span class='ocrx_word' id='word_1_798' title='bbox 75 5720 198 5809; x_wconf 57' lang='lat' dir='ltr'><strong>xaéa</strong></span> <span class='ocrx_word' id='word_1_799' title='bbox 220 5758 313 5811; x_wconf 83' lang='grc' dir='ltr'><strong>τὸν</strong></span> <span class='ocrx_word' id='word_1_800' title='bbox 332 5720 444 5829; x_wconf 70' lang='grc' dir='ltr'>τῆς</span> <span class='ocrx_word' id='word_1_801' title='bbox 469 5755 684 5817; x_wconf 78' lang='grc' dir='ltr'>οὐσίας,</span> <span class='ocrx_word' id='word_1_802' title='bbox 714 5720 833 5824; x_wconf 49' lang='grc' dir='ltr'>ἦτοι</span> <span class='ocrx_word' id='word_1_803' title='bbox 862 5748 957 5802; x_wconf 86' lang='grc' dir='ltr'><strong>τοῦ</strong></span> <span class='ocrx_word' id='word_1_804' title='bbox 996 5747 1180 5811; x_wconf 83' lang='grc' dir='ltr'>ἁπλῶς</span> <span class='ocrx_word' id='word_1_805' title='bbox 1209 5720 1348 5799; x_wconf 72' lang='grc' dir='ltr'>εἶναι</span> <span class='ocrx_word' id='word_1_806' title='bbox 1397 5759 1638 5813; x_wconf 88' lang='grc' dir='ltr'>συνηνω-</span> 
     </span>
    </p>
   </div>
   <div class='ocr_carea' id='block_1_109' title="bbox 1755 5720 3321 5829">
    <p class='ocr_par' dir='ltr' id='par_1_109' title="bbox 1755 5720 3321 5803">
     <span class='ocr_line' id='line_1_109' title="bbox 1755 5720 3321 5803; baseline -0.013 -12"><span class='ocrx_word' id='word_1_807' title='bbox 1755 5735 1862 5791; x_wconf 73' lang='lat' dir='ltr'><strong>sius</strong></span> <span class='ocrx_word' id='word_1_808' title='bbox 1909 5731 2233 5803; x_wconf 89' lang='lat' dir='ltr'><strong>simpliciter</strong></span> <span class='ocrx_word' id='word_1_809' title='bbox 2280 5727 2616 5785; x_wconf 70' lang='lat' dir='ltr'><strong>exsistentiae</strong></span> <span class='ocrx_word' id='word_1_810' title='bbox 2656 5724 2866 5779; x_wconf 89' lang='lat' dir='ltr'><strong>ratione</strong></span> <span class='ocrx_word' id='word_1_811' title='bbox 2911 5721 3074 5776; x_wconf 88' lang='lat' dir='ltr'><strong>simul</strong></span> <span class='ocrx_word' id='word_1_812' title='bbox 3122 5720 3321 5774; x_wconf 82' lang='lat' dir='ltr'><strong>unian-</strong></span> 
     </span>
    </p>
   </div>
   <div class='ocr_carea' id='block_1_110' title="bbox 77 5810 1646 5919">
    <p class='ocr_par' dir='ltr' id='par_1_110' title="bbox 77 5810 1638 5919">
     <span class='ocr_line' id='line_1_110' title="bbox 77 5810 1638 5919; baseline -0.008 -21"><span class='ocrx_word' id='word_1_813' title='bbox 77 5845 207 5910; x_wconf 54' lang='grc' dir='ltr'>μένοι</span> <span class='ocrx_word' id='word_1_814' title='bbox 248 5810 441 5919; x_wconf 50' lang='lat' dir='ltr'><strong>167ml..-</strong></span> <span class='ocrx_word' id='word_1_815' title='bbox 479 5847 558 5901; x_wconf 66' lang='lat' dir='ltr'><strong>re</strong></span> <span class='ocrx_word' id='word_1_816' title='bbox 604 5810 751 5897; x_wconf 63' lang='grc' dir='ltr'><strong>δέιὲ)</strong></span> <span class='ocrx_word' id='word_1_817' title='bbox 778 5842 921 5914; x_wconf 75' lang='grc' dir='ltr'><strong>ψυχῇ</strong></span> <span class='ocrx_word' id='word_1_818' title='bbox 958 5839 1238 5912; x_wconf 83' lang='grc' dir='ltr'>μονοειδῶς</span> <span class='ocrx_word' id='word_1_819' title='bbox 1280 5810 1638 5908; x_wconf 35' lang='grc' dir='ltr'>εἴρηκεξση-</span> 
     </span>
    </p>
   </div>
   <div class='ocr_carea' id='block_1_111' title="bbox 1755 5810 3321 5919">
    <p class='ocr_par' dir='ltr' id='par_1_111' title="bbox 1755 5810 3321 5881">
     <span class='ocr_line' id='line_1_111' title="bbox 1755 5810 3321 5881; baseline -0.011 -1"><span class='ocrx_word' id='word_1_820' title='bbox 1755 5837 1869 5881; x_wconf 79' lang='lat' dir='ltr'><strong>Lur:</strong></span> <span class='ocrx_word' id='word_1_821' title='bbox 1909 5825 2038 5878; x_wconf 86' lang='lat' dir='ltr'><strong>illud</strong></span> <span class='ocrx_word' id='word_1_822' title='bbox 2084 5831 2264 5876; x_wconf 88' lang='lat' dir='ltr'><strong>autem</strong></span> <span class='ocrx_word' id='word_1_823' title='bbox 2302 5822 2355 5874; x_wconf 89' lang='lat' dir='ltr'><strong>in</strong></span> <span class='ocrx_word' id='word_1_824' title='bbox 2391 5819 2569 5872; x_wconf 88' lang='lat' dir='ltr'><strong>anima</strong></span> <span class='ocrx_word' id='word_1_825' title='bbox 2604 5831 2713 5871; x_wconf 89' lang='lat' dir='ltr'><strong>uno</strong></span> <span class='ocrx_word' id='word_1_826' title='bbox 2746 5813 2909 5869; x_wconf 89' lang='lat' dir='ltr'><strong>modo</strong></span> <span class='ocrx_word' id='word_1_827' title='bbox 2950 5813 3120 5880; x_wconf 79' lang='lat' dir='ltr'><strong>dixit,</strong></span> <span class='ocrx_word' id='word_1_828' title='bbox 3152 5810 3321 5881; x_wconf 81' lang='lat' dir='ltr'><strong>signi-</strong></span> 
     </span>
    </p>
   </div>
   <div class='ocr_carea' id='block_1_112' title="bbox 77 5905 1646 6009">
    <p class='ocr_par' dir='ltr' id='par_1_112' title="bbox 77 5924 1635 6009">
     <span class='ocr_line' id='line_1_112' title="bbox 77 5924 1635 6009; baseline -0.015 -12"><span class='ocrx_word' id='word_1_829' title='bbox 77 5934 261 5997; x_wconf 71' lang='grc' dir='ltr'>μαίνων</span> <span class='ocrx_word' id='word_1_830' title='bbox 299 5939 430 6009; x_wconf 85' lang='grc' dir='ltr'>μίαν</span> <span class='ocrx_word' id='word_1_831' title='bbox 464 5933 603 5990; x_wconf 74' lang='grc' dir='ltr'>εἶναι</span> <span class='ocrx_word' id='word_1_832' title='bbox 640 5935 737 6003; x_wconf 67' lang='grc' dir='ltr'><strong>τὴν</strong></span> <span class='ocrx_word' id='word_1_833' title='bbox 772 5935 834 5985; x_wconf 82' lang='grc' dir='ltr'><strong>ὲκ</strong></span> <span class='ocrx_word' id='word_1_834' title='bbox 862 5930 1038 6002; x_wconf 73' lang='grc' dir='ltr'>ψυχῆς</span> <span class='ocrx_word' id='word_1_835' title='bbox 1071 5926 1409 5997; x_wconf 72' lang='grc' dir='ltr'>ἐνδιδομένην</span> <span class='ocrx_word' id='word_1_836' title='bbox 1434 5925 1538 5995; x_wconf 77' lang='grc' dir='ltr'><strong>ὅλῳ</strong></span> <span class='ocrx_word' id='word_1_837' title='bbox 1560 5924 1635 5993; x_wconf 77' lang='grc' dir='ltr'>τῷ</span> 
     </span>
    </p>
   </div>
   <div class='ocr_carea' id='block_1_113' title="bbox 1755 5905 3319 6009">
    <p class='ocr_par' dir='ltr' id='par_1_113' title="bbox 1755 5905 3319 5977">
     <span class='ocr_line' id='line_1_113' title="bbox 1755 5905 3319 5977; baseline -0.013 -2"><span class='ocrx_word' id='word_1_838' title='bbox 1755 5921 1915 5976; x_wconf 86' lang='lat' dir='ltr'><strong>[icans</strong></span> <span class='ocrx_word' id='word_1_839' title='bbox 1966 5932 2127 5971; x_wconf 86' lang='lat' dir='ltr'><strong>unam</strong></span> <span class='ocrx_word' id='word_1_840' title='bbox 2184 5930 2304 5971; x_wconf 89' lang='lat' dir='ltr'><strong>esse</strong></span> <span class='ocrx_word' id='word_1_841' title='bbox 2352 5912 2419 5965; x_wconf 88' lang='lat' dir='ltr'><strong>ab</strong></span> <span class='ocrx_word' id='word_1_842' title='bbox 2467 5910 2647 5965; x_wconf 87' lang='lat' dir='ltr'><strong>anima</strong></span> <span class='ocrx_word' id='word_1_843' title='bbox 2695 5909 2791 5964; x_wconf 85' lang='lat' dir='ltr'><strong>toti</strong></span> <span class='ocrx_word' id='word_1_844' title='bbox 2833 5908 3050 5977; x_wconf 85' lang='lat' dir='ltr'><strong>corpori</strong></span> <span class='ocrx_word' id='word_1_845' title='bbox 3099 5905 3319 5962; x_wconf 74' lang='lat' dir='ltr'><strong>vitalem</strong></span> 
     </span>
    </p>
   </div>
  </div>
