3874 6538
550 466 658 522 523

1313 455 1658 514 APPENDIX
1691 453 1781 508 AD
1807 440 2037 508 OPERA
2080 449 2136 505 S.
2180 445 2479 504 DlONYSll
2528 443 3022 502 AREOPAGITAS.

3707 443 3800 498 524

552 581 898 644 facultatem,
932 577 1080 634 varie
1113 577 1170 631 in
1205 577 1466 630 membris
1501 578 1818 641 cperantem
1843 609 1858 633 ,
1894 568 2132 622 attribu-

2240 565 2448 636 σώματι
2493 562 2730 634 ζωτικὴν
2770 564 3038 634 δύναμιν,
3090 558 3345 623 ποικίλως
3392 557 3713 632 ἐνεργοῦσαν
3751 562 3801 612 ὲν

552 681 689 727 tam.

624 763 652 835 ς
692 761 801 819 Vll.
837 760 1108 832 Siquidem
1133 761 1452 830 principium
1488 765 1568 812 est
1606 772 1803 811 rerum.
1839 754 1898 810 Si
1932 754 2135 826 princi—

551 859 700 929 pium
738 862 853 921 est,
909 856 962 910 id
1009 869 1120 925 quo
1159 869 1250 909 res
1288 852 1544 915 exsistit,
1576 850 1772 905 merito
1807 849 1860 903 in
1891 848 2134 903 omnium

550 949 823 1020 principio
868 949 1053 1002 omnia
1087 955 1215 1002 ante
1259 946 1663 1007 substiterunt,
1701 949 1761 996 ut
1812 942 1867 996 in
1917 941 2037 996 idea
2083 949 2137 994 et

548 1040 870 1110 exemplari,
906 1040 1052 1094 sicut
1085 1046 1212 1093 ante
1241 1038 1504 1100 diximus,
1532 1034 1696 1091 simul
1723 1041 1776 1088 et
1806 1048 1917 1088 uno
1951 1031 2135 1097 modo,

549 1148 615 1187 ac
637 1132 940 1196 contraria,
976 1141 1035 1185 ut
1070 1131 1127 1186 in
1161 1121 1293 1195 Deo,
1327 1129 1472 1185 sicut
1503 1127 1711 1182 dictum
1745 1132 1850 1188 est,
1881 1123 2137 1179 conside-

548 1235 701 1293 rata;
736 1224 1013 1296 quomodo
1047 1233 1228 1280 autem
1265 1223 1561 1292 conjuncte
1583 1263 1597 1286 ,
1629 1227 1684 1275 et
1727 1218 2028 1280 contraria,
2063 1217 2139 1270 ita

550 1316 861 1387 intelliges:
897 1315 1046 1386 quod
1093 1326 1348 1370 ornatum
1383 1321 1490 1378 est,
1531 1313 1698 1368 habet
1735 1311 1967 1366 formam
1998 1311 2139 1366 divi-

549 1425 692 1473 sam,
724 1415 783 1462 ut
827 1409 880 1462 in
929 1406 1155 1471 mundo,
1203 1407 1331 1461 alibi
1367 1414 1515 1462 astra
1551 1411 1605 1460 et
1647 1404 1774 1459 alibi
1807 1403 2086 1458 hominem
2120 1421 2134 1456 :

553 1500 862 1570 iterumque
885 1500 992 1553 alio
1014 1500 1068 1553 in
1101 1499 1222 1553 loco
1251 1499 1430 1569 ignem
1463 1512 1527 1552 ac
1561 1497 1668 1551 alio
1695 1497 1748 1551 in
1776 1496 1894 1550 loco
1917 1509 2135 1564 aquam;

553 1608 679 1647 cum
711 1593 859 1649 enim
893 1593 1004 1648 sint
1037 1592 1332 1656 contraria,
1370 1591 1416 1646 si
1463 1591 1629 1645 simul
1676 1591 1980 1653 exsistent,
2016 1599 2140 1641 cor-

553 1693 915 1756 rumpuntur;
945 1686 1000 1739 in
1030 1684 1128 1739 Dei
1157 1692 1339 1738 autem
1365 1683 1818 1754 cogitationibus,
1856 1692 1911 1738 et
1948 1696 2140 1736 omnes

554 1792 643 1830 res
694 1777 857 1831 simul
889 1786 1071 1841 erant,
1123 1785 1178 1831 et
1212 1792 1324 1830 non
1373 1775 1628 1841 confuse,
1683 1789 1861 1845 neque
1894 1775 1950 1828 in
1984 1773 2137 1840 loco;

553 1883 664 1922 non
706 1868 853 1922 enim
906 1876 1036 1923 sunt
1086 1883 1356 1938 corpora,
1408 1882 1510 1923 nec
1549 1868 1606 1921 in
1654 1881 1921 1936 corpore,
1955 1864 2048 1920 sed
2083 1864 2138 1918 in

2235 658 2346 718 τοῖς
2382 653 2618 725 μέλεσιν.

2310 744 2338 816 ς
2371 744 2484 799 Vll.
2510 744 2691 815 Ἀρχὴ
2721 744 2832 816 γάρ
2861 745 2993 798 ἐστι
3027 741 3141 798 τῶν
3173 743 3381 796 ὄντων.
3422 742 3487 795 Εἰ
3519 739 3683 794 αἴτιόν
3703 742 3802 795 ἐστι

2235 839 2297 910 τὸ
2320 839 2386 892 δι’
2413 838 2442 892 ὃ
2472 838 2678 906 γίνεται
2707 838 2768 890 τὸ
2798 839 3104 908 γινόμενον,
3138 835 3361 898 εἰκότως
3394 837 3453 888 ὲν
3489 833 3568 904 τῷ
3608 834 3803 886 πάντων

2237 932 2394 1002 αἰτίῳ
2426 930 2602 985 πάντα
2623 931 3059 1004 προῦφέσντηκεν,
3093 930 3169 994 ὡς
3200 932 3260 984 ἐν
3296 927 3410 1000 ίδέᾳ
3441 928 3536 980 καὶ
3569 926 3804 997 παραδεί-

2237 1041 2426 1095 γματι,
2461 1023 2604 1078 καθὰ
2657 1023 3144 1096 προέφημεν.ὁμοῦ
3178 1023 3272 1077 καὶ
3303 1020 3549 1083 ἐνοειδῶς
3573 1061 3588 1084 ,
3632 1020 3721 1072 καὶ
3747 1018 3803 1072 τὰ

2237 1117 2476 1181 ἐναντία,
2509 1116 2585 1181 ὡς
2612 1119 2669 1170 ἐν
2700 1115 2778 1187 τῷ
2811 1115 2928 1186 Θεῴ
2959 1117 3176 1188 εἴρηται
3203 1111 3670 1186 ὲπιθεωρούμενα.
3697 1111 3804 1175 Πῶς

2237 1209 2294 1262 δὲ
2323 1210 2417 1262 καὶ
2448 1208 2742 1280 ἡνωμένως
2761 1248 2776 1273 ,
2827 1210 2921 1262 καὶ
2972 1207 3194 1262 ἐναντία
3224 1207 3292 1272 ¹¹,
3323 1203 3467 1258 οὕτω
3501 1205 3726 1274 νοήσεις·
3755 1201 3804 1256 τὸ

2239 1303 2514 1376 κοσμηθὲν
2567 1302 2680 1373 ἔχει
2733 1303 2796 1356 τὸ
2847 1299 2986 1366 εἶδος
3045 1298 3471 1374 μεμερισμένον,
3526 1296 3602 1359 ὡς
3648 1299 3704 1349 ὲν
3741 1295 3804 1365 τῷ

2241 1391 2448 1463 κόσμῳ,
2483 1391 2715 1462 ἀλλαχοῦ
2746 1391 2816 1444 τά
2847 1389 3024 1462 ἄστρα
3043 1430 3058 1452 ,
3094 1390 3187 1442 καὶ
3223 1385 3458 1457 ἀλλαχοῦ
3501 1384 3592 1438 τὸν
3624 1384 3805 1455 ἄνθρω-

2242 1502 2361 1538 mw
2413 1485 2508 1538 καὶ
2553 1479 2706 1548 αὖθις
2753 1483 2889 1556 ἄλλῃ
2938 1481 3002 1535 τδ
3050 1481 3195 1552 πῦρ,
3248 1479 3344 1533 καὶ
3372 1477 3510 1549 ἄλλῃ
3553 1476 3613 1530 τὸ
3659 1475 3801 1549 ὕδωρ.

2254 1575 2500 1630 Ἑναντία
2530 1573 2640 1646 γὰρ
2670 1575 2818 1638 ὄντα,
2851 1572 2947 1627 ἐὰν
2979 1569 3118 1642 ὁμοῦ
3151 1569 3438 1638 γένωνται,
3473 1564 3807 1636 συμφθείρον-

2240 1687 2364 1725 ταιο
2410 1671 2468 1723 ὲν
2511 1668 2568 1722 δὲ
2610 1671 2732 1731 ταῖς
2771 1668 2990 1738 νοήσεσι
3032 1662 3126 1717 τοῦ
3174 1661 3309 1715 Θεοῦ
3343 1660 3438 1714 καὶ
3482 1661 3661 1713 πάντα
3689 1658 3806 1728 ὁμοῦ

2239 1759 2379 1835 ἦσαν
2409 1761 2540 1814 ὄντα
2569 1760 2663 1814 καὶ
2693 1757 3035 1828 ἀσυγχύτως,
3066 1756 3160 1809 καὶ
3183 1754 3283 1807 οὐκ
3312 1755 3372 1806 ὲν
3415 1751 3586 1822 τόπῳ·
3624 1751 3686 1804 ού
3717 1751 3807 1823 γὰρ

2244 1853 2472 1926 σώματά
2503 1855 2660 1918 εἰσιν,
2685 1849 2808 1905 οὔτε
2842 1853 2898 1904 ὲν
2927 1849 3160 1921 σώματι,
3195 1846 3309 1900 ἀλλ’
3331 1848 3391 1900 ὲν
3419 1844 3609 1908 ἀϊδίοις
3637 1846 3807 1915 νοήσει

551 1960 772 2015 εειει-ηἱε
801 1936 1227 2031 cogitationibus
1253 1975 1374 2030 quae
1406 1967 1535 2015 sunt
1567 1957 1901 2029 exemplaria
1928 1977 1942 2013 :
1988 1954 2132 2012 unde

2240 1964 2336 2014 σιν,
2379 1945 2580 2010 αἵτινές
2629 1947 2736 1998 είσι
2782 1943 3221 2016 παραδείγματα⁶
3273 1938 3395 1993 ὅθεν
3449 1937 3545 1991 καὶ
3611 1936 3810 1989 πάντων

553 2051 719 2106 etiam
765 2051 910 2109 Deus
957 2053 1204 2107 omnium
1237 2063 1321 2108 est
1363 2051 1731 2124 principium;
1763 2064 1886 2104 nam
1933 2049 2138 2120 princi-

553 2144 703 2214 pium
737 2152 823 2201 est
853 2144 1119 2216 quidquid
1148 2153 1276 2201 ante
1303 2144 1554 2200 effectum
1591 2159 1753 2199 suum
1798 2142 2136 2207 substitit,ac

553 2236 610 2290 in
639 2236 762 2292 aliis
814 2237 950 2291 ordo
985 2245 1070 2293 est
1112 2252 1304 2291 eorum
1333 2253 1455 2306 quae
1499 2236 1650 2292 velut
1687 2235 1937 2291 ordinata
1976 2243 2134 2303 sunt;

551 2329 688 2384 ordo
720 2337 901 2384 autem
939 2336 1023 2386 est
1066 2328 1306 2384 etlicacia
1354 2328 1733 2384 similitudinis
1779 2327 2023 2384 omnium
2057 2341 2138 2382 re-

553 2436 672 2475 rum
710 2421 856 2477 inter
893 2437 984 2487 se,
1033 2429 1087 2478 et
1133 2421 1602 2477 commensuratio
1653 2420 1927 2476 exsistens
1966 2433 2136 2484 causa

552 2514 956 2570 communionis
978 2530 1161 2572 rerum
1193 2513 1434 2569 universi
1479 2512 1624 2568 inter
1655 2528 1748 2580 se;
1791 2513 1924 2583 quin
1968 2513 2136 2568 etiam

552 2599 696 2656 Deus
725 2611 822 2656 est.
847 2609 1026 2658 status
1051 2603 1253 2665 omnis,
1285 2611 1339 2657 et
1370 2608 1550 2656 motus
1572 2603 1754 2658 omnis
1777 2618 1980 2658 rerum.
2011 2601 2137 2657 Ηεεε

553 2700 736 2746 autem
772 2693 986 2748 diverse
1032 2694 1428 2765 intelligenda:
1472 2695 1742 2765 siquidem
1792 2695 1846 2748 in
1891 2695 2138 2764 intelligi-

551 2784 755 2839 bilibus
783 2793 838 2840 ει
856 2786 1308 2857 intelligentibus,
1339 2794 1532 2840 natura
1564 2803 1688 2841 cum
1721 2787 2135 2857 sitprincipium

550 2883 734 2932 motus
762 2886 817 2932 et
840 2884 1040 2944 status,
1081 2894 1176 2934 seu
1213 2879 1435 2948 quietis,
1471 2878 1612 2933 idem
1648 2879 1793 2933 enim
1816 2885 1922 2942 est,
1958 2877 2137 2934 enica—

549 2970 690 3025 ciam
734 2970 1007 3046 declarat;
1043 2986 1170 3025 nam
1203 2983 1386 3027 motus
1414 2971 1510 3042 qui
1545 2971 1600 3025 in
1637 2970 1963 3027 ministeriis
1990 2969 2135 3024 divi-

549 3062 638 3118 nis
674 3062 832 3134 175
862 3078 925 3117 ac
956 3061 1281 3118 inferiorum
1329 3063 1789 3119 instructionibus
1838 3062 2019 3118 vitalis
2051 3070 2137 3119 est

549 3153 811 3218 efﬁcacia,
847 3161 902 3208 et
931 3155 1089 3224 quies
1122 3163 1288 3225 atque
1317 3162 1516 3220 status,
1550 3170 1675 3210 cum
1709 3155 1782 3210 sit
1815 3160 2055 3210 aeternus
2083 3163 2136 3210 et

2239 2039 2384 2112 ἀρχὴ
2409 2041 2438 2092 ὁ
2465 2038 2617 2101 Θεός·
2645 2037 2790 2110 ἀρχὴ
2822 2035 2931 2107 γάρ
2963 2036 3083 2088 ἐστι
3118 2034 3226 2087 πᾶν
3246 2031 3310 2084 τὸ
3340 2027 3700 2104 προῦφεστὼς
3730 2027 3809 2080 τοῦ

2237 2132 2547 2205 γινομένων
2584 2129 2838 2202 καὶπρὸς
2869 2129 2983 2193 τοῖς
3011 2128 3214 2192 ἄλλοις,
3252 2126 3346 2180 καὶ
3376 2123 3534 2190 τάξις
3573 2123 3692 2176 ἐστὶ
3721 2122 3810 2174 τῶν

2237 2228 2314 2292 ὡς
2353 2225 2718 2296 τεταγμένων·
2757 2222 2910 2286 τάξις
2947 2221 3006 2275 δέ
3047 2223 3197 2274 ἐστιν
3241 2217 3475 2292 ἐργασία
3512 2216 3811 2287 ὁμοιότητος

2239 2321 2375 2393 πρὸς
2404 2312 2608 2389 ἄλληλα
2640 2312 2857 2371 πάντων
2877 2313 2988 2368 τῶν
3008 2313 3198 2378 ὄντων,
3223 2312 3316 2366 καὶ
3348 2310 3666 2382 συμμετρία
3688 2322 3812 2377 γινο-

2242 2413 2377 2484 μένη
2416 2410 2566 2465 αἰτία
2598 2407 2882 2472 κοινωνίας
2921 2406 3031 2460 τῶν
3061 2405 3197 2477 πρὸς
3229 2403 3436 2475 ἄλληλα
3486 2401 3689 2466 παντὸς
3731 2401 3812 2454 τοῦ

2237 2506 2415 2569 ὄντος,
2469 2501 2604 2556 ἀλλὰ
2650 2501 2746 2556 καὶ
2790 2501 2941 2554 πᾶσα
2990 2497 3180 2561 στάσις
3205 2538 3220 2562 ,
3279 2495 3376 2550 καὶ
3420 2497 3573 2549 πᾶσα
3616 2489 3813 2564 κίνησίς

2239 2600 2355 2650 ἐστι
2381 2595 2493 2650 τῶν
2523 2595 2694 2648 ὅντων
2725 2595 2754 2646 ὁ
2777 2592 2930 2656 Θεός.
2957 2590 3242 2663 Διαφόρως
3269 2588 3326 2641 δὲ
3355 2587 3562 2651 ταύτας
3588 2588 3809 2656 νοητέον·

2241 2689 2336 2744 καὶ
2381 2687 2476 2742 ἐπὶ
2507 2687 2606 2758 μὲν
2636 2685 2746 2739 τῶν
2777 2683 2985 2755 νοητῶν
3017 2683 3112 2736 καὶ
3136 2680 3248 2734 τῶν
3279 2680 3518 2752 νοερῶν,
3565 2681 3598 2750 ἡ
3633 2677 3812 2747 φύσις,

2239 2781 2382 2853 ἀρχὴ
2413 2776 2549 2834 οὖσα
2601 2779 2872 2849 κινήσεως
2917 2775 3011 2830 καὶ
3063 2775 3339 2837 στάσεως,
3390 2773 3510 2843 ἢτοι
3559 2770 3813 2842 ἠρεμίας,

2236 2874 2434 2928 ταύτὸν
2459 2873 2567 2944 γάρ
2599 2874 2717 2925 ἐστι
2739 2911 2752 2936 ,
2799 2868 3082 2940 ἐνέργειαν
3112 2865 3280 2936 δηλοῖο
3311 2866 3348 2935 ἦ
3379 2881 3442 2917 τε
3473 2863 3586 2938 γὰρ
3618 2863 3814 2934 κίνησις

2237 2969 2271 3039 ἡ
2305 2968 2384 3030 εἰς
2415 2965 2687 3028 διακονίας
2719 2962 2870 3026 Θείας
2902 2962 2996 3014 καὶ
3027 2951 3375 3023 διδασκαλίας
3404 2957 3517 3012 τῶν
3562 2956 3814 3026 ὑποϐεϐη-

2239 3062 2412 3116 κότων
2443 3058 2695 3132 ἐνέργειά
2726 3059 2842 3110 ἐστι
2875 3055 3078 3126 ζωτικὴ
3103 3093 3119 3120 ,
3158 3053 3196 3124 ἦ
3225 3065 3287 3106 τε
3335 3052 3543 3125 ἠρεμία
3577 3051 3670 3106 καὶ
3701 3051 3816 3104 στά-

2240 3172 2324 3219 σις
2362 3152 2577 3217 αἰώνιος
2620 3147 2757 3205 οὖσα
2799 3150 2895 3204 καὶ
2923 3149 3228 3221 ἄτρεπτος,
3261 3145 3330 3200 τά
3362 3148 3542 3200 οἰκεῖα
3585 3147 3814 3217 ἐνεργεῖν

551 3244 777 3298 minime
835 3244 1140 3308 mutabilis,
1197 3244 1442 3300 declarat
1495 3253 1708 3301 mentes
1764 3245 1869 3301 sibi
1916 3247 2134 3317 propria

2240 3249 2388 3319 δηλοῖ
2415 3246 2541 3310 τοὺς
2557 3245 2704 3309 νόας,
2729 3244 2824 3298 καὶ
2853 3242 2965 3296 τῶν
2997 3241 3154 3294 θείων
3200 3237 3582 3312 ὲμφορεῖσθαι.
3615 3237 3736 3291 Ἐπὶ
3764 3236 3815 3288 δὲ

550 3335 788 3406 operari,
825 3349 888 3388 ac
908 3335 1109 3390 divinis
1140 3335 1380 3405 impleri;
1415 3336 1471 3390 in
1503 3336 1800 3392 sensilibus
1829 3344 2008 3392 autem
2044 3351 2134 3390 na-

552 3432 676 3500 tura
703 3425 980 3482 exsistens
1004 3420 1333 3496 principium
1366 3433 1548 3482 motus
1579 3436 1632 3482 et
1656 3433 1832 3483 status
1855 3443 1950 3484 seu
1980 3428 2134 3498 quie—

551 3518 644 3583 tis,
669 3525 876 3571 motum
905 3517 1125 3587 quidem
1168 3517 1412 3573 declarat
1453 3519 1511 3573 in
1555 3517 1918 3589 productione
1956 3538 1971 3575 :
2017 3528 2133 3574 sta-

551 3617 667 3664 tum
701 3623 834 3664 vero
881 3624 979 3664 seu
1027 3608 1306 3680 quietem,
1356 3625 1425 3666 ex
1474 3610 1830 3680 corruptione
1881 3613 2135 3669 essentia;

550 3706 646 3756 aut
691 3703 1058 3758 cessationem
1109 3710 1205 3758 aut
1257 3702 1636 3758 mutationem.
1694 3702 1906 3759 Dicitur
1951 3713 2133 3761 autem

549 3795 696 3852 Deus
729 3796 846 3851 haec
879 3812 1022 3861 esse,
1049 3795 1197 3868 quod
1221 3801 1340 3868 ipse
1371 3796 1907 3868 superessentialiter
1935 3798 2007 3854 sit
2036 3814 2135 3852 au-

548 3899 688 3946 ctor.
721 3889 899 3946 Motus
933 3899 1116 3945 autem
1153 3889 1209 3944 in
1241 3889 1386 3954 Deo,
1421 3897 1507 3944 est
1551 3888 1824 3960 benignus
1852 3890 2137 3961 providen-

546 3985 635 4038 tia:
658 3994 953 4055 proceSSus
985 3984 1038 4038 in
1069 3997 1130 4037 ea
1159 3997 1280 4054 quae
1321 3997 1384 4035 ex
1426 3983 1547 4052 ipso
1569 3992 1623 4036 et
1657 3997 1754 4052 per
1782 3982 1998 4052 ipsum;
2029 3992 2136 4039 sta-

547 4081 636 4132 tus
666 4091 819 4141 vero,
841 4083 925 4132 est
957 4091 1175 4147 semper
1196 4076 1386 4131 eodem
1411 4075 1576 4130 modo
1600 4090 1658 4130 se
1682 4075 1903 4139 habere,
1931 4091 1995 4131 ac
2016 4077 2135 4132 sine

544 4185 795 4240 egressu,
817 4169 1148 4240 incognitam
1172 4168 1256 4224 sui
1287 4167 1462 4238 ipsius
1483 4167 1721 4237 quietem
1735 4174 1790 4222 et
1807 4168 2134 4238 intrepid-gm

547 4262 720 4316 turbae
741 4261 1063 4316 vacuitatem
1094 4259 1399 4331 possidere.
1433 4258 1746 4313 Notandum
1767 4266 1971 4324 autem,
2008 4275 2134 4315 eum

548 4353 916 4427 intelligibiles
943 4351 1230 4407 facultates
1249 4360 1481 4407 mternas
1499 4365 1750 4415 vocasse,
1769 4358 1830 4405 ut
1860 4353 2138 4407 aztcrnita-

549 4456 655 4502 tem
678 4447 1107 4518 participantes;
1140 4445 1423 4516 Scriptura
1453 4444 1718 4500 enimhoc
1744 4445 1976 4500 asserit:
2005 4443 2137 4510 Quae

546 4539 685 4592 enim
718 4538 977 4602 videntur,
996 4535 1309 4604 temporalia
1331 4543 1453 4589 sunt
1473 4549 1490 4595 ,°
1507 4549 1625 4603 qua:
1641 4541 1816 4588 autent
1836 4549 1940 4586 non
1960 4532 2138 4586 viden-

2238 3341 2346 3394 τῶν
2369 3337 2642 3411 αἰσθητῶν
2674 3339 2708 3410 ἡ
2732 3336 2894 3406 φύσις
2936 3333 3078 3407 ἀρχὴ
3109 3328 3245 3387 οὖσα
3275 3335 3546 3404 κινήσεως
3573 3331 3669 3386 καὶ
3697 3331 3816 3382 στά-

2239 3450 2398 3496 σεως,
2441 3432 2562 3503 ἦτοι
2607 3429 2883 3502 ἠρεμίας,
2934 3426 3032 3500 τὴν
3077 3425 3174 3497 μὲν
3207 3425 3420 3495 κίνησιν
3455 3423 3608 3495 δηλοί
3655 3425 3733 3486 εἰς
3762 3422 3816 3473 τὸ

2236 3522 2373 3580 εἶναι
2407 3523 2764 3598 παραγωγήνο
2782 3520 2954 3592 τὴνδὲ
2973 3519 3182 3582 στάσιν,
3199 3518 3317 3589 ἦτοι
3338 3519 3440 3590 ὴρε
3448 3517 3597 3589 μίαν,
3620 3516 3717 3588 τὴν
3733 3515 3816 3568 διὰ

2235 3619 2334 3689 τῆς
2349 3617 2552 3689 φθορᾶς
2566 3615 2659 3668 τοῦ
2677 3609 2864 3684 εἶναιῆ
2887 3609 3136 3683 παῦσινῆ
3165 3609 3491 3681 μεταϐολήν.
3513 3609 3742 3678 Λέγεται
3768 3607 3818 3660 δὲ

2235 3711 2409 3766 ταῦτα
2442 3705 2580 3764 εἶναι
2601 3709 2630 3762 ὁ
2661 3707 2815 3772 Θεὸς,
2851 3706 2927 3772 ὡς
2957 3705 3128 3769 αἴτιος
3161 3703 3322 3768 αὐτὸς
3356 3703 3619 3778 ὑπάρχων
3655 3703 3817 3772 ὑπερ-

2236 3805 2449 3868 ουσίως.
2496 3803 2726 3874 Κίνησις
2778 3802 2836 3856 δὲ
2877 3801 2971 3854 ἐπὶ
2997 3798 3133 3853 Θεοῦ
3161 3799 3194 3869 ἡ
3233 3799 3313 3862 είς
3344 3798 3414 3851 τὰ
3449 3798 3510 3861 ἐξ
3536 3795 3698 3850 αὐτοῦ
3729 3794 3818 3848 καὶ

2235 3897 2301 3952 δι’
2333 3896 2500 3951 αὑτοῦ
2545 3898 2604 3950 ὲν
2640 3893 2936 3965 ἀγαθότητι
2970 3891 3302 3964 προνοητικὴ
3345 3890 3600 3962 πρόοδος’
3638 3889 3818 3950 στάσις

2237 3989 2294 4044 δὲ
2324 3989 2386 4043 τὸ
2414 3989 2502 4043 ἀεὶ
2531 3986 2793 4052 ὡσαύτως
2823 3986 2967 4057 ἔχειν
2990 4026 3004 4051 ,
3040 3985 3133 4038 καὶ
3176 3984 3585 4056 ἀνεκεροιτητως
3631 3979 3817 4036 ἑαυτοῦ

2236 4081 2337 4154 τὴν
2377 4080 2778 4149 ἀνεπίγνωστον
2833 4077 3068 4151 ἠρεμίαν
3113 4069 3212 4130 καῖ
3267 4076 3484 4148 ἀτρεμῆ
3529 4074 3818 4146 ἀοχλησίαν

2237 4173 2553 4245 κεκτῆσθαι.
2590 4171 2931 4244 Σημειωτέον
2961 4170 3056 4236 δὲ,
3089 4171 3172 4224 ὅτι
3201 4168 3302 4233 τὰς
3335 4168 3535 4239 νοητὰς
3565 4168 3818 4237 δυνάμεις

2237 4267 2460 4332 αἱωνίας
2491 4266 2768 4329 ἐκάλεσεν,
2802 4265 2878 4329 ὡς
2909 4264 3106 4328 αἰῶνος
3139 4262 3493 4336 μετεχούσας.
3523 4264 3588 4317 Ἦ
3619 4262 3678 4316 δὲ
3709 4260 3819 4314 τοῦ·

2237 4376 2298 4412 το
2327 4358 2559 4427 λέγουσα
2590 4356 2781 4428 Γραφή
2817 4358 2931 4410 ὲστι
2950 4372 2966 4385 '
3006 4355 3082 4409 Τὰ
3115 4354 3228 4424 γὰρ
3250 4355 3606 4423 βλεπόμενα
3634 4355 3820 4421 πρόσ-

2239 4467 2450 4521 καιρα’
2506 4450 2580 4504 τὰ
2627 4447 2697 4502 δὲ
2747 4448 2834 4518 μὴ
2879 4447 3232 4516 βλεπόμενα
3280 4444 3508 4500 αἰώνια.
3554 4446 3633 4498 Τά
3673 4445 3722 4497 δ’
3766 4445 3822 4495 ἐν

2238 4545 2444 4617 ἑτέροις
2483 4541 2798 4614 ὑπάρχοντά
2841 4542 2980 4593 εἰσιν
3017 4533 3128 4592 οἷον
3173 4537 3474 4609 ἁγιασμὸς,
3523 4536 3819 4596 ἀθανασία,

550 4637 658 4692 tur,
678 4637 874 4682 acterna
900 4636 1022 4681 sunt
1041 4623 1088 4680 δ.
1121 4625 1180 4680 In
1201 4626 1322 4680 aliis
1339 4641 1467 4680 vero
1482 4624 1800 4679 exsistentia
1818 4628 1946 4679 sunt
1968 4623 2133 4677 veluti

2240 4636 2458 4703 εύςωτα·
2491 4633 2665 4688 ταῦτα
2711 4631 2821 4704 γὰρ
2865 4634 2923 4686 ὲν
2968 4633 3184 4702 νοηταῖς
3216 4630 3309 4683 καὶ
3353 4632 3566 4703 νοεραῖς
3611 4628 3822 4688 οὐσίαις

545 4721 834 4784 sanctitas,
869 4719 1274 4782 immortalitas,
1311 4719 1437 4772 vitae
1474 4717 1707 4773 beatitas
1741 4736 1753 4771 :
1783 4716 1898 4771 hinc
1917 4715 2060 4771 enim
2080 4715 2136 4771 in

546 4813 977 4884 intelligibilibus
999 4827 1062 4866 ac
1097 4810 1526 4882 intelligentibus
1548 4809 1803 4865 essentiis
1833 4808 1963 4862 talia
1984 4815 2135 4863 sunt:

542 4906 800 4960 dicuntur
820 4914 1000 4959 autem
1027 4903 1357 4975 cogitatione
1377 4917 1499 4958 esse
1531 4902 1585 4956 in
1616 4899 2045 4972 intelligibilibus
2071 4913 2137 4955 ac

543 4998 724 5060 nobis,
761 5006 818 5051 ut
858 4996 937 5052 dii
984 5003 1038 5051 et
1084 4995 1292 5050 domini
1321 5003 1376 5049 et
1405 5001 1657 5065 potentes
1684 4993 1890 5050 virtute
1930 4991 2130 5064 angeli,

541 5105 605 5144 ac
638 5090 1058 5160 participatione
1087 5088 1360 5144 homines.

614 5183 800 5238 Omnis
853 5179 1113 5250 deﬁnitio,
1176 5189 1226 5234 et
1281 5193 1471 5234 cwtera
1514 5196 1852 5252 quacunque.
1899 5178 2031 5247 Quae
2061 5197 2127 5239 eo

537 5273 686 5345 quod
707 5274 977 5329 exsistant
1013 5279 1178 5335 sunt,
1213 5272 1348 5326 dicit
1375 5273 1489 5327 haec
1521 5275 1574 5327 in
1614 5274 1737 5329 aliis
1773 5273 2125 5330 considerata

537 5373 806 5426 exsistere
835 5378 888 5424 et
916 5384 1026 5424 non
1056 5368 1111 5422 in
1137 5367 1374 5437 seipsis;
1402 5381 1526 5420 nam
1558 5367 1962 5438 essentiae(h:ec
1977 5368 2124 5423 enim

538 5465 753 5519 vocavit
805 5463 970 5534 entia)
1028 5468 1158 5516 sunt
1205 5475 1392 5515 eorum
1446 5475 1568 5530 quae
1598 5475 1695 5530 per
1719 5476 1780 5516 se
1825 5462 2123 5527 exsistunt,

538 5569 677 5626 quas
704 5557 1013 5628 designant,
1054 5553 1458 5622 immortalitas,
1490 5554 1780 5624 sapientia,
1810 5553 1965 5617 ordo,
1989 5568 2124 5608 con-

599 5690 623 5729 ἀ
662 5686 704 5743 ll
737 5691 866 5748 Cor.
904 5709 978 5757 tv,
1020 5691 1105 5746 18.

2236 4728 2464 4783 τοιαῦτά
2495 4729 2620 4780 είσι’
2656 4726 2774 4780 κατ’
2807 4725 3048 4780 ἐπίνοιαν
3079 4723 3136 4777 δὲ
3167 4721 3413 4791 λέγονται
3459 4724 3520 4776 ὲν
3547 4725 3658 4786 τοῖς
3694 4739 3822 4791 νοη-

2236 4824 2348 4885 τοῖς
2381 4822 2475 4874 καὶ
2505 4820 2656 4891 ἡμῖν,
2690 4817 2765 4881 ὡς
2798 4818 2910 4872 θεοὶ
2943 4818 3037 4871 καὶ
3087 4815 3266 4888 κύριοι
3298 4815 3394 4869 καὶ
3423 4815 3639 4870 δυνατοὶ
3676 4811 3824 4885 ἰσχύϊ

2237 4914 2456 4984 ἄγγελοι
2489 4911 2630 4967 κατά
2670 4911 2884 4983 μέθεξιν
2916 4911 3010 4965 καὶ
3039 4909 3334 4982 ἄνθρωποι.

2299 5177 2424 5244 Πᾶς
2454 5177 2610 5245 ὅρος,
2645 5176 2740 5229 καὶ
2776 5176 2848 5228 τὰ
2877 5176 3056 5230 ἄλλα.
3083 5176 3222 5228 Ὅσα
3248 5173 3326 5245 τῷ
3343 5171 3488 5230 εἶναι
3515 5177 3644 5231 ὄντα
3694 5177 3822 5236 εἰσὶ.

2225 5274 2400 5329 ταῦτά
2431 5287 2597 5340 φησιν
2647 5271 2705 5322 ὲν
2754 5269 2958 5339 ἑτέροις
3009 5266 3357 5338 θεωρούμενα
3396 5267 3693 5342 ὑπάρχειν,
3732 5270 3826 5321 καί

2227 5367 2286 5418 οὐ
2339 5363 2461 5418 καθ’
2494 5361 2683 5416 ἑαυτάο
2721 5363 2773 5413 αἱ
2808 5361 2916 5431 γὰρ
2964 5359 3141 5412 ούσίαι
3187 5358 3381 5429 (ταῦτα
3413 5360 3524 5434 γάρ
3554 5361 3825 5413 ἐκάλεσεν

2229 5458 2418 5528 ὄντα),
2450 5456 2557 5510 τῶν
2592 5455 2710 5508 καθ’
2727 5455 2898 5507 ἑαυτά
2929 5454 3087 5518 εἰσιν,
3123 5453 3349 5516 ἄστινας
3379 5455 3827 5526 χαρακτηρίζουα

2229 5571 2314 5606 σιν
2337 5593 2350 5615 ,
2404 5549 2706 5610 ἀθανασία,
2743 5547 2937 5618 σοφία,
2972 5546 3156 5613 τάξις,
3194 5546 3452 5618 ἁρμονία,
3489 5546 3691 5601 καὶτὰ
3730 5551 3827 5601 σὺν

1425 5781 1660 5838 VARIIE
1695 5781 2081 5842 LECTIO‘NES
2111 5781 2200 5837 ET
2236 5777 2790 5836 CORRECTIONES.

608 5901 650 5931 ἰ
685 5901 745 5952 το
766 5900 820 5952 δὲ
854 5901 1087 5956 ἐναντία.

1354 5949 1460 5962 ..Μ-⁵
