3874 6540
80 439 164 494 525
852 439 907 491 ς.
949 433 1195 492 MAXIMI
1232 427 1524 492 SCHOLlA
1560 430 1628 490 lN
1667 430 1792 489 LIB.
1836 430 1924 485 DE
1939 428 2204 513 .DlV'lNlS
2235 425 2633 484 NOMINIBUS.

3235 424 3340 481 3%

78 563 259 624 αὐτοῖς,
294 559 450 630 ειπερ
484 559 547 612 ὲν
581 559 786 631 ἑτέροις
815 561 1079 631 ὑπάρχειν
1131 559 1408 627 λέγονται·
1463 558 1649 627 ὥσπερ

1761 551 2050 614 venientia,
2081 557 2136 604 et
2159 548 2225 603 iis
2251 547 2533 617 adjuncta,
2552 560 2673 617 quae
2688 543 2948 599 dicuntur
2967 555 3089 598 esse
3117 539 3172 596 in
3191 541 3340 608 aliis;

78 657 154 709 καὶ
179 653 239 706 τὰ
274 653 401 706 κατ’
441 652 704 724 αἴσθησιν
736 653 863 724 περὶ
895 653 960 705 τὰ
995 652 1225 723 σώματα
1255 651 1525 724 ὁρώμεναι
1545 645 1656 702 οἷον

77 747 264 818 χρῶμα,
302 746 527 816 σχῆμα,
566 745 886 816 πηλικότης,
922 746 1016 798 καὶ
1045 746 1112 799 τὰ
1146 746 1340 818 ὃμοια,
1376 747 1518 820 ἅπερ
1554 763 1656 798 σω-

79 841 235 911 μάτων
267 837 437 902 ὲκτὸς
496 838 851 892 συνίστασθαι
900 838 1180 893 ἀδύνατον.
1225 839 1397 892 Διεῖλε
1428 838 1483 891 δὲ
1515 837 1654 891 αὐτὰ

75 930 296 1002 ὀΙΙατὴρ
330 929 450 982 τῶν
500 929 627 983 κατ’
670 930 928 983 ἐπίνοιαν·
980 928 1152 985 ταῦτα
1197 928 1254 981 δὲ
1303 924 1442 982 εἷναί
1475 944 1655 997 φαμεν

75 1025 126 1076 τὰ
152 1026 211 1093 τῇ
244 1023 440 1093 νοήσει
477 1021 1012 1093 καταλαμϐανόμενα
1035 1061 1049 1084 ,
1085 1016 1197 1073 οἷον
1227 1020 1404 1090 νόημα
1427 1060 1442 1083 ,
1475 1019 1651 1088 λόγον,

73 1116 333 1185 αἴσθησιν,
373 1115 476 1168 καὶ
524 1114 595 1168 τὰ
639 1113 893 1168 τοιαῦτα’
945 1113 1102 1167 ἅτινα
1150 1115 1216 1183 τῇ
1269 1111 1482 1182 ἐπινοίᾳ
1517 1111 1655 1184 μόνῃ

73 1212 208 1262 οἱονεὶ
235 1212 303 1280 τῇ
340 1209 730 1280 ὲπενθυμήσει
774 1205 1143 1278 γνωρίζομενο
1179 1205 1212 1276 ἢ
1257 1207 1348 1258 καὶ
1380 1206 1500 1258 κατ’
1532 1204 1654 1256 ἐπί-

72 1321 193 1355 νοιαν
223 1303 377 1371 λέγει
413 1302 489 1355 τὰ
523 1301 716 1372 νοητὰ,
738 1300 832 1354 καὶ
863 1299 1113 1372 αἰσθήσει
1148 1298 1522 1352 ὑποπίπτοντα
1559 1314 1655 1369 μη-

71 1397 251 1466 δαμῶς.
1170 1388 1180 1399 ’

131 1489 154 1559 §
193 1487 327 1544 Vlll.
366 1491 443 1542 Al
476 1489 692 1555 νοηταί
728 1488 824 1542 καὶ
857 1489 1078 1556 γοεραί.
1113 1487 1427 1559 Σημείωσαι
1458 1487 1534 1551 δὲ,
1569 1479 1652 1540 ὅτι

70 1581 119 1632 τὸ
147 1581 347 1650 mnta!
385 1581 468 1645 ὡς
505 1577 644 1652 πρὸς
676 1581 840 1652 ἡμᾶς·
875 1577 936 1634 τὸ
965 1575 1021 1633 δὲ
1052 1580 1250 1648 νοεραί
1284 1579 1358 1643 ὡς
1393 1579 1529 1652 πρὸς
1561 1579 1651 1631 τὸν

69 1673 182 1726 Θεὸν
211 1677 447 1727 νοεῖται.

127 1767 227 1819 Καὶ
264 1767 330 1819 τὸ
365 1767 552 1820 εἶναι.
589 1767 701 1820 Καὶ
730 1765 794 1818 τὸ
825 1763 1072 1829 θεοειδῶς
1103 1759 1260 1819 εἶναι.

1757 655 1886 700 sunt
1922 643 2087 699 etiam
2134 658 2258 713 quae
2303 655 2467 698 sensu
2511 639 2660 692 circa
2704 650 2935 706 corpora
2967 635 3245 700 videntur,
3282 642 3344 690 ut

1756 736 1930 799 color,
1964 733 2156 805 ﬁgura,
2205 732 2489 804 quantitas
2527 736 2581 784 et
2623 728 2844 790 similia.
2877 743 2996 797 quae
3029 735 3182 782 extra
3212 742 3342 782 cor-

1757 847 1860 902 pus
1883 830 2185 885 consistere
2209 834 2508 898 nequeunt.
2537 823 2708 878 Porro
2725 821 2886 876 Pater
2921 821 3035 874 haec
3063 821 3249 876 divisit
3270 820 3344 875 ab

1758 925 1846 988 iis,
1883 938 2005 993 quae
2029 929 2157 978 sunt
2187 919 2548 991 cogitatione;
2585 917 2697 970 haec
2724 923 2905 968 autem
2951 912 3187 967 dicimus
3217 928 3343 968 esse

1757 1030 1878 1086 quae
1907 1013 2276 1069 iutellectione
2323 1007 2883 1080 comprehenduntur,
2938 1004 3105 1058 veluti
3151 1005 3340 1074 cegni-

1756 1108 1982 1171 tionem,
2008 1105 2255 1168 verbum,
2305 1117 2527 1158 sensum
2574 1110 2628 1156 et
2650 1099 2810 1165 talia;
2860 1113 2982 1167 quae
3010 1097 3343 1167 cogitatione
3440 1105 3444 1108 '

1757 1201 1872 1256 sola
1909 1207 2169 1269 tanquam
2207 1195 2408 1252 reﬂexo
2453 1190 2846 1248 intellectionis
2878 1197 3004 1244 actu
3051 1189 3342 1259 cognosci-

1757 1308 1914 1360 mus;
1949 1302 2044 1346 aut
2073 1293 2238 1347 etiam
2270 1305 2394 1344 esse
2427 1286 2760 1357 cogitatione
2789 1283 2925 1338 dicit
2953 1281 3338 1352 intelligibilia,

1756 1393 1810 1440 et
1827 1387 1976 1442 nullo
2002 1383 2164 1439 modo
2187 1384 2440 1440 sensibus
2475 1380 2746 1450 subjecta.

1829 1475 2042 1554 ςνιιιη
2072 1475 2422 1530 Intellectiles
2497 1489 2561 1527 ac
2611 1471 2984 1540 intelligentes.
3031 1464 3170 1519 Nota
3207 1479 3341 1518 vero
3383 1465 3395 1478 ‘

1755 1569 1901 1639 quod
1927 1569 2115 1641 νοηταί
2146 1576 2399 1638 respectu
2444 1564 2654 1630 nostri;
2690 1563 2834 1634 quod
2861 1559 3044 1631 νοεραί
3084 1563 3338 1626 respectu

1755 1661 1852 1718 Dei
1885 1661 2230 1732 intelligitur.

1831 1753 1900 1807 Et
1920 1770 2052 1810 esse.
2086 1752 2152 1806 Et
2181 1752 2362 1807 divine
2383 1767 2507 1807 esse
2539 1749 2766 1804 habent.

129 1859 228 1911 Kal
265 1859 337 1912 τὰ
369 1858 544 1914 ἄλλα
578 1858 794 1912 πάντα.
831 1859 952 1911 ’Ὁτι
984 1858 1146 1921 αὐτὸς
1181 1857 1351 1921 αἴτιος
1382 1856 1477 1910 τοῦ
1510 1853 1646 1911 εἶναι

1829 1845 1904 1899 Et
1928 1845 2041 1900 alia
2089 1845 2286 1899 omnia.
2340 1845 2524 1914 Ipsum
2576 1847 2854 1895 auctorem
2900 1849 3044 1901 esse,
3086 1850 3187 1890 cur
3227 1833 3344 1890 sint

68 1949 125 2002 τὰ
157 1949 362 2015 πάντα,
422 1951 524 2004 καὶ
579 1947 684 2024 πρὸ
729 1951 823 2003 τοῦ
870 1945 1008 2003 εἶναι
1029 1989 1043 2012 ,
1078 1950 1174 2003 ἆτε
1207 1949 1316 2024 Ακαὶ
1351 1949 1495 2015 ἰδέα,
1531 1950 1649 2021 ἦτοι

67 2044 404 2115 παράδειγμα
439 2043 519 2097 ὢν
553 2043 648 2096 τοῦ
681 2040 821 2097 εἶναι
841 2084 856 2107 ,
890 2043 966 2107 ὡς
998 2042 1245 2096 ἐντεῦθεν
1276 2042 1556 2114 δηλοῦταγ
1589 2042 1652 2095 τὸ

68 2133 161 2207 γὰρ
192 2136 323 2187 αὐτὸ
357 2131 542 2196 εἶναι,
591 2134 692 2187 οὐκ
725 2134 857 2188 αύτό
894 2134 1042 2187 ἐστιν
1062 2136 1090 2186 ὁ
1120 2133 1272 2197 Θεὸς,
1306 2131 1393 2186 διὰ
1424 2133 1483 2186 τὸ
1513 2129 1651 2188 εἶναι

66 2225 141 2279 τὸν
170 2227 322 2290 Θεὸν,
360 2226 507 2280 ἀλλὰ
543 2226 631 2279 διὰ
665 2226 754 2279 τὸν
785 2224 936 2288 Θεὸν,
985 2227 1077 2279 καὶ
1121 2225 1182 2278 τὸ
1219 2220 1352 2277 εἶναι
1384 2225 1522 2297 ἐστὶ,
1557 2225 1650 2278 καὶ

65 2320 278 2387 λέγεταιο
333 2321 420 2373 διὸ
473 2322 534 2373 ἐν
581 2319 660 2390 τῷ
706 2318 824 2389 Θεῷ
857 2321 970 2372 ἐστι
1002 2318 1063 2371 τὸ
1094 2313 1232 2372 εἶναι
1257 2358 1272 2382 ,
1304 2317 1378 2381 ὡς
1422 2319 1552 2371 ἰδέαο
1588 2317 1648 2370 ού

67 2410 157 2483 μὴν
185 2413 212 2464 ὸ
244 2412 403 2476 Θεὸς,
443 2415 507 2466 ὲν
540 2411 620 2482 τῷ
652 2408 793 2465 εἷναί
827 2413 960 2464 ἐστι’
989 2408 1093 2481 πρὸ
1124 2410 1232 2484 γὰρ
1264 2409 1357 2462 τοῦ
1390 2405 1528 2464 εἶναι
1559 2405 1646 2481 ἦν·

62 2504 192 2571 6w;
219 2504 308 2558 6:31
341 2506 406 2557 τὸ
445 2506 668 2558 πάντων
718 2503 890 2568 αἴτιος
935 2496 1072 2556 εἶναι
1095 2542 1109 2566 ,
1144 2503 1238 2556 καὶ
1283 2503 1651 2574 παραγωγεὺς

61 2595 337 2662 δείκνυται,
376 2599 480 2650 καὶ
513 2598 622 2664 ἔξω
658 2598 870 2650 πάντων
903 2598 1069 2659 ἐστὶν,
1095 2596 1171 2660 ὡς
1203 2595 1376 2658 αἴτιος
1409 2595 1647 2658 πάντων,

62 2689 141 2742 καὶ
180 2691 292 2754 τοῖς
337 2673 457 2745 τῶν
514 2692 736 2744 πάντων
768 2689 1109 2760 γνωρίσμασι
1161 2687 1647 2759 προσαγορεύεται,

59 2781 124 2846 ὡς
152 2783 216 2837 τὰ
253 2784 438 2838 πάντα
479 2781 841 2855 παραγαγών.

123 2876 226 2928 Καὶ
259 2868 458 2929 αὑτοῦ
493 2876 628 2928 ἐστι
664 2874 728 2927 τὸ
759 2875 930 2928 εἶναι.
966 2873 1138 2927 Αὐτοῦ
1175 2873 1304 2945 μὲν,
1339 2872 1414 2936 ὡς
1459 2870 1517 2937 ἐξ
1549 2873 1648 2927 αύ-

59 2965 142 3017 τοῦ
161 2970 275 3020 ἐστι
305 2967 370 3020 τὸ
402 2963 574 3020 εἶναι·
613 2969 672 3019 ὲν
703 2966 850 3036 αύτῷ
884 2967 940 3019 δὲ
970 2965 1047 3037 τῷ
1082 2965 1467 3038 συντηρεῖσοαι
1517 2970 1648 3039 παρ’

61 3058 234 3110 αὑτοῦ·
268 3061 371 3112 οὐκ
404 3058 579 3122 αὐτὸς
610 3057 666 3110 δὲ
699 3058 792 3111 τοῦ
826 3055 982 3120 εἶναι,
1007 3058 1125 3111 οὐδὲ
1161 3061 1219 3112 ὲν
1249 3059 1326 3130 τῷ
1357 3054 1494 3112 εἶναι
1523 3077 1648 3113 συν-

61 3152 324 3222 εχόμενος
363 3151 516 3223 ὑπὲρ
551 3151 662 3222 γὰρ
692 3151 752 3204 τὸ
784 3147 921 3204 εἶναι
947 3155 974 3206 ὁ
996 3151 1336 3223 ύπερούσιος.

121 3333 226 3383 Καὶ
262 3333 374 3386 οὐκ
408 3330 604 3397 αὐτὸς
635 3325 704 3384 ἐν
736 3330 815 3397 τῷ
845 3332 1014 3385 εἶναι.
1047 3332 1566 3402 Προσυπακουστέον
1589 3334 1647 3386 ὲν

55 3423 379 3498 ἀμφοτέροις
401 3425 469 3479 τὸ
492 3430 710 3488 α’τιον,
725 3425 969 3478 τουτέστι
993 3425 1054 3477 τὸ
1078 3420 1216 3478 εἶναι
1238 3425 1397 3478 αὑτὸν
1419 3425 1533 3496 ἔχει
1560 3427 1632 3479 αῖ-

54 3534 182 3580 τιον,
222 3521 315 3573 καὶ
347 3518 478 3589 οὐχ).
518 3515 716 3580 αὐτὸς,
755 3516 830 3580 ὡς
870 3517 934 3568 ὲκ
958 3517 1374 3588 προηγουμένης
1399 3517 1443 3546 ²¹
1469 3517 1648 3580 αἰτίας

51 3609 162 3679 ἔχει
196 3611 260 3663 τὸ
283 3607 448 3665 εἶναι.

119 3704 282 3757 Κατὰ
312 3703 532 3760 πᾶσαν
565 3703 685 3755 τῶν
716 3701 904 3756 ὄντων
933 3703 1226 3755 ἐπίνοιαν.
1259 3702 1322 3756 Ἦ
1349 3703 1457 3757 τῶν
1479 3703 1646 3758 ὄντων

51 3791 275 3863 Θεωρία,
305 3796 374 3866 ἣν
402 3793 647 3848 ἐνταῦθα
672 3793 914 3846 ἐπίνοιαν
939 3791 1187 3856 ἐκάλεσε,
1216 3793 1381 3865 πολλή
1408 3812 1491 3858 τις
1512 3790 1647 3849 οὖσα

51 3886 140 3936 καὶ
189 3885 411 3958 ποικίλη
468 3883 624 3958 πάσῃ
650 3884 870 3957 ἐπιϐολῇ
914 3885 1008 3938 τοῦ
1053 3883 1167 3949 νοῦ,
1217 3887 1647 3956 προῦπαντῶσαν

48 3974 291 4048 εὑρίσκει
313 3979 410 4032 τοῦ
441 3980 626 4032 αἰτίου
661 3980 759 4050 τὴν
798 3979 1004 4033 ἔννοιαν
1023 4020 1037 4043 ,
1073 3977 1240 4050 ἤγουν
1265 3980 1360 4033 τοῦ
1387 3980 1647 4053 δημιουρ-

48 4070 165 4134 γοῦ·
185 4071 246 4124 τὸ
270 4069 362 4125 οἷν
388 4068 1039 4132 πολλαυταῖασιάζεσθαι
1053 4070 1219 4143 δηλοῖ,
1237 4067 1297 4125 τὸ
1311 4074 1366 4126 ἐν
1389 4075 1504 4136 τοῖς
1520 4072 1647 4125 πολ-

46 4163 156 4227 λοῖς
184 4165 276 4217 τὸν
297 4162 465 4218 αὐτὸν
487 4164 665 4217 αἴτιον
700 4160 1042 4234 Θεωρεῖσθαι.

110 4244 230 4310 Kal
267 4258 332 4311 τὸ
363 4258 528 4319 ἐστὶ,
567 4256 670 4309 καὶ
701 4255 767 4309 τὸ
798 4254 988 4310 ἔσται.
1027 4258 1204 4330 ”Απερ
1236 4261 1293 4312 ὲν
1320 4249 1396 4329 τῷ
1422 4259 1526 4330 πρὸ
1552 4261 1646 4313 αὐ-

42 4347 134 4399 τοῦ
161 4349 443 4421 ἀπέφησε,
473 4348 572 4401 νῦν
596 4348 839 4402 ἐπειπὼν
865 4349 943 4419 τῷ
968 4349 1086 4419 Θεῷ
1120 4351 1430 4419 ἀναγκαίως
1457 4351 1645 4404 ἑαυτὸν

43 4439 369 4510 ἑρμηνεύων
398 4441 549 4494 κατὰ
589 4441 689 4511 τὴν
729 4439 822 4493 τοῦ
854 4439 1027 4493 αἰτίου
1070 4440 1276 4494 ἔννοιαν
1310 4442 1480 4495 ταῦτα
1506 4445 1644 4496 νοεῖν

1754 1939 1960 2002 omnia,
1994 1946 2046 1993 et
2077 1943 2203 1991 ante
2227 1951 2388 2007 quam
2419 1943 2636 1999 essent,
2667 1941 2728 1988 ut
2761 1931 2880 1986 idea
2923 1947 3020 1986 seu
3059 1929 3341 2000 exemplar

1753 2030 1930 2102 ipsius
1958 2029 2320 2093 exsistentiaa,
2357 2028 2501 2082 sicut
2535 2027 2662 2080 hinc
2689 2025 3038 2080 declaratur:
3063 2039 3188 2077 nam
3206 2024 3339 2094 ipsa

1753 2124 2075 2182 exsistentia
2104 2138 2215 2178 non
2240 2129 2324 2178 est
2353 2121 2469 2192 ipse
2495 2119 2656 2190 176
2686 2117 2865 2182 Deus,
2899 2118 3026 2188 quia
3061 2116 3204 2172 Deus
3241 2132 3341 2171 ex-

1753 2218 1928 2280 sistit,
1967 2232 2065 2286 per
2108 2215 2280 2270 Deum
2313 2223 2494 2268 autem
2528 2220 2582 2268 et
2611 2212 2935 2268 exsistentia
2965 2217 3080 2274 est,
3114 2218 3167 2264 et
3195 2208 3340 2263 dici-

1754 2317 1872 2378 tur;
1901 2310 2022 2364 ideo
2047 2306 2370 2364 exsistentia
2399 2316 2481 2360 est
2504 2305 2558 2358 in
2595 2304 2703 2359 Deo
2732 2313 2792 2359 ut
2819 2303 2973 2368 idea,
3017 2319 3125 2358 non
3153 2310 3340 2357 autem

1754 2401 1899 2458 Deus
1943 2409 2028 2456 est
2051 2401 2104 2454 in
2136 2399 2252 2470 ipsa
2280 2396 2636 2462 exsistentia;
2669 2403 2787 2450 erat
2815 2395 2960 2450 enim
2995 2401 3122 2449 ante
3152 2395 3327 2464 ipsam

1752 2494 2163 2555 exsistentiam;
2198 2501 2380 2546 tamen
2403 2491 2531 2560 quia
2553 2496 2637 2543 est
2660 2487 2904 2542 omnium
2949 2493 3173 2549 auctor,
3210 2500 3337 2556 pro-

1753 2589 1950 2644 ductor
1989 2600 2208 2658 quoque
2257 2583 2591 2646 declaratur,
2646 2589 2699 2636 et
2739 2578 3337 2644 nominibus_omnium

1753 2683 2080 2753 appellatur,
2113 2688 2172 2733 ut
2203 2678 2297 2749 qui
2362 2677 2544 2730 omnia
2577 2673 2858 2745 produxit.

1823 2858 1892 2912 Et
1913 2857 2024 2927 ejus
2053 2864 2130 2911 est
2148 2853 2477 2910 easistentia.
2496 2851 2672 2922 Ipsius
2697 2850 2940 2922 quidem,
2966 2848 3095 2920 quia
3126 2865 3192 2903 cx
3218 2849 3342 2919 ipsa

1749 2959 1835 3008 est
1885 2949 2244 3006 exsistentia:
2285 2947 2339 3000 in
2389 2961 2452 3000 eo
2483 2959 2634 3006 vero,
2677 2943 2820 3014 quod
2853 2943 2923 2996 ab
2949 2943 3070 3011 ipso
3109 2956 3337 2995 conser.

1751 3052 1928 3110 vetur,
1954 3045 2071 3114 ipse
2097 3057 2205 3096 non
2234 3044 2318 3094 es:
2346 3037 2687 3104 exsistentia,
2723 3050 2902 3106 neque
2931 3034 2984 3088 in
3013 3034 3337 3089 exsistentia

1674 3173 1717 3231 Ο
1753 3137 2098 3199 continetur;
2132 3140 2216 3188 est
2245 3131 2391 3186 enim
2424 3143 2591 3200 supra
2618 3127 3033 3191 exsistentiam,
3077 3126 3205 3196 quia
3242 3141 3338 3180 sua

1751 3228 2183 3302 peressentialis.

1823 3322 1890 3376 Et
1913 3339 2013 3375 non
2046 3322 2155 3388 ipse
2195 3320 2250 3372 in
2289 3317 2620 3372 exsistentia.
2672 3313 3118 3368 Subaudiendum
3167 3311 3338 3366 estin

1751 3415 2020 3484 utrisque,
2052 3412 2412 3481 principium;
2443 3409 2495 3462 id
2518 3414 2597 3463 est
2630 3405 2946 3463 exsistentia
2971 3404 3133 3459 habet
3157 3403 3337 3474 ipsum

1751 3515 2053 3570 auctorem,
2087 3521 2265 3575 neque
2297 3506 2412 3574 ipse
2444 3503 2592 3557 velut
2625 3516 2689 3557 ex
2721 3498 3013 3571 principali
3044 3511 3210 3553 causa
3239 3510 3338 3552 ex-

1750 3600 2056 3656 sistentiam
2087 3599 2272 3653 habet.

1822 3691 2120 3748 Secundum
2165 3691 2399 3744 omnium
2453 3703 2658 3751 eorum,
2703 3701 2821 3757 qua:
2864 3692 3009 3748 sunt,
3059 3682 3336 3753 cogitatio-

1751 3802 1889 3841 nem.
1926 3783 2325 3854 Contemplatio
2359 3795 2540 3836 rerum
2588 3788 2751 3849 quam
2788 3776 2893 3830 hoc
2937 3776 3061 3830 loco
3091 3774 3339 3832 ἐπίνοιαν

1751 3877 1988 3939 vocavit,
2021 3891 2144 3929 cum
2179 3875 2345 3927 multa
2377 3873 2447 3927 sit
2492 3877 2546 3924 et
2587 3869 2759 3933 varia,
2811 3865 3016 3921 invenit
3046 3866 3336 3933 cogitatio-

1750 3987 1872 4026 nem
1904 3983 2084 4023 causa:
2116 3983 2210 4022 seu
2243 3965 2509 4019 creatoris
2534 3962 2682 4018 omni
2722 3959 2920 4014 mentis
2961 3957 3178 4012 conatui
3219 3957 3334 4012 sive

1750 4061 2036 4116 intentioni
2086 4057 2540 4129 praevenienmm;
2586 4053 2720 4107 illud
2771 4051 2938 4121 igitur
2983 4048 3332 4118 multiplicari

1749 4154 2040 4226 signiﬁcat,
2068 4163 2288 4206 causam
2317 4147 2562 4204 eamdem
2597 4145 2651 4199 in
2683 4142 2870 4198 multis
2897 4139 3257 4195 considerari.

1823 4247 1890 4303 Et
1920 4257 2017 4310 est,
2049 4256 2098 4300 et
2127 4247 2248 4300 erit.
2284 4241 2416 4310 Qua!
2456 4247 2615 4294 antea
2649 4236 2898 4308 negavit,
2942 4249 3087 4288 nunc
3118 4233 3184 4288 de
3223 4233 3334 4289 Deo

1750 4344 1979 4412 loquens
2015 4337 2330 4394 necessario
2370 4311 2611 4404 seipsum
2658 4329 2978 4400 eXplicans,
3013 4326 3238 4396 subjicit
3273 4343 3333 4381 se

1752 4437 1867 4490 hch
1898 4431 2239 4502 intelligere,
2272 4433 2542 4499 quatenus
2577 4423 2722 4479 Deus
2762 4435 2929 4478 causa
2969 4419 3332 4492 intelligitur;

41 4534 363 4589 ὑποϐάλλει.
388 4537 465 4588 Τὸ
497 4535 601 4606 μὲν
637 4531 730 4587 οὖν
753 4533 1012 4604 ἐγένετο,
1055 4535 1149 4588 καὶ
1185 4534 1404 4605 γίνεται
1433 4537 1526 4589 καὶ
1552 4554 1646 4606 γε-

1761 4545 1881 4598 ergo
1909 4535 2022 4580 erat
2053 4529 2105 4578 et
2133 4533 2208 4578 est
2242 4528 2296 4576 et
2321 4521 2419 4575 erit
2452 4518 2670 4590 proprie
2718 4514 2936 4586 quidem
2967 4512 3034 4568 de
3065 4512 3336 4568 creaturis

40 4629 324 4694 νιξσεται,
353 4630 450 4682 ἐπὶ
482 4628 585 4699 μὲν
610 4622 719 4680 τῶν
747 4627 1060 4698 κτισμάτων
1098 4629 1301 4701 κυρίως
1331 4632 1647 4702 κατηγορεῖ-

35 4737 126 4772 ται
147 4740 162 4750 ο
211 4722 286 4774 τὰ
321 4721 420 4792 μὲν
451 4720 564 4793 γὰρ
595 4719 742 4785 ἅπαξ
772 4719 1007 4788 ἐγένετο,
1049 4715 1162 4773 οἷον
1188 4721 1434 4791 οὐρανὸς,
1478 4722 1646 4791 ἄγγε-

34 4814 139 4878 λοι,
161 4817 345 4886 ἣλιος,
373 4817 471 4870 καὶ
497 4814 568 4867 τὰ
592 4813 838 4877 τοιαῦτα,
881 4814 966 4883 ἐφ’
999 4806 1073 4867 ὧν
1099 4813 1279 4884 χώραν
1318 4815 1419 4867 οὐκ
1441 4813 1554 4885 ἔχει
1587 4815 1647 4868 τὸ

33 4910 359 4976 γίνεταιῆ
389 4909 732 4980 γενήσεται·
768 4906 830 4959 τὸ
860 4906 917 4959 δὲ
947 4906 1100 4977 παρὰ
1129 4906 1222 4960 τοῦ
1250 4907 1411 4960 Δαυὶδ
1435 4906 1642 4978 λεχθὲν,

42 5001 107 5053 ὐ
142 5000 348 5055 ποιῶν
379 5001 525 5066 τοὺς
543 4998 840 5069 ἀγγέλους
871 4998 1055 5052 αὑτοῦ
1088 4999 1414 5068 πνεύματα,
1449 4998 1481 5069 ἢ
1507 4998 1648 5052 κατὰ

27 5091 90 5144 τὸ
125 5091 533 5163 συντηρείσοαι
580 5088 846 5159 ληπτέον,
891 5087 1032 5140 καθὰ
1078 5088 1315 5160 εἴρηται,
1351 5090 1412 5142 '0
1444 5087 1645 5157 Πατήρ

21 5201 148 5248 μου
185 5184 311 5249 ἕως
343 5183 478 5250 ἄρτι
508 5179 828 5251 ἐργτὶζεταιο
864 5180 896 5250 ἢ
932 5179 1072 5233 κατὰ
1103 5182 1202 5252 τὴν
1238 5180 1521 5252 συνήθειαν
1547 5180 1646 5251 τῆς

29 5276 299 5348 Pyrra-53;,
341 5274 764 5348 ἐνηλλαγμένως
801 5274 900 5345 τὴν
940 5273 1213 5345 σημασίαν
1245 5274 1342 5344 τὴν
1388 5274 1645 5344 χρονικλν

26 5370 318 5430 πολλάκις
339 5366 715 5439 προαγούσης,
741 5365 834 5418 καὶ
855 5365 974 5419 ἀντὶ
991 5365 1380 5437 παρῳχηκότος
1404 5362 1646 5434 μέλλοντι

23 5462 443 5535 κεχρημένης,
484 5461 582 5515 καὶ
622 5459 686 5515 τὸ
728 5459 982 5530 ἔμπαλιν.
1010 5459 1134 5512 'Ercl.
1171 5459 1374 5512 τούτων
1424 5457 1520 5530 μὲν
1552 5453 1645 5510 οὖν

124 5636 149 5662 ο
193 5621 360 5677 Psal.
395 5635 519 5684 cm,
556 5620 612 5675 4.
717 5617 737 5656 τ
773 5617 930 5674 Joan.
967 5632 1021 5681 ν,
1059 5615 1148 5670 17.

1753 4620 2102 4684 enuntiatur;
2147 4616 2328 4685 aliqua
2381 4627 2525 4667 enim
2559 4622 2784 4679 prorsus
2810 4612 2987 4669 erant,
3021 4612 3078 4660 ut
3108 4606 3333 4669 omium,

1753 4713 1952 4784 angeli,
1989 4711 2091 4776 sol,
2123 4715 2176 4764 et
2208 4708 2357 4766 talia,
2390 4705 2446 4760 in
2468 4705 2668 4775 quibus
2703 4703 2882 4755 locum
2924 4714 3035 4753 non
3062 4697 3225 4752 habet
3255 4706 3336 4752 est

1753 4819 1806 4863 et
1833 4807 1970 4868 erit;
2021 4802 2166 4874 quod
2225 4803 2406 4855 autem
2457 4811 2488 4852 a
2534 4793 2735 4849 Davide
2775 4792 3016 4847 dicitur:
3059 4789 3164 4857 Qui
3203 4790 3334 4858 facit

1754 4898 1965 4971 angelos
1994 4911 2118 4950 suos
2149 4893 2369 4964 spiritus
2385 4901 2431 4955 °,
2461 4897 2554 4943 aut
2583 4885 2907 4957 capiendum
2931 4889 3034 4945 est,
3061 4889 3331 4951 quatenus

1753 4997 2061 5055 conservat,
2081 4989 2223 5044 sicut
2251 4987 2454 5040 dictum
2478 4990 2561 5037 est
2592 5000 2604 5034 :
2632 4979 2792 5032 Pater
2824 4991 2967 5030 meus
2995 4991 3154 5046 usque
3177 4972 3330 5026 modo

1752 5093 2001 5155 operatur
2033 5080 2052 5119 ί
2075 5098 2089 5147 ;
2122 5086 2215 5133 aut
2239 5079 2394 5149 juxta
2418 5070 2868 5129 consuetudinem
2895 5067 3188 5136 Scriptura:
3209 5077 3331 5134 qua:

1755 5193 1898 5248 saepe
1935 5177 2154 5230 inverso
2177 5171 2370 5225 ordine
2412 5163 2675 5235 temporis
2706 5161 3156 5233 signiﬁcationem
3196 5170 3326 5223 pro—

1753 5247 1880 5335 fert,
1925 5277 1980 5324 et
2023 5280 2123 5337 pro
2165 5261 2442 5334 praeterito
2473 5259 2645 5312 utitur
2670 5255 2854 5309 futuro
2877 5293 2893 5318 ,
2927 5260 2980 5307 et
3010 5258 3234 5313 contra;
3270 5247 3326 5301 in

1752 5363 2024 5432 hisigitur
2046 5356 2262 5428 proprie
2301 5353 2521 5424 quidem
2565 5359 2702 5404 erat.
2748 5347 2886 5402 Sunt
2917 5350 3095 5397 autem
3139 5339 3326 5393 omnia

1753 5429 2229 5524 quae—generantur
2251 5453 2305 5502 et
2327 5449 2774 5514 corrumpuntur,
2803 5445 2857 5493 et
2893 5447 3012 5504 qua:
3051 5429 3153 5486 sibi
3183 5429 3325 5484 iuvi-

951 5775 1186 5834 VARl/E
1224 5769 1605 5830 LECTIONES
1642 5765 1727 5820 ET
1768 5756 2324 5821 CORRECTIONES.

132 5918 183 5943 τί
211 5904 704 5979 προϐεϐλημένης.
805 5899 849 5930 ’³
879 5894 1143 5966 γίνεσθαι.
