3874 6538
561 431 667 488 327

1373 425 1709 483 APPENDIX
1741 426 1829 479 AD
1856 422 2084 481 ΟΡΕΒᾹ
2123 426 2178 481 S.
2216 423 2515 485 DIONYSII
2553 424 3036 483 AREOPAGITAE.

3690 433 3777 489 328

563 564 685 606 cem
706 544 1026 610 succedunt,
1063 552 1124 599 ιιι
1150 558 1279 608 nox,
1304 543 1445 607 dies,
1467 552 1631 600 restas
1660 552 1714 599 et
1739 560 1855 607 ver,
1891 559 1956 598 ac
1979 544 2124 599 simi.

2238 547 2446 616 κυρίως
2474 545 2534 599 rb
2555 546 2814 617 ἐγένετο·
2852 546 3058 615 γίνεται
3101 545 3158 599 δὲ
3184 544 3275 600 καὶ
3308 546 3376 600 τὰ
3412 546 3470 599 ὲν
3494 546 3678 616 γενέσει
3697 551 3779 602 καὶ

561 641 667 708 lia;
700 648 910 695 tantum
942 654 1073 694 vero
1099 645 1413 708 eruut,qu:e
1440 638 1677 692 necdum
1752 652 1978 708 prorsus
2009 635 2134 692 fue-

559 742 709 795 runt,
734 731 827 788 sed
853 737 1264 801 exspectantur,
1296 739 1354 785 ut
1377 729 1884 785 transelementntio
1915 728 2136 784 univer-

560 826 631 890 si,
683 831 738 879 et
785 838 907 894 qua:
947 837 1067 877 eam
1107 822 1536 877 comitabuntur.
1582 819 1727 876 Deus
1773 820 1939 890 igitur
1986 820 2135 874 velut

560 917 754 971 horum
803 915 1048 971 omnium
1088 929 1256 969 causa
1305 914 1594 980 laudatur;
1640 928 1750 968 non
1780 913 1924 968 enim
1953 912 2129 969 dixit:

560 1006 690 1063 Haec
735 1008 799 1062 de
852 1008 965 1076 ipso
1012 1007 1386 1068 enuntientur;
1430 1011 1527 1061 sed
1570 1005 1791 1076 proprie
1816 1004 2128 1061 laudantur.

556 1098 796 1157 Verbum
844 1107 1025 1155 autem
1053 1105 1211 1174 eriai,
1251 1105 1306 1153 et
1340 1112 1461 1167 quze
1507 1113 1629 1152 cum
1662 1097 1802 1167 ipso,
1831 1098 2130 1153 secundum

552 1209 774 1249 omnem
833 1191 1259 1247 intellectionem
1303 1191 1460 1253 nulli,
1510 1191 1616 1245 nisi
1668 1189 1778 1245 Deo
1840 1196 2125 1260 congruet,

557 1286 716 1357 177
739 1287 869 1357 quia
894 1294 1038 1350 erat,
1090 1283 1475 1339 consideratur
1512 1284 1569 1336 in
1616 1283 1736 1353 ipso
1771 1297 1935 1352 supra
1970 1297 2131 1337 omne

554 1379 919 1448 principium;
950 1385 1027 1437 est
1055 1391 1184 1432 vero
1214 1382 1268 1430 et
1297 1376 1419 1441 erit,
1453 1383 1512 1429 ut
1540 1375 1766 1429 omnino
1795 1375 2026 1431 habente
2050 1376 2131 1430 al-

552 1470 840 1525 terationis
880 1484 945 1522 ac
981 1466 1366 1522 mutabilitatis
1410 1466 1804 1537 privationem,
1843 1476 2130 1537 propterea

552 1562 717 1616 etiam
752 1561 1227 1630 supercssentialis
1268 1559 1491 1614 dicitur.
1544 1557 1920 1629 [Quamobrem
1949 1560 2131 1614 omnia

554 1651 619 1705 de
656 1654 789 1715 ipso,
820 1662 868 1706 et
895 1653 1055 1706 simul
1088 1654 1356 1705 dicuntur.
1399 1649 1711 1705 Secundum
1739 1666 1922 1707 causae
1951 1653 2130 1708 notio-

554 1746 679 1789 nem
728 1731 914 1787 omnia
959 1729 1135 1800 inquit
1174 1730 1241 1784 de
1288 1728 1400 1784 Deo
1431 1728 1574 1794 diei,
1614 1743 1680 1782 ac
1720 1727 1778 1783 in
1828 1728 1948 1797 ipso
1993 1743 2128 1813 con-

554 1821 804 1879 siderari.
879 1818 1117 1876 Verbum
1186 1819 1333 1874 enim
1402 1818 1858 1891 κατηγορεῖσθαι,
1934 1820 2128 1889 ρνφάὶ-

2237 639 2415 711 φθορᾷ
2448 640 2624 693 πάντα
2667 642 2760 696 καὶ
2797 643 2896 696 ὅσα
2916 640 3058 694 κατὰ
3084 636 3575 711 ἁντιπεριχώρησιν
3593 656 3604 669 ’
3633 637 3776 712 οἷονὴ

2237 731 2358 797 νὺξ,
2387 733 2420 802 ἡ
2446 732 2651 804 ἡμέρα,
2680 733 2856 805 θέρος,
2883 733 2976 786 καὶ
3003 732 3124 803 ἔαρ,
3159 730 3252 784 καὶ
3284 730 3352 784 τὰ
3382 724 3776 805 ruralia-Terti-

2227 822 2470 879 σεταιδὲ
2501 823 2677 893 μόνον,
2709 825 2867 879 ἆτινα
2904 823 3058 878 οὔπω
3093 823 3377 894 γεγόνασιν
3401 822 3560 887 ὅλως,
3590 826 3777 895 προσδο-

2234 913 2439 965 κῶνται
2469 913 2546 976 δὲ,
2571 908 2682 966 οἷον
2705 916 2738 985 ἡ
2771 914 2865 987 τοῦ
2889 915 3087 978 παντὸς
3118 912 3607 985 μεταστοιχείωσις,
3630 913 3711 967 καὶ
3721 914 3776 968 τὰ

2235 1004 2334 1056 σὺν
2358 1003 2517 1075 αὑτῇ.
2544 1004 2628 1067 Ὠς
2646 1003 2852 1058 τούτων
2872 1000 2962 1059 οὖν
2976 1005 3230 1059 ἁπάντων
3246 1002 3415 1067 αἴτιος
3434 1004 3463 1056 ὁ
3487 999 3612 1067 Θεὸς
3630 1004 3777 1074 ὑμνεῖ-

2231 1110 2344 1148 ται⁶
2386 1096 2445 1148 οὑ
2469 1095 2579 1168 γὰρ
2603 1092 2744 1159 εἷπε,
2778 1097 2968 1150 Ταῦτα
2997 1097 3093 1150 ἐπ’
3138 1094 3325 1150 αὐτοῦ
3370 1094 3774 1164 κατηγορεῖται,

2232 1186 2370 1241 ἀλλὰ
2395 1187 2596 1261 κυρίως
2628 1189 2894 1258 ὑμνεῖται.
2919 1188 2992 1241 Τὸ
3014 1187 3072 1241 δὲ
3104 1186 3185 1256 ἦν
3216 1187 3312 1241 καὶ
3342 1186 3412 1240 τὰ
3435 1187 3532 1240 σὺν
3556 1185 3687 1256 αὑτῷ
3702 1203 3778 1239 κα-

2230 1278 2300 1333 τὰ
2328 1282 2505 1333 πᾶσαν
2528 1279 2773 1333 ἐπίνοιαν
2807 1280 2908 1333 οὑκ
2928 1278 3073 1350 ἄλλῳ
3098 1278 3206 1333 τινὶ
3234 1278 3267 1350 ἢ
3301 1278 3380 1351 τῷ
3411 1279 3532 1350 Θεῷ
3559 1278 3773 1352 ἁρμόσει,

2229 1370 2320 1423 διὰ
2352 1371 2413 1424 τὸ
2454 1371 2635 1443 πάσης
2673 1372 2846 1443 ἀρχῆς
2872 1370 3140 1443 ἀνώτερον
3171 1372 3259 1424 ἐπ’
3296 1368 3460 1424 αὑτοῦ
3489 1368 3774 1441 Θεωρείσθαι

2227 1455 2292 1514 rb
2314 1462 2409 1531 ἦν.
2437 1464 2510 1516 Τὸ
2533 1463 2590 1517 δὲ
2612 1464 2743 1518 ἔστι
2764 1463 2858 1516 καὶ
2888 1463 2949 1516 rb
2980 1464 3149 1518 ἔσται
3165 1456 3240 1527 ὡς
3262 1463 3436 1533 πάντη
3454 1458 3518 1515 rb
3532 1459 3776 1514 ἀναλλοίω-

2229 1576 2350 1622 τον,
2390 1559 2485 1612 καὶ⁸
2514 1559 2654 1611 κατὰ
2691 1558 2865 1612 πάντα
2897 1549 3267 1629 ἀμετάϐλητον
3306 1555 3525 1628 ἔχοντος
3544 1572 3557 1586 ·
3590 1556 3661 1610 διὸ
3700 1556 3776 1609 καὶ

2231 1649 2553 1721 ὑπερούσιος
2590 1650 2808 1718 λέγεται
2833 1649 2899 1702 ’⁸.
2953 1648 3071 1721 [Διὸ
3117 1650 3213 1703 καὶ
3262 1648 3459 1702 πάντα
3491 1646 3667 1702 αὐτοῦ
3696 1646 3779 1700 καὶ

2229 1740 2348 1809 ἅμα
2371 1740 2792 1811 κατηγορεῖται.
2820 1740 2975 1794 Κατὰ
2999 1740 3095 1812 τὴν
3120 1738 3215 1794 τοῦ
3242 1739 3415 1794 αἰτίου
3449 1739 3648 1794 ἔννοιαν
3665 1739 3777 1792 πάν-

2227 1848 2296 1884 τα
2325 1830 2490 1884 αὑτοῦ
2524 1848 2653 1901 φησι
2681 1830 2775 1884 τοῦ
2807 1830 2942 1884 Θεοῦ
2974 1829 3246 1899 λέγεσθαι,
3281 1830 3314 1902 ἢ
3370 1830 3456 1881 ἐπ’
3487 1827 3643 1883 αὑτοῦ
3671 1830 3777 1881 νοεῖ·

554 1914 691 1979 eari,
741 1912 883 1982 apud
939 1911 1294 1982 philosophos
1344 1912 1447 1967 hoc
1506 1910 1794 1982 signiﬁcat.
1856 1909 1973 1982 Ipse
2029 1929 2124 1968 au-

2230 1922 2371 1978 σθαι.
2402 1922 2475 1976 Tb
2635 1893 3091 1992 κατηγορεῖσθαι
3112 1921 3255 1974 κατὰ
3287 1893 3608 1991 (ριλοσόφους
3644 1919 3775 1972 τοῦτο

556 2015 665 2064 tem
707 2006 845 2061 nihil
885 2014 970 2063 est
1016 2005 1235 2060 illorum
1275 2006 1523 2059 omnium
1553 2019 1787 2074 quorum
1821 2015 1907 2062 est
1938 2021 2126 2072 causa,

554 2107 780 2170 propter
808 2112 950 2161 esse,
976 2106 1030 2152 et
1059 2111 1224 2164 supra
1249 2110 1407 2163 esse;
1444 2096 1590 2167 quod
1626 2097 1934 2153 declaratur
1966 2116 2129 2172 nega-

554 2191 1365 2261 tionibusjllisﬁnformis,non
1387 2191 1622 2261 pulcher,
1656 2200 1712 2247 et
1741 2192 1959 2249 similia.
1995 2193 2132 2249 Cum

555 2294 737 2343 autem
779 2285 999 2351 dicitur,
1042 2286 1212 2339 omnis
1251 2286 1458 2355 formw,
1507 2287 1678 2341 omnis
1721 2287 1929 2358 ﬁgurw,
1963 2289 2134 2359 signi—

553 2379 701 2446 ﬁcat,
729 2392 855 2434 esse
883 2378 1066 2433 omnis
1095 2377 1283 2449 ﬁgura:
1320 2380 1612 2450 omnisque
1649 2379 1840 2436 forma:
1882 2394 2128 2437 causam.

553 2468 843 2536 Quomodo
868 2470 1053 2539 aliqua
1088 2471 1250 2524 etiam
1284 2471 1631 2543 intelligenda
1671 2471 1845 2545 sunt.]
1879 2472 1937 2529 ln
1965 2474 2128 2531 idem.

556 2559 844 2629 Quomodo
872 2576 996 2617 cum
1043 2561 1296 2630 superius
1320 2562 1559 2618 dixerit:
1586 2562 1768 2635 Neque
1803 2576 1941 2640 erat,
1971 2583 2132 2637 neque

552 2662 653 2721 est,
687 2670 848 2723 neque
868 2653 1049 2723 ﬁebat,
1081 2669 1243 2723 neque
1279 2655 1364 2722 ﬁt,
1394 2671 1555 2724 neque
1584 2656 1695 2724 ﬁet,
1730 2658 1838 2724 hic,
1869 2657 2020 2722 dicit,
2045 2669 2127 2717 at-

552 2762 661 2817 que
691 2746 745 2800 in
772 2761 838 2801 eo
864 2757 998 2811 erat,
1022 2755 1075 2800 et
1103 2756 1202 2810 est,
1231 2755 1287 2801 et
1313 2747 1434 2810 erit,
1470 2756 1522 2801 et
1542 2747 1723 2816 ﬁebat,
1757 2759 1809 2804 et
1833 2750 1917 2819 ﬁt,
1943 2763 1997 2806 et
2016 2754 2125 2821 ﬁet,

551 2839 776 2910 proprie
796 2838 1129 2894 laudantur?
1146 2837 1286 2894 Num
1317 2848 1541 2895 sanctus
1563 2841 1857 2913 Dionysius
1877 2845 1984 2900 sibi
1996 2862 2129 2901 con-

543 2918 763 2972 tradicit
783 2918 806 2971 ?
829 2918 1009 2972 Absit.
1038 2917 1174 2972 Nam
1204 2934 1369 2990 supra
1393 2920 1612 2989 quidem
1635 2922 1772 2976 dixit
1803 2923 1981 2993 ipsum
2008 2938 2128 2977 esse

541 3009 722 3064 omnis
745 3007 1110 3075 exsistentize,
1138 3010 1513 3068 subsistentia:
1533 3051 1549 3076 ,
1573 3014 1831 3069 essentia:
1848 3053 1864 3080 ,
1896 3023 2126 3078 naturae,

541 3104 598 3153 et
630 3101 894 3168 temporis
918 3108 1256 3168 creatorem;
1288 3104 1485 3159 merito
1515 3105 1681 3175 igitur
1710 3105 1766 3160 in
1792 3106 1913 3175 ipso
1947 3107 2130 3177 posuit

2226 2011 2391 2085 δηλοῖ.
2412 2013 2582 2076 Αὐτὸς
2598 2012 2655 2066 δὲ
2679 2013 2829 2066 οὐδὲν
2856 2012 2963 2067 τῶν
2998 2012 3212 2067 πάντων
3240 2014 3405 2079 ἐστὶν,
3440 2006 3518 2067 ὧν
3551 2014 3685 2065 ἐστιν
3709 2012 3778 2067 αξ-

2226 2118 2359 2166 τιος,
2383 2102 2471 2155 διὰ
2496 2103 2557 2155 rb
2581 2098 2717 2156 εἶναι
2745 2105 2839 2156 καὶ
2869 2103 3149 2175 ὑπερεῖναι
3166 2118 3179 2131 ·
3205 2101 3284 2154 διὸ
3312 2103 3403 2155 καὶ
3424 2104 3480 2156 αί
3507 2102 3777 2169 ἀποφάσεις

2225 2192 2382 2247 τοῦτο
2418 2192 2664 2264 δηλοῦσιν
2684 2234 2698 2257 ,
2745 2189 2855 2248 οἷον
2898 2194 2960 2247 τὸ
2998 2193 3282 2262 ἄμορφος,
3314 2194 3375 2246 rb
3409 2192 3676 2259 ἀκαλλὴς
3701 2192 3777 2246 καὶ

2224 2284 2293 2338 τὰ
2323 2286 2503 2356 ὃμοια·
2539 2286 2601 2338 τὸ
2628 2285 2685 2339 δὲ
2716 2284 3075 2356 πάνσχημος
3106 2287 3200 2339 καὶ
3236 2284 3552 2350 πανείδεος
3572 2284 3630 2336 rb
3659 2300 3776 2336 παν-

2225 2378 2316 2442 τὸς
2348 2377 2521 2442 εἴδους
2542 2378 2636 2431 καὶ
2660 2379 2934 2450 σχήματος
2964 2377 3133 2432 αἴτιον
3166 2378 3325 2431 αὑτὸν
3352 2377 3614 2448 ὑπάρχειν
3628 2375 3773 2447 δηλοῖ.

2226 2472 2379 2527 Καθὸ
2410 2473 2503 2525 καὶ⁸
2538 2470 2606 2524 τὰ
2640 2470 2764 2542 ἑξῆς
2795 2469 3056 2543 νοητέον.]
3087 2472 3179 2535 Et;
3217 2471 3276 2523 rb
3317 2471 3469 2524 αὑτό.
3503 2469 3625 2533 Πῶς
3660 2470 3778 2522 ἀνι)-

2225 2564 2369 2635 τὲρω
2400 2561 2567 2617 εἰπὼν
2587 2602 2600 2626 ,
2643 2562 2782 2614 οὔτε
2813 2561 2925 2629 ἦν,
2960 2563 3095 2615 οὔτε
3126 2561 3329 2627 ἐστὶν,
3364 2562 3504 2614 οὕτε
3547 2558 3775 2629 ἐγένετο,

2226 2658 2362 2711 οὔτε
2394 2658 2650 2726 γίνεται,
2684 2653 2823 2708 οὔτε
2856 2652 3167 2724 γενήσεται
3191 2693 3205 2717 ,
3240 2653 3485 2707 ἐνταῦθά
3509 2670 3684 2723 φησιν,
3706 2653 3776 2704 ἐπ’

2225 2748 2387 2803 αὑτοῦ
2414 2747 2507 2802 καὶ
2537 2748 2598 2800 τὸ
2620 2747 2774 2809 ἐστὶ,
2803 2747 2895 2800 καὶ
2923 2747 2984 2800 rb
3006 2748 3197 2810 ἔσται,
3230 2747 3324 2799 καὶ
3342 2736 3415 2799 ’τὸ
3438 2744 3686 2816 ἐγένετο,
3701 2745 3779 2797 καὶ

2225 2842 2287 2895 rb
2312 2842 2565 2912 γίνεται,
2600 2838 2695 2892 καὶ
2734 2837 3047 2907 γενήσεται
3068 2879 3082 2902 ,
3119 2837 3325 2908 κυρίως
3359 2834 3643 2909 ὑμνεῖται;
3686 2830 3778 2907 ἆρα

2225 2932 2481 2998 ὲναντίως
2512 2930 2691 3003 ἑαυτῷ
2722 2931 2868 3001 λέγει
2901 2933 2929 2985 ὁ
2963 2928 3115 3000 ἅγιος
3138 2928 3443 2995 Διονύσιος;
3476 2927 3551 3000 μὴ
3572 2928 3774 2996 γένοιτο.

2228 3026 2374 3078 ’Ἂνω
2410 3025 2506 3097 μὲν
2543 3023 2652 3097 γὰρ
2680 3024 2840 3078 αὑτὸν
2871 3021 3195 3095 δημιουργὸν
3237 3016 3356 3075 εἷπε
3400 3022 3580 3091 πάσης
3622 3019 3776 3088 ὑπάρ-

2227 3116 2381 3183 ξεως,
2419 3116 2790 3180 ὑποστάσεως,
2824 3115 3032 3179 οὐσίας,
3077 3113 3293 3184 φύσεως
3324 3112 3419 3166 καὶ
3445 3112 3541 3166 τοῦ
3574 3112 3773 3184 χρόνου·

541 3187 734 3243 ordine
779 3200 895 3244 erat
944 3198 998 3245 et
1038 3201 1255 3258 caetera,
1293 3202 1351 3248 ut
1392 3196 1666 3268 intelligas
1696 3197 1843 3268 quod
1866 3214 2042 3269 neque
2063 3215 2124 3254 ex

2228 3209 2447 3272 εἰκότως
2470 3204 2561 3262 οὖν
2594 3210 2685 3262 ἐπὶ
2715 3207 2876 3261 αὑτοῦ
2901 3206 2962 3260 rb
2987 3206 3067 3276 ἦν
3090 3204 3265 3272 ἔταξε,
3293 3205 3387 3258 καὶ
3409 3203 3478 3257 τὰ
3506 3204 3681 3277 ἕτερα,
3708 3202 3778 3253 ἵνα

544 3288 810 3352 tempore,
859 3298 1036 3353 neque
1081 3284 1138 3338 in
1188 3295 1452 3357 tempore,
1498 3306 1676 3363 neque
1738 3300 1864 3361 post
1912 3301 2127 3363 tempus

544 3370 688 3429 Deus
715 3374 944 3441 exstitit;
968 3375 1063 3430 sed
1094 3377 1241 3447 quod
1268 3382 1522 3451 superior
1548 3383 1620 3438 sit
1644 3383 1761 3453 ipsa
1782 3383 2123 3445 exsistentia;

543 3462 681 3517 dixit
705 3465 852 3520 enim
879 3479 894 3517 :
930 3464 992 3519 In
1021 3466 1132 3534 ipso
1164 3476 1241 3522 est
1282 3470 1593 3525 exeistentia
1612 3489 1632 3537 ;
1664 3471 1753 3526 hic
1789 3487 1920 3527 vero
1953 3488 2127 3543 quan-

543 3557 836 3628 doquidem
866 3557 1068 3616 dixerit
1102 3564 1251 3617 omni
1274 3577 1465 3618 eorum
1506 3579 1627 3634 quae
1656 3574 1785 3620 sunt
1823 3564 2126 3637 intelligen-

543 3650 619 3706 tia
650 3650 1190 3720 multiplicari,recte
1223 3655 1388 3721 dixit,
1427 3656 1483 3710 in
1519 3656 1642 3726 ipso
1668 3663 1722 3711 et
1759 3666 1893 3724 erat,
1927 3666 1981 3712 et
2002 3659 2121 3724 erit,

542 3748 598 3798 et
625 3757 747 3812 qua:
777 3742 1069 3813 deinceps;
1103 3755 1162 3801 ut
1190 3746 1234 3801 si
1269 3746 1619 3804 occasionem
1651 3757 1743 3803 aut
1788 3755 2004 3819 tempus
2032 3765 2126 3804 eo-

543 3833 823 3903 gitaveris,
863 3834 975 3890 illic
1019 3836 1191 3893 Deum
1240 3840 1483 3910 reperies
1519 3849 1572 3895 et
1596 3856 1784 3912 supra,
1825 3850 1878 3897 et
1912 3851 2038 3898 ante
2061 3861 2122 3898 ea

542 3939 663 3995 quae
700 3935 862 3992 sunt,
903 3936 1068 3998 atque
1114 3946 1296 3984 rerum
1328 3931 1715 3987 exsistentium
1747 3941 2023 3989 auctorem
2060 3950 2121 3987 ac

542 4020 913 4088 conditorem,
938 4030 994 4076 et
1020 4022 1156 4076 nihil
1187 4039 1253 4078 ex
1281 4024 1417 4095 ipsis
1447 4025 1823 4092 exsistentem,
1866 4028 2007 4082 sicut
2034 4026 2120 4081 di-

540 4110 719 4168 cimus
743 4114 888 4184 quod
914 4114 1050 4169 nihil
1083 4116 1156 4169 sit
1180 4131 1381 4176 rerum.
1410 4118 1542 4173 etin
1567 4118 1827 4174 omnibus
1848 4120 1941 4174 sit.

608 4194 859 4265 Nihilque
895 4203 970 4248 est
1000 4197 1256 4250 omnium.
1292 4196 1503 4252 Forma:
1552 4216 1735 4267 expers
1787 4202 2021 4256 refertur
2050 4203 2117 4256 ad

2221 3302 2421 3375 νοήσῃς
2439 3301 2519 3354 ὅτι
2541 3298 2663 3353 οὔτε
2688 3300 2795 3354 ἀπὸ
2823 3299 3037 3372 χρόνου,
3071 3296 3195 3351 οὑτε
3243 3297 3299 3349 ὲν
3330 3296 3528 3368 χρόνῳ,
3562 3294 3679 3349 οὔτε
3703 3310 3780 3364 με·

2219 3393 2288 3448 τὰ
2313 3393 2499 3466 χρόνον
2531 3391 2733 3463 ἧρξατο
2763 3393 2792 3444 ὁ
2817 3392 2969 3455 Θεὸς,
3006 3390 3120 3445 ἀλλ’
3152 3390 3233 3443 ὅτι
3268 3389 3363 3441 καὶ
3395 3386 3561 3441 αὑτοῦ
3593 3384 3682 3439 τοῦ
3710 3380 3773 3437 εἴ·

2220 3503 2308 3538 ναι
2322 3484 2495 3538 ἁνώτε
2503 3484 2591 3555 ρός
2604 3486 2738 3536 ἐστι·
2761 3484 2862 3537 Ἑν
2873 3480 3050 3547 αὐτῷ,
3066 3481 3175 3552 γὰρ
3189 3478 3331 3545 εἶπε,
3348 3479 3410 3534 rb
3426 3480 3597 3533 εἶναι·
3615 3474 3780 3530 ἐνταῦ-

2220 3575 2289 3631 Θα
2309 3576 2386 3641 δὲ,
2420 3576 2605 3648 ἐπειδὴ
2634 3574 2775 3629 κατὰ
2819 3575 2996 3627 πᾶσαν
3027 3573 3268 3626 ἐπίνοιαν
3300 3568 3450 3626 εἶπεν
3480 3570 3640 3624 αὑτὸν
3672 3568 3779 3622 πολ-

2219 3665 2700 3732 λαπλασιάζεσθαι,
2728 3664 2949 3728 δικαίως
2979 3658 3152 3730 εἶπεν,
3176 3664 3263 3716 ἐπ’
3297 3662 3462 3715 αὑτοῦ
3496 3662 3670 3717 καὶτὸ
3698 3661 3777 3729 ἦν,

2219 3760 2313 3815 καὶ
2338 3758 2399 3812 rb
2424 3760 2613 3823 ἔσται,
2646 3759 2738 3811 καὶ
2767 3755 2834 3810 τὰ
2866 3753 3010 3827 ἐξῆςο
3050 3755 3133 3807 ἵνα
3161 3749 3270 3807 οἷον
3300 3753 3489 3828 καιρὸν
3509 3796 3522 3819 ,
3555 3753 3588 3824 ἦ
3616 3751 3780 3822 χρόνον

2219 3848 2532 3921 ὲπινοήσῃς,
2562 3849 2681 3900 ἐκεῖ
2706 3846 2798 3899 τὸν
2830 3841 2963 3898 Θεὸν
2996 3845 3248 3917 εὑρήσεις
3277 3844 3369 3897 καὶ
3401 3844 3543 3915 ὑπὲρ
3566 3842 3634 3895 τὰ
3647 3840 3777 3899 ὄντα,

2219 3939 2314 3993 καὶ
2350 3939 2585 4010 προόντα
2606 3980 2620 4001 ,
2655 3938 2745 3991 καὶ
2778 3936 2957 3990 αὑτῶν
2991 3934 3099 3989 τῶν
3146 3934 3314 3988 ὄντων
3356 3934 3527 3988 αῐτιον
3577 3934 3667 3987 καὶ
3703 3932 3781 3999 δη-

2222 4033 2501 4108 μιουργὸν,
2539 4034 2632 4086 καὶ
2659 4031 2810 4085 οὐδὲν
2843 4030 2901 4098 ἐξ
2935 4029 3113 4086 αὑτῶν
3142 4030 3289 4093 ὅντα,
3324 4029 3519 4100 ὥσπερ
3548 4027 3777 4097 λέγομεν,

2217 4128 2296 4180 ὅτι
2329 4124 2485 4178 οὐδὲν
2511 4124 2618 4177 τῶν
2652 4123 2819 4178 ὄντων
2843 4124 2983 4187 ἐστὶ,
3016 4123 3110 4177 καί
3135 4124 3193 4175 ἐν
3224 4123 3337 4184 τοῖς
3368 4120 3534 4174 πᾶσίν
3563 4122 3719 4173 ἐστιν.

2288 4215 2397 4269 Καὶ
2430 4214 2608 4269 οὐδέν
2634 4214 2767 4268 ἐστι
2798 4211 2915 4265 τῶν
2944 4212 3204 4265 πάντων.
3247 4210 3391 4281 Πρὸς
3434 4210 3496 4263 rb
3529 4210 3781 4275 πάνσχηο

538 4289 681 4340 omni
730 4289 904 4358 ﬁgura
942 4287 1217 4356 praeditus,
1270 4297 1557 4359 propterea
1610 4291 1755 4361 quod
1815 4300 1899 4347 est
1952 4309 2118 4364 supra

2228 4326 2327 4374 μσς
2360 4307 2421 4360 rb
2453 4307 2748 4376 ἄμορφος,
2784 4304 2871 4359 διὰ
2898 4305 2958 4357 rb
2991 4305 3132 4375 ὑπὲρ
3158 4302 3500 4374 ἀσωματίαν,
3541 4302 3635 4355 καὶ
3663 4299 3780 4366 ὑπὲρ

538 4382 786 4452 corporis
817 4382 1200 4453 privationem,
1222 4393 1275 4441 et
1296 4400 1464 4455 supra
1497 4385 1741 4439 materia:
1764 4386 2113 4450 vacuitatem,

539 4471 711 4528 forma
735 4489 929 4531 carens
955 4485 1204 4547 respectu
1237 4478 1305 4531 ad
1343 4478 1583 4548 aliquam
1615 4492 1728 4532 rem
1760 4477 1965 4532 habito.
1988 4478 2118 4532 Pul-

2218 4400 2407 4453 ὰῦλίαν
2453 4394 2661 4470 [sim],
2698 4398 2759 4450 οὐ
2817 4396 3247 4469 μεμορφωμένον
3296 4394 3432 4466 πρός
3486 4412 3541 4447 τι
3581 4393 3685 4446 τῶν
3710 4390 3781 4442 ὃν·

2219 4508 2326 4546 των
2346 4491 2421 4523 ’⁵⁸
2454 4490 2589 4563 πρὸς
2613 4488 2669 4545 δὲ
2706 4489 2765 4542 rb
2795 4488 3107 4553 πανείδεως
3141 4487 3200 4541 rb
3229 4488 3526 4553 ἀκαλλής.
3571 4480 3781 4547 Ἀκαλλῆ

541 4567 853 4623 cliriludinis
885 4578 1065 4624 autem
1102 4586 1284 4639 expers
1306 4610 1321 4633 ,
1352 4568 1590 4626 refertur
1640 4569 1707 4625 ad
1749 4571 1892 4624 omni
1939 4571 2114 4641 [arma

2228 4585 2274 4638 se
2302 4585 2471 4653 λέγει,
2501 4584 2577 4647 ὡς
2605 4584 2699 4637 καὶ
2751 4579 2844 4634 τοῦ
2902 4580 3128 4644 κάλλους
3172 4577 3233 4645 ἐξ
3281 4579 3448 4633 αὑτοῦ
3500 4577 3779 4649 γεγονότος,

538 4659 815 4729 praeditus.
844 4659 1014 4716 Porro
1056 4662 1233 4732 ipsum
1266 4661 1690 4732 pulchritudinis
1728 4671 2001 4733 expertem
2030 4663 2115 4718 di-

539 4749 637 4828 cit,
689 4751 816 4819 quia
843 4752 1196 4820 pulchritudo
1235 4754 1303 4808 ab
1355 4754 1474 4823 ipso
1510 4753 1737 4824 prodiit,
1782 4762 1837 4808 et
1886 4754 2003 4823 ipse
2031 4762 2116 4810 est

539 4856 704 4913 supra
730 4843 1216 4913 pulchritudinem.
1251 4844 1553 4916 Scriptura:
1576 4846 1753 4902 enim:
1790 4845 1858 4900 Et
1887 4847 2113 4901 vidimus

540 4935 734 5003 ipsum,
784 4944 834 4989 et
887 4953 990 4991 non
1027 4935 1249 4991 habebat
1293 4940 1538 5007 speciem,
1585 4954 1745 5008 neque
1794 4937 2029 4993 decorem
2067 4938 2113 5005 9,

538 5034 592 5080 ct
620 5042 741 5096 qua:
764 5027 1044 5098 deinceps.

610 5116 671 5173 Si
691 5120 832 5172 enim
886 5120 969 5173 sol
1025 5120 1115 5175 ille
1165 5130 1342 5176 noster
1366 5152 1389 5165 -
1418 5122 1564 5177 Infra
1599 5123 1654 5177 in
1686 5123 1790 5179 ﬁne
1827 5124 2113 5195 sequentis

538 5213 812 5268 sermonis
859 5227 958 5269 seu
1010 5213 1151 5269 sexti
1202 5214 1422 5285 capitis,
1488 5215 1581 5270 ubi
1636 5214 1876 5271 ostendit
1940 5217 2112 5272 solem

541 5303 768 5360 nihilex
800 5321 859 5362 se
886 5305 1007 5377 ipso
1040 5305 1239 5370 facere,
1299 5308 1393 5363 sed
1430 5323 1496 5363 ex
1555 5309 1801 5363 omnium
1859 5323 2026 5364 causa
2060 5316 2114 5362 et

541 5395 807 5467 principio
831 5398 977 5468 quod
1025 5405 1110 5454 est
1163 5397 1338 5467 Deus;
1395 5402 1621 5470 pulchre
1663 5411 1845 5458 autem
1880 5380 2113 5457 demono

652 5572 676 5610 δ
712 5569 817 5627 lsa.
852 5588 971 5638 ur,
1003 5574 1057 5629 2.

2225 4676 2391 4732 αὑτοῦ
2432 4675 2488 4729 δὲ
2518 4674 2612 4729 καὶ
2642 4675 2782 4747 ὑπὲρ
2817 4673 3013 4737 κάλλος
3035 4673 3206 4736 ὄντος.
3233 4672 3299 4725 Αἱ
3327 4672 3383 4725 δὲ
3412 4673 3664 4744 χρήσεις·
3685 4664 3779 4720 Kal

2221 4768 2461 4839 εἴδομεν
2483 4767 2688 4830 αὐτὸν,
2723 4767 2817 4819 καὶ
2843 4768 2954 4820 οὐκ
2980 4766 3143 4836 εἶχεν
3176 4764 3354 4831 εἶδος,
3381 4762 3525 4818 οὐδὲ
3552 4761 3780 4821 κάλλος.

2222 4863 2317 4915 καὶ
2347 4861 2415 4914 τὰ
2445 4859 2591 4930 ἑξῆς.

2296 5129 2366 5180 Ei
2412 5127 2522 5195 γὰρ
2577 5130 2610 5179 ό
2664 5125 2791 5180 καθ’
2823 5124 2982 5196 ἡμᾶς
3021 5126 3210 5194 ἥλιος.
3263 5126 3432 5180 Κάτω
3462 5122 3522 5177 ὲν
3550 5119 3630 5191 τῷ
3657 5113 3784 5169 τέλει

2220 5218 2315 5271 τοῦ
2370 5217 2495 5288 ἑξῆς
2527 5217 2709 5287 λόγου,
2743 5219 2863 5288 ἦτοι
2890 5218 2985 5271 τοῦ
3015 5219 3175 5271 ἕκτου
3220 5217 3535 5286 κεφαλαίου,
3566 5213 3696 5265 ὅπου
3728 5202 3786 5254 τ’)

2226 5313 2450 5382 σημεῖον
2470 5310 2755 5375 δείκνυσιν,
2787 5311 2868 5364 ὅτι
2895 5312 3045 5365 οὐδὲν
3075 5311 3167 5380 ἀφ’
3196 5308 3389 5363 ἑαυτοῦ
3419 5307 3608 5362 ποιεῖό
3626 5301 3783 5372 ἥλιος.

2221 5402 2336 5455 ἀλλ’
2364 5404 2426 5456 ἐκ
2454 5403 2554 5471 τῆς
2583 5404 2798 5461 πάντων
2834 5404 3011 5468 αἰτίας
3068 5404 3161 5457 καὶ
3204 5402 3403 5475 ἀρχῆς,
3436 5401 3557 5473 ἥτις
3584 5393 3724 5450 ἐστὶν
3754 5386 3784 5436 ὅ

1423 5735 1657 5790 νΜιΙΑΞ
1700 5734 2080 5792 LECTIONES
2115 5734 2199 5790 ET
2231 5732 2780 5795 CORREC-TIONES.

653 5883 698 5915 "
729 5884 958 5955 είρηται.
1026 5892 1068 5921 ²δ
1098 5892 1319 5960 νοητῶν.
