3874 6562
88 445 168 500 329
813 437 866 493 S.
905 436 1145 493 MAXIM!
1182 433 1473 492 SCHOLIA
1505 432 1570 487 IN
1605 430 1730 516 LlB.
1775 432 1863 485 DF.
1898 431 2149 488 DIVINIS
2187 428 2584 489 NOMINlBUS.

3204 428 3308 481 37-0

86 559 208 622 Θεός.
239 557 442 621 Καλῶς
474 557 536 612 δὲ
554 554 833 620 ἀπέδειξεν
863 557 926 608 ὲκ
969 555 1064 608 τοῦ
1093 555 1241 626 ἡλίου
1270 555 1331 608 τὸ
1361 554 1486 624 περὶ
1507 550 1640 605 Θεοῦ

1762 550 2208 619 itravitexemplo
2248 550 2379 606 solis
2411 547 2543 619 quid
2590 547 2657 602 de
2690 545 2798 601 Deo
2841 543 3069 616 cogitari
3093 543 3308 600 debeat.

88 652 374 724 νοούμενον·
423 650 622 721 ὥσπερ
649 649 760 721 γὰρ
792 649 953 711 αὑτὸς
989 643 1068 711 εἷς
1092 647 1169 700 ὢν
1197 651 1225 700 ὁ
1248 647 1424 718 ἥλιος,
1466 646 1641 699 πάντα

88 747 143 800 τὰ
167 745 395 816 αἰσθητά
449 743 733 810 ζωογονεί,
796 741 888 794 καί
945 741 1155 810 τρέφει,
1208 739 1303 793 καὶ
1339 737 1467 804 αὑξε
1504 777 1518 801 ,
1550 738 1643 790 καὶ

90 837 395 898 ὲναλλάττει,
431 835 715 888 τουτέστιν
749 832 854 886 ἀπὸ
895 833 1108 904 μικρῶν
1149 830 1358 902 μεγάλα
1389 832 1553 889 ποιεῖ,

90 929 289 984 καὶάπδ
334 929 549 1000 σπόρου
603 925 665 981 τὸ
711 928 770 995 ὲξ
809 924 973 982 αὑτοῦ
1022 925 1285 995 φυόμενον
1345 921 1569 992 βλαστὸν
1607 919 1640 990 ἢ

90 1023 294 1094 δένδρον,
327 1025 431 1076 καὶ
468 1024 530 1075 ὲν
563 1013 699 1076 πᾶσι
756 1024 868 1085 τοῖς
895 1019 1190 1092 ὁρωμένοις
1219 1017 1353 1082 ἐστὶ,
1388 1017 1561 1088 μηδὲν
1585 1011 1642 1080 ἒξ

90 1118 241 1170 αὑτῶν
292 1117 598 1187 ὑπάρχων·
646 1115 789 1169 οὑτω
857 1113 951 1167 καὶ
999 1116 1028 1166 ὁ
1071 1111 1201 1173 Θεὸς
1236 1111 1329 1163 καί
1355 1108 1518 1164 αὑτοῦ
1547 1105 1641 1160 τοῦ

97 1209 234 1281 ἡλίου,
266 1211 362 1262 καὶ
394 1210 618 1262 πάντων
661 1207 773 1261 τῶν
819 1203 1088 1274 αἰσθητῶν
1151 1205 1246 1256 καὶ
1274 1201 1380 1255 τῶν
1411 1200 1638 1272 νοητῶν,

91 1302 167 1356 καὶ
185 1300 285 1352 τῶν
313 1299 551 1371 νοερῶν,
584 1299 658 1352 ὢν
686 1299 876 1361 αἴτιος,
901 1295 1052 1350 οὐδὲν
1082 1297 1145 1348 ἐκ
1181 1293 1289 1346 τῶν
1310 1292 1476 1346 ὄντων
1505 1292 1642 1347 ἐστὶ.

93 1389 168 1440 καὶ
191 1388 243 1439 ἐν
271 1390 389 1449 τοῖς
419 1389 589 1440 πᾶσιν
633 1387 807 1439 ἐστίν·
839 1384 1002 1440 αὑτοῦ
1051 1384 1159 1454 γὰρ
1188 1382 1253 1435 τὰ
1289 1383 1464 1436 πάντα
1494 1381 1646 1452 μετέ-

92 1494 185 1545 χει⁸
213 1476 288 1528 διὸ
310 1477 409 1528 καὶ
451 1477 488 1545 ἡ
520 1474 710 1546 Γραφὴ
741 1472 1089 1542 δικαιοσύνης
1120 1471 1308 1522 ’Ἥλιον
1333 1467 1494 1521 αὑτὸν
1530 1469 1647 1520 ὀνο-

95 1569 251 1639 μάζει.

149 1661 616 1730 Παραδείγματα.
636 1658 718 1712 Τὰ
748 1655 1182 1728 παραδείγματα,
1200 1653 1357 1706 ἅτινα
1385 1651 1478 1704 καὶ
1509 1650 1650 1712 ἰδέας

95 1755 343 1818 καλοῦσιν,
373 1753 482 1824 ἤδη
523 1751 621 1823 μὲν
675 1751 772 1805 καὶ
799 1749 1053 1819 ἀνωτέρω
1109 1745 1471 1816 ἐδηλώσαμεν,
1501 1745 1650 1805 ὃπως

95 1848 356 1919 ὁρίζονται,
413 1846 501 1898 ὅτι
558 1842 775 1914 ποίησιν
833 1839 1090 1910 αὐτοτελῆ
1134 1838 1300 1890 ἀΐδιον
1329 1837 1423 1890 τοῦ
1479 1835 1648 1888 ἀϊδίου

96 1939 207 1993 Θεοῦ
236 1939 334 2009 τὴν
365 1937 538 1998 ἰδέαν,
571 1935 690 2005 ἦτοι
733 1933 795 1985 τὸ
853 1931 1195 2002 παράδειγμα
1238 1929 1368 1999 φησί
1389 1945 1401 1957 ·
1437 1927 1530 1981 καὶ
1561 1928 1646 1978 ἐν-

98 2031 243 2084 ταῦθα
272 2029 457 2100 μέντοι
489 2026 776 2096 σαφηνίζει
799 2026 826 2077 ὀ
861 2023 1031 2094 μέγας
1057 2022 1327 2083 Διονύσιος
1358 2020 1456 2090 τὴν
1507 2020 1643 2090 Γρα-

99 2123 205 2192 φὴν,
227 2119 602 2192 πρωρισμοὺς
625 2116 804 2170 καλῶν
831 2116 929 2179 τὰς
982 2115 1144 2178 ἰδέας,
1170 2112 1533 2182 αἰνιττόμενος
1559 2112 1649 2164 τὸν

101 2215 218 2266 θεῖον
244 2211 483 2272 Παῦλον,
519 2210 580 2273 ὃς
611 2211 670 2262 ἐν
797 2209 935 2280 πρὸς
976 2207 1277 2278 Ῥωμαίους
1303 2207 1463 2277 φησίν
1484 2222 1496 2234 ·
1534 2203 1652 2269 Οὓς

100 2306 158 2358 δὲ
190 2305 499 2374 προώρισε,
533 2304 785 2368 τούτους
816 2302 913 2354 καὶ
939 2301 1194 2355 ἐκάλεσε
1216 2318 1230 2330 ·
1279 2301 1374 2354 καὶ
1394 2298 1645 2369 ἑτέρωθι·

107 2398 410 2465 Προορίσας
451 2393 615 2464 ἡμᾶς
656 2395 726 2446 ἐν
753 2393 830 2458 τῷ
879 2393 1158 2462 θελήματι
1197 2394 1402 2448 αὐτοῦ·
1445 2395 1652 2466 θέλημα

103 2489 194 2559 γὰρ
215 2489 304 2541 καὶ
356 2485 696 2558 προορισμδν
728 2485 795 2538 τά
827 2485 1240 2557 παραδείγματα
1268 2485 1480 2550 καὶτὰς
1512 2486 1653 2550 ἰδέας

103 2573 243 2640 λέγει.
275 2573 525 2644 Παράγει
556 2572 737 2642 μέντοι
793 2572 886 2625 καί
918 2573 1010 2626 τὸν
1057 2574 1322 2644 μακάριον
1363 2574 1652 2645 Κλήμεντα

104 2664 200 2735 [τὸν
224 2664 434 2736 Ῥώμης
465 2663 812 2736 ἐπίσκοπον],
845 2659 904 2718 οὑ
946 2665 1213 2735 μέμνηται
1245 2667 1273 2717 ὁ
1316 2665 1650 2729 Ἀπόςτολος,

103 2758 319 2816 εἰπόντα,
351 2758 409 2808 ἐν
459 2759 577 2819 τοῖς
624 2753 771 2810 οὖσιν
821 2751 957 2810 εἰναι
991 2756 1403 2827 παραδείγματα
1427 2759 1656 2828 ἀρχηγι-

106 2847 294 2918 κώτερα
321 2847 385 2912 ’⁸,
417 2841 534 2899 οἷον
562 2843 672 2898 τῶν
715 2845 850 2918 πρός
899 2862 971 2898 τι.
1031 2845 1368 2917 Σαφέστερον
1396 2846 1451 2899 δὲ
1484 2846 1656 2910 οὑτως

105 2934 235 2988 ἔσται
257 2936 313 2988 τὸ
335 2935 652 3006 λεγόμενονο
669 2933 878 2998 ἔστιτις
896 2934 1020 3001 δόξα
1038 2937 1266 3006 γραμμῇ
1286 2936 1656 3000 ἀπεικάζουσα

106 3027 163 3079 τὰ
183 3029 366 3081 πανταο
399 3029 498 3081 καὶ
527 3027 629 3097 τῆς
669 3028 932 3101 γραμμῆς
985 3027 1046 3080 τὸ
1090 3029 1183 3099 μὲν
1216 3029 1324 3082 ἀνω
1359 3029 1520 3100 μέρος
1546 3033 1658 3094 τοῖς

108 3123 288 3190 νοητοῖς
320 3118 673 3174 ἀποδιδοῦσα·
722 3120 785 3172 τὸ
819 3119 875 3172 δὲ
906 3119 1060 3173 κάτω
1081 3123 1193 3184 τοῖς
1221 3121 1512 3192 αἰσθητοῖς.
1549 3123 1659 3177 Καὶ

1745 643 1898 695 Sicut
1935 643 2080 696 enim
2138 643 2254 712 ipse
2308 643 2388 696 sol
2430 656 2557 694 cum
2607 649 2748 694 unus
2780 639 2871 704 sit,
2915 638 3077 707 178
3128 638 3310 691 omnia

1744 735 1966 790 sensilia
1997 733 2229 788 fecunda
2265 733 2443 788 reddit
2490 740 2548 788 et
2594 732 2712 795 alit,
2769 739 2933 799 atque
3000 736 3210 793 mutat,
3259 729 3310 780 id

1742 832 1826 879 est
1854 840 1922 880 ex
1951 841 2118 894 parvo
2151 839 2346 894 magna
2378 823 2533 886 facit,
2568 833 2659 877 aut
2687 823 2850 877 etiam
2897 837 2961 875 ex
3008 821 3217 875 semine
3246 821 3314 872 il-

1744 918 1834 972 lud
1857 919 2002 988 quod
2035 918 2161 972 inde
2215 917 2535 987 producitur
2561 927 2804 985 germen.
2855 922 2949 967 aut
3006 913 3192 972 arbor.
3226 921 3314 966 at—

1745 1025 1849 1078 que
1875 1009 1932 1063 in
1964 1010 2218 1064 omnibus
2269 1010 2579 1064 visibilibus
2629 1017 2732 1072 est,
2790 1024 2912 1061 eum
2966 1007 3101 1061 nihil
3149 1008 3220 1062 sit
3247 1022 3314 1062 ex

1745 1100 1914 1174 ipsis;
1946 1102 2026 1156 sic
2053 1103 2217 1156 etiam
2258 1100 2399 1156 Deus
2437 1108 2492 1156 et
2530 1101 2704 1170 ipsius
2749 1101 2882 1155 solis
2930 1107 2985 1154 et
3031 1099 3314 1154 sensilium

1744 1193 1986 1247 omnium
2017 1209 2082 1248 ac
2113 1193 2535 1264 intelligibilium
2567 1200 2731 1263 atque
2779 1192 3194 1260 intelligendum
3219 1205 3316 1244 au-

1745 1293 1886 1349 ctor,
1922 1285 2058 1338 nihil
2099 1294 2184 1340 est
2219 1301 2284 1340 ex
2317 1285 2497 1346 rebus,
2530 1285 2660 1338 etin
2697 1285 2953 1338 omnibus
2984 1291 3102 1347 est;
3133 1282 3317 1336 omnia

1745 1379 1892 1433 enim
1933 1379 2111 1447 ipsum
2140 1377 2489 1447 participant.
2521 1375 2642 1430 ideo
2675 1375 2960 1445 Scriptura
3009 1377 3185 1444 ipsum
3223 1389 3318 1443 ap-

1748 1470 1912 1539 pellat
1938 1468 2119 1525 Solem
2141 1469 2370 1539 just'ttia:
2397 1469 2446 1522 ιι.

1820 1644 2188 1713 Exemplaria.
2252 1645 2593 1715 Exemplaria
2644 1661 2765 1714 quae
2817 1645 2980 1700 etiam
3032 1644 3183 1701 ideas
3225 1660 3320 1699 vo-

1749 1745 1899 1802 cant,
1940 1738 2054 1807 jam
2100 1737 2322 1808 quidem
2369 1753 2534 1808 supra
2584 1739 2748 1792 etiam
2798 1737 3156 1806 exposuimus
3183 1753 3320 1809 quo-

1753 1829 1912 1884 modo
1941 1829 2292 1893 deﬁniantur,
2319 1831 2463 1899 quod
2497 1830 2671 1884 ideam
2702 1845 2798 1884 seu
2848 1830 3127 1899 exemplar
3151 1831 3318 1892 dicat.

1751 1940 1890 1994 opus
1923 1924 1977 1977 in
2008 1939 2066 1978 se
2105 1923 2403 1993 perfectum
2469 1931 2732 1978 aeternum
2762 1923 2951 1977 asterni
3010 1921 3126 1978 Dei.
3179 1921 3323 1978 Sane

1750 2017 1968 2086 quidem
1994 2016 2098 2070 hoc
2130 2017 2252 2070 loco
2289 2031 2522 2086 magnus
2571 2015 2862 2085 Dionysius
2910 2016 3146 2086 explicat
3172 2015 3320 2070 Scri-

1750 2119 1987 2176 pturam,
2005 2107 2137 2161 dum
2164 2106 2672 2176 praedestinationes
2695 2114 2852 2159 vocat
2883 2107 3052 2166 ideas.
3077 2107 3324 2161 divinum

1749 2197 1980 2253 Paulum
2031 2198 2340 2261 insinuans,
2369 2199 2463 2268 qui
2520 2199 2574 2251 in
2624 2197 2868 2267 Epistola
2930 2197 2995 2251 ad
3046 2196 3324 2253 Romanos

1751 2290 1874 2343 ait:
1924 2290 2067 2356 Quos
2107 2299 2280 2342 autem
2339 2289 2758 2357 pra'destinavit,
2811 2290 2903 2344 hos
2943 2300 2992 2343 et
3045 2291 3244 2345 vocavit
3278 2295 3320 2357 ῖς
3425 2273 3472 2307 ’κ

1751 2395 1805 2439 et
1830 2382 1957 2436 alibi
1990 2401 2002 2436 :
2051 2381 2156 2448 Qui
2192 2381 2586 2450 prwdostinavit
2625 2397 2717 2435 nos
2749 2383 2803 2434 in
2830 2384 3096 2438 voluntate
3116 2399 3216 2437 sua
3244 2383 3270 2422 Ιί
3307 2403 3319 2435 :

1753 2475 2088 2528 voluntatem
2123 2474 2268 2527 enim
2301 2483 2354 2529 et
2397 2475 2928 2544 przcdestinationem
2974 2474 3106 2529 dicit
3135 2489 3323 2530 exem-

1755 2566 1925 2636 plaria
1948 2574 2002 2620 et
2031 2565 2200 2620 ideas.
2243 2566 2411 2622 Atl'ert
2454 2569 2781 2622 sententiam
2836 2569 2979 2622 beati
3029 2568 3326 2623 Clementis

1758 2656 2009 2729 [Romani
2037 2657 2325 2730 episcopi},
2359 2660 2519 2728 cujus
2559 2661 2806 2714 meminit
2841 2661 3158 2730 Apostolus.
3204 2676 3327 2716 esse

1756 2750 1814 2805 in
1835 2751 1999 2806 rebus
2027 2752 2358 2821 exemplaria
2398 2752 2805 2823 principaliora,
2847 2760 3106 2823 tanquam
3138 2767 3326 2808 eorum

1757 2857 1878 2911 qua:
1919 2843 1984 2896 ad
2039 2843 2264 2912 aliquid.
2319 2843 2536 2898 Clarius
2569 2853 2747 2897 autem
2797 2845 2868 2897 ita
2929 2845 3018 2899 ﬁet
3047 2844 3191 2912 quod
3242 2845 3327 2898 di-

1757 2934 1898 2988 citur
1922 2953 1936 3000 ;
1968 2945 2051 2988 est
2077 2935 2262 3004 Opinio
2285 2936 2467 3005 aliqua
2495 2950 2614 3004 quae
2635 2937 2816 2989 omnia
2852 2937 3006 2990 linea:
3036 2937 3325 2997 assimilat,

1758 3034 1811 3081 et
1841 3028 2178 3096 superiorem
2215 3028 2371 3082 lineae
2400 3035 2605 3097 partem
2639 3027 3071 3096 intelligibilibus
3102 3028 3326 3089 tribuit,

1759 3118 2072 3173 inferiorem
2125 3134 2255 3173 vero
2307 3119 2698 3184 seusibilibus;
2765 3119 2832 3174 iis
2865 3131 2986 3188 qua:
3036 3121 3180 3175 inter
3217 3120 3330 3175 haec

109 3212 306 3276 τούτων,
328 3215 443 3275 τοῖς
480 3211 581 3282 μὲν
608 3211 1091 3284 ἀρχηγικωτέροις,
1127 3211 1269 3284 ἅπερ
1290 3214 1394 3266 εἰσί
1419 3212 1486 3266 τὰ
1517 3213 1655 3278 ἰδίως

1762 3211 2128 3282 principatum
2167 3211 2434 3272 obtinent.
2489 3225 2608 3280 qua:
2641 3220 2770 3267 sunt
2815 3213 3034 3284 proprie
3075 3214 3330 3284 intelligi-

109 3303 267 3374 νοητὰ,
299 3304 362 3357 τὸ
394 3303 619 3375 πρῶτον
671 3302 766 3354 καὶ
809 3300 1076 3373 ἀνώτερον
1120 3302 1304 3373 μέρος.
1336 3304 1461 3366 Τοῖς
1488 3304 1546 3357 δὲ
1597 3307 1660 3358 ἐκ

109 3396 197 3448 τῶν
221 3397 443 3468 νοητῶν,
470 3395 535 3448 τὸ
566 3379 682 3466 μετδ
711 3395 911 3446 ἐκεῖνο·
949 3388 1048 3446 εἶθ’
1074 3392 1216 3446 οὑτω
1251 3393 1370 3447 καθ’
1399 3394 1661 3449 ὑπόϐασιν

110 3489 190 3559 τῆς
205 3491 484 3562 γραμμῆς,
517 3487 589 3540 τά
637 3485 772 3540 ἄλλα
792 3503 805 3516 °
839 3485 1006 3553 δεῖξαι
1034 3485 1143 3558 γὰρ
1173 3485 1314 3540 θέλει
1371 3489 1402 3558 ἡ
1440 3489 1659 3558 τοιαύτη

109 3578 231 3647 δόξα,
268 3583 339 3654 μὴ
367 3584 470 3652 τῆς
499 3579 660 3647 ἀξίας
687 3579 788 3649 τῆς
842 3580 1011 3650 αὐτῆς
1057 3570 1201 3632 εἶναι’
1221 3579 1289 3632 τά
1323 3580 1518 3642 πάντα,
1550 3579 1662 3633 ἀλλ’

113 3668 158 3733 ἐξ
185 3671 417 3742 ἀλλήλων
465 3671 584 3723 ἔνια
611 3669 908 3739 γενόμενα,
965 3664 1076 3722 οἷον
1122 3670 1189 3723 τά
1217 3669 1480 3740 ὑφειμένα
1526 3670 1661 3740 εἴδη,

113 3762 200 3814 τῶν
224 3763 527 3818 καθολικῶν
557 3765 615 3815 έν
646 3761 975 3834 δημιουργία
1008 3765 1101 3816 καὶ
1156 3763 1368 3834 ἀρχῶν,
1413 3762 1477 3826 ἃς
1507 3761 1665 3815 καθο-

114 3849 243 3916 λικάς
294 3855 473 3927 ἀρχὰς
534 3852 958 3924 ἀρχηγικώτερα
1018 3853 1168 3923 φησίι
1223 3855 1324 3906 Τὸν
1378 3850 1470 3907 οὖν
1523 3855 1664 3924 ἱερὸν

117 3943 376 4015 Κλήμεντά
402 3963 541 4016 φησι
572 3945 771 4014 λέγειν,
819 3939 956 3998 εἰναι
1011 3949 1104 3999 κα)⁹
1151 3947 1209 3998 ἐν
1249 3949 1359 4009 τοῖς
1401 3946 1664 4015 ποιήμασι

116 4039 512 4110 παραδείγματα
543 4036 900 4108 γενικώτερα,
948 4037 1063 4108 ἦτοι
1099 4037 1241 4100 ἰδέας
1290 4037 1397 4091 τῶν
1428 4037 1562 4108 πρός
1589 4053 1664 4098 τι,

116 4129 214 4182 ἀντί
233 4131 323 4184 τοῦ
360 4132 468 4183 τῶν
531 4127 948 4199 ὑποϐεϐηκότων
979 4127 1132 4182 εἱδῶν
1175 4129 1281 4182 τῶν
1313 4129 1447 4200 πρός
1478 4146 1531 4181 τι
1559 4127 1666 4182 τῶν

116 4213 550 4295 ὑπερϐεϐηκότων
574 4221 876 4292 ὑπόδειγμα
909 4222 1278 4285 ὑποστάντων,
1315 4218 1425 4275 οἷον
1451 4223 1511 4275 τὸ
1543 4221 1666 4275 ἔνυ-

117 4309 312 4386 λονπῦρ
374 4315 513 4386 πρὸς
559 4313 622 4366 τὸ
677 4313 946 4383 αἰθέριον·
993 4313 1104 4367 ἀλλ’
1127 4316 1188 4367 οὑ
1245 4313 1416 4378 ταῦτα
1466 4315 1667 4386 κυρίως

120 4403 240 4470 ἰδέας
269 4407 432 4477 φησὶν
457 4408 488 4460 ὁ
517 4405 692 4476 μέγας
732 4405 1025 4470 Διονύσιος,
1057 4406 1192 4460 ἀλλά
1217 4407 1314 4471 τὰς
1343 4408 1552 4479 νοήσεις
1574 4407 1666 4460 τοῦ

118 4495 260 4552 Θεοῦ·
316 4499 420 4554 κᾶν
480 4500 592 4570 γὰρ
647 4499 872 4569 λέγηται
917 4501 1334 4572 παραδείγματα
1381 4502 1438 4552 ὲν
1469 4501 1664 4563 κτίσει,

1763 3303 1916 3366 bilia,
1968 3303 2197 3374 primam
2227 3318 2292 3356 ac
2323 3304 2659 3373 superiorem
2685 3311 2928 3374 partem;
2989 3319 3110 3375 quae
3136 3320 3203 3360 ex
3251 3307 3334 3359 in-

1763 3395 2153 3466 telligentibus,
2188 3396 2582 3464 posteriorem:
2617 3396 2696 3449 sic
2747 3403 2934 3465 postea
2977 3397 3131 3465 juxta
3179 3397 3333 3452 linezc

1763 3486 2110 3548 descensum,
2164 3487 2271 3539 alia
2318 3487 2585 3553 collocat;
2651 3488 2922 3556 siquidem
2979 3489 3106 3544 talls
3150 3490 3334 3559 opinio

1763 3578 1880 3632 vult
1905 3577 2103 3632 docere
2149 3578 2332 3631 omnia
2392 3593 2498 3632 non
2555 3593 2676 3636 esse
2730 3578 2976 3648 ejusdem
3027 3580 3333 3652 dignitatis,

1764 3670 2008 3740 quaedam
2035 3684 2100 3724 ex
2137 3684 2196 3724 se
2226 3674 2416 3724 mu‘tuo
2444 3671 2681 3740 pendere
2709 3673 2858 3725 velut
2901 3671 3178 3741 subjectas
3209 3689 3334 3743 spe—

1765 3761 1878 3816 cies
1934 3761 2004 3814 ab
2053 3761 2457 3817 unit'ersalihus
2489 3764 2544 3816 in
2604 3761 2881 3818 creatione
2929 3773 2983 3819 et
3027 3767 3332 3836 principiis.

1765 3869 1886 3923 qua:
1915 3855 2180 3924 principia
2235 3855 2562 3910 universalia
2598 3856 2731 3910 dicit
2759 3871 2882 3912 esse
2930 3857 3230 3923 nobiliora;
3263 3865 3333 3912 ιιιι

1767 3947 1933 4018 igitur
1964 3946 2020 4002 S.
2052 3947 2384 4002 Clementem
2411 3947 2594 4001 dicere
2623 3963 2746 4002 esse
2774 3949 2828 4001 in
2859 3949 3126 4003 creaturis
3155 3964 3336 4003 CXCIII--

1766 4040 1938 4109 plaria
1973 4039 2314 4109 generaliora
2345 4052 2440 4092 seu
2475 4038 2627 4094 ideas
2653 4045 2839 4094 eorum
2868 4055 2989 4110 qum
3016 4037 3084 4093 ad
3109 4039 3334 4110 aliquid,

1767 4148 1866 4203 pro
1896 4131 2264 4200 subjectarum
2297 4129 2602 4199 specierum
2639 4129 2706 4182 ad
2731 4129 2968 4199 aliquam
2992 4130 3336 4200 superiorum

1767 4224 2045 4293 exemplar
2091 4221 2565 4284 substituentiutn,
2629 4221 2796 4275 veluti
2845 4221 2988 4292 ignis
3039 4222 3337 4278 materialis

1769 4316 1835 4370 ad
1855 4315 2186 4378 mthereum;
2234 4327 2420 4368 verum
2467 4313 2580 4368 lucc
2616 4329 2847 4402 maggus
2887 4311 3178 4386 Dionysius
3211 4331 3338 4370 cen-

1769 4419 1873 4472 set,
1905 4421 2015 4462 non
2043 4421 2166 4462 esse
2196 4407 2416 4475 proprie
2443 4405 2619 4471 ideas,
2659 4406 2755 4460 sed
2793 4403 2884 4461 Dei
2939 4405 3336 4477 cogitationes;

1769 4500 1873 4555 etsi
1927 4499 2072 4555 enim
2126 4499 2379 4554 dicantur
2429 4500 2764 4570 exemplaria
2825 4501 2882 4554 in
2923 4503 3196 4564 creatura,
3232 4513 3340 4556 non

118 4587 280 4644 ἀλλὀὐ
301 4590 677 4662 προσάιυνητά,
708 4590 784 4654 ὥς
815 4607 948 4661 φησι
975 4593 1243 4664 Μωῦσῆς·
1282 4593 1383 4646 ποῦ
1412 4593 1469 4646 δὲ
1495 4593 1655 4645 ταῦτα

1774 4601 1954 4646 tamen
2016 4591 2230 4647 adorari
2299 4599 2540 4661 queunt,
2604 4592 2749 4646 sicut
2810 4593 2886 4646 ait
2943 4591 3192 4665 Moyses;
3248 4581 3342 4648 ulti

119 4674 248 4737 εἴην
319 4685 476 4754 ἅγιος
495 4685 750 4755 Κλήμης,
801 4684 899 4737 οὑκ
921 4684 1172 4756 ἐδήλωσε.

181 4863 616 4936 Πῳαδείτματα
645 4848 713 4919 δέ
741 4882 937 4934 φαμεν
981 4866 1150 4920 εἶναι.
1180 4859 1403 4919 Πλάτων
1451 4867 1548 4936 μὲν
1572 4865 1670 4928 τὰς

118 4951 246 5018 ἰδέας
271 4959 361 5011 καὶ
409 4957 479 5011 τὰ
535 4957 954 5030 παραδείγματα
981 4957 1249 5020 ταπεινῶς
1301 4957 1394 5011 καὶ
1442 4958 1671 5024 ἀναξίως

116 5043 239 5099 Θεοῦ
270 5049 565 5122 ὲξείληφενο
599 5052 629 5103 ὁ
669 5051 726 5103 δὲ
753 5049 944 5121 Πατὴρ
971 5053 1039 5120 τῇ
1077 5050 1174 5120 μὲν
1206 5049 1347 5117 λέξει
1379 5051 1666 5121 ἐχρήσατο,

116 5137 208 5206 τὴν
235 5140 288 5193 δὲ
319 5143 522 5196 ἔννοιαν
579 5141 817 5205 εὐσεϐῶς
862 5141 1181 5214 ἐξηγήσατο.
1233 5143 1582 5215 Ἀφοριστικά
1613 5143 1669 5196 δὲ

116 5227 212 5299 ἔφη
237 5233 299 5286 τά
344 5235 462 5288 θεία
516 5235 798 5305 θελήματα
845 5235 938 5287 καὶ
991 5234 1267 5306 ποιητικὰ,
1333 5235 1392 5288 τὸ
1437 5236 1555 5306 μὲν,
1589 5235 1670 5288 ὅτι

119 5320 253 5392 μόνῳ
274 5325 347 5396 τῷ
381 5325 664 5394 βούλεσθαι
689 5325 758 5379 τὰ
791 5325 964 5380 πάντα
1002 5327 1255 5398 ὑφίστησι
1288 5329 1380 5381 καὶ
1419 5331 1585 5380 ποιεῖ’
1611 5328 1672 5380 τὸ

113 5409 195 5472 δὲ,
224 5416 311 5468 καὶ
353 5418 438 5472 διά
492 5419 554 5472 τὸ
602 5419 874 5489 ἑτεροειδῆ
929 5419 1024 5472 καὶ
1071 5419 1302 5491 διάφορα
1335 5419 1403 5472 τὰ
1431 5419 1559 5473 ὄντα
1581 5437 1672 5488 γε-

212 5570 237 5609 ι
269 5572 393 5631 Mal.
431 5592 502 5642 tv,
537 5580 596 5632 '2.
702 5581 716 5618 ί
758 5576 915 5633 Rom.
953 5594 1072 5644 VIII,
1109 5577 1197 5634 50.

1299 5579 1321 5616 ¹ί
1359 5578 1560 5650 Ephcs.
1599 5595 1636 5643 ι,
1676 5579 1726 5631 5.

1775 4690 1955 4737 autem
2009 4691 2231 4738 sanctus
2307 4681 2558 4736 Clemens
2627 4683 2742 4738 lucc
2799 4684 3020 4747 dixerit.
3086 4699 3196 4739 non
3249 4686 3338 4740 de-

1775 4777 2021 4830 claravit.
2665 4759 2682 4774 ’

1848 4867 2190 4936 Exemplaria
2243 4884 2359 4921 vero
2399 4868 2623 4922 dicimus
2674 4885 2808 4924 esse.
2861 4869 3018 4926 Plato
3085 4871 3235 4926 ideas
3283 4877 3345 4923 et

1778 4959 2111 5028 exemplaria
2145 4960 2425 5014 humiliter
2486 4975 2550 5013 ac
2605 4961 2825 5031 indigne
2875 4957 2986 5017 Deo
3040 4962 3341 5033 usurpavit.

1778 5052 1937 5106 Pater
1978 5059 2158 5106 autem
2197 5051 2358 5121 179
2386 5051 2624 5107 dictione
2683 5053 2904 5124 quidem
2934 5067 3067 5111 usus
3095 5061 3199 5117 est,
3251 5056 3343 5109 sml

1779 5143 2200 5208 intellectionem
2247 5159 2344 5198 seu
2396 5144 2854 5212 signiﬁcationem
2903 5152 2988 5217 pie
3034 5147 3340 5217 etplicavit.

1777 5235 1864 5288 Ait
1898 5249 2026 5288 vero
2079 5233 2294 5288 divinas
2337 5235 2646 5292 voluntates
2708 5241 3040 5294 constituere
3083 5247 3135 5293 et
3170 5237 3346 5291 facem

1776 5325 2064 5391 universa;
2095 5324 2228 5378 illud
2255 5326 2476 5394 quidem
2495 5328 2622 5397 quia
2658 5331 2772 5386 sola
2813 5331 3088 5385 voluntate
3138 5331 3326 5382 statuit

1776 5427 1827 5472 et
1874 5415 2035 5482 facit;
2060 5417 2163 5471 hoc
2201 5433 2330 5472 vero
2363 5420 2491 5489 quia
2519 5431 2607 5476 res
2641 5422 2871 5478 diversa:
2901 5421 3086 5475 ferinae
3107 5425 3160 5475 et
3191 5415 3348 5475 dict;-

987 5755 1218 5812 ΥΛΒΙᾹΞ
1269 5758 1646 5816 LECTIONES
1687 5761 1771 5815 ET
1805 5755 2354 5816 CORRECTIONES.

237 5913 277 5942 "
309 5917 662 5989 spx-16mm.

441 6013 706 6075 Parum.
751 6014 865 6073 Gu.
906 6015 983 6074 IV

3025 6012 3091 6068 ιι
