3882 6534
530 447 629 502 351

1314 423 1658 484 APPENDIX
1688 423 1779 478 AD
1802 418 2030 478 OPERA
2064 418 2121 472 S.
2162 408 2460 470 DIONYSII
2499 398 2978 464 ΑΒΕΟΡΑΟῙΤᾸΞ.

3650 393 3743 448 352

532 565 718 614 rentes
752 551 1149 625 producuntur.
1193 544 1333 598 Nota
1365 543 1534 614 igitur
1577 539 1724 610 quod
1741 544 1902 593 vocet
1921 549 2105 591 exem-

2232 528 2409 584 ‘éd’Odt.
2442 525 2752 597 Σημείωσαι
2779 515 2893 582 οῦν,
2925 517 3007 571 ὅτι
3033 512 3452 588 παραδείγματα
3475 507 3617 562 καλεῖ
3635 510 3745 574 τοὺς

2319 617 2344 625 -
2383 615 2415 625 Α
2460 613 2486 625 «-
2570 612 2594 624 ε-
2658 610 2680 625 -ο
2895 608 2906 624 .
2983 603 3304 625 “datu”,
3335 599 3716 625 ,_.._.,,__-m._

531 650 706 722 plaria
757 645 990 700 rationes
1046 640 1098 694 in
1153 637 1262 692 Deo
1317 649 1440 706 quae
1496 647 1679 688 rerum
1708 630 1976 685 essentias
2022 626 2103 680 fa-

532 719 728 798 ciunt,
785 741 840 790 et
877 732 1030 787 unite
1085 739 1210 783 ante
1253 725 1506 788 fuerunt,
1577 738 1676 779 seu
1752 719 2104 792 praedestina-

533 833 730 886 tiones.

599 918 946 991 Progreditur
980 916 1189 986 quidem
1228 929 1332 967 non
1359 927 1452 980 per
1471 907 1710 979 propria.
1745 906 1944 962 Beatus
1975 903 2104 959 Cle-

530 1029 686 1068 mens
713 1010 887 1080 magis
918 1015 1142 1065 secutus
1166 1013 1250 1060 est
1271 1004 1584 1074 opinionem
1613 1014 1733 1070 qua:
1759 998 1916 1062 dixit,
1940 997 2104 1052 etiam

532 1106 586 1160 in
616 1102 970 1175 generatione
999 1113 1186 1154 rerum
1217 1095 1501 1152 sensilium
1535 1093 1813 1164 principes
1840 1090 2104 1161 quasdam

529 1210 653 1251 esse
678 1207 901 1255 causas,
929 1189 1190 1245 nimirum
1245 1184 1670 1255 intelligibilium
1723 1198 1817 1238 seu
1854 1183 2108 1250 incorpo-

530 1300 753 1343 rearum
812 1283 1130 1354 angelorum
1187 1277 1531 1348 operationes
1573 1291 1666 1331 seu
1719 1272 2107 1346 productiones

533 1379 590 1434 in
611 1377 929 1440 essentiam,
977 1374 1179 1429 habere
1228 1385 1427 1426 causas
1475 1368 1754 1440 principes
1799 1365 1951 1420 ideas
2009 1379 2106 1419 seu

534 1471 633 1527 Dei
689 1467 1081 1539 cogitationes;
1135 1463 1283 1518 circa
1343 1475 1482 1532 quas
1542 1459 1695 1514 ideas
1747 1455 2105 1525 exemplares,

537 1559 901 1630 intelligibilia
950 1571 1072 1613 esse
1110 1555 1258 1611 velut
1309 1551 1659 1624 operationes
1712 1548 2004 1620 primarias
2035 1545 2110 1618 [et

537 1651 751 1724 beatas]
782 1658 836 1707 et
865 1651 1202 1722 praecipuas;
1255 1647 1311 1700 in
1358 1643 1655 1701 sensilibus
1706 1649 1886 1697 autem
1913 1638 2112 1710 princi-

537 1759 660 1814 pem
691 1756 938 1804 causam,
973 1754 1036 1792 ac
1066 1738 1227 1793 beare
1256 1744 1419 1806 atque
1445 1748 1638 1790 creare
1677 1733 1966 1794 valentem,
1999 1729 2112 1785 for-

540 1852 686 1892 mam
738 1836 794 1889 in
832 1833 1084 1899 materia,
1141 1831 1311 1892 dicta,
1348 1830 1547 1900 inquit,
1587 1827 1811 1898 opinio;
1864 1841 1991 1880 nam
2024 1838 2111 1878 ra-

2203 621 2260 672 ὲν
2277 617 2355 688 τῷ
2377 613 2497 684 Θεῷ
2526 612 2635 666 τῶν
2656 610 2822 665 ὄντων
2854 605 3192 668 ούσιοποιοὺς
3217 603 3310 657 καὶ
3333 599 3548 662 ὲνιαίως
3565 601 3745 670 προῦφ-

2203 709 2442 772 εστῶτας
2473 705 2696 776 λόγους,
2719 703 2837 775 ἢτοι
2865 695 3250 773 προορισμούς.

2259 877 2515 958 ¹Πρόιιισι
2536 885 2673 955 μὲν,
2699 886 2771 939 οὐ
2798 883 2896 937 διὰ
2925 878 3164 950 κυρίων.
3203 877 3420 933 Μᾶλλον
3447 879 3476 930 6
3511 880 3748 948 μακάριος

2205 981 2435 1052 Κλήμης
2469 977 2592 1050 δόξῃ
2621 976 2728 1031 τινὶ
2761 972 3197 1046 κατηκολούθησε
3219 969 3470 1041 λεγούσῃ,
3509 969 3598 1023 καὶ
3623 971 3673 1022 ὲν
3691 972 3747 1041 τῇ

2207 1073 2414 1142 γενέσει
2443 1071 2550 1125 τῶν
2582 1070 2748 1123 ὄντων
2776 1065 3046 1137 αἰσθητῶν
3070 1061 3207 1119 εἶναι
3252 1063 3486 1135 ἀρχικάς
3511 1079 3648 1125 τινας
3677 1063 3750 1115 αἰ-

2206 1167 2346 1229 τίας,
2373 1158 2483 1218 οἷον
2514 1163 2614 1226 τάς
2643 1160 2750 1214 τῶν
2780 1159 3006 1230 νοητῶν,
3033 1158 3150 1229 ήτοι
3195 1155 3500 1226 ἀσωμάτων
3535 1153 3750 1223 ἀγγέλων

2207 1257 2486 1329 ἐνεργείας
2509 1255 2626 1326 ήτοι
2667 1255 2746 1316 εἰς
2774 1252 2963 1306 οὐσίαν
3008 1247 3366 1321 παραγωγὰς,
3413 1245 3590 1309 αἰτίας
3613 1246 3750 1317 ἀρχι-

2210 1350 2312 1413 κάς
2355 1349 2499 1419 ἔχειν
2539 1346 2639 1411 τὰς
2679 1345 2819 1408 ἰδέας
2868 1344 2986 1415 ἦτοι
3036 1343 3247 1413 νοήσεις
3277 1339 3371 1393 τοῦ
3419 1337 3582 1392 Θεοῦο
3643 1338 3754 1410 περὶ

2209 1442 2275 1506 ἃς
2307 1442 2451 1504 ἰδέας
2481 1433 2988 1512 παραᾶιγματικάς
3015 1432 3201 1496 οῦσας,
3232 1431 3302 1485 τά
3330 1429 3497 1502 νοητὰ
3526 1425 3652 1483 εἰναι
3691 1430 3755 1493 ὡς

2210 1535 2490 1607 ἐνεργείας
2519 1530 2755 1605 ἀρχικὰς
2803 1527 2919 1600 [καὶ
2951 1523 3351 1596 εὐδαιμονικάς]
3384 1524 3479 1578 καὶ
3527 1524 3754 1594 ήγεμονι-

2212 1626 2342 1689 κάς·
2373 1625 2465 1678 ἐπὶ
2492 1624 2549 1677 δὲ
2579 1623 2686 1676 τῶν
2742 1618 3036 1690 αἰσθητῶν,
3069 1618 3238 1672 αἴτιον
3294 1614 3542 1688 ἀρχικὸν,
3573 1613 3660 1668 καί
3682 1612 3758 1665 εύ-

2209 1715 2539 1790 δαιμονικὸν,
2593 1715 2689 1768 καὶ
2743 1710 3150 1784 δημιουργικὸν,
3173 1709 3234 1763 τὸ
3263 1703 3420 1776 εἶδος,
3469 1706 3534 1760 τὸ
3567 1706 3652 1759 ἐπὶ
3698 1709 3757 1776 τῇ

2215 1809 2314 1881 ὕλῃ
2347 1810 2381 1880 ή
2435 1806 2702 1880 εἰρημένη
2753 1805 2886 1878 φησὶ
2933 1802 3089 1869 δόξαι
3137 1803 3229 1857 τὸν
3258 1800 3368 1873 γάρ
3393 1800 3550 1870 λόγον
3577 1801 3668 1871 τῆς
3709 1799 3758 1852 ὲν

541 1929 690 1984 tione
723 1935 932 1981 natura:
985 1925 1040 1980 in
1093 1923 1442 1997 generatione
1485 1935 1594 1992 qua
1640 1920 1864 1976 sensilia
1923 1917 2111 1972 formae

2232 1902 2424 1972 γενέσει
2469 1900 2715 1970 φύσεως,
2785 1896 2906 1951 καθ’
2939 1895 3006 1968 ἦν
3059 1892 3365 1966 εἰδοποιήθη
3402 1891 3473 1946 τὰ
3531 1891 3759 1962 αἰσθητὰ,

540 2021 800 2085 evadunt,
833 2019 960 2074 talis
990 2017 1185 2082 forma,
1216 2016 1414 2086 inquit,
1469 2014 1742 2086 praecipua
1779 2027 1901 2068 esse
1929 2010 2111 2067 debet.

541 2111 818 2168 Fortassis
845 2111 1013 2182 igitur
1061 2109 1256 2166 beatus
1293 2109 1548 2165 Clemens
1601 2107 1706 2162 hoc
1732 2106 1940 2160 dixisse
1966 2105 2115 2160 vide-

543 2215 668 2262 tur:
692 2204 787 2261 sed
817 2204 933 2259 haec
961 2219 1073 2258 non
1094 2210 1361 2259 vocantur
1391 2199 1612 2272 proprie
1633 2198 1987 2268 exemplaria,
2019 2213 2116 2253 seu

543 2301 676 2356 ideae
723 2297 1022 2369 principes,
1067 2296 1183 2351 sive
1239 2308 1420 2349 causa:
1481 2291 1776 2362 primariae.
1815 2289 1940 2344 Haec
1970 2289 2116 2344 enim

542 2405 654 2444 non
675 2403 745 2444 ex
767 2386 926 2458 ipsis,
958 2383 1053 2440 sed
1088 2400 1157 2441 ex
1188 2383 1304 2464 Dei.
1336 2379 1788 2454 cogitationibus,
1815 2381 1911 2450 qui
1964 2379 2118 2435 solus

543 2481 880 2538 adorandus.

614 2570 1047 2626 Promanationis
1112 2585 1175 2622 ac
1229 2569 1501 2624 bonitatis.
1547 2566 1908 2638 Progressum
1961 2546 2139 2620 vocat,

544 2662 1058 2732 contemplationem
1114 2674 1236 2730 qua:
1291 2674 1402 2714 non
1451 2666 1667 2713 tantum
1700 2658 1848 2712 circa
1872 2671 1932 2712 se
1954 2670 2121 2711 occuo

544 2764 726 2828 patur,
760 2753 855 2810 sed
887 2751 1207 2809 diffunditur
1253 2758 1308 2807 et
1355 2751 1730 2822 progreditur,
1777 2756 1944 2820 atque
1991 2748 2122 2804 facit

549 2857 607 2901 ut
637 2862 726 2902 res
755 2845 1078 2902 subsistant.

619 2939 812 2996 Omnia
841 2938 1050 3010 quidem
1079 2939 1134 2992 in
1160 2939 1353 3008 seipsa.
1388 2937 1557 2993 Deum
1590 2939 1650 2994 in
1679 2937 1934 2992 omnibus
1959 2935 2122 2991 rebus

546 3033 846 3096 exsultare,
896 3030 1198 3086 secundum
1227 3030 1360 3085 illud
1408 3030 1603 3101 psalmi
1633 3049 1646 3085 :
1684 3029 1983 3084 Lwtabitur
2013 3027 2124 3082 Do-

547 3126 722 3179 minus
752 3125 806 3178 in
855 3122 1096 3192 operibus
1125 3123 1239 3178 suis
1304 3121 1363 3188 l;
1399 3131 1454 3178 et
1495 3123 1551 3176 in
1607 3120 1951 3176 Proverbiis:
2014 3119 2126 3190 Ego

548 3230 695 3268 eram
721 3229 826 3284 qua
854 3211 1240 3267 delectabatur.
1294 3211 1429 3266 Illud
1461 3219 1643 3266 autem
1677 3220 1798 3265 ante
1823 3211 1976 3265 habet
2023 3211 2127 3266 hoc

551 3306 673 3360 loco
701 3304 925 3375 ponitur
953 3319 1074 3375 pro,
1103 3302 1514 3373 prmdestinavit
1546 3311 1601 3359 et
1626 3303 1906 3374 praecepit.

624 3463 845 3521 Omnem
894 3463 1281 3532 duplicitatcm.
1336 3461 1608 3530 Quoniam
1660 3462 1831 3533 aliqui
1871 3461 2128 3518 dixerunt

555 3557 707 3613 ideas
749 3563 804 3612 et
854 3556 1188 3626 exemplaria
1232 3571 1328 3625 per
1383 3570 1444 3610 se
1507 3555 1843 3622 subsistere,
1885 3555 1986 3611 hos
2035 3558 2127 3624 qui

554 3646 728 3702 Graeci
761 3655 918 3703 erant
966 3647 1128 3702 modo
1178 3646 1398 3710 refellit,
1424 3655 1478 3702 et
1527 3647 1635 3713 ait;
1666 3647 1778 3702 nisi
1797 3646 1956 3702 enim
1993 3647 2129 3704 sim-

557 3740 772 3810 pliciter
803 3753 868 3793 ac
912 3740 1061 3795 unite
1087 3738 1292 3795 fuerint
1321 3739 1475 3807 ideae,
1495 3754 1620 3794 cum
1645 3719 1756 3794 sint
1776 3739 2130 3812 cognitiones

557 3831 981 3901 simplicissima:
1003 3829 1398 3902 simplicissimi
1424 3839 1479 3886 et
1500 3831 1797 3887 unitissimi
1826 3830 1944 3894 Dei,
1977 3845 2121 3886 com-

557 3925 770 3993 positus
827 3939 959 3980 sane
1011 3925 1115 3979 erit
1159 3923 1302 3979 Deus
1345 3941 1411 3980 ex
1476 3925 1773 3996 exemplari
1828 3935 1882 3980 et
1922 3926 2130 3995 seipse.

556 4018 701 4086 quod
750 4017 1113 4086 duplicitatem
1143 4017 1469 4075 nominavit.
1501 4016 1643 4072 Illud
1690 4027 1872 4074 autem
1905 4019 2130 4074 delecta-

558 4118 665 4173 tur,
696 4117 964 4165 consonat
995 4109 1206 4176 Davidi,
1240 4108 1536 4165 Laztabitur
1569 4110 1846 4179 Dominus,
1875 4121 1980 4167 etc.

633 4285 794 4356 180
823 4285 1275 4364 Quemadmodum
1311 4291 1473 4344 etiam
1524 4307 1628 4344 una
1661 4307 1779 4347 vox.
1833 4292 1969 4347 Nota
2001 4309 2128 4364 pro-

559 4379 846 4449 prietatem
877 4380 1066 4457 vocis,
1085 4355 1230 4451 (ιθοᾱ
1264 4396 1389 4434 cum
1447 4381 1519 4437 sit
1552 4381 1875 4452 incorporea
1905 4391 1960 4440 et
1995 4355 2124 4451 una,

561 4485 594 4524 a
628 4470 815 4525 multis
842 4473 1050 4542 pariter
1076 4473 1318 4537 auditur,
1348 4486 1524 4544 neque
1555 4489 1586 4528 a
1617 4476 1966 4533 multitudine
1995 4494 2130 4534 con-

2213 1995 2449 2050 τοιοῦτον
2461 1989 2598 2057 εἶδός
2619 2008 2780 2063 φησιν
2810 1989 3037 2062 ἀρκτέον
3051 1988 3337 2042 ’7.Ἐοικεν
3357 1981 3450 2039 οῦν
3472 1985 3606 2054 τάχα
3624 1982 3762 2036 τοῦτο

2217 2088 2496 2162 εἰρηκέναι
2533 2088 2561 2140 6
2591 2084 2859 2157 μακάριος
2914 2082 3176 2153 Κλήμηςο
3221 2081 3321 2133 οὐκ
3353 2078 3468 2132 ἔστι
3498 2077 3554 2131 δὲ
3584 2076 3764 2148 κυρίως

2217 2180 2388 2234 ταῦτα
2443 2180 2616 2232 εἰπεῖν
2661 2175 3097 2248 παραδείγματα,
3144 2173 3263 2242 ἦτοι
3307 2164 3450 2234 ἰδέας
3503 2168 3762 2241 ἀρκτικάς,

2219 2274 2385 2346 ήγουν
2441 2269 2646 2344 ἀρχικά
2702 2268 2880 2322 αίτια⁸
2915 2267 2977 2320 οὐ
3036 2264 3145 2336 γάρ
3203 2263 3265 2328 ὲξ
3294 2262 3474 2316 αὐτῶν
3511 2263 3556 2294 ’⁸
3591 2261 3763 2323 ταῦτα,

2219 2365 2334 2421 ἀλλ’
2391 2365 2456 2418 ἐκ
2507 2362 2617 2416 τῶν
2689 2359 2824 2415 Θεοῦ
2875 2358 3142 2428 νοήσεων,
3209 2356 3270 2419 ὃς
3331 2354 3492 2427 μόνος
3551 2370 3768 2425 προσκυ-

2221 2457 2399 2529 νητός.

2290 2547 2554 2619 Προόόου
2598 2545 2696 2600 καὶ
2739 2543 3119 2614 ἁγαθότητος.
3161 2539 3394 2612 Πρόοδόν
3423 2554 3556 2610 φησι
3601 2536 3661 2589 τὸ
3703 2535 3768 2606 μὴ

2225 2642 2382 2714 μόνον
2409 2638 2577 2711 αὐτὴν
2609 2637 2739 2710 περὶ
2783 2636 2882 2706 τήν
2933 2631 3104 2704 αὐτῆς
3152 2629 3496 2702 ἀσχολεῖσθαι
3540 2629 3768 2698 θεωρίαν,

2220 2733 2356 2790 ἀλλά
2393 2731 2642 2800 χυθῆναι,
2675 2728 2771 2782 καὶ
2807 2725 3045 2789 ὁδεῦσαι,
3080 2723 3176 2779 καὶ
3207 2722 3276 2777 τά
3315 2722 3446 2776 ὄντα
3492 2721 3772 2792 ὑποστήσα-

2225 2827 2365 2882 σθαι.

2293 2917 2497 2974 Πάντα
2519 2914 2636 2985 μὲν
2661 2913 2732 2969 ἐν
2785 2910 2991 2980 ἑαυτῇ.
3031 2911 3152 2963 Ὅτι
3187 2908 3280 2962 ἐπὶ
3332 2909 3470 2961 πᾶσι
3509 2907 3618 2970 τοῖς
3644 2899 3774 2958 οὖσιν

2225 3007 2554 3081 ἀγάλλεσθαί
2603 3024 2736 3081 φησι
2785 3005 2876 3059 τὸν
2905 3004 3058 3067 Θεὸν,
3104 3001 3245 3056 κατὰ
3271 3001 3332 3054 τὸ
3361 3000 3654 3072 ψαλμικόν⁸
3676 3001 3776 3054 Εὐ-

2227 3101 2628 3176 φρανθήσεται
2679 3100 2895 3166 Κύριος
2921 3096 3019 3149 ἐπὶ
3057 3094 3180 3160 τοῖς
3205 3093 3401 3162 ἔργοις
3442 3090 3626 3145 αὑτοῦ
3643 3106 3657 3121 ο
3695 3091 3776 3142 καὶ

2230 3200 2287 3251 ὲν
2320 3194 2676 3267 Παροιμίαις’
2720 3188 2865 3259 Ἐγὼ
2887 3187 3050 3257 ἤμην
3095 3184 3134 3254 ᾖ
3179 3183 3561 3253 προσέχαιρε.
3620 3181 3688 3234 Τὸ
3728 3180 3776 3234 δὲ

2153 3265 2194 3322 C
2228 3265 2466 3359 προέχει
2504 3265 2736 3340 ἐνταῦθα
2767 3281 2887 3338 ἀντὶ
2921 3279 3016 3335 τοῦ
3060 3275 3334 3350 προώρισε
3361 3277 3458 3331 καὶ
3505 3275 3777 3347 προείληφε

2229 3385 2423 3438 κεῖται.

2297 3472 2510 3528 Πᾶσαν
2568 3470 2845 3548 dmi-6117'.
2895 3466 3108 3538 Ἐπειδὴ
3162 3482 3307 3529 τινες
3355 3463 3459 3528 τάς
3511 3463 3653 3527 ἰδέας
3700 3461 3780 3514 καὶ

2227 3568 2297 3622 τά
2324 3565 2735 3640 παραδείγματα
2768 3560 3104 3615 ὲνυπόστατα
3147 3557 3376 3628 ἔφησαν,
3396 3555 3621 3618 τούτους
3643 3554 3780 3623 ἐπιρ-

2231 3661 2450 3734 ραπίζει
2479 3657 2574 3711 νῦν
2606 3655 2872 3726 ’Έλληνας
2893 3653 3072 3714 ὄντας,
3135 3650 3230 3702 καί
3263 3664 3455 3718 φησιν’
3501 3648 3566 3701 Εἰ
3591 3645 3694 3715 γὰρ
3720 3643 3781 3715 μὴ

2229 3753 2415 3816 ἀπλῶς
2442 3751 2535 3805 καὶ
2567 3748 2783 3810 ὲνιαίως
2815 3743 2923 3799 εἶεν
2946 3746 3004 3798 αἰ
3036 3743 3190 3810 ἰδέαι,
3225 3743 3442 3812 νοήσεις
3472 3739 3781 3812 ύπερηπλω-

2234 3848 2390 3920 μέναι
2413 3841 2569 3898 οὖσαι
2595 3841 2690 3895 τοῦ
2730 3837 3194 3912 ὑπερηπλωμένου
3245 3835 3339 3888 καὶ
3383 3832 3784 3906 ὑπερηνωμένου

2230 3939 2387 4003 Θεοῦ,
2421 3936 2670 3998 σύνθετος
2689 3933 2754 3987 ἂν
2793 3932 2880 4003 εἴη
2909 3933 2937 3984 6
2965 3931 3097 3994 Θεὸς
3128 3931 3192 3982 ὲκ
3224 3926 3668 3999 παραδείγματος
3707 3923 3785 3977 καὶ

2228 4028 2448 4094 ἑαυτοῦ,
2479 4029 2616 4099 ὅπερ
2645 4025 2904 4092 διπλόην
2927 4022 3197 4093 ὠνόμασε.
3233 4019 3306 4072 Τὸ
3335 4018 3393 4072 δὲ
3421 4013 3785 4087 ἀγαλλομένη

2229 4124 2515 4196 συμφωνεῖ
2537 4118 2617 4191 τῷ
2655 4116 2817 4172 Δαὸίδ
2834 4133 2848 4148 ο
2901 4111 3396 4185 Εὺςρρανθήσεται
3445 4111 3683 4178 Κύριος,
3712 4104 3786 4159 καὶ

2225 4217 2294 4271 τά
2327 4215 2478 4288 ἑξῆς.

2297 4307 2574 4378 Καθάπερ
2610 4306 2706 4361 καί
2736 4304 2904 4375 φωνὴ
2935 4305 3063 4375 μία.
3122 4302 3436 4376 Σημείωσαι
3461 4302 3525 4357 τὸ
3564 4305 3663 4374 τῆς
3691 4319 3782 4370 φω-

2228 4403 2346 4474 νῆς,
2380 4403 2462 4456 ὅτι
2490 4399 2778 4470 ἀσώματος
2804 4397 2898 4450 καὶ
2927 4395 3022 4468 μία
3049 4391 3181 4449 οὖσα
3225 4396 3330 4449 ὑπὸ
3358 4395 3572 4448 πολλῶν
3604 4394 3784 4464 ὁμοίως

2228 4494 2503 4559 ἀκούεται,
2538 4491 2632 4545 καὶ
2657 4488 2778 4543 οὔτε
2804 4488 3108 4544 δαπανᾶται
3145 4489 3211 4541 ὲκ
3237 4487 3332 4540 τοῦ
3360 4487 3618 4559 πλήθους,
3648 4483 3784 4538 Οὕτω

563 4560 834 4616 sumitur:
895 4563 969 4616 ita
1033 4565 1198 4618 etiam
1247 4563 1391 4620 Deus
1438 4567 1722 4636 aequaliter
1774 4569 1842 4623 ab
1871 4570 2119 4627 omnibus

2232 4589 2325 4641 καὶ
2347 4590 2376 4641 6
2415 4586 2550 4648 Θεὸς
2600 4582 2706 4636 ὑπὸ
2757 4581 2973 4635 πάντων
3028 4581 3224 4651 ὲπίσης
3278 4580 3597 4650 μετέχεται·
3646 4575 3785 4630 τοῦτο

562 4653 1019 4708 communicatur.
1071 4654 1207 4708 [llud
1234 4659 1380 4711 enim
1427 4665 1512 4712 est
1552 4673 1657 4712 uno
1701 4658 1861 4713 modo
1893 4675 1912 4714 :
1939 4676 2036 4731 pro
2066 4663 2130 4716 θ-

561 4744 650 4799 dei
699 4753 879 4802 autem
939 4747 1152 4802 ratione
1178 4786 1193 4813 ,
1236 4746 1325 4803 'et
1402 4764 1581 4819 neque
1650 4750 1863 4809 divisus
1929 4768 2130 4810 consu-

563 4837 748 4890 utitur.

639 4927 707 4981 Ut
748 4929 899 4998 cujus
961 4946 1147 4985 causa.
1208 4929 1385 5002 Supra
1436 4933 1491 4986 in
1545 4933 1873 5003 praecedenti
1930 4938 2130 5008 capite,

563 5018 804 5091 perfecte
855 5021 1067 5076 tinalem
1114 5037 1339 5079 causam
1395 5023 1754 5094 deﬁnientes,
1811 5029 2130 5097 dicebamus

563 5128 686 5169 esse
724 5114 883 5184 cujus
910 5130 1076 5171 causa
1098 5117 1304 5187 aliquid
1333 5118 1412 5173 ﬁt.

633 5207 706 5259 Et
735 5207 968 5261 omnium
997 5209 1271 5264 terminus.
1310 5209 1567 5268 Termino
1612 5215 1855 5270 omnium
1887 5215 2130 5274 infinitas

567 5308 746 5354 mente
797 5301 1108 5372 opponitur.
1173 5301 1314 5358 Deus
1372 5319 1502 5360 vero
1558 5313 1642 5360 est
1701 5308 1867 5362 etiam
1897 5312 2130 5365 omnium

571 5391 860 5458 terminus;
893 5395 1028 5450 nihil
1053 5396 1198 5451 enim
1229 5397 1348 5466 ejus
1388 5399 1727 5470 providentia
1757 5410 1812 5458 et
1862 5412 2130 5473 potestate

637 5567 654 5605 ι
691 5567 836 5627 Psal.
871 5586 967 5626 cm
991 5612 1005 5635 ,
1041 5572 1130 5626 '51.

2230 4679 2338 4752 γάρ
2371 4667 2486 4731 ἐστι
2504 4677 2564 4730 τὸ
2592 4673 2818 4740 ἑνικῶς.
2838 4671 2993 4727 Κατά
3021 4671 3308 4742 ἀναλογίαν
3326 4671 3384 4726 δὲ
3413 4672 3515 4744 τῆς
3550 4669 3784 4729 πίστεως,

2231 4771 2326 4825 κα)⁸
2351 4769 2473 4823 οὕτε
2509 4766 2858 4841 μεριζόμενος
2895 4765 3219 4820 δαπανᾶται.

2314 4947 2410 5012 Ὠς
2446 4945 2552 4999 τοῦ
2578 4944 2774 5000 ἕνεκα.
2829 4945 2976 4998 Ἀνω
3008 4945 3064 4998 ὲν
3116 4943 3195 5017 τῷ
3245 4943 3354 5018 πρὸ
3397 4944 3590 4998 τούτου
3633 4955 3788 5009 κεφα-

2231 5039 2364 5110 λαίῳ
2394 5039 2638 5108 εἴπομεν,
2666 5037 2884 5100 τελείως
2914 5037 3194 5108 ὁρίσαντες
3214 5038 3449 5102 τελικὸν,
3471 5037 3643 5090 αἴτιον
3671 5029 3790 5084 εἰναι

2230 5132 2291 5184 τὸ
2317 5126 2379 5185 οὗ
2405 5131 2565 5183 ἕνεκα
2593 5129 2655 5182 τὸ
2685 5129 2983 5199 γινόμενον.

2302 5223 2411 5278 Καὶ
2461 5222 2644 5291 πέρας
2677 5221 2935 5276 πάντων.
2969 5221 3058 5294 Τῷ
3087 5223 3283 5294 πέρατι
3337 5221 3556 5285 πάντως
3582 5221 3617 5290 ἡ
3653 5217 3791 5270 ἀπει-

2235 5316 2324 5387 ρία
2378 5315 2791 5368 ἀπεπινοείται.
2873 5313 2930 5367 Ὀ
2987 5314 3043 5368 δὲ
3098 5313 3231 5378 Θεὸς
3289 5314 3476 5383 πέρας
3526 5311 3759 5366 πάντων

2231 5407 2381 5460 οὐδὲν
2412 5405 2520 5477 γάρ
2577 5403 2815 5458 ἐκϐαίνει
2849 5406 2946 5476 τὴν
2993 5406 3154 5460 αὑτοῦ
3205 5409 3460 5480 πρόνοιαν
3521 5406 3619 5462 καὶ
3648 5403 3792 5457 δυνα-

1456 5731 1688 5793 VARIAS
1723 5737 2105 5800 LECTIONES
2143 5743 2231 5798 ET
2270 5741 2799 5803 CORRECTIONES

680 5881 724 5912 ³⁷
757 5882 1035 5956 ἀρκτικόν.

1133 5886 1179 5918 ’⁸
1199 5887 1407 5942 ἑαυτῶν
