3882 6552
153 384 243 439 $35
893 379 950 434 S.
983 377 1228 434 MAXIM]
1268 379 1558 436 SCHOLIA
1595 379 1663 436 IN
1703 380 1832 435 LIB.
1869 379 1958 436 DE
1989 378 2241 440 DWINIS
2271 380 2668 440 NOMINIBUS.

3268 389 3374 445 354

150 499 335 554 στείανο
373 498 475 552 καὶ
503 496 736 569 ἀπειρία
768 495 853 558 δὲ,
883 497 1002 548 ἐπεὶ
1053 496 1195 550 κατὰ
1249 496 1348 566 τὴν
1392 496 1540 549 θείαν
1575 497 1690 567 Γραη

1813 496 2088 574 egreditur
2122 517 2135 553 :
2175 507 2259 554 est
2308 515 2524 570 quoque
2576 498 2842 561 inﬁnitas,
2883 499 3138 569 quoniam
3185 514 3376 556 secun-

148 590 240 659 φῆν
257 608 270 620 ·
304 591 418 643 Καὶ
453 589 571 656 τῆς
597 588 902 654 συνέσεως
923 589 1107 642 αὐτοῦ
1128 590 1236 643 οὐκ
1254 589 1422 642 ἐστιν
1447 589 1708 658 ἀριθμόςο

147 684 227 737 καὶ
275 683 444 736 πάλιν
469 699 484 713 ·
522 681 639 735 Καὶ
671 681 778 750 τῆς
814 682 1133 748 βασιλείας
1179 681 1361 736 αὐτοῦ
1402 683 1512 734 οὐκ
1545 682 1713 735 ἔσται

147 775 333 842 πέρας.
381 775 474 838 Ὠς
518 770 614 828 οὖν
672 775 1039 846 ἀπερίληπτος
1094 775 1187 828 καὶ
1231 774 1483 845 ἄπειρος·
1541 773 1712 826 ταῦτα

146 866 240 937 γάρ
270 865 628 938 ὑπερεξόχως
685 866 796 935 ἔχει
822 867 849 919 6
877 866 1006 929 Θεὸς
1053 866 1146 920 καὶ
1193 865 1368 920 πάντα
1409 865 1712 936 ὑπερϐεϐη-

147 958 243 1021 κὼς
268 960 364 1011 καὶ
399 959 584 1030 πέρας
613 959 812 1021 παντὸς
852 959 1084 1030 πέρατος
1123 957 1225 1010 ὤν’
1266 959 1345 1022 εἰς
1393 959 1553 1012 αὐτὸν
1602 957 1710 1029 γάρ

143 1050 202 1103 τὰ
255 1050 441 1103 πάντα
506 1050 892 1122 περατοῦνται,
946 1050 1040 1103 καὶ
1081 1048 1303 1121 ἀπειρία
1359 1051 1474 1103 ἐστὶ
1527 1050 1710 1120 πάσης

143 1143 404 1212 ἀπειρίας.
441 1142 564 1196 Κᾶν
585 1138 680 1196 οὖν
710 1142 932 1214 ἀπειρία
987 1140 1209 1213 λέγηται
1263 1141 1357 1195 καὶ
1395 1143 1428 1213 ἡ
1458 1141 1576 1212 ὕλη,
1633 1141 1709 1206 ὼς

144 1235 218 1288 ἀεὶ
253 1235 874 1306 μετασχηματιζομένη,
933 1235 1026 1288 καὶ
1076 1233 1260 1289 ἄλλοτε
1317 1235 1395 1297 είς
1433 1233 1566 1289 ἄλλα
1591 1232 1706 1304 εἴδη

146 1324 573 1397 μεταϐάλλουσα,
604 1327 716 1380 ἀλλ’
750 1323 842 1380 οὖν
871 1327 1210 1397 πεπέρασται
1267 1327 1323 1378 ὲν
1359 1324 1436 1396 τῷ
1490 1324 1628 1396 Θεῷ,
1657 1327 1706 1379 εί

143 1420 223 1472 καὶ
247 1419 485 1483 ἀστατός
513 1419 634 1473 ἐστι
666 1420 758 1473 καὶ
785 1419 1030 1490 ἀόριστος
1058 1418 1161 1472 ὑπὸ
1188 1417 1319 1470 Θεοῦ
1369 1417 1703 1490 μεταγομένη

141 1515 208 1578 είς
235 1513 557 1576 είδοποιίας.
594 1513 705 1566 Καὶ
751 1511 973 1573 εἰκότως
1002 1511 1030 1562 6
1059 1510 1190 1572 Θεὸς
1246 1509 1416 1580 πέρας
1461 1510 1578 1562 ἐστὶ
1606 1509 1706 1579 τῆς

139 1606 381 1678 τοιαύτης
442 1605 704 1677 ἀπειρίας
759 1605 852 1657 καὶ
901 1603 1123 1673 ἄπειρος
1182 1604 1293 1664 τοῖς
1340 1601 1535 1672 πέρασι
1595 1599 1703 1653 τῶν

138 1698 309 1764 ὅντων,
335 1699 417 1762 ὡς
445 1700 547 1752 καὶ
574 1699 674 1769 τὴν
705 1697 835 1767 ὕλην
890 1695 950 1760 ἐξ
1003 1696 1101 1748 οὐκ
1127 1694 1291 1747 ὄντων
1333 1691 1668 1764 παραγαγών
1685 1711 1698 1723 ο

140 1792 259 1861 φησὶ
311 1789 428 1862 γὰρ
465 1792 501 1861 ή
535 1790 746 1861 Γραφίγ
789 1789 881 1853 Ἐξ
910 1787 1094 1841 αὐτοῦ
1128 1786 1224 1839 καὶ
1267 1783 1340 1838 δι’
1367 1784 1550 1838 αὐτοῦ
1603 1785 1697 1837 καὶ

135 1885 211 1947 είς
231 1882 421 1936 αὑτὸν
440 1883 520 1935 τὰ
547 1880 761 1936 πάντα.

207 1973 300 2026 Ἐν
326 1974 422 2028 ἑνὶ
456 1974 594 2043 γὰρ,
615 1973 695 2038 ὡς
717 1970 1030 2036 πολλάκις.
1081 1967 1400 2022 Ἀντίκειται
1440 1969 1500 2022 τὸ
1532 1969 1703 2040 πέρας

132 2068 190 2137 τῇ
218 2065 447 2138 ἀπειρίᾳ
504 2063 648 2118 κατά
703 2064 972 2133 ἀπόφασιν
1027 2061 1120 2114 καὶ
1169 2060 1492 2129 κατάφασιν,
1537 2059 1613 2123 ὼς
1641 2059 1702 2113 τὸ

135 2157 310 2227 Θνητὺν
341 2156 441 2211 καὶ
464 2156 528 2209 τὺ
559 2154 845 2210 ἀθάνατον.
882 2152 1077 2216 Καλῶς
1117 2152 1174 2205 δὲ
1228 2151 1289 2204 τδ
1342 2152 1422 2217 ὠς
1453 2151 1703 2205 ἀντικει-

127 2248 348 2318 μένων·
401 2248 468 2301 οὐ
519 2247 630 2318 γὰρ
654 2246 857 2319 κυρίως
885 2244 1054 2298 ταῦτα
1085 2243 1330 2316 ἀλλήλοις
1380 2242 1696 2305 ἀντίκειται,

130 2343 283 2395 οἱονεὶ
324 2340 472 2395 κατά
505 2341 606 2412 τὴν
653 2339 765 2406 ἕξιν
809 2338 842 2408 ἢ
891 2336 1165 2408 στέρησιν,
1219 2333 1330 2388 ἀλλ’
1357 2333 1433 2396 ὡς
1485 2333 1698 2404 εἴρηται

129 2434 264 2488 κατά
288 2434 570 2503 ἀπόφασιν
602 2431 696 2484 καὶ
731 2429 1056 2498 κατάφασιν.

189 2526 402 2595 Παρὼν
450 2525 580 2590 τοῖς
609 2521 780 2577 πᾶσι.
836 2517 1117 2590 Πανταχοῦ
1171 2517 1280 2590 γάρ
1335 2517 1545 2589 παρὼν,
1603 2518 1696 2570 καὶ

127 2621 231 2683 τοῖς
263 2619 382 2673 καθ’
413 2618 474 2671 ἓν
513 2619 745 2671 ἕκαστον
774 2615 820 2646 ¹⁹
871 2614 966 2667 καὶ
1012 2614 1125 2676 τοῖς
1163 2613 1325 2664 πᾶσιν
1379 2609 1513 2680 ὁμοῦ
1548 2610 1688 2680 πάρο

125 2727 233 2764 εστι
283 2710 376 2764 καὶ
422 2710 648 2781 ὁμοίως.
691 2707 801 2760 Καὶ
837 2703 1006 2768 ἑστὼς
1037 2703 1094 2757 δὲ
1140 2702 1352 2771 λέγεται
1378 2704 1407 2754 6
1436 2701 1585 2764 Θεὸς,
1616 2700 1694 2772 τῷ

124 2804 264 2856 κατὰ
295 2803 460 2875 μηδὲν
501 2802 642 2867 ὅλως
699 2802 757 2852 ἐν
802 2800 950 2871 αὑτῷ
993 2794 1292 2867 μεταϐολὴν
1351 2792 1688 2865 θεωρεῖσθαιο

123 2893 434 2965 κινούμενος
464 2893 544 2955 δὲ,
578 2891 656 2963 τῷ
685 2890 926 2961 συνέχειν
952 2887 1021 2941 τὰ
1042 2887 1170 2942 ὄντα
1196 2888 1288 2941 καὶ
1325 2887 1602 2957 συντηρεῖν
1624 2885 1688 2916 "-

121 2989 208 3040 καὶ
239 2987 414 3041 ταῦτα
445 2986 506 3039 δὲ
561 2985 700 3055 ὑπὲρ
731 2983 908 3036 πᾶσαν
953 2981 1196 3034 ἐπίνοιαν
1225 2979 1268 3010 ⁸¹
1289 2994 1302 3008 ·
1327 2978 1407 3031 διὸ
1434 2978 1528 3032 καὶ
1556 2978 1692 3048 ὲπή-

123 3097 254 3149 γαγε
277 3081 340 3133 τὸ
362 3079 504 3133 οὔτε
531 3075 742 3141 ἑστὼς,
780 3075 916 3128 οὔτε
938 3073 1304 3142 κινούμενος.

1815 589 1943 642 dum
1974 588 2210 644 divinam
2261 590 2632 661 Scripturam:
2693 589 2763 645 Et
2809 593 3081 661 sapientia:
3123 592 3238 662 ejus
3271 611 3373 648 non

1812 687 1889 731 est
1917 695 2161 733 numerus
2213 691 2270 734 π’.
2309 679 2375 734 Et
2430 682 2663 736 iterum:
2714 680 2784 734 Et
2825 683 2968 751 regni
2997 683 3109 752 ejus
3140 700 3243 738 non
3273 686 3375 738 erit

1813 771 1935 839 ﬁnis
1966 781 2010 824 η.
2043 770 2186 842 Ergo
2219 779 2476 842 tanquam
2514 773 3078 842 incomprehensibilis
3108 783 3162 830 et
3186 776 3372 832 inﬁni-

1811 871 1936 923 tus:
1966 864 2079 918 haec
2111 865 2254 919 enim
2279 866 2737 921 excellentissimo
2786 867 2948 921 modo
2994 867 3156 922 habet
3189 868 3371 935 Deus,

1809 963 1862 1009 et
1909 957 2092 1010 omnia
2140 959 2497 1022 transcendit,
2567 967 2727 1028 atque
2791 959 2968 1014 omnis
3020 962 3240 1015 termini
3285 969 3372 1018 est

1810 1049 2096 1110 terminus,
2131 1049 2184 1102 in
2217 1050 2333 1119 ipso
2362 1051 2506 1105 enim
2536 1051 2718 1104 omnia
2751 1051 3134 1118 terminantur,
3157 1067 3222 1106 ac
3252 1068 3372 1107 om-

1807 1139 1894 1194 nis
1926 1139 2208 1196 inﬁnitatis
2240 1149 2323 1196 est
2351 1142 2610 1197 inﬁnitas.
2645 1141 2760 1197 Etsi
2792 1142 2957 1213 igitur
2981 1145 3208 1198 materia
3231 1159 3372 1215 quo-

1807 1246 1911 1300 que
1933 1232 2146 1286 dicatur
2177 1232 2441 1296 inﬁnitas,
2463 1242 2521 1287 ut
2559 1222 2822 1304 perpetuo
2877 1236 3283 1307 transﬁgurata,
3314 1248 3369 1294 et

1806 1322 2096 1392 aliquando
2128 1323 2182 1378 in
2232 1325 2366 1380 alias
2420 1325 2618 1380 formas
2663 1335 2868 1380 mutata
2894 1366 2908 1389 ,
2941 1335 3121 1383 tamen
3150 1329 3204 1382 in
3257 1328 3370 1384 Deo

1804 1414 2145 1478 terminatur,
2201 1416 2304 1470 etsi
2361 1417 2629 1471 instabilis
2677 1425 2730 1472 et
2778 1417 3055 1473 indeﬁnita
3090 1419 3145 1473 in
3179 1419 3368 1477 formae

1805 1507 2205 1574 susceptionem
2233 1509 2590 1574 traducatur;
2623 1517 2676 1564 et
2706 1511 2901 1564 merito
2951 1509 3093 1566 Deus
3127 1520 3211 1567 est
3240 1514 3366 1569 talis

1805 1594 2091 1652 inﬁnitatis
2122 1598 2410 1660 terminus,
2463 1609 2626 1668 atque
2684 1599 2930 1656 inﬁnitus
2985 1601 3370 1659 terminusre-

1803 1702 1946 1750 rum,
1978 1690 2122 1758 quod
2169 1692 2330 1745 etiam
2385 1692 2667 1746 materiam
2713 1709 2778 1747 ex
2835 1692 3010 1747 nihilo
3063 1694 3363 1764 producat;

1803 1778 1938 1834 dixit
1970 1781 2116 1835 enim
2172 1779 2491 1854 Scriptura:
2529 1782 2613 1837 Ea:
2666 1785 2778 1854 ipso
2806 1794 2855 1839 et
2903 1801 2996 1854 per
3042 1787 3212 1854 ipsum
3236 1796 3286 1841 et
3308 1787 3365 1843 in

1803 1871 1914 1940 ipso
1936 1874 2111 1926 omnia
2141 1881 2186 1928 ³.

1877 1961 1943 2015 In
1969 1979 2072 2018 uno
2107 1966 2266 2029 enim,
2294 1975 2352 2020 ut
2380 1982 2752 2035 sa’penumero.
2784 1968 2936 2026 Finis
2963 1975 3257 2042 opponitur
3278 1975 3364 2029 in-

1802 2052 1995 2108 ﬁnitati
2030 2059 2330 2114 secundum
2360 2062 2704 2130 negationem
2734 2069 2787 2117 et
2838 2061 3271 2140 aﬁirmationem,
3303 2075 3363 2120 ut

1799 2150 2027 2205 mortale
2054 2158 2109 2205 et
2139 2149 2462 2207 immortale.
2505 2152 2678 2208 Porro
2726 2153 2951 2223 pulchre
2991 2155 3144 2222 illud,
3183 2167 3241 2210 ut
3270 2174 3365 2226 op-

1797 2245 1990 2311 posita.
2037 2242 2155 2298 Non
2212 2259 2359 2298 enim
2418 2246 2638 2316 praprie
2686 2245 2802 2298 haec
2858 2245 2960 2299 sibi
3013 2257 3366 2317 opponuntur

1798 2336 1963 2389 veluti
1997 2335 2213 2390 habitus
2236 2346 2290 2391 et
2325 2331 2587 2406 privatio;
2609 2336 2724 2400 sed,
2763 2337 2906 2391 sicut
2937 2337 3143 2393 dictum
3168 2349 3273 2405 est,
3301 2349 3360 2396 ut

1796 2427 2010 2498 negatio
2039 2437 2091 2481 et
2113 2426 2416 2483 afﬁrmatio.

1866 2518 2110 2574 Praesens
2150 2518 2410 2574 omnibus.
2441 2517 2576 2574 Nam
2607 2522 2831 2592 ubique,
2862 2521 3062 2592 inquit,
3092 2537 3356 2592 praesens,

1793 2618 1849 2666 et
1881 2611 2131 2682 singulis,
2182 2621 2234 2666 et
2283 2612 2539 2667 omnibus
2587 2613 2748 2668 simul
2777 2615 2978 2685 pariter
3007 2614 3181 2670 adest.
3215 2613 3358 2672 Deus

1793 2711 1975 2759 autem
2007 2712 2159 2759 stans
2181 2701 2402 2766 dicitur,
2435 2707 2561 2772 quia
2593 2705 2648 2759 in
2682 2720 2748 2760 eo
2773 2706 2925 2760 nulla
2971 2721 3197 2776 prorsus
3233 2724 3356 2761 mu-

1793 2795 1928 2849 tatio
1955 2795 2236 2860 cernitur;
2269 2797 2473 2849 moveri
2502 2811 2630 2850 vero
2660 2797 2885 2859 dicitur,
2927 2799 3052 2868 quia
3100 2813 3188 2853 res
3224 2813 3358 2853 cou-

1790 2889 1927 2944 tinet
1946 2895 2108 2956 atque
2135 2892 2454 2948 conservat,
2505 2894 2560 2940 et
2606 2886 2722 2941 haec
2750 2887 2969 2957 quidem
3019 2903 3186 2958 supra
3237 2905 3358 2942 om-

1790 2993 1914 3033 nem
1971 2977 2376 3049 cogitationem,
2429 2977 2551 3033 ideo
2609 2977 2886 3049 adjunxit,
2947 2997 3038 3034 nec
3081 2989 3210 3046 stat,
3261 2997 3355 3036 nec

1791 3078 2040 3125 movetur.

180 3173 290 3226 Καὶ
321 3171 519 3237 ἑστὼς
558 3169 655 3222 καί
687 3167 1050 3236 κινούμενος.
1094 3167 1250 3218 Δοκεῖ
1303 3180 1420 3226 πως
1453 3162 1689 3216 ἐναντίον

1863 3159 1935 3214 Ει
1981 3171 2130 3214 stans
2181 3169 2231 3214 et
2285 3177 2340 3215 se
2387 3177 2615 3216 movens.
2671 3157 2901 3214 Videtur
2952 3159 3356 3230 quodammodo

117 3259 247 3318 εἶναι
278 3265 341 3319 τὸ
381 3263 694 3336 εἰρημένον,
723 3258 784 3312 τὸ
815 3255 1002 3323 ἑστὼς
1030 3255 1128 3310 καὶ
1173 3256 1536 3324 κινούμενος,
1569 3253 1682 3316 καὶ,

114 3359 249 3412 οὔτε
287 3357 505 3422 ἑστὼς,
552 3355 690 3408 οὔτε
727 3353 1103 3420 κινούμενος·
1143 3349 1259 3413 πῶς
1298 3349 1404 3419 γάρ
1448 3349 1510 3402 τὸ
1555 3349 1685 3403 αὐτὸ

115 3455 344 3524 πρᾶγμα
392 3452 490 3505 καὶ
548 3450 759 3502 ἵσταται
818 3447 911 3499 καὶ
943 3447 1202 3509 κινεῖται,
1233 3443 1265 3514 ἢ
1294 3442 1416 3496 οὗτε
1470 3443 1682 3497 ἵσταται

110 3546 230 3599 οὔτε
274 3549 543 3608 κινεῖταις
579 3541 792 3613 πρῶτον
827 3539 926 3610 μὲν
978 3539 1038 3592 οὐ
1063 3538 1144 3591 δεῖ
1167 3540 1230 3592 ὲκ
1279 3537 1386 3590 τῶν
1415 3535 1683 3606 αἰσθητῶν

112 3641 386 3692 κατανοεῖν
414 3637 488 3690 τά
516 3636 668 3698 θεῖα,
700 3633 734 3704 ἢ
785 3631 884 3696 τάς
914 3631 1124 3694 εἰκόνας
1172 3629 1416 3683 ἐντεῦθεν
1477 3628 1684 3700 λαμϐά-

111 3749 250 3785 νεινο
301 3731 390 3784 ἴνα
429 3729 488 3783 δὲ
534 3728 610 3800 μὴ
659 3726 905 3797 δόξαιμεν
945 3724 1150 3788 λύσεως
1205 3725 1448 3794 ἀπορεῖν,
1499 3722 1686 3776 στάσιν

109 3822 330 3894 εἴπομεν
364 3824 423 3875 ὲν
453 3823 569 3883 τοῖς
608 3817 913 3891 ἔμπροσθεν
957 3817 1054 3887 τὴν
1095 3815 1326 3884 γένεσιν,
1361 3814 1572 3886 κίνησιν
1627 3813 1682 3866 δὲ

107 3915 202 3985 τὴν
252 3913 544 3975 ἀλλοίωσιν
577 3912 694 3982 ἦτοι
755 3907 1074 3980 μεταϐολήν.
1115 3907 1303 3960 Ἔστιν
1342 3901 1435 3958 οὖν
1485 3905 1514 3956 6
1551 3903 1681 3966 Θεδς

108 4004 326 4058 πάντων
355 4003 605 4072 γένεσις·
641 4001 725 4053 ἀεὶ
772 3999 879 4070 γάρ
926 3997 1096 4051 ταῦτα
1130 3999 1209 4060 είς
1233 3996 1293 4048 τὸ
1330 3992 1467 4049 εἶναι
1499 3994 1676 4064 παρά-

105 4112 219 4163 γει’
284 4093 428 4149 ὥστε
484 4093 716 4163 ἔστηκεν
767 4093 796 4144 6
843 4089 1007 4152 Θεόςο
1087 4090 1313 4141 κινεῖται
1376 4086 1431 4139 δὲ
1495 4085 1676 4148 πάλιν,

101 4186 231 4240 διότι
266 4186 448 4240 πάντα
509 4179 971 4255 μετασχηματίζει
1027 4178 1120 4232 καὶ
1193 4177 1393 4231 ἀλλοιοί
1435 4176 1570 4248 πρὸς
1619 4174 1682 4228 τδ

102 4281 382 4349 κρεῖττον·
437 4277 504 4330 δι’
557 4273 721 4328 αὐτοῦ
754 4272 862 4344 γὰρ
921 4271 1172 4333 καλλίους
1221 4267 1511 4340 γινόμεθαο
1561 4265 1682 4320 ὅθεν

99 4371 360 4442 καὶπερὶ
400 4365 570 4421 αὑτοῦ
618 4363 725 4434 πρὸ
781 4361 974 4433 μικροῦ
1035 4377 1196 4431 φησιν
1241 4361 1270 4412 6
1325 4357 1463 4419 θεῖος
1495 4353 1679 4408 Διονύ-

1794 3252 2128 3308 contrarium
2182 3251 2328 3317 dici,
2373 3262 2481 3307 stat
2546 3261 2596 3307 et
2642 3260 2909 3316 movetur;
2977 3269 3068 3306 nec
3107 3262 3215 3308 stat
3262 3269 3355 3308 nec

1795 3353 2046 3400 movetur.
2078 3342 2359 3410 Quomodo
2393 3345 2538 3399 enim
2574 3343 2763 3400 eadem
2808 3359 2898 3398 res
2935 3351 2990 3399 et
3018 3352 3125 3400 stat
3149 3351 3203 3400 et
3237 3360 3357 3400 mo-

1793 3443 1970 3502 vetur,
2005 3443 2100 3490 aut
2131 3452 2238 3491 non
2293 3443 2404 3491 stat
2459 3451 2561 3491 nec
2617 3437 2902 3491 movetur?
2959 3437 3115 3506 181
3178 3438 3355 3508 primo

1793 3527 2013 3598 quidem
2041 3542 2152 3581 non
2201 3535 2414 3597 oportet
2461 3527 2644 3582 divina
2703 3543 2769 3584 ex
2822 3529 3118 3584 sensilibus
3148 3529 3354 3585 intelli-

1789 3637 1936 3691 gere.
1967 3628 2060 3675 aut
2088 3621 2372 3716 ignagines,
2427 3637 2522 3676 seu
2565 3621 2776 3692 species
2820 3619 2945 3676 inde
2974 3637 3212 3678 sumere.
3275 3622 3354 3679 Ne

1787 3722 1968 3770 autem
2002 3713 2283 3768 videamur
2311 3729 2502 3768 carere
2559 3713 2947 3784 responsione,
2990 3713 3229 3770 diximus
3257 3731 3350 3772 su-

1786 3806 1992 3875 perius,
2033 3812 2234 3860 statum
2284 3821 2406 3861 esse
2459 3806 2861 3876 generationem
2888 3845 2903 3869 ,
2941 3814 3146 3861 motum
3197 3823 3349 3872 vero,

1787 3895 2163 3951 alterationem
2229 3911 2324 3950 seu
2386 3897 2766 3952 mutationem.
2823 3895 3012 3967 Itaque
3065 3897 3211 3954 Deus
3266 3909 3346 3955 est

1784 3986 2028 4040 omnium
2075 3985 2390 4056 generatio;
2458 3985 2572 4038 haec
2602 3986 2746 4040 enim
2808 4002 3022 4056 semper
3073 3989 3346 4057 producit,

1785 4077 1970 4146 sicque
1991 4085 2098 4131 stat
2129 4075 2289 4131 Deus.
2345 4075 2549 4130 Contra
2606 4091 2734 4130 vero
2772 4086 3039 4142 movetur,
3070 4078 3197 4148 quia
3225 4094 3346 4134 om-

1783 4170 1872 4224 nia
1920 4167 2271 4222 transformat
2300 4175 2355 4221 et
2410 4173 2585 4219 mutat
2640 4165 2697 4220 in
2753 4167 2969 4230 melius,
3022 4183 3120 4238 per
3165 4169 3343 4239 ipsum

1780 4259 1924 4315 enim
1961 4256 2302 4328 pulchriores
2349 4255 2541 4324 ﬁmus;
2593 4258 2823 4328 ideoque
2867 4259 3029 4328 paulo
3058 4271 3182 4316 ante
3211 4262 3344 4317 dicit

1780 4352 1848 4407 de
1907 4365 1972 4406 eo
2019 4350 2236 4405 divinus
2288 4347 2607 4420 Dionysius,
2661 4351 2892 4403 omnium
2935 4368 3109 4406 rerum
3147 4356 3345 4422 princi-

101 4478 231 4527 σιος,
266 4438 516 4515 πάντων
534 4455 690 4525 ἀρχὴ
718 4453 813 4508 καί
833 4451 1080 4519 τελευτὴ
1110 4449 1227 4504 τῶν
1258 4450 1464 4503 ὄντων·
1493 4446 1554 4499 τὸ
1572 4447 1680 4518 γὰρ

1798 4443 1922 4496 vitam
1962 4450 2012 4494 et
2041 4440 2182 4509 ﬁnis.
2220 4438 2358 4492 Illud
2393 4440 2560 4505 enim,
2604 4456 2764 4509 neque
2809 4449 2947 4504 stat,
2984 4458 3144 4512 neque
3174 4461 3344 4499 move-

95 4557 234 4608 οὐτε
291 4551 486 4616 ἑστὼς
510 4589 526 4612 ,
574 4548 708 4601 οὔτε
774 4545 1141 4614 κινούμενος,
1198 4539 1259 4593 τὺ
1307 4539 1443 4611 πρὸς
1487 4535 1672 4601 αὑτοῦ,

1798 4543 1889 4595 ταν,
1917 4530 1969 4584 id
2003 4527 2148 4599 quod
2189 4527 2369 4597 ipsum
2415 4527 2692 4598 praecedit,
2736 4528 2996 4598 exponit,
3038 4510 3092 4584 in
3127 4549 3182 4586 se
3228 4549 3345 4587 ma-

96 4643 384 4715 ἑξηγεῖται
436 4641 499 4693 τὸ
544 4637 743 4708 μένων
907 4633 1147 4696 ἑαυτοῦ,
1205 4631 1301 4684 καί
1351 4629 1450 4682 ἐπὶ
1481 4627 1676 4682 πάντα

92 4733 366 4802 προιών·
424 4729 747 4804 μεταδίδωσι
801 4726 910 4800 γὰρ
967 4727 1100 4779 πᾶσι
1148 4725 1261 4786 τοῖς
1306 4717 1424 4775 οὖσι
1473 4721 1573 4791 τῆς
1598 4720 1674 4772 ol-

92 4826 249 4888 κείας
279 4825 557 4896 ὁλότητος,
615 4821 712 4874 καὶ
741 4820 1007 4892 ἄτρεπτος
1061 4817 1152 4871 καὶ
1197 4813 1548 4875 ἀναλλοίωτος
1571 4813 1671 4865 αὐ·-

89 4918 178 4980 τὸς
234 4918 362 4970 ἐστι
425 4913 569 4968 κατὰ
621 4912 682 4964 τὸ
710 4910 1023 4982 είρημὲνονα
1056 4907 1144 4963 Σὺ
1183 4905 1250 4960 δὲ
1290 4907 1323 4958 ό
1367 4903 1548 4969 αὐτὸς
1596 4903 1668 4958 εἷ.

89 5009 312 5062 Οὐκοῦν
386 5007 483 5060 καὶ
547 5003 758 5076 πρόεισι
856 5003 951 5055 καὶ
1011 5003 1098 5070 ἐφ’
1162 4995 1355 5052 ἑαυτοῦ
1435 4994 1584 5066 μένει
1641 4996 1672 5048 6

85 5101 242 5164 Θεὸς.

159 5191 325 5244 Οὔτε
347 5190 414 5243 ἐν
437 5204 552 5241 τινι
581 5183 699 5238 τῶν
723 5183 930 5238 ὄντων.
945 5214 1010 5224 -
1034 5183 1154 5235 οὐκ
1177 5181 1247 5234 ἐν
1275 5196 1389 5233 τινι
1411 5173 1587 5231 εἶπεν·
1613 5177 1670 5230 ἐν

86 5285 222 5336 πᾶσι
253 5280 393 5352 γὰρ,
415 5280 509 5333 καὶ
537 5277 626 5332 διὰ
648 5277 707 5329 τὸ
732 5277 788 5328 ὲν
817 5275 978 5328 πᾶσιν
1004 5273 1226 5342 ἄσχετον
1246 5287 1259 5301 ·
1291 5272 1537 5334 αἰωνίως
1564 5267 1674 5337 γὰρ

86 5374 274 5435 ὄντα,
309 5373 412 5434 τὰς
442 5367 843 5441 ὑπερκοσμίους
883 5365 1048 5435 φησὶν
1087 5363 1304 5425 οὐσίας,
1334 5361 1422 5414 διά
1462 5359 1523 5412 τὸ
1565 5357 1671 5429 πρὸ

181 5524 225 5547 ³
260 5513 418 5570 Psal.
453 5527 612 5567 chVt
634 5550 650 5575 ,
684 5509 736 5564 5.

835 5517 861 5544 ιι
896 5504 1027 5560 Luc.
1068 5521 1108 5562 ι,
1143 5504 1231 5558 53.
1301 5509 1326 5537 °
1361 5499 1518 5554 Rom.
1556 5513 1633 5561 ιι,
1669 5497 1737 5551 56

1779 4642 1904 4680 nens
1930 4632 1981 4678 et
2026 4621 2094 4676 ad
2142 4621 2320 4675 omnia
2367 4620 2746 4691 progrediens;
2800 4624 3168 4679 communicat
3195 4626 3341 4681 enim

1778 4715 2032 4771 omnibus
2054 4713 2216 4769 rebus
2236 4713 2601 4783 integritatem
2631 4711 2926 4781 pr0priam,
2948 4721 3002 4768 et
3026 4713 3140 4784 ipse
3168 4731 3342 4785 neque

1775 4813 2041 4868 mutatur,
2073 4820 2249 4874 neque
2289 4806 2574 4866 alteratur,
2611 4803 2768 4872 juxta
2827 4801 3167 4874 Scripturam
3201 4824 3216 4862 :
3262 4806 3340 4860 Tn

1776 4907 1950 4952 autem
1981 4897 2116 4952 idem
2165 4897 2278 4965 ipse
2310 4913 2364 4951 es
2395 4907 2422 4946 ιι
2451 4936 2466 4951 .
2491 4893 2634 4966 Ergo
2665 4893 2806 4951 Deus
2836 4904 2890 4952 et
2917 4898 3261 4968 progreditur
3285 4907 3338 4952 et

1776 4993 1832 5047 in
1855 4992 2036 5061 seipso
2079 5001 2284 5046 manet.

1844 5165 1954 5221 Nec
1979 5179 2056 5220 est
2078 5165 2132 5218 in
2155 5163 2335 5236 aliqua
2355 5180 2535 5219 eorum
2561 5179 2678 5233 qua:
2705 5160 3045 5217 sunt—Non
3069 5169 3143 5216 est
3167 5161 3219 5215 in
3242 5161 3336 5213 ali-

1770 5277 1892 5332 qua,
1923 5259 2086 5322 dixit;
2112 5274 2242 5312 nam
2272 5259 2327 5312 in
2349 5257 2600 5313 omnibus
2623 5263 2727 5321 est,
2757 5263 2810 5310 et
2838 5255 2892 5310 in
2923 5255 3073 5308 nullo
3107 5253 3334 5307 detineri

1771 5360 1978 5422 potest;
2011 5368 2131 5422 qua:
2157 5354 2296 5405 enim
2334 5359 2456 5405 sunt
2489 5359 2705 5415 (eterna,
2739 5345 3207 5419 supermundanas
3250 5344 3342 5398 in-

1857 5506 1884 5544 p
1915 5493 2064 5551 Psal.
2100 5509 2177 5558 cr,
2210 5493 2300 5548 28.
2356 5463 2363 5470 .

984 5676 1215 5733 VARUS
1257 5670 1636 5730 LECTIONES
1672 5667 1758 5723 ET
1793 5665 2348 5725 CORRECTIONES.

186 5868 237 5900 ⁸ο
270 5861 416 5929 φησὶ
446 5858 630 5933 παρὼν
665 5854 785 5911 καθ’
811 5858 1058 5910 ἕκαστον.

1155 5851 1198 5883 ³ο
1227 5848 1569 5914 συγκρατιιϊν.
1640 5843 1681 5876 ³⁸
1708 5843 1931 5914 ἔννοιαν.
