3882 6532
553 418 657 475 535

1329 415 1666 472 APPENDIX
1701 417 1791 471 AD
1824 412 2045 473 OPERA
2080 416 2136 473 S.
2178 416 2472 473 DIONYSII
2506 417 2986 476 AREOPACITE.
3666 423 3755 485 356

554 531 748 603 tellig'tt
777 532 1066 595 essentias,
1105 535 1236 601 quia
1283 533 1387 587 illa:
1430 531 1650 588 fuerunt
1689 542 1816 589 ante
1855 534 2105 605 tempbris

2221 535 2319 607 τῆς
2343 536 2436 590 τοῦ
2464 536 2652 609 χρόνου
2690 537 2901 607 φύσεως
2944 536 3194 607 γενέσθαι
3223 540 3421 604 αὐτάς·
3454 541 3635 614 χρόνος
3663 549 3757 615 γάρ

555 632 838 691 naturam;
886 639 1011 678 nam
1062 630 1277 694 tempus
1327 640 1358 678 a
1404 628 1682 682 creatione
1722 628 1846 682 caeli
1875 636 1929 683 et
1959 634 2119 682 terra:

552 723 893 772 numeratur.

623 806 690 860 Et
716 806 782 860 ab
813 807 879 860 iis
906 823 1024 877 qum
1057 817 1181 863 sunt
1217 810 1274 862 in
1303 818 1551 880 tempore.
1588 808 1802 864 Dictum
1831 813 1994 865 etiam
2025 825 2119 865 sn-

551 900 756 970 perius,
787 908 1050 954 aeternum
1097 902 1317 971 proprie
1350 902 1479 967 dici,
1530 891 1653 956 non
1683 902 1856 972 ipsam
1900 903 2118 957 aeterni-

548 998 738 1052 tatem.
763 990 859 1047 sed
886 990 1033 1060 quod
1064 993 1422 1047 aeternitatem
1438 993 1745 1064 participat.
1762 991 1897 1048 Illud
1909 1002 2112 1059 autem,

548 1078 747 1151 aliquid
801 1080 1075 1144 convenit,
1138 1081 1382 1151 intellige
1437 1082 1738 1137 secundum
1796 1085 2113 1139 essentiam.

546 1170 697 1226 Nota
716 1187 866 1237 vero,
896 1171 1162 1243 quasdam
1211 1189 1301 1229 res
1332 1189 1455 1228 esse
1494 1182 1750 1237 aeternas,
1783 1184 1842 1229 ut
1871 1177 2112 1247 angelos,

542 1273 599 1320 et
629 1281 739 1321 non
770 1264 1025 1336 protinus
1064 1280 1189 1321 esse
1227 1264 1488 1335 principii
1535 1280 1732 1335 expers
1768 1265 1915 1337 quod
1957 1276 2116 1322 aeter—

545 1374 677 1414 num
702 1367 822 1424 est;
854 1357 909 1411 in
940 1357 1189 1427 sequenti
1216 1365 1394 1413 autem
1422 1358 1601 1427 capite
1626 1358 1808 1412 statim
1835 1358 1889 1414 in
1911 1361 2118 1429 princi-

544 1449 636 1518 pio
663 1449 828 1505 etiam
863 1448 920 1503 in
948 1447 1059 1504 Deo
1089 1449 1261 1503 utitur
1286 1448 1523 1504 dictione
1552 1450 1758 1504 wterni.

615 1540 687 1595 Et
715 1556 973 1596 mensura:
999 1556 1195 1596 rerum.
1239 1539 1508 1597 Mensura:
1535 1557 1716 1597 rerum
1753 1551 1880 1597 sunt
1904 1544 2117 1599 aeterni-

543 1639 685 1690 tates
726 1633 1173 1705 intelligibilium,
1205 1641 1261 1688 et
1290 1641 1506 1704 tempus
1552 1636 1875 1702 sensilium;
1915 1637 2115 1692 intelli~

543 1726 736 1796 gibiiia
759 1726 904 1782 enim
936 1726 1082 1782 velut
1109 1741 1365 1783 mensura
1382 1726 1685 1783 aeternitate
1701 1740 2110 1795 mensurantur,

543 1819 647 1875 etsi
704 1818 894 1875 eodem
954 1819 1175 1874 nomine
1243 1834 1365 1889 quae
1426 1829 1814 1875 mensurantur
1869 1827 1924 1874 et
1967 1820 2110 1890 quod

2222 628 2329 680 ἀπὸ
2356 629 2453 699 τῆς
2482 626 2574 682 τοῦ
2605 628 2833 701 οὐρανοῦ
2867 630 2960 685 καὶ
2991 630 3096 703 γῆς
3125 632 3394 710 ποιήσεως
3418 632 3726 706 ἀριθμεῖται.

2294 799 2372 855 Ἥ
2396 798 2515 853 τῶν
2538 800 2847 870 χρονικῶς.
2879 804 3108 875 Εἴρηται
3141 798 3236 858 καὶ
3261 804 3305 837 ⁸⁸
3330 806 3615 880 ἀνωτέρω,
3643 811 3753 864 αἰώ-

2218 908 2328 945 νιον
2357 891 2608 961 λέγεσθαι
2639 894 2839 965 κυρίως
2869 895 2968 948 οὐκ
2998 895 3161 949 αὑτὸν
3189 898 3281 952 τὸν
3315 896 3486 952 αἰῶνα
3504 939 3519 965 ,
3560 899 3685 955 ἀλλὰ
3708 903 3758 955 τδ

2217 982 2412 1048 αἰῶνος
2432 984 2676 1055 μετέχον.
2712 986 2785 1040 Τὸ
2807 987 2865 1041 δὲ
2893 988 3185 1057 προσήκει
3216 1007 3271 1044 τι
3319 991 3510 1061 νόησον
3545 994 3655 1045 κατ’
3679 994 3754 1045 οὐ·

2219 1073 2358 1127 σίαν.
2388 1075 2697 1147 Σημείωσαι
2722 1077 2782 1131 δὲ
2801 1118 2816 1143 ,
2852 1079 2932 1134 ὅτι
2963 1080 3071 1133 εἰσί
3095 1093 3212 1135 τινα
3242 1081 3349 1135 τῶν
3378 1082 3547 1136 ὅντων
3570 1083 3753 1150 αἰώνια,

2215 1156 2326 1217 οἷον
2358 1164 2577 1234 ἄγγελοι
2598 1185 2610 1197 ·
2645 1168 2737 1221 καὶ
2775 1168 2858 1222 ὅτι
2893 1169 2954 1223 οὐ
2986 1169 3048 1223 τὸ
3077 1169 3313 1236 αἰώνιον,
3351 1170 3452 1244 ῆδη
3493 1172 3587 1225 καὶ
3614 1172 3754 1245 ἀναρ-

2215 1272 2329 1326 χον.
2370 1257 2455 1310 Ἐν
2486 1258 2542 1313 δὲ
2568 1258 2646 1331 τῷ
2683 1260 2878 1332 ἑφεξῆς
2915 1261 3195 1333 κεφαλαίῳ
3221 1262 3382 1327 εὐθὺς
3411 1265 3472 1317 ὲν
3499 1263 3668 1336 ἀρχῇ,
3697 1267 3752 1336 τῇ

2217 1347 2321 1402 τοῦ
2344 1348 2585 1403 αἰωνίου
2613 1353 2763 1424 φωνῇ
2787 1352 2881 1405 καὶ
2910 1349 3007 1404 ἐπὶ
3038 1350 3131 1405 τοῦ
3156 1351 3289 1406 Θεοῦ
3321 1354 3604 1426 κέχρηται.

2282 1520 2392 1577 Καὶ
2418 1521 2493 1579 τὰ
2518 1521 2636 1578 τῶν
2659 1522 2847 1577 ὄντων
2860 1524 3067 1594 μέτρα.
3094 1526 3286 1598 Μέτρα
3305 1527 3415 1581 τῶν
3444 1527 3614 1583 όντων
3637 1531 3754 1586 εἰσὶν

2212 1613 2262 1667 οἰ
2292 1613 2484 1677 αἰῶνες
2508 1613 2616 1668 τῶν
2657 1614 2882 1686 νοητῶν,
2922 1617 3017 1669 καὶ
3045 1618 3074 1670 ὁ
3106 1616 3294 1687 χρόνος
3323 1617 3432 1671 τῶν
3464 1618 3749 1690 αἰσθητιῖιν·

2212 1704 2279 1759 τά
2301 1704 2411 1777 γὰρ
2432 1705 2596 1776 νοητά
2617 1746 2632 1771 ,
2666 1706 2743 1769 ῶς
2773 1706 2878 1761 ὑπὸ
2907 1707 3104 1780 μέτρου
3134 1710 3410 1780 μετρεῖται
3438 1710 3536 1764 τοῦ
3564 1712 3750 1778 αἰῶνος,

2214 1794 2262 1845 εἰ
2292 1794 2386 1847 καὶ
2413 1795 2717 1866 ὁμωνύμως
2743 1795 2823 1867 τῷ
2851 1796 3135 1868 μετροῦντι
3167 1799 3325 1853 αἰῶνι
3345 1801 3440 1854 καὶ
3462 1801 3533 1856 τὰ
3557 1804 3751 1875 μετρού-

542 1917 827 1966 mensurat
878 1908 1181 1977 afﬁciatur;
1230 1910 1410 1981 angeli
1456 1911 1599 1966 enim
1639 1917 1907 1965 vocantur
1947 1912 2105 1965 etiam

2218 1901 2355 1954 μενα
2381 1885 2627 1954 λέγονται
2644 1903 2658 1917 ο
2694 1887 2886 1951 αἰῶνες
2915 1887 3025 1959 γὰρ
3052 1888 3295 1957 λέγονται
3323 1892 3415 1945 καὶ
3440 1893 3493 1945 οἰ
3519 1894 3717 1962 ἄγγελοι
3736 1912 3748 1927 ο

542 2002 877 2059 aeternitates
906 2018 919 2053 :
955 2001 1029 2056 ita
1057 2009 1111 2057 et
1142 2017 1266 2058 eum
1304 2002 1621 2066 sensilibus,
1652 2017 1774 2072 qua:
1800 2002 1944 2057 enim
1977 2012 2111 2058 tem-

544 2106 677 2162 pore
728 2100 1115 2149 mensurantur
1176 2093 1366 2150 eodem
1414 2108 1541 2148 cum
1592 2101 1837 2164 tempore
1891 2093 2111 2149 nomine

544 2184 914 2255 appellantur;
947 2195 1008 2241 ut
1048 2192 1229 2241 motus
1265 2191 1538 2240 astrorum
1568 2195 1621 2240 et
1659 2185 1818 2253 solis,
1848 2193 2109 2241 etaetatcs

542 2274 966 2347 vitantempore
994 2276 1139 2332 enim
1170 2284 1523 2343 mensurataz,
1559 2286 1803 2347 tempora
1824 2275 2104 2332 dicuntur.

1122 2405 1192 2460 ΙΝ
1232 2406 1385 2463 CAP.
1425 2407 1515 2463 Vl.

614 2523 643 2596 §
684 2525 726 2579 1.
768 2520 852 2577 Ex
880 2525 1265 2578 conservatrice
1297 2536 1484 2579 causa.
1530 2520 1758 2578 Vocavit
1798 2525 2103 2595 συνοχικήν,

539 2616 668 2686 quia
696 2628 809 2669 non
840 2622 1049 2668 tantum
1077 2627 1266 2667 eorum
1294 2624 1415 2682 qua!
1446 2620 1594 2677 sunt,
1620 2614 1788 2667 vitam
1828 2614 2103 2685 produxit,

540 2702 634 2762 sed
665 2705 829 2760 etiam
863 2711 924 2758 ut
956 2712 1301 2774 perseverent
1340 2710 1649 2760 conservat.

616 2795 699 2852 Et
713 2798 826 2867 ipsa
852 2797 1012 2851 etiam
1040 2798 1251 2851 animus.
1303 2793 1436 2851 Post
1480 2795 1796 2866 angelorum
1817 2797 1983 2850 vitam
2013 2812 2105 2850 or-

538 2889 665 2947 dine
691 2891 842 2960 ponit
872 2889 1177 2944 animarum
1215 2888 1374 2960 182
1416 2897 1751 2949 nostrarum,
1796 2896 1983 2960 utpote
2015 2903 2105 2943 ra-

538 2982 687 3038 tione
710 2982 1067 3053 praeditarum
1097 2982 1598 3049 immortalitatem;
1626 2990 1682 3037 at
1708 2990 1834 3053 post
1862 2983 2105 3036 rationa-

536 3073 617 3128 les
673 3075 908 3136 animas,
956 3072 1177 3127 adducit
1215 3071 1474 3143 deinceps
1520 3073 1689 3127 vitam
1739 3088 1929 3128 eorum
1982 3086 2104 3144 quae

538 3165 800 3220 sensitiva
852 3165 1033 3219 anima
1069 3172 1124 3221 et
1170 3164 1460 3228 nutritiva,
1511 3178 1608 3219 seu
1652 3166 1956 3235 vegetativa
2004 3181 2101 3219 seu

2209 1975 2352 2029 οὕτω
2380 1978 2475 2031 καὶ
2505 1978 2599 2031 ἐπὶ
2624 1977 2731 2031 τῶν
2760 1978 3034 2050 αἰσθητῶν
3053 1997 3066 2010 ·
3094 1979 3164 2035 τά
3191 1981 3299 2054 γὰρ
3332 1984 3662 2057 μετρούμενα
3686 1986 3751 2058 τῷ

2210 2068 2385 2140 χρόνῳ
2415 2070 2719 2144 ὁμωνρμως
2738 2069 2918 2142 χρόνοι
2946 2070 3225 2141 λέγονται,
3258 2074 3335 2138 ὡς
3365 2076 3462 2129 καὶ
3492 2077 3527 2146 ή
3567 2078 3752 2149 κίνησις

2207 2161 2317 2214 τῶν
2344 2160 2577 2234 ἄστρων,
2603 2161 2809 2216 καὶτοῦ
2843 2163 3016 2236 ῆλίου,
3041 2165 3134 2219 καὶ
3168 2167 3221 2219 οἰ
3252 2164 3383 2236 βίοι·
3423 2168 3750 2242 μετρούμενοι

2207 2251 2317 2323 γὰρ
2352 2252 2459 2306 ὑπὸ
2486 2252 2677 2325 χρόνου
2699 2292 2714 2317 ,
2743 2254 2925 2326 χρόνοι
2953 2254 3219 2322 λέγονται.

2671 2384 2780 2441 ΕΙΣ
2813 2388 2900 2442 το
2937 2388 3185 2441 ΚΕΦΑΛ.
3227 2387 3314 2458 q'.

2276 2501 2304 2572 ᾗ
2342 2503 2382 2555 ῐ.
2418 2499 2529 2556 Καὶ
2554 2500 2891 2571 συνοχικῆς
2915 2502 3124 2568 αἰτίας.
3154 2503 3446 2575 Συνοχικὴν
3476 2503 3748 2577 ὠνόμασεν,

2206 2593 2281 2657 ὡς
2302 2593 2400 2665 τὴν
2430 2591 2572 2664 ζωὴν
2602 2592 2709 2647 τῶν
2737 2595 2794 2647 ὲν
2826 2596 2938 2657 τοῖς
2966 2591 3118 2647 οὖσιν
3149 2595 3211 2647 οὐ
3243 2596 3404 2666 μόνον
3441 2596 3750 2669 δημιουργή-

2209 2703 2398 2751 σασαν,
2429 2686 2564 2740 ἀλλά
2593 2687 2687 2740 καὶ
2717 2687 2797 2750 εἰς
2824 2686 2884 2739 τὸ
2910 2686 3181 2758 διαμένειν
3213 2688 3555 2759 συνέχουσαν.

2222 2770 2225 2771 ν
2293 2778 2395 2843 Ἐξ
2429 2777 2619 2846 αὐτῆς
2639 2779 2735 2833 καὶ
2768 2780 2828 2832 αἱ
2850 2779 3063 2847 ψυχαί.
3090 2780 3246 2833 Μετά
3272 2781 3371 2854 τὴν
3401 2782 3511 2835 τῶν
3531 2783 3748 2853 ἀγγέλων

2205 2867 2367 2939 ζωὴν,
2396 2868 2703 2933 ἀκολούθως
2740 2869 2923 2922 τάττει
2968 2868 3064 2941 τὴν
3102 2869 3210 2923 τῶν
3254 2873 3537 2945 ἡμετέρων
3565 2874 3747 2944 ψυχῶν,

2204 2958 2299 3012 ἆτε
2328 2960 2423 3013 καὶ
2456 2958 2686 3029 λογικῶν
2723 2960 2897 3014 οὐσῶν
2926 2962 3223 3018 ἀθανασίαν
3246 2981 3259 2995 ·
3297 2965 3435 3035 μετά
3469 2966 3527 3019 δὲ
3561 2965 3652 3028 τὰς
3676 2965 3750 3017 λο-

2203 3051 2365 3118 γικὰς
2401 3049 2613 3120 ψυχὰς,
2644 3050 2843 3120 ἐπάγει
2872 3051 3053 3106 λοιπὸν
3085 3053 3183 3126 τὴν
3225 3052 3368 3126 ζωὴν
3397 3055 3495 3126 τῆς
3528 3055 3746 3125 αἰσθητι-

2205 3141 2306 3211 κῆς
2341 3139 2521 3210 ψυχῆς
2543 3178 2559 3204 ,
2592 3141 2687 3193 καὶ
2712 3141 2811 3211 τῆς
2844 3141 3143 3214 θρεπτικῆς
3163 3184 3179 3210 ,
3210 3145 3331 3215 ῆτοι
3365 3146 3618 3217 φυτικῆς,
3647 3147 3747 3216 ῆτοι

538 3256 822 3311 brutorntn
850 3264 905 3310 et
936 3255 1244 3325 plantarum
1290 3262 1560 3320 constant,
1590 3232 1743 3325 quasi
1765 3255 1839 3309 ait
1864 3262 2105 3311 extremo

2212 3232 2314 3285 τῶν
2352 3232 2580 3300 ἀλόγων,
2622 3232 2714 3285 καὶ
2745 3233 2852 3287 τῶν
2903 3234 3105 3304 φυτῶν,
3138 3234 3206 3299 ἀς
3245 3236 3340 3290 καὶ
3387 3239 3509 3291 κατ’
3548 3237 3746 3307 ἔσχατον

535 3346 771 3417 vestigio
817 3345 988 3417 (quod
1026 3360 1169 3417 saepe
1208 3354 1367 3400 antea
1414 3346 1787 3415 exposuimus)
1817 3345 1925 3399 vita
1976 3345 2099 3401 frui.

537 3435 710 3494 Porro
734 3439 856 3494 vitae
878 3440 1162 3494 brutorum
1185 3447 1238 3493 et
1265 3440 1568 3509 plantarum
1596 3452 1703 3493 non
1733 3444 1862 3493 sunt
1885 3437 2101 3502 divinae,

539 3530 634 3589 sed
663 3532 807 3603 ignis
846 3524 1149 3587 materialis
1179 3545 1243 3585 ac
1272 3530 1535 3601 Spiritus;
1570 3529 1638 3586 de
1662 3528 1750 3585 his
1782 3529 1948 3600 igitur
1971 3531 2103 3586 solis

537 3625 821 3690 extremis,
858 3624 1000 3680 sicut
1028 3623 1236 3678 dictum
1268 3631 1373 3685 est,
1404 3622 1556 3697 vitis,
1578 3621 1940 3697 inquit,Jllnd
1997 3621 2104 3676 Da-

539 3715 679 3771 vidis
719 3710 1129 3786 intelligendum
1158 3725 1243 3770 est
1275 3712 1533 3785 :Auferes
1588 3716 1831 3784 spiritum
1873 3725 2018 3769 tuum
2051 3725 2100 3771 et

536 3807 801 3878 deﬁcient,
832 3816 883 3862 et
924 3806 979 3861 in
1007 3806 1271 3876 pulverem
1313 3824 1465 3861 suum
1501 3816 1839 3863 revertentur.
1880 3807 2099 3863 Emitte:

541 3895 784 3962 spiritum
840 3911 986 3954 tuum
1028 3907 1078 3954 et
1126 3900 1472 3967 creabantur,
1518 3909 1566 3955 et
1593 3900 1863 3955 renovabis
1913 3900 2100 3970 faciam

537 4003 691 4048 terra:
710 4003 763 4049 ιι.
806 3991 883 4048 De
914 3992 1029 4048 sola
1066 3993 1211 4047 enim
1250 3993 1429 4046 anima
1472 3992 1730 4048 sensitiva
1765 4003 1819 4048 et
1866 3993 1976 4047 vita
2008 4009 2098 4049 ve-

533 4087 767 4155 getativa
797 4082 1018 4140 divinus
1040 4082 1332 4156 Dionysius
1367 4083 1481 4138 haec
1520 4083 1704 4138 divina
1743 4081 1902 4139 effata
1942 4097 2099 4139 acce-

534 4178 631 4247 pit.
667 4175 802 4231 Nam
832 4176 900 4232 de
922 4174 1033 4231 vita
1059 4174 1476 4247 intelligibilium
1515 4180 1609 4230 aut
1638 4184 1848 4240 nostra,
1875 4174 2097 4231 minime

535 4270 650 4325 haec
697 4268 984 4341 intelligit;
1036 4268 1303 4339 siquidem
1360 4278 1485 4322 cum
1534 4264 1679 4322 Deus
1729 4268 1892 4321 vitam
1955 4267 2098 4322 hanc

531 4361 893 4418 essentialiter
938 4361 1299 4417 immortalem
1336 4360 1538 4415 crearit
1566 4399 1580 4417 .
1621 4373 1799 4429 neque
1844 4357 2097 4429 inteiligi—

532 4452 733 4508 bilibus
758 4490 773 4518 ,
815 4466 990 4523 neque
1029 4452 1227 4508 animis
1266 4451 1472 4507 nostris
1510 4463 1697 4505 eorum
1750 4447 1957 4505 auferet
1997 4449 2096 4503 ali-

531 4541 753 4611 quando
781 4541 973 4604 vitam,
998 4536 1255 4611 quoniam
1291 4554 1469 4609 neque
1496 4541 1749 4594 essentia:
1776 4544 1967 4606 erunt;
1996 4539 2090 4595 sed

2204 3324 2474 3395 ἀπήχημά
2502 3340 2681 3393 φησιν,
2717 3324 2853 3397 ὅπερ
2896 3327 3006 3380 ἄνω
3034 3325 3289 3391 πολλάκις
3326 3327 3743 3399 ἡρμηνεύσαμεν.

2203 3417 2269 3469 Αἰ
2294 3416 2350 3469 δὲ
2376 3415 2513 3481 ζωαὶ
2541 3414 2650 3469 τῶν
2674 3416 2883 3485 ἀλόγων
2907 3417 3127 3470 καὶτῶν
3149 3417 3330 3487 φυτῶν
3349 3420 3449 3472 οὐκ
3474 3420 3577 3472 εἰσί
3606 3419 3745 3483 θεῖαι,

2203 3508 2337 3563 ἀλλά
2358 3507 2451 3561 τοῦ
2473 3508 2659 3561 ὲνύλου
2685 3509 2852 3579 πυρός
2894 3525 2953 3562 τε
2990 3511 3083 3563 καὶ
3119 3509 3445 3581 πνεύματος.
3481 3512 3612 3583 Περί
3638 3507 3744 3563 τοῦ·

2200 3617 2309 3654 των
2334 3595 2427 3654 οὖν
2456 3599 2629 3671 μόνων
2650 3598 2757 3653 τῶν
2786 3600 3048 3670 ἐσχάτων,
3078 3600 3154 3665 ὡς
3172 3602 3403 3674 εἴρηται,
3432 3601 3582 3667 ζωῶν
3630 3618 3743 3672 φησι

2200 3690 2261 3744 τὸ
2310 3674 2405 3744 τοῦ
2463 3689 2627 3745 Δαόὶδ
2667 3691 2950 3762 εἰρῆσθαι·
3015 3691 3378 3759 Ἀντανελεῖς
3419 3691 3486 3745 τὸ
3536 3687 3745 3760 πνεῦμά

2200 3799 2315 3838 σου
2336 3783 2402 3847 ³³,
2439 3783 2539 3837 καὶ
2578 3783 2955 3852 ἐπιλείψουσι,
2985 3782 3083 3837 καί
3114 3785 3201 3849 εἰς
3228 3783 3335 3836 τὸν
3381 3784 3534 3852 χοῦν
3571 3782 3747 3837 αὐτῶν

2198 3868 2688 3937 ἐπιστρέφουσιν.
2743 3870 3195 3937 Ἐξαποστελεῖς
3239 3870 3304 3925 τὸ
3354 3868 3589 3941 πνεῦμά
3624 3886 3743 3933 σου,

2198 3963 2296 4017 καὶ
2334 3961 2755 4028 κτισθήσονται
2772 4002 2787 4027 ,
2818 3963 2915 4016 καὶ
2946 3961 3311 4041 ἀνακαινιεῖς
3338 3963 3405 4016 ti)
3444 3964 3745 4032 πρόσωπον

2198 4055 2307 4125 τῆς
2332 4055 2475 4126 τῆς·
2504 4055 2598 4108 ἐπὶ
2623 4054 2731 4127 γὰρ
2762 4054 3085 4127 αἰσθητικῆς
3119 4054 3284 4126 μόνης
3314 4052 3492 4125 ψυχῆς
3539 4054 3629 4108 καὶ
3661 4050 3746 4122 τῆς

2198 4150 2427 4218 φυτικῆς
2459 4146 2603 4219 ζωῆς
2630 4145 3056 4222 ταῦταβέχεται
3086 4145 3155 4200 τὰ
3194 4146 3313 4200 θεῖα
3336 4145 3492 4214 λόγια
3533 4146 3562 4200 ό
3595 4146 3746 4217 μέῖάς

2196 4239 2497 4303 Διονύσιος·
2544 4240 2673 4311 περί⁸
2718 4237 2828 4311 γὰρ
2864 4238 2964 4309 τῆς
3010 4236 3118 4291 τῶν
3166 4238 3370 4308 νοητῶν
3407 4236 3554 4309 ζωῆς
3592 4234 3745 4308 ila-ﬁ;

2196 4330 2318 4384 καθ’
2351 4331 2498 4403 ἡμᾶς
2527 4330 2589 4383 οὐ
2629 4332 2740 4384 νοεῖ
2769 4328 2969 4383 ταῦτα·
3001 4329 3099 4401 τὴν
3128 4329 3237 4401 γὰρ
3267 4329 3411 4401 ζωὴν
3441 4331 3639 4400 ταύτην
3668 4336 3744 4381 ου-

2196 4423 2403 4486 σιωδῶς
2438 4422 2847 4494 δημιουργήσας
2897 4423 2978 4487 εἰς
3026 4421 3320 4477 ἀθανασίαν
3366 4424 3395 4475 ὁ
3441 4422 3599 4487 Θεὸς,
3646 4418 3743 4483 τοῖς

2194 4518 2401 4586 νοητοῖς
2430 4514 2525 4568 καὶ
2554 4517 2672 4579 ταῖς
2709 4514 2907 4584 ψυχαῖς
2936 4514 3093 4586 ἡμῶν
3125 4516 3224 4568 οὐκ
3257 4512 3322 4568 ἂν
3364 4515 3550 4584 ἀφέλοι
3585 4513 3742 4569 αὐτῶν

575 4586 750 4596 --.._-
793 4586 973 4604 .--_...,
1040 4586 1255 4595 ..--.._...
1293 4586 1467 4609 ..-νη
1500 4586 1748 4594 ---ν-η..
1779 4586 1967 4606 ------,
1996 4586 2090 4595 ---

532 4586 600 4689 de
626 4586 1371 4688 animantibus‘iterrestribus
1401 4630 1682 4687 renovatis
1708 4631 1951 4702 loquitur
1984 4630 2090 4685 Da-

2212 4608 2255 4660 τὸ
2293 4607 2392 4679 ζῇν
2416 4623 2430 4639 ·
2471 4607 2594 4660 ἐπεὶ
2634 4606 2753 4661 οὐδὲ
2801 4608 2979 4662 οὐσίαι
3026 4607 3267 4672 ἔσονται,
3313 4607 3448 4662 ἀλλὰ
3496 4611 3588 4661 καὶ
3633 4604 3743 4676 περί.

531 4724 644 4788 vid,
673 4740 783 4778 non
812 4738 938 4779 vero
968 4723 1036 4778 de
1060 4722 1147 4779 his
1174 4740 1188 4777 :
1235 4732 1397 4794 atque
1427 4722 1495 4778 de
1519 4722 1630 4776 vita
1659 4697 1963 4777 damonum
1992 4723 2088 4793 qui

2212 4697 2346 4763 ζώων
2378 4699 2619 4770 ἀπὺηγῆς
2647 4698 3053 4771 ἀνανεουμένων
3078 4699 3241 4770 φησὶν
3270 4700 3300 4753 ό
3332 4699 3493 4753 Δαϐὶδ
3516 4741 3531 4765 ,
3563 4699 3623 4752 οὑ
3654 4697 3741 4768 μὴν

531 4816 679 4872 ultro
720 4812 1062 4879 defecerunt,
1109 4813 1279 4882 addit,
1308 4789 1691 4885 eamquoque
1719 4815 1837 4871 sine
1866 4789 2088 4871 interitu

2212 4790 2321 4861 τερὶ
2356 4789 2559 4844 τούτων
2583 4806 2597 4819 ·
2632 4791 2725 4844 καὶ
2774 4792 2902 4862 περὶ
2931 4792 3031 4862 τῆς
3074 4789 3221 4861 ζωῆς
3252 4790 3310 4845 δὲ
3350 4791 3460 4845 τῶν
3502 4789 3742 4848 ἑκουσίως

531 4921 977 4980 permansuram,
1007 4904 1116 4962 Deo
1146 4919 1335 4962 eorum
1393 4905 1678 4961 conditore
1729 4907 1804 4961 ita
1842 4908 2089 4970 volente,

2212 4884 2506 4939 ιποὸἀντων
2526 4883 2813 4955 δαιμόνων,
2848 4885 3079 4953 ἐπάγει,
3106 4886 3188 4939 ὅτι
3221 4886 3316 4941 καὶ
3348 4886 3487 4957 αὑτὴ
3520 4882 3740 4954 διαμένει

527 4973 777 5071 quamvis
805 4999 905 5068 ipsi
938 5012 967 5052 a
986 4996 1097 5053 Deo
1114 4996 1413 5053 defecerint
1437 5018 1449 5053 :
1477 4996 1603 5054 Sine
1624 4993 1926 5067 pmnitentia
1951 4999 2090 5052 enim

2212 4975 2503 5048 ινώλεθρος,
2527 4975 2621 5029 τοῦ
2645 4976 2930 5041 κτίσαντος
2954 4977 3152 5040 αὐτοὺς
3177 4977 3314 5031 Θεοῦ
3328 4977 3375 5011 ³⁵
3395 4977 3553 5031 τοῦτο
3575 4973 3743 5047 βουλο-

527 5062 649 5148 εἰιηι
687 5062 975 5156 dona-Dei,
1004 5089 1099 5161 qui
1149 5091 1299 5161 ipsos
1353 5106 1384 5145 a
1419 5062 1689 5163 principio
1719 5090 1846 5147 fecit
1873 5092 2092 5146 immor-

2212 5068 2378 5130 ιένου,
2413 5068 2516 5120 κᾶν
2559 5067 2713 5120 αὐτοὶ
2753 5067 3068 5139 ἀπέστησαν
3099 5067 3194 5122 τοῦ
3227 5067 3364 5123 Θεοῦ
3389 5088 3403 5102 ·
3450 5062 3739 5139 Ἀμεταμέ-

528 5183 666 5238 tales
688 5200 703 5238 :
725 5190 1023 5238 extremam
1058 5191 1235 5237 autem
1258 5184 1628 5239 resonantiam
1652 5201 1747 5240 seu
1776 5182 2088 5256 vestigium,

2212 5163 2338 5226 ἰητα
2363 5158 2473 5228 γὰρ
2501 5159 2841 5228 χαρίσματα
2871 5160 2977 5213 τοῦ
3007 5160 3176 5225 Θεοῦ,
3200 5161 3294 5215 τοῦ
3327 5162 3387 5227 ἐξ
3408 5163 3577 5234 ἀρχῆς
3601 5159 3740 5224 ποιή-

526 5272 682 5340 dicit,
716 5274 1092 5335 obscurioretn
1131 5274 1253 5330 vitae
1281 5276 1771 5346 participationem,
1809 5285 1863 5333 et
1909 5249 1968 5331 ut
2012 5277 2086 5330 ita

2212 5266 2377 5313 ιαντος
2400 5250 2594 5313 αὐτοὺς
2615 5249 2942 5316 ἀθανάτους⁸
2978 5253 3204 5325 ἔσχατον
3218 5254 3277 5308 δὲ
3295 5256 3480 5327 ἀπήχη
3488 5271 3564 5326 μα
3606 5250 3737 5316 λέγει
3820 5314 3821 5356 ἶ

525 5364 724 5430 dicam,
758 5382 949 5438 parum
976 5365 1158 5421 vitalis
1191 5340 1825 5437 facultatis-participem.

2212 5340 2283 5412 ὴν
2303 5341 2671 5412 ἀμυδροτέραν
2692 5346 2924 5417 μετοχὴν
2941 5345 3041 5415 τῆς
3064 5346 3209 5417 ζωῆς
3226 5347 3292 5415 ³⁸,
3314 5348 3405 5403 καὶ
3427 5344 3538 5402 οἷον
3556 5341 3737 5402 εἰπεῖν,

2186 5432 2378 5501 ὀλίγως
2413 5433 2741 5504 μετέχουσαν
2774 5435 3014 5509 ζωτικῆς
3041 5438 3341 5510 δυνάμεως.
3818 5448 3819 5507 ξ

584 5600 614 5641 «ι
644 5588 790 5645 Psal.
825 5605 942 5655 cm,
975 5589 1074 5655 29,
1107 5592 1201 5650 ⁸50.

1501 5719 1736 5774 VARIIE
1775 5716 2153 5776 LECTIONES
2189 5715 2277 5771 ET
2313 5715 2863 5777 CORRECTIONES.

633 5859 676 5891 ιε
700 5857 917 5911 εεποαεν
940 5858 1048 5913 καί,
1148 5857 1191 5888 ³³
1217 5856 1411 5911 αὐτῶν.
1509 5856 1553 5885 ³⁵
1582 5854 1728 5925 παρὰ
1761 5853 1851 5906 τοῦ
1882 5853 2161 5916 κτίσαντος
2193 5853 2356 5925 αὐτὴν
2373 5853 2525 5910 Θεοῦ.
2592 5856 2637 5889 ⁸⁸
2662 5855 2755 5909 τοῦ
2784 5858 2905 5934 ζῇν.
