3882 6548
160 412 242 474 537
893 421 947 478 S.
990 423 1234 480 MAXIMI
1273 423 1564 482 SCHOLIA
1607 427 1671 482 IN
1705 428 1834 484 LIB.
1870 429 1958 486 DE
2001 427 2254 487 DIVIle
2283 428 2673 490 NOMINIBUS.

3285 437 3389 494 338

243 539 318 600 Πς
365 535 938 606 ἀνταναιρουμένης.
993 537 1068 591 Τὸ
1112 538 1210 608 μὲν
1249 539 1515 614 ψαλμικὺν
1564 544 1712 616 ῥητὸν

1899 544 2018 598 Hoc
2046 546 2339 605 subtracta.
2372 546 2654 607 Sententia
2680 547 2898 617 quidem
2927 547 3122 620 psaltrii
3151 550 3388 622 loquitur

166 628 271 698 περὶ
297 627 634 698 ἀνθρώπων,
663 630 754 682 καὶ
784 629 883 700 τῆς
914 629 1226 696 τελευταίας
1254 635 1348 688 καὶ
1375 636 1560 705 κοινῆς
1591 638 1720 692 ἁνα-

167 720 381 783 στὰσεως
412 718 606 788 λέγει,
642 720 708 791 ἣν
739 721 916 792 μικρῷ
949 721 1181 792 πρόσθεν
1230 724 1552 799 τρανότερον¹
1574 727 1722 797 τίθη-

168 831 234 864 σιν
266 815 292 866 ὁ
320 812 560 882 Πατήρο
604 813 836 867 ἐνταῦθα
876 812 933 866 δὲ
976 813 1037 866 τὸ
1077 815 1235 884 ῥητὸν
1281 823 1587 890 παρήγαγε,
1631 819 1721 871 τὸν

166 903 296 973 λόγον
320 906 650 976 ποιούμενος
672 907 799 977 περὶ
824 906 1033 960 πάντων
1056 907 1162 960 τῶν
1187 909 1546 982 όπωσοῦνζῇν
1573 911 1721 982 ἐχόν-

164 1017 282 1061 των,
313 997 538 1063 δεικνὺς
575 1000 648 1071 μὴ
694 999 866 1062 ἄλλως
909 999 1080 1054 ταῦτα
1105 1001 1148 1032 ³⁸
1179 1002 1212 1072 ἦ
1243 1003 1305 1057 ὲκ
1352 1003 1484 1058 Θεοῦ
1521 1004 1582 1057 τὸ
1623 1004 1719 1076 ζῇν

162 1089 461 1160 Θεωρεῖσθαι
484 1092 544 1143 ὲν
568 1091 768 1154 αὐτοῖς.
797 1091 866 1149 Τὸ
892 1092 947 1144 δὲ
975 1093 1449 1161 ἀνταναιρεῖσθαι
1475 1097 1595 1154 ἀντὶ
1625 1097 1717 1150 τοῦ

161 1181 473 1252 κεχωρίσθαι
507 1183 782 1246 τέθεικεν,
817 1184 1004 1256 ὥσπερ
1031 1187 1126 1239 καὶ
1161 1185 1221 1238 τὸ
1249 1186 1718 1257 ἐπιστρεφόμενα

159 1273 258 1325 ἀντὶ
283 1273 376 1326 τοῦ
408 1275 724 1344 μετέχοντα.
773 1276 1037 1330 Ἀσθενεῖν
1063 1277 1119 1338 δὲ
1148 1276 1315 1337 ταῦτα
1339 1278 1472 1348 πρὸς
1503 1279 1566 1338 τὸ
1593 1298 1718 1350 parr-

160 1365 280 1435 ἐχειν
325 1365 452 1438 [τῆς
514 1365 660 1439 ζωῆς
698 1368 922 1441 ταύτης]
959 1371 1120 1442 φησὶ,
1167 1371 1254 1424 διὰ
1289 1370 1350 1424 τὸ
1393 1371 1465 1443 μὴ
1509 1371 1717 1425 οἴκοθεν

161 1457 239 1509 καὶ
266 1460 392 1528 παρ’
428 1459 641 1518 ἑαυτῶν
683 1459 826 1530 ἔχειν
865 1461 966 1533 τὴν
1010 1460 1172 1534 ζωὴν,
1219 1461 1330 1517 ἀλλ’
1364 1464 1604 1534 ὲπακτὴν
1654 1466 1717 1517 ὲκ

160 1547 306 1600 Θεοῦο
335 1548 408 1601 τὰ
442 1549 557 1622 γὰρ
583 1552 706 1605 ὅσον
739 1553 823 1620 ἐφ’
858 1552 1086 1617 ἑαυτῶν,
1114 1555 1213 1608 οὐκ
1245 1555 1302 1608 ὲν
1334 1553 1412 1624 τῷ
1441 1554 1538 1626 ζῇν
1579 1555 1714 1608 Θεω-

162 1638 392 1710 ρούμενα,
427 1644 496 1712 τῇ
525 1641 583 1695 δὲ
613 1643 746 1714 πρὸς
773 1643 864 1698 τὸν
889 1645 1018 1698 Θεὸν
1044 1645 1291 1701 ἀναθέσει
1318 1645 1473 1700 τοῦτο
1503 1647 1712 1717 ἔχοντα,

158 1731 330 1802 τρόπον
356 1733 484 1788 τινὰ
514 1735 686 1806 ἀναζῇ
701 1779 716 1802 ,
744 1738 836 1790 καὶ
854 1737 930 1801 ὡς
953 1738 1111 1802 αὑτός
1135 1757 1266 1810 φησι
1289 1781 1302 1804 ,
1335 1740 1520 1800 πάλιν
1543 1738 1654 1801 ζῶα
1673 1741 1713 1770 ³⁷

157 1841 384 1891 rit-stac.

1821 637 1889 693 de
1917 638 2256 702 hominibus,
2304 649 2356 694 et
2380 649 2652 709 postrema
2721 657 2786 697 ac
2815 643 3091 698 communi
3139 660 3386 702 resurre-

1821 733 2024 800 ctione,
2067 748 2230 802 quam
2261 731 2420 790 Pater
2451 734 2610 803 paulo
2653 743 2785 808 ante
2822 735 3021 792 clarius
3057 740 3242 805 ponit;
3284 739 3387 796 hoc

1823 832 2004 878 autem
2048 826 2170 880 loco
2214 827 2540 880 sententiam
2589 827 2734 880 illam
2776 829 3029 894 adduxit,
3078 847 3386 888 sermonem

1820 915 2027 971 faciens
2085 916 2161 972 de.
2212 916 2468 978 omnibus
2530 933 2652 995 quae
2701 919 2895 996 aliquo
2952 921 3114 976 modo
3170 923 3381 988 vivunt,

1822 1009 2115 1065 ostendens
2168 1009 2292 1068 haec;
2329 1025 2438 1065 non
2477 1009 2634 1066 aliter
2680 1025 2849 1080 quam;
2883 1027 2952 1069 ex
2977 1011 3088 1070 Deo
3112 1013 3280 1068 vitam
3325 1012 3384 1069 in

1821 1101 1955 1171 ipsis
2011 1101 2370 1159 considerari.
2419 1100 2589 1158 Porro
2643 1102 2846 1171 auferri
2881 1104 3063 1174 posuit
3098 1119 3202 1175 pro
3223 1120 3383 1175 sepai-

1819 1192 1950 1256 rari,
1978 1192 2123 1248 sicut
2151 1209 2397 1252 conuersa
2428 1208 2527 1262 pro
2554 1193 2974 1264 participautia;
3008 1195 3086 1250 ait
3109 1211 3246 1252 vero.
3265 1196 3376 1252 haec

1819 1285 2093 1341 imbecilla
2120 1286 2176 1340 in
2220 1285 2641 1356 participatione
2685 1287 2839 1353 vitae;
2889 1287 3015 1357 quia
3059 1302 3166 1342 non
3197 1289 3265 1343 ab
3293 1289 3378 1350 in-

1818 1379 2078 1442 trinseco,
2117 1388 2172 1434 et
2201 1394 2232 1432 a
2257 1379 2454 1450 seipsis
2483 1379 2648 1434 vitam
2682 1380 2904 1443 habent,
2948 1382 3042 1437 sed
3080 1397 3110 1436 a
3139 1380 3255 1437 Deo
3293 1382 3380 1436 in-

1815 1469 2065 1535 ductam;
2099 1476 2360 1538 quantum
2386 1471 2532 1526 enim
2555 1470 2624 1526 ad
2660 1471 2776 1542 ipsa
2805 1473 3017 1540 attinet,
3042 1487 3150 1530 non
3177 1472 3232 1527 in
3260 1473 3379 1544 ipsa

1817 1559 1927 1615 vita
1974 1559 2397 1620 considerantur
2421 1599 2438 1625 ,
2483 1561 2579 1622 sed
2630 1561 3057 1632 transpositione
3106 1562 3161 1618 in
3211 1561 3378 1622 Deum

1817 1653 1981 1709 vitam
2003 1659 2316 1718 consecuta,
2338 1653 2738 1723 quodammodo
2757 1653 3111 1719 reviviscunt,
3136 1661 3214 1720 et,
3235 1654 3379 1712 sicut

1818 1744 1931 1812 ipse
1962 1744 2058 1807 ait,
2090 1745 2278 1798 iterum
2306 1745 2422 1798 viva
2450 1745 2604 1813 ﬁunt.

215 1915 240 1986 ᾗ
273 1915 334 1968 ll.
381 1915 510 1984 Τὴν
547 1919 628 1984 ὡς
665 1921 1038 1992 συμμίκτοις.
1071 1923 1395 1994 Θαυμασίως
1436 1925 1612 1983 πάντα
1647 1925 1712 1978 τὰ

1889 1925 1916 1996 §
1959 1924 2024 1984 ll.
2071 1925 2341 1996 Tanquam
2371 1927 2692 1996 compositis.
2727 1924 3032 1982 Mirandum
3071 1928 3127 1982 in
3155 1927 3374 1986 modum

157 2007 374 2079 δόγματα
411 2009 558 2078 μετὰ
584 2010 870 2082 ὀρθότητος
899 2012 1157 2068 διδάσκει.
1194 2015 1297 2068 Τὸν
1330 2015 1438 2087 γὰρ
1467 2016 1715 2086 περὶτῆς

157 2099 484 2163 ἀναστάσεως
507 2101 709 2173 τρόπον
727 2103 773 2135 ³⁸
802 2103 896 2157 νῦν
923 2105 1272 2176 παραδιδοὺς,
1303 2106 1528 2178 θνητοὺς
1543 2107 1586 2139 ⁸⁸
1619 2108 1714 2178 μὲν

156 2192 280 2260 ἡμᾶς
300 2192 615 2261 ἀποφαίνει,
645 2193 740 2248 ἅτε
769 2193 827 2260 ἐξ
859 2196 1121 2251 ἀθανάτου
1150 2197 1326 2268 ψυχῆς
1354 2199 1447 2252 καὶ
1475 2197 1711 2270 [θνητοῦ]

157 2282 384 2355 σώματος
432 2284 599 2347 ὄντας
647 2286 902 2358 θνητοὺς,
943 2289 1040 2360 τὴν
1073 2289 1128 2343 δὲ
1165 2290 1314 2362 ζωὴν
1355 2289 1584 2361 οὐσιὼδη
1617 2291 1714 2362 τῆς

152 2377 308 2448 ψυχῆς
347 2377 620 2433 ἐλάττονά
659 2397 791 2450 φησι
824 2381 931 2433 τῶν
973 2382 1274 2451 ἀγγελικῶν
1307 2385 1536 2448 οὐσιῶν,
1584 2387 1712 2456 παρ’

153 2469 258 2521 ὅσον
288 2468 464 2540 αὐτὴν
495 2472 595 2524 καὶ
625 2473 976 2542 omnem;
1010 2473 1174 2544 ζωὴν,
1199 2476 1260 2528 οὐ
1293 2475 1400 2548 μὴν
1424 2477 1713 2548 ἀγγελικὴν

153 2558 380 2630 ὀνομάζει
399 2603 415 2628 ,
455 2565 558 2634 οὐχ
589 2563 666 2627 ὡς
709 2565 1159 2638 αὑτοαγγελικὴν,
1181 2566 1314 2620 ἀλλὰ
1348 2569 1674 2641 παρεμφερῆ
1695 2587 1708 2600 °

154 2653 233 2706 καὶ
248 2656 391 2725 ἡμᾶς
420 2658 523 2728 μὲν
549 2656 790 2728 μερικῶς
809 2676 969 2730 φησιν
991 2654 1128 2712 εἶναι
1147 2659 1246 2724 τὰς
1266 2660 1485 2729 λογικὰς
1503 2662 1680 2732 ψυχάς
1695 2680 1706 2692 ·

152 2746 284 2811 ὅλους
317 2747 375 2802 δὲ
406 2750 561 2820 ἡμᾶς
603 2739 731 2815 τοὺς
769 2752 832 2803 ὲκ
864 2751 1042 2823 ψυχῆς
1087 2754 1182 2806 καὶ
1233 2752 1481 2824 σώματος
1521 2754 1706 2818 ὄντας·

153 2839 412 2893 ἀπαθανατ
422 2840 632 2906 ἱξεσθαι
658 2843 716 2897 δέ
744 2861 876 2916 φησι
897 2845 964 2898 τὰ
994 2843 1218 2915 σώματα
1238 2845 1394 2918 ἡμῶν
1415 2847 1472 2900 ἐν
1490 2849 1563 2918 τῇ⁴
1584 2846 1712 2900 ἀνα-

156 2930 350 2996 στάσει,
388 2932 618 3002 φάσκων
647 2934 708 2987 τὸ
751 2935 877 3007 περί
905 2937 1255 3002 ἀναστάσεως
1285 2938 1457 3010 δόγμα
1488 2941 1710 2994 ἄπιστον

152 3021 306 3076 δοκεῖν
335 3026 403 3095 τῇ
434 3024 791 3096 παλαιότητι,
823 3029 941 3082 ἀντὶ
972 3028 1066 3082 τοῦ
1100 3032 1164 3102 τῇ
1195 3029 1404 3102 ἀνοήτῳ
1441 3030 1566 3104 δόξῃ
1603 3032 1710 3084 τῶν

163 3115 429 3188 Ἑλλήνων,
465 3118 555 3172 διὰ
586 3118 648 3173 τὸ
680 3119 830 3192 παρὰ
857 3121 1016 3191 φύσιν
1045 3116 1182 3176 εἶναι
1214 3123 1314 3194 τῆς
1340 3122 1471 3195 ὕλης
1491 3126 1552 3178 τὸ
1572 3125 1710 3178 ἁπα-

155 3205 534 3274 θανατίζεαθαι.
563 3210 870 3284 Παλαιότης
895 3214 952 3268 δὲ
977 3213 1191 3283 λέγεται
1213 3218 1246 3285 ή
1281 3217 1504 3288 ἀνοησία
1528 3235 1541 3247 ·
1578 3219 1625 3271 εἰ
1653 3218 1708 3272 δὲ

153 3300 233 3353 καὶ
274 3302 415 3374 ὑπὲρ
462 3301 628 3372 φύσιν
673 3304 734 3358 τὺ
769 3308 1004 3378 πρᾶγμα
1047 3308 1148 3378 τῆς
1186 3310 1568 3377 ἀναστάσεως,
1601 3310 1709 3366 οἷον

150 3392 272 3458 πρὸς
299 3395 392 3449 τὸν
417 3397 664 3469 παρόντα
694 3397 804 3468 βίον
831 3399 921 3452 τὸν
942 3400 1028 3453 διὰ
1054 3403 1260 3473 τροφῆς
1287 3403 1385 3472 ⁸καὶ
1416 3404 1712 3476 ἐκκρίσεως

153 3487 236 3540 καὶ
262 3487 430 3543 νόσων
472 3489 876 3562 διεξαγόμενον,
909 3493 1050 3547 ἀλλὰ
1073 3495 1212 3566 πρὸς
1251 3496 1342 3549 τὸν
1371 3497 1523 3562 Θεὸν,
1562 3498 1712 3551 οὐδὲν

156 3581 296 3652 παρὰ.
337 3583 507 3653 φύσιν
538 3584 660 3639 οὐδὲ
694 3586 833 3657 ὑπὲρ
861 3584 1052 3655 φύσιν,
1085 3587 1268 3659 ἐπειδὴ
1309 3589 1472 3652 αὐτός
1501 3592 1646 3643 ἐστιν
1684 3592 1711 3643 ό

153 3673 314 3746 πάσης
339 3676 486 3748 ζωῆς
518 3675 690 3748 αἴτιος
710 3676 774 3730 ⁴⁰.

212 3769 353 3837 Φημὶ
385 3770 484 3823 καὶ
517 3769 591 3823 τὰ
628 3769 860 3841 συζυγῆ
903 3771 1164 3841 σώματα.
1201 3769 1324 3828 Ὀτι
1365 3776 1461 3828 καὶ
1497 3774 1564 3829 τὰ
1610 3775 1711 3828 σώ-

155 3874 286 3925 ματα
311 3860 470 3931 ἡμῶν
507 3861 804 3926 ἀθανασίας
848 3863 1094 3935 μετέχειν
1121 3864 1148 3916 ὁ
1171 3863 1309 3930 Θεῖος
1339 3865 1583 3932 βούλεται
1622 3869 1710 3921 λόε-

152 3965 263 4014 γος,
287 3951 427 4006 κατὰ
453 3952 548 4008 τὸν
582 3953 918 4008 Ἀπόστολον·
950 3955 1050 4011 Δεῖ
1076 3955 1188 4026 γὰρ
1210 3959 1277 4012 τὸ
1297 3961 1517 4026 θνητὸν
1537 3961 1710 4018 τοῦτο

157 4040 519 4100 ἐνδύσασθαι
548 4045 904 4102 ἀθανασίαν.
1577 4043 1585 4052 ’

225 4135 384 4204 Ὑπὲρ
409 4138 624 4206 φύσιν.
668 4137 848 4194 Τοῦτό
867 4156 998 4212 φησι
1030 4139 1123 4196 διὰ
1142 4142 1206 4195 τὸ
1231 4144 1378 4212 μόνῳ
1421 4144 1544 4213 Θεῷ
1573 4143 1712 4197 κατὰ

153 4224 300 4292 φύσιν
325 4224 463 4282 εἶναι
489 4229 556 4284 τὸ
580 4227 774 4293 ζωοῦνξ.

213 4319 471 4388 Σίμωνος
498 4322 902 4390 ἀηιρῤητικσὶ
929 4327 1117 4393 λόγοι,
1159 4323 1403 4396 Σίμωνός
1427 4343 1587 4398 φησιν
1622 4329 1713 4383 av.-

152 4411 488 4483 τιρῤητικοὺς
521 4410 662 4468 εἶναι
709 4415 899 4485 λόγους
936 4417 1084 4472 κατὰ
1118 4417 1213 4471 τοῦ
1255 4418 1518 4490 δόγματος
1558 4420 1712 4492 ἡμῶν

152 4501 236 4554 τοῦ
257 4502 531 4574 λέγοντος,
562 4506 628 4560 τὸ
661 4505 820 4578 σῶμα
849 4507 1004 4579 ἡμῶν
1036 4508 1353 4567 ἀνίστασθαι
1384 4511 1477 4564 καὶ
1509 4511 1712 4566 ἀθανα-

1815 2018 2000 2074 omnia
2042 2018 2259 2074 decreta
2313 2027 2460 2074 recte
2500 2019 2691 2086 docet;
2738 2033 2887 2074 nunc
2935 2019 3081 2084 enim
3109 2020 3375 2078 rationein

1813 2111 2231 2166 resurrectionis
2287 2110 2550 2173 tradens,
2624 2125 2730 2168 nos
2773 2112 3037 2167 mortales
3095 2111 3373 2172 ostendit.

1817 2203 1974 2275 183
2037 2213 2292 2274 tauquam
2345 2219 2411 2259 ex
2470 2202 2763 2258 immortali
2811 2202 2989 2258 anima
3036 2211 3090 2260 et
3145 2217 3376 2274 corpore

1811 2292 2074 2366 mortales
2137 2292 2495 2356 exsistentes;
2560 2307 2685 2362 nam
2751 2293 3102 2348 essentialem
3177 2292 3377 2350 animae

1811 2383 1978 2437 vitam
2025 2381 2164 2438 dicit
2217 2397 2340 2438 esse
2403 2382 2724 2440 inferiorem
2777 2384 3038 2440 essentiis
3090 2384 3372 2456 angelicis.

1811 2483 2080 2544 quatenus
2130 2475 2305 2547 ipsam
2339 2473 2672 2546 ἀγγελοειδῆ,
2722 2490 2836 2531 non.
2861 2482 3042 2533 autem
3073 2476 3373 2546 angelicam
3395 2474 3406 2491 ³

1812 2567 2080 2638 appellat,
2122 2576 2183 2622 ut
2213 2584 2324 2628 non
2365 2582 2495 2622 vero
2525 2569 2848 2640 angelicam,
2889 2568 2985 2623 sed
3014 2567 3274 2634 similem;
3319 2577 3375 2624 ct

1811 2675 1912 2715 nos
1941 2659 2158 2730 quidem
2187 2662 2385 2730 partim
2429 2659 2722 2716 rationales
2766 2674 2890 2716 esse
2937 2661 3146 2716 animas
3203 2659 3370 2714 dicit:

1812 2758 1966 2805 totos.
1982 2758 2161 2806 autem
2191 2766 2259 2806 ex
2287 2751 2469 2808 anima
2496 2759 2548 2806 et
2577 2765 2804 2818 corpore
2833 2757 3105 2804 constare.
3130 2748 3220 2803 Ait
3247 2764 3375 2805 vero

1814 2859 2044 2914 corpora
2087 2852 2276 2900 nostra
2320 2843 2462 2900 effici
2504 2843 2560 2897 in
2590 2843 2993 2899 resurrectione
3018 2844 3365 2907 immortalia,

1812 2949 2064 2991 asserens
2103 2935 2300 3006 dogma
2346 2935 2414 2990 de
2460 2936 2866 2991 resurrectione
2917 2933 3235 2990 incredibile
3289 2932 3373 2987 vi-

1810 3028 1926 3082 deri
1948 3028 2279 3098 antiquitati,
2307 3043 2404 3098 pro
2445 3028 2726 3098 insipienti
2753 3027 3066 3085 Graecorum
3090 3025 3368 3096 opinione.

1809 3119 1938 3192 quia
1981 3127 2066 3176 est
2117 3128 2308 3174 contra
2366 3120 2609 3175 materiae
2651 3126 2904 3178 naturam
2958 3117 3368 3173 immortalitate

1812 3214 1945 3270 frui.
1998 3211 2312 3282 Antiquitas
2338 3227 2466 3267 vero
2494 3211 2692 3266 dicitur
2741 3209 3084 3280 insipientia;
3129 3208 3233 3265 etsi
3268 3206 3368 3268 au;

1812 3313 1917 3361 tem
1955 3303 2233 3376 negotium
2271 3301 2694 3358 resurrectionis
2725 3309 2978 3362 naturam
3009 3306 3255 3371 superet,
3284 3300 3372 3356 ηἰ-

1811 3399 2011 3453 mirum
2047 3399 2104 3451 in
2137 3397 2390 3468 praesenti
2420 3395 2565 3466 vita,
2604 3411 2726 3464 qua:
2753 3410 2850 3468 per
2875 3393 3280 3462 educationem,
3303 3407 3376 3450 ac

1811 3491 2179 3547 cxcretionem
2218 3497 2382 3561 atque
2417 3489 2643 3544 morbos
2682 3487 3008 3551 traducitur,
3058 3488 3161 3544 sed
3188 3487 3245 3542 in
3265 3486 3374 3543 Deo

1809 3583 1947 3640 nihil
1987 3589 2182 3640 contra
2223 3590 2495 3644 naturam,
2525 3595 2704 3651 neque
2738 3594 2908 3650 supra.
2937 3587 3212 3645 murram,
3245 3595 3376 3649 quo-

1812 3677 1960 3732 niam
1990 3676 2107 3748 ipse
2134 3682 2218 3730 est
2245 3673 2426 3729 omnis
2450 3674 2576 3728 vita:
2597 3682 2810 3728 auctor.

1880 3768 2012 3823 Dico
2056 3776 2108 3822 et
2153 3766 2432 3830 coniuncta
2475 3781 2718 3834 carpam.
2768 3763 3019 3819 Divinum
3067 3778 3376 3821 sermonem

1813 3859 1968 3922 velle,
1999 3865 2187 3913 nostra
2215 3871 2432 3928 quoque
2457 3871 2688 3927 corpora
2717 3854 3182 3912 immortalitatem
3205 3853 3376 3924 parti-

1811 3953 2016 4023 cipare,
2041 3951 2198 4020 juxta
2225 3947 2543 4019 Apostolum
2571 3966 2584 4000 :
2617 3944 2833 4016 Oportet
2859 3945 2998 4000 enim
3027 3943 3250 4000 mortale
3277 3944 3376 4000 hoc

1811 4045 2024 4098 induere
2049 4041 2500 4096 immortalitatem
2522 4050 2565 4094 ν.

1881 4135 2060 4205 Supra
2087 4142 2353 4188 naturam.
2398 4129 2512 4186 Hoc
2543 4130 2695 4193 dicit,
2724 4131 2854 4201 quia
2883 4126 2984 4184 soli
3009 4126 3119 4183 Deo
3145 4135 3370 4182 natura-

1812 4231 1880 4287 lis
1904 4237 1992 4286 est
2012 4228 2143 4284 vita.

1883 4321 2116 4378 Simonis
2151 4317 2556 4376 contradictorii
2591 4331 2876 4372 sermones.
2915 4313 3059 4368 Dicit
3087 4313 3256 4369 libros
3286 4312 3388 4366 δίεν.

1813 4415 1990 4470 monis
2029 4412 2404 4468 contradicere
2449 4407 2730 4466 sententiae
2777 4412 2997 4466 nostrae.
3027 4419 3151 4476 quae
3178 4403 3375 4460 asserit

1814 4523 2012 4576 corpus
2045 4513 2294 4560 nostrum
2342 4514 2632 4570 resurgere
2655 4505 2710 4554 et
2739 4496 3046 4552 inmortale
3077 4510 3221 4559 esse,
3252 4500 3377 4548 tan-

149 4591 406 4662 τεζεσθαι,
441 4599 519 4662 ὡς
559 4599 711 4670 παρὰ
754 4599 923 4669 φύσιν
949 4601 1100 4665 όντος
1131 4601 1227 4658 τοῦ
1260 4603 1600 4674 πράγματος.
1647 4605 1709 4658 Οἱ

1818 4615 1980 4673 quam
2006 4614 2094 4655 res
2122 4604 2269 4654 esset
2304 4603 2498 4651 contra.
2534 4598 2806 4647 naturam.
2842 4587 3241 4648 Contradicunt
3272 4602 3374 4642 au.

151 4682 202 4736 δὲ
241 4688 514 4760 εἰρηκότες
560 4690 704 4745 κατὰ
739 4691 978 4762 Σίμωνος
1016 4694 1110 4746 καὶ
1142 4693 1271 4764 περὶ
1307 4693 1511 4747 τούτων
1552 4695 1712 4750 αὐτὸν

153 4774 445 4850 ἐλέγχουσιν
477 4783 764 4855 Εἰρηναῖος
804 4785 897 4837 καὶ
942 4784 1220 4856 Ὠριγένης
1260 4786 1355 4839 καὶ
1403 4785 1713 4849 Ἱππόλυτος

153 4870 239 4921 καὶ
274 4871 601 4944 Ἑπιφάνιος.
651 4876 709 4929 Ὀ
744 4875 800 4928 δὲ
845 4876 1016 4946 μέγας
1045 4877 1319 4940 Διονύσιος
1350 4876 1509 4941 θείως
1534 4877 1713 4931 ἐκλύει

151 4961 212 5012 τὸ
246 4962 526 5038 λεγόμενον
566 4966 720 5039 παρὰ
761 4968 1030 5040 Σίμωνος,
1073 4969 1226 5041 παρὰ
1252 4970 1420 5039 φύσιν»
1444 4966 1580 5024 εἶναι
1610 4971 1708 5042 τὴν

152 5051 428 5118 ἀνάστασιν
455 5058 565 5116 τῶν
596 5059 862 5131 σωμάτων
881 5077 894 5090 ·
930 5060 1012 5132 τῷ
1037 5061 1145 5133 γὰρ
1177 5061 1296 5133 Θεῷ
1319 5062 1532 5126 οὐδενὸς
1557 5061 1709 5125 ὄντος

152 5144 411 5215 ἐναντίου,
440 5150 560 5214 πῶς
591 5150 744 5206 ἔσται
783 5169 833 5204 τι
867 5152 1018 5225 παρὰ
1047 5153 1240 5223 φύσιν;
1287 5154 1360 5206 Τὸ
1399 5154 1454 5208 δὲ
1498 5152 1705 5207 οἴεσθαι

149 5249 264 5293 τινα
291 5241 350 5295 ὲκ
377 5242 622 5314 φανερῶν
645 5247 741 5297 καί
770 5244 1039 5317 αἰσθητῶν
1066 5245 1269 5300 τούτων
1289 5246 1387 5310 τὰς
1411 5245 1712 5311 ἀποδείξεις

151 5330 451 5399 πορίζεσθαι
491 5335 636 5390 κατὰ
666 5337 766 5407 τῆς
812 5338 1195 5409 ἀκαταλήπτου
1235 5340 1334 5392 καὶ
1377 5340 1546 5393 πᾶσιν
1571 5338 1712 5406 ἀφα-

152 5419 272 5486 νοῦς
310 5426 480 5493 αἰτίας
511 5429 623 5483 τῶν
653 5429 906 5498 πάντων,
935 5432 1181 5485 τουτέστι
1225 5432 1365 5485 κατὰ
1404 5431 1498 5484 τοῦ
1541 5427 1708 5495 Θεοῦ,

258 5591 280 5620 ι
309 5583 327 5637 1
358 5587 482 5644 Lor.
519 5605 621 5657 xv,
648 5588 736 5645 55.

1814 4703 1925 4748 tem
1953 4690 2181 4757 Simoni,
2215 4696 2272 4744 et
2292 4687 2468 4758 ipsum
2509 4685 2564 4740 in
2590 4685 2679 4741 his
2707 4681 3112 4755 reprehendunt
3139 4680 3375 4737 irenteus

1810 4795 1866 4843 et
1891 4784 2153 4855 Origenes
2187 4787 2246 4837 et
2271 4779 2597 4850 Hippolytus
2650 4783 2704 4832 et
2741 4774 3100 4847 Epiphanius.
3147 4770 3376 4844 Magnus

1809 4891 1940 4932 vero
1964 4873 2261 4946 Dionysius
2276 4871 2517 4926 Simonis
2546 4868 2893 4932 sententiam,
2915 4863 3375 4924 resurrectionem

1811 4982 2105 5040 corporum
2136 4979 2260 5021 esse
2285 4971 2485 5020 contra
2502 4970 2774 5025 naturam,
2804 4958 2986 5016 divine
3015 4956 3208 5021 solvit;
3247 4967 3375 5008 cum

1811 5061 1968 5118 enim
2006 5058 2146 5113 nihil
2194 5057 2265 5115 sit
2295 5054 2407 5111 Deo
2451 5052 2820 5117 contrarium,
2869 5047 3152 5122 quomodo.
3169 5043 3375 5116 aliquid

1815 5153 1919 5208 erit
1965 5156 2156 5205 contra
2201 5146 2497 5202 naturam?
2543 5143 2834 5214 quemdam
2883 5147 3064 5198 autem
3113 5131 3374 5192 arbitrari

1812 5256 1976 5314 posse
2019 5256 2092 5296 es
2131 5239 2218 5294 his
2251 5235 2566 5307 conspicuis
2605 5241 2660 5289 et
2698 5231 2990 5290 sensilibus
3035 5227 3396 5300 demonstras

1815 5335 1992 5390 tiones
2042 5331 2283 5402 praebere
2325 5339 2519 5385 contra
2563 5319 3163 5397 incomprehensibilcm
3209 5323 3376 5384 atque

1812 5422 2065 5480 omnibus
2077 5423 2364 5478 obscuram
2383 5420 3016 5477 universorumcausam,
3027 5409 3132 5465 hoc
3144 5413 3228 5464 est
3239 5418 3369 5462 con»

1029 5720 1262 5776 VARle
1303 5718 1684 5777 LECTIONES
1723 5715 1809 5770 ET
1843 5712 2385 5774 CORRECTIONES.

222 5848 494 5922 ³⁸τούτοις.
595 5858 634 5890 ³⁷
665 5857 962 5922 παλίνζωα.
1035 5860 1078 5891 ³⁸
1108 5857 1282 5926 λόγον.
1382 5859 1425 5890 ³⁹
1455 5856 1694 5926 μικτούς.
1765 5857 1809 5888 ⁸ο
1837 5859 1928 5910 καὶ
1961 5855 2019 5921 ἐξ
2049 5853 2208 5909 αὑτοῦ
2242 5855 2353 5906 ἐστι
2381 5854 2525 5906 πᾶσα
2556 5851 2686 5923 ζωή.
