3882 6530
543 413 650 470 559

1285 417 1629 475 APPENDIX
1650 418 1744 473 AD
1776 415 2001 474 OPERA
2034 417 2090 473 S.
2129 416 2424 475 DIONYSll
2461 419 2944 477 AHEOPAGI'UE.
3650 418 3740 471 3&0

545 541 628 586 ιη
657 531 826 586 Deum
861 572 877 597 ,
927 534 1031 588 hoc
1082 550 1208 590 vere
1255 544 1445 591 contra
1507 545 1758 590 naturam
1799 544 1885 591 est
1918 555 1932 592 :
1969 552 2097 606 quo-

2206 536 2362 589 τοῦτό
2392 538 2506 589 ἐστι
2537 536 2751 608 ἀληθῶς
2779 541 2930 609 παρὰ
2960 537 3120 608 φύσιν
3143 553 3157 566 ·
3191 535 3261 589 τὰ
3290 535 3398 608 γὰρ
3421 534 3639 602 δοξαστὰ
3665 516 3755 588 καί

543 623 705 678 modo
724 625 868 678 enim
899 624 954 679 id
974 626 1120 696 quod
1144 643 1359 684 omnem
1387 645 1610 684 sensum
1637 638 1692 684 et
1719 629 2103 701 cogitationem

541 725 1046 788 superat,evertent
1073 735 1136 776 ea
1167 737 1289 792 quae
1313 736 1480 779 sensu
1496 729 1551 778 et
1568 721 1897 793 cogitatione
1927 721 2105 794 perci-

541 808 766 878 piuntur
789 808 814 861 ἲ

611 899 887 957 Evidentia
910 921 1114 960 sensus.
1153 903 1270 960 Non
1300 914 1534 977 oportet,
1560 905 1759 977 inquit,
1793 905 1862 960 ob
1889 920 1952 960 ea
1984 920 2104 976 quae

541 994 793 1050 sensibus
822 997 1030 1069 percipi
1055 1001 1284 1068 queunt,
1311 998 1469 1054 ﬁdem
1494 997 1588 1051 Dei
1611 998 1792 1053 verbis
1813 997 2100 1068 denegare,

540 1084 633 1155 qui
661 1092 746 1142 est
775 1087 1018 1142 omnium
1059 1090 1295 1145 obscura
1325 1105 1509 1145 causa.
1544 1087 1771 1160 Proprie
1794 1089 1938 1144 enim
1969 1086 2102 1141 illud

541 1185 736 1234 contra
762 1187 1022 1235 naturam
1046 1181 1228 1238 dicere
1256 1183 1406 1246 licet,
1430 1191 1652 1252 propter
1676 1182 1958 1237 sensilium
1986 1197 2104 1251 per-

539 1268 887 1338 spicuitatem
928 1271 998 1327 de
1043 1281 1189 1328 statu
1233 1289 1334 1328 suo
1365 1273 1637 1345 deponere
1674 1288 1769 1328 seu
1808 1286 2008 1342 negare
2037 1285 2102 1325 ea

539 1379 660 1434 quae
681 1375 940 1433 superant
971 1381 1190 1422 sensum
1201 1409 1215 1421 .

612 1455 639 1528 §
681 1455 771 1511 ΙΙΙ.
814 1457 933 1512 Sive
957 1460 1295 1524 rationalem,
1322 1461 1428 1514 sive
1453 1461 1777 1522 sensitivam,
1806 1457 1966 1530 184
1997 1459 2103 1512 sive

540 1551 870 1608 nutritivam.
900 1551 1038 1607 Nota
1069 1555 1341 1623 quomodo
1365 1554 1558 1609 dividit
1589 1564 1954 1625 comparatam
1979 1568 2103 1623 par-

540 1644 854 1713 ticipatione
889 1645 1080 1713 vitam;
1128 1646 1260 1702 dicit
1297 1647 1442 1702 enim
1478 1649 1603 1703 vitae
1647 1648 1997 1719 principium,
2022 1648 2104 1702 vi-

540 1736 736 1792 delicet
778 1747 1020 1794 nostram
1067 1739 1327 1805 animam,
1359 1741 1555 1798 deinde
1597 1741 1952 1817 sensitivam;
1988 1742 2108 1811 haec

519 1832 683 1893 .enim
715 1831 981 1903 principia
1005 1833 1129 1887 vitae
1159 1834 1227 1889 iis
1255 1849 1376 1904 qua:
1407 1835 1474 1889 ab
1508 1836 1642 1906 ipsis
1679 1846 1945 1907 reguntur
1973 1851 2100 1891 cor~

2203 629 2365 701 νοητὰ
2398 630 2515 694 πῶς
2551 630 2841 702 ἀνατρέψει
2883 629 2947 682 τὸ
2989 631 3132 702 ὑπὲρ
3163 631 3341 684 πᾶσαν
3382 627 3626 699 αἴσθησιν
3665 628 3742 680 καὶ

2203 721 2384 793 νόησιν
2403 739 2419 789 ;

2281 903 2367 970 Τῷ
2393 903 2686 974 προφανεῖ
2710 902 2821 972 τῆς
2850 903 3208 971 αἰσθήσεως.
3239 905 3312 958 Οὐ
3336 904 3442 976 χρὴ
3463 902 3643 975 ,φησ“ι,
3670 902 3742 956 διὰ

2201 995 2269 1049 τὰ
2287 999 2350 1068 τῇ
2377 996 2623 1068 αἰσθήσει
2642 995 2822 1068 ληπτὰ
2850 997 3098 1050 ἀπιστεῖν
3129 999 3242 1060 τοῖς
3264 997 3392 1068 περὶ
3413 995 3549 1050 Θεοῦ
3570 995 3740 1064 λόγοις,

2201 1089 2262 1152 ὃς
2293 1089 2439 1141 ἐστιν
2465 1090 2499 1159 ἡ
2524 1088 2738 1141 πάντων
2768 1089 2980 1161 ἀφανὴς
3007 1089 3174 1142 αἰτία.
3210 1089 3430 1159 Κυρίως
3465 1086 3576 1158 γὰρ
3610 1086 3744 1140 τοῦτό

2202 1181 2322 1233 ὲστι
2362 1180 2514 1253 παρὰ
2557 1181 2717 1251 φύσιν
2748 1183 2942 1247 εἰπεῖν,
2977 1182 3039 1236 τὸ
3069 1183 3283 1236 ἀθετεῖν
3306 1181 3376 1236 τὰ
3409 1181 3554 1253 ὑπὲρ
3582 1179 3744 1251 αἴσθη-

2205 1290 2308 1338 σιν,
2340 1272 2428 1327 διὰ
2453 1274 2514 1328 τὸ
2542 1273 2650 1328 τῶν
2681 1274 2952 1345 αἰσθητῶν
2985 1275 3278 1347 προφανές.

2272 1455 2300 1528 §
2334 1459 2425 1512 Ill.
2466 1455 2604 1510 Εῖτε
2625 1457 2899 1527 λογικὴν,
2929 1457 3049 1512 εἴτε
3085 1456 3462 1527 αἰσθητικὴν,
3493 1456 3610 1510 εἴτε
3634 1458 3742 1525 θρε-

2202 1547 2436 1615 πτικήν.
2469 1547 2794 1619 Σημείωσαι,
2830 1549 2945 1614 πῶς
2974 1549 3170 1621 διαιρεῖ
3203 1548 3274 1602 τὰ
3305 1549 3433 1620 περὶ
3469 1546 3612 1617 ζωῆς
3638 1547 3743 1618 μεθ-

2201 1641 2399 1712 εκτῆς·
2440 1640 2586 1712 ζωῆς
2627 1641 2735 1713 γὰρ
2776 1641 2948 1714 ἀρχήν
2990 1659 3173 1712 φησιν,
3201 1635 3311 1694 οἷον
3355 1641 3456 1712 τὴν
3497 1639 3743 1710 ἡμετέραν

2200 1733 2399 1806 ψυχὴν,
2426 1735 2522 1786 καὶ
2547 1739 2646 1807 τὴν
2674 1734 2993 1808 αἰσθητικὴν
3025 1735 3082 1788 δέ
3101 1752 3114 1766 ο
3147 1730 3304 1790 αὗται
3329 1733 3438 1805 γὰρ
3473 1732 3630 1804 ἀρχαί
3657 1735 3743 1785 εἰσι

2203 1823 2349 1896 ζωῆς
2369 1829 2478 1889 τοῖς
2511 1825 2577 1879 δι’
2611 1826 2789 1880 αὐτῶν
2823 1827 3144 1899 ἀρχομένοις
3186 1828 3266 1890 εἰς
3321 1825 3466 1896 ζωὴν
3510 1823 3745 1879 κινεῖσθαι

539 1925 784 1994 poribus,
808 1933 867 1980 ut
892 1927 947 1981 in
970 1927 1078 1983 vita
1101 1937 1445 1993 moveantur,
1477 1929 1600 1984 vita:
1624 1937 1804 1986 autem
1827 1931 2097 1995 essentia,

2206 1917 2450 1989 σώμασι·
2487 1918 2630 1991 ζωῆς
2657 1920 2718 1973 δὲ
2749 1920 2926 1974 οὐσίαι
2960 1922 3016 1974 αἰ
3060 1921 3246 1992 νοηοιταί⁵
3279 1920 3536 1990 δυνάμεις
3584 1918 3670 1972 καὶ
3701 1919 3746 1970 ai

539 2014 908 2087 intelligibiles
956 2018 1265 2084 facultates,
1308 2027 1362 2074 et
1391 2028 1593 2076 nostra:
1637 2020 1866 2087 animae;
1903 2021 2104 2076 habent

536 2107 680 2162 enim
725 2109 1019 2164 essentiam
1065 2125 1188 2180 qua:
1222 2118 1307 2166 est
1336 2111 1468 2174 vita,
1500 2095 1662 2166 veluti
1707 2112 1940 2182 aliquam
1983 2112 2105 2168 vitae

535 2201 817 2255 materiam
849 2209 902 2257 et
929 2203 1254 2273 subjectum,
1289 2219 1353 2259 ac
1381 2204 1552 2274 ipsam
1599 2204 1825 2259 formam
1854 2220 1974 2276 quae
2002 2205 2100 2260 ad-

533 2291 682 2346 venit
723 2311 738 2348 :
778 2308 968 2362 quare,
1007 2303 1066 2348 ut
1107 2293 1246 2358 dixi,
1292 2297 1486 2351 animae
1526 2295 1802 2351 viviﬁcant
1847 2311 2099 2366 corpora.

531 2385 680 2443 Deus
724 2386 890 2458 igitur
925 2397 985 2442 ut
1015 2396 1226 2453 auctor,
1261 2396 1315 2443 et
1346 2389 1469 2443 vitae
1508 2397 1710 2445 nostra:
1737 2391 2106 2462 complemen-

531 2485 668 2545 tum,
702 2486 762 2534 ut
789 2479 1079 2535 continens
1120 2486 1174 2533 et
1205 2479 1475 2546 dividens,
1509 2490 1568 2535 ut
1597 2480 1928 2539 dili‘erentias
1974 2482 2099 2536 uni-

531 2587 704 2628 versa:
731 2571 853 2628 vitae
880 2571 1199 2643 disponens,
1242 2572 1660 2644 intelligibilium
1679 2615 1694 2640 ,
1726 2575 2098 2639 rationalium,

533 2663 838 2728 sensilium,
883 2679 946 2720 ac
991 2681 1181 2720 eorum
1227 2679 1350 2736 quae
1400 2674 1687 2737 augentur,
1734 2668 1976 2722 omnium
2019 2675 2102 2724 est

531 2753 900 2824 principium;
957 2764 1120 2826 atque
1185 2756 1444 2826 quoniam
1518 2773 1684 2828 supra
1739 2757 1876 2813 dixit
1933 2758 2101 2814 solem

529 2842 693 2899 etiam
721 2842 851 2898 dare
879 2844 1066 2909 vitam,
1099 2855 1154 2901 et
1180 2847 1362 2900 omnia
1398 2846 1631 2911 nutrire,
1661 2862 1773 2902 non
1803 2849 2076 2918 intelligas

527 2947 650 2987 eum
681 2948 711 2986 a
741 2934 922 3004 seipso
953 2934 1098 2991 istud
1128 2935 1358 3003 habere,
1395 2937 1490 2994 sed
1520 2938 1590 2994 ab
1613 2939 1854 2994 omnium
1877 2940 2085 3011 princi-

527 3025 618 3096 pio
644 3035 699 3082 et
722 3041 910 3084 causa.

1096 3120 1166 3176 1N
1204 3121 1358 3178 CAP.
1400 3121 1514 3177 Vll.

599 3208 628 3281 ᾗ
667 3209 709 3266 1.
751 3209 926 3281 Supra
962 3228 1166 3268 omnem
1194 3215 1532 3283 sapientiam.
1564 3215 1706 3272 Sunt
1745 3219 1968 3288 quidam
2015 3220 2098 3274 in-

527 3300 977 3372 tempestivorum
1009 3302 1456 3375 philosophorum
1483 3307 1575 3377 qui
1605 3307 1817 3373 dicunt,
1847 3311 1892 3366 si
1921 3310 2097 3365 velitis

529 3394 713 3451 dicere
739 3393 907 3450 Deum
941 3411 1203 3468 superare
1239 3413 1456 3455 omnem
1485 3400 1811 3471 sapientiam
1853 3411 1908 3457 et
1937 3404 2097 3458 intel-

527 3487 833 3560 ligentiam,
875 3484 1052 3546 facitis
1089 3490 1270 3561 ipsum
1322 3491 1668 3564 insipientem
1705 3503 1758 3551 et
1789 3496 2096 3554 intellectus

528 3588 826 3650 expertem.
857 3578 937 3636 Ad
970 3597 1109 3652 quos
1139 3581 1429 3639 dicendum
1460 3601 1472 3636 :
1500 3585 1643 3642 Deus
1672 3595 1865 3644 noster
1893 3598 1975 3644 est
2003 3605 2094 3645 su-

528 3685 626 3741 pra
657 3673 839 3726 omnia
858 3687 978 3742 quae
1002 3672 1376 3744 intelliguntur
1400 3683 1454 3731 et
1479 3683 1634 3744 sunt;
1672 3679 1787 3734 sive
1814 3680 1977 3751 igitur
2006 3699 2094 3738 sa-

528 3762 754 3835 pientia,
784 3765 897 3820 sive
928 3765 1305 3834 intelligentia,
1337 3769 1450 3825 sive
1472 3769 1604 3835 vita,
1635 3773 1750 3827 sive
1786 3774 2092 3831 subsisten-

525 3853 622 3920 tia,
655 3853 770 3911 sive
796 3855 1137 3922 exsistentia,
1167 3858 1281 3913 sive
1306 3859 1544 3914 essentia
1572 3875 1602 3914 a
1624 3863 1782 3918 nobis
1823 3863 2092 3936 intelliga-

525 3953 640 4009 tur,
680 3954 765 4002 est
796 3962 961 4018 supra
994 3948 1108 4004 haec
1138 3949 1354 4016 omnia;
1392 3967 1501 4006 non
1541 3955 1684 4023 quod
1720 3955 1854 4010 nihil
1899 3972 2090 4012 eorum

523 4036 811 4108 participet
846 4036 971 4110 (hoc
995 4039 1140 4095 enim
1169 4040 1490 4107 absurdum;
1515 4046 1789 4114 quomodo
1827 4050 1970 4103 enim
1995 4051 2086 4120 qui

524 4137 608 4184 est
641 4145 823 4185 rerum
854 4139 1068 4199 auctor,
1117 4147 1342 4188 suorum
1391 4151 1498 4189 non
1543 4146 1687 4192 esset
1732 4141 2003 4212 particeps
2020 4143 2086 4214 ‘3),

525 4219 622 4275 sed
650 4223 793 4292 quod
829 4223 1011 4278 omnia
1046 4241 1114 4280 ex
1142 4240 1207 4280 eo
1233 4225 1516 4296 prodeant,
1547 4236 1602 4284 et
1639 4230 1759 4300 ejus
1799 4231 2086 4304 integrita-

2204 2011 2464 2084 ἡμέτεραι
2488 2012 2652 2084 ψυχαί
2673 2031 2687 2044 °
2720 2014 2817 2086 τὴν
2842 2013 2950 2086 γὰρ
2970 2013 3155 2067 οὐσίαν
3179 2014 3321 2086 ζωὴν
3345 2009 3512 2068 οὖσαν
3539 2012 3743 2084 ἔχουσιν,

2202 2103 2311 2159 οἷον
2340 2105 2472 2178 ὓλην
2493 2106 2613 2160 τινὰ
2634 2107 2728 2161 καὶ
2757 2108 3131 2179 ὑποκείμενον,
3153 2109 3246 2160 καὶ
3276 2105 3566 2169 αὑτοεῖδος,
3596 2105 3623 2158 δ
3647 2107 3744 2159 ἐστι

2204 2198 2348 2269 ζωῆς
2391 2198 2766 2270 ὑπάρχουσαν·
2813 2199 2893 2253 διὸ
2931 2200 3028 2253 καί⁵
3060 2199 3257 2265 ζωοῦσι
3297 2197 3366 2252 τὰ
3399 2198 3646 2270 σώματα,
3685 2198 3746 2260 ὡς

2202 2289 2356 2362 ἔφην,
2383 2292 2438 2345 αἱ
2462 2291 2648 2362 ψυχαί.
2692 2292 2750 2345 '0
2783 2288 2876 2345 οὖν
2901 2291 3060 2355 Θεὸς,
3097 2292 3172 2355 ῶς
3201 2292 3370 2354 αἴτιος
3399 2291 3496 2344 καὶ
3527 2289 3746 2360 συμπλη-

2204 2384 2432 2457 ρωτικδς
2451 2384 2552 2455 τῆς
2577 2385 2721 2457 ζωῆς
2740 2386 2773 2455 ἡ
2782 2383 2915 2456 μῶν,
2938 2385 3014 2448 ὡς
3037 2384 3289 2454 συνοχεὺς
3311 2384 3405 2436 καὶ
3424 2382 3745 2454 διαιρετικδς,

2202 2476 2278 2540 ὡς
2306 2475 2404 2541 τὰς
2429 2476 2693 2549 διαφορὰς
2731 2477 2912 2548 πάσης
2942 2475 3086 2548 ζωῆς
3111 2475 3365 2540 διατάξας
3383 2515 3398 2541 ,
3431 2475 3650 2547 νοητῶν,
3675 2473 3745 2527 λο·

2201 2568 2390 2637 γικῶν,
2421 2569 2782 2642 αἰσθητικῶν,
2816 2569 3119 2640 αὑξητικῶν
3151 2569 3293 2641 ἀρχὴ
3322 2569 3540 2623 πάντων
3582 2567 3742 2620 ἐστίν·

2202 2660 2342 2715 ὥστε
2369 2663 2553 2735 ἐπειδὴ
2592 2663 2704 2718 ἄνω
2743 2660 2863 2717 εἷπε
2897 2664 2990 2717 καὶ
3025 2663 3114 2716 τὸν
3152 2662 3302 2735 ἥλιον
3349 2662 3495 2733 ζωὴν
3535 2660 3744 2725 διδόναι,

2202 2755 2296 2806 καὶ
2320 2755 2539 2827 τρέφειν
2567 2755 2745 2808 πάντα
2764 2795 2779 2818 ,
2817 2755 2890 2828 μὴ
2919 2756 3116 2827 νοήσῃς
3134 2795 3149 2820 ,
3177 2755 3260 2808 ὃτι
3282 2755 3375 2825 ἀφ’
3398 2753 3592 2808 ἑαυτοῦ
3611 2751 3744 2807 τοῦτο

2202 2845 2312 2916 ἔχει
2331 2886 2346 2912 ,
2374 2847 2488 2901 ἀλλ’
2515 2850 2579 2902 ὲκ
2606 2849 2704 2920 τῆς
2732 2847 2948 2901 πάντων
2978 2849 3151 2920 ἀρχῆς
3183 2848 3278 2902 καὶ
3306 2847 3505 2912 αἰτίας.

2668 3116 2777 3168 ΕΙΣ
2814 3116 2901 3168 ΤΟ
2937 3117 3186 3170 ΚΕΦΑΛ.
3230 3117 3303 3169 Z'.

2274 3206 2301 3281 ἕ
2339 3210 2377 3262 1.
2432 3208 2595 3275 ’Υπὲρ
2632 3208 2838 3262 πᾶσαν
2863 3209 3103 3277 σοφίαν.
3133 3206 3249 3260 Εἰσί
3278 3221 3424 3268 τινες
3463 3203 3572 3257 τῶν
3607 3201 3740 3256 ἀκαί-

2124 3271 2165 3326 C
2201 3271 2308 3372 ρωῖθ
2335 3271 2641 3370 φιλοσόφων
2667 3299 2914 3369 λέγοντες
2933 3271 2959 3366 ξ
2977 3300 3057 3353 ὅτι
3085 3299 3180 3353 ἐὰν
3219 3295 3482 3370 βούλησθε
3508 3295 3595 3350 τδν
3630 3295 3743 3348 Θεὸν

2197 3392 2370 3461 λέγειν
2405 3391 2544 3462 ὑπὲρ
2567 3391 2747 3444 πᾶσαν
2774 3392 2963 3462 σοφίαν
2996 3392 3088 3445 καὶ
3114 3389 3347 3454 σύνεσιν,
3375 3391 3576 3442 ποιεῖτε
3603 3387 3743 3440 αὑτὸν

2195 3485 2394 3552 ἄσοφον
2446 3485 2540 3537 καὶ
2585 3483 2863 3538 ἀσύνετον.
2913 3483 3058 3556 Πρὸς
3097 3483 3190 3548 οὒς
3232 3482 3451 3537 λεκτέον
3475 3499 3490 3512 ο
3535 3482 3592 3534 ‘0
3631 3478 3743 3540 Θεὸς

2193 3577 2226 3647 ἡ
2237 3575 2351 3647 μῶν
2384 3577 2524 3648 ὑπὲρ
2557 3576 2734 3630 πάντα
2769 3576 2839 3630 τὰ
2873 3576 3131 3647 νοούμενα
3165 3577 3256 3630 καὶ
3283 3575 3413 3630 ὄντα
3443 3572 3606 3628 ἐστίν.
3636 3571 3742 3626 Εἴτε

2193 3665 2286 3723 οὖν
2311 3669 2469 3739 σοφία
2490 3708 2521 3732 ,,
2539 3670 2648 3723 εἴτε
2681 3669 2893 3734 σύνεσις
2917 3710 2931 3734 ,
2973 3670 3082 3723 εἴτε
3113 3670 3223 3742 ζωὴ
3247 3710 3262 3734 ,
3299 3669 3410 3723 εἴτε
3434 3669 3743 3728 ὑπόστασις,

2193 3760 2303 3814 εἴτε
2351 3758 2612 3834 ὓπαρξις,
2644 3761 2754 3816 εἴτε
2793 3763 2950 3817 οὐσία
2993 3765 3191 3816 νοεῖται
3237 3764 3365 3834 παρ’
3403 3760 3592 3832 ἡμῶν,
3622 3757 3745 3827 ὑπὲρ

2191 3853 2364 3909 ταῦτα
2389 3855 2563 3908 πάντα
2594 3855 2762 3923 ἐστὶν,
2782 3857 2881 3926 οὐχ
2904 3856 2979 3920 ὡς
3005 3855 3077 3927 μὴ
3103 3855 3343 3926 μετέχων
3383 3853 3560 3908 αὐτῶν
3587 3850 3744 3924 (τοῦτο

2191 3945 2301 4018 γὰρ
2317 3943 2540 4018 ἀνόητον
2557 3965 2571 3978 ο
2601 3949 2630 4000 ό
2651 3948 2760 4020 γὰρ
2780 3948 2952 4012 αἴτιος
2969 3947 3074 4002 τῶν
3093 3948 3390 4020 γινομένων
3407 3946 3525 4011 πῶς
3545 3946 3603 3999 οὐ
3627 3959 3742 4016 μετ-

2191 4039 2302 4110 έχει
2329 4039 2438 4093 τῶν
2469 4038 2527 4106 ἐξ
2568 4041 2800 4113 αὐτοῦς)
2833 4041 2945 4096 ἀλλ’
2979 4043 3056 4106 ὡς
3085 4040 3194 4094 τῶν
3233 4041 3452 4095 πάντων
3500 4039 3556 4106 ἐξ
3594 4032 3743 4092 αὑτοῦ

2191 4132 2586 4204 προελθόντων,
2629 4135 2723 4188 καὶ
2761 4135 2861 4207 τῆς
2899 4133 3064 4188 αὐτοῦ
3106 4132 3437 4205 μετεχόντων
3475 4131 3740 4199 δλότητος’

2190 4228 2298 4280 πᾶν
2323 4225 2433 4297 γὰρ
2459 4227 2520 4278 τὸ
2546 4227 2901 4298 μετεχόμενον
2926 4226 3276 4299 ἀρχαιότερόν
3303 4227 3419 4278 ἐστι
3446 4223 3554 4277 τῶν
3584 4221 3640 4285 ἐξ
3659 4219 3743 4273 αὑ·-

525 4322 633 4369 tem
675 4315 1032 4387 participem;
1075 4333 1235 4375 omne
1263 4321 1410 4376 enim
1451 4323 1598 4393 quod
1630 4325 2086 4394 communicatur,

2206 4317 2303 4372 τοῦ.
2334 4318 2425 4371 Διὸ
2454 4319 2548 4372 καὶ
2574 4316 2678 4385 ὢν,
2711 4320 2803 4373 καὶ
2832 4318 2978 4373 αἰὼν
3008 4319 3242 4390 κυρίως,
3269 4317 3362 4371 καὶ
3389 4317 3604 4385 χρόνος
3637 4312 3742 4364 δνο-

526 4405 802 4475 antiquius
840 4418 925 4462 est
973 4407 1041 4462 iis
1084 4424 1206 4478 qua:
1235 4425 1303 4465 ex
1337 4426 1432 4477 eo;
1485 4427 1655 4482 quare
1702 4421 1757 4467 et
1783 4415 1874 4484 qui
1904 4425 2002 4478 est,
2034 4426 2089 4472 et

2206 4408 2418 4474 ιάξεται
2435 4450 2450 4476 ,
2474 4411 2550 4474 ὡς
2582 4411 2675 4464 καὶ
2702 4413 2828 4474 τοὺς
2853 4410 3054 4474 αἰῶνας
3084 4411 3177 4464 καὶ
3202 4410 3330 4473 τοὺς
3356 4409 3578 4481 χρόνους
3604 4404 3743 4473 ποιή-

526 4498 815 4562 ιειενηὶιαδ,
862 4507 916 4552 et
960 4507 1158 4567 tempus
1206 4502 1425 4572 proprie
1471 4505 1784 4559 nominatur
1813 4513 1873 4559 ut
1916 4507 1964 4562 is
1993 4509 2084 4578 qui

2206 4519 2314 4565 ταςο
2346 4501 2521 4565 οὕτως
2560 4498 2653 4557 οὖν
2692 4505 2786 4557 καὶ
2835 4504 2928 4557 ἐπὶ
2972 4503 3072 4573 τῆς
3120 4502 3310 4572 σοφίας
3340 4503 3434 4556 καὶ
3476 4500 3574 4571 τῆς
3613 4496 3744 4565 ζωῆς

524 4589 855 4644 :eternitates
880 4597 934 4643 et
956 4597 1196 4659 tempora
1217 4592 1490 4662 condidit;
1517 4595 1597 4650 sic
1627 4595 1798 4667 igitur
1822 4599 1982 4652 etiam
2013 4601 2080 4656 de

2206 4596 2422 4662 .exréov,
2445 4597 2528 4650 ὅτι
2551 4598 2643 4650 καὶ
2665 4595 2843 4650 αὐτῶν
2873 4598 2989 4650 ἐστι
3009 4596 3362 4668 δημιουργός·
3391 4597 3440 4648 εἰ
3463 4594 3569 4665 γὰρ
3588 4589 3743 4645 ταῦτα

524 4680 792 4751 sapientia
823 4689 876 4737 et
902 4683 1013 4736 vita
1041 4682 1351 4751 dicendum,
1383 4703 1507 4742 cum
1538 4703 1729 4746 eorum
1762 4707 1978 4764 quoque
2009 4697 2080 4752 sit

2206 4688 2359 4752 ἱλλως
2391 4687 2534 4759 ἔχειν
2563 4689 2825 4760 εἴπωμεν,
2855 4689 3164 4759 εὑρίσκεται
3191 4689 3219 4741 ό
3250 4687 3381 4751 Θεὸς
3412 4685 3634 4757 ὕστερον
3664 4697 3741 4734 σο-

523 4770 810 4838 conditor;
845 4771 890 4828 si
920 4772 1064 4829 enim
1094 4773 1208 4830 hac
1237 4776 1394 4832 aliter
1417 4778 1617 4836 habere
1645 4781 1965 4846 dixerimus.
1998 4786 2083 4841 in-

2206 4779 2397 4849 ρισθείς
2421 4782 2453 4852 ἦ
2482 4783 2811 4846 συνετισθεὶς
2831 4823 2846 4845 ,
2879 4783 3015 4853 ὅπερ
3043 4781 3141 4852 τῆς
3170 4779 3347 4834 αὐτῶν
3378 4782 3492 4833 ἐστι
3523 4777 3712 4846 τόλμης
3723 4811 3738 4835 ν

522 4863 737 4918 venitur
763 4863 904 4922 Deus
929 4873 1117 4937 postea
1154 4868 1371 4939 sapiens
1394 4877 1449 4926 et
1474 4871 1782 4944 intelligens
1817 4877 2080 4943 evasisse,

2206 4873 2283 4945 ιύχ
2309 4875 2575 4946 ἡμέτερον
2594 4893 2607 4906 ·
2642 4878 2715 4948 μὴ
2744 4876 2980 4944 γένοιτοί

521 4957 666 5028 quod
697 4973 883 5013 eorum
913 4961 1232 5019 temeritatis
1259 4970 1363 5025 est.
1388 4981 1495 5020 non
1526 4975 1803 5036 nostrum;
1837 4970 2008 5026 absit!

2271 4967 2383 5021 Καὶ
2449 4968 2556 5022 τοῦ
2604 4969 3006 5037 καθηγεμόνος
3061 4965 3248 5033 ἣλιος.
3299 4965 3608 5036 Σημείωσαι
3667 4959 3739 5011 ὅτι

593 5048 878 5121 Nostrique
902 5055 1231 5122 prmceploris
1259 5055 1357 5110 sol.
1389 5055 1524 5112 Nota
1551 5060 1694 5129 quod
1727 5061 1896 5116 solem
1923 5078 2082 5118 suum

2206 5061 2330 5130 iltov
2364 5061 2556 5115 ἑαυτοῦ
2585 5063 2691 5128 καὶ,
2719 5061 2813 5115 τοῦ
2845 5061 2999 5129 ἁγίου
3041 5058 3302 5130 Ἰεροθέου
3333 5058 3425 5112 τὸν
3461 5053 3740 5111 ἀπόστολον

517 5149 572 5198 et
600 5143 778 5199 sancti
829 5142 1105 5200 Hierothei
1150 5145 1296 5201 dicat
1333 5151 1639 5219 apostolum
1678 5151 1929 5210 Paulum.
1970 5155 2082 5210 Ad-

2206 5153 2392 5207 ῐαῦλόν
2443 5173 2594 5228 φησι.
2647 5157 2956 5227 Σημείωσαι
2983 5154 3060 5217 δὲ,
3101 5153 3216 5216 πῶς
3274 5151 3464 5205 ἔλαϐεν
3501 5153 3529 5204 ὀ
3559 5145 3735 5214 Πατὴρ

517 5242 668 5290 verte
703 5245 882 5291 autem
914 5237 1186 5305 quomodo
1213 5237 1374 5295 Pater
1401 5240 1723 5298 intellexerit
1750 5247 2075 5302 sententiam

2206 5247 2240 5300 θ
2312 5249 2472 5320 ῥητὸν
2527 5251 2622 5304 τοῦ
2683 5249 3000 5302 Ἀποστόλου
3029 5265 3042 5277 ·
3107 5249 3136 5300 ὁ
3193 5245 3300 5316 γὰρ
3370 5244 3737 5317 Χρυσόστομος

515 5323 784 5394 Apostoli.
841 5324 1268 5396 Cbrysostomus
1312 5330 1458 5385 enim
1508 5340 1562 5388 et
1609 5336 1802 5406 reliqui
1851 5336 2073 5393 Patrum

2206 5342 2276 5394 :a‘t
2308 5343 2356 5395 oi
2398 5342 2572 5396 λοιποὶ
2600 5342 2707 5395 τῶν
2739 5341 2996 5412 Πατέρων
3042 5340 3170 5412 περὶ
3209 5339 3302 5392 τοῦ
3350 5337 3575 5410 σταυροῦ
3616 5329 3736 5386 αὐτὸ

515 5416 648 5471 illud
673 5417 741 5472 de
769 5433 933 5475 cruce
969 5421 1370 5478 intellexerunt.

2209 5433 2389 5500 λαϐον,

585 5506 763 5562 Etiam
783 5511 1010 5566 solemne
1033 5521 1109 5566 est
1142 5513 1408 5587 theologis.
1434 5517 1587 5584 Quod
1610 5519 1812 5573 dicitur
1841 5536 2075 5577 consue-

2252 5527 2362 5580 Καὶ
2397 5527 2661 5593 σύνηθές
2686 5527 2816 5579 ἐστι
2845 5524 2968 5591 τοῖς
2997 5524 3319 5592 θεολόγοις.
3364 5520 3436 5574 Τδ
3462 5515 3732 5589 εἰρημένον

510 5597 756 5657 tudinem
783 5617 906 5660 esse
943 5604 1210 5679 theologis
1237 5607 1394 5680 185
1425 5610 1757 5680 privationes
1795 5614 2074 5669 contrario

2209 5621 2302 5682 θος
2333 5615 2469 5672 εἶναι
2499 5623 2611 5684 τοῖς
2645 5619 2914 5688 θεολόγοις
2938 5615 3248 5680 ἀντιπαθῶς
3267 5615 3311 5649 ⁸⁸
3351 5615 3444 5669 ἐπὶ
3469 5607 3597 5669 Θεοῦ
3640 5604 3730 5665 τὰς

1387 5747 1620 5804 VARUS
1653 5747 2034 5806 LECTIONES
2073 5751 2160 5808 ET
2201 5748 2755 5812 CORRECTIONES.

581 5894 626 5928 “
651 5897 771 5952 ἀντὶ
794 5898 1010 5964 πάθους.
