3872 6600
149 410 250 467 3H

905 405 964 463 S.
1000 403 1250 461 MAXIM!
1288 400 1581 460 SCHOLIA
1622 400 1687 456 IN
1727 401 1857 455 LIB.
1896 399 1986 454 DE
2026 401 2276 459 DIVINIS
2315 399 2712 459 NOMlNIBUS.

3301 399 3407 456 542

150 527 445 599 περήσεις
472 524 744 595 ἐκφέρειν,
774 521 946 585 οὕτως
976 519 1041 576 ἂν
1069 520 1359 591 νοήσαιμεν
1377 535 1391 548 ο
1425 516 1712 588 βουλόμενο

1839 531 2003 571 sensu
2054 517 2121 571 dc
2149 516 2259 570 Deo
2298 516 2602 577 enuntiare.
2649 515 2724 568 ita
2763 513 3159 586 intelligamus;
3213 531 3408 584 nempe

156 619 261 692 γὰρ
289 621 486 672 ἐκεῖνοι
511 618 572 671 τὸ
599 616 714 686 φῶς
747 615 808 670 τὸ
849 614 990 668 θεῖον
1031 613 1155 666 ὅσον
1195 605 1306 666 οἷόν
1348 628 1408 665 τε
1439 611 1731 682 παριστᾷν,

148 712 234 764 ὅτι
264 710 711 783 ἀπροσπέλαστον
745 709 840 763 καὶ
868 707 1294 768 άκατόπτευτον,
1324 695 1368 772 ᾧ
1401 701 1474 774 μὴ
1514 702 1733 755 δύναται

149 803 481 876 προσϐαλεῖν
512 803 698 874 μηδὲν,
732 803 871 874 μήτε
900 800 1080 866 άῦλον,
1120 799 1257 871 μήτε
1297 795 1573 867 αἰσθητὸν,
1607 793 1732 848 σκό-

150 911 242 957 τος
271 893 563 965 ὠνόμασαν
586 933 602 957 ,
641 892 718 956 ὼς
757 891 841 955 τὸ,
875 893 1078 946 Ἐθετο
1114 890 1336 955 σκότος
1373 884 1734 955 ἀποκρυφὴν

147 987 371 1051 αὑτοῦ,
403 988 540 1058 ὅπερ
571 989 600 1040 ό
630 986 773 1050 θεῖος
817 983 1137 1049 ’Δπόστολός
1162 1001 1328 1055 φησι,
1375 981 1504 1047 Φῶς
1551 980 1732 1035 οἰκῶν

148 1081 482 1148 ἀπρόσιτον
502 1097 516 1110 ·
552 1071 598 1149 ᾧ
639 1078 747 1152 γὰρ
775 1079 941 1150 μηδὲν
971 1077 1250 1150 πρόσεισιν
1282 1075 1469 1148 ὅμοιόν
1504 1075 1622 1128 ἐστι
1651 1073 1730 1145 τῷ

151 1171 226 1243 μὴ
250 1171 449 1243 ὁρῶντι
469 1170 810 1244 ὑπεροχικῶς
832 1171 1026 1240 σκότῳ.
1063 1169 1231 1224 Πάλιν
1251 1167 1463 1242 εἴρηται
1481 1187 1495 1200 °
1542 1169 1730 1223 Ἐθαυ-

146 1263 435 1336 μωτώθη
453 1265 490 1333 ἠ
513 1263 736 1335 γνῶσίς
762 1281 878 1319 σου
904 1263 974 1329 ἐξ
999 1263 1164 1334 ἐμοῦ,
1179 1262 1324 1318 λίαν
1348 1259 1726 1332 ἐκραταιώθη,

148 1355 224 1408 οὐ
263 1353 529 1424 δύνωμαι
571 1353 723 1422 πρὸς
761 1353 971 1420 αὐτήν.
1014 1354 1222 1427 Ὥσπερ
1263 1349 1356 1407 οὖν
1385 1356 1419 1426 ἡ
1453 1353 1728 1425 ἀκατάλη-

148 1463 287 1510 πτος
342 1446 440 1500 καὶ
493 1445 850 1518 ἀπερινόητος
892 1444 1146 1517 ἀκράτως
1198 1444 1293 1498 τοῦ
1348 1443 1483 1498 Θεοῦ
1531 1444 1729 1513 γνῶσις

143 1537 395 1609 ἀγνωσία
429 1535 819 1608 παρεικάζεται
861 1539 930 1607 τῇ
975 1533 1249 1606 ὑπερούσῃ
1292 1535 1473 1588 πᾶσαν
1514 1534 1572 1585 ὲν
1610 1549 1726 1586 κτι-

146 1633 293 1693 στοῖς
321 1629 522 1698 γνῶσιν
540 1645 554 1659 ο
591 1631 626 1700 ή
657 1627 766 1700 γὰρ
794 1628 922 1699 ’περὶ¹
943 1627 1074 1680 Θεὸν
1096 1627 1340 1696 ἀγνωσία
1360 1625 1468 1679 τῶν
1501 1625 1628 1698 περὶ
1657 1624 1726 1678 τά

145 1721 262 1775 θεῖα
308 1719 489 1790 σοφῶν
529 1720 630 1773 οὐκ
673 1719 818 1772 ἐστιν
863 1718 1104 1791 ἀμαθία,
1145 1716 1280 1772 ἀλλὰ
1317 1718 1550 1786 γνῶσις,
1600 1719 1724 1788 σιγῇ

143 1813 490 1882 γινώσκουσα
515 1853 530 1877 ,
561 1813 642 1866 ὅτι
685 1814 833 1866 ἐστὶν
871 1814 1146 1881 ἄγνωστος
1179 1813 1207 1864 ὁ
1237 1811 1368 1876 Θεός
1386 1829 1400 1843 ·
1435 1810 1608 1874 οὕτως
1632 1806 1726 1864 οῦν

1834 607 1981 679 quod
2032 608 2111 661 illi
2146 608 2392 663 volentes
2431 607 2675 662 divinum
2729 605 2914 661 lumen
2961 614 3227 675 quantum
3282 605 3410 661 licet

1834 707 2250 770 repraesentare,
2297 700 2425 770 quia
2476 699 2820 754 inaccessum
2868 703 2924 752 et
2969 697 3274 761 invisibile.
3314 696 3406 752 cui

1833 791 1970 846 nihil
2004 791 2288 846 intendere
2316 798 2516 861 potest,
2549 804 2725 860 neque
2767 789 3006 845 materiae
3052 805 3267 860 expers,
3302 803 3408 845 nec

1832 884 2054 950 sensile,
2078 881 2366 952 caliginem
2410 882 2785 946 nominarunt,
2816 887 2877 936 ut
2904 879 3035 936 illud
3073 879 3402 953 Scriptum:

1834 973 2022 1030 Posuit
2080 973 2319 1028 tenebras
2378 971 2661 1026 latibulum
2707 988 2862 1027 suum
2895 979 2962 1036 τ’,
2989 972 3134 1042 quod
3183 971 3404 1026 divinus

1829 1066 2127 1136 Apostolus
2165 1065 2337 1120 dicit:
2378 1063 2570 1120 Lucem
2607 1063 2868 1118 inhabitat
2909 1064 3401 1128 inaccessibilem';

1829 1158 1961 1212 illud
2015 1157 2162 1211 enim
2203 1157 2272 1211 ad
2321 1156 2467 1227 quod
2517 1155 2656 1210 nihil
2707 1155 2937 1222 accedit,
2983 1155 3159 1210 simile
3205 1162 3311 1218 est,
3345 1163 3404 1209 ut

1828 1251 2207 1306 excellentiam
2240 1248 2582 1320 designando
2635 1247 2849 1317 loquar,
2901 1246 3118 1318 caligini
3166 1263 3274 1302 non
3318 1247 3405 1300 vi-

1827 1339 1995 1396 denti.
2051 1339 2250 1395 Iterum
2293 1339 2498 1394 dicitur
2541 1358 2554 1393 :
2600 1337 2868 1393 Mirabilis
2907 1339 3054 1408 facta
3085 1348 3162 1392 est
3181 1339 3403 1394 scientia

1829 1441 1921 1484 tua
1949 1446 2014 1485 ea:
2044 1446 2142 1494 me,
2183 1428 2335 1483 valde
2374 1428 2678 1498 confortata
2714 1437 2813 1493 est,
2851 1444 2943 1482 nec
2971 1429 3118 1496 potui
3156 1428 3224 1482 ad
3252 1445 3401 1483 eam:

1828 1521 1908 1576 sic
1930 1521 2091 1592 igitur
2113 1519 2683 1589 incomprehensibilis
2707 1526 2760 1573 et
2783 1518 3005 1574 minime
3024 1517 3400 1590 intelligibilis,

1823 1595 1948 1667 dsine
2003 1611 2261 1666 mistione
2309 1608 2405 1664 Dei
2463 1609 2746 1680 c0gnitio,
2810 1609 3133 1680 ignorantia:
3183 1624 3402 1665 omnem

1825 1709 2204 1758 creaturarum
2263 1701 2630 1772 cognitionem
2685 1701 2965 1770 superanti
3021 1699 3400 1767 assimilatur;

1826 1794 2134 1867 ignorantia
2189 1792 2336 1848 enim
2380 1792 2435 1846 in
2475 1791 2679 1846 divinis
2719 1795 2909 1846 eorum
2956 1791 3048 1861 qui
3082 1790 3269 1846 divina
3313 1807 3402 1847 sa-

143 1903 238 1958 καὶ
259 1904 492 1958 κένωσιν
520 1903 744 1958 καλοῦσι
767 1902 860 1958 τοῦ
893 1902 1027 1956 Θεοῦ
1060 1902 1231 1973 Λόγου
1253 1902 1351 1974 τὴν
1373 1901 1716 1973 ἑνανθρὼπη-

1823 1886 2002 1957 piunt,
2045 1902 2157 1940 non
2194 1892 2278 1940 est
2317 1884 2556 1948 inscitia,
2594 1883 2690 1940 sed
2727 1883 2978 1946 scientia,
3021 1897 3143 1955 quae
3182 1883 3403 1940 silentio

143 2015 256 2060 σιν,
307 1997 485 2050 καίτοι
531 1995 712 2068 πλήρη
759 1995 1131 2066 τυγχάνουσαν
1152 2034 1167 2059 ,
1218 1994 1414 2066 μᾶλλον
1457 1993 1514 2046 δὲ
1548 1994 1717 2066 ὑπερ-

140 2090 328 2162 πλήρη
353 2089 545 2160 σοφίας
572 2090 667 2143 καὶ¹
703 2087 985 2159 δυνάμεως
1012 2089 1105 2140 καὶ
1133 2085 1428 2160 σωτηρίαςο
1462 2085 1596 2140 ἀλλὰ
1625 2086 1719 2138 καὶ

139 2181 429 2238 ἀσθένειαν
451 2179 586 2235 Θεοῦ
609 2181 672 2234 τὸ
697 2179 785 2234 διὰ
809 2178 1040 2252 σταυροῦ
1064 2178 1320 2250 τρόπαιον
1343 2175 1716 2248 ὀνομάζουσιν,

139 2267 248 2327 οἷον
277 2272 469 2346 ἐπειδὴ
499 2271 715 2342 θανάτῳ
743 2273 798 2324 αἱ
827 2270 1063 2341 πονηραὶ
1096 2270 1188 2323 καὶ
1221 2269 1441 2342 ἀόρατοι
1463 2267 1718 2339 δυνάμε.ς

139 2364 230 2418 τοῦ
267 2364 518 2419 διαϐόλου
557 2361 926 2433 κατελύθησαν
945 2401 960 2426 ,
1006 2363 1102 2416 καὶ
1145 2362 1266 2415 ἀντὶ
1308 2361 1538 2415 Θανάτου
1589 2361 1719 2414 ἀνά-

142 2471 332 2517 στασις
380 2454 592 2527 νεκρῶν
633 2455 727 2508 καὶ
774 2452 1016 2524 βασιλεία
1065 2452 1307 2525 οὐρανῶν
1356 2450 1714 2522 ἅντεισήχθηο

139 2545 326 2600 τοῦτον
349 2541 443 2600 οὖν
472 2547 564 2600 τὸν
593 2547 791 2619 τρόπον
817 2547 909 2600 καὶ
944 2547 1123 2617 μωρία
1150 2543 1315 2608 Θεοῦ,
1349 2547 1383 2616 ή
1414 2545 1594 2598 πᾶσαν
1625 2560 1716 2597 σο·-

140 2638 266 2709 φίαν
321 2639 417 2691 καὶ
460 2639 769 2710 ἐπιστήμην
833 2637 1202 2710 ὑπεραίρουσα
1249 2635 1358 2689 τῶν
1391 2634 1715 2708 ἀνθρώπων,

141 2730 353 2796 σύνεσις
383 2731 479 2786 τοῦ
513 2731 668 2786 Θεοῦ.
703 2732 916 2805 Νοήσαι
954 2731 1012 2785 δὲ
1059 2731 1122 2786 ἄν
1167 2747 1252 2794 τις
1292 2729 1355 2783 τὸ
1394 2727 1714 2799 λεγόμενον,

138 2821 335 2875 ἐννοῶν
377 2824 505 2887 τοὺς
544 2823 652 2878 ἀπὸ
692 2822 800 2876 τῶν
841 2821 1136 2902 αερέσεων,
1191 2819 1306 2892 μεθ’
1344 2812 1422 2872 ὧν
1461 2818 1556 2871 καὶ
1591 2817 1718 2882 τοὺς

67 2917 72 2922 ’
143 2914 442 2986 Ἕλληνας,
491 2914 540 2968 οἳ
591 2914 969 2985 συλλογισμοῖς
1016 2912 1290 2984 αἰσθητοῖς
1339 2907 1716 2965 ἀποδεικνύναι

139 3008 498 3076 φαντάζονται
551 3007 686 3062 Θεοῦ
738 3009 1012 3081 σάρκωσιν
1061 3004 1319 3060 ἀδύνατον
1362 2999 1501 3057 εἶναι
1555 3002 1716 3074 μέχρι

140 3098 366 3153 θανάτου
390 3099 859 3173 οίκονομηθεῖσαν.
890 3099 1034 3172 Πρὸς
1063 3099 1156 3163 οὓς
1184 3097 1378 3151 ἐννοῶν
1397 3097 1425 3150 ό
1446 3095 1718 3157 θειότατος

141 3190 350 3255 Παῦλος
400 3191 705 3262 ἰλιγγιάσας
739 3192 1074 3264 ἀνέκραγεν·
1114 3192 1182 3245 Ὢ
1217 3189 1411 3256 ,βάθος
1448 3188 1717 3242 πλούτου

1820 1973 2102 2044 cognoscit
2141 1971 2310 2026 Deum
2361 1971 2588 2028 minime
2650 1972 2910 2043 cognosci
2971 1988 3154 2042 posse.
3213 1974 3401 2044 Itaque

1822 2063 1918 2119 Dei
1948 2063 2111 2120 Verbi
2138 2071 2350 2120 naturae
2384 2065 2637 2121 humana:
2677 2064 3107 2135 assumptionem
3141 2066 3403 2121 inanitio-

1821 2173 1943 2213 nem
1966 2159 2312 2224 vocant,etsi
2336 2158 2494 2228 plena
2532 2157 2604 2212 sit
2635 2158 2746 2212 imo
2766 2157 3083 2227 plenissima
3108 2160 3397 2230 sapientia,

1818 2248 2038 2315 virtute,
2060 2263 2124 2303 ac
2143 2248 2318 2305 salute
2338 2266 2352 2314 ;
2377 2248 2510 2319 quin
2529 2249 2694 2304 etiam
2718 2247 2811 2304 Dei
2831 2248 3199 2306 infirmitatem
3216 2251 3402 2307 crucis

1821 2348 2082 2410 tropa'um
2181 2349 2422 2404 vocant,
2475 2339 2738 2410 quoniam
2792 2339 2949 2394 malae
2997 2348 3051 2395 et
3099 2341 3402 2397 invisibiles

1819 2429 2020 2485 diaboli
2042 2437 2338 2501 potestates
2352 2438 2526 2485 morte
2548 2430 2830 2485 dissolutae
2853 2437 3002 2495 sunt,
3025 2438 3081 2487 et
3104 2446 3202 2502 pro
3224 2440 3399 2488 morte

1819 2531 2161 2577 mortuorum
2199 2523 2534 2577 resurrectio
2563 2536 2630 2576 ac
2665 2537 2892 2594 regnum
2921 2523 3187 2579 calorum
3222 2524 3398 2580 intro-

1817 2613 2040 2670 ductum
2058 2623 2169 2672 est:
2185 2614 2290 2671 hoc
2308 2615 2473 2682 igitur
2489 2615 2650 2671 modo
2663 2616 2892 2673 stultitia
2907 2615 3024 2681 Dei,
3043 2632 3162 2687 quae
3179 2633 3396 2672 omnem

1819 2707 2139 2776 sapientiam
2162 2714 2216 2762 et
2244 2708 2528 2762 scientiam
2553 2707 2834 2762 hominum
2855 2718 3098 2779 superat,
3121 2708 3215 2765 Dei
3238 2709 3398 2764 intel-

1821 2797 2075 2868 ligentia:
2103 2799 2303 2870 poterit
2325 2808 2504 2856 autem
2529 2800 2654 2871 quis
2678 2800 2982 2871 intelligere
3002 2801 3148 2872 quod
3174 2801 3394 2864 dicitur,

1818 2890 1865 2942 si
1898 2891 2100 2960 cogitet
2140 2890 2468 2958 haereticos,
2530 2900 2750 2948 etcum
2806 2893 2915 2951 illis
2966 2896 3239 2966 gentiles,
3298 2896 3394 2966 qui

1819 2980 2064 3035 sensibili
2103 2989 2426 3052 argumento
2479 2988 2674 3053 putant
2709 2983 3115 3049 demonstrare,
3145 2985 3395 3056 impossi-

1819 3072 1928 3127 bile
1977 3086 2102 3128 esse
2141 3071 2240 3127 Dei
2303 3073 2739 3130 incarnationem
2801 3089 2975 3144 usque
3033 3073 3102 3128 ad
3162 3083 3390 3132 mortem

1819 3161 2192 3233 dispensatam
2232 3159 2426 3218 fuisse.
2471 3161 2751 3226 Adversus
2774 3179 2915 3234 quos
2949 3165 3168 3221 divinus
3189 3163 3398 3221 Paulus

139 3287 230 3340 καὶ
276 3254 706 3356 (rogatae-.0806,
749 3288 830 3354 ὡς
869 3254 1306 3355 ἀνεξερεύνητα
1342 3254 1414 3337 τά
1465 3283 1716 3351 κρίματα

1823 3254 1982 3310 veluti
2003 3255 2294 3327 cogitando
2347 3255 2544 3326 capitis
2583 3256 2902 3327 vertiginem
2929 3273 3128 3327 passus
3167 3259 3394 3324 clamat,

138 3378 339 3432 αὐτοῦ.
371 3377 448 3432 Τὸ
475 3375 566 3433 οὖν
590 3381 883 3452 ὑπεραῖρον
899 3379 1078 3450 πάσης
1107 3376 1328 3448 κτιστῆς
1355 3375 1547 3444 σοφίας
1576 3373 1710 3445 μέθ-

137 3471 248 3524 οδον
278 3469 394 3525 ἴσον
423 3471 490 3526 ἂν
533 3471 616 3544 εἴη
642 3474 756 3536 τοῖς
787 3472 848 3524 οὐ
877 3471 1237 3533 θεοδιδάκτοις
1269 3467 1477 3540 μωρίας
1501 3465 1678 3535 λόγοις
1693 3483 1708 3533 ;

140 3565 328 3634 Λάγοις
356 3563 468 3637 γάρ
500 3566 600 3620 οὐκ
627 3565 692 3620 ἂν
722 3565 1096 3636 ὲξομαλισθείη
1119 3564 1152 3635 ἦ
1182 3563 1249 3617 δι’
1282 3561 1553 3634 αἰσθητῶν
1573 3559 1709 3614 ἀπο-

138 3655 349 3725 δείξεων
375 3657 438 3710 τὸ
469 3660 786 3731 μυστήριον,
822 3658 1057 3721 πίστεως
1083 3657 1144 3710 οὐ
1175 3654 1608 3729 προηγουμένης.

212 3903 756 3968 Ἀντιπεπονθότως
809 3901 907 3955 ἐπὶ
955 3900 1122 3956 Θεοῦ.
1195 3899 1707 3965 ’Λντιπεπονθότως,

141 3997 411 4051 τουτέστιν
492 3996 950 4068 ἀντιπεριτροπὴν
1010 3995 1105 4049 τοῦ
1164 3994 1324 4063 λόγου
1370 3995 1705 4066 πάσχοντος*

139 4090 218 4145 διὰ
257 4091 369 4162 γάρ
414 4089 523 4143 τῶν
567 4089 667 4153 τὰς
710 4090 994 4161 περήσεις
1043 4088 1316 4160 δηλουσῶν
1360 4087 1705 4157 ἀποφάσεων,

142 4183 171 4239 ἡ
204 4184 332 4254 περὶ
359 4181 496 4235 Θεοῦ
522 4180 763 4253 ὑπεροχὴ
786 4179 1062 4253 δηλοῦται,
1094 4181 1246 4252 ὅπερ,
1264 4183 1322 4234 ὲν
1349 4180 1518 4251 ἑτέρῳ
1549 4177 1706 4231 δύνα-

145 4291 228 4344 μιν
255 4274 594 4346 ὑπεροχικῆς
615 4271 943 4342 ἀποφάσεως
972 4273 1180 4344 είρηκε.

208 4453 276 4507 Tb
306 4459 672 4522 φαινόμενον
699 4452 770 4506 ἐν
795 4451 949 4520 αὐτῇ
979 4453 1343 4522 παράλογον.
1377 4454 1487 4506 Καὶ
1515 4453 1622 4524 γὰρ
1649 4454 1710 4506 τὸ

145 4545 272 4597 κατά
301 4545 396 4598 τὸν
427 4543 655 4616 σταυρὸν
683 4542 877 4609 πάθος,
900 4545 996 4598 καὶ¹
1016 4544 1077 4596 τὸ
1097 4544 1278 4611 λέγειν
1307 4544 1440 4598 Θεὸν
1469 4544 1709 4599 παθόντα

146 4639 297 4709 σαρκὶ
317 4681 333 4708 ,
365 4639 462 4692 καὶ
500 4637 811 4710 παράλογον
841 4638 1024 4704 δοκεῖ,
1053 4638 1146 4690 καὶ
1177 4638 1378 4693 ἄτοπον
1397 4679 1412 4705 ,
1441 4639 1578 4710 ὅπερ
1610 4639 1709 4711 τὴν
1743 4621 1784 4674 D

144 4728 296 4794 ὅντως
321 4730 509 4801 ἐδήλου
538 4728 811 4802 ἀλήθειαν.
855 4728 1198 4802 [Σημείωσαιδ
1227 4728 1342 4794 πῶς
1379 4733 1489 4783 νοεῖ
1527 4733 1556 4784 ό
1594 4731 1707 4784 Πα-

143 4822 236 4894 τὴρ
272 4823 335 4876 τὸ
373 4820 469 4875 τοῦ
509 4821 835 4875 Ἀποστόλου
876 4822 1038 4893 ῥητόν
1064 4839 1078 4851 ·
1108 4823 1138 4875 ὁ
1167 4821 1276 4892 γὰρ
1319 4821 1707 4893 Χρυσόστομος

146 4916 226 4967 καὶ
268 4917 317 4969 οξ
363 4916 543 4969 λοιποὶ
574 4914 686 4968 τῶν
709 4915 968 4987 Πατὲρων
1007 4916 1137 4987 περὶ
1164 4915 1261 4969 τοῦ
1289 4915 1524 4987 σταυροῦ
1548 4914 1706 4969 τοῦτο

146 5004 426 5080 ganeam]

219 5099 666 5172 Ἐνειλούμενοι.
703 5101 790 5155 Ἐν
806 5101 985 5172 ἄλλοις
1002 5100 1399 5170 ἐναλλόμενοι,
1427 5099 1704 5153 τουτέστιν

146 5191 581 5266 ἐπιστρεφόμενοι
608 5193 677 5262 ⁵⁸,
721 5193 1214 5266 ὲγκαλινδούμενοι.
1248 5193 1495 5247 Δείκνυσι
1521 5193 1580 5246 δὲ
1613 5193 1703 5247 διὰ

145 5284 354 5355 τούτων,
381 5289 466 5342 ὅτι
484 5289 548 5342 οὐ
572 5287 654 5341 δεῖ
672 5288 740 5343 τὰ
761 5287 882 5341 θεῖα
910 5289 1021 5351 τοῖς
1041 5287 1401 5358 ἀνθρωπίνοις
1427 5286 1703 5358 παραϐάλ-

148 5372 267 5431 λειν.

209 5573 395 5632 νΡεει
450 5577 702 5643 xvn,l‘2'
770 5585 793 5612 ³
828 5575 1009 5634 lTim.
1076 5577 1262 5644 vr,'6.
1312 5580 1358 5615 ‘°
1393 5575 1550 5631 Rom.
1589 5593 1666 5641 XI.
1705 5578 1793 5632 33.

1815 3345 1862 3403 0
1893 3346 2121 3401 altitudo
2158 3346 2465 3402 divitiarum
2502 3356 2553 3404 et
2583 3351 2856 3418 sapientia:
2895 3350 3027 3416 Dei,
3058 3367 3217 3422 quam
3249 3353 3383 3408 inin-

1811 3440 2139 3512 oestigabilia
2183 3442 2395 3512 judicia
2435 3442 2548 3512 ejus
2578 3445 2658 3509 νς
2712 3443 2857 3513 quod
2912 3458 3042 3515 ergo
3077 3445 3257 3502 onmis
3298 3461 3390 3501 sa-

1811 3534 2031 3604 pientiae
2062 3541 2262 3591 creatae
2294 3536 2405 3591 vim
2449 3543 2690 3606 superat.
2731 3535 3007 3608 quomodo
3040 3537 3248 3608 aequale
3282 3540 3388 3594 erit

1811 3627 2055 3684 stultitia:
2086 3629 2268 3684 verbis
2289 3627 2511 3684 minime
2535 3642 2566 3682 a
2594 3627 2704 3684 Deo
2735 3628 2945 3686 eductis
2965 3630 2990 3684 ?
3011 3627 3200 3700 Neque
3239 3627 3390 3688 enim

1811 3720 2128 3790 mysterium
2171 3721 2352 3776 verbis
2376 3727 2470 3775 aut
2504 3720 2968 3780 demonstratione
3009 3723 3254 3780 sensibili
3287 3740 3389 3782 ex-

1809 3811 2006 3882 plicari
2042 3820 2228 3883 queat,
2273 3812 2381 3869 nisi
2418 3811 2553 3868 ﬁdes
2593 3815 2884 3883 praecedat.

1879 3903 2162 3961 Contraria
2180 3922 2358 3970 sensu,
2383 3905 2478 3963 Gr.
2501 3905 2984 3970 άντιπεπονθότως,
3021 3909 3076 3962 in
3099 3906 3228 3965 Deo.
3276 3909 3389 3963 ’Δνο

1807 3996 2223 4061 τιπεπονθότως.
2255 3998 2310 4052 id
2351 4006 2434 4054 est
2469 4013 2721 4055 sermone
2749 3997 3200 4069 signiﬁcationem
3247 4015 3384 4055 con-

1808 4086 2032 4140 trariam
2080 4087 2350 4155 habente;
2401 4087 2786 4159 negationibus
2844 4087 2990 4144 enim
3046 4088 3384 4159 privationes

1808 4177 2238 4244 declarantibus,
2278 4179 2598 4235 excellentia
2635 4179 2962 4244 declaratur,
2997 4179 3143 4250 quod
3186 4181 3294 4236 alio
3327 4182 3386 4236 in

1812 4269 1932 4323 loco
1991 4269 2248 4327 virtutem
2302 4271 2610 4342 negationis
2669 4286 2958 4328 excessum
3017 4272 3385 4344 signiﬁcantis

1809 4360 1969 4416 dixit.

1884 4453 1951 4508 Id
1987 4459 2122 4526 quod
2156 4459 2221 4512 in
2245 4473 2327 4536 ,σα
2373 4456 2572 4510 ration:
2601 4457 2930 4511 contrarium
2973 4455 3195 4510 videtur.
3243 4455 3378 4510 Nam

1809 4548 1920 4618 pati
1961 4548 2016 4602 in
2063 4563 2249 4609 cruce.
2279 4554 2334 4603 et
2366 4562 2614 4605 asserere
2640 4547 2809 4604 Deum
2851 4548 2907 4603 in
2938 4563 3104 4604 carne
3131 4564 3378 4620 passum,

1813 4642 2010 4695 rationi
2053 4641 2390 4697 contrarium
2421 4647 2587 4712 atque
2613 4642 2913 4698 absurdum
2948 4642 3184 4709 videtur,
3219 4643 3382 4715 186

1812 4731 1955 4800 quod
1995 4746 2054 4786 re
2096 4733 2215 4801 ipsa
2268 4731 2445 4802 ipsam
2492 4733 2807 4789 declarabat
2838 4734 3138 4790 veritatem.
3193 4733 3374 4806 [Nota,

1812 4825 2084 4894 quomodo
2111 4824 2199 4880 hic
2220 4823 2382 4882 Pater
2403 4825 2612 4882 dictum
2639 4825 2774 4882 illud
2802 4826 3046 4897 Apostoli
3068 4827 3371 4899 intelligat:

1809 4931 1936 4971 nam
1963 4915 2406 4989 Cbrysostomus,
2427 4933 2492 4975 ac
2516 4919 2710 4990 reliqui
2734 4918 2925 4976 Patres
2945 4919 3093 4976 istud
3120 4919 3188 4976 de
3211 4934 3378 4975 cruce

1810 5011 2182 5083 acceperunt.]
2545 5009 2550 5022 ‘

1885 5103 2227 5167 Inhwrentes,
2248 5102 2342 5182 Gr.
2364 5103 2734 5176 ὲνειλούμενοι.
2773 5103 2886 5160 Alia
2913 5103 3244 5175 exemplaria
3275 5102 3375 5155 ha-

1810 5197 1941 5252 bent
1966 5196 2311 5267 ὲνιλλόμενοι,
2352 5197 2408 5252 id
2446 5203 2531 5254 est
2549 5197 2820 5263 conversi,
2852 5197 3100 5254 involuti.
3128 5195 3226 5250 His
3273 5210 3374 5249 au-

1809 5298 1918 5344 tem
1967 5287 2208 5344 ostendit
2239 5288 2423 5345 divina
2458 5305 2570 5347 non
2613 5305 2738 5348 esse
2766 5305 2891 5348 cum
2930 5284 3184 5346 humanis
3221 5302 3372 5342 com-

1808 5381 2068 5450 paranda.

1015 5731 1253 5788 νΑΒιΑΞ
1289 5729 1675 5790 LECTIONES
1708 5729 1796 5786 ΕΤ
1829 5726 2370 5788 COBRECTIONES.

211 5870 253 5901 ⁸⁸
283 5871 712 5945 ὲνστρεφόμενοι.
