  <div class='ocr_page' id='page_1' title='image "/cluster/home/n/w/nwhite01/storage/ocr_20150623/4/hvd.32044014713200/181.png"; bbox 0 0 3872 6542; ppageno 0'>
   <div class='ocr_carea' id='block_1_1' title="bbox 532 385 642 441">
    <p class='ocr_par' dir='ltr' id='par_1_1' title="bbox 532 385 642 441">
     <span class='ocr_line' id='line_1_1' title="bbox 532 385 642 441; baseline 0.009 -1"><span class='ocrx_word' id='word_1_1' title='bbox 532 385 642 441; x_wconf 71' lang='grc'><strong>545</strong></span> 
     </span>
    </p>
   </div>
   <div class='ocr_carea' id='block_1_2' title="bbox 1301 377 2980 438">
    <p class='ocr_par' dir='ltr' id='par_1_2' title="bbox 1301 377 2980 438">
     <span class='ocr_line' id='line_1_2' title="bbox 1301 377 2980 438; baseline -0.001 -1"><span class='ocrx_word' id='word_1_2' title='bbox 1301 380 1648 438; x_wconf 80' lang='lat' dir='ltr'><strong>APPENDIX</strong></span> <span class='ocrx_word' id='word_1_3' title='bbox 1678 381 1770 438; x_wconf 84' lang='lat' dir='ltr'><strong>AD</strong></span> <span class='ocrx_word' id='word_1_4' title='bbox 1801 379 2030 437; x_wconf 78' lang='lat' dir='ltr'><strong>OPERA</strong></span> <span class='ocrx_word' id='word_1_5' title='bbox 2065 380 2123 436; x_wconf 87' lang='lat' dir='ltr'><strong>S.</strong></span> <span class='ocrx_word' id='word_1_6' title='bbox 2162 380 2459 438; x_wconf 84' lang='lat' dir='ltr'><strong>DlONYSll</strong></span> <span class='ocrx_word' id='word_1_7' title='bbox 2496 377 2980 437; x_wconf 66' lang='grc' dir='ltr'><strong>ΔΚΕΟΡΔΕΙΤΛΕ.</strong></span> 
     </span>
    </p>
   </div>
   <div class='ocr_carea' id='block_1_3' title="bbox 3670 382 3761 439">
    <p class='ocr_par' dir='ltr' id='par_1_3' title="bbox 3670 382 3761 439">
     <span class='ocr_line' id='line_1_3' title="bbox 3670 382 3761 439; baseline -0.011 -1"><span class='ocrx_word' id='word_1_8' title='bbox 3670 382 3761 439; x_wconf 72' lang='grc' dir='ltr'><strong>ιιι</strong></span> 
     </span>
    </p>
   </div>
   <div class='ocr_carea' id='block_1_4' title="bbox 610 480 2093 577">
    <p class='ocr_par' dir='ltr' id='par_1_4' title="bbox 610 480 2093 577">
     <span class='ocr_line' id='line_1_4' title="bbox 610 480 2093 577; baseline -0.001 -18"><span class='ocrx_word' id='word_1_9' title='bbox 610 480 725 559; x_wconf 73' lang='grc' dir='ltr'>ί⁷ἰπι</span> <span class='ocrx_word' id='word_1_10' title='bbox 758 505 965 577; x_wconf 79' lang='lat' dir='ltr'><strong>quidem</strong></span> <span class='ocrx_word' id='word_1_11' title='bbox 1011 503 1217 559; x_wconf 80' lang='lat' dir='ltr'><strong>habere.</strong></span> <span class='ocrx_word' id='word_1_12' title='bbox 1260 504 1513 561; x_wconf 83' lang='lat' dir='ltr'><strong>Diximus</strong></span> <span class='ocrx_word' id='word_1_13' title='bbox 1555 520 1774 576; x_wconf 87' lang='lat' dir='ltr'><strong>quoque</strong></span> <span class='ocrx_word' id='word_1_14' title='bbox 1822 504 2093 576; x_wconf 89' lang='lat' dir='ltr'><strong>superius,</strong></span> 
     </span>
    </p>
   </div>
   <div class='ocr_carea' id='block_1_5' title="bbox 2196 480 3759 577">
    <p class='ocr_par' dir='ltr' id='par_1_5' title="bbox 2276 498 3759 574">
     <span class='ocr_line' id='line_1_5' title="bbox 2276 498 3759 574; baseline -0.005 -15"><span class='ocrx_word' id='word_1_15' title='bbox 2276 502 2394 573; x_wconf 66' lang='grc' dir='ltr'><strong>Τὴν</strong></span> <span class='ocrx_word' id='word_1_16' title='bbox 2430 503 2548 574; x_wconf 77' lang='grc' dir='ltr'>μὲν</span> <span class='ocrx_word' id='word_1_17' title='bbox 2588 505 2752 573; x_wconf 75' lang='grc' dir='ltr'>ἐχειν</span> <span class='ocrx_word' id='word_1_18' title='bbox 2779 502 3054 572; x_wconf 80' lang='grc' dir='ltr'>δύναμιν.</span> <span class='ocrx_word' id='word_1_19' title='bbox 3090 499 3199 557; x_wconf 70' lang='grc' dir='ltr'><strong>Καὶ</strong></span> <span class='ocrx_word' id='word_1_20' title='bbox 3226 499 3486 571; x_wconf 83' lang='grc' dir='ltr'><strong>ἀνωτέρω</strong></span> <span class='ocrx_word' id='word_1_21' title='bbox 3522 498 3759 571; x_wconf 70' lang='grc' dir='ltr'>εἴπομεν,</span> 
     </span>
    </p>
   </div>
   <div class='ocr_carea' id='block_1_6' title="bbox 446 596 2097 667">
    <p class='ocr_par' dir='ltr' id='par_1_6' title="bbox 446 596 2097 667">
     <span class='ocr_line' id='line_1_6' title="bbox 446 596 2097 667; baseline -0.003 -12"><span class='ocrx_word' id='word_1_22' title='bbox 446 651 451 655; x_wconf 86' lang='grc'><strong>,</strong></span> <span class='ocrx_word' id='word_1_23' title='bbox 524 608 761 653; x_wconf 80' lang='lat' dir='ltr'><strong>mentem</strong></span> <span class='ocrx_word' id='word_1_24' title='bbox 807 597 1106 667; x_wconf 76' lang='lat' dir='ltr'><strong>intelligere</strong></span> <span class='ocrx_word' id='word_1_25' title='bbox 1139 596 1410 652; x_wconf 83' lang='lat' dir='ltr'><strong>volentem</strong></span> <span class='ocrx_word' id='word_1_26' title='bbox 1448 597 1683 667; x_wconf 89' lang='lat' dir='ltr'><strong>seipsam</strong></span> <span class='ocrx_word' id='word_1_27' title='bbox 1729 596 1934 662; x_wconf 89' lang='lat' dir='ltr'><strong>subire,</strong></span> <span class='ocrx_word' id='word_1_28' title='bbox 1967 596 2097 651; x_wconf 92' lang='lat' dir='ltr'><strong>dum</strong></span> 
     </span>
    </p>
   </div>
   <div class='ocr_carea' id='block_1_7' title="bbox 525 687 2099 757">
    <p class='ocr_par' dir='ltr' id='par_1_7' title="bbox 525 687 2099 757">
     <span class='ocr_line' id='line_1_7' title="bbox 525 687 2099 757; baseline 0 -15"><span class='ocrx_word' id='word_1_29' title='bbox 525 688 593 743; x_wconf 87' lang='lat' dir='ltr'><strong>ad</strong></span> <span class='ocrx_word' id='word_1_30' title='bbox 624 688 1022 747; x_wconf 87' lang='lat' dir='ltr'><strong>intellectiones</strong></span> <span class='ocrx_word' id='word_1_31' title='bbox 1050 687 1374 757; x_wconf 88' lang='lat' dir='ltr'><strong>descendit;</strong></span> <span class='ocrx_word' id='word_1_32' title='bbox 1407 688 1807 745; x_wconf 87' lang='lat' dir='ltr'><strong>intellectiones</strong></span> <span class='ocrx_word' id='word_1_33' title='bbox 1836 688 1981 744; x_wconf 89' lang='lat' dir='ltr'><strong>enim</strong></span> <span class='ocrx_word' id='word_1_34' title='bbox 2014 688 2099 742; x_wconf 91' lang='lat' dir='ltr'><strong>in-</strong></span> 
     </span>
    </p>
   </div>
   <div class='ocr_carea' id='block_1_8' title="bbox 525 779 2098 856">
    <p class='ocr_par' dir='ltr' id='par_1_8' title="bbox 525 779 2098 856">
     <span class='ocr_line' id='line_1_8' title="bbox 525 779 2098 856; baseline 0 -21"><span class='ocrx_word' id='word_1_35' title='bbox 525 779 753 853; x_wconf 66' lang='lat' dir='ltr'><strong>feriores</strong></span> <span class='ocrx_word' id='word_1_36' title='bbox 796 789 927 852; x_wconf 83' lang='lat' dir='ltr'><strong>sunt</strong></span> <span class='ocrx_word' id='word_1_37' title='bbox 975 781 1336 856; x_wconf 83' lang='lat' dir='ltr'><strong>intelligente,</strong></span> <span class='ocrx_word' id='word_1_38' title='bbox 1371 788 1433 847; x_wconf 87' lang='lat' dir='ltr'><strong>ut</strong></span> <span class='ocrx_word' id='word_1_39' title='bbox 1481 798 1604 854; x_wconf 73' lang='lat' dir='ltr'><strong>qua:</strong></span> <span class='ocrx_word' id='word_1_40' title='bbox 1634 782 2008 854; x_wconf 75' lang='lat' dir='ltr'><strong>intelligantur</strong></span> <span class='ocrx_word' id='word_1_41' title='bbox 2044 788 2098 836; x_wconf 90' lang='lat' dir='ltr'><strong>et</strong></span> 
     </span>
    </p>
   </div>
   <div class='ocr_carea' id='block_1_9' title="bbox 523 861 2097 945">
    <p class='ocr_par' dir='ltr' id='par_1_9' title="bbox 523 861 2097 945">
     <span class='ocr_line' id='line_1_9' title="bbox 523 861 2097 945; baseline 0 -16"><span class='ocrx_word' id='word_1_42' title='bbox 523 874 1092 945; x_wconf 68' lang='lat' dir='ltr'><strong>comprehendantur,</strong></span> <span class='ocrx_word' id='word_1_43' title='bbox 1142 881 1307 945; x_wconf 85' lang='lat' dir='ltr'><strong>atque</strong></span> <span class='ocrx_word' id='word_1_44' title='bbox 1359 861 1559 945; x_wconf 78' lang='lat' dir='ltr'><strong>merito</strong></span> <span class='ocrx_word' id='word_1_45' title='bbox 1608 875 1874 943; x_wconf 81' lang='lat' dir='ltr'><strong>unitionis</strong></span> <span class='ocrx_word' id='word_1_46' title='bbox 1919 874 2097 945; x_wconf 78' lang='lat' dir='ltr'><strong>ipsius</strong></span> 
     </span>
    </p>
   </div>
   <div class='ocr_carea' id='block_1_10' title="bbox 523 967 2097 1040">
    <p class='ocr_par' dir='ltr' id='par_1_10' title="bbox 523 967 2097 1040">
     <span class='ocr_line' id='line_1_10' title="bbox 523 967 2097 1040; baseline 0.001 -18"><span class='ocrx_word' id='word_1_47' title='bbox 523 967 723 1037; x_wconf 70' lang='lat' dir='ltr'><strong>tuentis</strong></span> <span class='ocrx_word' id='word_1_48' title='bbox 766 967 1042 1040; x_wconf 85' lang='lat' dir='ltr'><strong>separatio</strong></span> <span class='ocrx_word' id='word_1_49' title='bbox 1093 983 1158 1022; x_wconf 88' lang='lat' dir='ltr'><strong>ac</strong></span> <span class='ocrx_word' id='word_1_50' title='bbox 1200 968 1437 1036; x_wconf 78' lang='lat' dir='ltr'><strong>divisio;</strong></span> <span class='ocrx_word' id='word_1_51' title='bbox 1471 968 1782 1026; x_wconf 90' lang='lat' dir='ltr'><strong>intellectus</strong></span> <span class='ocrx_word' id='word_1_52' title='bbox 1826 970 1971 1024; x_wconf 90' lang='lat' dir='ltr'><strong>enim</strong></span> <span class='ocrx_word' id='word_1_53' title='bbox 2012 977 2097 1025; x_wconf 92' lang='lat' dir='ltr'><strong>est</strong></span> 
     </span>
    </p>
   </div>
   <div class='ocr_carea' id='block_1_11' title="bbox 521 1059 2093 1132">
    <p class='ocr_par' dir='ltr' id='par_1_11' title="bbox 521 1059 2093 1132">
     <span class='ocr_line' id='line_1_11' title="bbox 521 1059 2093 1132; baseline 0.004 -19"><span class='ocrx_word' id='word_1_54' title='bbox 521 1059 753 1132; x_wconf 79' lang='lat' dir='ltr'><strong>simplex</strong></span> <span class='ocrx_word' id='word_1_55' title='bbox 783 1067 837 1113; x_wconf 90' lang='lat' dir='ltr'><strong>et</strong></span> <span class='ocrx_word' id='word_1_56' title='bbox 864 1060 1099 1130; x_wconf 84' lang='lat' dir='ltr'><strong>partium</strong></span> <span class='ocrx_word' id='word_1_57' title='bbox 1128 1076 1355 1132; x_wconf 81' lang='lat' dir='ltr'><strong>expers;</strong></span> <span class='ocrx_word' id='word_1_58' title='bbox 1383 1062 1781 1119; x_wconf 89' lang='lat' dir='ltr'><strong>intellectiones</strong></span> <span class='ocrx_word' id='word_1_59' title='bbox 1811 1078 1937 1121; x_wconf 88' lang='lat' dir='ltr'><strong>vero</strong></span> <span class='ocrx_word' id='word_1_60' title='bbox 1966 1072 2093 1129; x_wconf 87' lang='lat' dir='ltr'><strong>sunt</strong></span> 
     </span>
    </p>
   </div>
   <div class='ocr_carea' id='block_1_12' title="bbox 521 1146 2096 1225">
    <p class='ocr_par' dir='ltr' id='par_1_12' title="bbox 521 1146 2096 1225">
     <span class='ocr_line' id='line_1_12' title="bbox 521 1146 2096 1225; baseline 0.004 -22"><span class='ocrx_word' id='word_1_61' title='bbox 521 1146 575 1204; x_wconf 84' lang='lat' dir='ltr'><strong>in</strong></span> <span class='ocrx_word' id='word_1_62' title='bbox 598 1152 832 1219; x_wconf 84' lang='lat' dir='ltr'><strong>maxima</strong></span> <span class='ocrx_word' id='word_1_63' title='bbox 857 1152 1015 1222; x_wconf 88' lang='lat' dir='ltr'><strong>copia</strong></span> <span class='ocrx_word' id='word_1_64' title='bbox 1037 1161 1091 1207; x_wconf 88' lang='lat' dir='ltr'><strong>et</strong></span> <span class='ocrx_word' id='word_1_65' title='bbox 1114 1154 1356 1225; x_wconf 89' lang='lat' dir='ltr'><strong>separari</strong></span> <span class='ocrx_word' id='word_1_66' title='bbox 1381 1161 1611 1224; x_wconf 88' lang='lat' dir='ltr'><strong>queunt,</strong></span> <span class='ocrx_word' id='word_1_67' title='bbox 1637 1169 1700 1209; x_wconf 89' lang='lat' dir='ltr'><strong>ac</strong></span> <span class='ocrx_word' id='word_1_68' title='bbox 1720 1155 1883 1211; x_wconf 89' lang='lat' dir='ltr'><strong>veluti</strong></span> <span class='ocrx_word' id='word_1_69' title='bbox 1908 1154 2096 1211; x_wconf 85' lang='lat' dir='ltr'><strong>formae</strong></span> 
     </span>
    </p>
   </div>
   <div class='ocr_carea' id='block_1_13' title="bbox 519 1244 2095 1318">
    <p class='ocr_par' dir='ltr' id='par_1_13' title="bbox 519 1244 2095 1318">
     <span class='ocr_line' id='line_1_13' title="bbox 519 1244 2095 1318; baseline 0.005 -23"><span class='ocrx_word' id='word_1_70' title='bbox 519 1259 583 1297; x_wconf 86' lang='lat' dir='ltr'><strong>ac</strong></span> <span class='ocrx_word' id='word_1_71' title='bbox 614 1244 827 1315; x_wconf 78' lang='lat' dir='ltr'><strong>species</strong></span> <span class='ocrx_word' id='word_1_72' title='bbox 860 1245 1204 1311; x_wconf 76' lang='lat' dir='ltr'><strong>intellectus;</strong></span> <span class='ocrx_word' id='word_1_73' title='bbox 1236 1244 1358 1301; x_wconf 90' lang='lat' dir='ltr'><strong>ideo</strong></span> <span class='ocrx_word' id='word_1_74' title='bbox 1384 1245 1455 1299; x_wconf 87' lang='grc' dir='ltr'>τὰ</span> <span class='ocrx_word' id='word_1_75' title='bbox 1481 1245 1661 1318; x_wconf 85' lang='grc' dir='ltr'>νοερά,</span> <span class='ocrx_word' id='word_1_76' title='bbox 1691 1246 1744 1301; x_wconf 90' lang='lat' dir='ltr'><strong>id</strong></span> <span class='ocrx_word' id='word_1_77' title='bbox 1775 1254 1859 1301; x_wconf 88' lang='lat' dir='ltr'><strong>est</strong></span> <span class='ocrx_word' id='word_1_78' title='bbox 1888 1262 1951 1302; x_wconf 86' lang='lat' dir='ltr'><strong>ea</strong></span> <span class='ocrx_word' id='word_1_79' title='bbox 1974 1263 2095 1317; x_wconf 65' lang='lat' dir='ltr'><strong>quae</strong></span> 
     </span>
    </p>
   </div>
   <div class='ocr_carea' id='block_1_14' title="bbox 519 1335 2094 1409">
    <p class='ocr_par' dir='ltr' id='par_1_14' title="bbox 519 1335 2094 1409">
     <span class='ocr_line' id='line_1_14' title="bbox 519 1335 2094 1409; baseline 0.004 -20"><span class='ocrx_word' id='word_1_80' title='bbox 519 1335 853 1407; x_wconf 78' lang='lat' dir='ltr'><strong>intelligunt,</strong></span> <span class='ocrx_word' id='word_1_81' title='bbox 892 1336 1152 1405; x_wconf 75' lang='lat' dir='ltr'><strong>inferiora</strong></span> <span class='ocrx_word' id='word_1_82' title='bbox 1208 1345 1337 1409; x_wconf 80' lang='lat' dir='ltr'><strong>sunt</strong></span> <span class='ocrx_word' id='word_1_83' title='bbox 1383 1337 1491 1392; x_wconf 87' lang='grc' dir='ltr'><strong>τῶν</strong></span> <span class='ocrx_word' id='word_1_84' title='bbox 1530 1337 1755 1409; x_wconf 80' lang='grc' dir='ltr'><strong>νοητῶν,</strong></span> <span class='ocrx_word' id='word_1_85' title='bbox 1800 1339 1853 1393; x_wconf 89' lang='lat' dir='ltr'><strong>id</strong></span> <span class='ocrx_word' id='word_1_86' title='bbox 1902 1347 1986 1394; x_wconf 89' lang='lat' dir='ltr'><strong>est</strong></span> <span class='ocrx_word' id='word_1_87' title='bbox 2026 1340 2094 1396; x_wconf 91' lang='lat' dir='ltr'><strong>iis</strong></span> 
     </span>
    </p>
   </div>
   <div class='ocr_carea' id='block_1_15' title="bbox 519 1427 2095 1503">
    <p class='ocr_par' dir='ltr' id='par_1_15' title="bbox 519 1427 2095 1503">
     <span class='ocr_line' id='line_1_15' title="bbox 519 1427 2095 1503; baseline 0.005 -23"><span class='ocrx_word' id='word_1_88' title='bbox 519 1443 642 1499; x_wconf 67' lang='lat' dir='ltr'><strong>qua:</strong></span> <span class='ocrx_word' id='word_1_89' title='bbox 685 1427 1078 1503; x_wconf 81' lang='lat' dir='ltr'><strong>intelliguntur.</strong></span> <span class='ocrx_word' id='word_1_90' title='bbox 1119 1427 1291 1489; x_wconf 87' lang='lat' dir='ltr'><strong>Porro</strong></span> <span class='ocrx_word' id='word_1_91' title='bbox 1339 1428 1538 1486; x_wconf 90' lang='lat' dir='ltr'><strong>mentis</strong></span> <span class='ocrx_word' id='word_1_92' title='bbox 1581 1430 1905 1496; x_wconf 88' lang='lat' dir='ltr'><strong>unitionem,</strong></span> <span class='ocrx_word' id='word_1_93' title='bbox 1952 1433 2095 1488; x_wconf 90' lang='lat' dir='ltr'><strong>sicut</strong></span> 
     </span>
    </p>
   </div>
   <div class='ocr_carea' id='block_1_16' title="bbox 520 1511 2094 1603">
    <p class='ocr_par' dir='ltr' id='par_1_16' title="bbox 520 1511 2094 1603">
     <span class='ocr_line' id='line_1_16' title="bbox 520 1511 2094 1603; baseline 0.006 -30"><span class='ocrx_word' id='word_1_94' title='bbox 520 1519 778 1603; x_wconf 82' lang='lat' dir='ltr'><strong>deinceps</strong></span> <span class='ocrx_word' id='word_1_95' title='bbox 809 1511 1012 1579; x_wconf 82' lang='lat' dir='ltr'><strong>clarius</strong></span> <span class='ocrx_word' id='word_1_96' title='bbox 1041 1521 1196 1586; x_wconf 91' lang='lat' dir='ltr'><strong>dicit,</strong></span> <span class='ocrx_word' id='word_1_97' title='bbox 1224 1530 1401 1588; x_wconf 88' lang='lat' dir='ltr'><strong>vocat,</strong></span> <span class='ocrx_word' id='word_1_98' title='bbox 1427 1539 1524 1594; x_wconf 88' lang='lat' dir='ltr'><strong>per</strong></span> <span class='ocrx_word' id='word_1_99' title='bbox 1552 1539 1716 1595; x_wconf 90' lang='lat' dir='ltr'><strong>quam</strong></span> <span class='ocrx_word' id='word_1_100' title='bbox 1745 1524 1811 1579; x_wconf 88' lang='lat' dir='ltr'><strong>ad</strong></span> <span class='ocrx_word' id='word_1_101' title='bbox 1847 1541 1907 1581; x_wconf 92' lang='lat' dir='ltr'><strong>se</strong></span> <span class='ocrx_word' id='word_1_102' title='bbox 1933 1542 2094 1598; x_wconf 85' lang='lat' dir='ltr'><strong>supe-</strong></span> 
     </span>
    </p>
   </div>
   <div class='ocr_carea' id='block_1_17' title="bbox 521 1612 2088 1689">
    <p class='ocr_par' dir='ltr' id='par_1_17' title="bbox 521 1612 2088 1689">
     <span class='ocr_line' id='line_1_17' title="bbox 521 1612 2088 1689; baseline 0.003 -25"><span class='ocrx_word' id='word_1_103' title='bbox 521 1612 666 1675; x_wconf 78' lang='lat' dir='ltr'><strong>riora</strong></span> <span class='ocrx_word' id='word_1_104' title='bbox 695 1613 961 1681; x_wconf 84' lang='lat' dir='ltr'><strong>elevatur,</strong></span> <span class='ocrx_word' id='word_1_105' title='bbox 989 1628 1085 1668; x_wconf 91' lang='lat' dir='ltr'><strong>seu</strong></span> <span class='ocrx_word' id='word_1_106' title='bbox 1108 1614 1305 1685; x_wconf 55' lang='lat' dir='ltr'><strong>divinat</strong></span> <span class='ocrx_word' id='word_1_107' title='bbox 1331 1616 1778 1687; x_wconf 87' lang='lat' dir='ltr'><strong>contemplationi</strong></span> <span class='ocrx_word' id='word_1_108' title='bbox 1804 1617 2088 1689; x_wconf 82' lang='lat' dir='ltr'><strong>incumbit,</strong></span> 
     </span>
    </p>
   </div>
   <div class='ocr_carea' id='block_1_18' title="bbox 519 1690 2093 1787">
    <p class='ocr_par' dir='ltr' id='par_1_18' title="bbox 519 1690 2093 1787">
     <span class='ocr_line' id='line_1_18' title="bbox 519 1690 2093 1787; baseline 0.003 -28"><span class='ocrx_word' id='word_1_109' title='bbox 519 1695 579 1760; x_wconf 80' lang='lat' dir='ltr'><strong>se</strong></span> <span class='ocrx_word' id='word_1_110' title='bbox 600 1720 630 1758; x_wconf 91' lang='lat' dir='ltr'><strong>a</strong></span> <span class='ocrx_word' id='word_1_111' title='bbox 670 1694 963 1777; x_wconf 69' lang='lat' dir='ltr'><strong>sensilibus</strong></span> <span class='ocrx_word' id='word_1_112' title='bbox 989 1714 1044 1761; x_wconf 90' lang='lat' dir='ltr'><strong>et</strong></span> <span class='ocrx_word' id='word_1_113' title='bbox 1079 1705 1532 1777; x_wconf 83' lang='lat' dir='ltr'><strong>intelligibilihus,</strong></span> <span class='ocrx_word' id='word_1_114' title='bbox 1565 1707 1675 1763; x_wconf 92' lang='lat' dir='ltr'><strong>imo</strong></span> <span class='ocrx_word' id='word_1_115' title='bbox 1706 1719 1759 1764; x_wconf 90' lang='lat' dir='ltr'><strong>et</strong></span> <span class='ocrx_word' id='word_1_116' title='bbox 1804 1724 1833 1763; x_wconf 92' lang='lat' dir='ltr'><strong>a</strong></span> <span class='ocrx_word' id='word_1_117' title='bbox 1874 1690 2093 1787; x_wconf 78' lang='lat' dir='ltr'><strong>prapria</strong></span> 
     </span>
    </p>
   </div>
   <div class='ocr_carea' id='block_1_19' title="bbox 519 1796 2092 1874">
    <p class='ocr_par' dir='ltr' id='par_1_19' title="bbox 519 1796 2092 1874">
     <span class='ocr_line' id='line_1_19' title="bbox 519 1796 2092 1874; baseline 0.004 -24"><span class='ocrx_word' id='word_1_118' title='bbox 519 1796 796 1871; x_wconf 79' lang='lat' dir='ltr'><strong>motione,</strong></span> <span class='ocrx_word' id='word_1_119' title='bbox 851 1798 1153 1864; x_wconf 87' lang='lat' dir='ltr'><strong>avocando,</strong></span> <span class='ocrx_word' id='word_1_120' title='bbox 1186 1798 1375 1869; x_wconf 89' lang='lat' dir='ltr'><strong>sicque</strong></span> <span class='ocrx_word' id='word_1_121' title='bbox 1418 1799 1628 1854; x_wconf 86' lang='lat' dir='ltr'><strong>radium</strong></span> <span class='ocrx_word' id='word_1_122' title='bbox 1675 1800 1872 1871; x_wconf 59' lang='lat' dir='ltr'><strong>divina}</strong></span> <span class='ocrx_word' id='word_1_123' title='bbox 1901 1804 2092 1874; x_wconf 80' lang='lat' dir='ltr'><strong>cogni-</strong></span> 
     </span>
    </p>
   </div>
   <div class='ocr_carea' id='block_1_20' title="bbox 518 1889 1093 1960">
    <p class='ocr_par' dir='ltr' id='par_1_20' title="bbox 518 1889 1093 1960">
     <span class='ocr_line' id='line_1_20' title="bbox 518 1889 1093 1960; baseline 0.007 -18"><span class='ocrx_word' id='word_1_124' title='bbox 518 1889 682 1947; x_wconf 87' lang='lat' dir='ltr'><strong>tionis</strong></span> <span class='ocrx_word' id='word_1_125' title='bbox 720 1889 1093 1960; x_wconf 78' lang='lat' dir='ltr'><strong>suscipiendo.</strong></span> 
     </span>
    </p>
   </div>
   <div class='ocr_carea' id='block_1_21' title="bbox 590 1983 2093 2055">
    <p class='ocr_par' dir='ltr' id='par_1_21' title="bbox 590 1983 2093 2055">
     <span class='ocr_line' id='line_1_21' title="bbox 590 1983 2093 2055; baseline 0.005 -18"><span class='ocrx_word' id='word_1_126' title='bbox 590 1983 742 2041; x_wconf 81' lang='lat' dir='ltr'><strong>Hanc</strong></span> <span class='ocrx_word' id='word_1_127' title='bbox 780 2000 904 2055; x_wconf 85' lang='lat' dir='ltr'><strong>ergo</strong></span> <span class='ocrx_word' id='word_1_128' title='bbox 946 1985 1171 2049; x_wconf 75' lang='lat' dir='ltr'><strong>rationis</strong></span> <span class='ocrx_word' id='word_1_129' title='bbox 1215 1994 1496 2055; x_wconf 73' lang='lat' dir='ltr'><strong>expertem.</strong></span> <span class='ocrx_word' id='word_1_130' title='bbox 1530 1983 1759 2055; x_wconf 69' lang='lat' dir='ltr'><strong>Maxime</strong></span> <span class='ocrx_word' id='word_1_131' title='bbox 1794 1985 1883 2053; x_wconf 72' lang='lat' dir='ltr'><strong>hic</strong></span> <span class='ocrx_word' id='word_1_132' title='bbox 1911 1986 2093 2044; x_wconf 68' lang='lat' dir='ltr'><strong>declao</strong></span> 
     </span>
    </p>
   </div>
   <div class='ocr_carea' id='block_1_22' title="bbox 518 2077 2092 2151">
    <p class='ocr_par' dir='ltr' id='par_1_22' title="bbox 518 2077 2092 2151">
     <span class='ocr_line' id='line_1_22' title="bbox 518 2077 2092 2151; baseline 0.003 -20"><span class='ocrx_word' id='word_1_133' title='bbox 518 2086 624 2146; x_wconf 90' lang='lat' dir='ltr'><strong>rat,</strong></span> <span class='ocrx_word' id='word_1_134' title='bbox 646 2077 924 2151; x_wconf 81' lang='lat' dir='ltr'><strong>quomodo</strong></span> <span class='ocrx_word' id='word_1_135' title='bbox 963 2078 1193 2145; x_wconf 80' lang='lat' dir='ltr'><strong>stultitia</strong></span> <span class='ocrx_word' id='word_1_136' title='bbox 1234 2077 1330 2149; x_wconf 84' lang='lat' dir='ltr'><strong>Dei</strong></span> <span class='ocrx_word' id='word_1_137' title='bbox 1360 2080 1430 2150; x_wconf 89' lang='lat' dir='ltr'><strong>sit</strong></span> <span class='ocrx_word' id='word_1_138' title='bbox 1461 2078 1864 2148; x_wconf 69' lang='lat' dir='ltr'><strong>sapientissimo</strong></span> <span class='ocrx_word' id='word_1_139' title='bbox 1898 2078 1951 2132; x_wconf 88' lang='lat' dir='ltr'><strong>in</strong></span> <span class='ocrx_word' id='word_1_140' title='bbox 1983 2079 2092 2147; x_wconf 82' lang='lat' dir='ltr'><strong>Deo</strong></span> 
     </span>
    </p>
   </div>
   <div class='ocr_carea' id='block_1_23' title="bbox 520 2169 2092 2245">
    <p class='ocr_par' dir='ltr' id='par_1_23' title="bbox 520 2169 2092 2245">
     <span class='ocr_line' id='line_1_23' title="bbox 520 2169 2092 2245; baseline 0.001 -22"><span class='ocrx_word' id='word_1_141' title='bbox 520 2169 1190 2245; x_wconf 67' lang='lat' dir='ltr'><strong>iliconipreheusibilitatis</strong></span> <span class='ocrx_word' id='word_1_142' title='bbox 1239 2171 1555 2243; x_wconf 81' lang='lat' dir='ltr'><strong>magnitudo</strong></span> <span class='ocrx_word' id='word_1_143' title='bbox 1600 2189 1612 2219; x_wconf 90' lang='lat'><strong>:</strong></span> <span class='ocrx_word' id='word_1_144' title='bbox 1663 2171 1740 2235; x_wconf 82' lang='lat' dir='ltr'><strong>ait</strong></span> <span class='ocrx_word' id='word_1_145' title='bbox 1782 2172 1950 2238; x_wconf 84' lang='lat' dir='ltr'><strong>enim.</strong></span> <span class='ocrx_word' id='word_1_146' title='bbox 1994 2189 2092 2243; x_wconf 82' lang='lat' dir='ltr'><strong>nos</strong></span> 
     </span>
    </p>
   </div>
   <div class='ocr_carea' id='block_1_24' title="bbox 520 2259 2087 2335">
    <p class='ocr_par' dir='ltr' id='par_1_24' title="bbox 520 2259 2087 2335">
     <span class='ocr_line' id='line_1_24' title="bbox 520 2259 2087 2335; baseline 0.001 -19"><span class='ocrx_word' id='word_1_147' title='bbox 520 2261 709 2316; x_wconf 90' lang='lat' dir='ltr'><strong>sensili</strong></span> <span class='ocrx_word' id='word_1_148' title='bbox 731 2262 1128 2335; x_wconf 76' lang='lat' dir='ltr'><strong>circumseptus</strong></span> <span class='ocrx_word' id='word_1_149' title='bbox 1155 2278 1407 2335; x_wconf 87' lang='lat' dir='ltr'><strong>corpore,</strong></span> <span class='ocrx_word' id='word_1_150' title='bbox 1430 2262 1525 2318; x_wconf 89' lang='lat' dir='ltr'><strong>Dei</strong></span> <span class='ocrx_word' id='word_1_151' title='bbox 1574 2259 2087 2331; x_wconf 81' lang='lat' dir='ltr'><strong>imtnateriaiitatem</strong></span> 
     </span>
    </p>
   </div>
   <div class='ocr_carea' id='block_1_25' title="bbox 517 2352 2092 2426">
    <p class='ocr_par' dir='ltr' id='par_1_25' title="bbox 517 2352 2092 2426">
     <span class='ocr_line' id='line_1_25' title="bbox 517 2352 2092 2426; baseline 0.004 -19"><span class='ocrx_word' id='word_1_152' title='bbox 517 2352 672 2409; x_wconf 81' lang='lat' dir='ltr'><strong>verbi</strong></span> <span class='ocrx_word' id='word_1_153' title='bbox 722 2354 898 2425; x_wconf 72' lang='lat' dir='ltr'><strong>gratia</strong></span> <span class='ocrx_word' id='word_1_154' title='bbox 947 2365 1001 2411; x_wconf 88' lang='lat' dir='ltr'><strong>et</strong></span> <span class='ocrx_word' id='word_1_155' title='bbox 1047 2356 1665 2426; x_wconf 86' lang='lat' dir='ltr'><strong>superessentialitatem</strong></span> <span class='ocrx_word' id='word_1_156' title='bbox 1716 2358 2092 2425; x_wconf 84' lang='lat' dir='ltr'><strong>examinantes</strong></span> 
     </span>
    </p>
   </div>
   <div class='ocr_carea' id='block_1_26' title="bbox 517 2445 2091 2521">
    <p class='ocr_par' dir='ltr' id='par_1_26' title="bbox 517 2445 2091 2521">
     <span class='ocr_line' id='line_1_26' title="bbox 517 2445 2091 2521; baseline 0.006 -23"><span class='ocrx_word' id='word_1_157' title='bbox 517 2460 723 2509; x_wconf 88' lang='lat' dir='ltr'><strong>errare,</strong></span> <span class='ocrx_word' id='word_1_158' title='bbox 763 2445 894 2503; x_wconf 87' lang='lat' dir='ltr'><strong>dum</strong></span> <span class='ocrx_word' id='word_1_159' title='bbox 935 2446 1028 2517; x_wconf 78' lang='lat' dir='ltr'><strong>illa</strong></span> <span class='ocrx_word' id='word_1_160' title='bbox 1055 2461 1121 2502; x_wconf 76' lang='lat' dir='ltr'><strong>ex</strong></span> <span class='ocrx_word' id='word_1_161' title='bbox 1156 2448 1456 2521; x_wconf 71' lang='lat' dir='ltr'><strong>sensilibus</strong></span> <span class='ocrx_word' id='word_1_162' title='bbox 1494 2447 1881 2519; x_wconf 84' lang='lat' dir='ltr'><strong>ponderamus,</strong></span> <span class='ocrx_word' id='word_1_163' title='bbox 1922 2449 2091 2517; x_wconf 78' lang='lat' dir='ltr'><strong>veluti</strong></span> 
     </span>
    </p>
   </div>
   <div class='ocr_carea' id='block_1_27' title="bbox 519 2538 2092 2615">
    <p class='ocr_par' dir='ltr' id='par_1_27' title="bbox 519 2538 2092 2615">
     <span class='ocr_line' id='line_1_27' title="bbox 519 2538 2092 2615; baseline 0.003 -23"><span class='ocrx_word' id='word_1_164' title='bbox 519 2538 613 2609; x_wconf 77' lang='lat' dir='ltr'><strong>qui</strong></span> <span class='ocrx_word' id='word_1_165' title='bbox 637 2539 1082 2615; x_wconf 63' lang='lat' dir='ltr'><strong>praedicationem</strong></span> <span class='ocrx_word' id='word_1_166' title='bbox 1109 2540 1177 2595; x_wconf 89' lang='lat' dir='ltr'><strong>de</strong></span> <span class='ocrx_word' id='word_1_167' title='bbox 1207 2540 1324 2599; x_wconf 85' lang='lat' dir='ltr'><strong>sola</strong></span> <span class='ocrx_word' id='word_1_168' title='bbox 1353 2541 1632 2603; x_wconf 81' lang='lat' dir='ltr'><strong>adoranda</strong></span> <span class='ocrx_word' id='word_1_169' title='bbox 1667 2540 1936 2609; x_wconf 78' lang='lat' dir='ltr'><strong>Trinitate</strong></span> <span class='ocrx_word' id='word_1_170' title='bbox 1970 2558 2092 2612; x_wconf 84' lang='lat' dir='ltr'><strong>per-</strong></span> 
     </span>
    </p>
   </div>
   <div class='ocr_carea' id='block_1_28' title="bbox 518 2631 2093 2705">
    <p class='ocr_par' dir='ltr' id='par_1_28' title="bbox 518 2631 2093 2705">
     <span class='ocr_line' id='line_1_28' title="bbox 518 2631 2093 2705; baseline 0.002 -19"><span class='ocrx_word' id='word_1_171' title='bbox 518 2639 829 2696; x_wconf 75' lang='lat' dir='ltr'><strong>currentes,</strong></span> <span class='ocrx_word' id='word_1_172' title='bbox 869 2647 934 2687; x_wconf 90' lang='lat' dir='ltr'><strong>ac</strong></span> <span class='ocrx_word' id='word_1_173' title='bbox 966 2633 1119 2691; x_wconf 87' lang='lat' dir='ltr'><strong>illum</strong></span> <span class='ocrx_word' id='word_1_174' title='bbox 1164 2633 1231 2692; x_wconf 85' lang='lat' dir='ltr'><strong>de</strong></span> <span class='ocrx_word' id='word_1_175' title='bbox 1260 2631 1371 2694; x_wconf 86' lang='lat' dir='ltr'><strong>Deo</strong></span> <span class='ocrx_word' id='word_1_176' title='bbox 1401 2649 1731 2700; x_wconf 77' lang='lat' dir='ltr'><strong>sermonem,</strong></span> <span class='ocrx_word' id='word_1_177' title='bbox 1768 2636 1859 2705; x_wconf 90' lang='lat' dir='ltr'><strong>qui</strong></span> <span class='ocrx_word' id='word_1_178' title='bbox 1893 2636 2093 2693; x_wconf 85' lang='lat' dir='ltr'><strong>asserit</strong></span> 
     </span>
    </p>
   </div>
   <div class='ocr_carea' id='block_1_29' title="bbox 519 2723 2093 2805">
    <p class='ocr_par' dir='ltr' id='par_1_29' title="bbox 519 2723 2093 2805">
     <span class='ocr_line' id='line_1_29' title="bbox 519 2723 2093 2805; baseline 0.006 -28"><span class='ocrx_word' id='word_1_179' title='bbox 519 2740 638 2787; x_wconf 85' lang='lat' dir='ltr'><strong>eam</strong></span> <span class='ocrx_word' id='word_1_180' title='bbox 672 2723 729 2778; x_wconf 90' lang='lat' dir='ltr'><strong>in</strong></span> <span class='ocrx_word' id='word_1_181' title='bbox 770 2724 948 2795; x_wconf 83' lang='lat' dir='ltr'><strong>tribus</strong></span> <span class='ocrx_word' id='word_1_182' title='bbox 990 2724 1362 2797; x_wconf 78' lang='lat' dir='ltr'><strong>subsistentiis</strong></span> <span class='ocrx_word' id='word_1_183' title='bbox 1400 2727 1691 2799; x_wconf 76' lang='lat' dir='ltr'><strong>indivisam</strong></span> <span class='ocrx_word' id='word_1_184' title='bbox 1735 2737 1789 2789; x_wconf 86' lang='lat' dir='ltr'><strong>et</strong></span> <span class='ocrx_word' id='word_1_185' title='bbox 1836 2730 2093 2805; x_wconf 79' lang='lat' dir='ltr'><strong>indistin-</strong></span> 
     </span>
    </p>
   </div>
   <div class='ocr_carea' id='block_1_30' title="bbox 520 2806 2093 2899">
    <p class='ocr_par' dir='ltr' id='par_1_30' title="bbox 520 2806 2093 2899">
     <span class='ocr_line' id='line_1_30' title="bbox 520 2806 2093 2899; baseline 0.009 -32"><span class='ocrx_word' id='word_1_186' title='bbox 520 2825 703 2882; x_wconf 72' lang='lat' dir='ltr'><strong>ctam,</strong></span> <span class='ocrx_word' id='word_1_187' title='bbox 767 2816 1082 2891; x_wconf 74' lang='lat' dir='ltr'><strong>audientes,</strong></span> <span class='ocrx_word' id='word_1_188' title='bbox 1149 2819 1335 2891; x_wconf 82' lang='lat' dir='ltr'><strong>statim</strong></span> <span class='ocrx_word' id='word_1_189' title='bbox 1405 2821 1830 2897; x_wconf 80' lang='lat' dir='ltr'><strong>obstupescunt,</strong></span> <span class='ocrx_word' id='word_1_190' title='bbox 1886 2806 2093 2899; x_wconf 65' lang='lat' dir='ltr'><strong>natura:</strong></span> 
     </span>
    </p>
   </div>
   <div class='ocr_carea' id='block_1_31' title="bbox 2197 590 3760 668">
    <p class='ocr_par' dir='ltr' id='par_1_31' title="bbox 2197 590 3760 668">
     <span class='ocr_line' id='line_1_31' title="bbox 2197 590 3760 668; baseline -0.004 -16"><span class='ocrx_word' id='word_1_191' title='bbox 2197 598 2299 662; x_wconf 77' lang='grc' dir='ltr'>ὅτι,</span> <span class='ocrx_word' id='word_1_192' title='bbox 2321 600 2351 652; x_wconf 82' lang='grc' dir='ltr'><strong>ὁ</strong></span> <span class='ocrx_word' id='word_1_193' title='bbox 2375 597 2500 662; x_wconf 84' lang='grc' dir='ltr'><strong>νοῦς</strong></span> <span class='ocrx_word' id='word_1_194' title='bbox 2531 600 2669 652; x_wconf 74' lang='grc' dir='ltr'>νοεῖν</span> <span class='ocrx_word' id='word_1_195' title='bbox 2702 595 3041 668; x_wconf 77' lang='grc' dir='ltr'>βουλόμενος,</span> <span class='ocrx_word' id='word_1_196' title='bbox 3073 592 3313 649; x_wconf 79' lang='grc' dir='ltr'><strong>κάτεισιν</strong></span> <span class='ocrx_word' id='word_1_197' title='bbox 3341 590 3541 649; x_wconf 72' lang='grc' dir='ltr'>ἑαυτοῦ</span> <span class='ocrx_word' id='word_1_198' title='bbox 3568 593 3648 657; x_wconf 83' lang='grc' dir='ltr'><strong>εἰς</strong></span> <span class='ocrx_word' id='word_1_199' title='bbox 3675 594 3760 656; x_wconf 77' lang='grc' dir='ltr'>τὰς</span> 
     </span>
    </p>
   </div>
   <div class='ocr_carea' id='block_1_32' title="bbox 2196 684 3759 765">
    <p class='ocr_par' dir='ltr' id='par_1_32' title="bbox 2196 684 3759 765">
     <span class='ocr_line' id='line_1_32' title="bbox 2196 684 3759 765; baseline -0.005 -19"><span class='ocrx_word' id='word_1_200' title='bbox 2196 693 2407 765; x_wconf 79' lang='grc' dir='ltr'><strong>νοήσεις</strong></span> <span class='ocrx_word' id='word_1_201' title='bbox 2435 691 2772 746; x_wconf 75' lang='grc' dir='ltr'>καταϐαίνων</span> <span class='ocrx_word' id='word_1_202' title='bbox 2796 708 2811 723; x_wconf 78' lang='lat'><strong><em>°</em></strong></span> <span class='ocrx_word' id='word_1_203' title='bbox 2850 691 2907 745; x_wconf 86' lang='grc' dir='ltr'>αἱ</span> <span class='ocrx_word' id='word_1_204' title='bbox 2934 688 3043 761; x_wconf 83' lang='grc' dir='ltr'>γὰρ</span> <span class='ocrx_word' id='word_1_205' title='bbox 3080 689 3294 760; x_wconf 82' lang='grc' dir='ltr'><strong>νοήσεις</strong></span> <span class='ocrx_word' id='word_1_206' title='bbox 3320 684 3629 757; x_wconf 73' lang='grc' dir='ltr'>κατώτεραί</span> <span class='ocrx_word' id='word_1_207' title='bbox 3667 687 3759 739; x_wconf 82' lang='grc' dir='ltr'>εἰσι</span> 
     </span>
    </p>
   </div>
   <div class='ocr_carea' id='block_1_33' title="bbox 2195 778 3759 855">
    <p class='ocr_par' dir='ltr' id='par_1_33' title="bbox 2195 778 3759 855">
     <span class='ocr_line' id='line_1_33' title="bbox 2195 778 3759 855; baseline -0.004 -18"><span class='ocrx_word' id='word_1_208' title='bbox 2195 781 2290 838; x_wconf 88' lang='grc' dir='ltr'><strong>τοῦ</strong></span> <span class='ocrx_word' id='word_1_209' title='bbox 2327 783 2605 851; x_wconf 81' lang='grc' dir='ltr'><strong>νοοῦντος,</strong></span> <span class='ocrx_word' id='word_1_210' title='bbox 2637 783 2714 848; x_wconf 86' lang='grc' dir='ltr'>ὼς</span> <span class='ocrx_word' id='word_1_211' title='bbox 2739 782 3023 855; x_wconf 83' lang='grc' dir='ltr'>νοούμεναι</span> <span class='ocrx_word' id='word_1_212' title='bbox 3062 780 3159 847; x_wconf 75' lang='grc' dir='ltr'><strong>καὶ</strong></span> <span class='ocrx_word' id='word_1_213' title='bbox 3198 778 3759 850; x_wconf 77' lang='grc' dir='ltr'>καταλαμᾶανόμεναι,</span> 
     </span>
    </p>
   </div>
   <div class='ocr_carea' id='block_1_34' title="bbox 2196 872 3759 948">
    <p class='ocr_par' dir='ltr' id='par_1_34' title="bbox 2196 872 3759 948">
     <span class='ocr_line' id='line_1_34' title="bbox 2196 872 3759 948; baseline -0.004 -17"><span class='ocrx_word' id='word_1_214' title='bbox 2196 877 2292 931; x_wconf 75' lang='grc' dir='ltr'><strong>καὶ</strong></span> <span class='ocrx_word' id='word_1_215' title='bbox 2330 876 2633 948; x_wconf 82' lang='grc' dir='ltr'>σκεδασμὸς</span> <span class='ocrx_word' id='word_1_216' title='bbox 2670 876 2895 940; x_wconf 78' lang='grc' dir='ltr'><strong>εἰκότως</strong></span> <span class='ocrx_word' id='word_1_217' title='bbox 2942 874 3038 929; x_wconf 76' lang='grc' dir='ltr'><strong>καὶ</strong></span> <span class='ocrx_word' id='word_1_218' title='bbox 3084 873 3350 946; x_wconf 83' lang='grc' dir='ltr'>μερισμὸς</span> <span class='ocrx_word' id='word_1_219' title='bbox 3384 872 3486 942; x_wconf 81' lang='grc' dir='ltr'>τῆς</span> <span class='ocrx_word' id='word_1_220' title='bbox 3519 872 3759 941; x_wconf 67' lang='grc' dir='ltr'>ἑνότητος</span> 
     </span>
    </p>
   </div>
   <div class='ocr_carea' id='block_1_35' title="bbox 2195 964 3758 1042">
    <p class='ocr_par' dir='ltr' id='par_1_35' title="bbox 2195 964 3758 1042">
     <span class='ocr_line' id='line_1_35' title="bbox 2195 964 3758 1042; baseline -0.004 -17"><span class='ocrx_word' id='word_1_221' title='bbox 2195 971 2290 1025; x_wconf 91' lang='grc' dir='ltr'><strong>τοῦ</strong></span> <span class='ocrx_word' id='word_1_222' title='bbox 2317 970 2409 1025; x_wconf 89' lang='grc' dir='ltr'><strong>νοῦ</strong></span> <span class='ocrx_word' id='word_1_223' title='bbox 2441 968 2639 1025; x_wconf 82' lang='grc' dir='ltr'>αὐτοῦ·</span> <span class='ocrx_word' id='word_1_224' title='bbox 2669 970 2699 1025; x_wconf 69' lang='grc' dir='ltr'>ὁ</span> <span class='ocrx_word' id='word_1_225' title='bbox 2733 968 2829 1042; x_wconf 81' lang='grc' dir='ltr'>μὲν</span> <span class='ocrx_word' id='word_1_226' title='bbox 2860 968 2968 1040; x_wconf 79' lang='grc' dir='ltr'>γὰρ</span> <span class='ocrx_word' id='word_1_227' title='bbox 2994 966 3119 1031; x_wconf 83' lang='grc' dir='ltr'>νοῦς</span> <span class='ocrx_word' id='word_1_228' title='bbox 3149 964 3352 1029; x_wconf 80' lang='grc' dir='ltr'>ἁπλοῦς</span> <span class='ocrx_word' id='word_1_229' title='bbox 3384 965 3479 1019; x_wconf 77' lang='grc' dir='ltr'><strong>καί</strong></span> <span class='ocrx_word' id='word_1_230' title='bbox 3514 965 3722 1035; x_wconf 78' lang='grc' dir='ltr'>ἀμερής</span> <span class='ocrx_word' id='word_1_231' title='bbox 3741 977 3758 993; x_wconf 75' lang='grc'><strong><em>⁸</em></strong></span> 
     </span>
    </p>
   </div>
   <div class='ocr_carea' id='block_1_36' title="bbox 2195 1050 3759 1133">
    <p class='ocr_par' dir='ltr' id='par_1_36' title="bbox 2195 1050 3759 1133">
     <span class='ocr_line' id='line_1_36' title="bbox 2195 1050 3759 1133; baseline -0.006 -16"><span class='ocrx_word' id='word_1_232' title='bbox 2195 1066 2252 1117; x_wconf 88' lang='grc' dir='ltr'><strong>αἰ</strong></span> <span class='ocrx_word' id='word_1_233' title='bbox 2295 1064 2353 1118; x_wconf 86' lang='grc' dir='ltr'><strong>δὲ</strong></span> <span class='ocrx_word' id='word_1_234' title='bbox 2400 1064 2612 1133; x_wconf 85' lang='grc' dir='ltr'>νοήσεις</span> <span class='ocrx_word' id='word_1_235' title='bbox 2656 1060 3000 1133; x_wconf 82' lang='grc' dir='ltr'>παμπληθεῖς</span> <span class='ocrx_word' id='word_1_236' title='bbox 3039 1059 3132 1113; x_wconf 79' lang='grc' dir='ltr'><strong>καὶ</strong></span> <span class='ocrx_word' id='word_1_237' title='bbox 3168 1057 3487 1123; x_wconf 81' lang='grc' dir='ltr'>σκεδασταὶ,</span> <span class='ocrx_word' id='word_1_238' title='bbox 3528 1057 3624 1110; x_wconf 76' lang='grc' dir='ltr'><strong>καὶ</strong></span> <span class='ocrx_word' id='word_1_239' title='bbox 3655 1050 3759 1109; x_wconf 75' lang='grc' dir='ltr'>οἷον</span> 
     </span>
    </p>
   </div>
   <div class='ocr_carea' id='block_1_37' title="bbox 2195 1147 3757 1228">
    <p class='ocr_par' dir='ltr' id='par_1_37' title="bbox 2195 1147 3757 1228">
     <span class='ocr_line' id='line_1_37' title="bbox 2195 1147 3757 1228; baseline -0.004 -19"><span class='ocrx_word' id='word_1_240' title='bbox 2195 1156 2308 1228; x_wconf 74' lang='grc' dir='ltr'>εἴδη</span> <span class='ocrx_word' id='word_1_241' title='bbox 2330 1154 2426 1210; x_wconf 89' lang='grc' dir='ltr'><strong>τοῦ</strong></span> <span class='ocrx_word' id='word_1_242' title='bbox 2458 1154 2551 1208; x_wconf 84' lang='grc' dir='ltr'><strong>νοῦ</strong></span> <span class='ocrx_word' id='word_1_243' title='bbox 2570 1171 2583 1185; x_wconf 72' lang='grc'><strong><em>⁸</em></strong></span> <span class='ocrx_word' id='word_1_244' title='bbox 2602 1153 2691 1211; x_wconf 83' lang='grc' dir='ltr'><strong>διὰ</strong></span> <span class='ocrx_word' id='word_1_245' title='bbox 2707 1153 2865 1207; x_wconf 88' lang='grc' dir='ltr'>τοῦτο</span> <span class='ocrx_word' id='word_1_246' title='bbox 2880 1153 2949 1208; x_wconf 79' lang='grc' dir='ltr'><strong>τὰ</strong></span> <span class='ocrx_word' id='word_1_247' title='bbox 2970 1151 3151 1225; x_wconf 81' lang='grc' dir='ltr'>νοερὰ,</span> <span class='ocrx_word' id='word_1_248' title='bbox 3175 1151 3420 1204; x_wconf 73' lang='grc' dir='ltr'><strong>τουτέστι</strong></span> <span class='ocrx_word' id='word_1_249' title='bbox 3438 1149 3510 1203; x_wconf 79' lang='grc' dir='ltr'><strong>τὰ</strong></span> <span class='ocrx_word' id='word_1_250' title='bbox 3525 1147 3757 1213; x_wconf 81' lang='grc' dir='ltr'>νοοῦντα,</span> 
     </span>
    </p>
   </div>
   <div class='ocr_carea' id='block_1_38' title="bbox 2195 1240 3756 1319">
    <p class='ocr_par' dir='ltr' id='par_1_38' title="bbox 2195 1240 3756 1319">
     <span class='ocr_line' id='line_1_38' title="bbox 2195 1240 3756 1319; baseline -0.006 -17"><span class='ocrx_word' id='word_1_251' title='bbox 2195 1249 2454 1303; x_wconf 79' lang='grc' dir='ltr'>ἐλάττονά</span> <span class='ocrx_word' id='word_1_252' title='bbox 2478 1250 2584 1302; x_wconf 85' lang='grc' dir='ltr'>εἰσι</span> <span class='ocrx_word' id='word_1_253' title='bbox 2612 1246 2722 1300; x_wconf 91' lang='grc' dir='ltr'><strong>τῶν</strong></span> <span class='ocrx_word' id='word_1_254' title='bbox 2748 1245 2975 1319; x_wconf 79' lang='grc' dir='ltr'>νοητῶν,</span> <span class='ocrx_word' id='word_1_255' title='bbox 3006 1245 3128 1299; x_wconf 77' lang='grc' dir='ltr'>ἀντὶ</span> <span class='ocrx_word' id='word_1_256' title='bbox 3150 1243 3267 1309; x_wconf 91' lang='grc' dir='ltr'>τοῦ,</span> <span class='ocrx_word' id='word_1_257' title='bbox 3298 1242 3407 1307; x_wconf 87' lang='grc' dir='ltr'><strong>τῶν</strong></span> <span class='ocrx_word' id='word_1_258' title='bbox 3440 1240 3756 1312; x_wconf 78' lang='grc' dir='ltr'>νοουμένων.</span> 
     </span>
    </p>
   </div>
   <div class='ocr_carea' id='block_1_39' title="bbox 2196 1332 3757 1411">
    <p class='ocr_par' dir='ltr' id='par_1_39' title="bbox 2196 1332 3757 1411">
     <span class='ocr_line' id='line_1_39' title="bbox 2196 1332 3757 1411; baseline -0.008 -15"><span class='ocrx_word' id='word_1_259' title='bbox 2196 1342 2427 1396; x_wconf 88' lang='grc' dir='ltr'>Ἕνωσιν</span> <span class='ocrx_word' id='word_1_260' title='bbox 2454 1340 2513 1395; x_wconf 77' lang='grc' dir='ltr'><strong>δέ</strong></span> <span class='ocrx_word' id='word_1_261' title='bbox 2542 1357 2674 1411; x_wconf 88' lang='grc' dir='ltr'>φησι</span> <span class='ocrx_word' id='word_1_262' title='bbox 2713 1338 2809 1393; x_wconf 86' lang='grc' dir='ltr'><strong>τοῦ</strong></span> <span class='ocrx_word' id='word_1_263' title='bbox 2841 1338 2954 1405; x_wconf 93' lang='grc' dir='ltr'>νοῦ,</span> <span class='ocrx_word' id='word_1_264' title='bbox 2981 1336 3161 1402; x_wconf 81' lang='grc' dir='ltr'>καθὼς</span> <span class='ocrx_word' id='word_1_265' title='bbox 3191 1339 3249 1391; x_wconf 79' lang='grc' dir='ltr'>ὲν</span> <span class='ocrx_word' id='word_1_266' title='bbox 3280 1340 3393 1400; x_wconf 86' lang='grc' dir='ltr'>τοῖς</span> <span class='ocrx_word' id='word_1_267' title='bbox 3428 1334 3557 1405; x_wconf 69' lang='grc' dir='ltr'>ιξῆς</span> <span class='ocrx_word' id='word_1_268' title='bbox 3600 1332 3757 1402; x_wconf 79' lang='grc' dir='ltr'>σαφέ-</span> 
     </span>
    </p>
   </div>
   <div class='ocr_carea' id='block_1_40' title="bbox 2196 1425 3761 1507">
    <p class='ocr_par' dir='ltr' id='par_1_40' title="bbox 2196 1425 3761 1507">
     <span class='ocr_line' id='line_1_40' title="bbox 2196 1425 3761 1507; baseline -0.007 -18"><span class='ocrx_word' id='word_1_269' title='bbox 2196 1451 2382 1507; x_wconf 86' lang='grc' dir='ltr'>στερον</span> <span class='ocrx_word' id='word_1_270' title='bbox 2410 1434 2577 1503; x_wconf 81' lang='grc' dir='ltr'><strong>λέγει,</strong></span> <span class='ocrx_word' id='word_1_271' title='bbox 2606 1434 2672 1487; x_wconf 86' lang='grc' dir='ltr'><strong>δι’</strong></span> <span class='ocrx_word' id='word_1_272' title='bbox 2706 1427 2774 1505; x_wconf 78' lang='grc' dir='ltr'>ἧς</span> <span class='ocrx_word' id='word_1_273' title='bbox 2803 1432 2937 1503; x_wconf 82' lang='grc' dir='ltr'>πρὸς</span> <span class='ocrx_word' id='word_1_274' title='bbox 2959 1430 3031 1485; x_wconf 83' lang='grc' dir='ltr'><strong>τὰ.</strong></span> <span class='ocrx_word' id='word_1_275' title='bbox 3051 1430 3308 1491; x_wconf 76' lang='grc' dir='ltr'>ἐπέκεινα</span> <span class='ocrx_word' id='word_1_276' title='bbox 3334 1426 3529 1483; x_wconf 75' lang='grc' dir='ltr'>ἑαυτοῦ</span> <span class='ocrx_word' id='word_1_277' title='bbox 3561 1425 3761 1480; x_wconf 81' lang='grc' dir='ltr'>ἀνατεί-</span> 
     </span>
    </p>
   </div>
   <div class='ocr_carea' id='block_1_41' title="bbox 2194 1518 3761 1599">
    <p class='ocr_par' dir='ltr' id='par_1_41' title="bbox 2194 1518 3761 1599">
     <span class='ocr_line' id='line_1_41' title="bbox 2194 1518 3761 1599; baseline -0.004 -17"><span class='ocrx_word' id='word_1_278' title='bbox 2194 1545 2363 1593; x_wconf 88' lang='grc' dir='ltr'>νεται,</span> <span class='ocrx_word' id='word_1_279' title='bbox 2392 1528 2559 1599; x_wconf 70' lang='grc' dir='ltr'>ἤγουν</span> <span class='ocrx_word' id='word_1_280' title='bbox 2605 1528 2672 1597; x_wconf 82' lang='grc' dir='ltr'>τῇ</span> <span class='ocrx_word' id='word_1_281' title='bbox 2715 1524 2843 1597; x_wconf 85' lang='grc' dir='ltr'>περί</span> <span class='ocrx_word' id='word_1_282' title='bbox 2889 1522 3023 1577; x_wconf 84' lang='grc' dir='ltr'>Θεοῦ</span> <span class='ocrx_word' id='word_1_283' title='bbox 3066 1521 3394 1595; x_wconf 77' lang='grc' dir='ltr'>προσϐάλλει</span> <span class='ocrx_word' id='word_1_284' title='bbox 3431 1520 3657 1592; x_wconf 76' lang='grc' dir='ltr'>θεωρίᾳ,</span> <span class='ocrx_word' id='word_1_285' title='bbox 3692 1518 3761 1588; x_wconf 79' lang='grc' dir='ltr'>τῷ</span> 
     </span>
    </p>
   </div>
   <div class='ocr_carea' id='block_1_42' title="bbox 2195 1610 3761 1695">
    <p class='ocr_par' dir='ltr' id='par_1_42' title="bbox 2195 1610 3761 1695">
     <span class='ocr_line' id='line_1_42' title="bbox 2195 1610 3761 1695; baseline -0.008 -19"><span class='ocrx_word' id='word_1_286' title='bbox 2195 1621 2412 1677; x_wconf 83' lang='grc' dir='ltr'>πάντων</span> <span class='ocrx_word' id='word_1_287' title='bbox 2439 1621 2695 1689; x_wconf 77' lang='grc' dir='ltr'>ἐκστῆναι</span> <span class='ocrx_word' id='word_1_288' title='bbox 2716 1617 2825 1671; x_wconf 90' lang='grc' dir='ltr'><strong>τῶν</strong></span> <span class='ocrx_word' id='word_1_289' title='bbox 2847 1615 3118 1689; x_wconf 77' lang='grc' dir='ltr'><strong>αἰσθητῶν</strong></span> <span class='ocrx_word' id='word_1_290' title='bbox 3146 1614 3378 1695; x_wconf 79' lang='grc' dir='ltr'>καὶτῶν</span> <span class='ocrx_word' id='word_1_291' title='bbox 3408 1611 3641 1684; x_wconf 76' lang='grc' dir='ltr'>νοητῶν,</span> <span class='ocrx_word' id='word_1_292' title='bbox 3687 1610 3761 1664; x_wconf 72' lang='grc' dir='ltr'>ἔτι</span> 
     </span>
    </p>
   </div>
   <div class='ocr_carea' id='block_1_43' title="bbox 2191 1704 3762 1786">
    <p class='ocr_par' dir='ltr' id='par_1_43' title="bbox 2191 1704 3762 1786">
     <span class='ocr_line' id='line_1_43' title="bbox 2191 1704 3762 1786; baseline -0.008 -17"><span class='ocrx_word' id='word_1_293' title='bbox 2191 1715 2250 1769; x_wconf 82' lang='grc' dir='ltr'><strong>δὲ</strong></span> <span class='ocrx_word' id='word_1_294' title='bbox 2294 1716 2385 1769; x_wconf 74' lang='grc' dir='ltr'>καὶ</span> <span class='ocrx_word' id='word_1_295' title='bbox 2432 1714 2531 1786; x_wconf 81' lang='grc' dir='ltr'>τῆς</span> <span class='ocrx_word' id='word_1_296' title='bbox 2569 1713 2773 1776; x_wconf 78' lang='grc' dir='ltr'><strong>οἰκείας</strong></span> <span class='ocrx_word' id='word_1_297' title='bbox 2811 1712 3113 1783; x_wconf 83' lang='grc' dir='ltr'>κινήσεως,</span> <span class='ocrx_word' id='word_1_298' title='bbox 3157 1704 3254 1762; x_wconf 82' lang='grc' dir='ltr'>εἷθ’</span> <span class='ocrx_word' id='word_1_299' title='bbox 3290 1706 3438 1760; x_wconf 75' lang='grc' dir='ltr'>οὕτω</span> <span class='ocrx_word' id='word_1_300' title='bbox 3477 1706 3579 1777; x_wconf 78' lang='grc' dir='ltr'>τῆς</span> <span class='ocrx_word' id='word_1_301' title='bbox 3621 1704 3762 1769; x_wconf 85' lang='grc' dir='ltr'>θείας</span> 
     </span>
    </p>
   </div>
   <div class='ocr_carea' id='block_1_44' title="bbox 2121 1804 3077 1914">
    <p class='ocr_par' dir='ltr' id='par_1_44' title="bbox 2121 1804 3077 1914">
     <span class='ocr_line' id='line_1_44' title="bbox 2121 1804 3077 1914; baseline -0.006 -52"><span class='ocrx_word' id='word_1_302' title='bbox 2121 1858 2166 1914; x_wconf 71' lang='grc' dir='ltr'><strong>Β</strong></span> <span class='ocrx_word' id='word_1_303' title='bbox 2193 1805 2451 1877; x_wconf 82' lang='grc' dir='ltr'>γνώσεως</span> <span class='ocrx_word' id='word_1_304' title='bbox 2472 1804 2724 1871; x_wconf 80' lang='grc' dir='ltr'>δέξασθαι</span> <span class='ocrx_word' id='word_1_305' title='bbox 2745 1804 2842 1876; x_wconf 86' lang='grc' dir='ltr'>τὴν</span> <span class='ocrx_word' id='word_1_306' title='bbox 2863 1804 3077 1858; x_wconf 82' lang='grc' dir='ltr'><strong>ἀκτῖνα.</strong></span> 
     </span>
    </p>
   </div>
   <div class='ocr_carea' id='block_1_45' title="bbox 2265 1979 3761 2057">
    <p class='ocr_par' dir='ltr' id='par_1_45' title="bbox 2265 1979 3761 2057">
     <span class='ocr_line' id='line_1_45' title="bbox 2265 1979 3761 2057; baseline -0.011 -10"><span class='ocrx_word' id='word_1_307' title='bbox 2265 1992 2494 2057; x_wconf 77' lang='grc' dir='ltr'>Ταύτην</span> <span class='ocrx_word' id='word_1_308' title='bbox 2523 1986 2637 2041; x_wconf 79' lang='grc' dir='ltr'><strong>οὖν</strong></span> <span class='ocrx_word' id='word_1_309' title='bbox 2666 1985 2780 2053; x_wconf 76' lang='grc' dir='ltr'><strong>τὴν</strong></span> <span class='ocrx_word' id='word_1_310' title='bbox 2808 1984 3051 2055; x_wconf 75' lang='grc' dir='ltr'>ἄλογον.</span> <span class='ocrx_word' id='word_1_311' title='bbox 3083 1979 3349 2036; x_wconf 72' lang='grc' dir='ltr'>Ἐνταῦθα</span> <span class='ocrx_word' id='word_1_312' title='bbox 3375 1979 3608 2051; x_wconf 79' lang='grc' dir='ltr'>μάλιστα</span> <span class='ocrx_word' id='word_1_313' title='bbox 3636 1996 3761 2050; x_wconf 85' lang='grc' dir='ltr'>τρα-</span> 
     </span>
    </p>
   </div>
   <div class='ocr_carea' id='block_1_46' title="bbox 2189 2072 3765 2153">
    <p class='ocr_par' dir='ltr' id='par_1_46' title="bbox 2189 2072 3765 2153">
     <span class='ocr_line' id='line_1_46' title="bbox 2189 2072 3765 2153; baseline -0.011 -14"><span class='ocrx_word' id='word_1_314' title='bbox 2189 2087 2290 2148; x_wconf 85' lang='grc' dir='ltr'>νοῖ,</span> <span class='ocrx_word' id='word_1_315' title='bbox 2325 2082 2442 2146; x_wconf 86' lang='grc' dir='ltr'>πῶς</span> <span class='ocrx_word' id='word_1_316' title='bbox 2489 2079 2668 2153; x_wconf 80' lang='grc' dir='ltr'><strong>μωρία</strong></span> <span class='ocrx_word' id='word_1_317' title='bbox 2707 2077 2801 2132; x_wconf 90' lang='grc' dir='ltr'><strong>τοῦ</strong></span> <span class='ocrx_word' id='word_1_318' title='bbox 2845 2076 3003 2143; x_wconf 86' lang='grc' dir='ltr'>Θεοῦ,</span> <span class='ocrx_word' id='word_1_319' title='bbox 3053 2075 3115 2128; x_wconf 79' lang='grc' dir='ltr'>τὸ</span> <span class='ocrx_word' id='word_1_320' title='bbox 3147 2074 3453 2146; x_wconf 79' lang='grc' dir='ltr'>ὑπέρσοφον</span> <span class='ocrx_word' id='word_1_321' title='bbox 3497 2072 3598 2143; x_wconf 78' lang='grc' dir='ltr'>τῆς</span> <span class='ocrx_word' id='word_1_322' title='bbox 3643 2074 3765 2142; x_wconf 73' lang='grc' dir='ltr'>περὶ</span> 
     </span>
    </p>
   </div>
   <div class='ocr_carea' id='block_1_47' title="bbox 2189 2164 3768 2245">
    <p class='ocr_par' dir='ltr' id='par_1_47' title="bbox 2189 2164 3768 2245">
     <span class='ocr_line' id='line_1_47' title="bbox 2189 2164 3768 2245; baseline -0.009 -14"><span class='ocrx_word' id='word_1_323' title='bbox 2189 2176 2323 2232; x_wconf 88' lang='grc' dir='ltr'>Θεοῦ</span> <span class='ocrx_word' id='word_1_324' title='bbox 2343 2173 2718 2245; x_wconf 74' lang='grc' dir='ltr'>ἀκαταληψίας</span> <span class='ocrx_word' id='word_1_325' title='bbox 2750 2170 2975 2243; x_wconf 81' lang='grc' dir='ltr'>μέγεθος</span> <span class='ocrx_word' id='word_1_326' title='bbox 2991 2187 3006 2200; x_wconf 73' lang='grc'><strong><em>⁸</em></strong></span> <span class='ocrx_word' id='word_1_327' title='bbox 3034 2169 3166 2240; x_wconf 86' lang='grc' dir='ltr'><strong>φησί</strong></span> <span class='ocrx_word' id='word_1_328' title='bbox 3184 2168 3294 2238; x_wconf 80' lang='grc' dir='ltr'>γὰρ</span> <span class='ocrx_word' id='word_1_329' title='bbox 3323 2168 3407 2221; x_wconf 83' lang='grc' dir='ltr'>ὃτι</span> <span class='ocrx_word' id='word_1_330' title='bbox 3432 2165 3510 2237; x_wconf 82' lang='grc' dir='ltr'>τῷ</span> <span class='ocrx_word' id='word_1_331' title='bbox 3528 2164 3768 2239; x_wconf 67' lang='grc' dir='ltr'>αἰσθητῷ</span> 
     </span>
    </p>
   </div>
   <div class='ocr_carea' id='block_1_48' title="bbox 2191 2258 3763 2343">
    <p class='ocr_par' dir='ltr' id='par_1_48' title="bbox 2191 2258 3763 2343">
     <span class='ocr_line' id='line_1_48' title="bbox 2191 2258 3763 2343; baseline -0.01 -18"><span class='ocrx_word' id='word_1_332' title='bbox 2191 2267 2713 2343; x_wconf 78' lang='grc' dir='ltr'>περικεκλεισμὲνοι,</span> <span class='ocrx_word' id='word_1_333' title='bbox 2732 2265 2794 2319; x_wconf 84' lang='grc' dir='ltr'>τὸ</span> <span class='ocrx_word' id='word_1_334' title='bbox 2822 2265 2952 2335; x_wconf 83' lang='grc' dir='ltr'><strong>περί</strong></span> <span class='ocrx_word' id='word_1_335' title='bbox 2974 2262 3165 2326; x_wconf 83' lang='grc' dir='ltr'>ἀῦλίας</span> <span class='ocrx_word' id='word_1_336' title='bbox 3192 2263 3287 2317; x_wconf 76' lang='grc' dir='ltr'><strong>καὶ</strong></span> <span class='ocrx_word' id='word_1_337' title='bbox 3315 2258 3763 2333; x_wconf 78' lang='grc' dir='ltr'>ὑπερουσιὰτητος</span> 
     </span>
    </p>
   </div>
   <div class='ocr_carea' id='block_1_49' title="bbox 2191 2349 3764 2439">
    <p class='ocr_par' dir='ltr' id='par_1_49' title="bbox 2191 2349 3764 2439">
     <span class='ocr_line' id='line_1_49' title="bbox 2191 2349 3764 2439; baseline -0.013 -18"><span class='ocrx_word' id='word_1_338' title='bbox 2191 2367 2324 2439; x_wconf 80' lang='grc' dir='ltr'>φέρε</span> <span class='ocrx_word' id='word_1_339' title='bbox 2357 2366 2528 2419; x_wconf 78' lang='grc' dir='ltr'>εἰπεῖν</span> <span class='ocrx_word' id='word_1_340' title='bbox 2559 2358 2655 2415; x_wconf 85' lang='grc' dir='ltr'><strong>τοῦ</strong></span> <span class='ocrx_word' id='word_1_341' title='bbox 2685 2357 2820 2413; x_wconf 85' lang='grc' dir='ltr'>Θεοῦ</span> <span class='ocrx_word' id='word_1_342' title='bbox 2851 2355 3301 2421; x_wconf 80' lang='grc' dir='ltr'>κατεξετάζοντες</span> <span class='ocrx_word' id='word_1_343' title='bbox 3336 2353 3532 2424; x_wconf 83' lang='grc' dir='ltr'>δόγμα,</span> 
     </span>
    </p>
   </div>
   <div class='ocr_carea' id='block_1_50' title="bbox 2194 2436 3765 2531">
    <p class='ocr_par' dir='ltr' id='par_1_50' title="bbox 2194 2436 3765 2531">
     <span class='ocr_line' id='line_1_50' title="bbox 2194 2436 3765 2531; baseline -0.011 -19"><span class='ocrx_word' id='word_1_344' title='bbox 2194 2436 2352 2531; x_wconf 83' lang='grc' dir='ltr'>μεθα,</span> <span class='ocrx_word' id='word_1_345' title='bbox 2394 2458 2458 2510; x_wconf 82' lang='grc' dir='ltr'><strong>ὲκ</strong></span> <span class='ocrx_word' id='word_1_346' title='bbox 2497 2454 2604 2508; x_wconf 88' lang='grc' dir='ltr'><strong>τῶν</strong></span> <span class='ocrx_word' id='word_1_347' title='bbox 2655 2448 2930 2521; x_wconf 77' lang='grc' dir='ltr'>αἰσθητῶν</span> <span class='ocrx_word' id='word_1_348' title='bbox 2971 2449 3154 2501; x_wconf 75' lang='grc' dir='ltr'>ἐκεῖνα</span> <span class='ocrx_word' id='word_1_349' title='bbox 3204 2444 3615 2516; x_wconf 76' lang='grc' dir='ltr'>σταθμώμενοι’</span> <span class='ocrx_word' id='word_1_350' title='bbox 3659 2436 3765 2496; x_wconf 85' lang='grc' dir='ltr'>οἷον</span> 
     </span>
    </p>
   </div>
   <div class='ocr_carea' id='block_1_51' title="bbox 2190 2534 3763 2622">
    <p class='ocr_par' dir='ltr' id='par_1_51' title="bbox 2190 2534 3763 2622">
     <span class='ocr_line' id='line_1_51' title="bbox 2190 2534 3763 2622; baseline -0.012 -17"><span class='ocrx_word' id='word_1_351' title='bbox 2190 2551 2249 2604; x_wconf 86' lang='grc' dir='ltr'>τὸ</span> <span class='ocrx_word' id='word_1_352' title='bbox 2277 2550 2405 2622; x_wconf 74' lang='grc' dir='ltr'>περὶ</span> <span class='ocrx_word' id='word_1_353' title='bbox 2437 2547 2668 2621; x_wconf 79' lang='grc' dir='ltr'>Τριάδος</span> <span class='ocrx_word' id='word_1_354' title='bbox 2704 2545 2805 2616; x_wconf 84' lang='grc' dir='ltr'>τῆς</span> <span class='ocrx_word' id='word_1_355' title='bbox 2852 2541 3018 2613; x_wconf 86' lang='grc' dir='ltr'>μόνης</span> <span class='ocrx_word' id='word_1_356' title='bbox 3060 2538 3441 2611; x_wconf 67' lang='grc' dir='ltr'>προπυνητῆς</span> <span class='ocrx_word' id='word_1_357' title='bbox 3485 2534 3763 2600; x_wconf 77' lang='grc' dir='ltr'>διεξιόντες</span> 
     </span>
    </p>
   </div>
   <div class='ocr_carea' id='block_1_52' title="bbox 2191 2629 3763 2718">
    <p class='ocr_par' dir='ltr' id='par_1_52' title="bbox 2191 2629 3763 2718">
     <span class='ocr_line' id='line_1_52' title="bbox 2191 2629 3763 2718; baseline -0.011 -19"><span class='ocrx_word' id='word_1_358' title='bbox 2191 2646 2474 2718; x_wconf 86' lang='grc' dir='ltr'>κήρυγμα,</span> <span class='ocrx_word' id='word_1_359' title='bbox 2502 2641 2598 2707; x_wconf 76' lang='grc' dir='ltr'><strong>καὶ</strong></span> <span class='ocrx_word' id='word_1_360' title='bbox 2619 2637 3048 2713; x_wconf 85' lang='grc' dir='ltr'>τρισυπόστατον</span> <span class='ocrx_word' id='word_1_361' title='bbox 3079 2634 3372 2706; x_wconf 81' lang='grc' dir='ltr'>ἀμέριστον</span> <span class='ocrx_word' id='word_1_362' title='bbox 3402 2630 3496 2685; x_wconf 81' lang='grc' dir='ltr'><strong>καί</strong></span> <span class='ocrx_word' id='word_1_363' title='bbox 3527 2629 3763 2700; x_wconf 82' lang='grc' dir='ltr'>ἀδιαίρε-</span> 
     </span>
    </p>
   </div>
   <div class='ocr_carea' id='block_1_53' title="bbox 2189 2723 3764 2799">
    <p class='ocr_par' dir='ltr' id='par_1_53' title="bbox 2189 2723 3764 2799">
     <span class='ocr_line' id='line_1_53' title="bbox 2189 2723 3764 2799; baseline -0.011 -8"><span class='ocrx_word' id='word_1_364' title='bbox 2189 2754 2284 2792; x_wconf 88' lang='grc' dir='ltr'><strong>τον</strong></span> <span class='ocrx_word' id='word_1_365' title='bbox 2313 2734 2602 2798; x_wconf 73' lang='grc' dir='ltr'>ἀκούοντές</span> <span class='ocrx_word' id='word_1_366' title='bbox 2627 2749 2772 2796; x_wconf 86' lang='grc' dir='ltr'>τινες</span> <span class='ocrx_word' id='word_1_367' title='bbox 2805 2728 3102 2799; x_wconf 78' lang='grc' dir='ltr'>θεολογίαν,</span> <span class='ocrx_word' id='word_1_368' title='bbox 3134 2726 3294 2790; x_wconf 84' lang='grc' dir='ltr'>εὐθὺς</span> <span class='ocrx_word' id='word_1_369' title='bbox 3334 2723 3659 2793; x_wconf 86' lang='grc' dir='ltr'>ἰλιγγιῶσιν,</span> <span class='ocrx_word' id='word_1_370' title='bbox 3693 2724 3764 2784; x_wconf 84' lang='grc' dir='ltr'><strong>εἰς</strong></span> 
     </span>
    </p>
   </div>
   <div class='ocr_carea' id='block_1_54' title="bbox 2189 2814 3766 2901">
    <p class='ocr_par' dir='ltr' id='par_1_54' title="bbox 2189 2814 3766 2901">
     <span class='ocr_line' id='line_1_54' title="bbox 2189 2814 3766 2901; baseline -0.012 -17"><span class='ocrx_word' id='word_1_371' title='bbox 2189 2830 2260 2884; x_wconf 76' lang='grc' dir='ltr'>τὰ</span> <span class='ocrx_word' id='word_1_372' title='bbox 2290 2828 2513 2901; x_wconf 84' lang='grc' dir='ltr'>σώματα</span> <span class='ocrx_word' id='word_1_373' title='bbox 2540 2821 3017 2899; x_wconf 75' lang='grc' dir='ltr'>προσέχοντες,καὶ</span> <span class='ocrx_word' id='word_1_374' title='bbox 3042 2820 3207 2873; x_wconf 84' lang='grc' dir='ltr'>τόπου</span> <span class='ocrx_word' id='word_1_375' title='bbox 3247 2816 3495 2901; x_wconf 84' lang='grc' dir='ltr'>δεόμενα,</span> <span class='ocrx_word' id='word_1_376' title='bbox 3529 2815 3626 2868; x_wconf 79' lang='grc' dir='ltr'><strong>καὶ</strong></span> <span class='ocrx_word' id='word_1_377' title='bbox 3654 2814 3766 2867; x_wconf 85' lang='grc' dir='ltr'>δια-</span> 
     </span>
    </p>
   </div>
   <div class='ocr_carea' id='block_1_55' title="bbox 520 2898 2093 2997">
    <p class='ocr_par' dir='ltr' id='par_1_55' title="bbox 520 2910 2093 2989">
     <span class='ocr_line' id='line_1_55' title="bbox 520 2910 2093 2989; baseline 0.01 -26"><span class='ocrx_word' id='word_1_378' title='bbox 520 2924 807 2980; x_wconf 82' lang='lat' dir='ltr'><strong>corporum</strong></span> <span class='ocrx_word' id='word_1_379' title='bbox 847 2910 1197 2983; x_wconf 63' lang='lat' dir='ltr'><strong>inhaerentes,</strong></span> <span class='ocrx_word' id='word_1_380' title='bbox 1230 2928 1352 2989; x_wconf 69' lang='lat' dir='ltr'><strong>quae</strong></span> <span class='ocrx_word' id='word_1_381' title='bbox 1386 2916 1507 2981; x_wconf 82' lang='lat' dir='ltr'><strong>loco</strong></span> <span class='ocrx_word' id='word_1_382' title='bbox 1551 2923 1604 2973; x_wconf 85' lang='lat' dir='ltr'><strong>et</strong></span> <span class='ocrx_word' id='word_1_383' title='bbox 1634 2917 1920 2988; x_wconf 83' lang='lat' dir='ltr'><strong>intervallo</strong></span> <span class='ocrx_word' id='word_1_384' title='bbox 1950 2920 2093 2987; x_wconf 55' lang='lat' dir='ltr'><strong>indi:</strong></span> 
     </span>
    </p>
   </div>
   <div class='ocr_carea' id='block_1_56' title="bbox 2196 2898 3764 2997">
    <p class='ocr_par' dir='ltr' id='par_1_56' title="bbox 2196 2898 3764 2997">
     <span class='ocr_line' id='line_1_56' title="bbox 2196 2898 3764 2997; baseline -0.011 -19"><span class='ocrx_word' id='word_1_385' title='bbox 2196 2898 2506 2997; x_wconf 77' lang='grc' dir='ltr'>στημάτων,</span> <span class='ocrx_word' id='word_1_386' title='bbox 2532 2898 2802 2989; x_wconf 71' lang='grc' dir='ltr'>λέγοντες,</span> <span class='ocrx_word' id='word_1_387' title='bbox 2841 2915 2966 2979; x_wconf 88' lang='grc' dir='ltr'>Πῶς</span> <span class='ocrx_word' id='word_1_388' title='bbox 3003 2908 3114 2968; x_wconf 75' lang='grc' dir='ltr'>οἷόν</span> <span class='ocrx_word' id='word_1_389' title='bbox 3151 2929 3212 2966; x_wconf 90' lang='grc' dir='ltr'><strong>τε</strong></span> <span class='ocrx_word' id='word_1_390' title='bbox 3252 2898 3402 2984; x_wconf 81' lang='grc' dir='ltr'>τρεῖς</span> <span class='ocrx_word' id='word_1_391' title='bbox 3444 2908 3764 2970; x_wconf 74' lang='grc' dir='ltr'>ὑποστάσεις</span> 
     </span>
    </p>
   </div>
   <div class='ocr_carea' id='block_1_57' title="bbox 519 2997 2093 3086">
    <p class='ocr_par' dir='ltr' id='par_1_57' title="bbox 519 3001 2093 3081">
     <span class='ocr_line' id='line_1_57' title="bbox 519 3001 2093 3081; baseline 0.01 -24"><span class='ocrx_word' id='word_1_392' title='bbox 519 3010 667 3073; x_wconf 84' lang='lat' dir='ltr'><strong>gent,</strong></span> <span class='ocrx_word' id='word_1_393' title='bbox 696 3001 971 3075; x_wconf 72' lang='lat' dir='ltr'><strong>dicentes;</strong></span> <span class='ocrx_word' id='word_1_394' title='bbox 995 3002 1280 3075; x_wconf 79' lang='lat' dir='ltr'><strong>Quomodo</strong></span> <span class='ocrx_word' id='word_1_395' title='bbox 1314 3004 1431 3061; x_wconf 86' lang='lat' dir='ltr'><strong>ﬁeri</strong></span> <span class='ocrx_word' id='word_1_396' title='bbox 1460 3015 1659 3078; x_wconf 83' lang='lat' dir='ltr'><strong>potest,</strong></span> <span class='ocrx_word' id='word_1_397' title='bbox 1686 3017 1745 3077; x_wconf 78' lang='lat' dir='ltr'><strong>ut</strong></span> <span class='ocrx_word' id='word_1_398' title='bbox 1772 3019 1886 3071; x_wconf 85' lang='lat' dir='ltr'><strong>tres.</strong></span> <span class='ocrx_word' id='word_1_399' title='bbox 1911 3014 2093 3081; x_wconf 80' lang='lat' dir='ltr'><strong>subsi-</strong></span> 
     </span>
    </p>
   </div>
   <div class='ocr_carea' id='block_1_58' title="bbox 2196 2997 3763 3086">
    <p class='ocr_par' dir='ltr' id='par_1_58' title="bbox 2196 2997 3763 3086">
     <span class='ocr_line' id='line_1_58' title="bbox 2196 2997 3763 3086; baseline -0.013 -15"><span class='ocrx_word' id='word_1_400' title='bbox 2196 3018 2282 3086; x_wconf 83' lang='grc' dir='ltr'><strong>ὑφ’</strong></span> <span class='ocrx_word' id='word_1_401' title='bbox 2327 3014 2534 3073; x_wconf 78' lang='grc' dir='ltr'>ἑαυτῶν</span> <span class='ocrx_word' id='word_1_402' title='bbox 2572 3007 2731 3075; x_wconf 79' lang='grc' dir='ltr'>εἶναι,</span> <span class='ocrx_word' id='word_1_403' title='bbox 2771 3009 2867 3063; x_wconf 77' lang='grc' dir='ltr'>καὶ</span> <span class='ocrx_word' id='word_1_404' title='bbox 2908 3007 3246 3079; x_wconf 78' lang='grc' dir='ltr'>ἀδιαιρέτους</span> <span class='ocrx_word' id='word_1_405' title='bbox 3292 2997 3470 3066; x_wconf 64' lang='lat' dir='ltr'><strong>sint;</strong></span> <span class='ocrx_word' id='word_1_406' title='bbox 3524 3001 3620 3054; x_wconf 82' lang='grc' dir='ltr'><strong>καὶ</strong></span> <span class='ocrx_word' id='word_1_407' title='bbox 3663 2998 3763 3069; x_wconf 80' lang='grc' dir='ltr'>γὰρ</span> 
     </span>
    </p>
   </div>
   <div class='ocr_carea' id='block_1_59' title="bbox 520 3091 2093 3179">
    <p class='ocr_par' dir='ltr' id='par_1_59' title="bbox 520 3093 2093 3173">
     <span class='ocr_line' id='line_1_59' title="bbox 520 3093 2093 3173; baseline 0.013 -27"><span class='ocrx_word' id='word_1_408' title='bbox 520 3093 732 3164; x_wconf 66' lang='grc' dir='ltr'>ειθιιιίᾳι</span> <span class='ocrx_word' id='word_1_409' title='bbox 760 3095 813 3148; x_wconf 87' lang='lat' dir='ltr'><strong>in</strong></span> <span class='ocrx_word' id='word_1_410' title='bbox 846 3095 1041 3167; x_wconf 86' lang='lat' dir='ltr'><strong>seipsis</strong></span> <span class='ocrx_word' id='word_1_411' title='bbox 1068 3096 1179 3165; x_wconf 81' lang='lat' dir='ltr'><strong>sint</strong></span> <span class='ocrx_word' id='word_1_412' title='bbox 1207 3106 1260 3154; x_wconf 89' lang='lat' dir='ltr'><strong>et</strong></span> <span class='ocrx_word' id='word_1_413' title='bbox 1298 3099 1629 3173; x_wconf 71' lang='lat' dir='ltr'><strong>indistincta:</strong></span> <span class='ocrx_word' id='word_1_414' title='bbox 1665 3104 1812 3172; x_wconf 73' lang='lat' dir='ltr'><strong>sint?</strong></span> <span class='ocrx_word' id='word_1_415' title='bbox 1840 3110 2093 3169; x_wconf 81' lang='lat' dir='ltr'><strong>nesciunt</strong></span> 
     </span>
    </p>
   </div>
   <div class='ocr_carea' id='block_1_60' title="bbox 2196 3091 3765 3179">
    <p class='ocr_par' dir='ltr' id='par_1_60' title="bbox 2196 3091 3765 3179">
     <span class='ocr_line' id='line_1_60' title="bbox 2196 3091 3765 3179; baseline -0.013 -15"><span class='ocrx_word' id='word_1_416' title='bbox 2196 3107 2445 3179; x_wconf 80' lang='grc' dir='ltr'>ἀγνοοῦσι</span> <span class='ocrx_word' id='word_1_417' title='bbox 2495 3104 2783 3179; x_wconf 86' lang='grc' dir='ltr'>μωραίνειν</span> <span class='ocrx_word' id='word_1_418' title='bbox 2835 3103 2894 3155; x_wconf 84' lang='grc' dir='ltr'>ὲν</span> <span class='ocrx_word' id='word_1_419' title='bbox 2934 3102 3050 3164; x_wconf 83' lang='grc' dir='ltr'>τοῖς</span> <span class='ocrx_word' id='word_1_420' title='bbox 3086 3096 3383 3166; x_wconf 83' lang='grc' dir='ltr'>αἰσθητοῖς,</span> <span class='ocrx_word' id='word_1_421' title='bbox 3424 3095 3512 3147; x_wconf 74' lang='grc' dir='ltr'>ἵνα</span> <span class='ocrx_word' id='word_1_422' title='bbox 3544 3091 3618 3145; x_wconf 83' lang='grc' dir='ltr'>τὰ</span> <span class='ocrx_word' id='word_1_423' title='bbox 3654 3091 3765 3145; x_wconf 75' lang='grc' dir='ltr'><strong>θαία</strong></span> 
     </span>
    </p>
   </div>
   <div class='ocr_carea' id='block_1_61' title="bbox 521 3184 2093 3275">
    <p class='ocr_par' dir='ltr' id='par_1_61' title="bbox 521 3185 2093 3269">
     <span class='ocr_line' id='line_1_61' title="bbox 521 3185 2093 3269; baseline 0.012 -30"><span class='ocrx_word' id='word_1_424' title='bbox 521 3185 668 3251; x_wconf 81' lang='lat' dir='ltr'><strong>enim</strong></span> <span class='ocrx_word' id='word_1_425' title='bbox 707 3187 1030 3257; x_wconf 82' lang='lat' dir='ltr'><strong>stultescere</strong></span> <span class='ocrx_word' id='word_1_426' title='bbox 1054 3191 1113 3251; x_wconf 85' lang='lat' dir='ltr'><strong>in</strong></span> <span class='ocrx_word' id='word_1_427' title='bbox 1155 3191 1471 3261; x_wconf 79' lang='lat' dir='ltr'><strong>sensilibus,</strong></span> <span class='ocrx_word' id='word_1_428' title='bbox 1505 3203 1565 3265; x_wconf 88' lang='lat' dir='ltr'><strong>ut</strong></span> <span class='ocrx_word' id='word_1_429' title='bbox 1604 3196 1661 3263; x_wconf 89' lang='lat' dir='ltr'><strong>in</strong></span> <span class='ocrx_word' id='word_1_430' title='bbox 1701 3196 1903 3265; x_wconf 81' lang='lat' dir='ltr'><strong>divinis</strong></span> <span class='ocrx_word' id='word_1_431' title='bbox 1932 3202 2093 3269; x_wconf 58' lang='lat' dir='ltr'><strong>iustis-</strong></span> 
     </span>
    </p>
   </div>
   <div class='ocr_carea' id='block_1_62' title="bbox 2196 3184 3765 3275">
    <p class='ocr_par' dir='ltr' id='par_1_62' title="bbox 2196 3184 3765 3275">
     <span class='ocr_line' id='line_1_62' title="bbox 2196 3184 3765 3275; baseline -0.012 -18"><span class='ocrx_word' id='word_1_432' title='bbox 2196 3199 2511 3273; x_wconf 86' lang='grc' dir='ltr'>σοφισθῶσι,</span> <span class='ocrx_word' id='word_1_433' title='bbox 2548 3200 2642 3252; x_wconf 55' lang='grc' dir='ltr'><strong>καὶ⁸</strong></span> <span class='ocrx_word' id='word_1_434' title='bbox 2670 3195 2894 3251; x_wconf 86' lang='grc' dir='ltr'>τοιαῦτα</span> <span class='ocrx_word' id='word_1_435' title='bbox 2922 3194 3085 3267; x_wconf 67' lang='grc' dir='ltr'>ἕτερα</span> <span class='ocrx_word' id='word_1_436' title='bbox 3115 3191 3305 3275; x_wconf 78' lang='grc' dir='ltr'>μυρία,</span> <span class='ocrx_word' id='word_1_437' title='bbox 3336 3188 3474 3261; x_wconf 82' lang='grc' dir='ltr'>πρὸς</span> <span class='ocrx_word' id='word_1_438' title='bbox 3500 3185 3597 3250; x_wconf 80' lang='grc' dir='ltr'>οὓς</span> <span class='ocrx_word' id='word_1_439' title='bbox 3623 3184 3765 3240; x_wconf 78' lang='grc' dir='ltr'><strong>6Κύ-</strong></span> 
     </span>
    </p>
   </div>
   <div class='ocr_carea' id='block_1_63' title="bbox 523 3279 2093 3367">
    <p class='ocr_par' dir='ltr' id='par_1_63' title="bbox 523 3282 2091 3362">
     <span class='ocr_line' id='line_1_63' title="bbox 523 3282 2091 3362; baseline 0.008 -32"><span class='ocrx_word' id='word_1_440' title='bbox 523 3284 784 3347; x_wconf 86' lang='lat' dir='ltr'><strong>tuantur;</strong></span> <span class='ocrx_word' id='word_1_441' title='bbox 811 3292 1047 3350; x_wconf 82' lang='lat' dir='ltr'><strong>suntque</strong></span> <span class='ocrx_word' id='word_1_442' title='bbox 1073 3282 1179 3353; x_wconf 80' lang='lat' dir='ltr'><strong>alia</strong></span> <span class='ocrx_word' id='word_1_443' title='bbox 1208 3282 1421 3355; x_wconf 76' lang='lat' dir='ltr'><strong>inﬁnita</strong></span> <span class='ocrx_word' id='word_1_444' title='bbox 1466 3286 1687 3353; x_wconf 88' lang='lat' dir='ltr'><strong>similia,</strong></span> <span class='ocrx_word' id='word_1_445' title='bbox 1718 3291 1787 3355; x_wconf 77' lang='lat' dir='ltr'><strong>ad</strong></span> <span class='ocrx_word' id='word_1_446' title='bbox 1816 3308 1956 3362; x_wconf 86' lang='lat' dir='ltr'><strong>quos</strong></span> <span class='ocrx_word' id='word_1_447' title='bbox 1985 3294 2091 3359; x_wconf 58' lang='lat' dir='ltr'><strong>Do,</strong></span> 
     </span>
    </p>
   </div>
   <div class='ocr_carea' id='block_1_64' title="bbox 2196 3279 3763 3367">
    <p class='ocr_par' dir='ltr' id='par_1_64' title="bbox 2196 3279 3763 3367">
     <span class='ocr_line' id='line_1_64' title="bbox 2196 3279 3763 3367; baseline -0.012 -18"><span class='ocrx_word' id='word_1_448' title='bbox 2196 3312 2308 3367; x_wconf 88' lang='grc' dir='ltr'>ριος</span> <span class='ocrx_word' id='word_1_449' title='bbox 2331 3292 2673 3353; x_wconf 76' lang='grc' dir='ltr'>ἀποτείνεται</span> <span class='ocrx_word' id='word_1_450' title='bbox 2691 3306 2704 3319; x_wconf 86' lang='grc'><strong>·</strong></span> <span class='ocrx_word' id='word_1_451' title='bbox 2738 3290 2807 3344; x_wconf 86' lang='lat' dir='ltr'><strong>El</strong></span> <span class='ocrx_word' id='word_1_452' title='bbox 2836 3289 2908 3341; x_wconf 87' lang='grc' dir='ltr'>τὰ</span> <span class='ocrx_word' id='word_1_453' title='bbox 2938 3287 3165 3356; x_wconf 78' lang='grc' dir='ltr'>ἐπίγεια</span> <span class='ocrx_word' id='word_1_454' title='bbox 3196 3282 3370 3367; x_wconf 50' lang='grc' dir='ltr'>εἴσιτον</span> <span class='ocrx_word' id='word_1_455' title='bbox 3394 3279 3540 3349; x_wconf 75' lang='grc' dir='ltr'><strong>ὑμῖν</strong></span> <span class='ocrx_word' id='word_1_456' title='bbox 3568 3279 3669 3332; x_wconf 78' lang='grc' dir='ltr'>καί</span> <span class='ocrx_word' id='word_1_457' title='bbox 3698 3279 3763 3330; x_wconf 82' lang='grc' dir='ltr'>οὐ</span> 
     </span>
    </p>
   </div>
   <div class='ocr_carea' id='block_1_65' title="bbox 524 3368 2093 3455">
    <p class='ocr_par' dir='ltr' id='par_1_65' title="bbox 524 3368 2093 3450">
     <span class='ocr_line' id='line_1_65' title="bbox 524 3368 2093 3450; baseline 0.015 -29"><span class='ocrx_word' id='word_1_458' title='bbox 524 3368 708 3425; x_wconf 91' lang='lat' dir='ltr'><strong>minus</strong></span> <span class='ocrx_word' id='word_1_459' title='bbox 736 3385 1046 3428; x_wconf 84' lang='lat' dir='ltr'><strong>sermonem</strong></span> <span class='ocrx_word' id='word_1_460' title='bbox 1078 3372 1250 3429; x_wconf 90' lang='lat' dir='ltr'><strong>istum</strong></span> <span class='ocrx_word' id='word_1_461' title='bbox 1287 3376 1534 3450; x_wconf 77' lang='lat' dir='ltr'><strong>extendit</strong></span> <span class='ocrx_word' id='word_1_462' title='bbox 1574 3397 1589 3445; x_wconf 74' lang='grc' dir='ltr'><strong>ς</strong></span> <span class='ocrx_word' id='word_1_463' title='bbox 1621 3378 1682 3447; x_wconf 76' lang='lat' dir='ltr'><strong>Si</strong></span> <span class='ocrx_word' id='word_1_464' title='bbox 1725 3390 1931 3450; x_wconf 74' lang='lat' dir='ltr'><strong>terrena</strong></span> <span class='ocrx_word' id='word_1_465' title='bbox 1975 3385 2093 3445; x_wconf 70' lang='lat' dir='ltr'><strong>dixi</strong></span> 
     </span>
    </p>
   </div>
   <div class='ocr_carea' id='block_1_66' title="bbox 2196 3368 3764 3455">
    <p class='ocr_par' dir='ltr' id='par_1_66' title="bbox 2196 3369 3764 3455">
     <span class='ocr_line' id='line_1_66' title="bbox 2196 3369 3764 3455; baseline -0.011 -15"><span class='ocrx_word' id='word_1_466' title='bbox 2196 3372 2524 3451; x_wconf 68' lang='grc' dir='ltr'>πιστεύετε,</span> <span class='ocrx_word' id='word_1_467' title='bbox 2549 3382 2692 3448; x_wconf 82' lang='grc' dir='ltr'>πῶς,</span> <span class='ocrx_word' id='word_1_468' title='bbox 2717 3381 2824 3434; x_wconf 80' lang='grc' dir='ltr'><strong>ἐὰν</strong></span> <span class='ocrx_word' id='word_1_469' title='bbox 2853 3380 2998 3433; x_wconf 77' lang='grc' dir='ltr'><strong>ειπω</strong></span> <span class='ocrx_word' id='word_1_470' title='bbox 3028 3376 3171 3449; x_wconf 82' lang='grc' dir='ltr'>ὑμῖν</span> <span class='ocrx_word' id='word_1_471' title='bbox 3201 3375 3275 3429; x_wconf 83' lang='grc' dir='ltr'>τὰ</span> <span class='ocrx_word' id='word_1_472' title='bbox 3300 3369 3650 3455; x_wconf 74' lang='grc' dir='ltr'>ἐπουράνια,</span> <span class='ocrx_word' id='word_1_473' title='bbox 3680 3385 3764 3423; x_wconf 70' lang='grc' dir='ltr'><strong>πι-</strong></span> 
     </span>
    </p>
   </div>
   <div class='ocr_carea' id='block_1_67' title="bbox 523 3456 2093 3541">
    <p class='ocr_par' dir='ltr' id='par_1_67' title="bbox 523 3459 2093 3541">
     <span class='ocr_line' id='line_1_67' title="bbox 523 3459 2093 3541; baseline 0.011 -26"><span class='ocrx_word' id='word_1_474' title='bbox 523 3459 665 3517; x_wconf 71' lang='grc' dir='ltr'><strong>υοὸὶδ</strong></span> <span class='ocrx_word' id='word_1_475' title='bbox 685 3472 736 3517; x_wconf 84' lang='lat' dir='ltr'><strong>et</strong></span> <span class='ocrx_word' id='word_1_476' title='bbox 766 3464 870 3516; x_wconf 76' lang='lat' dir='ltr'><strong>neu</strong></span> <span class='ocrx_word' id='word_1_477' title='bbox 898 3462 1135 3535; x_wconf 73' lang='lat' dir='ltr'><strong>creditis,</strong></span> <span class='ocrx_word' id='word_1_478' title='bbox 1163 3467 1449 3541; x_wconf 79' lang='lat' dir='ltr'><strong>quomodo,</strong></span> <span class='ocrx_word' id='word_1_479' title='bbox 1486 3471 1532 3540; x_wconf 68' lang='lat' dir='ltr'><strong>si</strong></span> <span class='ocrx_word' id='word_1_480' title='bbox 1555 3472 1738 3541; x_wconf 60' lang='lat' dir='ltr'><strong>dixero</strong></span> <span class='ocrx_word' id='word_1_481' title='bbox 1769 3476 1911 3539; x_wconf 71' lang='lat' dir='ltr'><strong>uobis</strong></span> <span class='ocrx_word' id='word_1_482' title='bbox 1943 3481 2093 3534; x_wconf 73' lang='lat' dir='ltr'><strong>coele-</strong></span> 
     </span>
    </p>
   </div>
   <div class='ocr_carea' id='block_1_68' title="bbox 2196 3456 3765 3541">
    <p class='ocr_par' dir='ltr' id='par_1_68' title="bbox 2196 3456 3765 3540">
     <span class='ocr_line' id='line_1_68' title="bbox 2196 3456 3765 3540; baseline -0.011 -6"><span class='ocrx_word' id='word_1_483' title='bbox 2196 3456 2523 3540; x_wconf 65' lang='lat'><strong>028150828;</strong></span> <span class='ocrx_word' id='word_1_484' title='bbox 2547 3476 2639 3529; x_wconf 71' lang='grc' dir='ltr'><strong>καὶ</strong></span> <span class='ocrx_word' id='word_1_485' title='bbox 2666 3476 2696 3526; x_wconf 86' lang='grc' dir='ltr'><strong>ὁ</strong></span> <span class='ocrx_word' id='word_1_486' title='bbox 2724 3472 2864 3536; x_wconf 85' lang='grc' dir='ltr'>θεῖος</span> <span class='ocrx_word' id='word_1_487' title='bbox 2902 3470 3112 3533; x_wconf 83' lang='grc' dir='ltr'>Παῦλος</span> <span class='ocrx_word' id='word_1_488' title='bbox 3140 3468 3307 3538; x_wconf 83' lang='grc' dir='ltr'>λέγει,</span> <span class='ocrx_word' id='word_1_489' title='bbox 3331 3467 3414 3521; x_wconf 84' lang='grc' dir='ltr'>ὅτι</span> <span class='ocrx_word' id='word_1_490' title='bbox 3445 3468 3479 3520; x_wconf 86' lang='grc' dir='ltr'><strong><em>ό</em></strong></span> <span class='ocrx_word' id='word_1_491' title='bbox 3508 3461 3765 3532; x_wconf 65' lang='grc' dir='ltr'>ψυχικὸς</span> 
     </span>
    </p>
   </div>
   <div class='ocr_carea' id='block_1_69' title="bbox 525 3554 2093 3641">
    <p class='ocr_par' dir='ltr' id='par_1_69' title="bbox 525 3554 2093 3636">
     <span class='ocr_line' id='line_1_69' title="bbox 525 3554 2093 3636; baseline 0.011 -26"><span class='ocrx_word' id='word_1_492' title='bbox 525 3556 650 3618; x_wconf 77' lang='lat' dir='ltr'><strong>uia,</strong></span> <span class='ocrx_word' id='word_1_493' title='bbox 692 3554 915 3617; x_wconf 74' lang='lat' dir='ltr'><strong>credetis</strong></span> <span class='ocrx_word' id='word_1_494' title='bbox 964 3556 1029 3610; x_wconf 68' lang='grc' dir='ltr'><strong>εἳ</strong></span> <span class='ocrx_word' id='word_1_495' title='bbox 1077 3564 1132 3613; x_wconf 88' lang='lat' dir='ltr'><strong>et</strong></span> <span class='ocrx_word' id='word_1_496' title='bbox 1163 3557 1386 3631; x_wconf 72' lang='lat' dir='ltr'><strong>divinus</strong></span> <span class='ocrx_word' id='word_1_497' title='bbox 1430 3561 1633 3633; x_wconf 82' lang='lat' dir='ltr'><strong>Paulus</strong></span> <span class='ocrx_word' id='word_1_498' title='bbox 1675 3566 1797 3636; x_wconf 81' lang='lat' dir='ltr'><strong>ait;</strong></span> <span class='ocrx_word' id='word_1_499' title='bbox 1830 3567 2093 3635; x_wconf 68' lang='lat' dir='ltr'><strong>Animalia</strong></span> 
     </span>
    </p>
   </div>
   <div class='ocr_carea' id='block_1_70' title="bbox 2196 3554 3763 3641">
    <p class='ocr_par' dir='ltr' id='par_1_70' title="bbox 2196 3555 3763 3641">
     <span class='ocr_line' id='line_1_70' title="bbox 2196 3555 3763 3641; baseline -0.012 -15"><span class='ocrx_word' id='word_1_500' title='bbox 2196 3571 2500 3641; x_wconf 77' lang='grc' dir='ltr'>ἄνθρωπος</span> <span class='ocrx_word' id='word_1_501' title='bbox 2514 3571 2585 3623; x_wconf 87' lang='grc' dir='ltr'>οὐ</span> <span class='ocrx_word' id='word_1_502' title='bbox 2600 3567 2834 3637; x_wconf 83' lang='grc' dir='ltr'>δέχεται</span> <span class='ocrx_word' id='word_1_503' title='bbox 2861 3564 2934 3619; x_wconf 84' lang='grc' dir='ltr'>τὰ</span> <span class='ocrx_word' id='word_1_504' title='bbox 2951 3564 3057 3619; x_wconf 85' lang='grc' dir='ltr'><strong>τοῦ</strong></span> <span class='ocrx_word' id='word_1_505' title='bbox 3072 3562 3407 3631; x_wconf 79' lang='grc' dir='ltr'>πνεύματος</span> <span class='ocrx_word' id='word_1_506' title='bbox 3420 3576 3435 3589; x_wconf 89' lang='grc'><strong>·</strong></span> <span class='ocrx_word' id='word_1_507' title='bbox 3461 3557 3646 3629; x_wconf 87' lang='grc' dir='ltr'>μωρία</span> <span class='ocrx_word' id='word_1_508' title='bbox 3663 3555 3763 3625; x_wconf 81' lang='grc' dir='ltr'>γὰρ</span> 
     </span>
    </p>
   </div>
   <div class='ocr_carea' id='block_1_71' title="bbox 526 3645 2093 3736">
    <p class='ocr_par' dir='ltr' id='par_1_71' title="bbox 526 3645 2092 3729">
     <span class='ocr_line' id='line_1_71' title="bbox 526 3645 2092 3729; baseline 0.012 -31"><span class='ocrx_word' id='word_1_509' title='bbox 526 3645 678 3713; x_wconf 72' lang='lat' dir='ltr'><strong>homo</strong></span> <span class='ocrx_word' id='word_1_510' title='bbox 704 3664 808 3702; x_wconf 83' lang='lat' dir='ltr'><strong>non</strong></span> <span class='ocrx_word' id='word_1_511' title='bbox 838 3649 1057 3725; x_wconf 71' lang='lat' dir='ltr'><strong>percipit</strong></span> <span class='ocrx_word' id='word_1_512' title='bbox 1085 3666 1147 3721; x_wconf 71' lang='lat' dir='ltr'><strong>ea</strong></span> <span class='ocrx_word' id='word_1_513' title='bbox 1184 3667 1299 3722; x_wconf 76' lang='lat' dir='ltr'><strong>qua:</strong></span> <span class='ocrx_word' id='word_1_514' title='bbox 1328 3662 1452 3721; x_wconf 57' lang='lat' dir='ltr'><strong>sunt</strong></span> <span class='ocrx_word' id='word_1_515' title='bbox 1472 3656 1921 3729; x_wconf 66' lang='lat' dir='ltr'><strong>spiritusu;_sunt</strong></span> <span class='ocrx_word' id='word_1_516' title='bbox 1949 3663 2092 3719; x_wconf 87' lang='lat' dir='ltr'><strong>enim</strong></span> 
     </span>
    </p>
   </div>
   <div class='ocr_carea' id='block_1_72' title="bbox 2196 3645 3763 3736">
    <p class='ocr_par' dir='ltr' id='par_1_72' title="bbox 2196 3646 3763 3736">
     <span class='ocr_line' id='line_1_72' title="bbox 2196 3646 3763 3736; baseline -0.012 -17"><span class='ocrx_word' id='word_1_517' title='bbox 2196 3663 2345 3736; x_wconf 77' lang='grc' dir='ltr'>αὐτῷ</span> <span class='ocrx_word' id='word_1_518' title='bbox 2372 3646 2729 3717; x_wconf 78' lang='grc' dir='ltr'>ὲστιν.·Ὥστε</span> <span class='ocrx_word' id='word_1_519' title='bbox 2763 3655 2857 3713; x_wconf 83' lang='grc' dir='ltr'>οὖν</span> <span class='ocrx_word' id='word_1_520' title='bbox 2891 3660 2926 3729; x_wconf 81' lang='grc' dir='ltr'><strong>ἡ</strong></span> <span class='ocrx_word' id='word_1_521' title='bbox 2959 3656 3109 3729; x_wconf 80' lang='grc' dir='ltr'>παρὰ</span> <span class='ocrx_word' id='word_1_522' title='bbox 3136 3651 3441 3726; x_wconf 83' lang='grc' dir='ltr'>ἀνθρώποις</span> <span class='ocrx_word' id='word_1_523' title='bbox 3475 3649 3657 3722; x_wconf 85' lang='grc' dir='ltr'>μωρία</span> <span class='ocrx_word' id='word_1_524' title='bbox 3678 3646 3763 3701; x_wconf 79' lang='grc' dir='ltr'><strong>τοῦ</strong></span> 
     </span>
    </p>
   </div>
   <div class='ocr_carea' id='block_1_73' title="bbox 528 3738 2093 3827">
    <p class='ocr_par' dir='ltr' id='par_1_73' title="bbox 528 3738 2091 3823">
     <span class='ocr_line' id='line_1_73' title="bbox 528 3738 2091 3823; baseline 0.011 -32"><span class='ocrx_word' id='word_1_525' title='bbox 528 3738 608 3792; x_wconf 92' lang='lat' dir='ltr'><strong>illi</strong></span> <span class='ocrx_word' id='word_1_526' title='bbox 630 3740 879 3795; x_wconf 86' lang='lat' dir='ltr'><strong>stultitia.</strong></span> <span class='ocrx_word' id='word_1_527' title='bbox 911 3739 1001 3795; x_wconf 88' lang='lat' dir='ltr'><strong>Sic</strong></span> <span class='ocrx_word' id='word_1_528' title='bbox 1028 3741 1193 3813; x_wconf 86' lang='lat' dir='ltr'><strong>igitur</strong></span> <span class='ocrx_word' id='word_1_529' title='bbox 1216 3744 1526 3817; x_wconf 82' lang='lat' dir='ltr'><strong>spiritualia</strong></span> <span class='ocrx_word' id='word_1_530' title='bbox 1548 3763 1668 3820; x_wconf 83' lang='lat' dir='ltr'><strong>quae</strong></span> <span class='ocrx_word' id='word_1_531' title='bbox 1693 3754 2091 3823; x_wconf 81' lang='lat' dir='ltr'><strong>persequenda,</strong></span> 
     </span>
    </p>
   </div>
   <div class='ocr_carea' id='block_1_74' title="bbox 2196 3738 3762 3827">
    <p class='ocr_par' dir='ltr' id='par_1_74' title="bbox 2196 3743 3762 3827">
     <span class='ocr_line' id='line_1_74' title="bbox 2196 3743 3762 3827; baseline -0.012 -14"><span class='ocrx_word' id='word_1_532' title='bbox 2196 3758 2330 3812; x_wconf 89' lang='grc' dir='ltr'>Θεοῦ</span> <span class='ocrx_word' id='word_1_533' title='bbox 2359 3756 2430 3811; x_wconf 82' lang='grc' dir='ltr'><strong>τὰ</strong></span> <span class='ocrx_word' id='word_1_534' title='bbox 2453 3753 2793 3827; x_wconf 75' lang='grc' dir='ltr'>πνευματικᾶ</span> <span class='ocrx_word' id='word_1_535' title='bbox 2819 3754 2977 3818; x_wconf 89' lang='grc' dir='ltr'>εἰσιν,</span> <span class='ocrx_word' id='word_1_536' title='bbox 3003 3751 3158 3805; x_wconf 81' lang='grc' dir='ltr'>ἆτινα</span> <span class='ocrx_word' id='word_1_537' title='bbox 3194 3743 3617 3819; x_wconf 82' lang='grc' dir='ltr'>μεταδιωκτέον·</span> <span class='ocrx_word' id='word_1_538' title='bbox 3658 3759 3762 3813; x_wconf 86' lang='grc' dir='ltr'><strong>μω-</strong></span> 
     </span>
    </p>
   </div>
   <div class='ocr_carea' id='block_1_75' title="bbox 529 3833 2093 3925">
    <p class='ocr_par' dir='ltr' id='par_1_75' title="bbox 529 3833 2093 3913">
     <span class='ocr_line' id='line_1_75' title="bbox 529 3833 2093 3913; baseline 0.012 -28"><span class='ocrx_word' id='word_1_539' title='bbox 529 3839 657 3897; x_wconf 87' lang='lat' dir='ltr'><strong>sunt</strong></span> <span class='ocrx_word' id='word_1_540' title='bbox 681 3833 914 3891; x_wconf 82' lang='lat' dir='ltr'><strong>stultitia</strong></span> <span class='ocrx_word' id='word_1_541' title='bbox 948 3833 1043 3895; x_wconf 86' lang='lat' dir='ltr'><strong>Dei</strong></span> <span class='ocrx_word' id='word_1_542' title='bbox 1072 3835 1217 3906; x_wconf 89' lang='lat' dir='ltr'><strong>apud</strong></span> <span class='ocrx_word' id='word_1_543' title='bbox 1246 3837 1534 3913; x_wconf 81' lang='lat' dir='ltr'><strong>homines;</strong></span> <span class='ocrx_word' id='word_1_544' title='bbox 1564 3843 1787 3909; x_wconf 86' lang='lat' dir='ltr'><strong>stultam</strong></span> <span class='ocrx_word' id='word_1_545' title='bbox 1820 3847 1967 3913; x_wconf 75' lang='lat' dir='ltr'><strong>enim</strong></span> <span class='ocrx_word' id='word_1_546' title='bbox 2002 3863 2093 3903; x_wconf 90' lang='lat' dir='ltr'><strong>sa-</strong></span> 
     </span>
    </p>
   </div>
   <div class='ocr_carea' id='block_1_76' title="bbox 2196 3833 3764 3925">
    <p class='ocr_par' dir='ltr' id='par_1_76' title="bbox 2199 3836 3764 3925">
     <span class='ocr_line' id='line_1_76' title="bbox 2199 3836 3764 3925; baseline -0.013 -18"><span class='ocrx_word' id='word_1_547' title='bbox 2199 3852 2298 3925; x_wconf 81' lang='grc' dir='ltr'><strong>ρὰν</strong></span> <span class='ocrx_word' id='word_1_548' title='bbox 2341 3849 2450 3922; x_wconf 87' lang='grc' dir='ltr'><strong>γὰρ</strong></span> <span class='ocrx_word' id='word_1_549' title='bbox 2483 3849 2674 3919; x_wconf 82' lang='grc' dir='ltr'>σοφίαν</span> <span class='ocrx_word' id='word_1_550' title='bbox 2714 3842 2857 3910; x_wconf 74' lang='grc' dir='ltr'>εἰπε,</span> <span class='ocrx_word' id='word_1_551' title='bbox 2887 3843 2966 3916; x_wconf 78' lang='grc' dir='ltr'>τῷ</span> <span class='ocrx_word' id='word_1_552' title='bbox 3015 3841 3286 3915; x_wconf 85' lang='grc' dir='ltr'>μηδεμίαν</span> <span class='ocrx_word' id='word_1_553' title='bbox 3333 3841 3473 3909; x_wconf 82' lang='grc' dir='ltr'>αὐτῇ</span> <span class='ocrx_word' id='word_1_554' title='bbox 3513 3836 3764 3905; x_wconf 75' lang='grc' dir='ltr'>δύνασθαι</span> 
     </span>
    </p>
   </div>
   <div class='ocr_carea' id='block_1_77' title="bbox 530 3923 2093 4016">
    <p class='ocr_par' dir='ltr' id='par_1_77' title="bbox 530 3923 2093 4012">
     <span class='ocr_line' id='line_1_77' title="bbox 530 3923 2093 4012; baseline 0.011 -35"><span class='ocrx_word' id='word_1_555' title='bbox 530 3923 787 3992; x_wconf 89' lang='lat' dir='ltr'><strong>pientiam</strong></span> <span class='ocrx_word' id='word_1_556' title='bbox 831 3925 990 4012; x_wconf 68' lang='lat' dir='ltr'><strong>dixit,</strong></span> <span class='ocrx_word' id='word_1_557' title='bbox 1024 3928 1169 4001; x_wconf 76' lang='lat' dir='ltr'><strong>quod</strong></span> <span class='ocrx_word' id='word_1_558' title='bbox 1206 3931 1354 3993; x_wconf 87' lang='lat' dir='ltr'><strong>nulla</strong></span> <span class='ocrx_word' id='word_1_559' title='bbox 1401 3934 1667 4003; x_wconf 83' lang='lat' dir='ltr'><strong>sapientia</strong></span> <span class='ocrx_word' id='word_1_560' title='bbox 1700 3935 1769 3991; x_wconf 86' lang='lat' dir='ltr'><strong>ad</strong></span> <span class='ocrx_word' id='word_1_561' title='bbox 1814 3952 1935 4007; x_wconf 83' lang='lat' dir='ltr'><strong>eam</strong></span> <span class='ocrx_word' id='word_1_562' title='bbox 1968 3954 2093 4010; x_wconf 86' lang='lat' dir='ltr'><strong>per-</strong></span> 
     </span>
    </p>
   </div>
   <div class='ocr_carea' id='block_1_78' title="bbox 2196 3923 3762 4016">
    <p class='ocr_par' dir='ltr' id='par_1_78' title="bbox 2198 3923 3762 4016">
     <span class='ocr_line' id='line_1_78' title="bbox 2198 3923 3762 4016; baseline -0.012 -17"><span class='ocrx_word' id='word_1_563' title='bbox 2198 3923 2553 4016; x_wconf 60' lang='lat' dir='ltr'><strong>atpocﬁdnetv</strong></span> <span class='ocrx_word' id='word_1_564' title='bbox 2607 3940 2798 4011; x_wconf 77' lang='grc' dir='ltr'>σοφίαν</span> <span class='ocrx_word' id='word_1_565' title='bbox 2818 3957 2832 3970; x_wconf 82' lang='grc'><em>’</em></span> <span class='ocrx_word' id='word_1_566' title='bbox 2882 3938 3070 4008; x_wconf 84' lang='grc' dir='ltr'>ὥσπερ</span> <span class='ocrx_word' id='word_1_567' title='bbox 3123 3931 3216 3989; x_wconf 81' lang='grc' dir='ltr'>οὖν</span> <span class='ocrx_word' id='word_1_568' title='bbox 3271 3933 3368 3987; x_wconf 76' lang='grc' dir='ltr'><strong>καὶ</strong></span> <span class='ocrx_word' id='word_1_569' title='bbox 3425 3930 3621 4001; x_wconf 77' lang='grc' dir='ltr'>ἄλογον</span> <span class='ocrx_word' id='word_1_570' title='bbox 3678 3926 3762 3982; x_wconf 71' lang='grc' dir='ltr'><strong>καὶ</strong></span> 
     </span>
    </p>
   </div>
   <div class='ocr_carea' id='block_1_79' title="bbox 528 4018 2093 4108">
    <p class='ocr_par' dir='ltr' id='par_1_79' title="bbox 528 4018 2093 4099">
     <span class='ocr_line' id='line_1_79' title="bbox 528 4018 2093 4099; baseline 0.011 -29"><span class='ocrx_word' id='word_1_571' title='bbox 528 4018 736 4089; x_wconf 86' lang='lat' dir='ltr'><strong>tingere</strong></span> <span class='ocrx_word' id='word_1_572' title='bbox 766 4020 940 4088; x_wconf 84' lang='lat' dir='ltr'><strong>possit</strong></span> <span class='ocrx_word' id='word_1_573' title='bbox 973 4039 987 4075; x_wconf 87' lang='lat'><strong>:</strong></span> <span class='ocrx_word' id='word_1_574' title='bbox 1016 4020 1097 4085; x_wconf 79' lang='lat' dir='ltr'><strong>sic</strong></span> <span class='ocrx_word' id='word_1_575' title='bbox 1127 4020 1294 4092; x_wconf 78' lang='lat' dir='ltr'><strong>igitur</strong></span> <span class='ocrx_word' id='word_1_576' title='bbox 1328 4024 1557 4099; x_wconf 78' lang='lat' dir='ltr'><strong>rationis</strong></span> <span class='ocrx_word' id='word_1_577' title='bbox 1605 4027 1765 4098; x_wconf 76' lang='lat'><strong>187</strong></span> <span class='ocrx_word' id='word_1_578' title='bbox 1800 4043 1866 4084; x_wconf 88' lang='lat' dir='ltr'><strong>ac</strong></span> <span class='ocrx_word' id='word_1_579' title='bbox 1896 4033 2093 4095; x_wconf 82' lang='lat' dir='ltr'><strong>mentis</strong></span> 
     </span>
    </p>
   </div>
   <div class='ocr_carea' id='block_1_80' title="bbox 2196 4018 3761 4108">
    <p class='ocr_par' dir='ltr' id='par_1_80' title="bbox 2198 4022 3761 4108">
     <span class='ocr_line' id='line_1_80' title="bbox 2198 4022 3761 4108; baseline -0.014 -15"><span class='ocrx_word' id='word_1_580' title='bbox 2198 4039 2377 4105; x_wconf 78' lang='grc' dir='ltr'>ἄνουν,</span> <span class='ocrx_word' id='word_1_581' title='bbox 2418 4037 2495 4101; x_wconf 85' lang='grc' dir='ltr'>ὡς</span> <span class='ocrx_word' id='word_1_582' title='bbox 2527 4036 2601 4108; x_wconf 79' lang='grc' dir='ltr'>μὴ</span> <span class='ocrx_word' id='word_1_583' title='bbox 2647 4034 2874 4105; x_wconf 65' lang='grc' dir='ltr'>ἔχουσαν</span> <span class='ocrx_word' id='word_1_584' title='bbox 2915 4031 3070 4100; x_wconf 87' lang='grc' dir='ltr'>λόγον</span> <span class='ocrx_word' id='word_1_585' title='bbox 3113 4030 3148 4101; x_wconf 78' lang='grc' dir='ltr'>ἢ</span> <span class='ocrx_word' id='word_1_586' title='bbox 3189 4026 3314 4083; x_wconf 90' lang='grc' dir='ltr'>νοῦν</span> <span class='ocrx_word' id='word_1_587' title='bbox 3356 4022 3761 4097; x_wconf 79' lang='grc' dir='ltr'>ἑρμηνευτικὸν,</span> 
     </span>
    </p>
   </div>
   <div class='ocr_carea' id='block_1_81' title="bbox 530 4112 2093 4208">
    <p class='ocr_par' dir='ltr' id='par_1_81' title="bbox 530 4112 2093 4195">
     <span class='ocr_line' id='line_1_81' title="bbox 530 4112 2093 4195; baseline 0.012 -33"><span class='ocrx_word' id='word_1_588' title='bbox 530 4117 803 4179; x_wconf 82' lang='lat' dir='ltr'><strong>expertem</strong></span> <span class='ocrx_word' id='word_1_589' title='bbox 852 4112 1111 4184; x_wconf 74' lang='lat' dir='ltr'><strong>vocavit,</strong></span> <span class='ocrx_word' id='word_1_590' title='bbox 1153 4114 1301 4185; x_wconf 84' lang='lat' dir='ltr'><strong>quod</strong></span> <span class='ocrx_word' id='word_1_591' title='bbox 1361 4116 1571 4188; x_wconf 81' lang='lat' dir='ltr'><strong>ratione</strong></span> <span class='ocrx_word' id='word_1_592' title='bbox 1612 4127 1706 4187; x_wconf 82' lang='lat' dir='ltr'><strong>aut</strong></span> <span class='ocrx_word' id='word_1_593' title='bbox 1749 4131 1930 4193; x_wconf 84' lang='lat' dir='ltr'><strong>mente</strong></span> <span class='ocrx_word' id='word_1_594' title='bbox 1976 4141 2093 4195; x_wconf 73' lang='lat' dir='ltr'><strong>qua:</strong></span> 
     </span>
    </p>
   </div>
   <div class='ocr_carea' id='block_1_82' title="bbox 2196 4112 3027 4208">
    <p class='ocr_par' dir='ltr' id='par_1_82' title="bbox 2201 4125 3027 4205">
     <span class='ocr_line' id='line_1_82' title="bbox 2201 4125 3027 4205; baseline -0.016 -15"><span class='ocrx_word' id='word_1_595' title='bbox 2201 4134 2368 4205; x_wconf 67' lang='grc' dir='ltr'>ἤγουν</span> <span class='ocrx_word' id='word_1_596' title='bbox 2398 4127 2803 4204; x_wconf 82' lang='grc' dir='ltr'>καταληπτικδν</span> <span class='ocrx_word' id='word_1_597' title='bbox 2833 4125 3027 4195; x_wconf 78' lang='grc' dir='ltr'>αὐτῆς,</span> 
     </span>
    </p>
   </div>
   <div class='ocr_carea' id='block_1_83' title="bbox 530 4208 1808 4279">
    <p class='ocr_par' dir='ltr' id='par_1_83' title="bbox 530 4208 1808 4279">
     <span class='ocr_line' id='line_1_83' title="bbox 530 4208 1808 4279; baseline 0.013 -27"><span class='ocrx_word' id='word_1_598' title='bbox 530 4216 704 4269; x_wconf 74' lang='lat' dir='ltr'><strong>ipsam</strong></span> <span class='ocrx_word' id='word_1_599' title='bbox 729 4212 969 4272; x_wconf 79' lang='lat' dir='ltr'><strong>exponat</strong></span> <span class='ocrx_word' id='word_1_600' title='bbox 995 4219 1091 4269; x_wconf 85' lang='lat' dir='ltr'><strong>seu</strong></span> <span class='ocrx_word' id='word_1_601' title='bbox 1121 4208 1571 4278; x_wconf 81' lang='lat' dir='ltr'><strong>comprehendat,</strong></span> <span class='ocrx_word' id='word_1_602' title='bbox 1603 4221 1808 4279; x_wconf 79' lang='lat' dir='ltr'><strong>careat.</strong></span> 
     </span>
    </p>
   </div>
   <div class='ocr_carea' id='block_1_84' title="bbox 601 4291 2093 4383">
    <p class='ocr_par' dir='ltr' id='par_1_84' title="bbox 601 4291 2093 4375">
     <span class='ocr_line' id='line_1_84' title="bbox 601 4291 2093 4375; baseline 0.014 -31"><span class='ocrx_word' id='word_1_603' title='bbox 601 4292 629 4362; x_wconf 86' lang='lat'><strong>§</strong></span> <span class='ocrx_word' id='word_1_604' title='bbox 655 4291 718 4349; x_wconf 87' lang='lat' dir='ltr'><strong>ll.</strong></span> <span class='ocrx_word' id='word_1_605' title='bbox 756 4292 837 4347; x_wconf 79' lang='lat' dir='ltr'><strong>Ea:</strong></span> <span class='ocrx_word' id='word_1_606' title='bbox 875 4310 938 4348; x_wconf 87' lang='lat' dir='ltr'><strong>ea</strong></span> <span class='ocrx_word' id='word_1_607' title='bbox 959 4294 1306 4353; x_wconf 78' lang='lat' dir='ltr'><strong>intellectiles.</strong></span> <span class='ocrx_word' id='word_1_608' title='bbox 1338 4298 1475 4354; x_wconf 88' lang='lat' dir='ltr'><strong>Nota</strong></span> <span class='ocrx_word' id='word_1_609' title='bbox 1503 4303 1665 4357; x_wconf 90' lang='lat' dir='ltr'><strong>etiam</strong></span> <span class='ocrx_word' id='word_1_610' title='bbox 1696 4305 1751 4359; x_wconf 91' lang='lat' dir='ltr'><strong>in</strong></span> <span class='ocrx_word' id='word_1_611' title='bbox 1780 4307 1903 4364; x_wconf 89' lang='lat' dir='ltr'><strong>aliis</strong></span> <span class='ocrx_word' id='word_1_612' title='bbox 1938 4310 2093 4375; x_wconf 81' lang='lat' dir='ltr'><strong>intel-</strong></span> 
     </span>
    </p>
   </div>
   <div class='ocr_carea' id='block_1_85' title="bbox 2196 4291 3762 4383">
    <p class='ocr_par' dir='ltr' id='par_1_85' title="bbox 2271 4294 3762 4383">
     <span class='ocr_line' id='line_1_85' title="bbox 2271 4294 3762 4383; baseline -0.012 -19"><span class='ocrx_word' id='word_1_613' title='bbox 2271 4310 2299 4383; x_wconf 85' lang='lat'><strong>§</strong></span> <span class='ocrx_word' id='word_1_614' title='bbox 2325 4309 2387 4363; x_wconf 89' lang='lat' dir='ltr'><strong>ll.</strong></span> <span class='ocrx_word' id='word_1_615' title='bbox 2434 4308 2535 4374; x_wconf 82' lang='grc' dir='ltr'><strong>Ἐξ</strong></span> <span class='ocrx_word' id='word_1_616' title='bbox 2564 4305 2754 4375; x_wconf 82' lang='grc' dir='ltr'>αὐτῆς</span> <span class='ocrx_word' id='word_1_617' title='bbox 2782 4308 2843 4359; x_wconf 80' lang='grc' dir='ltr'>αἱ</span> <span class='ocrx_word' id='word_1_618' title='bbox 2871 4301 3101 4369; x_wconf 66' lang='lat' dir='ltr'><strong>vomat.</strong></span> <span class='ocrx_word' id='word_1_619' title='bbox 3125 4298 3456 4371; x_wconf 88' lang='grc' dir='ltr'>Σημείωσαι,</span> <span class='ocrx_word' id='word_1_620' title='bbox 3491 4297 3570 4355; x_wconf 80' lang='grc' dir='ltr'>ὡς</span> <span class='ocrx_word' id='word_1_621' title='bbox 3596 4295 3691 4349; x_wconf 81' lang='grc' dir='ltr'><strong>καὶ</strong></span> <span class='ocrx_word' id='word_1_622' title='bbox 3711 4294 3762 4346; x_wconf 78' lang='grc' dir='ltr'>ὲν</span> 
     </span>
    </p>
   </div>
   <div class='ocr_carea' id='block_1_86' title="bbox 530 4385 2093 4475">
    <p class='ocr_par' dir='ltr' id='par_1_86' title="bbox 530 4385 2093 4465">
     <span class='ocr_line' id='line_1_86' title="bbox 530 4385 2093 4465; baseline 0.012 -25"><span class='ocrx_word' id='word_1_623' title='bbox 530 4385 763 4456; x_wconf 78' lang='lat' dir='ltr'><strong>ligibiies</strong></span> <span class='ocrx_word' id='word_1_624' title='bbox 793 4395 848 4457; x_wconf 78' lang='lat' dir='ltr'><strong>et</strong></span> <span class='ocrx_word' id='word_1_625' title='bbox 887 4388 1252 4461; x_wconf 77' lang='lat' dir='ltr'><strong>intelligentes</strong></span> <span class='ocrx_word' id='word_1_626' title='bbox 1291 4407 1414 4451; x_wconf 77' lang='lat' dir='ltr'><strong>esse</strong></span> <span class='ocrx_word' id='word_1_627' title='bbox 1456 4394 1776 4465; x_wconf 77' lang='lat' dir='ltr'><strong>facultates,</strong></span> <span class='ocrx_word' id='word_1_628' title='bbox 1804 4408 1860 4457; x_wconf 85' lang='lat' dir='ltr'><strong>et</strong></span> <span class='ocrx_word' id='word_1_629' title='bbox 1902 4404 2093 4463; x_wconf 82' lang='lat' dir='ltr'><strong>merito</strong></span> 
     </span>
    </p>
   </div>
   <div class='ocr_carea' id='block_1_87' title="bbox 2196 4385 3763 4475">
    <p class='ocr_par' dir='ltr' id='par_1_87' title="bbox 2200 4386 3763 4475">
     <span class='ocr_line' id='line_1_87' title="bbox 2200 4386 3763 4475; baseline -0.012 -16"><span class='ocrx_word' id='word_1_630' title='bbox 2200 4403 2380 4466; x_wconf 77' lang='grc' dir='ltr'>ἄλλοις</span> <span class='ocrx_word' id='word_1_631' title='bbox 2412 4401 2457 4435; x_wconf 74' lang='grc'><strong>⁸⁸</strong></span> <span class='ocrx_word' id='word_1_632' title='bbox 2485 4398 2670 4471; x_wconf 87' lang='grc' dir='ltr'>νοηταί</span> <span class='ocrx_word' id='word_1_633' title='bbox 2703 4399 2809 4451; x_wconf 88' lang='grc' dir='ltr'>εἰσι</span> <span class='ocrx_word' id='word_1_634' title='bbox 2842 4398 2936 4453; x_wconf 80' lang='grc' dir='ltr'><strong>καὶ</strong></span> <span class='ocrx_word' id='word_1_635' title='bbox 2959 4394 3142 4475; x_wconf 76' lang='grc' dir='ltr'>νοεραὶ</span> <span class='ocrx_word' id='word_1_636' title='bbox 3165 4391 3453 4463; x_wconf 64' lang='grc' dir='ltr'>δυνάμεις·</span> <span class='ocrx_word' id='word_1_637' title='bbox 3497 4389 3595 4442; x_wconf 81' lang='grc' dir='ltr'><strong>καί</strong></span> <span class='ocrx_word' id='word_1_638' title='bbox 3626 4386 3763 4443; x_wconf 79' lang='grc' dir='ltr'>εἰχό-</span> 
     </span>
    </p>
   </div>
   <div class='ocr_carea' id='block_1_88' title="bbox 531 4478 2093 4560">
    <p class='ocr_par' dir='ltr' id='par_1_88' title="bbox 531 4478 2093 4559">
     <span class='ocr_line' id='line_1_88' title="bbox 531 4478 2093 4559; baseline 0.01 -27"><span class='ocrx_word' id='word_1_639' title='bbox 531 4484 660 4532; x_wconf 89' lang='lat' dir='ltr'><strong>sunt</strong></span> <span class='ocrx_word' id='word_1_640' title='bbox 688 4478 745 4535; x_wconf 87' lang='lat' dir='ltr'><strong>in</strong></span> <span class='ocrx_word' id='word_1_641' title='bbox 762 4494 821 4535; x_wconf 88' lang='lat' dir='ltr'><strong>se</strong></span> <span class='ocrx_word' id='word_1_642' title='bbox 841 4479 1207 4552; x_wconf 77' lang='lat' dir='ltr'><strong>inteliigibiles</strong></span> <span class='ocrx_word' id='word_1_643' title='bbox 1225 4498 1290 4539; x_wconf 85' lang='lat' dir='ltr'><strong>ac</strong></span> <span class='ocrx_word' id='word_1_644' title='bbox 1305 4484 1691 4557; x_wconf 67' lang='lat' dir='ltr'><strong>intelligentes,</strong></span> <span class='ocrx_word' id='word_1_645' title='bbox 1713 4490 1858 4549; x_wconf 84' lang='lat' dir='ltr'><strong>sicut</strong></span> <span class='ocrx_word' id='word_1_646' title='bbox 1877 4493 2093 4559; x_wconf 81' lang='lat' dir='ltr'><strong>ordines</strong></span> 
     </span>
    </p>
   </div>
   <div class='ocr_carea' id='block_1_89' title="bbox 2196 4478 3762 4560">
    <p class='ocr_par' dir='ltr' id='par_1_89' title="bbox 2200 4480 3762 4560">
     <span class='ocr_line' id='line_1_89' title="bbox 2200 4480 3762 4560; baseline -0.012 -11"><span class='ocrx_word' id='word_1_647' title='bbox 2200 4513 2307 4560; x_wconf 88' lang='grc' dir='ltr'>τως</span> <span class='ocrx_word' id='word_1_648' title='bbox 2343 4496 2401 4548; x_wconf 75' lang='grc' dir='ltr'>ὲν</span> <span class='ocrx_word' id='word_1_649' title='bbox 2438 4493 2795 4557; x_wconf 57' lang='grc' dir='ltr'>αὐτοῖςλείσιν</span> <span class='ocrx_word' id='word_1_650' title='bbox 2840 4492 2888 4544; x_wconf 89' lang='grc' dir='ltr'><strong>οἰ</strong></span> <span class='ocrx_word' id='word_1_651' title='bbox 2930 4487 3083 4545; x_wconf 83' lang='grc' dir='ltr'>αὐτοί</span> <span class='ocrx_word' id='word_1_652' title='bbox 3112 4484 3206 4539; x_wconf 75' lang='grc' dir='ltr'><strong>καὶ</strong></span> <span class='ocrx_word' id='word_1_653' title='bbox 3244 4481 3423 4554; x_wconf 75' lang='grc' dir='ltr'>νοητοὶ</span> <span class='ocrx_word' id='word_1_654' title='bbox 3452 4482 3549 4536; x_wconf 76' lang='grc' dir='ltr'><strong>καὶ</strong></span> <span class='ocrx_word' id='word_1_655' title='bbox 3576 4480 3762 4552; x_wconf 82' lang='grc' dir='ltr'>νοεροί,</span> 
     </span>
    </p>
   </div>
   <div class='ocr_carea' id='block_1_90' title="bbox 530 4565 2093 4660">
    <p class='ocr_par' dir='ltr' id='par_1_90' title="bbox 530 4570 2093 4653">
     <span class='ocr_line' id='line_1_90' title="bbox 530 4570 2093 4653; baseline 0.012 -29"><span class='ocrx_word' id='word_1_656' title='bbox 530 4570 861 4639; x_wconf 83' lang='lat' dir='ltr'><strong>superiores,</strong></span> <span class='ocrx_word' id='word_1_657' title='bbox 883 4571 1251 4646; x_wconf 78' lang='lat' dir='ltr'><strong>intelligibiles</strong></span> <span class='ocrx_word' id='word_1_658' title='bbox 1273 4577 1490 4646; x_wconf 84' lang='lat' dir='ltr'><strong>quidem</strong></span> <span class='ocrx_word' id='word_1_659' title='bbox 1504 4590 1775 4650; x_wconf 80' lang='lat' dir='ltr'><strong>quatenus</strong></span> <span class='ocrx_word' id='word_1_660' title='bbox 1793 4584 1862 4641; x_wconf 80' lang='lat' dir='ltr'><strong>ab</strong></span> <span class='ocrx_word' id='word_1_661' title='bbox 1878 4584 2093 4653; x_wconf 80' lang='lat' dir='ltr'><strong>inferio-</strong></span> 
     </span>
    </p>
   </div>
   <div class='ocr_carea' id='block_1_91' title="bbox 2196 4565 3765 4660">
    <p class='ocr_par' dir='ltr' id='par_1_91' title="bbox 2199 4571 3765 4660">
     <span class='ocr_line' id='line_1_91' title="bbox 2199 4571 3765 4660; baseline -0.013 -16"><span class='ocrx_word' id='word_1_662' title='bbox 2199 4589 2390 4660; x_wconf 81' lang='grc' dir='ltr'>ῶσπερ</span> <span class='ocrx_word' id='word_1_663' title='bbox 2435 4588 2493 4657; x_wconf 74' lang='grc' dir='ltr'><strong>αἰ</strong></span> <span class='ocrx_word' id='word_1_664' title='bbox 2524 4585 2700 4653; x_wconf 56' lang='lat' dir='ltr'><strong>aveo“</strong></span> <span class='ocrx_word' id='word_1_665' title='bbox 2728 4583 2912 4652; x_wconf 82' lang='grc' dir='ltr'>τάξεις</span> <span class='ocrx_word' id='word_1_666' title='bbox 2931 4599 2945 4614; x_wconf 79' lang='grc' dir='ltr'><strong>ο</strong></span> <span class='ocrx_word' id='word_1_667' title='bbox 2985 4579 3176 4651; x_wconf 76' lang='grc' dir='ltr'>νοηταὶ</span> <span class='ocrx_word' id='word_1_668' title='bbox 3209 4577 3306 4648; x_wconf 85' lang='grc' dir='ltr'>μὲν</span> <span class='ocrx_word' id='word_1_669' title='bbox 3355 4574 3476 4628; x_wconf 82' lang='grc' dir='ltr'>καθ’</span> <span class='ocrx_word' id='word_1_670' title='bbox 3506 4574 3537 4626; x_wconf 79' lang='grc' dir='ltr'><strong>ὃ</strong></span> <span class='ocrx_word' id='word_1_671' title='bbox 3571 4575 3635 4626; x_wconf 80' lang='grc' dir='ltr'><strong>ὲκ</strong></span> <span class='ocrx_word' id='word_1_672' title='bbox 3664 4571 3765 4625; x_wconf 85' lang='grc' dir='ltr'><strong>τῶν</strong></span> 
     </span>
    </p>
   </div>
   <div class='ocr_carea' id='block_1_92' title="bbox 516 4659 2093 4754">
    <p class='ocr_par' dir='ltr' id='par_1_92' title="bbox 516 4659 2093 4745">
     <span class='ocr_line' id='line_1_92' title="bbox 516 4659 2093 4745; baseline 0.013 -31"><span class='ocrx_word' id='word_1_673' title='bbox 516 4659 681 4729; x_wconf 77' lang='lat' dir='ltr'><strong>ribus</strong></span> <span class='ocrx_word' id='word_1_674' title='bbox 712 4662 1123 4734; x_wconf 81' lang='lat' dir='ltr'><strong>intelliguntur;</strong></span> <span class='ocrx_word' id='word_1_675' title='bbox 1155 4666 1520 4739; x_wconf 69' lang='lat' dir='ltr'><strong>intelligentes</strong></span> <span class='ocrx_word' id='word_1_676' title='bbox 1542 4680 1722 4728; x_wconf 89' lang='lat' dir='ltr'><strong>autem</strong></span> <span class='ocrx_word' id='word_1_677' title='bbox 1742 4684 2014 4745; x_wconf 81' lang='lat' dir='ltr'><strong>quatenus</strong></span> <span class='ocrx_word' id='word_1_678' title='bbox 2040 4688 2093 4735; x_wconf 90' lang='lat' dir='ltr'><strong>et</strong></span> 
     </span>
    </p>
   </div>
   <div class='ocr_carea' id='block_1_93' title="bbox 2196 4659 3762 4754">
    <p class='ocr_par' dir='ltr' id='par_1_93' title="bbox 2202 4659 3762 4754">
     <span class='ocr_line' id='line_1_93' title="bbox 2202 4659 3762 4754; baseline -0.014 -18"><span class='ocrx_word' id='word_1_679' title='bbox 2202 4659 2617 4751; x_wconf 66' lang='grc' dir='ltr'><strong>ὑποᾰεόηκότων</strong></span> <span class='ocrx_word' id='word_1_680' title='bbox 2656 4676 2897 4732; x_wconf 88' lang='grc' dir='ltr'>νοοῦνται</span> <span class='ocrx_word' id='word_1_681' title='bbox 2915 4692 2928 4706; x_wconf 87' lang='grc'><strong>·</strong></span> <span class='ocrx_word' id='word_1_682' title='bbox 2973 4673 3155 4754; x_wconf 85' lang='grc' dir='ltr'>νοεραί</span> <span class='ocrx_word' id='word_1_683' title='bbox 3185 4670 3263 4733; x_wconf 84' lang='grc' dir='ltr'><strong>δὲ,</strong></span> <span class='ocrx_word' id='word_1_684' title='bbox 3297 4667 3418 4723; x_wconf 78' lang='grc' dir='ltr'>καθ’</span> <span class='ocrx_word' id='word_1_685' title='bbox 3448 4666 3477 4718; x_wconf 80' lang='grc' dir='ltr'>ὃ</span> <span class='ocrx_word' id='word_1_686' title='bbox 3508 4666 3603 4719; x_wconf 77' lang='grc' dir='ltr'><strong>καὶ</strong></span> <span class='ocrx_word' id='word_1_687' title='bbox 3629 4661 3762 4717; x_wconf 55' lang='lat' dir='ltr'><strong>ivdi-</strong></span> 
     </span>
    </p>
   </div>
   <div class='ocr_carea' id='block_1_94' title="bbox 529 4754 2092 4834">
    <p class='ocr_par' dir='ltr' id='par_1_94' title="bbox 529 4754 2092 4834">
     <span class='ocr_line' id='line_1_94' title="bbox 529 4754 2092 4834; baseline 0.012 -27"><span class='ocrx_word' id='word_1_688' title='bbox 529 4754 773 4823; x_wconf 78' lang='lat' dir='ltr'><strong>supremi</strong></span> <span class='ocrx_word' id='word_1_689' title='bbox 793 4766 941 4827; x_wconf 76' lang='lat' dir='ltr'><strong>sunt,</strong></span> <span class='ocrx_word' id='word_1_690' title='bbox 963 4767 1017 4812; x_wconf 88' lang='lat' dir='ltr'><strong>et</strong></span> <span class='ocrx_word' id='word_1_691' title='bbox 1046 4756 1343 4832; x_wconf 83' lang='lat' dir='ltr'><strong>Denm,qui</strong></span> <span class='ocrx_word' id='word_1_692' title='bbox 1365 4772 1447 4821; x_wconf 82' lang='lat' dir='ltr'><strong>est</strong></span> <span class='ocrx_word' id='word_1_693' title='bbox 1470 4778 1636 4834; x_wconf 74' lang='lat' dir='ltr'><strong>super</strong></span> <span class='ocrx_word' id='word_1_694' title='bbox 1667 4767 1872 4833; x_wconf 87' lang='lat' dir='ltr'><strong>omnia,</strong></span> <span class='ocrx_word' id='word_1_695' title='bbox 1891 4769 2092 4825; x_wconf 90' lang='lat' dir='ltr'><strong>intelli-</strong></span> 
     </span>
    </p>
   </div>
   <div class='ocr_carea' id='block_1_95' title="bbox 528 4847 2097 4932">
    <p class='ocr_par' dir='ltr' id='par_1_95' title="bbox 528 4847 2097 4932">
     <span class='ocr_line' id='line_1_95' title="bbox 528 4847 2097 4932; baseline 0.016 -34"><span class='ocrx_word' id='word_1_696' title='bbox 528 4860 654 4914; x_wconf 75' lang='lat' dir='ltr'><strong>gere</strong></span> <span class='ocrx_word' id='word_1_697' title='bbox 674 4854 937 4921; x_wconf 71' lang='lat' dir='ltr'><strong>quantum</strong></span> <span class='ocrx_word' id='word_1_698' title='bbox 969 4847 1096 4919; x_wconf 83' lang='lat' dir='ltr'><strong>licet</strong></span> <span class='ocrx_word' id='word_1_699' title='bbox 1124 4853 1485 4927; x_wconf 69' lang='lat' dir='ltr'><strong>contendunt,</strong></span> <span class='ocrx_word' id='word_1_700' title='bbox 1509 4870 1744 4928; x_wconf 77' lang='lat' dir='ltr'><strong>superne</strong></span> <span class='ocrx_word' id='word_1_701' title='bbox 1769 4862 1988 4932; x_wconf 81' lang='lat' dir='ltr'><strong>quidem</strong></span> <span class='ocrx_word' id='word_1_702' title='bbox 2020 4865 2097 4923; x_wconf 90' lang='lat' dir='ltr'><strong>in-</strong></span> 
     </span>
    </p>
   </div>
   <div class='ocr_carea' id='block_1_96' title="bbox 529 4936 2096 5028">
    <p class='ocr_par' dir='ltr' id='par_1_96' title="bbox 529 4936 2096 5028">
     <span class='ocr_line' id='line_1_96' title="bbox 529 4936 2096 5028; baseline 0.016 -39"><span class='ocrx_word' id='word_1_703' title='bbox 529 4936 837 4993; x_wconf 85' lang='lat' dir='ltr'><strong>tellectione</strong></span> <span class='ocrx_word' id='word_1_704' title='bbox 853 4941 1064 5007; x_wconf 86' lang='lat' dir='ltr'><strong>nutriti,</strong></span> <span class='ocrx_word' id='word_1_705' title='bbox 1084 4957 1180 4999; x_wconf 93' lang='lat' dir='ltr'><strong>eos</strong></span> <span class='ocrx_word' id='word_1_706' title='bbox 1197 4956 1376 5001; x_wconf 86' lang='lat' dir='ltr'><strong>autem</strong></span> <span class='ocrx_word' id='word_1_707' title='bbox 1407 4949 1497 5016; x_wconf 90' lang='lat' dir='ltr'><strong>qui</strong></span> <span class='ocrx_word' id='word_1_708' title='bbox 1529 4948 1765 5017; x_wconf 87' lang='lat' dir='ltr'><strong>demisse</strong></span> <span class='ocrx_word' id='word_1_709' title='bbox 1787 4936 2096 5028; x_wconf 70' lang='lat' dir='ltr'><strong>intelligunt</strong></span> 
     </span>
    </p>
   </div>
   <div class='ocr_carea' id='block_1_97' title="bbox 530 5029 2094 5115">
    <p class='ocr_par' dir='ltr' id='par_1_97' title="bbox 530 5029 2094 5115">
     <span class='ocr_line' id='line_1_97' title="bbox 530 5029 2094 5115; baseline 0.016 -34"><span class='ocrx_word' id='word_1_710' title='bbox 530 5029 852 5099; x_wconf 76' lang='lat' dir='ltr'><strong>nutrientes.</strong></span> <span class='ocrx_word' id='word_1_711' title='bbox 882 5032 1095 5097; x_wconf 73' lang='lat' dir='ltr'><strong>Nostra:</strong></span> <span class='ocrx_word' id='word_1_712' title='bbox 1121 5039 1265 5105; x_wconf 80' lang='lat' dir='ltr'><strong>enim</strong></span> <span class='ocrx_word' id='word_1_713' title='bbox 1306 5040 1503 5112; x_wconf 57' lang='lat' dir='ltr'><strong>animo:</strong></span> <span class='ocrx_word' id='word_1_714' title='bbox 1531 5048 1659 5114; x_wconf 82' lang='lat' dir='ltr'><strong>sunt</strong></span> <span class='ocrx_word' id='word_1_715' title='bbox 1691 5052 1904 5101; x_wconf 85' lang='lat' dir='ltr'><strong>tantum</strong></span> <span class='ocrx_word' id='word_1_716' title='bbox 1933 5049 2094 5115; x_wconf 81' lang='lat' dir='ltr'><strong>intel-</strong></span> 
     </span>
    </p>
   </div>
   <div class='ocr_carea' id='block_1_98' title="bbox 531 5120 2094 5211">
    <p class='ocr_par' dir='ltr' id='par_1_98' title="bbox 531 5120 2094 5211">
     <span class='ocr_line' id='line_1_98' title="bbox 531 5120 2094 5211; baseline 0.015 -36"><span class='ocrx_word' id='word_1_717' title='bbox 531 5120 794 5197; x_wconf 83' lang='lat' dir='ltr'><strong>ligentes;</strong></span> <span class='ocrx_word' id='word_1_718' title='bbox 827 5140 950 5189; x_wconf 85' lang='lat' dir='ltr'><strong>nam</strong></span> <span class='ocrx_word' id='word_1_719' title='bbox 980 5127 1217 5202; x_wconf 78' lang='lat' dir='ltr'><strong>scienter</strong></span> <span class='ocrx_word' id='word_1_720' title='bbox 1245 5141 1510 5202; x_wconf 84' lang='lat' dir='ltr'><strong>quantum</strong></span> <span class='ocrx_word' id='word_1_721' title='bbox 1555 5145 1785 5207; x_wconf 85' lang='lat' dir='ltr'><strong>possunt</strong></span> <span class='ocrx_word' id='word_1_722' title='bbox 1815 5141 2094 5211; x_wconf 83' lang='lat' dir='ltr'><strong>superiora</strong></span> 
     </span>
    </p>
   </div>
   <div class='ocr_carea' id='block_1_99' title="bbox 532 5213 2091 5305">
    <p class='ocr_par' dir='ltr' id='par_1_99' title="bbox 532 5213 2091 5305">
     <span class='ocr_line' id='line_1_99' title="bbox 532 5213 2091 5305; baseline 0.015 -39"><span class='ocrx_word' id='word_1_723' title='bbox 532 5213 915 5289; x_wconf 80' lang='lat' dir='ltr'><strong>intelligentes,</strong></span> <span class='ocrx_word' id='word_1_724' title='bbox 936 5235 1045 5291; x_wconf 87' lang='lat' dir='ltr'><strong>non</strong></span> <span class='ocrx_word' id='word_1_725' title='bbox 1072 5221 1271 5289; x_wconf 63' lang='lat' dir='ltr'><strong>habent</strong></span> <span class='ocrx_word' id='word_1_726' title='bbox 1294 5224 1513 5296; x_wconf 83' lang='lat' dir='ltr'><strong>aliquod</strong></span> <span class='ocrx_word' id='word_1_727' title='bbox 1536 5214 1659 5297; x_wconf 85' lang='lat' dir='ltr'><strong>post</strong></span> <span class='ocrx_word' id='word_1_728' title='bbox 1681 5244 1741 5295; x_wconf 83' lang='lat' dir='ltr'><strong>se</strong></span> <span class='ocrx_word' id='word_1_729' title='bbox 1762 5231 2091 5305; x_wconf 71' lang='lat' dir='ltr'><strong>intelligens,</strong></span> 
     </span>
    </p>
   </div>
   <div class='ocr_carea' id='block_1_100' title="bbox 533 5307 2095 5393">
    <p class='ocr_par' dir='ltr' id='par_1_100' title="bbox 533 5307 2095 5393">
     <span class='ocr_line' id='line_1_100' title="bbox 533 5307 2095 5393; baseline 0.021 -40"><span class='ocrx_word' id='word_1_730' title='bbox 533 5312 592 5357; x_wconf 87' lang='lat' dir='ltr'><strong>ut</strong></span> <span class='ocrx_word' id='word_1_731' title='bbox 640 5307 803 5362; x_wconf 85' lang='lat' dir='ltr'><strong>etiam</strong></span> <span class='ocrx_word' id='word_1_732' title='bbox 854 5311 1255 5383; x_wconf 85' lang='lat' dir='ltr'><strong>intelligantur;</strong></span> <span class='ocrx_word' id='word_1_733' title='bbox 1305 5318 1486 5373; x_wconf 88' lang='lat' dir='ltr'><strong>anima</strong></span> <span class='ocrx_word' id='word_1_734' title='bbox 1534 5322 1681 5376; x_wconf 90' lang='lat' dir='ltr'><strong>enim</strong></span> <span class='ocrx_word' id='word_1_735' title='bbox 1744 5325 1974 5393; x_wconf 80' lang='lat' dir='ltr'><strong>rationis</strong></span> <span class='ocrx_word' id='word_1_736' title='bbox 2030 5347 2095 5386; x_wconf 86' lang='lat' dir='ltr'><strong>ac</strong></span> 
     </span>
    </p>
   </div>
   <div class='ocr_carea' id='block_1_101' title="bbox 533 5398 2095 5478">
    <p class='ocr_par' dir='ltr' id='par_1_101' title="bbox 533 5398 2095 5478">
     <span class='ocr_line' id='line_1_101' title="bbox 533 5398 2095 5478; baseline 0.02 -30"><span class='ocrx_word' id='word_1_737' title='bbox 533 5398 730 5455; x_wconf 87' lang='lat' dir='ltr'><strong>mentis</strong></span> <span class='ocrx_word' id='word_1_738' title='bbox 756 5416 973 5473; x_wconf 79' lang='lat' dir='ltr'><strong>expers,</strong></span> <span class='ocrx_word' id='word_1_739' title='bbox 1005 5415 1128 5476; x_wconf 90' lang='lat' dir='ltr'><strong>post</strong></span> <span class='ocrx_word' id='word_1_740' title='bbox 1169 5423 1270 5463; x_wconf 90' lang='lat' dir='ltr'><strong>nos</strong></span> <span class='ocrx_word' id='word_1_741' title='bbox 1298 5417 1417 5477; x_wconf 89' lang='lat' dir='ltr'><strong>est;</strong></span> <span class='ocrx_word' id='word_1_742' title='bbox 1447 5419 1502 5465; x_wconf 88' lang='lat' dir='ltr'><strong>at</strong></span> <span class='ocrx_word' id='word_1_743' title='bbox 1528 5413 1924 5477; x_wconf 88' lang='lat' dir='ltr'><strong>intellectiones</strong></span> <span class='ocrx_word' id='word_1_744' title='bbox 1956 5422 2095 5478; x_wconf 83' lang='lat' dir='ltr'><strong>divi-</strong></span> 
     </span>
    </p>
   </div>
   <div class='ocr_carea' id='block_1_102' title="bbox 602 5536 1601 5609">
    <p class='ocr_par' dir='ltr' id='par_1_102' title="bbox 602 5536 1601 5609">
     <span class='ocr_line' id='line_1_102' title="bbox 602 5536 1601 5609; baseline 0.012 -16"><span class='ocrx_word' id='word_1_745' title='bbox 602 5537 619 5572; x_wconf 72' lang='grc'>³</span> <span class='ocrx_word' id='word_1_746' title='bbox 652 5536 810 5597; x_wconf 81' lang='lat' dir='ltr'><strong>Joan.</strong></span> <span class='ocrx_word' id='word_1_747' title='bbox 850 5558 931 5609; x_wconf 94' lang='grc' dir='ltr'>ιιι,</span> <span class='ocrx_word' id='word_1_748' title='bbox 970 5542 1057 5600; x_wconf 74' lang='grc'><strong>12.</strong></span> <span class='ocrx_word' id='word_1_749' title='bbox 1115 5564 1140 5591; x_wconf 89' lang='grc' dir='ltr'><strong>ιι</strong></span> <span class='ocrx_word' id='word_1_750' title='bbox 1215 5545 1237 5599; x_wconf 90' lang='grc' dir='ltr'><strong>ι</strong></span> <span class='ocrx_word' id='word_1_751' title='bbox 1269 5545 1397 5603; x_wconf 86' lang='lat' dir='ltr'><strong>Cor.</strong></span> <span class='ocrx_word' id='word_1_752' title='bbox 1436 5564 1495 5603; x_wconf 91' lang='grc' dir='ltr'>ιι.</span> <span class='ocrx_word' id='word_1_753' title='bbox 1534 5550 1601 5605; x_wconf 71' lang='lat' dir='ltr'><strong>ﬂ</strong></span> 
     </span>
    </p>
   </div>
   <div class='ocr_carea' id='block_1_103' title="bbox 2198 4757 3764 4841">
    <p class='ocr_par' dir='ltr' id='par_1_103' title="bbox 2198 4757 3764 4841">
     <span class='ocr_line' id='line_1_103' title="bbox 2198 4757 3764 4841; baseline -0.015 -12"><span class='ocrx_word' id='word_1_754' title='bbox 2198 4775 2358 4838; x_wconf 78' lang='grc' dir='ltr'>τατοιί</span> <span class='ocrx_word' id='word_1_755' title='bbox 2404 4775 2541 4841; x_wconf 80' lang='grc' dir='ltr'>εισι,</span> <span class='ocrx_word' id='word_1_756' title='bbox 2595 4772 2692 4835; x_wconf 64' lang='grc' dir='ltr'><strong>καὶ</strong></span> <span class='ocrx_word' id='word_1_757' title='bbox 2728 4771 2820 4827; x_wconf 87' lang='grc' dir='ltr'>τὸν</span> <span class='ocrx_word' id='word_1_758' title='bbox 2861 4768 3001 4839; x_wconf 81' lang='grc' dir='ltr'>ὑπὲρ</span> <span class='ocrx_word' id='word_1_759' title='bbox 3038 4766 3215 4827; x_wconf 73' lang='grc' dir='ltr'>πάντα</span> <span class='ocrx_word' id='word_1_760' title='bbox 3259 4762 3390 4821; x_wconf 82' lang='grc' dir='ltr'>Θεὸν</span> <span class='ocrx_word' id='word_1_761' title='bbox 3440 4762 3601 4819; x_wconf 88' lang='grc' dir='ltr'>νοεῖν,</span> <span class='ocrx_word' id='word_1_762' title='bbox 3649 4757 3764 4809; x_wconf 75' lang='grc' dir='ltr'>ὅσον</span> 
     </span>
    </p>
   </div>
   <div class='ocr_carea' id='block_1_104' title="bbox 2199 4849 3763 4938">
    <p class='ocr_par' dir='ltr' id='par_1_104' title="bbox 2199 4849 3763 4938">
     <span class='ocr_line' id='line_1_104' title="bbox 2199 4849 3763 4938; baseline -0.015 -17"><span class='ocrx_word' id='word_1_763' title='bbox 2199 4866 2444 4938; x_wconf 59' lang='grc' dir='ltr'>ἐφικτὸν,</span> <span class='ocrx_word' id='word_1_764' title='bbox 2490 4865 2887 4927; x_wconf 84' lang='grc' dir='ltr'>ἁνατείνονται,</span> <span class='ocrx_word' id='word_1_765' title='bbox 2938 4858 3141 4916; x_wconf 78' lang='grc' dir='ltr'>ἄνωθεν</span> <span class='ocrx_word' id='word_1_766' title='bbox 3189 4856 3287 4937; x_wconf 82' lang='grc' dir='ltr'>μὲν</span> <span class='ocrx_word' id='word_1_767' title='bbox 3330 4851 3660 4925; x_wconf 85' lang='grc' dir='ltr'>τρεφόμεναι</span> <span class='ocrx_word' id='word_1_768' title='bbox 3700 4849 3763 4916; x_wconf 77' lang='grc' dir='ltr'><strong>τῇ</strong></span> 
     </span>
    </p>
   </div>
   <div class='ocr_carea' id='block_1_105' title="bbox 2201 4939 3764 5035">
    <p class='ocr_par' dir='ltr' id='par_1_105' title="bbox 2201 4939 3764 5035">
     <span class='ocr_line' id='line_1_105' title="bbox 2201 4939 3764 5035; baseline -0.017 -18"><span class='ocrx_word' id='word_1_769' title='bbox 2201 4964 2411 5035; x_wconf 79' lang='grc' dir='ltr'>νοήσει,</span> <span class='ocrx_word' id='word_1_770' title='bbox 2462 4958 2759 5030; x_wconf 86' lang='grc' dir='ltr'>τρέφουσαι</span> <span class='ocrx_word' id='word_1_771' title='bbox 2795 4955 2852 5008; x_wconf 82' lang='grc' dir='ltr'><strong>δὲ</strong></span> <span class='ocrx_word' id='word_1_772' title='bbox 2888 4953 3016 5016; x_wconf 80' lang='grc' dir='ltr'>τοὺς</span> <span class='ocrx_word' id='word_1_773' title='bbox 3047 4947 3352 5019; x_wconf 79' lang='grc' dir='ltr'>ὑφειμένως</span> <span class='ocrx_word' id='word_1_774' title='bbox 3395 4940 3669 5035; x_wconf 57' lang='grc' dir='ltr'>νοοῦντας,</span> <span class='ocrx_word' id='word_1_775' title='bbox 3702 4939 3764 4992; x_wconf 80' lang='grc' dir='ltr'>Δί</span> 
     </span>
    </p>
   </div>
   <div class='ocr_carea' id='block_1_106' title="bbox 2197 5032 3762 5127">
    <p class='ocr_par' dir='ltr' id='par_1_106' title="bbox 2197 5032 3762 5127">
     <span class='ocr_line' id='line_1_106' title="bbox 2197 5032 3762 5127; baseline -0.018 -17"><span class='ocrx_word' id='word_1_776' title='bbox 2197 5032 2307 5127; x_wconf 81' lang='grc' dir='ltr'><strong>γὰρ</strong></span> <span class='ocrx_word' id='word_1_777' title='bbox 2339 5053 2603 5125; x_wconf 68' lang='grc' dir='ltr'>ἡμέτεραι</span> <span class='ocrx_word' id='word_1_778' title='bbox 2640 5049 2810 5121; x_wconf 75' lang='grc' dir='ltr'>ψυχαὶ</span> <span class='ocrx_word' id='word_1_779' title='bbox 2839 5045 3021 5118; x_wconf 74' lang='grc' dir='ltr'>νοεραὶ</span> <span class='ocrx_word' id='word_1_780' title='bbox 3049 5043 3237 5115; x_wconf 80' lang='grc' dir='ltr'>μόνον·</span> <span class='ocrx_word' id='word_1_781' title='bbox 3268 5036 3482 5103; x_wconf 81' lang='grc' dir='ltr'>νοοῦσαι</span> <span class='ocrx_word' id='word_1_782' title='bbox 3511 5032 3762 5127; x_wconf 16' lang='grc' dir='ltr'>γὰρᾲὲτιι-</span> 
     </span>
    </p>
   </div>
   <div class='ocr_carea' id='block_1_107' title="bbox 2200 5122 3764 5216">
    <p class='ocr_par' dir='ltr' id='par_1_107' title="bbox 2200 5122 3764 5216">
     <span class='ocr_line' id='line_1_107' title="bbox 2200 5122 3764 5216; baseline -0.017 -15"><span class='ocrx_word' id='word_1_783' title='bbox 2200 5122 2438 5216; x_wconf 79' lang='grc' dir='ltr'>στητῶς,</span> <span class='ocrx_word' id='word_1_784' title='bbox 2495 5122 2617 5198; x_wconf 63' lang='grc' dir='ltr'>ὅσον</span> <span class='ocrx_word' id='word_1_785' title='bbox 2669 5138 2779 5196; x_wconf 78' lang='grc' dir='ltr'>οἶόν</span> <span class='ocrx_word' id='word_1_786' title='bbox 2831 5157 2921 5207; x_wconf 82' lang='grc' dir='ltr'><strong>τε,</strong></span> <span class='ocrx_word' id='word_1_787' title='bbox 2969 5128 3038 5193; x_wconf 76' lang='grc' dir='ltr'><strong>τὰ</strong></span> <span class='ocrx_word' id='word_1_788' title='bbox 3090 5128 3529 5216; x_wconf 68' lang='grc' dir='ltr'>ὑπερβεϐηκότα,</span> <span class='ocrx_word' id='word_1_789' title='bbox 3584 5122 3764 5216; x_wconf 69' lang='grc' dir='ltr'>οὐκέτι</span> 
     </span>
    </p>
   </div>
   <div class='ocr_carea' id='block_1_108' title="bbox 2199 5213 3763 5310">
    <p class='ocr_par' dir='ltr' id='par_1_108' title="bbox 2199 5213 3763 5310">
     <span class='ocr_line' id='line_1_108' title="bbox 2199 5213 3763 5310; baseline -0.024 -8"><span class='ocrx_word' id='word_1_790' title='bbox 2199 5213 2381 5310; x_wconf 56' lang='lat' dir='ltr'><strong>Excitat</strong></span> <span class='ocrx_word' id='word_1_791' title='bbox 2413 5236 2600 5308; x_wconf 74' lang='grc' dir='ltr'>νοερόν</span> <span class='ocrx_word' id='word_1_792' title='bbox 2623 5253 2676 5288; x_wconf 86' lang='grc' dir='ltr'><strong>τι</strong></span> <span class='ocrx_word' id='word_1_793' title='bbox 2720 5232 2855 5305; x_wconf 86' lang='grc' dir='ltr'>μετὰ</span> <span class='ocrx_word' id='word_1_794' title='bbox 2882 5230 3102 5293; x_wconf 81' lang='grc' dir='ltr'>ταύτας,</span> <span class='ocrx_word' id='word_1_795' title='bbox 3137 5214 3226 5281; x_wconf 79' lang='grc' dir='ltr'>ἵνα</span> <span class='ocrx_word' id='word_1_796' title='bbox 3264 5224 3360 5279; x_wconf 72' lang='grc' dir='ltr'><strong>καὶ</strong></span> <span class='ocrx_word' id='word_1_797' title='bbox 3404 5218 3699 5290; x_wconf 89' lang='grc' dir='ltr'>νοηθῶσιν·</span> <span class='ocrx_word' id='word_1_798' title='bbox 3730 5213 3763 5282; x_wconf 78' lang='grc' dir='ltr'>ἠ</span> 
     </span>
    </p>
   </div>
   <div class='ocr_carea' id='block_1_109' title="bbox 2199 5309 3763 5403">
    <p class='ocr_par' dir='ltr' id='par_1_109' title="bbox 2199 5309 3763 5403">
     <span class='ocr_line' id='line_1_109' title="bbox 2199 5309 3763 5403; baseline -0.019 -14"><span class='ocrx_word' id='word_1_799' title='bbox 2199 5309 2390 5402; x_wconf 71' lang='grc' dir='ltr'>ἄλογος</span> <span class='ocrx_word' id='word_1_800' title='bbox 2418 5331 2528 5403; x_wconf 86' lang='grc' dir='ltr'>γὰρ</span> <span class='ocrx_word' id='word_1_801' title='bbox 2556 5332 2649 5385; x_wconf 83' lang='grc' dir='ltr'><strong>καί</strong></span> <span class='ocrx_word' id='word_1_802' title='bbox 2674 5309 2832 5391; x_wconf 79' lang='grc' dir='ltr'>ἄνους</span> <span class='ocrx_word' id='word_1_803' title='bbox 2860 5327 3005 5397; x_wconf 81' lang='grc' dir='ltr'>ψυχὴ</span> <span class='ocrx_word' id='word_1_804' title='bbox 3041 5323 3157 5395; x_wconf 87' lang='grc' dir='ltr'>μεθ’</span> <span class='ocrx_word' id='word_1_805' title='bbox 3185 5321 3330 5393; x_wconf 78' lang='grc' dir='ltr'>ἡμᾶς</span> <span class='ocrx_word' id='word_1_806' title='bbox 3349 5335 3361 5347; x_wconf 74' lang='grc' dir='ltr'><strong>ο</strong></span> <span class='ocrx_word' id='word_1_807' title='bbox 3395 5314 3527 5370; x_wconf 80' lang='grc' dir='ltr'>αἰδὲ</span> <span class='ocrx_word' id='word_1_808' title='bbox 3554 5312 3763 5403; x_wconf 58' lang='grc' dir='ltr'>νοήσεις</span> 
     </span>
    </p>
   </div>
   <div class='ocr_carea' id='block_1_110' title="bbox 2197 5399 3763 5489">
    <p class='ocr_par' dir='ltr' id='par_1_110' title="bbox 2197 5399 3763 5489">
     <span class='ocr_line' id='line_1_110' title="bbox 2197 5399 3763 5489; baseline -0.011 -11"><span class='ocrx_word' id='word_1_809' title='bbox 2197 5399 2776 5479; x_wconf 24' lang='grc' dir='ltr'>τῶν-θείῶνῠνοῶνσούκ</span> <span class='ocrx_word' id='word_1_810' title='bbox 2794 5421 2851 5474; x_wconf 80' lang='grc' dir='ltr'>ὲν</span> <span class='ocrx_word' id='word_1_811' title='bbox 2878 5418 3182 5489; x_wconf 85' lang='grc' dir='ltr'>διανοήσεσι</span> <span class='ocrx_word' id='word_1_812' title='bbox 3205 5415 3324 5476; x_wconf 83' lang='grc' dir='ltr'>ταῖς</span> <span class='ocrx_word' id='word_1_813' title='bbox 3350 5408 3469 5464; x_wconf 79' lang='grc' dir='ltr'>καθ’</span> <span class='ocrx_word' id='word_1_814' title='bbox 3498 5404 3667 5477; x_wconf 76' lang='grc' dir='ltr'>ἡμᾶς,</span> <span class='ocrx_word' id='word_1_815' title='bbox 3689 5399 3763 5461; x_wconf 77' lang='grc' dir='ltr'>εις</span> 
     </span>
    </p>
   </div>
   <div class='ocr_carea' id='block_1_111' title="bbox 1412 5697 2774 5766">
    <p class='ocr_par' dir='ltr' id='par_1_111' title="bbox 1412 5697 2774 5766">
     <span class='ocr_line' id='line_1_111' title="bbox 1412 5697 2774 5766; baseline 0.007 -13"><span class='ocrx_word' id='word_1_816' title='bbox 1412 5697 1649 5756; x_wconf 62' lang='grc' dir='ltr'>νΑιιιΑι</span> <span class='ocrx_word' id='word_1_817' title='bbox 1685 5697 2070 5762; x_wconf 76' lang='lat' dir='ltr'><strong>LECTIONES</strong></span> <span class='ocrx_word' id='word_1_818' title='bbox 2102 5707 2189 5763; x_wconf 85' lang='lat' dir='ltr'>ET</span> <span class='ocrx_word' id='word_1_819' title='bbox 2227 5701 2774 5766; x_wconf 68' lang='lat' dir='ltr'><strong>GORREUI&#39;IONES.</strong></span> 
     </span>
    </p>
   </div>
   <div class='ocr_carea' id='block_1_112' title="bbox 624 5852 1763 5937">
    <p class='ocr_par' dir='ltr' id='par_1_112' title="bbox 624 5852 1763 5937">
     <span class='ocr_line' id='line_1_112' title="bbox 624 5852 1763 5937; baseline 0.016 -33"><span class='ocrx_word' id='word_1_820' title='bbox 624 5852 671 5886; x_wconf 79' lang='lat'>“</span> <span class='ocrx_word' id='word_1_821' title='bbox 702 5852 783 5907; x_wconf 60' lang='grc' dir='ltr'>’ἔτι</span> <span class='ocrx_word' id='word_1_822' title='bbox 810 5852 902 5907; x_wconf 75' lang='grc' dir='ltr'><strong>καὶ</strong></span> <span class='ocrx_word' id='word_1_823' title='bbox 933 5854 987 5907; x_wconf 76' lang='grc' dir='ltr'>ἐν</span> <span class='ocrx_word' id='word_1_824' title='bbox 1022 5854 1291 5928; x_wconf 79' lang='grc' dir='ltr'>ἀγγέλοις.</span> <span class='ocrx_word' id='word_1_825' title='bbox 1400 5856 1460 5937; x_wconf 32' lang='grc' dir='ltr'><strong>’δ”</strong></span> <span class='ocrx_word' id='word_1_826' title='bbox 1485 5855 1763 5914; x_wconf 66' lang='grc' dir='ltr'><strong>ἀνωτάτω.</strong></span> 
     </span>
    </p>
   </div>
  </div>
