3882 6566
171 392 255 447 545
860 389 917 446 S.
960 389 1210 453 MAXIM!
1245 389 1539 448 SCHOLIA
1576 387 1644 444 ΙΝ
1683 389 1808 443 ιλιι.
1852 387 1940 440 DE
1973 387 2224 442 DlVlNlS
2261 381 2648 448 NOMINIBUS.

3295 387 3399 447 ’546

169 513 220 573 ἃς
249 508 559 579 διανοήσεις
598 506 844 567 κάτεισιν
887 507 1043 578 ήμῶν
1085 509 1116 561 ὁ
1159 507 1283 571 νοῦς
1326 510 1390 562 ὲκ
1419 507 1526 561 τῶν
1569 523 1715 577 μερι-

1834 519 2025 558 narum
2055 505 2315 565 mentium
2348 521 2455 560 non
2483 511 2612 561 sunt
2641 504 2694 558 in
2720 501 3143 577 cogitationibus
3170 504 3396 568 nostris,

171 601 307 664 στῶν,
338 600 594 653 τουτέστι
621 599 731 654 τῶν
759 599 1029 670 αἰσθητῶν
1065 600 1161 654 καὶ
1197 598 1500 666 διεξοδικῶν
1531 599 1722 668 λόγων,

169 692 266 748 ἀντὶ
293 692 387 754 ⁸ιιοῦ
415 693 529 746 τῶν
556 692 709 746 εἰδῶν
738 693 832 746 καὶ
855 692 949 748 τοῦ
977 691 1232 780 πλήθους,
1277 693 1411 764 ὅπερ
1451 691 1571 744 ὲστί
1616 688 1724 742 τῶν

171 783 343 846 ὑλικῶν
374 783 733 852 συλλέγουσαι
761 783 858 848 τὰς
881 785 1097 856 νοήσεις
1125 783 1321 850 ᾁΰλως,
1349 783 1528 839 πάντα
1563 783 1620 836 ὲν
1647 780 1724 852 τῷ

170 875 299 947 ἁπλῷ
327 876 655 947 θεωροῦσαι.

225 1058 460 1124 Νοηταί.
498 1056 573 1109 Τὸ
603 1055 810 1124 mnta!
841 1055 1031 1126 νόησον
1072 1054 1148 1119 ὡς
1178 1054 1314 1127 πρὸς
1345 1055 1490 1130 ἡμᾶς
1514 1073 1526 1084 ·
1563 1056 1624 1110 τὸ
1664 1053 1722 1110 δὲ

169 1149 342 1217 γοεραί
373 1149 453 1213 ὡς
483 1149 622 1221 πρὸς
649 1149 742 1202 τὸν
776 1148 927 1202 Θεόν.

224 1327 294 1380 Ἦ
320 1326 442 1381 ἀπὸ
486 1328 807 1397 μεριστῶν.
856 1327 1044 1398 Ἡμεῖς
1082 1329 1139 1380 ἐν
1183 1331 1454 1398 μεριστοῖς
1496 1330 1606 1390 τοῖς
1637 1328 1722 1380 αἰ-

167 1417 458 1490 σθητηρίοις
483 1437 496 1449 ·
532 1419 658 1474 ἄλλο
685 1420 796 1490 γὰρ
822 1421 977 1492 ἀκοὴ,
1008 1422 1100 1487 καὶ
1133 1422 1316 1492 ἕτερον
1346 1421 1484 1490 ὄψις,
1520 1422 1612 1480 καὶ
1653 1421 1722 1475 τὰ

165 1510 276 1563 ἄλλα
313 1512 523 1581 ὁμοίως
549 1528 561 1540 ·
615 1512 708 1565 καὶ
754 1512 862 1565 ἀπὸ
914 1513 1181 1584 μεριστῶν
1222 1513 1328 1566 τῶν
1374 1513 1513 1566 κατὰ
1550 1513 1722 1568 ταῦτα

163 1603 413 1674 αἰσθητῶν
444 1606 546 1675 τὴν
585 1605 692 1658 τῶν
722 1606 891 1659 ὄντων
922 1605 1122 1674 γνῶσιν
1169 1607 1644 1678 ἀναλαμϐάνομεν,
1678 1605 1707 1675 ἢ

163 1699 208 1748 ἐν
244 1701 518 1768 μεριστοίς
551 1699 648 1769 μὲν
682 1701 795 1762 τοῖς
826 1698 968 1764 κατὰ,
999 1699 1162 1771 μέρος
1199 1701 1454 1771 νοήμασι,
1485 1700 1592 1752 ἀπὸ
1628 1718 1721 1770 με-

165 1789 336 1856 ριστῶν
365 1791 424 1847 δὲ
452 1790 567 1845 τῶν
597 1791 904 1862 μαθήσεων,
935 1792 1053 1862 ήτοι
1090 1791 1196 1844 τῶν
1237 1792 1536 1862 νοουμένων
1563 1811 1576 1823 ο
1612 1793 1718 1846 ἔσθ’

1827 597 1883 650 in
1932 612 2071 668 quas
2115 598 2473 666 cogitationes
2520 613 2679 652 mens
2726 604 2913 658 nostra
2941 613 3005 652 ex
3035 596 3400 652 divisibilibus

1801 690 2132 755 descendit,
2165 690 2218 744 id
2249 700 2334 745 est
2373 707 2437 745 ex
2468 691 2767 748 sensilibus
2813 699 2866 746 et
2901 690 3038 746 fusis
3066 689 3396 756 rationibus,

1826 798 1924 858 pro
1952 781 2238 852 speciebus
2281 797 2345 837 ac
2371 783 2739 847 multitudine,
2767 781 2913 852 quod
2937 791 3041 846 est,
3075 782 3400 837 intellectio—

1825 889 1923 928 nes
1955 873 2319 934 materialium
2344 875 2685 944 colligentes,
2719 875 2901 928 omnia
2935 874 3052 929 sine
3085 872 3312 936 materia
3339 873 3398 928 in

1824 966 2056 1036 simplici
2087 967 2536 1035 contemplantes.

1896 1059 2260 1124 Intellectiles,
2287 1059 2382 1114 Gr.
2409 1060 2617 1131 νοηταί.
2650 1059 2893 1130 lntellige
2917 1059 3050 1114 illud
3075 1059 3280 1130 νοηταί,
3312 1058 3398 1112 in-

1825 1151 2154 1222 telligibiles,
2182 1159 2444 1222 quantum
2475 1153 2542 1206 ad
2570 1168 2704 1218 nos;
2754 1151 2932 1223 ipsum
2972 1161 3152 1212 autem
3188 1148 3392 1221 νοεραί,

1824 1243 2210 1313 intelligentes,
2244 1251 2508 1314 quantum
2541 1245 2608 1298 ad
2640 1243 2833 1300 Deum.

1896 1336 2002 1388 Αιιι
2043 1353 2075 1389 a
2124 1337 2376 1392 dividuis.
2425 1336 2535 1393 Nos
2578 1337 2943 1392 divisibilibus
2992 1349 3253 1400 sensuum
3309 1333 3396 1388 in-

1823 1430 2143 1495 strumentis
2200 1432 2442 1496 utimur;
2496 1430 2643 1484 aliud
2683 1430 2827 1484 enim
2878 1429 3116 1491 auditus,
3150 1434 3202 1482 et
3248 1428 3394 1482 aliud

1821 1521 1993 1587 visus,
2037 1533 2089 1577 et
2136 1524 2215 1580 sic
2261 1523 2326 1577 de
2357 1525 2518 1578 aliis:
2569 1532 2622 1578 et
2649 1523 2736 1576 his
2765 1539 2795 1576 a
2818 1520 3187 1582 divisibilibus
3217 1518 3394 1574 sensi-

1822 1613 1964 1670 libus
2009 1632 2186 1669 rernm
2245 1617 2611 1686 cognitionem
2661 1616 2987 1685 recipimus,
3029 1620 3122 1666 aut
3159 1612 3214 1666 in
3255 1611 3394 1667 divi-

1821 1707 2070 1763 sibilibus
2116 1708 2336 1778 quidem
2390 1724 2457 1764 ex
2513 1719 2668 1778 parte
2714 1707 3184 1778 cogitationibus;
3227 1703 3320 1760 sed
3362 1720 3394 1758 a

1821 1794 2190 1852 divisibilibus
2252 1795 2558 1866 disciplinis
2615 1811 2714 1849 seu
2767 1795 3074 1848 intellectus
3129 1790 3392 1860 objectis;

160 1884 233 1935 ὅτε
257 1883 309 1936 δὲ
339 1885 433 1940 καὶ
461 1883 554 1945 διὰ
591 1884 765 1952 λόγων
794 1883 900 1936 τῶν
945 1883 1270 1948 διεξοδικῶν,
1301 1883 1543 1937 τουτέστι
1576 1885 1715 1956 σαφῆ

1822 1889 2113 1957 aliquando
2169 1896 2347 1942 autem
2413 1904 2508 1957 per
2555 1888 2705 1943 fusas
2761 1903 2825 1941 ac
2885 1887 3095 1954 amplas
3132 1885 3392 1946 rationes,

159 1979 237 2030 καὶ
277 1977 662 2055 διηπλωμένην
705 1976 803 2048 τὴν
847 1975 1103 2046 ἐξήγησιν
1152 1977 1506 2047 ποιουμένων.
1552 1980 1618 2030 Αἱ
1662 1979 1717 2031 δὲ

157 2069 318 2138 νοεραὶ
347 2067 561 2136 φύσεις,
594 2069 972 2139 ἀκοινωνήτως
1003 2069 1082 2130 εἰς
1107 2067 1176 2120 τὰ
1205 2068 1428 2122 τοιαῦτα
1467 2070 1511 2101 ⁸⁸
1541 2070 1717 2122 πάντα

158 2160 378 2230 ἔχουσαι,
424 2162 605 2232 ἐνιαίᾳ
648 2162 742 2218 καὶ
783 2160 926 2234 ἁπλῇ
966 2161 1146 2232 νοήσει
1185 2161 1285 2231 τῆς
1324 2162 1580 2235 ἀληθείας
1617 2162 1717 2233 τὴν

156 2254 337 2320 γνῶσιν
369 2254 744 2326 ὲλλὰμπονται
777 2254 842 2308 ⁸⁸.

202 2346 302 2398 Καὶ
317 2347 488 2399 ἔστιν
502 2346 864 2411 αὑταῖς-,Τοῖς
880 2346 1129 2416 ἀγγέλοις
1142 2347 1182 2379 ⁸⁷
1200 2365 1284 2400 νοε
1295 2347 1391 2418 ρὰν
1419 2343 1558 2401 εἶναί
1586 2365 1716 2418 φησι

153 2435 356 2509 δύναμιν
394 2439 492 2492 καὶ
520 2439 800 2510 ἐνέργειαν
839 2441 902 2493 ὲκ
926 2441 1025 2512 τῆς
1065 2442 1376 2512 ὑπερφυοῦς
1407 2441 1594 2510 σοφίας
1622 2441 1714 2493 τοῦ

153 2529 270 2582 Θεοῦ
295 2533 594 2604 γενομένην
619 2549 631 2562 °
666 2532 724 2596 ἐξ
755 2532 919 2586 αὐτοῦ
948 2533 1054 2605 γὰρ
1083 2535 1133 2586 οἱ
1167 2533 1297 2586 θεῖοι
1333 2533 1550 2600 ἄγγελοι
1578 2532 1717 2584 κατὰ

153 2625 363 2693 μετοχὴν
400 2625 504 2696 τὴν
551 2623 782 2695 δύναμιν
831 2627 929 2698 τῆς
961 2627 1151 2696 νοερᾶς
1187 2626 1466 2696 ἐνεργείας
1510 2624 1713 2695 έχουσι,

152 2715 257 2770 καθ’
285 2717 349 2787 ἣν
387 2716 604 2770 νοοῦσιν
640 2719 864 2782 ἑαυτοὺς
895 2719 988 2779 καὶ
1026 2718 1096 2770 τὰ
1123 2718 1269 2781 ὄντα,
1305 2719 1398 2770 καὶ
1435 2717 1531 2780 τὰς
1575 2718 1712 2782 ἰδέας

151 2808 442 2871 ὲποπτικῶς
481 2807 752 2874 νοοῦντες,
791 2809 856 2873 ἃς
889 2811 1098 2882 νοήσεις
1143 2810 1392 2880 ὠνόμασε
1437 2809 1530 2861 τοῦ
1578 2807 1712 2861 Θεοῦ

151 2893 291 2959 εἶναι.
345 2899 700 2954 Ἐπείσακτον
745 2896 836 2959 οὖν
884 2900 1096 2970 ἔχουσιν
1135 2900 1194 2966 ἐξ
1239 2902 1410 2952 αἰτίου
1444 2899 1536 2952 τοῦ
1581 2899 1714 2951 Θεοῦ

150 2988 237 3059 τὴν
261 2992 444 3063 γοερὰν
474 2991 679 3062 ταύτην
710 2993 1008 3063 ἐνέργειαν,
1041 2994 1135 3046 καὶ
1162 2992 1428 3045 νοοῦσιτὰ
1451 2992 1578 3045 ὅντα
1598 2993 1716 3045 λίαν

152 3082 694 3155 ὑπεραναϐεϐηκότως
723 3085 829 3138 τῶν
859 3085 1066 3155 ψυχῶν,
1101 3087 1213 3154 εἴγε
1247 3086 1302 3138 αἱ
1335 3085 1432 3156 μὲν
1461 3085 1628 3155 ψυχαὶ
1653 3087 1716 3138 ἐκ

148 3175 250 3228 τῶν
276 3176 439 3230 ὄντων
473 3176 654 3231 αὐτῶν
702 3177 879 3231 νοοῦσι
923 3178 990 3231 τὰ
1039 3179 1200 3243 ὄντα,
1240 3178 1334 3230 καὶ
1368 3181 1478 3241 τοῖς
1523 3177 1715 3230 εἴδεσιν

149 3267 532 3333 ἐπιϐάλλουσιν,
583 3271 722 3341 ὅπερ
763 3269 1194 3342 διεξοδικώτερον
1239 3272 1355 3322 ἐστι
1411 3272 1572 3338 νοεῖντι
1622 3270 1716 3321 καὶ

149 3359 317 3433 κύκλῳ
365 3366 637 3434 περιεῖναι
688 3363 757 3422 τὰ
803 3363 981 3418 πάντα
1018 3365 1081 3416 ⁸⁸.
1134 3365 1202 3417 Οἵ
1234 3382 1297 3432 γε
1349 3364 1455 3436 μὴν
1498 3362 1714 3431 ἄγγελοι

150 3453 280 3512 κατὰ
332 3455 430 3528 τὴν
485 3455 714 3512 ἐνοῦσαν
769 3457 950 3520 αὐτοῖς
1009 3456 1321 3519 θεοείδειαν,
1382 3455 1595 3518 ένιαίως
1647 3451 1716 3508 τὰ

150 3545 316 3618 πλήθη
345 3549 443 3619 τῆς
470 3549 704 3613 κτίσεως
732 3549 930 3614 νοοῦσι,
967 3551 1061 3609 καὶ
1090 3551 1149 3602 οῦ
1187 3549 1494 3620 μερίζονται
1527 3550 1606 3612 είς
1626 3549 1717 3600 τὸν

151 3638 435 3710 σκεδασμὸν
464 3641 567 3712 τῆς
599 3641 870 3704 ποικιλίας
902 3643 1010 3700 τῶν
1037 3641 1226 3704 ὄντων,
1261 3643 1378 3713 ἢτοι
1416 3643 1496 3705 είς
1523 3641 1593 3693 τὰ
1633 3643 1717 3695 αί-

150 3728 326 3800 σθητὰ,
372 3733 448 3796 ὼς
499 3731 604 3805 [αἱ]
650 3733 867 3802 λογικαὶ
910 3733 1116 3804 ψυχαί’
1168 3735 1376 3787 ἐκείνου
1433 3733 1488 3786 δὲ
1534 3732 1716 3797 ποσῶς

147 3822 401 3888 ἀξιοῦνται
447 3827 506 3888 αξ
548 3825 738 3896 ψυχαὶ,
789 3829 869 3890 εἰς
917 3826 1146 3899 μίμησιν
1177 3827 1442 3895 ἀγγέλων,
1470 3827 1581 3889 ὅτε,
1617 3825 1715 3897 τὴν

149 3916 316 3985 νόησιν
358 3918 466 3974 τῶν
515 3917 726 3983 πολλῶν
779 3921 862 3981 εἰς
913 3919 970 3972 ἓν
1027 3918 1462 3983 συνελίττουσαι,
1504 3918 1714 3989 ἔχουσιν

146 4007 270 4076 ὁμοῦ
301 4011 472 4064 πάντα
502 4012 560 4064 ἐν
589 4010 778 4074 αὐταῖς
810 4011 1128 4082 ἀσυγχύτως
1155 4010 1541 4081 διακεκριμένα
1566 4027 1578 4039 ·
1620 4010 1714 4063 καὶ

149 4099 328 4166 ἔξωθεν
375 4104 560 4175 μέντοι
593 4106 650 4157 αἱ
680 4105 849 4175 ψυχαὶ
876 4105 1198 4158 ἐπείσακτον
1233 4103 1412 4173 έχουσι
1442 4104 1503 4156 τὸ
1547 4105 1708 4168 νοεῖν,

144 4193 245 4246 τῶν
270 4196 510 4269 ἀγγέλων
540 4196 601 4261 ἐξ
628 4197 836 4251 ἑαυτῶν
867 4197 959 4250 καὶ
982 4199 1038 4256 ὲν
1073 4199 1284 4260 ἑαυτοῖς
1315 4195 1597 4260 νοούντων,
1618 4196 1712 4251 ἆτε

150 4285 235 4336 καὶ
277 4287 522 4344 θεοειδῶν
569 4290 757 4342 ὄντων.
794 4291 903 4344 Καὶ
932 4288 1106 4344 ταῦτα
1152 4288 1250 4359 μὲν
1293 4288 1419 4360 περὶ
1457 4287 1564 4340 τῶν
1593 4304 1715 4360 νοη-

146 4377 274 4430 τῶν·
308 4381 432 4452 περὶ
459 4382 517 4435 δὲ
543 4381 678 4435 Θεοῦ
710 4382 857 4444 ὅπως
877 4384 1006 4445 νοεῖ,
1039 4380 1183 4451 ἔχεις
1215 4381 1308 4433 καὶ
1338 4373 1439 4433 ὧδε
1473 4380 1568 4432 καὶ
1601 4379 1713 4434 ἄνω

148 4469 201 4519 ἐν
237 4471 461 4544 πέμπτῳ
499 4473 780 4544 κεφαλαίῳ
826 4476 992 4542 ἐγγὺς
1021 4473 1115 4526 τοῦ
1151 4473 1369 4537 τέλους·
1406 4473 1436 4526 ὃ
1466 4474 1524 4526 δὲ
1560 4475 1712 4528 εἴπο-

1821 1981 1874 2035 id
1901 1991 1985 2037 est
2008 1982 2213 2050 claram.
2244 1993 2299 2038 et
2339 1981 2666 2050 explicatam
2723 1979 3128 2042 enarrationem
3189 1975 3394 2030 facien-

1819 2080 1920 2128 tes.
1970 2073 2337 2140 lntelligentes
2380 2088 2510 2126 vero
2541 2082 2768 2136 naturae,
2802 2071 3006 2124 nullam
3054 2069 3108 2122 in
3152 2068 3239 2122 his
3272 2083 3394 2120 om-

1818 2164 1980 2218 nibus
2039 2165 2593 2224 comtnunieationem
2641 2163 2936 2227 habentes,
2992 2176 3099 2214 una
3150 2167 3204 2214 et
3261 2157 3398 2213 sim-

1817 2257 1942 2326 pliei
1988 2257 2355 2317 intellectione
2401 2257 2643 2310 veritatis
2672 2255 2984 2325 cognitione
3028 2254 3391 2307 illustrantur.

1889 2345 2084 2416 Estque
2127 2346 2258 2400 illis.
2295 2345 2434 2398 Dicit
2481 2361 2606 2400 esse
2644 2347 2698 2397 in
2749 2343 2960 2413 angelis
2991 2342 3304 2396 facultatem
3340 2350 3394 2396 et

1816 2439 2112 2494 efﬁcaciam
2163 2439 2555 2510 intelligentcm
2607 2453 2636 2489 a
2693 2435 3099 2506 supernaturali
3153 2434 3247 2488 Dei
3304 2449 3393 2489 sa-

1815 2532 2021 2601 pientia
2057 2538 2232 2584 ortam
2263 2549 2276 2597 ;
2313 2546 2376 2584 ex
2423 2531 2541 2600 ipso
2571 2527 2716 2581 enim
2745 2528 2911 2582 divini
2957 2527 3134 2597 angeli
3165 2526 3391 2596 partici-

1817 2625 2036 2693 patione
2095 2624 2405 2676 facultatem
2465 2621 2818 2690 intelligentis
2870 2618 3120 2674 efﬁcaciae
3170 2619 3390 2684 habent,

1817 2730 1924 2784 qua
1949 2704 2168 2782 ‘seipsos
2199 2730 2263 2767 ac
2294 2729 2382 2766 res
2415 2712 2744 2781 intelligunt,
2772 2720 2933 2779 atque
2968 2711 3118 2765 ideas
3144 2711 3394 2765 intuitivc

1819 2806 2145 2875 intelligunt,
2178 2820 2315 2875 quas
2343 2803 2436 2857 Dei
2470 2804 2814 2873 cognitiones
2851 2805 3174 2857 nominavit.
3212 2802 3392 2857 Intro-

1816 2897 2032 2950 duetam
2062 2898 2225 2967 igitur
2253 2897 2456 2949 habent
2487 2897 2555 2949 ab
2595 2904 2820 2950 auctore
2863 2895 2972 2949 Deo
3004 2896 3392 2968 intelligentem

1815 2987 1957 3040 hanc
1987 2987 2301 3050 eﬂieaciam,
2337 2995 2498 3056 atque
2545 2985 2699 3040 valde
2743 2985 3196 3040 transecndenter
3225 3001 3392 3055 supra

1817 3079 2064 3144 animas;
2097 3079 2145 3132 si
2171 3079 2388 3148 quidem
2422 3079 2617 3132 anima:
2647 3093 2712 3130 ex
2759 3076 2893 3152 ipsis
2923 3078 3087 3138 rebus
3113 3093 3209 3132 seu
3239 3078 3393 3147 obje-

1819 3171 1924 3225 ctis
1975 3172 2136 3244 188
2189 3188 2278 3226 res
2312 3173 2634 3242 intelligant,
2667 3177 2720 3222 et
2752 3171 3037 3244 speciebus
3084 3170 3390 3236 intendant,

1817 3259 1961 3332 quod
2011 3272 2093 3319 est
2140 3265 2558 3320 ratiocinatione
2605 3265 2856 3336 pluribus
2887 3264 3210 3335 intelligere,
3245 3279 3307 3318 ac
3335 3265 3392 3318 in

1817 3354 2004 3408 orbem
2034 3355 2217 3407 omnia
2266 3355 2523 3410 circuire.
2555 3357 2747 3428 Angeli
2776 3371 2903 3412 vero
2945 3357 3130 3409 innata
3164 3355 3265 3411 sibi
3297 3354 3394 3411 Dei

1818 3446 2197 3512 similitudine,
2231 3449 2390 3502 unice
2421 3465 2515 3503 seu
2545 3465 2640 3520 per
2667 3451 2887 3503 modum
2920 3449 3084 3504 unius
3113 3457 3393 3503 creaturas

1819 3541 2020 3596 multas
2053 3541 2388 3613 intelligunt,
2433 3559 2608 3612 neque
2639 3543 2961 3598 dividuntur
2994 3542 3050 3596 in
3080 3541 3392 3596 distinctio-

1818 3647 1941 3685 nem
1966 3633 2249 3688 varietatis
2279 3649 2462 3688 rerum
2495 3650 2590 3687 seu
2639 3635 2884 3695 sensilia,
2919 3635 3062 3687 sicut
3096 3632 3394 3696 rationales

1817 3725 2011 3778 animae
2049 3744 2060 3778 :
2109 3739 2273 3794 porro
2303 3727 2499 3780 anima:
2539 3728 2630 3780 illa
2674 3743 2731 3781 re
2771 3725 3171 3795 aliquantulum
3219 3725 3396 3796 digna:

1817 3815 1984 3881 ﬁunt,
2027 3820 2248 3889 angelos
2294 3820 2595 3885 imitando,
2629 3822 2872 3890 quando,
2908 3822 3204 3874 multorum
3236 3820 3291 3872 in
3335 3835 3396 3874 se

1817 3909 2158 3977 objectorum
2210 3912 2635 3968 intellectionem
2676 3915 2729 3966 in
2768 3929 2932 3965 unum
2979 3913 3390 3973 convolventes,

1816 4002 2000 4056 omnia
2031 4004 2195 4058 simul
2239 4005 2358 4060 sine
2389 4006 2714 4060 confusione
2743 4006 3004 4060 distincta
3039 4005 3268 4071 habent;
3299 4018 3392 4058 ve-

1815 4104 2124 4151 rumtamen
2165 4099 2360 4152 animae
2403 4099 2680 4154 inductam
2727 4101 2796 4154 ab
2829 4102 3137 4154 extrinseco
3179 4097 3396 4154 intelltb

1815 4188 2050 4242 ctionem
2081 4189 2300 4256 habent,
2341 4191 2436 4244 sed
2465 4191 2639 4260 angeli
2671 4205 2736 4244 ex
2782 4191 2978 4260 seipsis
3015 4199 3069 4246 et
3111 4190 3165 4244 in
3196 4189 3395 4261 seipsis

1815 4282 2128 4354 intelligunt
2169 4290 2359 4360 utpote
2388 4282 2703 4339 deifortncs.
2754 4283 2820 4336 Et
2849 4285 2964 4338 haec
2995 4283 3212 4354 quidem
3245 4283 3395 4338 Sulli-

1816 4375 1965 4429 ciant
2009 4375 2078 4430 de
2126 4374 2588 4444 intelligibilibus.
2623 4374 2700 4430 De
2749 4374 2860 4430 Deo
2906 4383 3088 4429 autem
3118 4377 3395 4446 quomodo

1816 4467 2102 4539 intelligat,
2125 4469 2218 4521 hic
2239 4482 2458 4538 quoque
2485 4467 2674 4530 habes,
2700 4479 2750 4522 et
2781 4468 3039 4536 superius
3063 4470 3209 4523 circa
3231 4467 3394 4524 ﬁnem

149 4581 242 4632 μεν
281 4569 401 4638 περὶ
446 4567 658 4638 ψυχῶν,
704 4568 788 4620 ὅτι
829 4565 1183 4635 ἁγγελοειδῶς
1223 4566 1303 4629 εἰς
1347 4565 1405 4617 ἓν
1438 4564 1508 4618 τὰ
1544 4566 1715 4618 πολλὰ

1822 4561 2014 4630 capitis
2037 4560 2250 4631 quinti;
2291 4560 2438 4630 quod
2483 4569 2664 4614 autem
2707 4561 2945 4617 diximus
2977 4561 3046 4616 de
3087 4561 3393 4627 animabus,

150 4659 472 4726 συνελίξασαι
494 4659 698 4724 νοοῦσι,
731 4659 963 4731 μάλιστα
987 4660 1044 4711 ἐν
1076 4660 1141 4729 τῇ
1175 4657 1466 4711 ἀναστάσει
1494 4657 1714 4722 τελείως

144 4747 358 4816 ἕξουσιν,
391 4754 481 4807 ὅτε
510 4749 667 4816 αὖθις
697 4753 754 4804 ὲν
788 4755 900 4814 τοῖς
932 4750 1138 4804 ἑαυτῶν
1163 4750 1376 4820 σώμασι
1403 4751 1714 4820 γενόμεναι,

147 4841 239 4910 τὴν
263 4845 364 4899 τῶν
389 4847 560 4900 ὄντων
582 4845 782 4914 γνῶσιν
802 4845 1010 4898 τελείαν
1040 4843 1404 4915 ἀπολήψονται
1420 4843 1630 4898 ,Ταῦτα
1659 4842 1717 4895 δὲ

148 4934 179 5002 ἠ
204 4935 298 4988 τῶν
335 4939 558 4994 δικαίων
586 4939 880 5001 ἀνάστασις
903 4936 1121 4999 τελείως
1142 4935 1274 5001 ἕξει,
1299 4936 1440 4989 κατὰ
1471 4938 1531 4988 τὸ
1563 4936 1716 5005 εἰρη-

150 5027 298 5094 μένον
319 5049 331 5060 ·
366 5033 474 5085 Καὶ
509 5031 699 5096 οὕτως
729 5030 988 5084 πάντοτε
1020 5029 1142 5082 σὺν
1172 5028 1370 5099 Κυρίῳ
1413 5028 1672 5096 ἐσόμεθα
1694 5044 1707 5058 ⁸

149 5121 238 5172 καὶ
276 5125 429 5184 πάλιν
452 5143 465 5156 ο
517 5125 648 5179 Νῦν
687 5125 766 5190 ὠς
809 5124 878 5188 ἐν
928 5123 1233 5190 κατόπτρῳ
1285 5121 1380 5174 καὶ
1415 5120 1714 5189 αἰνίγματι

147 5210 468 5285 βλέπομεν,
516 5218 649 5270 τότε
696 5214 763 5269 δὲ
806 5216 1132 5284 πρόσωπον
1163 5213 1312 5282 πρὸς
1357 5215 1682 5282 πρόσωπον
1694 5253 1714 5277 ,

147 5301 240 5372 τὴν
267 5307 368 5362 τῶν
397 5309 567 5374 ὄντων
600 5307 798 5376 γνῶσιν
826 5307 1067 5379 δηλονότι
1097 5307 1587 5381 παιδευθησόμεθα.

216 5515 234 5542 '
264 5507 283 5562 Ι
315 5510 505 5582 Thess.
543 5531 620 5580 tv,
657 5515 744 5570 16.
813 5531 840 5558 ι
876 5516 895 5571 l
927 5519 1056 5574 Cor.
1094 5535 1218 5585 xm,
1255 5519 1344 5576 12.

1820 4668 1914 4708 eas
1951 4654 2005 4706 in
2043 4652 2265 4706 modum
2315 4653 2631 4722 angelorum
2675 4653 2846 4706 multa
2886 4652 2940 4706 in
2974 4669 3141 4707 unum
3173 4654 3396 4707 convol-

1818 4753 2008 4800 ventes
2039 4745 2363 4816 intelligere,
2395 4746 2630 4803 maxime
2662 4746 2716 4799 in
2769 4745 3172 4800 resurrectione
3215 4744 3392 4816 perfe-

1817 4845 1902 4891 cte
1947 4837 2291 4900 obtinebunt,
2324 4837 2565 4907 quando,
2603 4853 2798 4892 rursus
2823 4838 2878 4890 in
2919 4817 3035 4892 suis
3073 4837 3395 4907 corporibus

1817 4930 2165 4996 exsistentes,
2188 4929 2486 4999 perfectam
2509 4946 2689 4984 rerum
2717 4929 3086 5000 cognitionem
3104 4929 3388 4998 accipient.

1821 5019 2172 5076 Resurreclio
2203 5032 2384 5076 autem
2413 5023 2689 5092 justorum
2736 5023 2856 5078 haec
2897 5023 3133 5094 perfecte
3176 5021 3395 5075 habebit

1816 5112 1972 5184 juxta
2007 5113 2346 5184 Scripturam
2374 5135 2386 5170 :
2425 5115 2494 5168 Et
2523 5117 2600 5170 ita
2641 5134 2758 5169 cum
2787 5117 3014 5171 Domino
3053 5130 3251 5183 semper
3285 5114 3392 5176 cri-

1820 5224 1934 5260 mus
1955 5217 2018 5274 V;
2057 5222 2120 5262 ac
2144 5209 2338 5262 iterum
2367 5227 2381 5263 :
2416 5207 2573 5262 Nune
2613 5221 2668 5263 ut
2711 5211 2763 5263 in
2795 5211 3003 5280 speculo
3033 5218 3084 5263 et
3118 5209 3394 5276 a'nigmate

1817 5299 2078 5367 videmus,
2104 5309 2225 5354 tunc
2255 5311 2430 5355 autem
2459 5301 2594 5371 facie
2621 5303 2690 5354 ad
2719 5303 2907 5372 [aciem
2934 5317 2994 5370 x;
3026 5300 3277 5356 videlicet
3305 5315 3393 5356 re-

1820 5409 1940 5448 rum
1964 5394 2332 5466 cognitionem
2362 5394 2702 5458 docebimur.

1019 5642 1255 5713 νΑιιιΑτῑ
1296 5658 1686 5720 LECTIONES
1723 5658 1812 5713 ET
1861 5653 2421 5717 CORRECTIONES.

260 5763 300 5792 "
334 5769 462 5836 πρὸς
493 5769 672 5830 πάντα
697 5769 766 5822 τὰ
797 5769 1041 5827 τοιαῦτα.

1132 5771 1178 5803 ’σθ
1205 5772 1682 5843 ἐπιλαμϐάνονται.
1753 5771 1795 5843 ’ξ’
1819 5772 1879 5843 οὐ
1905 5769 2011 5843 γὰρ
2044 5767 2222 5843 πάντα
2247 5764 2436 5843 τάκτοῦ
2470 5761 2612 5815 Θεοῦ.
2634 5759 3012 5843 ἐγκαταλείψὲ
3033 5761 3137 5843 τῆς
3167 5765 3389 5843 xciet-ﬁ;

161 5831 384 5916 [Effusi
412 5831 655 5908 φύσεως,
701 5841 830 5895 ἀλλὰ
867 5845 956 5896 καὶ
1022 5841 1162 5911 ὑπὲρ
1210 5831 1411 5912 ταύτην
1477 5843 1572 5913 τὴν
1622 5831 1924 5910 ἀγγελικὴν
1964 5831 2193 5908 ὑπάρχει
2245 5836 2444 5902 γνῶσίν
2494 5850 2550 5886 τε
2604 5833 2692 5884 καὶ
2726 5831 2928 5902 νόησιν.
2967 5831 3095 5897 Τοῖς
3115 5831 3385 5904 ἀγγέλοις.

164 5899 212 5928 ⁸⁵
232 5899 363 5959 ὄντα.
