3882 6528
542 399 650 456 547

1235 394 1573 450 APPENDIX
1611 393 1700 448 AD
1737 391 1966 448 OPERA
2001 387 2057 446 S.
2098 386 2396 446 DIONYSII
2433 379 2912 442 AREOPAGITIE.

2211 227 2228 258 Ι

3664 371 3748 427 548

617 516 824 586 Diffuse
862 525 1034 570 autent
1069 526 1116 568 et
1161 530 1252 584 per
1281 514 1583 567 circuitum.
1617 510 1828 566 Dictum
1866 516 1950 565 est
1982 509 2086 579 quit

2291 503 2636 570 Διεξοδικῶς
2664 502 2732 556 δὲ
2762 502 2859 555 καὶ
2892 499 3116 561 κύκλῳ.
3151 495 3374 586 Εἴρηται
3413 489 3557 586 ’τί-τὸ
3591 487 3751 586 διεξο-

539 581 843 676 διεξοδικῶς
894 581 1249 686 intelligatur.
1292 604 1608 671 Διεξοδικῶς
1644 604 1808 675 igitur
1838 610 1893 656 et
1934 600 2086 654 κύκλι

2216 596 2394 664 διχῶς
2423 599 2641 650 νοεῖται.
2674 591 2991 660 Διεξοδικῶς
3025 588 3207 643 τοίνυν
3245 585 3338 640 καὶ
3367 582 3571 653 κύκλῳ,
3599 581 3752 634 τουτέ-

544 717 634 756 aeu
658 703 776 755 fuse
797 714 859 754 ac
890 699 945 753 in
968 698 1178 762 orbem,
1198 697 1253 752 id
1276 707 1360 753 est
1389 698 1570 751 anima
1594 697 1832 750 humana
1859 710 1969 750 non
1992 710 2116 749 con-

537 794 676 848 i'erta
691 800 746 846 et
761 792 1054 861 conjuncta
1075 791 1276 846 mentis
1299 790 1600 844 intentione
1619 789 1858 844 divinam
1873 802 2115 858 compre.

539 885 724 941 uendit
750 885 1142 956 cognitionem;
1162 884 1258 940 sed
1275 899 1459 939 veram
1485 897 1668 938 rerum
1694 881 2109 936 intellectionem

535 976 850 1046 singillatim
883 983 936 1030 et
969 991 1063 1044 per
1096 983 1278 1046 partes
1304 975 1606 1045 accipiens,
1630 975 1687 1028 in
1723 989 1831 1044 quo
1850 972 2013 1027 etiam
2041 971 2111 1025 ab

533 1069 778 1137 angelica
833 1068 1016 1122 deﬁcit
1066 1066 1158 1121 Dei
1210 1068 1441 1131 visione,
1483 1067 1630 1121 circa
1672 1081 1834 1120 unam
1885 1079 2108 1119 causam

531 1173 722 1212 eorum
753 1175 873 1229 qua:
905 1161 1056 1214 varie
1091 1160 1512 1214 considerantur
1535 1159 1918 1230 cogitationem
1949 1156 2107 1211 colli-

531 1251 630 1321 git,
659 1260 712 1306 et
749 1251 1217 1306 intellectionibns
1267 1252 1583 1322 angelorum
1613 1250 1914 1320 aequalibus
1943 1248 2106 1320 digna

530 1342 784 1398 habetur.

601 1435 824 1501 Assequi
860 1435 999 1507 quod
1041 1437 1258 1506 appetit.
1304 1434 1618 1491 Daemonum
1646 1450 1801 1490 mens
1828 1449 1891 1490 ex
1926 1433 2107 1503 priva-

528 1526 677 1582 tione
701 1528 932 1583 rationis
962 1528 1179 1598 quidem
1207 1529 1410 1598 appetit
1431 1542 1556 1581 cum
1576 1526 1686 1582 Deo
1710 1528 2101 1596 aequalitatem,

532 1621 707 1675 nescit
735 1621 1008 1691 quomodo
1041 1621 1173 1674 illud
1209 1621 1428 1690 assequi
1462 1620 1657 1690 possit,
1685 1636 1792 1674 non
1824 1620 1968 1689 quod
2005 1635 2105 1672 na-

531 1719 652 1766 tura
684 1713 943 1783 ignorans
975 1714 1065 1776 sit,
1094 1713 1189 1767 sed
1217 1713 1520 1766 voluntarie
1544 1711 1690 1781 quod
1727 1722 1918 1766 contra
1951 1720 2104 1765 natu-

528 1819 644 1858 ram
677 1805 905 1874 eligens.
936 1802 1076 1857 Nota
1108 1813 1288 1857 autem
1332 1802 1609 1858 dzemones
1649 1811 1918 1872 quatenus
1950 1820 2100 1858 men-

2216 706 2334 744 στιν
2367 689 2468 743 οὐκ
2502 687 2675 759 ἀθρόᾳ
2712 684 2807 740 τοῦ
2839 683 2931 738 νοῦ
2961 681 3182 753 ἐπιϐολῇ
3226 681 3260 751 ἡ
3291 674 3600 749 ἀνθρωπίνη
3632 673 3752 748 ψυχὴ

2212 781 2310 853 τὴν
2340 781 2487 835 θείαν
2517 777 2992 833 κατακαλύπτεται
3021 775 3066 806 ’δ’
3091 773 3310 843 γνῶσιν,
3345 768 3482 824 ἀλλά
3523 768 3614 838 τὴν
3641 766 3749 836 ἀλη-

2213 872 2279 944 θῆ
2311 873 2419 926 τῶν
2451 872 2618 925 ὄντων
2662 869 2986 940 κατανόησιν
3017 867 3082 920 ὲκ
3111 864 3206 920 τοῦ
3246 862 3387 918 κατά
3431 861 3592 934 μέρος
3628 859 3752 929 δεχο-

2213 967 2370 1040 μένη,
2391 967 2508 1020 καθ’
2530 966 2559 1018 ὃ
2586 965 2681 1020 καὶ
2707 964 2811 1034 τῆς
2830 960 3124 1032 ἀγγελικῆς
3145 955 3494 1012 ἀπολείπεται
3511 949 3748 1017 θεοπτίας,

2211 1063 2342 1134 περὶ
2380 1062 2442 1114 τὸ
2488 1061 2544 1114 ἒν
2591 1057 2762 1113 αἴτιον
2807 1057 2906 1126 τὴν
2946 1053 3056 1107 τῶν
3099 1048 3356 1111 ποικίλως
3397 1042 3749 1115 θεωρουμένων

2211 1156 2434 1225 συνάγει
2472 1155 2696 1217 ἔννοιαν,
2743 1151 2839 1206 καί⁹
2875 1148 2984 1203 τῶν
3029 1142 3324 1214 ίσαγγέλων
3368 1138 3608 1208 ἀξιοῦται
3650 1137 3750 1206 νοή-

2209 1265 2367 1303 σεων.

2282 1447 2489 1518 Τυχεῒν
2525 1445 2595 1500 οὗ
2639 1445 2884 1514 ἐφίεται.
2928 1438 3166 1509 Ἐφίεται
3209 1437 3306 1508 μὲν
3350 1434 3411 1499 ἐξ
3456 1431 3667 1502 ἀλογίας
3702 1430 3750 1484 τὸ

2209 1539 2410 1592 ἰσόθεον
2439 1541 2468 1592 ὁ
2493 1537 2763 1609 δαιμόνιος
2790 1537 2836 1568 ⁸ο
2869 1533 3024 1597 νοῦς·
3054 1532 3159 1586 οὐκ
3195 1527 3302 1585 οἶδε
3344 1529 3391 1583 δ’
3416 1530 3564 1590 ὅπως
3588 1526 3748 1579 τούτου

2202 1634 2385 1702 τυχεῖν
2431 1631 2657 1694 ἔνεστιν,
2693 1629 2752 1681 οὐ
2801 1628 2957 1697 φύσει
3006 1623 3191 1679 παθὼν
3240 1623 3338 1693 τὴν
3382 1621 3618 1690 ἄγνοιαν,

2202 1725 2461 1788 ἑκουσίως
2501 1723 2562 1776 τὸ
2600 1721 2751 1793 παρά
2783 1720 2942 1789 φύσιν
2987 1715 3326 1789 αἱρούμενος.
3375 1711 3675 1784 Σημείωσαι
3705 1710 3750 1763 δὲ

2201 1817 2282 1870 ὅτι
2321 1821 2369 1870 οἰ
2400 1816 2650 1886 δαίμονες
2680 1813 2798 1867 καθ’
2828 1813 2856 1866 ὃ
2887 1811 3009 1866 νοῦν
3056 1809 3291 1881 ἔχουσιν,
3328 1809 3394 1861 ὲκ
3434 1805 3530 1860 τοῦ
3573 1803 3749 1873 ἀγαθοῦ

526 1905 634 1951 tem
678 1897 900 1961 habent,
939 1897 1079 1950 hanc
1119 1911 1188 1949 ex
1233 1895 1376 1948 bono
1407 1910 1786 1965 comparasse;
1819 1910 1848 1948 a
1888 1896 2086 1950 ratione

2198 1908 2386 1962 τοῦτον
2411 1908 2730 1978 κέκτηνται·
2762 1905 3105 1974 ἀλογίσαντες
3124 1901 3179 1954 δὲ
3204 1901 3297 1954 καὶ
3325 1901 3399 1971 μὴ
3431 1896 3750 1969 βουληθέντες

526 1999 705 2044 autem
737 2005 959 2045 aversos
994 2005 1170 2060 neque
1210 1989 1261 2043 id
1294 1989 1439 2058 quod
1470 1996 1625 2042 erant
1660 2003 1976 2058 permanere
2007 2003 2102 2043 vo-

525 2083 721 2146 lentes,
752 2083 1154 2152 prolapsionem
1185 2098 1212 2135 a
1249 2082 1516 2150 sapientia
1549 2082 1901 2136 sustinuisse.

598 2170 760 2240 189
791 2170 890 2223 Per
922 2186 1213 2226 excessum.
1253 2169 1328 2225 De
1361 2187 1426 2225 eo
1459 2172 1602 2240 quod
1637 2187 1757 2240 qua:
1791 2188 1886 2242 per
1920 2172 2101 2242 priva-

522 2267 726 2318 tionem
761 2263 828 2318 de
860 2263 970 2318 Deo
1004 2264 1293 2330 dicuntur,
1339 2271 1394 2319 et
1439 2267 1739 2331 contraria,
1775 2282 1871 2336 per
1920 2268 2100 2321 excel-

521 2356 744 2412 lentiam
779 2357 1178 2427 intelligantur.

594 2449 662 2503 Et
705 2452 882 2505 omnia
929 2451 1038 2504 alia
1090 2452 1144 2505 in
1189 2469 1263 2509 se.
1301 2449 1490 2508 Nullus
1524 2468 1588 2507 ex
1627 2453 1710 2508 his
1744 2452 1798 2508 in
1833 2454 2099 2510 absurdas

520 2541 824 2596 abducatur
867 2543 1250 2613 cogitationes,
1288 2551 1346 2597 ut
1391 2545 1538 2598 dicat
1580 2545 1744 2600 etiam
1790 2545 1958 2600 Deum
2004 2563 2100 2618 per

519 2632 740 2687 modum
775 2650 954 2690 causa:
987 2636 1128 2688 mala
1164 2637 1218 2690 in
1255 2651 1313 2691 se
1345 2643 1471 2691 ante
1512 2637 1730 2702 habere,
1767 2654 1860 2693 seu
1895 2655 1962 2693 ex
1996 2640 2098 2694 hoc

517 2725 701 2795 colligi
733 2727 909 2796 ipsum
941 2743 1062 2783 esse
1094 2744 1282 2782 eorum
1321 2734 1635 2795 auctorem;
1673 2745 1781 2783 non
1815 2731 1958 2784 enim
1992 2730 2097 2785 Pa—

518 2824 601 2872 ter
644 2817 712 2873 de
745 2820 827 2873 his
875 2834 1179 2875 sermonem
1215 2820 1482 2886 instituit;
1530 2821 1642 2890 jam
1677 2823 1821 2877 enim
1856 2823 2095 2879 ostendit

515 2911 716 2963 malum
749 2926 925 2980 neque
957 2926 1099 2977 esse,
1136 2928 1312 2982 neque
1345 2913 1398 2966 in
1433 2913 1600 2968 rebus
1631 2930 1774 2981 esse,
1819 2916 1914 2970 sed
1947 2916 2095 2970 circa

512 3015 576 3055 ea
610 3017 730 3072 qua:
761 3003 1067 3067 exsistunt,
1116 3020 1309 3075 nempe
1342 3006 1565 3076 angelos
1597 3015 1652 3060 et
1683 3017 1908 3064 caeteras
1941 3023 2094 3064 crea-

515 3101 689 3160 turas,
724 3095 868 3150 sicut
899 3096 1062 3150 etiam
1091 3106 1248 3152 antea
1276 3096 1435 3163 dixit,
1461 3116 1692 3169 quorum
1727 3102 2091 3171 cognitionem

2201 1999 2377 2068 μεῖναι
2408 1997 2543 2066 ὅπερ
2574 1997 2616 2027 δι
2648 1991 2807 2066 ἦσαν,
2842 1993 3118 2047 ἔκπτωσιν
3151 1990 3343 2061 σοφίας
3371 1989 3678 2060 ὑπέμειναν.

2266 2179 2410 2231 Καθ’
2441 2177 2764 2246 ὑπεροχήν.
2810 2177 2944 2248 Περὶ
2983 2175 3097 2242 τοῦ,
3131 2175 3213 2228 ὅτι
3240 2172 3308 2226 τὰ
3347 2171 3492 2226 κατὰ
3528 2170 3750 2242 στέρησιν

2196 2268 2462 2340 λεγόμενα
2493 2271 2584 2322 ε’πί
2611 2269 2706 2322 τοῦ
2746 2269 2902 2333 Θεοῦ,
2935 2269 3028 2322 καί⁵
3057 2266 3125 2321 τά
3165 2264 3402 2332 ἐναντία,
3438 2263 3751 2336 ὑπεροχικῶς

2196 2362 2461 2416 νοοῦνται.

2266 2457 2375 2510 Καὶ
2426 2455 2622 2509 πάντα
2664 2455 2860 2510 τᾶλλα
2907 2454 3169 2510 ἔνδοθεν.
3204 2452 3409 2523 Μηδεὶς
3464 2451 3529 2504 ὲκ
3571 2449 3752 2503 τούτων

2197 2547 2334 2619 πρὸς
2372 2549 2603 2612 ἀτόπους
2649 2548 2943 2618 ἀπαγέσθω
2977 2547 3218 2611 ἐννοίας,
3262 2545 3404 2599 ὥστε
3451 2544 3624 2612 λέγειν
3670 2544 3750 2596 καί

2194 2641 2303 2694 τῶν
2337 2641 2522 2695 κακῶν
2550 2643 2607 2695 ὲν
2639 2642 2812 2713 ἑαυτῷ
2852 2644 2971 2696 κατ’
3005 2640 3183 2695 αἰτίαν
3217 2639 3468 2711 προέχειν
3502 2638 3590 2691 τὸν
3617 2635 3748 2700 Θεὸν,

2193 2735 2358 2805 ἤγουν
2389 2734 2559 2788 αἴτιον
2591 2734 2769 2788 αὐτῶν
2808 2738 2871 2789 ἐκ
2910 2735 3098 2788 τούτου
3142 2731 3280 2787 εἶναι
3324 2731 3673 2800 συνάγεσθαι·
3698 2729 3750 2782 οὗ

2193 2827 2301 2900 γὰρ
2343 2829 2470 2900 περί¹
2512 2827 2713 2882 τούτων
2745 2828 2890 2880 ἐστὶν
2930 2829 2959 2880 ὁ
2993 2826 3147 2894 λόγος
3191 2825 3268 2896 τῷ
3296 2823 3471 2895 Πατρί
3490 2841 3503 2854 ο
3537 2823 3631 2894 ἤδη
3658 2821 3751 2892 γὰρ

2193 2919 2357 2985 ἔδειξε
2403 2921 2540 2992 μήτε
2582 2920 2662 2985 ὃν,
2714 2921 2849 2991 μήτε
2901 2920 2957 2972 ὲν
2990 2921 3100 2981 τοῖς
3132 2913 3249 2971 οἶσι
3285 2916 3348 2969 τδ
3388 2915 3589 2981 κακὸν,
3633 2912 3749 2968 ἀλλὰ

2193 3013 2449 3084 περὶτῶν
2481 3014 2538 3066 ὲν
2567 3013 2727 3084 οὐσίᾳ
2758 3013 2948 3078 ὄντων,
2977 3007 3087 3066 οἷον
3121 3009 3365 3080 ἀγγέλων
3395 3010 3492 3062 καί
3522 3008 3624 3061 τῶν
3652 3006 3747 3059 λοι-

2191 3105 2308 3157 πῶν
2341 3105 2673 3175 κτισμάτων,
2721 3104 2904 3168 καθὼς
2947 3104 3040 3158 καὶ
3065 3105 3346 3174 προεῖπεν,
3387 3095 3464 3155 ὧν
3509 3101 3604 3172 τὴν
3630 3098 3751 3168 γνῶ·

511 3200 619 3238 non
656 3184 815 3240 habet
865 3186 1199 3241 addiscendo
1231 3189 1412 3258 qualia
1467 3192 1610 3257 sint;
1646 3191 1750 3246 hoc
1800 3193 1945 3247 enim
1993 3195 2086 3248 de-

2198 3211 2273 3249 σιν
2309 3197 2409 3250 οὐκ
2452 3199 2515 3250 ὲκ
2561 3197 2656 3250 τοῦ
2705 3196 2990 3268 μανθάνειν
3039 3195 3200 3262 αὑτά,
3242 3195 3402 3248 ὁποῖά
3449 3194 3572 3247 τινά
3607 3195 3746 3257 εἰσιν,

510 3276 758 3341 claravit,
793 3293 918 3331 cum
951 3278 1088 3332 dixit
1124 3298 1136 3334 :
1177 3277 1300 3333 Non
1346 3298 1409 3335 ea
1451 3300 1568 3354 qua:
1610 3292 1731 3337 sunt
1768 3299 1832 3337 ea:
1870 3285 1935 3339 iis
1973 3301 2090 3355 qua:

510 3376 633 3421 sunt
665 3367 892 3434 discens,
941 3377 996 3424 et
1029 3370 1184 3436 illud,
1236 3387 1346 3426 non
1379 3374 1526 3443 quod
1561 3390 1656 3444 per
1688 3375 1924 3444 speciem
1977 3377 2093 3430 sin-

508 3459 635 3529 gula
677 3460 1027 3527 consideret,
1072 3462 1168 3517 sed
1208 3471 1266 3517 ut
1307 3475 1523 3519 creator
1563 3467 1908 3537 propriorum
1957 3482 2089 3538 ope-

509 3564 630 3604 rum
665 3551 949 3606 scientiam
991 3566 1117 3609 ante
1164 3554 1346 3621 habet,
1395 3557 1576 3612 sciens
1628 3559 1902 3628 quomodo
1949 3559 2086 3628 ipsa,

505 3649 560 3696 et
609 3644 810 3713 quibus
869 3645 937 3702 de
982 3648 1166 3703 causis
1210 3649 1278 3702 ad
1332 3651 1735 3720 generationem
1792 3652 2085 3721 producet,

505 3750 735 3805 quorum
773 3739 1047 3808 perversio
1078 3749 1133 3794 et
1167 3739 1424 3807 deiectio,
1461 3759 1556 3798 seu
1593 3744 1737 3806 linis,
1768 3745 2002 3814 privatio
2026 3753 2086 3801 et

503 3827 846 3885 imbecillitas
882 3835 1081 3886 maium
1116 3833 1352 3900 inducit,
1387 3836 1516 3890 dum
1553 3837 1630 3891 rei
1666 3838 1935 3892 naturalis
1969 3840 2083 3910 pri-

500 3922 719 3977 vatione
757 3922 886 3978 facit
925 3925 980 3978 id
1021 3926 1165 3995 quod
1203 3935 1394 3982 contra
1427 3935 1679 3982 naturam
1715 3939 1834 3984 est:
1875 3930 2084 3986 ideirco

498 4013 643 4068 enim
691 4017 998 4087 exemplum
1047 4018 1272 4076 luminis
1305 4020 1570 4089 adduxit;
1609 4037 1735 4076 nam
1773 4023 1936 4093 hujus
1970 4025 2083 4095 pri-

497 4107 713 4163 vatione
745 4110 920 4180 caligo
950 4111 1251 4168 subsistere
1283 4113 1502 4169 videtur
1525 4123 1580 4170 et
1613 4124 1824 4171 natura:
1858 4117 2080 4174 luminis

498 4203 799 4258 absentiam
848 4221 947 4276 pro
997 4221 1163 4261 causa
1211 4207 1392 4272 habet,
1449 4209 1593 4263 sicut
1641 4209 1806 4264 etiam
1859 4211 2080 4268 habitus

497 4295 670 4365 magis
703 4311 865 4366 quam
901 4299 1234 4369 privationes
1267 4299 1536 4370 principia
1581 4309 1730 4366 sunt,
1767 4310 1821 4358 et
1863 4311 1923 4357 ut
1955 4305 2079 4374 quis

495 4386 728 4454 dixerit,
784 4405 982 4446 causa}.
1021 4391 1205 4462 Itaque
1249 4391 1411 4448 Pater
1457 4393 1562 4448 hoc
1611 4394 1733 4449 loco
1767 4411 2076 4452 sermonem

499 4476 630 4534 facit
677 4479 745 4535 de
782 4482 946 4536 rebus
999 4498 1030 4536 a
1085 4483 1192 4538 Deo
1225 4485 1483 4550 conditis,
1519 4494 1573 4541 et
1606 4487 1942 4558 singularum
1979 4506 2078 4544 na-

2192 3287 2304 3359 έχει
2322 3305 2336 3319 ο
2360 3288 2519 3343 τοῦτο
2539 3289 2647 3362 γὰρ
2673 3289 2938 3362 ἐδήλωσεν
2964 3288 3161 3342 εἰπών·
3199 3289 3322 3342 Οὐκ
3350 3288 3420 3341 ἐκ
3447 3285 3564 3340 τῶν
3582 3286 3750 3338 ὄντων

2191 3381 2264 3434 τὰ
2294 3381 2439 3434 ὄντα
2463 3382 2805 3450 μανθάνων,
2834 3382 2926 3435 καὶ
2955 3381 3016 3434 τὸ
3039 3421 3053 3445 ,
3087 3381 3146 3433 οὐ
3183 3381 3303 3434 κατ’
3333 3380 3474 3433 ἰδέαν
3521 3378 3749 3438 ἑκάστοις

2190 3473 2513 3534 ἐπιϐάλλων,
2543 3473 2655 3528 ἀλλ’
2687 3475 2764 3538 ώς
2798 3475 3026 3545 ποιητὴς
3060 3473 3264 3526 τούτων
3296 3474 3393 3544 τὴν
3423 3472 3623 3544 εἴδησιν
3655 3471 3748 3524 τῶν

2188 3565 2401 3618 οἰκείων
2434 3566 2609 3638 ἔργων
2662 3567 2905 3639 προέχει,
2947 3565 3102 3629 εἰδὼς
3142 3566 3292 3628 ὅπως
3338 3564 3499 3628 αὐτὰ,
3549 3564 3639 3617 καὶ
3676 3563 3746 3631 ἐφ’

2187 3651 2272 3722 οἷς
2304 3658 2541 3731 παράξει
2572 3659 2709 3731 πρὸς
2741 3659 2972 3728 γένεσιν,
3004 3652 3079 3712 ὧν
3117 3659 3150 3728 ἡ
3193 3657 3521 3729 παρατροπὴ
3549 3657 3638 3710 καὶ
3676 3654 3750 3707 έλ-

2186 3748 2379 3819 λειψις,
2405 3753 2571 3822 ἧγουν
2599 3752 2632 3822 ἡ
2664 3750 2930 3820 ἀποτυχία
2960 3751 3054 3803 καὶ
3081 3749 3351 3819 ἀδυναμία
3375 3750 3436 3802 τὸ
3465 3748 3629 3802 κακὸν
3652 3748 3748 3800 εἰσ-

2185 3841 2328 3911 άγει,
2380 3845 2446 3914 τῇ
2497 3844 2749 3914 στερήσει
2797 3841 2891 3895 τοῦ
2940 3840 3084 3896 κατά
3114 3840 3274 3910 φύσιν
3318 3841 3380 3894 τὸ
3428 3840 3578 3912 παρά
3605 3837 3747 3909 φύσιν

2183 3933 2437 3989 ποιοῦσαο
2482 3933 2619 4006 πρὸς
2656 3934 2814 3988 τοῦτο
2840 3934 2950 4006 γὰρ
2993 3933 3055 3986 τὸ
3099 3931 3194 3986 τοῦ
3235 3931 3414 4002 φωτὸς
3452 3933 3745 4004 παρήγαγεν

2184 4027 2558 4098 ὑπόδειγμα-⁸⁸
2575 4045 2589 4058 ο
2620 4029 2685 4099 τῇ
2713 4026 2823 4097 γάρ
2844 4026 3032 4080 τούτου
3066 4027 3316 4098 στερήσει
3335 4025 3396 4078 τὸ
3417 4024 3602 4086 σκότος
3625 4038 3748 4091 παρ-

2181 4121 2509 4190 υφίσταται,
2559 4120 2656 4174 καὶ
2699 4120 2878 4174 αἰτίαν
2920 4119 3032 4189 ἔχει
3076 4119 3177 4191 τὴν
3219 4117 3484 4171 ἀπουσίαν
3527 4117 3622 4188 τῆς
3663 4111 3744 4166 τοῦ

2181 4211 2357 4281 φωτὸς
2387 4211 2633 4282 φύσεως,
2661 4211 2850 4283 ὥσπερ
2890 4213 2984 4266 καὶ
3033 4210 3142 4264 τῶν
3176 4211 3486 4281 στερήσεων
3526 4209 3581 4261 αί
3621 4207 3746 4273 ἕξεις

2179 4303 2622 4376 ἀρχηγικώτεραι
2665 4304 3014 4376 τυγχάνουσι,
3047 4305 3139 4358 καί
3171 4303 3246 4367 ὡς
3272 4303 3336 4358 ἄν
3364 4319 3450 4366 τις
3479 4301 3638 4366 ετποι,
3670 4300 3744 4352 αἰ-

2179 4395 2308 4450 τίαι.
2353 4396 2614 4450 Ἐνταῦθα
2643 4393 2735 4452 οὖν
2779 4399 2808 4451 ό
2846 4397 3040 4469 Πατὴρ
3080 4397 3208 4468 περὶ
3258 4396 3367 4448 τῶν
3393 4396 3498 4448 ὑπὸ
3525 4393 3653 4448 Θεοῦ
3678 4393 3746 4454 εἰς

2179 4487 2390 4555 γένεσιν
2435 4490 2741 4560 ἀχθέντων,
2789 4490 2885 4544 καί
2921 4491 3022 4562 τῆς
3063 4490 3292 4543 ἑκάστου
3323 4489 3528 4542 τούτων
3553 4486 3744 4557 φύσεως

497 4579 638 4634 tura,
673 4587 808 4642 quas
842 4583 1001 4628 antea
1035 4576 1090 4629 in
1126 4576 1237 4632 Deo
1283 4585 1336 4632 et
1371 4594 1466 4648 per
1511 4583 1992 4652 praecognitionem
2025 4591 2079 4637 et

2198 4580 2272 4634 τὸν
2302 4579 2459 4650 λόγον
2502 4586 2754 4646 ποιεῖται,
2801 4582 2838 4636 ἃ.
2882 4583 2976 4636 καὶ
3005 4581 3411 4654 προϋφεστάναι
3451 4583 3509 4635 ὲν
3541 4579 3614 4651 τῷ
3640 4565 3743 4645 Θεῷ

492 4663 977 4734 ριἰοάείὶηίιίοηθιη
1013 4670 1291 4725 exstitisse
1325 4672 1418 4727 ait.

563 4755 631 4808 Et
661 4759 939 4812 essentiam
987 4761 1274 4829 prmltabet.
1311 4762 1468 4828 Quod
1501 4765 1743 4836 cognitio
1775 4768 2070 4822 essentiam

489 4849 840 4918 anticipatam
874 4859 927 4908 et
959 4860 1086 4909 ante
1117 4857 1569 4925 comprehensam
1606 4859 1822 4916 habeat.

558 4940 709 4997 Sicut
740 4953 790 4996 et
819 4945 931 5000 lux.
965 4945 1320 5003 Conﬁrmatio
1350 4950 1419 5002 ab
1439 4951 1716 5020 exemplo;
1751 4951 1892 5008 sicut
1923 4953 2067 5008 enim

487 5033 532 5088 si
567 5035 767 5104 aliquis
819 5049 1092 5107 supponat
1126 5039 1301 5093 lucem
1357 5041 1497 5096 hanc
1547 5043 1838 5110 visibilem,
1884 5055 2066 5102 mente

485 5133 540 5182 et
589 5128 802 5186 ratione
849 5132 1128 5201 praeditam
1172 5149 1312 5199 esse,
1358 5145 1543 5206 postea
1578 5137 1730 5195 illum
1765 5141 2066 5213 interroge-

485 5228 628 5279 mus,
677 5231 809 5273 num
859 5220 1045 5276 lumen
1093 5223 1347 5279 tenebras
1393 5238 1708 5298 cognoscat,
1757 5230 2065 5304 dixeritque

482 5317 834 5373 cognoscere,
868 5310 1033 5365 etiam
1066 5313 1386 5384 priusquam
1435 5319 1672 5375 tenebrae
1718 5334 1932 5387 essent;
1968 5341 2065 5380 co-

483 5409 741 5464 gnoscere
772 5409 950 5457 autem
991 5420 1100 5458 non
1145 5407 1478 5476 experientia
1513 5410 1728 5481 aliqua;
1765 5412 2063 5484 [quomodo

482 5487 626 5542 enim
677 5490 858 5550 lumen
889 5497 1145 5554 tenebras
1199 5499 1404 5556 sciret?
1449 5502 1497 5558 si
1539 5505 1684 5558 enim
1732 5507 1805 5562 sit
1851 5509 2058 5575 lumen,

2181 4671 2321 4725 κατά
2352 4673 2658 4743 πρόγνωσιν
2688 4675 2782 4728 καὶ
2812 4673 2871 4727 τὺ
2902 4673 3238 4746 προωρίσθαι
3267 4673 3478 4747 εἴρηκε.

2250 4766 2358 4816 Καὶ
2409 4767 2630 4819 οὐσίαν
2659 4765 2916 4835 προέχει.
2957 4769 3077 4820 Ὅτι
3110 4767 3143 4837 ἡ
3189 4765 3390 4835 γνῶσις
3427 4765 3528 4839 τὴν
3575 4762 3741 4817 οὐσίαν

2177 4858 2401 4930 προέχει
2430 4859 2524 4911 καὶ
2549 4860 2994 4930 προσυνείληφεν.

2253 4952 2483 5019 Ὠσπερ
2512 4953 2611 5005 καὶ
2645 4952 2710 5006 τὸ
2756 4953 2900 5022 φῶς.
2939 4955 3221 5008 Ἀπτωτον
3268 4954 3330 5007 τὸ
3376 4954 3475 5026 τῆς
3517 4948 3739 5023 παραϐο-

2172 5043 2298 5114 λῆςο
2330 5043 2518 5117 ὥσπερ
2541 5045 2650 5118 γάρ
2667 5047 2820 5110 εἴτις
2845 5047 3095 5101 ὑπόθοιτο
3120 5049 3180 5101 τὺ
3211 5047 3326 5117 φῶς
3351 5047 3508 5102 τοῦτο
3533 5046 3593 5098 τὸ
3627 5046 3738 5114 ὁρα-

2167 5138 2260 5190 τὸν
2291 5137 2471 5191 ἔννουν
2505 5135 2643 5193 εἶναι
2671 5142 2766 5194 καὶ
2792 5141 3039 5210 λογικόν·
3081 5139 3198 5195 εἶτα
3242 5141 3547 5216 πυθοίμεθα
3583 5139 3630 5173 ⁸³
3655 5135 3738 5189 αὑ-

2165 5228 2282 5294 τοῦ,
2314 5231 2363 5282 εἰ
2391 5229 2648 5298 γινώσκει
2683 5233 2746 5287 τὸ
2794 5234 3005 5299 σκότος,
3049 5236 3113 5289 τὸ
3155 5235 3212 5288 δὲ
3258 5235 3400 5288 εἴποι
3446 5231 3734 5305 γινώσκειν,

2169 5324 2266 5376 καί
2293 5325 2420 5394 πρὶν
2450 5325 2671 5398 γένηται
2691 5325 2758 5380 ἂν
2785 5326 2848 5380 τὸ
2869 5327 3081 5391 σκότος·
3120 5325 3408 5396 γινώσκειν
3438 5327 3493 5380 δὲ
3523 5325 3582 5378 οὐ
3613 5316 3738 5376 κατά

2161 5434 2290 5471 τινα
2316 5421 2532 5488 πεῖραν,
2568 5419 2708 5490 (πῶς
2753 5420 2862 5492 γὰρ
2910 5420 3006 5475 ἴδοι
3038 5421 3228 5484 σκότος
3270 5421 3334 5474 τὸ
3364 5421 3516 5490 φῶς;
3547 5421 3593 5472 εἰ
3638 5413 3736 5484 γὰρ

2163 5510 2302 5581 φῶς,
2355 5513 2456 5566 οὐκ
2502 5512 2654 5566 ἐστω
2706 5513 2952 5584 σκότος’)
3005 5513 3141 5568 ἀλλά
3191 5512 3476 5582 γινώσκειν
3506 5511 3644 5565 εἴποι
3681 5501 3736 5556 τὸ

1409 5675 1653 5735 νᾹΒΙᾸΞ
1695 5679 2082 5741 LECTIONE‘S
2122 5683 2213 5739 ΕΤ
2255 5682 2805 5743 CORRECTIONES.

546 5773 589 5808 ⁸⁸
613 5776 1040 5842 καταλάμπεται.

489 5843 762 5915 μείναντες
793 5848 944 5924 ὓπερ.
1041 5855 1085 5888 ⁵³
1110 5843 1516 5929 παράδειγμᾶξν
1551 5843 1618 5895 σῖ

1109 5786 1155 5817 ⁵⁰
1181 5785 1391 5872 ἐφεῖται
1429 5791 1528 5861 μὲν
1553 5792 1618 5872 ἐξ
1653 5793 1879 5872 ἀλογίας
1899 5799 2147 5865 γενέσθαι
2188 5799 2389 5862 ἰσόθεος
2441 5803 2470 5852 ό
2531 5801 2677 5872 δαιμ.
2747 5803 2787 5833 ⁸¹
2820 5803 3164 5872 ἀλογίσαντες
3191 5805 3246 5861 δὲ
3273 5805 3491 5869 ἑαυτοὺς
3530 5802 3619 5858 καί
3661 5799 3729 5867 μη
