3882 6548
133 449 213 508 539
851 438 911 493 S.
952 432 1200 490 MAXIM!
1236 427 1527 487 SCHOLIA
1564 426 1633 480 IN
1665 422 1796 479 LIB.
1837 421 1927 476 DE
1963 417 2210 474 DIVINIS
2244 409 2637 471 NOMlNlBUS.

136 564 225 636 (θῶς
247 560 364 616 καθ’
393 559 425 614 ὃ
458 559 578 628 φῶς
605 557 749 609 ἐστι·
773 553 852 608 διὸ
881 553 975 606 καὶ
999 547 1159 612 οἶδεν,
1182 550 1285 611 ὅτι,
1313 545 1408 599 sev
1437 539 1685 614 συστείλῃ
1713 551 1760 609 Α

134 633 178 712 τὸ
201 657 386 709 οἰκεῖον
421 651 562 722 φῶς,
595 648 768 711 οὐδεὶς
791 645 980 717 όψεται
998 661 1012 673 ·
1044 643 1187 696 οὕτω
1216 640 1312 694 καὶ
1348 639 1378 689 6
1401 637 1535 693 Θεὸς
1561 633 1680 688 κατ’

136 752 279 804 αἰτίαν
320 748 381 799 ὲν
424 741 608 814 ἐαυτῷ
656 741 755 812 τὴν
800 738 1017 792 πάντων
1076 734 1278 806 εἴδησιν
1323 732 1470 803 ἔχει,
1507 729 1568 781 οὐ
1615 729 1682 798 τῇ

136 841 270 910 πείρᾳ
302 836 512 908 ταύτην
545 832 994 902 ὲπικτησάμενος,
1027 827 1148 880 ἐπεὶ
1177 825 1346 887 οὕτως
1373 821 1684 893 εὑρίσκεται

139 930 564 1003 μεταγενέστερος
612 929 640 980 6
686 926 816 989 Θεὸς
853 923 952 995 τῆς
987 919 1259 991 γνώσεως,
1305 917 1339 988 ἢ
1383 914 1525 969 κατά
1565 928 1685 965 τινα

135 999 291 1099 γρόνον
319 1023 393 1094 μὴ
441 999 751 1089 γινώσκων.
781 1015 1092 1090 Σημείωσαι
1135 1012 1192 1065 δὲ
1220 1011 1282 1064 τὸ
1325 1008 1513 1070 σκότος
1551 999 1684 1058 εἷναι

139 1098 180 1168 τὸ
218 1114 468 1179 αἰτιατὸν,
502 1111 563 1176 ἐξ
601 1108 887 1178 ἐλλείψεως
919 1105 1013 1160 τοῦ
1059 1105 1234 1175 φωτὸς
1275 1098 1688 1173 παρυφιστάμε-

140 1224 204 1260 ιοον
225 1207 291 1238 ⁸⁸⁸
323 1206 466 1276 ὅπερ
491 1204 610 1258 ἐστὶ
641 1200 781 1256 κατὰ
808 1197 1144 1269 Μανιχαίων.

192 1380 287 1435 Τοῦ
317 1396 604 1444 σκοτους.
649 1379 774 1431 ’Ότι
801 1376 864 1430 τὸ
893 1375 1083 1438 σκότος
1109 1373 1209 1442 οὐχ
1251 1368 1535 1441 ἑτέρωθεν,
1571 1365 1684 1420 ἀλλ’

133 1473 220 1527 ἀπὸ
243 1472 329 1526 τοῦ
365 1471 547 1542 φωτὸς
575 1468 922 1541 γνωρίζεται.

184 1567 280 1620 Kal
311 1568 428 1620 οὐκ
456 1565 528 1618 ἐκ
559 1562 677 1617 τῶν
710 1562 917 1616 ὄντων.
945 1560 1085 1631 Ὅρα
1125 1557 1243 1621 πῶς
1275 1573 1406 1627 φησι
1439 1555 1528 1607 τὸν
1557 1552 1689 1606 Θεὸν

133 1661 297 1714 είδένσι
327 1659 401 1712 τὰ
425 1658 578 1724 ὅντα,
611 1657 711 1711 οὐκ
737 1656 802 1709 ὲκ
824 1656 924 1727 τῆς
948 1654 1164 1708 πάντων
1183 1649 1454 1720 γνώσεως,
1489 1647 1602 1701 ἀλλ’
1626 1649 1690 1700 ὲκ

130 1755 208 1824 τῆς
233 1748 380 1816 ἰδίας,
413 1751 606 1822 ὥσπερ
635 1750 698 1804 τὸ
729 1748 844 1818 φῶς
875 1743 985 1801 οἶδε
1011 1746 1080 1799 τὰ
1107 1745 1203 1798 τοῦ
1250 1742 1493 1809 σκότους,
1538 1739 1688 1794 οὐδὲν

129 1845 202 1897 τοῦ
237 1844 458 1906 σκότους
489 1843 628 1914 ἔχων
656 1843 713 1893 ὲν
744 1839 939 1910 ἐαυτῷ.
989 1837 1173 1892 Ταῦτα
1210 1835 1266 1889 δὲ
1309 1831 1588 1903 πολλαχῶς
1630 1832 1688 1883 ὲν

128 1935 190 2005 τῷ
231 1937 462 2007 πέμπτῳ

127 2026 378 2096 γινώσκων
397 2071 412 2096 ,
429 2029 553 2098 ἦτοι
572 2025 729 2092 νοῶν,
744 2027 855 2078 νοεῖ
872 2025 967 2076 καὶ
993 2022 1249 2092 γινώσκει
1270 2019 1340 2072 τὰ
1358 2017 1487 2072 ὄντα
1515 2033 1686 2088 παρα-

126 2121 487 2193 δειγματικῶς.
573 2165 594 2192 ,

71 2207 74 2215 ’
185 2217 293 2269 Οὐκ
323 2214 443 2283 ἄρα
475 2217 510 2268 ὁ
543 2213 706 2280 Θεός.
738 2212 827 2264 Ἐν
852 2209 1077 2280 οὐδεμιᾷ
1099 2206 1207 2277 γάρ
1225 2203 1416 2277 διπλόῃ
1438 2201 1499 2256 τὸ
1519 2200 1681 2265 θεῖον,

126 2306 274 2378 πάντη
305 2305 518 2360 ἁπλοῦν
547 2304 630 2372 ὃν,
665 2304 760 2358 καὶ
799 2302 941 2373 ὑπὲρ
973 2303 1080 2354 πᾶν
1112 2297 1339 2353 ἁπλοῦν.

178 2490 277 2543 Kal
324 2489 440 2558 γὰρ
488 2487 589 2540 καί
641 2485 782 2551 τοὺς
824 2482 1139 2554 ἀγγέλους.
1170 2480 1216 2512 ⁸⁵
1245 2478 1318 2532 Τὸ
1351 2479 1474 2541 τοὺς
1519 2476 1682 2544 ἀγγέ-

123 2581 226 2646 λους
253 2581 448 2635 εἰδέναι
488 2579 561 2633 τὰ
601 2579 693 2632 ἐπὶ
724 2577 828 2647 γῆς
867 2577 928 2629 ού
969 2575 1036 2627 δι’
1067 2571 1367 2643 αἰσθήσεως
1406 2566 1680 2640 προσϐάλ-

122 2672 285 2736 λοντας
308 2677 423 2736 τοῖς
469 2671 766 2742 αἰσθητοῖς,
799 2669 874 2732 ὼς
904 2668 1084 2738 ἡμεῖς,
1118 2661 1255 2718 ἀλλὰ
1283 2661 1370 2715 διὰ
1402 2660 1683 2730 δυνάμεως

121 2765 569 2836 ἐπαναθεϐηκυίας
620 2761 893 2816 ἐπιϐάλλω
934 2758 1170 2814 νοεῖσθαι
1204 2756 1272 2822 ⁸⁸,
1306 2757 1371 2808 ὲκ
1411 2753 1681 2823 διαφόρων

120 2857 310 2926 λογίων,
349 2852 464 2911 οἷον
514 2856 591 2919 ὡς
635 2856 694 2908 ὲν
725 2853 804 2924 τῷ
848 2851 1052 2922 Τωὸἰᾳ,
1092 2851 1226 2903 ὅπου
1258 2847 1492 2918 εἴρηται,
1533 2846 1614 2897 ὃτι
1651 2844 1680 2896 6

122 2948 246 3014 θεῖος
284 2947 528 3019 Ῥαφαὴλ
547 2949 575 3000 6
603 2945 831 3015 ἄγγελος
861 2939 980 2996 εἷπε
1012 2941 1089 3013 τῷ
1123 2939 1223 3011 υἰῴ
1239 2938 1334 2993 τοῦ
1355 2937 1559 2992 Τωϐίου
1583 2935 1679 2988 λα-

122 3042 218 3095 ϐεῖν
238 3043 331 3113 τὴν
363 3039 528 3112 χολὴν
559 3039 654 3092 τοῦ
677 3037 988 3098 ἀνελθόντος
1023 3033 1220 3105 ἰχθύος,
1249 3032 1325 3095 ὼς
1349 3028 1680 3101 ἀφαιροῦσαν

121 3132 421 3204 λευκὼματα
469 3130 766 3201 ὀφθαλμῶν
823 3128 1088 3198 γινόμενα
1135 3125 1243 3179 ἀπὸ
1295 3121 1680 3192 ἀφοδευμάτων

122 3226 420 3318 στρουθίων·
466 3225 530 3278 ού
576 3223 686 3293 γάρ
737 3222 802 3276 ἄν
833 3238 918 3284 τις
956 3219 1326 3290 ὑπονοήσειεν,
1372 3217 1452 3268 ὅτι
1494 3213 1680 3267 παθὼν
1709 3262 1752 3318 c

120 3315 268 3386 ἔμαθε
291 3318 388 3388 τὴν
426 3315 698 3387 ἰατρείαν·
736 3312 873 3366 ἀλλὰ
915 3313 1007 3366 καὶ
1036 3313 1064 3363 6
1091 3312 1149 3362 ὲν
1175 3312 1288 3372 τοῖς
1325 3308 1555 3379 Κριταίς
1586 3306 1685 3374 ἀγὲ

119 3408 254 3475 γελος
284 3409 373 3462 ἐπὶ
400 3407 496 3461 τοῦ
525 3405 726 3479 Γεδεῲν
753 3408 832 3469 εἰς
859 3405 957 3474 τὴν
990 3403 1179 3455 θυσίαν
1214 3399 1458 3454 ἐκϐαλὼν
1491 3401 1554 3452 ὲκ
1582 3399 1688 3470 τῆς

119 3500 300 3571 πέτρας
317 3499 449 3571 πῦρ,
472 3499 574 3552 οὐκ
596 3496 844 3568 αἰσθήσει
873 3491 1033 3559 οἶδεν,
1057 3495 1138 3548 ὅτι
1159 3492 1218 3546 τὸ
1240 3491 1351 3563 πῦρ
1373 3489 1684 3552 καυστικὸν,

115 3589 182 3653 ὡς
205 3594 375 3662 ἡμεῖς,
406 3591 523 3644 ἀλλ’
563 3589 820 3660 ἀνωτέρω
853 3587 1147 3658 προσφόρῳ
1184 3585 1229 3617 ⁵⁷
1250 3602 1262 3614 ·
1299 3584 1442 3638 οὕτω
1474 3583 1568 3636 καὶ
1615 3580 1686 3634 τὰ

117 3682 278 3738 λοιπά.
309 3687 369 3738 Εἰ
407 3685 466 3737 δέ
517 3700 602 3746 τις
631 3683 795 3745 εἴποι,
831 3681 938 3734 Καὶ
978 3679 1093 3741 πῶς
1133 3677 1228 3730 τοῦ
1259 3675 1475 3730 αἰωνίου
1520 3673 1688 3744 πυρὸς

116 3777 411 3848 αἰσθήσεται
443 3777 472 3828 6
502 3774 768 3838 διάὸολος,
806 3773 901 3826 καὶ
928 3774 978 3824 οἰ
1028 3755 1246 3839 ἄγγελοι
1287 3766 1485 3833 αύτοῦ;
1519 3767 1576 3820 ὲν
1610 3764 1688 3836 τῷ

118 3870 391 3942 προσφόρῳ
439 3869 596 3938 τόπῳ
641 3866 984 3937 λεχθήσεται.
1032 3862 1190 3916 Ἀλλὰ
1222 3862 1317 3915 καὶ
1369 3863 1426 3913 ὲν
1468 3858 1546 3930 τῷ
1585 3860 1690 3910 Δα-

115 3961 310 4031 νιὴλ,ὲν
327 3961 405 4033 τῷ
432 3959 716 4029 κεφαλαίῳ
742 3957 836 4010 τοῦ
869 3955 1179 4026 Βαλθάσαρ,
1214 3949 1351 4006 οἶδεν
1394 3954 1423 4005 6
1463 3950 1689 4022 γράφων

116 4054 395 4124 γράμματα
453 4054 530 4125 μὴ
584 4049 791 4123 μαθών.
854 4048 1163 4119 Σημείωσαι
1208 4045 1264 4098 δὲ
1335 4044 1415 4097 ὅτι
1457 4044 1518 4096 οὐ
1569 4043 1688 4096 κατ’

115 4146 344 4217 αἴσθησιν
367 4149 480 4209 τοῖς
513 4143 766 4213 ἀγγέλοις
791 4143 822 4213 ἡ
853 4139 1054 4210 γνῶσις
1084 4139 1193 4192 τῶν
1229 4135 1500 4207 αἰσθητῶν
1524 4152 1537 4165 ·
1569 4133 1690 4188 οὐδὲ

117 4237 214 4309 γὰρ
257 4242 364 4302 τοῖς
416 4237 540 4292 καθ’
591 4237 738 4307 ἡμᾶς
789 4231 1166 4304 αἰσθητηρίοις
1205 4229 1521 4299 κέχρηνται,
1555 4225 1692 4280 ἀλλὰ

115 4329 198 4382 νοῦ
227 4329 443 4401 δυνάμει
479 4329 574 4382 καὶ
604 4327 786 4397 φύσει.

183 4422 207 4494 §
236 4422 316 4478 lll.
353 4424 476 4476 Ἐπὶ
509 4421 579 4474 δὲ
611 4421 842 4485 τούτοις
862 4416 1106 4486 ζητῆσαι
1145 4415 1281 4485 χρή.
1316 4413 1543 4484 Συζητεῖ
1575 4411 1692 4476 πῶς

115 4513 610 4586 Θεὸνγινὼσκομενο
636 4511 728 4566 καί
746 4527 906 4581 φησιν
932 4508 1128 4580 ὀρθῶς,
1153 4509 1234 4560 ὃτι
1246 4505 1380 4560 Θεοῦ
1397 4504 1495 4576 μὲν
1507 4503 1687 4574 φύσις,

115 4608 140 4659 ὃ
166 4605 218 4660 τί
249 4610 371 4662 ποτε
400 4611 570 4671 ἐστιν,
599 4588 724 4658 οὔτε
757 4603 863 4656 τινὶ
892 4601 1110 4654 πώποτε
1139 4599 1247 4653 τῶν
1275 4600 1332 4652 ὲν
1362 4595 1685 4669 δημιουργίᾳ

1794 4597 1994 4653 turam,
2030 4587 2163 4658 quid
2215 4583 2430 4638 tandem
2467 4580 2578 4644 sit,
2630 4576 2725 4632 nul

115 4699 362 4772 ἐγνώσθη,
394 4700 520 4755 οὗτε
554 4695 880 4768 ὲπιστητῶς,
917 4694 1042 4747 οὔτε
1090 4689 1428 4750 ὲποπτικῶς·
1476 4688 1685 4751 τούτοις

1794 4681 2065 4752 cognitam
2097 4678 2289 4741 fuisse,
2325 4688 2501 4744 neque
2549 4686 2618 4726 ex
2660 4665 2910 4727 scientia,
2947 4673 3122 4729 neque
3166 4671 3234 4710 ex

2045 4771 2049 4772 '
2196 4770 2204 4772 ‘
2301 4767 2312 4772 ‘
2800 4771 2807 4772 κ
2838 4753 3002 4772 Πριη-
3068 4745 3158 4772 ..ΑΛ
3198 4745 3234 4772 li

124 4792 215 4863 γὰρ
256 4794 614 4864 ἑπιὸἁλλομεν
645 4791 759 4852 τοῖς
809 4787 1118 4858 ἀσωμάτοις
1141 4803 1153 4815 °
1191 4783 1325 4837 ἀλλὰ
1361 4780 1687 4851 γινώσκεται

116 4885 142 4935 6
170 4884 289 4950 Θεὸς
308 4889 370 4940 ὲκ
390 4887 490 4958 τῆς
514 4885 623 4938 τῶν
648 4883 962 4952 κτισμάτων
987 4875 1299 4943 διατάξεως*
1323 4880 1369 4929 εἰ
1395 4877 1526 4947 γὰρ,
1548 4874 1688 4928 κατὰ

122 4974 198 5024 τὸν
228 4976 358 5030 θεῖον
398 4974 745 5038 Ἀπόστολον,
792 4975 824 5044 ἡ
878 4971 987 5024 τῶν
1018 4968 1518 5044 δημιουργημόπων
1560 4965 1687 5019 καλ-

115 5070 253 5139 Αονὴ,
287 5069 420 5142 [τὸν]
448 5041 854 5139 γενεσιουργὸν,
887 5063 1131 5116 τουτέστι
1167 5061 1260 5113 τὸν
1298 5059 1407 5112 τῶν
1447 5041 1518 5111 ἐν’
1535 5056 1687 5126 γενέ-

116 5175 196 5212 σει
220 5162 332 5194 ⁸⁸⁸⁸³
358 5161 588 5234 ποιητὴν
619 5157 834 5230 μηνύει,
857 5156 1082 5218 εἰκότως
1097 5157 1129 5225 ἡ
1147 5153 1253 5206 τῶν
1269 5154 1434 5206 ὄντων
1452 5149 1689 5215 διάταξις

3245 402 3350 456 550

1786 550 1898 589 non
1928 540 2089 590 erunt
2121 523 2415 596 tenebrae;]
2449 521 2545 579 sed
2577 519 2774 574 dixerit
2805 514 2989 570 lumen
3022 527 3354 585 cognoscere

1781 635 2052 697 quatenus
2096 623 2277 677 lumen
2320 625 2425 681 est,
2469 614 2702 682 ideoque
2745 609 2896 665 novit
2927 607 3093 678 quod,
3141 605 3187 661 si
3221 619 3353 675 pro-

1781 719 1960 790 prium
1994 717 2178 770 lumen
2209 707 2566 770 contraxerit,
2611 703 2792 759 nullus
2822 701 3063 756 videbit:
3101 699 3177 753 ita
3209 697 3354 753 Deus

1783 827 1880 883 per
1911 821 2129 865 causam
2163 803 2405 860 omnium
2449 800 2505 854 in
2539 813 2599 854 se
2629 795 2990 867 cognitionem
3026 793 3206 855 habet,
3243 805 3350 844 non

1783 901 1930 973 quod
1981 896 2315 968 experientia
2364 907 2484 949 eam
2527 886 2924 958 comparaverit
2965 903 2980 940 :
3031 892 3155 954 ,tum
3204 883 3352 937 enim

1785 992 1930 1048 Deus
1961 988 2270 1060 cognitione
2302 983 2572 1056 posterior
2597 980 2953 1043 inveniretur,
2981 975 3149 1029 autin
3170 974 3354 1043 aliquo

1787 1096 2027 1156 tempore
2058 1097 2168 1136 non
2201 1090 2557 1150 cognoscens.
2601 1072 2739 1127 Nota
2783 1068 3037 1124 tenebras
3069 1082 3190 1122 esse
3218 1063 3352 1120 effe-

1785 1186 1934 1235 ctum
1968 1175 2060 1247 qui
2085 1190 2151 1229 ex
2183 1171 2396 1227 defectu
2431 1169 2571 1224 lucis
2602 1164 2905 1222 subsistere
2940 1161 3172 1224 videtur,
3207 1156 3350 1227 quod

1783 1278 1868 1327 est
1899 1263 2088 1323 contra
2124 1262 2470 1318 Manichacus.

1862 1360 2023 1432 190
2067 1355 2438 1411 Tenebrarum.
2483 1345 2763 1402 Tenebras
2795 1357 2906 1396 non
2951 1337 3169 1394 aliunde
3191 1351 3353 1408 quam

1786 1469 1850 1510 ex
1888 1455 2004 1507 luce
2036 1447 2316 1520 cognosci.

1860 1545 1928 1598 Et
1966 1561 2070 1598 non
2105 1519 2169 1596 ea:
2204 1539 2378 1594 rebus.
2413 1534 2550 1591 Vide
2582 1528 2852 1604 quomodo
2883 1526 3029 1580 dicat
3061 1519 3230 1575 Deum
3263 1534 3355 1574 co-
3421 1530 3424 1532 ‘

1787 1650 2048 1707 gnuscere
2079 1648 2140 1688 ea
2171 1645 2292 1701 qua:
2321 1634 2471 1690 sunt,
2507 1639 2615 1679 non
2648 1637 2714 1677 ex
2748 1618 2991 1674 omnium
3025 1609 3353 1689 cognitione,

1789 1733 1884 1789 sed
1915 1746 1983 1786 ex
2019 1725 2256 1798 propria,
2304 1721 2447 1776 sicut
2494 1718 2583 1770 lux
2619 1714 2769 1769 novit
2802 1711 3076 1776 tenebras,
3111 1722 3234 1764 cum
3268 1712 3357 1757 ta-

1791 1838 1913 1877 men
1958 1817 2095 1873 nihil
2143 1813 2489 1867 tenebrarum
2541 1805 2596 1858 in
2649 1818 2708 1857 se
2751 1801 2965 1854 habeat.
3002 1797 3126 1851 Haec
3159 1792 3358 1862 saepius

510 1886 790 2005 κεφαλαίῳ
829 1893 1070 2004 εἴρηταιο
1102 1886 1298 1992 πῶςηὸ
1333 1925 1465 1989 Θεὸς
1480 1886 1685 1979 ὶαύτὸν

1794 1912 1930 1966 dicta
1984 1907 2136 1962 fuere
2187 1905 2242 1958 in
2283 1899 2474 1970 quinto
2525 1893 2740 1963 capite:
2777 1889 3048 1960 quomodo
3081 1886 3224 1940 Deus
3271 1897 3359 1938 se—

1794 2001 1798 2005 ·
2519 1982 2822 2005 tuum“.--
2883 1979 3141 2005 κώλυεν..
3179 1983 3228 2005 Α.
3263 1989 3358 2005 ηιμ

1784 2000 1962 2070 ipsum
1996 2007 2332 2066 cognoscens
2378 2002 2475 2043 seu
2519 1982 2847 2053 intelligens,
2882 1979 3148 2049 intelligat
3178 1983 3233 2031 et
3263 1989 3359 2030 co-

1784 2098 2014 2167 gnoscat
2049 2103 2143 2159 per
2177 2081 2444 2152 exempla.

1855 2185 1979 2239 Non
2006 2184 2184 2251 itaque
2215 2177 2374 2232 Deus.
2406 2172 2668 2227 Divinilas
2703 2168 2848 2224 enim
2880 2167 2936 2220 in
2968 2164 3117 2219 nulla
3149 2167 3234 2218 est
3264 2159 3335 2214 du

1783 2280 2043 2352 plicitate,
2077 2288 2202 2328 cum
2229 2271 2300 2326 sit
2331 2267 2555 2323 omnino
2587 2262 2816 2332 simplex
2853 2266 2908 2315 et
2939 2271 3103 2328 supra
3143 2268 3358 2310 onmem

1780 2369 2208 2440 simplicitatem.

1854 2465 2063 2520 Etenim
2099 2475 2298 2533 quoque
2343 2454 2574 2526 angelos.
2639 2449 2876 2521 Angelos
2928 2457 3092 2500 nosse
3143 2447 3359 2494 terrena

1780 2575 1890 2614 non
1926 2570 2112 2618 sensu,
2148 2568 2257 2606 non
2292 2558 2352 2604 ut
2393 2563 2494 2602 nos
2540 2543 2832 2600 sensilibus
2878 2538 3224 2595 inhaerentes,
3261 2527 3357 2583 sed

1781 2650 2016 2721 conjicio
2049 2661 2146 2718 per
2177 2646 2284 2700 vim
2334 2637 2810 2695 transcendentem
2856 2627 3104 2698 intelligi,
3155 2638 3222 2680 ex
3276 2619 3362 2674 di-

1779 2744 1956 2800 versis
1996 2738 2256 2799 oraculis,
2307 2733 2561 2790 videlicet
2600 2729 2742 2785 sicut
2796 2726 2850 2780 in
2893 2723 3085 2783 Tobia,
3134 2717 3224 2772 ubi
3278 2713 3362 2769 di-

1781 2835 1942 2896 citur,
2006 2829 2225 2885 divinus
2280 2823 2522 2894 Raphael
2570 2819 2794 2888 angelus
2843 2813 2980 2869 dixit
3031 2810 3139 2864 tilio
3181 2805 3362 2861 Tobiae

1782 2934 1841 2979 ut
1871 2922 2140 2992 acciperet
2184 2917 2254 2971 fel
2288 2915 2453 2986 piscis
2485 2927 2594 2982 quo
2626 2907 2859 2963 auferret
2899 2900 3202 2972 albuginem
3236 2912 3363 2952 ocu—

1781 3016 1956 3072 lorum
2005 3029 2072 3068 ex
2119 3018 2360 3066 stercore
2418 3017 2697 3076 passerum
2745 3006 2964 3062 natam;
2998 3005 3158 3048 nemo
3217 2989 3360 3045 enim

1779 3105 2047 3180 putaverit
2093 3116 2218 3158 eum
2269 3094 2610 3168 experientia
2672 3089 2996 3146 medicinam
3063 3082 3356 3148 didicisse;

1781 3202 1915 3274 quin
1947 3199 2110 3255 etiam
2143 3195 2200 3250 in
2256 3191 2411 3248 libris
2448 3187 2723 3249 Judicum,
2774 3181 3000 3252 angelus
3039 3191 3224 3232 coram
3257 3174 3362 3229 Ge-

1785 3293 1958 3349 deone
2007 3289 2186 3358 ignem
2218 3284 2275 3339 in
2309 3278 2640 3337 sacriﬁcium
2674 3291 2739 3330 ex
2773 3278 2928 3342 petra
2969 3266 3216 3336 eiiciens,
3251 3275 3360 3316 non

1789 3383 1994 3442 sciebat
2040 3395 2226 3443 sensu,
2263 3375 2404 3431 sicut
2453 3387 2578 3433 nos,
2632 3370 2810 3438 ignem
2865 3360 3210 3421 comburere,
3267 3354 3362 3410 sed

1789 3472 2097 3533 sublimiori
2144 3469 2306 3524 modo
2353 3465 2458 3522 sibi
2511 3455 2888 3521 convenienti;
2926 3453 2999 3507 ita
3032 3451 3099 3505 de
3131 3446 3361 3503 caeteris.

1792 3567 1848 3623 Si
1880 3581 2010 3622 vero
2052 3561 2248 3632 aliquis
2288 3557 2522 3614 dixerit:
2559 3549 2844 3619 Quomodo
2877 3542 3128 3602 diabolus
3168 3538 3364 3594 sentiet

1790 3660 1967 3728 ignem
2001 3665 2284 3715 aeternum,
2315 3657 2369 3705 et
2407 3646 2584 3717 angeli
2618 3642 2776 3714 ejus?
2808 3639 2864 3694 in
2906 3637 3027 3690 loco
3059 3638 3365 3702 opportuno

1790 3719 2019 3806 dvicetur.
2060 3745 2165 3801 Sed
2198 3743 2362 3800 etiam
2396 3741 2450 3794 in
2485 3735 2708 3791 Daniele
2740 3733 2797 3787 in
2837 3727 3014 3799 capite
3044 3725 3112 3780 de
3143 3719 3365 3774 Balthao

1791 3857 1902 3904 sar,
1937 3838 2029 3909 qui
2071 3835 2282 3898 scribit,
2328 3831 2539 3886 litteras
2572 3826 2722 3881 novit
2753 3836 2890 3894 quas
2935 3833 3043 3877 non
3077 3813 3361 3875 didiCerat.

1790 3934 1926 3988 Nota
1961 3939 2142 3987 autem
2176 3925 2542 3998 cognitionem
2568 3919 2850 3977 sensilium
2886 3932 2994 3971 non
3025 3929 3146 3970 esse
3178 3912 3233 3966 in
3267 3925 3364 3962 an-

1791 4026 1925 4096 gelis
1956 4039 2052 4096 per
2085 4034 2328 4081 sensum,
2360 4030 2538 4084 neque
2568 4011 2712 4067 enim
2744 4008 2950 4065 nostris
2976 4017 3235 4060 sensuum
3267 4015 3363 4053 or-

1793 4117 1949 4189 ganis
1981 4121 2231 4179 utuntur,
2266 4111 2362 4168 sed
2394 4109 2595 4164 virtute
2627 4105 2827 4162 mentis
2856 4111 2910 4158 et
2939 4106 3158 4154 natura.

1864 4402 1894 4475 ᾗ
1928 4399 2016 4456 lll.
2051 4399 2319 4455 Prwterea
2343 4391 2679 4467 querendum
2707 4397 2804 4445 est.
2832 4383 3061 4456 lnquirit
3091 4375 3365 4451 quomodo

1793 4472 1962 4552 Deum
1990 4506 2417 4563 cognoscamus,
2441 4493 2496 4543 et
2531 4491 2678 4540 recte
2709 4481 2862 4542 dicit,
2888 4476 2983 4532 Dei
3017 4472 3234 4545 quidem
3265 4483 3364 4522 na-

2730 4575 2766 4628 li
2818 4583 3053 4640 unquam
3100 4571 3364 4619 creaturae

3283 4668 3362 4706 ΙΙΙ·

1792 4774 1966 4840 tuitu;
2001 4771 2088 4826 his
2120 4770 2267 4824 enim
2301 4767 2624 4833 incorporea
2657 4753 3022 4829 aggredimur,
3067 4745 3162 4803 sed
3197 4745 3362 4799 Deum

1789 4883 1858 4922 ex
1892 4871 2268 4919 creaturarum
2301 4856 2661 4928 dispositione
2693 4845 2982 4920 cognosci;
3018 4855 3141 4896 nam
3177 4838 3245 4902 si,
3280 4851 3358 4890 se-

1789 4955 2030 5013 cundum
2063 4926 2413 5024 Apostolum,
2462 4943 2810 5019 pulchritudo
2844 4926 3238 4994 creaturarum,
3272 4942 3360 4998 ge-

1789 5049 2089 5107 nerationis
2122 5051 2422 5104 auctorem,
2459 5040 2513 5092 id
2560 5044 2644 5093 est
2693 5048 2882 5090 eorum
2937 5043 3056 5099 quae
3103 5019 3361 5093 producta

1791 5149 1921 5202 sunt
1952 5137 2292 5196 conditorem
2334 5129 2608 5188 ostendit:
2653 5125 2850 5182 merito
2901 5135 3034 5177 sane
3075 5107 3360 5183 dispositio

1022 5355 1258 5414 VARUE
1300 5352 1692 5411 LECTlONES
1736 5351 1826 5407 ET
1865 5337 2416 5405 CORRECTIONES.

344 5508 530 5560 εἰωσαι
558 5503 634 5565 ὡς
655 5500 804 5554 αἰτία
837 5497 931 5552 τοῦ
960 5497 1184 5558 σκότους
1215 5495 1333 5547 ἐστὶ
1363 5495 1424 5547 τὸ
1465 5493 1600 5563 φῶς
1634 5489 1693 5565 εξ
1723 5489 2073 5565 ἐλλείψεως-γ

173 5503 216 5534 ιδ

173 5522 530 5576 ’νστμειωσαι
558 5522 634 5565 ως
655 5522 804 5554 αἰτίαν
837 5522 931 5552 του
960 5522 1182 5558 σκοτους
1215 5522 1333 5547 eum
1363 5522 1424 5547 τυ
1465 5522 1594 5563 (pws
1634 5522 1693 5556 ιε
1723 5522 2007 5557 enumquam»,
2051 5522 2147 5554 μιν
2174 5522 2337 5535 υιυννν
2370 5522 2611 5548 των--..-
2693 5522 2718 5524 η
2919 5529 2945 5544 ,
3070 5526 3094 5536 _
3158 5526 3170 5540 ο
3331 5522 3357 5527 ,,

117 5543 388 5643 ξτέρωθεν.
447 5577 494 5608 ⁸⁵
518 5576 599 5628 ὅτι
621 5574 673 5625 οἰ
694 5569 916 5643 ἄγγελοι
944 5569 1089 5643 ἴσασι
1108 5565 1292 5643 τὰῼὲπὶ
1323 5565 1444 5643 γῆς,
1462 5565 1522 5617 ού
1546 5563 1666 5617 κατ’
1686 5560 1956 5640 αἴσθησιν,
1978 5555 2112 5610 ἀλλὰ
2133 5551 2272 5643 κατα
2286 5549 2384 5620 τὴν
2400 5547 2511 5643 ξ,οΞ
2524 5538 2784 5643 θὶοειδρῦἑ
2810 5535 2985 5643 αὐτων
3008 5545 3109 5636 von!
3115 5526 3357 5596 δύναμιν,

1531 5634 1556 5643 _
1671 5634 1682 5643 .
1727 5631 1749 5643 οι
1995 5628 2009 5643 ο
2097 5626 2108 5643 ι
2143 5642 2150 5643 ,
2187 5640 2235 5643 _-
2278 5639 2294 5643 _
2326 5638 2392 5643 --μ
2523 5635 2552 5643 ..
2603 5632 2626 5643 ι
2656 5631 2686 5643 Α.
2716 5626 2746 5643 κ
2781 5619 2920 5643 ﬁt!!!)
2944 5615 3023 5643 ηις
3049 5611 3357 5643 κ..νοτ1νται’

119 5596 388 5643 ετερωυεν.
447 5596 494 5608 ’³
518 5596 599 5628 οτι
621 5596 673 5625 οι
694 5596 913 5641 αγγειιυι
945 5596 1089 5620 ιυαυι
1109 5596 1178 5618 ’θυι
1201 5596 1292 5618 ιλιι
1335 5596 1444 5635 τηε,
1463 5596 1522 5617 υυ
1548 5596 1645 5617 ν-ιιι
1686 5596 1956 5640 υιδυνιιυυυν
1979 5596 2112 5610 *ω’*
2135 5596 2272 5608 ’π’-*⁷
2298 5596 2376 5620 "t'
2422 5596 2465 5600 "
2482 5596 2496 5598 “
2535 5596 2542 5598 ‘
2768 5596 2777 5598 '

119 5641 200 5692 ὅτι
224 5644 280 5696 οὐ
314 5647 428 5699 κατ’
460 5645 716 5708 αἴσθησιν
748 5643 861 5703 τοῖς
893 5638 1145 5708 ἀγγέλοις
1178 5637 1210 5708 ἡ
1249 5635 1449 5704 γνῶσις
1475 5634 1598 5708 ,τῶν
1631 5631 1929 5700 αἰσθητων·
1956 5628 2018 5680 οὗ
2051 5626 2160 5697 γὰρ
2183 5625 2294 5685 τοῖς
2325 5619 2446 5673 καθ’
2481 5596 3358 5708 WE“.ti‘iiﬁi‘iﬁ’ﬁfﬁlﬂ‘ﬁi‘i‘ﬁ

612 5685 636 5724 L'

118 5710 259 5788 ᾁλλα
280 5715 498 5788 δυνάμει
547 5704 639 5788 νοῦ
674 5712 768 5766 καὶ
801 5704 989 5781 φύσείξ
1013 5705 1296 5788 .Quoniqm
1329 5705 1504 5786 angeli
1553 5713 1685 5786 terre

1794 5706 2104 5788 cognoscunt
2129 5705 2418 5788 nonus-enat!
2441 5728 2457 5752 ,
2487 5704 2541 5741 88

121 5765 528 5849 [ασκιιοιεςῗηοη
555 5786 694 5838 enim
725 5796 789 5835 ea:
814 5765 1120 5834 'sensatiowne
1154 5777 1337 5849 aliqua
1379 5765 1550 5828 avritur
1581 5765 1865 5849 inpugelii
1908 5783 2080 5821 rerum
2111 5765 2249 5849 sensi

122 5866 213 5923 {tot
265 5843 503 5910 sensuum
555 5853 772 5923 organis
810 5860 1056 5912 utuntur,
1123 5846 1211 5900 sed
1245 5843 1453 5901 ’rirmle
1504 5843 1686 5900 mentis
1765 5851 1811 5895 et
1864 5847 2075 5894 natura.

121 5920 235 5956 "'”
260 5943 354 5991 της
387 5920 669 5993 γενέσεως.

2542 5667 2578 5738 ά
2607 5667 3139 5750 ἶίεἱῙοτιὶιὶξίρδοτιιηι
3173 5667 3363 5721 mentis

2253 5737 2630 5827 lin'mwcog'nitio
2649 5768 2667 5805 :
2691 5737 3135 5827 ynandqquidem'
3163 5753 3268 5820 non
3304 5744 3363 5787 ιιι

2687 5807 2999 5890 δηλοῦσθαι.
3091 5807 3135 5839 ⁵⁷
3155 5807 3362 5879 τρόπῳ.
