3872 6534
543 378 638 434 551

1309 383 1642 445 APPENDIX
1675 387 2021 450 AD-OP-ERA
2051 388 2109 447 S.
2147 390 2442 450 DIO'SYSII
2475 392 2948 452 AREOPAGlT/E.

3673 399 3766 458 332

543 511 726 550 rerum
773 504 856 552 est
899 500 1139 570 cognitio
1176 502 1327 572 191
1363 504 1485 574 ejus
1517 507 1610 576 qui
1649 490 1772 562 illas
1804 508 2106 579 disposuit;

2214 511 2409 581 γνῶσίς
2439 513 2553 566 ἐστι
2578 513 2672 568 τοῦ
2703 514 3076 582 διατάξαντος’
3106 517 3175 570 τὰ
3207 517 3316 589 γὰρ
3345 518 3494 585 ὄντα,
3542 525 3768 577 τουτέστι

543 603 628 643 res
660 588 826 654 enim,
855 588 908 643 id
923 598 1006 645 est
1029 590 1231 658 ἴοι-ωειλ,
1261 605 1315 649 et
1347 596 1575 667 singulae
1601 609 1886 665 creatura},
1923 617 2113 672 nempe

540 680 758 734 ordines
791 682 1018 751 angelici
1051 691 1106 738 et
1139 687 1420 741 sensibilia
1451 689 1655 756 omnia,
1689 691 1952 764 imagines
1985 701 2112 754 sunt

539 785 603 824 ac
636 770 1020 830 similitudines
1052 775 1364 832 divinarum
1408 779 1675 845 idearum,
1711 797 1806 839 seu
1839 785 2114 855 exempla-

537 862 617 914 ria
648 877 834 915 eorum
870 879 988 932 qua:
1020 866 1075 919 in
1109 866 1238 932 Deo,
1263 885 1384 938 quae
1413 873 1739 942 exemplaria
1781 881 1908 932 sunt
1951 877 2111 940 intel-

536 953 795 1009 lectiones
826 963 1041 1011 aeterna:
1073 957 1190 1023 Dei,
1230 976 1324 1029 per
1373 978 1511 1030 quas
1544 971 1596 1017 et
1637 966 1933 1021 secundum
1978 983 2112 1036 quas

534 1047 717 1100 munia
752 1057 910 1103 erant
960 1050 1017 1104 in
1071 1051 1216 1122 ipso;
1253 1070 1362 1108 non
1409 1055 1514 1109 alia
1561 1063 1740 1113 autem
1775 1058 1843 1114 ab
1885 1059 2026 1129 ipso,
2059 1068 2113 1116 et

535 1139 802 1208 producta
836 1141 1077 1209 fuerunt,
1109 1145 1251 1199 sicut
1284 1146 1660 1203 divinissimus
1680 1147 1917 1206 Joannes
1950 1151 2024 1206 ait
2058 1152 2112 1206 in

534 1233 859 1303 Apocalypsi
911 1235 1198 1303 quemdam
1266 1238 1736 1295 nobilissimorum
1796 1243 2110 1313 angelorum

533 1324 634 1378 sibi
684 1324 908 1389 dixisse,
945 1327 1091 1396 quod
1131 1329 1312 1382 omnia
1362 1338 1516 1384 erant
1559 1340 1613 1386 et
1667 1333 1906 1400 fuerunt,
1963 1336 2112 1392 ideas

533 1415 871 1486 intelligens,
906 1420 1036 1488 quia
1067 1430 1225 1475 erant
1257 1429 1311 1476 et
1343 1423 1604 1494 imagines
1637 1435 1692 1481 et
1723 1427 1966 1482 idearum
2000 1430 2114 1485 sive

449 1512 452 1518 '
531 1509 922 1577 exemplarium
957 1513 1372 1579 similitudines,
1410 1533 1530 1586 quae
1562 1519 1745 1574 omnia
1789 1519 1928 1577 facta
1963 1530 2108 1578 sunt.

516 1596 666 1652 'Nam
701 1617 823 1670 quas
873 1603 1182 1674 intelligunt
1228 1621 1417 1662 eorum
1468 1625 1588 1678 qua:
1630 1610 2025 1683 intelliguntur,
2060 1622 2114 1668 et

533 1689 794 1747 inferiora
828 1702 956 1748 sunt
991 1698 1334 1767 superiorum
1379 1701 1664 1772 imagines.
1709 1702 1918 1763 Horum;
1949 1706 2112 1778 igitur

533 1783 778 1838 omnium
801 1785 1074 1843 ablatione
1094 1788 1258 1860 (Deus
1275 1792 1420 1846 enim
1453 1809 1484 1846 a
1512 1784 1680 1850 rebus
1702 1806 1984 1866 exemptus
2005 1809 2107 1864 est,

2212 604 2282 657 τὰ
2313 605 2449 676 εἴδη,
2481 606 2574 660 καὶ
2619 607 2675 662 αἱ
2706 608 2827 661 καθ’
2866 609 3094 664 ἕκαστον
3130 609 3355 674 κτίσεις,
3387 609 3497 665 οἷον
3530 613 3586 667 αἰ
3619 614 3766 683 ἀγγε-

2212 695 2360 752 limi
2396 698 2594 764 τάξεις,
2645 700 2740 753 καὶ
2780 700 2848 753 τὰ
2892 701 3123 774 αἰσθητά
3171 702 3376 767 πάντα,
3429 704 3631 768 εἰκόνες
3676 707 3769 759 είσὶ

2213 792 2306 850 καὶ
2333 791 2648 863 ὁμοιώματα
2682 793 2791 847 τῶν
2825 793 2980 847 θείων
3025 795 3196 857 ἰδεῶν,
3222 796 3337 868 ἢτοι
3373 796 3767 868 παραδείγματα

2211 883 2316 936 τῶν
2343 885 2398 936 ὲν
2419 884 2497 954 τῷ
2521 884 2658 956 Θεῷ,
2683 885 2838 940 ἅτινα
2868 887 3300 958 παραδείγματα,
3326 889 3382 941 αἰ
3401 889 3558 942 ἀΐδιοι
3578 891 3770 960 νοήσεις

2213 977 2318 1028 εἰσὶ
2349 974 2442 1029 τοῦ
2470 977 2624 1043 Θεοῦ,
2652 979 2717 1031 δι’
2747 978 2813 1043 ἀς
2854 980 2945 1033 καὶ
2987 980 3105 1033 καθ’
3154 980 3220 1044 ἀς
3258 981 3468 1036 ἅπαντα
3508 977 3578 1053 ἦν
3604 985 3657 1035 ἐν
3682 984 3768 1036 αὖ-

2211 1068 2308 1139 τῷ,
2331 1070 2429 1140 οὐχ
2453 1069 2616 1140 ἕτερα
2643 1069 2772 1125 ὄντα
2809 1069 2996 1136 αὑτοῦ,
3029 1072 3123 1125 καὶ
3168 1073 3513 1144 παραχθέντα
3545 1075 3769 1142 γέγονεν,

2213 1161 2287 1224 ώς
2318 1163 2411 1216 καὶ
2442 1164 2498 1216 ὲν
2526 1165 2592 1234 τῇ
2631 1163 2990 1234 Ἀποκαλύψει
3016 1167 3044 1218 ὁ
3072 1165 3342 1232 θειότατος
3383 1167 3630 1238 Ἰωάννης
3655 1170 3773 1237 φησὶ

2211 1272 2332 1308 τινα
2365 1254 2472 1307 τῶν
2498 1254 2881 1326 πρεσϐυτάτων
2914 1256 3156 1325 ἀγγέλων
3181 1257 3353 1309 εἰπεῖν
3389 1257 3558 1328 αὐτῷ,
3609 1258 3685 1310 ὅτι
3713 1258 3772 1310 τά

2215 1349 2389 1402 πάντα
2408 1343 2548 1418 ἦσαν
2575 1349 2668 1402 καὶ
2686 1349 2962 1417 γεγόνασι,
2991 1348 3089 1412 τὰς
3122 1349 3264 1413 ἰδέας
3291 1348 3486 1417 λέγων,
3514 1351 3596 1403 ὃτι
3615 1345 3770 1420 ἦσαν’

2213 1442 2307 1493 καὶ
2347 1439 2444 1502 τὰς
2484 1441 2696 1504 εἰκόνας
2727 1442 2822 1494 καὶ
2874 1441 2942 1495 τά
2985 1441 3298 1514 ὁμοιώματα
3325 1443 3435 1497 τῶν
3476 1443 3628 1496 ἰδεῶν
3668 1443 3775 1513 ἢτοι

2214 1532 2684 1604 παραδειγμάτων,
2701 1534 2769 1586 τὰ
2790 1534 3049 1603 γεγονότα
3077 1534 3274 1588 πάντα.
3304 1533 3425 1588 Τῶν
3454 1533 3564 1606 γὰρ
3585 1535 3776 1606 νοητῶν

2211 1623 2280 1676 τὰ
2319 1623 2482 1696 νοερά
2529 1625 2755 1691 εἰκόνες,
2799 1626 2894 1682 καὶ
2925 1627 3034 1679 τῶν
3070 1626 3526 1699 ὑπερϐεϐηκότων
3557 1628 3626 1682 τὰ
3659 1629 3776 1682 ὐπο-

2213 1717 2501 1788 6ε6ηκότα.
2529 1717 2686 1774 Κατά
2715 1719 3004 1790 ἀφαίρεσιν
3030 1715 3124 1773 οὖν
3151 1720 3356 1778 τούτων
3389 1721 3606 1775 πάντων
3630 1722 3776 1791 (ἀφῄ-

2214 1826 2373 1879 ρηται
2431 1809 2540 1880 γάρ
2585 1810 2692 1863 τῶν
2736 1811 2903 1864 ὄντων
2951 1814 2979 1865 6
3035 1807 3197 1876 Θεὸς,
3251 1813 3400 1867 οὐδὲν
3439 1811 3516 1866 ὢν
3551 1813 3658 1866 τῶν
3694 1814 3774 1864 ὑπ’

531 1887 660 1928 cum
714 1877 846 1931 nihil
895 1878 967 1932 sit
1018 1896 1205 1936 eorum
1249 1900 1369 1954 quas
1421 1887 1663 1951 creavit,
1715 1889 1808 1944 sed
1859 1892 2107 1946 omnibus

532 1963 707 1986 2—-NAI
733 1969 805 1986 8".
824 1984 833 1986 -
1043 1973 1073 1986 ιι
1198 1973 1208 1986 ι
1500 1978 1533 1986 ..
1636 1980 1647 1986 -
2009 1985 2015 1986 ,

2214 1877 2374 1959 αῦτοῦ
2415 1877 2760 1966 κτισθέντων,
2808 1902 2920 1955 ἀλλ’
2969 1903 3188 1986 ἀφάτως
3230 1903 3512 1975 ὑπερέχων
3553 1904 3775 1974 πάντων)

532 1963 874 2024 ineli'abiliter
905 1973 1215 2046 excellens)
1253 1991 1348 2045 per
1366 1978 1739 2034 excellentiam
1766 1985 2114 2053 cognoscitur

534 2055 698 2114 Deus.

602 2151 688 2204 Ex
735 2155 900 2223 ipsius
946 2167 1159 2214 natura.
1214 2158 1348 2216 Nota
1393 2165 1757 2220 necessariam
1795 2165 2110 2223 facilitatem

532 2243 600 2298 ad
637 2247 860 2314 pietatis
888 2249 1284 2311 defensionem.

601 2336 671 2391 Et
710 2341 960 2410 imagines
988 2344 1264 2413 quasdam.
1293 2345 1407 2402 Hoc
1443 2348 1562 2403 loco
1595 2367 1691 2420 per
1715 2352 1898 2407 divina
1928 2370 2112 2410 exem-

527 2431 698 2500 plaria
743 2435 1108 2505 intelligenda:
1154 2447 1281 2493 sunt
1330 2443 1928 2511 prmdeterminationes
1979 2465 2109 2518 qua-

527 2537 649 2575 rum
701 2539 790 2581 res
836 2537 1032 2582 creatm
1099 2531 1358 2602 imagines
1431 2546 1577 2592 sunt.
1637 2538 1930 2608 Apostolus
1974 2556 2112 2610 pra:—

529 2609 805 2669 ﬁnitiones
837 2618 1071 2682 vocavit,
1116 2628 1174 2673 ut
1228 2621 1285 2675 in
1336 2623 1578 2693 Epistola
1628 2628 1695 2682 ad
1746 2609 2008 2697 Ephesios
2059 2641 2107 2697 Υ,

527 2703 718 2760 dicens
756 2706 1089 2762 :Secundum
1118 2715 1527 2782 prmﬁnhionem
1570 2719 1904 2775 sa’culorum.
1942 2720 2112 2777 Porro

528 2794 586 2849 in
646 2798 952 2871 omnibust
990 2802 1198 2859 scilicet
1250 2807 1554 2871 creaturis,
1605 2813 1974 2880 cognoscitur,
2003 2813 2111 2870 sic-

529 2893 590 2937 ut
684 2889 875 2947 artifex
924 2892 980 2948 in
1036 2894 1106 2952 iis
1155 2913 1276 2967 quae
1336 2907 1458 2958 arte
1505 2903 1824 2960 elaboravit.
1873 2904 2110 2964 Prorsus

525 2995 655 3034 vero
687 2992 952 3052 quantum
979 2987 1045 3041 ad
1074 2991 1370 3047 essentiam
1395 3003 1682 3064 separatus
1713 3006 1798 3053 est
1831 2999 1900 3054 ab
1931 3002 2112 3055 omni-

525 3073 649 3138 bus,
682 3083 738 3129 et
779 3076 983 3133 idcirco
1015 3095 1142 3134 cum
1175 3082 1246 3137 sit
1278 3085 1538 3153 operibus
1574 3088 1813 3158 ignotus,
1850 3091 2108 3161 ignoran-

524 3165 602 3217 tia
650 3170 1022 3237 cognoscitur,
1059 3173 1200 3229 sicut
1248 3178 1412 3230 etiam
1460 3187 1838 3236 creaturarum
1895 3185 2110 3242 intelle-

2213 1993 2554 2065 ὑπεροχικῶς
2580 1992 2904 2063 γινώσκεται
2929 1997 2959 2048 6
2985 1995 3137 2059 Θεός.

2293 2179 2392 2232 Ἐκ
2440 2177 2549 2246 τῆς
2587 2178 2772 2232 αὑτοῦ
2819 2180 3076 2247 φύσεως.
3142 2149 3455 2252 Σημείωσαι
3500 2179 3779 2249 ἀναγκαῖον
3827 2198 3830 2200 ⁷

2177 2257 2184 2274 ’
2210 2270 2496 2342 πρόχειρον
2526 2271 2607 2334 εἰς
2630 2270 2908 2334 εὐσεϐείας
2935 2253 3250 2340 ἀπολογίαν.

2280 2363 2362 2435 [α]
2390 2364 2496 2417 Καὶ
2521 2364 2754 2429 εἰκόνας
2771 2363 2955 2429 τινάς.
2973 2363 3236 2417 Ἐνταῦθα
3249 2363 3366 2418 θεῖα
3379 2364 3780 2435 παραδείγματα

2208 2456 2333 2517 τοὺς
2389 2456 2753 2527 προορισμοὺς
2797 2454 3126 2526 ὲκληπτέον,
3178 2449 3252 2509 ὧν
3312 2456 3519 2519 εἰκόνες
3570 2457 3639 2510 τὰ
3689 2457 3781 2525 τῆς

2209 2547 2438 2611 κτίσεως
2467 2546 2898 2618 ἀποτελέσματα.
2932 2550 3069 2613 Τοὺς
3105 2549 3161 2603 δὲ
3203 2551 3569 2620 προορισμοὺς
3597 2550 3782 2619 προθέ-

2212 2655 2324 2702 σεις
2346 2640 2600 2696 ἐκάλεσεν
2628 2644 2657 2695 6
2698 2641 3033 2706 Ἁπόστολος,
3055 2642 3131 2706 ώς
3165 2643 3223 2694 ὲν
3253 2644 3324 2712 τῇΔ
3352 2641 3489 2714 πρὸς
3518 2641 3782 2710 Ἐφεσίους

2209 2730 2400 2798 εἰπὼν,
2417 2732 2577 2786 Κατὰ
2604 2733 2887 2800 πρόθεσιν
2913 2731 3029 2785 τῶν
3046 2731 3290 2786 αἰώνων.
3327 2733 3412 2787 Ἐν
3429 2736 3563 2786 πᾶσι
3590 2732 3650 2785 δὲ
3679 2737 3784 2798 τοῖς

2209 2823 2468 2893 κτίσμασι
2511 2823 2710 2894 δηλαδὴ
2741 2822 2791 2893 [6
2807 2823 2958 2895 Θεὸς]
2986 2822 3341 2892 γινώσκεται,
3379 2824 3453 2888 ὡς
3481 2825 3511 2877 6
3539 2823 3782 2894 τεχνίτης

2209 2915 2266 2968 ἐν
2285 2916 2398 2977 τοῖς
2413 2917 2712 2986 τεχνητοίς.
2738 2913 2918 2985 Πάντη
2949 2914 3004 2966 δὲ
3029 2912 3357 2986 κεχώρισται
3378 2915 3440 2968 τὸ
3465 2914 3585 2967 κατ’
3609 2913 3784 2966 οὐσίαν

2207 3003 2314 3061 τῶν
2337 3005 2551 3058 πάντων
2573 3021 2586 3035 ο
2619 3004 2910 3067 κάντεῦθεν
2939 3004 3214 3072 ἄγνωστος
3245 3003 3318 3058 ὢν
3351 3008 3463 3068 τοῖς
3492 3007 3781 3074 τεχνητοῐς,

2209 3097 2270 3150 ὲκ
2293 3096 2391 3167 τῆς
2409 3096 2704 3169 [τοιαύτης]
2723 3097 2994 3165 ἀγνωσίας
3009 3096 3352 3166 γινώσκεται.
3391 3097 3578 3166 ῶσπερ
3593 3091 3685 3148 οὖν
3701 3097 3784 3147 καὶ

2207 3187 2294 3240 διὰ
2327 3187 2428 3258 τῆς
2459 3187 2568 3241 τῶν
2605 3187 2918 3258 κτισμάτων
2947 3187 3378 3258 ὲπιστημονικῆς
3413 3186 3784 3258 κατανοήσεώς

526 3254 709 3311 ctione
739 3265 794 3312 et
827 3262 1144 3330 cognitione
1169 3282 1289 3335 qua:
1320 3269 1610 3324 scientiam
1639 3274 1798 3343 parit.
1837 3275 1961 3332 Haec
1997 3278 2102 3332 ita-

2214 3297 2263 3332 τε
2296 3281 2390 3333 καὶ
2426 3279 2698 3349 γνώσεως.
2732 3281 2916 3334 Ταῦτα
2952 3276 3045 3333 οῦν
3081 3277 3546 3350 ὲπαναλαμϐἀνων
3589 3277 3783 3347 συνῆψε

525 3361 632 3415 que
664 3363 952 3406 resumens
994 3356 1280 3422 conjunxit
1331 3377 1453 3430 quae
1496 3375 1803 3434 sequuntur
1834 3369 1902 3423 ad
1937 3371 2102 3428 idem.

525 3436 798 3504 Quoniam
831 3444 886 3498 in
919 3444 1029 3501 Deo
1063 3448 1195 3505 idem
1237 3453 1555 3510 animalium
1597 3464 1652 3513 et
1695 3463 1938 3516 omnium
1987 3481 2108 3534 quae

525 3530 579 3583 in
614 3539 808 3588 natura
847 3538 1073 3593 omnino
1122 3551 1268 3606 sunt,
1321 3560 1431 3599 non
1486 3548 1615 3604 item
1652 3552 1819 3606 veluti
1867 3554 2109 3626 singulo-

499 3637 645 3676 rum
683 3627 895 3695 species
949 3639 1003 3683 et
1049 3633 1342 3691 simulacra
1389 3653 1578 3694 eorum
1626 3659 1750 3713 quae
1799 3645 1910 3700 illic
1945 3658 2105 3716 sunt;

523 3807 844 3875 simulacra;
896 3813 1169 3884 siquidem
1209 3825 1262 3874 et
1297 3820 1414 3891 ipsa
1463 3825 1644 3880 anima
1690 3837 1879 3884 nostra
1928 3831 2108 3906 imago

520 3905 606 3954 est
638 3914 702 3955 ac
733 3902 1088 3962 simulacrum
1123 3909 1278 3967 ideae.

590 3991 662 4046 Et
705 4011 796 4063 per
852 4002 1200 4070 cognitionem
1250 4005 1416 4065 Deus.
1473 4010 1758 4077 Quomodo
1813 4015 1958 4073 Deus
2011 4034 2108 4088 per

521 4088 797 4143 contraria
829 4103 1212 4164 cognoscatur,
1263 4107 1318 4154 et
1370 4118 1468 4172 per
1520 4105 1908 4166 alﬂrmationes
1942 4119 2106 4182 atque

521 4178 858 4245 negationes,
896 4189 1269 4252 percurrendo
1301 4189 1563 4250 declarat.
1611 4196 1727 4252 Etsi
1759 4200 1905 4254 enim
1940 4178 2104 4256 etiam

522 4270 775 4337 superius
810 4272 865 4328 in
902 4279 1080 4346 capite
1132 4283 1309 4352 primo
1341 4285 1563 4353 dixerit,
1598 4290 1734 4344 nihil
1783 4307 1907 4348 esse
1957 4297 2104 4364 quod

521 4355 617 4412 Dei
669 4365 963 4424 essentiam
1015 4383 1410 4441 repraesentare
1453 4388 1637 4448 queat,
1673 4397 1864 4452 neque.
1895 4355 2106 4448 intelle-

521 4448 779 4516 ctionent,
816 4471 994 4527 neque
1027 4467 1254 4527 tactum,
1291 4483 1466 4538 neque
1514 4469 1976 4543 imaginationem,
2009 4492 2106 4532 ne-

2207 3372 2275 3425 τά
2295 3373 2535 3443 ἑπόμενα
2565 3375 2644 3436 εἰς
2689 3372 2751 3425 τὸ
2795 3373 2946 3426 αὑτό.
3007 3371 3103 3443 [β’]
3149 3370 3365 3442 Ἐπειδὴ
3408 3370 3504 3424 καὶ
3550 3371 3606 3422 αἰ
3660 3369 3784 3422 ἰδέαι

2206 3465 2315 3518 τῶν
2343 3463 2496 3528 ζώων
2545 3465 2602 3518 ὲν
2641 3464 2719 3535 τῷ
2742 3464 2859 3534 Θεῷ
2894 3465 2988 3518 καὶ
3034 3464 3248 3518 πάντων
3300 3463 3408 3517 τῶν
3453 3461 3595 3515 κατά
3634 3461 3784 3531 φύσιν

2207 3559 2312 3612 εἰσὶ
2347 3557 2593 3621 καθόλου,
2644 3557 2756 3611 ἀλλ’
2803 3559 2899 3627 οὐχ
2939 3557 3014 3621 ὼς
3043 3557 3150 3610 τῶν
3201 3556 3320 3610 καθ’
3353 3555 3562 3608 ἕκαστα
3601 3553 3784 3606 εἰδωλα

2207 3651 2300 3704 καὶ
2318 3648 2633 3720 ὁμοιώματα
2653 3652 2759 3702 εἰσι
2788 3649 2894 3701 τῶν
2922 3650 3037 3702 ἐκεῖ
3077 3647 3146 3701 τὰ
3174 3647 3438 3701 ἐνταῦθα’
3478 3646 3661 3699 πάντα
3686 3644 3784 3714 γὰρ

2090 3781 2104 3805 ,
2205 3740 2272 3796 τὰ
2303 3735 2407 3796 ὦδε
2435 3740 2632 3803 εἴδωλα,
2655 3739 2762 3793 τῶν
2791 3741 2932 3793 ἐκεῖ·
2969 3741 3002 3810 η
3031 3739 3139 3812 γάρ
3167 3739 3314 3811 ψυχὴ
3343 3737 3437 3792 καὶ
3467 3736 3609 3809 αὓτη
3633 3734 3784 3789 εἰκὼν

2207 3835 2302 3890 καὶ
2334 3834 2586 3905 ὁμοίωμα
2622 3834 2720 3905 τῆς
2751 3833 2910 3896 ἰδέας.

2279 4015 2368 4088 [γ]
2403 4015 2512 4069 Καὶ
2526 4015 2622 4070 διὰ
2640 4013 2956 4086 γνώσεωςό
2969 4013 3130 4080 Θεός.
3147 4013 3272 4077 Πῶς
3299 4011 3386 4065 διὰ
3409 4011 3519 4065 τῶν
3538 4011 3784 4068 ἐναντίων

2205 4108 2530 4180 γινώσκεται
2573 4109 2602 4161 ὁ
2645 4107 2807 4173 Θεὸς,
2847 4108 2941 4161 καὶ
2995 4106 3082 4160 διὰ
3114 4105 3222 4158 τῶν
3265 4105 3502 4170 θέσεων,
3551 4105 3647 4158 καὶ
3686 4103 3786 4156 τῶν

2205 4203 2566 4274 ἀφαιρέσεων,
2595 4201 2742 4272 δηλοί
2772 4199 2999 4266 ἐπεξιὼν
3027 4199 3166 4253 αὐτὰ
3184 4217 3197 4230 ο
3229 4199 3279 4252 εἰ
3307 4197 3418 4270 γὰρ
3457 4198 3556 4251 καὶ
3591 4198 3704 4250 ἄνω
3734 4195 3784 4245 ὲν

2204 4295 2282 4366 τῷ
2320 4294 2519 4367 πρώτῳ
2561 4293 2840 4364 κεφαλαίῳ
2876 4291 3017 4357 εἷπε,
3058 4293 3222 4364 μηδὲν
3263 4286 3402 4343 εἶναι
3449 4288 3556 4358 τῆς
3608 4286 3783 4346 οὐσίας

2202 4387 2296 4442 τοῦ
2329 4386 2463 4440 Θεοῦ
2493 4385 2918 4458 παραστατικὸν,
2953 4384 3027 4456 μὴ
3058 4385 3240 4456 νόησιν
3273 4423 3288 4445 ,
3322 4382 3396 4453 μὴ
3440 4381 3689 4453 ἐπαφὴν,
3720 4380 3784 4449 μὴ

2206 4479 2526 4549 φαντασίαν,
2553 4479 2627 4551 μὴ
2645 4479 2821 4546 δόξαν,
2858 4478 2980 4550 μηδ’
3005 4478 3106 4530 ὅσα
3131 4475 3233 4547 ἔφη
3267 4476 3382 4528 ἐκεῖ
3413 4473 3507 4527 καὶ
3535 4472 3782 4534 ἐνταῦθα,

521 4554 629 4642 que
659 4545 1002 4618 opinionem,
1037 4569 1140 4610 nec
1171 4556 1408 4630 denique
1448 4565 1632 4620 omnia
1675 4583 1799 4637 quae
1827 4568 1908 4624 ibi
1933 4579 1986 4625 et
2012 4569 2102 4624 hic

2214 4545 2362 4628 ἀτινα
2393 4574 2486 4626 καὶ
2513 4545 2948 4642 -ηρμηνεύσαμεν
2981 4572 3038 4622 ὲν
3079 4545 3339 4630 ἐκείνοιςο
3375 4566 3470 4620 νῦν
3503 4565 3656 4635 λέγει
3704 4563 3784 4614 καὶ

519 4629 737 4739 dixerit,
772 4651 894 4704 qua:
939 4641 1100 4697 etiam
1156 4645 1275 4704 illic
1319 4629 1743 4724 explicavimus;
1784 4674 1931 4715 nunc
1971 4661 2102 4714 dicit

2214 4668 2292 4722 5ιά
2321 4668 2429 4723 τῶν
2603 4629 3068 4739 ἀπηγορευμένων
3098 4659 3458 4731 γινώσκεσθαι
3491 4660 3589 4712 τὸν
3626 4656 3782 4710 Θεόν⁶

520 4719 690 4821 Deum
733 4727 895 4821 etiam
931 4747 1029 4801 per
1061 4735 1152 4789 illa
1185 4753 1307 4807 qua:
1355 4719 1430 4796 iiii
1474 4753 1668 4816 negata
1714 4719 1865 4812 sunt,
1899 4765 2101 4821 cogno-

518 4810 622 4875 sci,
657 4828 765 4869 non
799 4819 1018 4886 quidem
1049 4828 1174 4897 eius
1204 4835 1516 4901 essentiam,
1538 4845 1592 4892 et
1624 4853 1655 4893 e
1677 4842 1954 4898 contrario
1973 4859 2098 4899 eum

519 4901 656 5003 nihil
707 4905 925 4968 illorum
980 4916 1189 4977 habere.
1236 4924 1396 4995 192
1447 4936 1504 4982 ut
1552 4932 2098 5000 comprehendatur:

518 5001 702 5065 itaque
735 5006 794 5056 ut
825 5007 1069 5070 omnium
1119 5023 1333 5081 auctor,
1368 5035 1435 5074 ex
1466 5020 1536 5076 iis
1565 5039 1686 5093 quae
1727 5026 1982 5096 produxit
2006 5043 2099 5084 co-

519 5190 699 5282 manet
731 5185 800 5241 ab
833 5191 1088 5250 omnibus
1120 5198 1366 5271 ignotus;
1401 5185 1898 5276 quomodo—autem
1942 5185 2098 5283 ignoe

521 5270 732 5376 ratione
763 5292 1148 5353 cognoscatur,
1177 5291 1267 5347 hic
1296 5270 1527 5374 dicit,et
1561 5303 1816 5373 superius
1840 5304 1896 5359 in
1921 5270 2100 5376 capite

517 5365 760 5423 secundo
790 5371 996 5430 dictum
1030 5386 1136 5436 est.

593 5451 661 5506 Et
706 5474 884 5557 neque
905 5464 1237 5542 intelligitur.
1273 5475 1406 5534 Nam
1461 5496 1558 5550 per
1607 5494 1788 5539 creata
1841 5487 2098 5557 intelligi-

518 5555 662 5612 mus,
695 5551 980 5613 scientiam
1033 5563 1384 5642 attingimus;
1431 5572 1695 5633 habemus
1737 5576 1905 5632 Deum
1953 5593 2092 5634 esse.

594 5760 620 5800 ῖ
655 5751 791 5822 Cap.
828 5771 909 5826 ιιι.
947 5780 996 5818 ν.
1038 5768 1123 5825 ll.

2199 4763 2259 4815 οὒ
2311 4762 2416 4834 μὴν
2463 4762 2563 4834 τὴν
2605 4761 2792 4816 οὐσίαν
2834 4756 3030 4813 αὐτοῦ’
3066 4756 3161 4810 καὶ
3211 4754 3375 4852 πάλιν
3419 4753 3590 4852 μηδὲν
3633 4748 3784 4852 αὑτὸν

2199 4854 2343 4926 ἔχειν
2368 4854 2674 4917 τούτωντείς
2708 4850 3030 4934 κατᾴληψιν.
3059 4849 3146 4916 Ὠς
3172 4848 3270 4944 μέν
3297 4843 3391 4944 οῦν
3415 4843 3782 4944 αἴτιος-ἁπαν·

2198 4965 2327 5012 των,
2359 4947 2682 5017 γινώσκεται
2714 4948 2777 4999 ὲκ
2821 4943 2931 4998 τῶν
2975 4941 3035 5007 ἐξ
3076 4939 3240 4996 αὐτοῦ
3260 4957 3273 4970 ο
3307 4939 3383 5002 ὡς
3411 4938 3468 4992 δὲ
3505 4936 3679 5010 μηδὲν
3715 4936 3782 5034 ῶν

2199 5035 2308 5091 τῶν
2324 5029 2385 5099 ἐξ
2429 5033 2616 5098 αὑτοῦ,
2651 5033 2800 5106 μένει
2842 5030 3204 5101 ἀγνοούμένος
3249 5027 3354 5081 ὑπὸ
3379 5028 3600 5083 πάντων
3624 5043 3640 5056 ·
3676 5027 3780 5082 πῶς

2081 5161 2097 5187 ι
2200 5128 2258 5185 δὲ
2305 5128 2399 5182 καὶ
2445 5126 2534 5180 διὰ
2574 5127 2674 5197 τῆς
2724 5124 2995 5194 ἀγνωσίας
3040 5120 3388 5194 γινώσκεται,
3421 5120 3519 5176 κα)⁷
3556 5114 3780 5173 ἐνταῦθά

2203 5238 2356 5293 φησι,
2383 5219 2752 5292 καὶάνωτέρω
2783 5217 2995 5289 εἴρηται
3024 5217 3082 5270 ὲν
3115 5213 3395 5285 κεφαλαίῳ
3422 5211 3686 5283 δευτέρῳ.

2272 5482 2380 5536 Καὶ
2429 5480 2565 5532 οὔτε
2596 5478 2836 5532 νοεῖται.
2883 5475 2988 5530 Διά
3015 5475 3124 5546 γὰρ
3168 5473 3276 5527 τῶν
3316 5462 3776 5567 δεδημξουργηεέέ·

2201 5593 2304 5628 νων
2336 5571 2582 5644 νοοῦμεν,
2607 5569 2959 5642 ἐφαπτόμεθα
2989 5569 3088 5640 τῆς
3119 5567 3448 5638 ἐπιστήμης,
3481 5562 3673 5632 ἔχομεν
3702 5562 3778 5606 ὅτε
