3872 6608
137 440 248 494 3ΐὸ

858 445 913 502 S.
957 446 1196 501 MAXIMI
1235 445 1524 505 SCHOLIA
1565 449 1629 505 IN
1667 452 1793 508 LIB.
1835 454 1922 508 DE
1969 422 2220 512 DlViNIS
2259 459 2648 520 NOMINIBUS.

3295 471 3395 524 5M

137 551 271 616 Θεὸς
298 550 439 605 ἐστι.
472 552 567 616 Τίς
594 553 721 626 δὲ,ἢ
746 557 1005 623 ποταπὸς,
1031 558 1064 629 ἢ
1097 560 1320 631 πηλίκος
1341 562 1503 627 αὐτὸς
1522 567 1550 617 6
1568 565 1689 629 Θεὸς

1825 567 1958 633 Quis
1991 578 2192 637 autem,
2229 582 2321 626 aut
2353 576 2550 644 qualis,
2587 584 2680 628 aut
2712 585 2948 646 «planius
2978 567 3048 634 sit
3083 580 3196 650 ipse
3233 581 3390 648 heus,

134 646 261 696 οὒτε
291 643 544 715 νοοῦμεν,
575 645 697 699 οὔτε
733 648 1068 720 ὀνομάζομεν
1088 690 1102 714 ,
1133 651 1254 704 οὕτε
1295 646 1370 724 νῷ
1399 649 1432 725 ἢ
1472 655 1717 727 αἰσθήσει

133 734 654 807 καταλαμϐάνομεν.
683 740 903 810 Ὅμοιον
926 741 1033 813 γὰρ
1060 743 1232 814 τούτῳ
1252 745 1369 797 ἐστὶ
1390 747 1482 799 καὶ
1503 748 1565 800 τό
1579 763 1594 777 ο
1631 750 1717 802 Ἑν

134 828 248 878 tria
259 829 308 882 iv
321 824 512 884 ἐστινὸ
545 830 697 894 Θεὸς,
731 833 825 885 καὶ
853 836 909 887 ἐν
928 835 1100 887 οὐδενὶ
1121 835 1226 888 τῶν
1261 837 1475 891 πάντων
1502 839 1635 893 ἐστί.

204 920 377 973 Κατα
419 920 534 989 τὴν
579 923 730 992 ὑπὲρ
778 926 930 980 γοῦν
971 926 1206 981 ἕνωσιν.
1253 929 1592 1001 Σημείωσαι,
1636 933 1716 987 ὅτι

134 1009 280 1064 κατὰ
324 1009 397 1064 τά
449 1016 991 1088 προπαρατεθειμένα
1032 1020 1132 1092 τὴν
1183 1020 1374 1075 ἕνωσιν
1413 1022 1570 1077 ἔλαϐε
1617 1026 1717 1096 τῆς

135 1101 279 1172 ὑπὲρ
301 1102 428 1156 νοῦν
455 1103 548 1157 τοῦ
569 1107 704 1160 Θεοῦ
729 1107 979 1180 Θεωρίας.

202 1194 371 1262 Αὕτη
421 1195 530 1266 γάρ
580 1199 712 1252 ἐστι
757 1202 907 1256 κατὰ
949 1201 1016 1255 τὸ
1051 1203 1282 1274 Λόγιον.
1319 1205 1486 1259 Τοῦτο
1523 1208 1616 1261 καὶ
1651 1210 1714 1262 ἐκ

131 1285 232 1356 τῆς
265 1287 470 1356 Σοφίας
507 1290 847 1362 Σολομῶντος
868 1295 1033 1356 ἐστιν,
1061 1295 1188 1348 ἔνθα
1216 1295 1430 1364 λέγεται
1462 1298 1715 1367 τεχνῖτις

131 1380 164 1448 ἡ
203 1381 370 1450 σοφία
391 1382 508 1435 τῶν
529 1382 794 1436 πάντων·
835 1385 930 1438 καὶ
972 1389 1037 1439 ἐκ
1071 1387 1180 1439 τῶν
1223 1389 1554 1460 Παροιμιῶν,
1587 1389 1714 1442 ἔνθα

129 1473 348 1544 εἴρηται
383 1479 447 1529 ὲκ
468 1478 565 1547 τῆς
589 1478 803 1546 Σοφίαςο
847 1479 994 1548 Ἐγὼ
1025 1479 1187 1548 ἥμην
1217 1480 1551 1550 ἁρμόζουσα
1575 1485 1712 1550 παρ’

130 1566 300 1631 αὐτῷ
318 1585 334 1596 ’
371 1569 463 1621 καὶ
485 1571 514 1622 6
543 1569 723 1622 Δαϐίδ·
750 1569 953 1624 Πάντα
981 1571 1052 1624 ἐν
1080 1572 1265 1640 σοφίᾳ
1294 1571 1603 1641 ἐποίησας.

199 1659 396 1729 Λόγος
426 1659 495 1712 δὲ
537 1663 570 1714 ὀ
605 1662 767 1727 Θεός.
803 1663 939 1735 Περὶ
965 1663 1059 1716 τοῦ
1100 1662 1234 1716 Θεοῦ
1275 1663 1468 1732 Λόγου,
1497 1663 1590 1718 καὶ
1625 1663 1712 1718 διὰ

126 1749 178 1804 τί
216 1751 436 1820 λέγεται
477 1752 652 1820 λόγος,
697 1753 751 1807 τί
787 1754 1051 1826 δηλούσης
1092 1755 1191 1825 τῆς
1229 1755 1482 1827 τοιαύτης
1517 1756 1711 1827 ὀνομα-

127 1845 272 1906 σίας,
315 1847 409 1898 καὶ
453 1845 581 1916 μίαν
617 1847 794 1900 αίτίαν
823 1846 1056 1900 ἐνταῦθά
1090 1864 1245 1918 φησι,
1277 1845 1395 1900 καθ’
1423 1847 1486 1918 ἣν
1523 1847 1709 1918 ὀνομά-

1820 676 1994 731 neque
2028 663 2398 734 intelligimus.
2419 681 2596 736 neque
2625 669 2989 733 nominamus,
3014 687 3187 741 neque
3215 685 3396 730 tuente

1818 763 1910 806 aut
1955 768 2117 806 sensu
2165 755 2690 824 comprehendimus.
2729 757 2865 812 lluic
2901 761 3044 814 enim
3093 761 3271 817 simile
3309 775 3395 820 est

1817 841 1977 897 illud:
2014 843 2156 900 Deus
2189 845 2244 898 in
2267 847 2541 912 omnibus,
2572 857 2624 903 et
2657 849 2710 902 in
2745 853 2893 904 nullo
2926 853 3168 906 omnium
3203 863 3306 910 est.

1887 934 2183 990 Secundum
2218 940 2366 993 illam
2399 959 2514 1011 qua:
2555 959 2714 1012 supra
2753 946 3070 1000 intellectum
3109 958 3208 1010 est,
3239 949 3388 1001 unio~

1815 1045 1948 1083 nem.
1982 1029 2115 1083 Nota
2138 1047 2262 1086 eum
2293 1035 2592 1104 accepisse,
2628 1037 2769 1091 sicut
2803 1038 2854 1091 in
2890 1042 3231 1109 antepositis,
3259 1055 3362 1096 con

1811 1120 2147 1190 junctionem
2176 1123 2403 1180 visiOnis
2429 1125 2522 1181 Dei
2556 1145 2676 1198 quae
2709 1137 2940 1183 mentem
2976 1140 3214 1200 superat.

1883 1213 2147 1280 Quoniam
2194 1217 2310 1284 ipsa
2359 1219 2643 1272 secundum
2705 1219 3028 1289 Scripturas.
3079 1223 3193 1279 Hoc
3225 1225 3386 1280 etiam

1813 1310 1893 1357 est
1925 1320 1988 1357 ex
2026 1303 2299 1375 Sapientia
2337 1305 2643 1365 Salomonis
2681 1319 2724 1373 ι,
2761 1311 2849 1365 ubi
2886 1313 3151 1382 sapientia
3188 1312 3389 1368 dicitur

1813 1396 2044 1449 onmium
2085 1398 2318 1466 artifex;
2366 1406 2419 1454 et
2460 1418 2526 1455 ex
2572 1399 2912 1467 Proverbiis,
2951 1405 3043 1458 ubi
3087 1419 3115 1457 a
3161 1403 3384 1475 Sapien-

1811 1486 1885 1539 tia
1937 1487 2135 1543 dicitur
2164 1509 2177 1544 :
2212 1490 2344 1546 Cum
2372 1511 2430 1547 eo
2465 1511 2610 1548 eram
2659 1506 2845 1550 cuncta
2907 1511 3215 1566 componens
3243 1509 3301 1564 ⁸;
3333 1508 3385 1553 et

1811 1575 1978 1632 David
2007 1599 2018 1634 :
2058 1579 2250 1637 Omnia
2273 1585 2328 1637 iri
2355 1587 2615 1654 sapientia
2644 1588 2816 1656 fecisti
2841 1589 2893 1644 ι).

1891 1670 2112 1726 Verbum
2149 1677 2308 1728 etiam
2341 1675 2499 1730 Deus.
2536 1677 2608 1731 De
2644 1678 2734 1732 Dei
2765 1677 2965 1742 Verbo,
3013 1686 3065 1734 et
3111 1695 3211 1734 cur
3237 1679 3386 1734 dica-

1810 1770 1897 1815 tur
1921 1763 2166 1831 verbum,
2199 1767 2328 1836 quid
2355 1768 2444 1821 illa
2473 1770 2761 1838 appellatio
2792 1771 3080 1841 significet,
3110 1785 3387 1842 unamque

1811 1868 2029 1909 causam
2077 1857 2179 1912 hoc
2231 1859 2350 1913 loco
2400 1860 2564 1925 dicit,
2603 1871 2824 1932 propter
2866 1868 3028 1932 quam
3073 1865 3386 1918 nominetur

126 1936 277 1998 ζεται
306 1936 482 2005 λόγος,
508 1937 594 1990 διά
634 1938 696 1990 τὸ
734 1937 834 2001 τὰς
868 1938 975 1991 τῶν
1003 1938 1171 1992 όντων
1203 1938 1418 1992 πάντων
1443 1939 1620 2002 αἰτίας
1645 1940 1689 1992 ἐκ

1804 1946 2068 2014 verbum;
2112 1949 2371 2003 nimirum
2415 1952 2541 2021 quia
2586 1968 2764 2007 rerum
2799 1955 3042 2008 omnium
3085 1967 3283 2010 causas
3328 1956 3382 2011 iu

123 2028 304 2099 ἐαυτῷ
337 2029 509 2100 ἔχειν·
550 2031 599 2082 οἱ
645 2030 755 2104 γὰρ
786 2031 933 2100 λόγοι
971 2031 1183 2101 φύσεως
1224 2031 1440 2102 ἀπάσης
1471 2033 1527 2085 ἐν
1557 2033 1703 2104 αὐτῷ

122 2122 280 2189 εἰσιν,
315 2121 389 2186 ὡς
433 2122 591 2194 αίτίῳ
627 2124 810 2195 πάσης
855 2123 1237 2195 δημιουργίας⁸
1281 2125 1349 2176 δι’
1388 2123 1552 2176 αὐτοῦ
1595 2123 1704 2195 γὰρ

120 2214 192 2266 τὰ
219 2216 399 2269 πάντα
422 2233 435 2247 ·
471 2217 533 2269 αἴ
557 2234 616 2269 τε
653 2216 762 2290 γὰρ
794 2216 949 2282 ἰδέαι,
987 2217 1080 2270 καὶ
1109 2215 1176 2268 τὰ
1207 2214 1620 2288 παραδείγματα
1645 2217 1703 2270 ἐν

120 2307 289 2377 αὐτῷ,
315 2309 414 2378 οὐχ
436 2308 598 2380 ἕτερα
624 2309 682 2362 ἐν
715 2309 903 2380 ἑτέρῳ,
933 2308 1068 2362 ἀλλὰ
1104 2310 1314 2380 νοήσεις
1342 2303 1501 2365 ἀΐδιοι
1525 2301 1701 2375 οὖσαι,

120 2401 213 2452 καὶ
243 2399 393 2467 λόγοι
424 2401 702 2464 ποιοῦντες
731 2401 798 2454 τὰ
824 2401 1019 2466 πάντα,
1048 2401 1292 2454 τουτέστι
1321 2401 1478 2471 φύσις
1497 2419 1512 2432 ·
1546 2404 1640 2455 καὶ
1667 2405 1700 2474 ἡ

119 2491 281 2558 φύσις
329 2492 438 2564 γὰρ
474 2491 648 2562 λόγος,
689 2492 868 2546 αἰτίαν
900 2492 1035 2563 ἔχων
1075 2491 1170 2546 καὶ
1199 2493 1356 2562 φύσιν
1387 2495 1452 2558 ⁸ο,
1482 2495 1554 2558 ὡς
1601 2495 1701 2548 οὐκ

117 2585 241 2656 είκῆ
272 2587 368 2639 καὶ
397 2587 574 2658 μάτην
604 2588 660 2640 αί
698 2586 886 2655 φύσεις
913 2586 1023 2639 τῶν
1043 2586 1227 2640 ’όντων
1271 2588 1399 2644 εἰσί.
1445 2588 1608 2656 Λέγει
1644 2589 1702 2642 δὲ

116 2680 276 2733 αὑτὸν
304 2680 496 2749 Λόγον,
537 2683 631 2735 καὶ
667 2681 742 2746 ὼς
783 2681 870 2734 διὰ
913 2681 1129 2734 πάντων
1174 2680 1452 2751 χωροῦντα
1492 2681 1701 2735 ἀκωλύ-

115 2789 241 2836 τως,
271 2775 366 2828 καὶ
394 2773 572 2827 πάντα
602 2774 899 2846 περιιόντα,
919 2774 1189 2845 καὶμέχρι
1214 2773 1319 2826 τῶν
1341 2774 1601 2843 ἐσχάτων,
1623 2774 1698 2838 ὼς

116 2866 173 2917 ὲν
198 2868 265 2936 τῇ
298 2866 436 2937 πρὸς
483 2866 796 2936 Ἐϐραίουςο
828 2865 960 2920 Ζῶν
990 2866 1100 2936 γὰρ
1131 2867 1164 2920 ὁ
1195 2866 1374 2934 λόγος
1406 2865 1501 2918 καὶ
1537 2866 1698 2934 ἐνερ-

116 2956 245 3026 γὴς,
283 2958 380 3010 καὶ
409 2957 476 3009 τὰ
509 2957 655 3028 ἑξῆς.

187 3049 376 3116 Οὗτος
409 3053 440 3104 ό
475 3051 662 3119 Λόγος
692 3049 882 3106 ἐστίν.
906 3050 1023 3103 Ὅτι
1053 3051 1082 3105 ὁ
1124 3049 1255 3113 Θεὸς
1281 3051 1469 3118 Λόγος,
1502 3051 1535 3120 ἡ
1567 3049 1697 3105 αὐτὸ

117 3142 206 3194 καὶ
237 3140 319 3212 τῷ
332 3141 447 3194 ὄντι
478 3138 669 3196 ⁸¹οὖσα
692 3137 935 3214 ἀλήθεια,
967 3140 1188 3204 εἰκότως
1209 3141 1325 3194 ἐστὶ
1353 3143 1446 3194 καὶ
1479 3142 1622 3214 ἁπλῆ
1651 3145 1696 3175 ⁶¹

115 3233 215 3286 τῶν
243 3235 412 3287 ὄντων
443 3234 659 3304 γνῶσις.
697 3236 762 3288 Τί
787 3236 844 3289 δέ
876 3239 991 3288 ἐστι
1023 3231 1240 3304 γνῶσις,
1271 3233 1430 3299 εὐθὺς
1478 3237 1696 3288 ἐπισυν-

115 3324 269 3379 άπτει
301 3326 586 3382 διδάσκων.

182 3421 249 3472 Ei
281 3419 394 3488 γὰρ
425 3420 463 3486 ἠ
498 3417 717 3489 γνῶσις
747 3417 1015 3485 ἐνωτική.
1050 3417 1131 3471 Τὰ
1166 3418 1292 3489 περὶ
1322 3417 1422 3488 τῆς
1456 3418 1687 3490 ἀληθοῦς

114 3509 361 3576 γνώσεως
410 3509 740 3582 σαφηνίζων,
798 3510 958 3574 αὐτὸς
999 3512 1028 3563 6
1079 3510 1212 3573 Θεὸς
1258 3510 1428 3578 Λόγος
1456 3512 1686 3581 Χριστὸς

128 3602 349 3672 Ἰησοῦς,
397 3603 525 3674 περὶ
560 3599 623 3660 οὗ
647 3605 675 3656 ὁ
705 3601 888 3671 λόγος·
933 3603 1026 3655 καὶ
1062 3604 1143 3655 ὅτι
1178 3605 1211 3674 ἡ
1244 3601 1442 3670 γνῶσις
1473 3603 1684 3673 άληθῶς

117 3695 337 3768 ὲνωτική
373 3699 489 3749 ἐστι
521 3695 628 3749 τῶν
672 3695 988 3764 ἐγνωκότων
1022 3696 1116 3748 καὶ
1155 3693 1262 3748 τῶν
1306 3695 1680 3764 ἐγνωσμένων.

116 3788 266 3858 φησί·
316 3788 491 3858 Κάγὼ
523 3789 790 3859 γινώσκω
826 3790 896 3843 τὰ
928 3788 1040 3860 ἐμὰ
1068 3791 1348 3858 πρόϐατα,
1385 3791 1480 3844 καὶ
1519 3791 1684 3862 γινώ-

114 3895 323 3948 σκομαι
355 3880 474 3934 ὑπὸ
507 3880 624 3935 τῶν
654 3881 840 3951 ἐμῶν’
888 3883 1082 3948 καθὼς
1105 3881 1379 3952 γινώσκει
1401 3901 1478 3952 με
1508 3887 1540 3937 ό
1568 3886 1683 3938 Πα-

115 3972 234 4039 τὴρ,
259 3970 422 4042 κάγὼ
445 3972 712 4042 γινώσκω
737 3973 842 4026 τὸν
862 3973 1112 4042 Πατέρα.
1133 3975 1340 4042 ’Ὠσπερ
1361 3975 1468 4046 γὰρ
1490 3977 1523 4047 ἡ
1551 3976 1684 4045 γνῶ-

116 4078 190 4126 σις
237 4064 444 4134 γνοῦσα
494 4069 670 4119 ἐκεῖνο
711 4067 739 4119 ὃ
770 4068 969 4135 γνῶναι
1012 4065 1292 4138 ἠθέλησεν,
1339 4068 1552 4122 ἑνοῦται
1602 4069 1681 4140 τῷ

115 4157 430 4222 γνωσθέντι,
481 4158 660 4211 οὐκέτι
705 4157 1030 4229 ἀμφιϐολίαν
1082 4158 1276 4228 ἔχουσα
1299 4159 1426 4229 περὶ
1477 4159 1676 4225 αὑτοῦ,

115 4250 220 4303 οὐδὲ
235 4252 322 4304 διὰ
341 4237 438 4322 τῆν
463 4250 785 4321 ἀμφιϐολίαν
809 4249 1098 4322 σχιζομένη
1123 4252 1201 4313 είς
1243 4249 1432 4321 ἐτέρας
1475 4251 1679 4315 ἐννοίας

117 4344 198 4395 καὶ
236 4343 572 4408 ἀστατοῦσα,
605 4342 700 4396 καὶ
742 4344 930 4410 ἄγνοια
961 4342 1047 4396 διὰ
1087 4341 1247 4396 τοῦτο
1275 4344 1560 4414 γενομένη,
1591 4343 1676 4398 διὰ

114 4435 167 4488 τὸ
193 4437 264 4509 μὴ
295 4437 582 4508 πεισθῆναι
613 4437 694 4490 ὅτι
726 4436 866 4506 ἔγνω
885 4454 897 4467 ο
930 4437 1102 4501 οὕτως
1138 4440 1185 4490 οἱ
1223 4438 1403 4490 πιστοὶ
1442 4441 1507 4509 τῇ
1538 4438 1676 4507 γνώ-

118 4545 187 4581 σει
211 4531 501 4594 ὲνωθέντες
525 4530 602 4601 τῷ
629 4529 920 4598 γνωσθέντι
953 4530 1192 4601 Χριστῷ,
1219 4531 1276 4593 ὃς
1314 4532 1460 4583 ἐστιν
1490 4534 1518 4584 6
1545 4531 1676 4595 Θεὸς

116 4621 289 4689 Λόγος,
323 4623 418 4675 καὶ
444 4622 542 4693 τὴν
572 4622 750 4676 πίστιν
782 4624 862 4685 είς
892 4624 1054 4676 αὐτὸν
1082 4622 1410 4695 ἐρείσαντες,
1442 4641 1675 4694 μονιμω-

116 4713 267 4784 τάτην
311 4715 408 4768 καὶ
448 4715 741 4768 ἀσάλευτον
788 4715 897 4768 τῶν
949 4715 1303 4785 ἐγνωσμένων
1348 4716 1446 4785 τὴν
1496 4715 1676 4767 πίστιν

117 4802 335 4872 ἔχοντες,
371 4807 453 4859 ὅτι
489 4807 621 4860 Θεὸν
662 4807 924 4876 ἔγνωσαν,
955 4807 1051 4861 καὶ
1091 4808 1194 4860 ὑπὸ
1235 4806 1370 4859 Θεοῦ
1401 4804 1674 4878 ἐγνώσθη-

120 4910 225 4961 σαν,
255 4899 571 4972 ἐξεστήκασι
620 4901 714 4971 μὲν
747 4901 845 4971 τῆς
889 4901 1128 4968 ἀγνοίας,
1175 4901 1241 4972 ἢν
1285 4900 1506 4972 εἴπομεν
1537 4901 1672 4954 διαι-

121 4993 238 5059 ρεῖν,
289 4994 381 5046 καὶ
400 4993 602 5064 σχίζειν
651 4993 745 5046 καὶ
781 4992 1110 5046 διασαλεύειν
1158 4994 1238 5056 εἰς
1282 4993 1468 5046 ἄλλοτε
1510 4992 1672 5056 ἄλλας

117 5081 440 5152 ἀμφιϐολίας,
466 5085 542 5149 ὡς
567 5085 641 5156 μὴ
669 5084 902 5155 γνοῦσαν
926 5085 954 5138 ὃ
990 5085 1071 5140 δεῖ
1090 5084 1309 5154 γνῶναυ
1344 5087 1673 5158 ἐφεστήκασι

118 5171 252 5246 δέτῇ
293 5177 617 5250 βεϐαιότητι,
661 5181 727 5250 τῇ
772 5178 949 5232 πίστει
1011 5177 1543 5249 πληροφορηθέντες,
1593 5177 1674 5228 ὅτι

120 5263 342 5334 ἔγνωσαν
384 5272 477 5325 καὶ
525 5270 812 5343 ήνώθησαν
849 5271 938 5325 διὰ
973 5270 1128 5323 τοῦτο
1169 5270 1215 5302 ⁸³
1244 5269 1322 5340 τῷ
1355 5263 1668 5337 γνωσθέντι.

131 5357 180 5412 ’0
209 5362 299 5428 μὲν
321 5359 411 5419 οῦν
437 5366 496 5418 ἐν
521 5364 601 5433 τῷ
622 5361 805 5436 σκοπῷ
831 5363 929 5432 τῆς
946 5362 1168 5431 ἀγνοίας
1221 5361 1362 5415 κατὰ
1387 5359 1478 5413 τὸν
1513 5359 1671 5412 ’Λπό-

175 5549 196 5577 ⁸
225 5541 350 5615 Cap.
386 5560 482 5610 vn,
519 5560 571 5598 v.
607 5542 699 5598 2|.
780 5555 806 5584 α
839 5543 972 5614 Cap.
1008 5556 1130 5607 vut,
1168 5558 1217 5595 v.
1255 5541 1342 5595 30.

1444 5539 1472 5578 ιο
1506 5537 1653 5594 Psal.
1688 5551 1821 5600 CIII,
1856 5533 1947 5588 24.

1807 2038 1989 2106 seipso
2025 2039 2210 2106 habet,
2242 2042 2482 2097 rationes
2522 2043 2666 2097 enim
2702 2044 2970 2098 universas
3013 2054 3221 2100 natura:
3255 2058 3385 2102 sunt

1807 2126 1860 2180 in
1887 2129 2002 2198 ipso
2031 2137 2288 2201 tanquam
2312 2135 2489 2189 omnis
2514 2148 2780 2190 creaturae
2803 2145 3058 2202 auctore;
3086 2153 3180 2207 per
3200 2138 3378 2208 ipsum

1803 2221 1946 2273 enim
1980 2221 2196 2286 omnia;
2228 2229 2354 2276 nam
2383 2224 2517 2279 idem
2548 2232 2601 2280 et
2633 2227 2965 2296 exemplaria
2999 2227 3053 2280 in
3094 2228 3234 2296 ipso,
3273 2244 3380 2282 non

1805 2305 1908 2364 alia
1941 2311 1995 2365 in
2040 2313 2165 2377 alio,
2214 2315 2307 2368 sed
2341 2325 2469 2370 sunt
2521 2318 2918 2374 intellectiones
2957 2325 3172 2373 aeterna:
3203 2328 3258 2375 et
3293 2335 3381 2374 ra-

1803 2403 1978 2458 tiones
2010 2420 2130 2474 quae
2171 2408 2351 2460 omnia
2399 2406 2628 2470 faciunt,
2672 2410 2726 2464 id
2769 2418 2856 2464 est
2905 2419 3132 2476 natura;
3182 2420 3377 2465 natura

1801 2497 1944 2549 enim
1977 2505 2060 2551 est
2095 2498 2231 2552 ratio
2257 2514 2377 2569 quae
2407 2515 2628 2554 causam
2656 2506 2711 2555 et
2757 2511 3003 2556 naturam
3035 2503 3218 2568 habet,
3249 2505 3378 2573 quia

1802 2597 2010 2643 natura:
2056 2603 2236 2644 rerum
2284 2607 2393 2646 non
2437 2599 2566 2646 sunt
2615 2600 2817 2648 temere
2856 2602 2912 2648 et
2963 2595 3186 2650 frustra.
3236 2593 3378 2648 Dicit

1800 2692 1980 2738 autem
2013 2684 2190 2755 ipsum
2215 2684 2472 2750 Verbum,
2503 2693 2557 2740 et
2589 2687 2732 2756 quod
2767 2701 2863 2756 per
2892 2688 3074 2741 omnia
3115 2687 3234 2742 sine
3275 2687 3378 2738 im-

1800 2775 2110 2844 pedimento
2137 2777 2317 2841 vadat,
2345 2787 2397 2831 et
2441 2778 2624 2831 omnia
2659 2779 2959 2831 circumeat
3005 2777 3169 2830 etiam
3205 2783 3378 2846 usque

1798 2867 1865 2920 ad
1894 2875 2156 2932 extrema,
2187 2867 2329 2924 sicut
2357 2869 2411 2922 in
2447 2869 2689 2939 Epistola
2719 2869 2786 2923 ad
2819 2868 3074 2925 Hebraeos
3103 2880 3124 2907 ο
3163 2889 3176 2923 :
3220 2869 3374 2923 Vivus

1795 2967 1871 3011 est
1901 2959 2040 3011 enim
2073 2976 2241 3012 sermo
2270 2971 2317 3013 et
2342 2962 2542 3030 efﬁcax,
2577 2971 2684 3018 etc.

1870 3049 1984 3102 Hoc
2023 3049 2244 3103 Verbum
2275 3063 2370 3105 est.
2390 3049 2543 3116 Quod
2571 3050 2712 3106 Deus
2730 3049 3127 3110 Verbum.cum
3159 3049 3228 3102 sit
3257 3049 3375 3118 ipsa

1796 3151 1849 3197 et
1879 3157 1999 3212 qua:
2029 3149 2220 3212 reapse
2251 3152 2334 3198 est
2365 3143 2586 3205 veritas,
2615 3144 2810 3196 merito
2837 3143 3000 3196 etiam
3035 3142 3105 3195 sit
3145 3143 3373 3210 simplex

1797 3248 1980 3287 rerum
2025 3235 2304 3303 cognitio;
2339 3235 2467 3302 quid
2503 3244 2682 3288 autem
2719 3235 2790 3289 sit
2822 3234 3082 3304 cognitio,
3117 3248 3243 3286 mox
3275 3233 3374 3286 do-

1714 3313 1757 3370 (ἶ
1791 3340 1924 3380 cens
1959 3325 2225 3396 adjuugit.

1861 3415 1922 3471 Si
1950 3419 2086 3471 enim
2110 3418 2338 3487 cognitio
2360 3418 2460 3471 vim
2491 3417 2644 3471 habet
2679 3415 2910 3470 uniendi.
2942 3414 3016 3467 Ea
3041 3430 3162 3485 qua:
3187 3430 3370 3468 veram

1792 3511 2156 3579 cognitionem
2213 3518 2492 3579 spectant,
2555 3508 2670 3578 ipse
2731 3508 2872 3562 Deus
2914 3501 3152 3562 Verbum
3210 3505 3372 3562 Iesus

1790 3603 2065 3668 Christus,
2099 3604 2167 3658 de
2197 3619 2307 3673 quo
2333 3610 2417 3658 est
2451 3616 2653 3664 sermo,
2687 3601 2943 3672 explicat,
2978 3611 3140 3668 atque
3184 3600 3370 3669 cogni-

1791 3696 1990 3750 tionem
2025 3712 2211 3751 revera
2243 3713 2364 3751 esse
2397 3697 2661 3750 unitivam
2707 3692 3156 3763 cognoscentium
3188 3697 3241 3746 et
3277 3707 3370 3746 co-

1789 3791 2058 3860 gnitorum
2086 3777 2260 3842 dicit:
2296 3787 2358 3840 Et
2382 3805 2473 3858 ego
2500 3803 2751 3857 cognosco
2779 3802 2894 3839 oves
2918 3801 3084 3848 meas,
3102 3795 3148 3838 et
3177 3801 3370 3854 cogno-

1787 3896 1905 3935 scor
1933 3898 1965 3933 a
1998 3883 2162 3935 meis:
2194 3882 2327 3934 sicut
2357 3880 2618 3949 cognoscit
2652 3893 2732 3930 me
2761 3876 2940 3940 Pater,
2963 3886 3012 3930 et
3049 3894 3138 3946 ego
3175 3893 3370 3947 cogno-

1786 3991 1873 4026 sco
1920 3973 2206 4027 Patremd.
2259 3972 2414 4026 Sicut
2453 3972 2596 4026 enim
2644 3970 2884 4040 cognitio
2931 3981 3268 4038 cognoscens
3310 3969 3362 4022 id

1785 4065 1927 4136 quod
1964 4080 2127 4120 nosse
2163 4064 2349 4127 voluit,
2380 4063 2457 4118 rei
2493 4063 2724 4132 cognitae
2759 4062 2964 4122 unitur,
2995 4075 3105 4113 non
3129 4061 3363 4130 amplius

1784 4158 1854 4213 de
1884 4159 2000 4227 ipsa
2036 4153 2190 4226 193
2223 4155 2500 4217 dubitans,
2553 4167 2726 4222 neque
2775 4159 2995 4221 propter
3034 4151 3260 4205 dubium
3308 4152 3362 4206 iu

1783 4249 2028 4306 diversas
2073 4250 2333 4304 dividitur
2383 4245 2762 4317 cogitationes,
2796 4252 2989 4312 estque
3018 4242 3360 4305 inconstans,

1783 4353 1944 4414 atque
1971 4343 2270 4414 ignorantia
2296 4339 2416 4394 ideo
2441 4338 2651 4398 effecta,
2677 4336 2804 4406 quia
2835 4349 2944 4389 non
2977 4334 3151 4389 credit
3177 4341 3236 4388 se
3264 4351 3365 4386 nu-

1784 4437 1926 4490 visse
1953 4444 1966 4487 ':
1999 4435 2072 4486 ita
2105 4433 2293 4487 iideles
2329 4447 2424 4501 per
2449 4429 2812 4500 cognitionem
2843 4427 2920 4480 illi
2952 4427 3173 4496 cognito
3204 4425 3364 4479 Clu-i-

1781 4537 1867 4584 sto
1914 4526 2010 4596 qui
2059 4532 2142 4580 est
2183 4523 2328 4578 Deus
2359 4521 2628 4586 Verbum,
2676 4521 2836 4584 uniti,
2884 4528 3049 4589 atque
3095 4518 3256 4572 ﬁdem
3305 4519 3360 4572 in

1781 4622 1898 4682 ipso
1923 4619 2225 4678 ﬁrmantes,
2255 4615 2637 4672 solidissimam
2671 4621 2725 4669 et
2757 4613 3138 4667 inconcussam
3174 4612 3362 4681 cogni-

1782 4724 1962 4768 torum
1996 4709 2156 4766 iidem
2201 4710 2486 4773 habentes,
2515 4705 2659 4777 quod
2690 4705 2858 4761 Deum
2891 4713 3266 4774 cognoverunt
3306 4713 3361 4757 et

1781 4816 1811 4854 a
1843 4799 1950 4855 Deo
1994 4798 2195 4870 cogniti
2229 4804 2378 4865 sunt,
2421 4806 2573 4851 extra
2606 4795 2971 4866 ignorantiam
3011 4803 3144 4849 sane
3174 4795 3359 4847 consi-

1781 4901 1953 4956 stunt,
2001 4906 2168 4963 quam
2211 4889 2449 4944 diximus
2503 4888 2741 4943 dividere
2789 4893 2842 4942 et
2893 4900 3147 4956 separare
3196 4895 3357 4954 atque

1779 4996 2070 5040 concutere
2103 4983 2170 5039 ab
2204 4997 2310 5038 una
2343 4983 2397 5036 in
2431 4982 2566 5034 alias
2600 4980 2989 5042 dubitationes,
3016 4984 3076 5032 ut
3117 4991 3238 5046 qum
3260 4988 3355 5029 ne-

1777 5079 1916 5134 sciat
1945 5077 2073 5148 quid
2100 5076 2327 5132 credere
2350 5081 2632 5144 Oporteat;
2664 5072 2788 5126 item
2823 5071 3076 5124 insistunt
3113 5068 3352 5122 lirmit-ati

1778 5169 1880 5226 [ide
1916 5167 2184 5240 persuasi,
2218 5168 2362 5236 quod
2412 5166 2615 5226 norint,
2652 5177 2715 5218 ar.
2749 5164 2871 5217 ideo
2900 5159 3180 5230 conjuncti
3223 5166 3351 5212 sunt

1775 5277 1899 5316 cum
1933 5259 2170 5330 cognito.
2215 5261 2284 5312 At
2329 5257 2422 5328 qui
2461 5257 2516 5309 in
2550 5255 2788 5310 tenebris
2819 5253 3136 5324 ignorantiae
3167 5263 3338 5302 versa.

1775 5365 1885 5419 tur,
1906 5355 2061 5425 iusta
2085 5352 2425 5423 Apostolum,
2451 5363 2637 5406 errore
2663 5349 2781 5418 ipso
2809 5347 3097 5408 ﬂuctuans,
3120 5343 3352 5396 circum.

2049 5541 2070 5569 ε
2107 5528 2240 5598 Cap.
2278 5545 2351 5590 IV,
2389 5545 2440 5584 v.
2486 5527 2565 5581 19..
2664 5526 2688 5566 «1
2724 5523 2881 5579 Joan.
2923 5539 2972 5582 ι,
3013 5520 3076 5574 Η
3127 5523 3212 5577 ίὸ.

1011 5701 1246 5756 VARUS
1285 5695 1676 5755 LECTIONEb
1711 5694 1797 5749 ET
1837 5686 2389 5749 CORRECTIONES.

204 5857 243 5889 “
269 5860 468 5924 σοφίαν.
567 5861 608 5892 ⁸¹
648 5863 680 5922 ἡ
713 5861 790 5920 τῷ
821 5861 955 5918 ὄντι.
1022 5860 1065 5888 ⁸¹
1095 5858 1357 5920 ἀπλανὴς.

1464 5855 1508 5887 ⁸³
1543 5853 1764 5908 τούτων.
