3882 6532
537 373 641 432 353
1330 375 1672 428 APPLNDIX
1700 375 1789 427 ΑΙ)
1816 372 2041 430 OPERA
2079 371 2094 424 ξ

2223 370 2470 426 IONYSII
2513 366 2996 424 AREOPAGITAE.
3669 367 3758 421 556

537 487 710 542 l'ertur
751 485 897 539 omni
948 491 1106 539 vento
1164 484 1422 554 nequitiae
1480 485 1760 539 hominum
1812 486 1953 540 sicut
2013 487 2094 554 qui

2223 483 2412 542 πολον,
2465 480 2574 546 ὢν,
2633 481 2736 533 ύπὺ
2769 479 2900 551 ,τῆς
2945 477 3150 548 πλάνης
3199 475 3367 545 αὐτῆς
3413 475 3758 547 σαλευόμενος,

538 579 674 631 mari
725 584 1045 646 tempestate
1078 576 1407 647 agitanture
1445 576 1583 646 (huic
1636 576 1780 630 enim
1835 577 1909 630 ait
1961 575 2094 646 Apo-

2223 574 2555 646 περιφέρεται
2599 573 2760 625 παντὶ
2807 572 2993 642 ἀνέμῳ
3036 570 3136 641 τῆς
3185 568 3409 631 κυϐείας
3436 567 3546 620 τῶν
3581 568 3760 640 ἀνθρὼ-

537 669 750 736 stolus),
795 674 849 721 et
896 666 1195 720 arbitratur
1239 666 1520 736 gnosticos
1565 663 1828 728 insanire,
1879 664 2022 721 sicut
2053 672 2094 719 el

2223 683 2354 728 των,
2413 665 2600 736 ῶσπερ
2653 666 2702 718 οἰ
2753 667 2810 717 ὲν
2871 661 3098 730 πελάγει
3162 659 3607 728 κλυδωνιζόμενοι
3665 660 3762 730 (xui

537 757 728 814 Festus
763 759 976 812 dicebat
1011 757 1181 811 Paulo
1226 758 1462 811 divinam
1497 758 1857 827 cognitionem
1909 757 2094 827 pradi-

2223 752 2373 804 ταῦτα
2389 748 2494 821 γάρ
2526 768 2688 822 φησιν
2713 753 2742 803 ό
2777 748 3134 813 Ἀπόστολος),
3154 749 3248 802 xui
3273 747 3484 819 νομίζει
3509 749 3627 812 τοὺς
3651 766 3764 817 γνω-

534 852 674 905 canti
705 869 719 905 :
755 849 991 913 Insanis,
1019 850 1186 904 Paule
1216 849 1258 904 ί.
1287 849 1580 904 Gnosticus
1616 858 1794 902 autem
1829 855 1883 903 et
1920 864 2105 904 revera

533 943 905 1001 Christianus.
945 953 1129 1013 utpote
1180 958 1306 998 vere
1359 941 1636 996 Christum
1671 955 2030 1011 cognoscens,
2055 950 2109 996 et

437 1073 448 1079 ς
531 1051 628 1104 per
672 1035 850 1106 ipsum
905 1035 995 1090 Dei
1031 1036 1418 1106 cognitionem,
1480 1049 1666 1099 unam,
1720 1033 1973 1103 inquam,
2013 1049 2108 1088 ve-

529 1127 708 1181 ritatis
741 1126 1108 1196 cognitionem
1157 1125 1445 1196 possidens
1481 1126 1668 1194 (porro
1712 1139 1818 1178 una
1865 1130 1948 1178 est
1988 1138 2108 1193 qua:

528 1218 758 1288 simplex
790 1224 844 1272 et
877 1233 986 1271 non
1020 1218 1322 1286 composita
1352 1217 1637 1287 cognitio),
1664 1223 1818 1272 extra
1846 1214 2106 1269 mundum

525 1309 802 1372 consistit,
829 1324 954 1362 cum
989 1309 1213 1363 minime
1245 1316 1492 1364 versetur
1525 1308 1580 1360 in
1615 1307 1889 1361 mundana
1917 1307 2108 1361 inﬁde-

526 1399 658 1454 lium
693 1400 925 1455 scientia
968 1410 1023 1455 et
1053 1415 1278 1455 errore:
1324 1401 1563 1464 seipsum
1612 1406 1792 1452 autem
1827 1397 2108 1468 cognoscit

524 1493 771 1547 sobrium
793 1499 848 1546 et
880 1507 911 1545 a
938 1492 1226 1562 multivaga
1259 1491 1576 1546 inﬁdelitate
1603 1490 1889 1544 liberatum
1915 1507 1930 1556 ;
1960 1489 2110 1544 ideo-

525 1599 632 1652 que
682 1583 926 1654 quotidie
977 1598 1076 1653 pro
1112 1584 1337 1638 veritate
1370 1583 1698 1645 moriuntur,
1737 1598 1844 1636 non
1896 1589 2094 1636 tantum

2223 1598 2375 1650 ροντα
2406 1584 2499 1636 xui
2526 1581 2937 1653 ἀπηλλαγμένον
2967 1582 3068 1653 τῆς
3106 1580 3479 1644 πολυπλανοῦς
3507 1581 3761 1643 ἀπιστίαςο

525 1689 703 1745 usque
735 1673 803 1728 ad
843 1687 1071 1730 mortem
1122 1689 1338 1745 semper
1384 1681 1608 1744 propter
1652 1676 1934 1729 veritatem
1969 1673 2083 1743 peri

2223 1673 2286 1727 Ξιὸ
2333 1674 2427 1728 xui
2470 1677 2590 1732 καθ’
2633 1674 2866 1745 ἑκάστην
2925 1674 3134 1746 ἡμέραν
3183 1673 3609 1744 ἀποθνήσκουσιν
3646 1673 3764 1744 ὑπὲρ

524 1766 813 1828 clitautes,
861 1768 956 1822 sed
1010 1767 1171 1821 etiam
1223 1782 1438 1836 semper
1494 1767 1817 1838 ignorantiae
1871 1765 2094 1820 morien-

2223 1765 2305 1837 τῆς
2335 1766 2608 1836 ἀληθείας,
2635 1767 2696 1819 ού
2728 1767 2887 1836 μόνον
2936 1766 3094 1837 μέχρι
3133 1765 3362 1821 Θανάτου
3394 1764 3764 1829 κινδυνεύοντες

525 1865 630 1921 tes,
647 1857 944 1929 cognitioni
980 1855 1110 1913 vero
1148 1857 1394 1913 viventes
1423 1867 1476 1912 et
1504 1858 1807 1915 Christiani
1853 1873 2094 1928 compro-

2223 1856 2461 1911 ἑκάστοτε
2509 1857 2596 1910 διὰ
2637 1857 2733 1928 τὴν
2777 1856 3051 1929 ἀλήθειαν,
3104 1857 3240 1911 ἀλλὰ
3268 1859 3362 1912 xui
3404 1859 3471 1928 τῇ
3521 1857 3699 1926 ἀγνοίᾳ
3727 1857 3765 1889 ⁸⁸

525 1951 658 2004 bati.
2202 1948 2552 2011 τελευτῶντες
2585 1949 2832 2012 πάντοτε,
2859 1952 2924 2020 τῇ
2957 1949 3014 2003 δὲ
3041 1949 3239 2018 γνώσει
3276 1942 3499 2013 ζῶντες,
3535 1950 3622 2003 xui
3652 1951 3764 2021 Χρι-

2207 2043 2412 2096 στιανοὶ
2441 2059 2618 2113 μαρτυ
2628 2041 2718 2113 ρού
2727 2059 2898 2112 μενοι.

537 2199 552 2216 ,
592 2151 905 2218 Divisionis,
945 2154 1041 2211 Gr.
1071 2155 1408 2228 διαιρέσεως,
1435 2172 1622 2209 causa.
1659 2155 1933 2226 Διαίρεσιν
1962 2154 2094 2209 divi-

2274 2133 2620 2202 Διαιρέσεως
2649 2134 2825 2187 αἰτία.
2860 2133 3132 2205 Διαίρεσιν
3165 2131 3400 2188 ἐνταῦθα
3431 2133 3494 2186 τὸ
3524 2134 3617 2204 τῆς
3645 2131 3764 2202 γνώ-

523 2242 734 2299 sionem
778 2241 938 2301 vocat
969 2247 1072 2301 hoc
1120 2225 1262 2313 loco,
1289 2249 1576 2304 sententia:
1607 2225 2015 2303 iustabilitatem
2048 2258 2094 2305 el

2223 2244 2314 2297 ιης
2345 2225 2622 2298 ἀνίδρυτον
2653 2227 2746 2278 xui
2779 2227 2858 2288 εἰς
2893 2226 3062 2279 πολλά
3098 2225 3454 2296 μεριζόμενον
3487 2225 3608 2296 ἔφη.

521 2333 575 2386 in
616 2336 786 2393 multa
817 2336 1169 2392 divisionem.

2208 845 2421 906 στικοὺς
2452 842 2752 913 μαίνεσθαι,
2785 842 2860 906 ὡς
2905 842 2999 896 xui
3047 842 3076 894 ὁ
3117 841 3324 911 Φῆστος
3352 839 3454 912 ἔφη
3488 839 3567 911 τῷ
3593 840 3763 913 Παύλῳ

2206 935 2522 1006 κηρύττοντι
2567 933 2664 1006 τὴν
2716 933 2864 987 θείαν
2919 933 3148 1003 γνῶσιν·
3195 934 3412 1002 Μαίνῃ,
3463 933 3674 988 Παῦλε.
3715 934 3764 987 '0

2206 1029 2500 1097 γνωστικὸς
2550 1029 2644 1082 xui
2689 1027 2766 1099 τῷ
2822 1029 2931 1081 δντι
2973 1027 3330 1099 Χριστιανὸς,
3387 1026 3484 1080 ἀτε
3536 1030 3598 1098 τῇ
3653 1026 3765 1098 ἀλη-

2208 1119 2324 1193 θείᾳ
2371 1123 2530 1192 γνοὺς
2579 1121 2830 1194 Χριστὸν,
2873 1123 2964 1175 xui
2999 1121 3064 1174 δι’
3103 1121 3264 1174 αὑτοῦ
3313 1119 3412 1192 τὴν
3467 1119 3764 1189 θεογνωσίαν

2207 1213 2563 1284 κτησάμενος,
2595 1213 2692 1284 τὴν
2735 1213 2938 1266 ἑνιαίαν
2970 1212 3111 1281 λέγω
3157 1213 3256 1283 τῆς
3298 1211 3554 1282 ἀληθείας
3591 1211 3763 1277 γνῶσιν

2209 1307 2403 1375 (ὲνιαία
2435 1306 2490 1360 δέ
2514 1309 2657 1360 ἐστιν
2682 1307 2714 1378 ἡ
2746 1307 2889 1378 ἁπλῆ
2933 1307 3025 1360 xui
3055 1305 3343 1368 ἀσύνθετος
3387 1304 3640 1374 γνῶσις),
3668 1304 3765 1370 ἑξέ-

2209 1414 2377 1470 στηκε
2427 1400 2524 1469 μὲν
2563 1398 2656 1452 τοῦ
2709 1398 2935 1469 κόσμου,
2987 1399 3060 1469 μὴ
3106 1397 3182 1452 ὢν
3210 1401 3268 1452 ὲν
3295 1400 3362 1469 τῇ
3407 1401 3636 1468 κοσμικῇ
3675 1397 3764 1450 τῶν

2207 1490 2448 1544 ἀπίστων
2469 1490 2661 1564 γνώμῃ
2690 1491 2783 1544 xui
2810 1490 2986 1564 πλάνῃ
3009 1507 3022 1520 '
3071 1487 3258 1544 ἑαυτὸν
3302 1489 3358 1544 δὲ
3397 1487 3647 1558 γινώσκει
3683 1490 3762 1559 νήφ

590 2425 913 2490 Domicilio,
943 2427 1038 2482 Gr.
1083 2428 1290 2492 ἑστίας.
1325 2429 1669 2492 Mansionis,
1723 2403 2098 2488 habitationis.

595 2519 952 2589 Singularem,
981 2520 1075 2575 Gr.
1105 2524 1171 2591 τῇ
1205 2521 1400 2593 ἐνιαίᾳ,
1435 2519 1882 2578 Christianorum.
1917 2522 2099 2578 Fidem

520 2618 766 2664 nostram
795 2619 955 2665 vocat
981 2613 1211 2678 ἑνιαίαν,
1245 2621 1305 2666 ut
1335 2614 1638 2683 simplicem
1677 2623 1732 2670 et
1760 2615 1968 2670 erroris
1999 2632 2099 2670 ex-

520 2708 752 2770 pertem,
786 2703 908 2773 ejus
937 2705 1030 2774 qui
1059 2720 1248 2760 revera
1278 2713 1364 2761 est
1395 2707 1761 2777 cognitionem
1785 2708 2096 2764 habentem-

1007 2816 1166 2890 194
1194 2816 1262 2870 IN
1291 2816 1445 2872 CAP.
1478 2815 1614 2874 vm.

588 2906 616 2979 §
648 2907 689 2963 Ι.
729 2906 796 2962 Ut
828 2911 1114 2977 potentiam
1159 2927 1381 2981 quoque.
1432 2911 1746 2968 Secundum
1775 2911 1907 2984 quid
1954 2911 2100 2969 Deus

519 2996 741 3054 dicatur
765 3001 864 3054 vis.

593 3090 658 3144 Et
698 3091 1131 3150 dominationem.
1167 3093 1236 3149 Ut
1279 3094 1412 3150 illud
1450 3109 1466 3149 :
1519 3095 1776 3152 Dominus
1824 3101 2098 3168 virtutum,

516 3183 626 3251 ipse
655 3193 733 3238 est
779 3183 888 3239 Rea:
928 3187 1114 3254 gloria:
1141 3188 1186 3242 ⁸.
1226 3185 1503 3258 [Rursusz
1543 3187 1798 3245 Dominus
1847 3193 2097 3247 virtutum
2125 3222 2167 3279 ο

515 3276 811 3342 nobiscum,
843 3277 1086 3347 defensor
1111 3289 1287 3333 noster
1306 3279 1449 3334 Deus
1471 3278 1688 3352 Jacob.]

583 3431 629 3486 A
665 3425 912 3501 potentiis
959 3449 1233 3502 separans.
1278 3431 1373 3487 Gr.
1417 3434 1698 3506 δυνάμεων
1743 3439 2094 3511 ἀφορίζουσα.

2286 2405 2540 2472 Ἑστίας.
2574 2406 2780 2476 Μονῆς,
2815 2405 3099 2476 οἰκήσεως.

2280 2496 2358 2566 Τῇ
2401 2498 2594 2566 ἑνιαίᾳ
2643 2497 2760 2551 τῶν
2808 2497 3193 2566 Χριστιανῶν.
3228 2495 3479 2550 Ἐνιαίαν
3522 2491 3616 2564 τὴν
3658 2493 3762 2549 καθ’

2202 2589 2348 2660 ἡμᾶς
2381 2588 2563 2642 πίστιν
2593 2588 2895 2659 ὠνόμασεν,
2914 2587 2989 2650 ῶς
3020 2587 3198 2658 ἀπλῆν
3228 2605 3288 2640 τε
3319 2589 3412 2642 xui
3442 2587 3651 2658 ἀπλανῆ
3677 2588 3762 2659 τὴν

2199 2679 2297 2734 τοῦ
2330 2679 2482 2743 ὄντος
2514 2679 2728 2751 ἀληθῶς
2763 2681 2807 2712 ⁸⁵
2840 2679 3071 2750 ἔχουσαν
3101 2679 3321 2748 γνῶσιν.
3357 2681 3404 2712 ⁸⁵

2668 2796 2779 2849 ΕΙΣ
2809 2796 2896 2850 ΤΟ
2929 2795 3176 2848 ΚΕΦΑΛ.
3213 2795 3297 2849 Η’.

2269 2886 2298 2960 §
2329 2884 2368 2942 I.
2400 2887 2512 2942 Καὶ
2545 2887 2626 2954 ὡς
2657 2887 2931 2958 δύναμιν.
2978 2885 3133 2941 Κατὰ
3163 2886 3215 2938 τί
3247 2885 3464 2954 λέγεται
3495 2884 3707 2957 δύναμις
3735 2885 3760 2937 ό

2200 2977 2353 3042 Θεός.

2270 3071 2381 3124 Καὶ
2423 3069 2538 3138 τὴν
2592 3070 2854 3138 κυρείαν.
2903 3070 2989 3134 Ὠς
3033 3069 3124 3130 τὸ,
3152 3070 3365 3137 Κύριος
3425 3068 3544 3122 τῶν
3596 3066 3759 3122 δυνά·

2196 3179 2356 3231 μεων
2384 3162 2566 3228 αὐτός
2595 3162 2765 3216 ἐστιν
2795 3165 2828 3216 d
2861 3160 3156 3226 Βασιλεὺς
3187 3160 3296 3228 τῆς
3328 3160 3532 3227 δόξης.
3565 3159 3756 3231 [Πάλινο

2200 3256 2417 3323 Κύριος
2464 3253 2584 3307 τῶν
2633 3253 2945 3323 δυνάμεων
2989 3255 3120 3324 μεθ’
3161 3251 3350 3321 ἡμῶν,
3403 3251 3759 3318 ἀντιλήπτωρ

2198 3346 2368 3417 ἡμῶν
2398 3351 2431 3401 ό
2465 3345 2610 3412 Θεὸς
2641 3345 2884 3418 lambe]

2266 3438 2592 3508 Δυνάμεων
2631 3437 3010 3508 ἀφορίζουσα.
3061 3436 3443 3509 Ἀφορίζουσα,
3507 3435 3758 3490 τουτέστιν

525 3524 903 3596 Ἀφορίζουσα,
937 3524 991 3578 id
1020 3535 1105 3581 est
1135 3525 1481 3595 distinguens
1511 3535 1564 3580 et
1600 3543 1883 3597 separans.

587 3615 616 3687 ς
652 3615 714 3670 ll.
753 3615 1051 3671 Secundum
1090 3617 1382 3686 potentiam
1428 3617 1792 3686 inﬂexibilem,
1823 3619 1918 3676 Gr.
1954 3620 2097 3675 κατά

513 3707 742 3779 δύναμιν
783 3708 1020 3764 ἀκλιτον.
1056 3709 1200 3764 Dixit
1229 3710 1468 3775 άκλιτον,
1503 3711 1552 3765 id
1585 3721 1670 3767 est
1699 3729 1728 3766 a
1760 3715 1982 3784 proprio
2013 3715 2096 3768 fa-

513 3801 678 3871 stigio
701 3815 810 3854 non
841 3801 1298 3869 descendentem;
1331 3819 1438 3858 non
1471 3803 1616 3858 enim
1649 3803 1701 3858 in
1730 3805 1836 3860 vim
1863 3807 2094 3864 inclina-

2223 3804 2507 3876 ιλινόμενος
2556 3805 2636 3868 εἰς
2685 3803 2913 3875 δύναμιν
2971 3802 3329 3874 δημιουργεῖ,
3378 3803 3494 3857 ἀλλ’
3525 3804 3758 3873 ἀκίνητος

512 3899 602 3948 tus
631 3899 910 3963 operatur,
945 3892 1041 3948 sed
1069 3893 1364 3958 immotus,
1389 3911 1564 3966 neque
1593 3895 1647 3950 in
1677 3898 1898 3967 pr0pria
1934 3898 2094 3952 forti-

2223 3898 2287 3951 καὶ
2340 3898 2628 3968 ἄκαμπτος
2673 3895 2932 3967 ὑπάρχων
2974 3894 3076 3965 τῆς
3121 3895 3257 3958 ἰδίας
3311 3895 3493 3966 ἰσχύος
3539 3895 3756 3966 παράγει

511 3983 701 4040 tudine
747 3983 980 4040 inﬂexus
1028 3999 1118 4040 res
1163 3985 1460 4055 producit:
1490 3985 1632 4042 forte
1676 3987 1968 4042 dicendum
2009 3998 2093 4043 est

2227 3989 2262 4044 ἀ
2300 3990 2450 4045 ὄντα.
2483 3990 2637 4061 Τάχα
2678 3989 2738 4044 δὲ
2775 3988 2994 4042 λεκτέον
3027 3989 3308 4043 ᾰώειτον
3339 3990 3433 4042 xui
3465 3989 3525 4042 τὸ
3555 3983 3661 4040 οἷον
3692 3984 3758 4056 μὴ

508 4077 754 4132 ἄκλειστον
783 4086 840 4134 et
879 4077 1037 4149 quasi
1085 4092 1194 4132 non
1237 4079 1522 4147 clausum;
1561 4079 1687 4135 ideo
1723 4080 1877 4134 addit
1923 4080 2089 4136 etiam

2223 4082 2521 4154 λειόμενονο
2575 4082 2656 4136 διὸ
2701 4081 2894 4150 ἐπάγει
2951 4082 3044 4135 xui
3074 4083 3526 4151 ἀπεριόριστονο
3577 4083 3635 4136 οὐ
3664 4080 3759 4150 γὰρ

507 4170 920 4241 ἀπεριόριστον,
949 4171 1490 4241 incircumscriptum
1518 4191 1531 4227 :
1556 4188 1667 4226 non
1696 4173 1841 4227 enim
1875 4172 2088 4226 claudi—

2223 4174 2458 4239 ιλείεται,
2507 4173 2583 4237 ὡς
2621 4172 2964 4244 ἀδυναμοῦσα
3005 4172 3062 4225 έν
3103 4190 3230 4226 τινι*
3276 4174 3391 4228 ἀλλ’
3414 4175 3500 4232 usi
3540 4175 3757 4244 ἀνέῳγεν

509 4269 620 4326 tur,
656 4269 914 4332 tanquam
961 4261 1018 4316 in
1066 4261 1252 4332 aliquo
1305 4261 1517 4316 viribus
1562 4262 1816 4327 deﬁciat;
1844 4263 1940 4318 sed
1993 4263 2087 4338 Dei

2223 4285 2248 4318 ν
2278 4267 2504 4338 δυνάμει
2534 4264 2629 4319 τοῦ
2662 4265 2839 4319 πάντα
2871 4268 3046 4319 ποιεῖν
3075 4267 3108 4337 ἡ
3141 4264 3235 4318 τοῦ
3267 4265 3402 4320 Θεοῦ
3435 4266 3678 4337 δύναμις.

509 4356 684 4410 virtus
705 4355 762 4409 in
792 4355 991 4409 virtute
1018 4354 1204 4408 omnia
1236 4352 1472 4408 faciendi
1499 4370 1716 4423 semper
1743 4358 1944 4425 aperit.
2063 4335 2074 4349 ’

577 4445 648 4500 Et
672 4455 932 4516 potentem
964 4445 1138 4500 reddit
1169 4445 1558 4514 inﬁrmitatem.
1592 4443 1765 4500 Vocat
1800 4447 2089 4503 imbecilli-

2259 4438 2368 4491 Καὶ
2401 4438 2516 4506 τὴν
2544 4437 2866 4492 ἀσθένειαν
2897 4439 3167 4509 δυναμοῒ.
3193 4439 3505 4496 Ἀσθένειαν
3534 4442 3684 4496 καλεῖ
3698 4439 3755 4493 τὰ

509 4547 673 4593 tatem
695 4537 812 4592 habe
832 4537 1135 4592 materialia
1164 4544 1218 4592 et
1237 4544 1457 4592 terrena
1487 4552 1740 4608 corpora,
1769 4554 1893 4609 quae
1919 4541 2084 4596 etiam

2224 4529 2349 4582 λικά
2376 4530 2548 4584 ταῦτα
2580 4531 2673 4584 xui
2711 4532 2961 4603 περίγεια
2994 4532 3218 4604 σώματα
3237 4576 3251 4599 ,
3275 4534 3434 4588 ἅτινα
3457 4537 3547 4589 xui
3573 4535 3755 4605 ἔσχατα

507 4633 753 4682 extrema
776 4626 1002 4692 vestigia
1027 4627 1182 4689 dicit,
1209 4626 1352 4681 sicut
1376 4643 1517 4697 saepe
1546 4643 1712 4698 supra
1746 4631 2084 4697 monuimus,

2223 4624 2378 4694 ιπηχή
2388 4625 2530 4692 ματά
2551 4640 2706 4694 φησι,
2730 4622 2873 4677 καθά
2889 4623 3147 4689 πολλάκις
3165 4627 3423 4699 ἀνωτέρω
3443 4625 3755 4698 ἕφημεν,διέι

507 4713 639 4784 quia
679 4714 913 4770 obscure
959 4723 1014 4770 et
1055 4715 1356 4770 secundum
1407 4719 1683 4786 propriam
1729 4721 2086 4789 aptitudinem

2223 4715 2250 4767 δ
2269 4715 2524 4787 ἀμυδρῶς
2547 4717 2638 4770 xui
2670 4716 2809 4770 κατά
2832 4717 2932 4789 τὴν
2949 4719 3156 4772 οἰκείαν
3181 4720 3591 4792 ἐπιτηδειότητα
3618 4717 3756 4790 μετέ-

510 4805 606 4861 Dei
656 4805 908 4862 virtutem
961 4809 1315 4879 participant.
1375 4807 1441 4862 Et
1489 4809 1558 4864 de
1611 4812 1818 4866 nostris
1865 4813 2084 4883 quidem

2224 4824 2304 4860 ειν
2318 4809 2416 4879 τῆς
2426 4809 2706 4879 δυνάμεως
2720 4809 2813 4864 τοῦ
2827 4810 2984 4864 Θεοῦ.
3001 4812 3109 4864 Καὶ
3126 4827 3191 4864 πε
3200 4812 3251 4881 pi.
3265 4811 3364 4881 μὲν
3376 4811 3484 4864 τῶν
3495 4811 3614 4865 καθ’
3627 4809 3755 4880 ἡμᾶς

507 4897 838 4968 corporibus
888 4899 1095 4956 dictum
1147 4908 1232 4956 est
1266 4920 1278 4955 :
1312 4900 1504 4956 Omnia
1532 4917 1748 4972 possum
1794 4904 1852 4958 in
1895 4921 1954 4959 eo
1995 4907 2085 4976 qui

2223 4900 2457 4972 ωμάτων
2479 4902 2708 4974 εἴρηταιο
2729 4902 2932 4956 Πάντα
2949 4905 3138 4972 ἰσχύω
3159 4904 3318 4970 ἐντῷ
3337 4899 3756 4975 ἐνδυναμοῦντί

509 4988 864 5053 meconfortat
881 4991 951 5054 ⁸⁸,
981 4991 1188 5046 scilicet
1201 4991 1422 5047 Christo
1441 5014 1450 5047 :
1468 4995 1930 5050 considerandum
1956 5013 2085 5053 vero

2223 5012 2256 5047 ε
2288 4993 2527 5065 Χριστῷ·
2573 4995 2874 5066 θεωρητέον
2905 4995 2962 5048 δὲ
2993 4995 3151 5048 τοῦτο
3183 4997 3274 5049 xui.
3312 4998 3370 5049 ὲν
3410 4998 3524 5060 τοῖς
3566 4995 3755 5053 λοιποῖς

505 5083 672 5138 etiam
703 5091 788 5138 est
815 5083 869 5137 in
900 5085 1124 5154 reliquis
1153 5085 1504 5148 animalibus,
1541 5086 1686 5142 sicut
1717 5089 1773 5142 in
1811 5089 2082 5146 culicibus

2223 5087 2466 5153 ’ὡοις,ῶς
2497 5090 2589 5142 ἐπὶ
2619 5088 2727 5141 τῶν
2759 5089 3023 5159 ἐμπίδων,
3044 5089 3136 5142 xui.
3167 5088 3276 5140 τῶν
3311 5088 3506 5160 μυιῶν,
3538 5087 3631 5141 xui
3659 5082 3752 5136 τῶν

504 5184 561 5233 et
591 5176 798 5238 muscis
825 5183 879 5232 et
911 5177 1205 5240 similibus,
1228 5188 1492 5248 quantum
1524 5182 1738 5250 possint
1763 5181 1816 5237 in
1847 5187 2082 5254 pr0priis

2223 5181 2464 5246 οιούτων,
2496 5181 2693 5233 ὁπόσον
2729 5180 3004 5250 ἰσχύουσιν
3036 5183 3220 5244 ἐντοῖς
3251 5180 3472 5245 οἰκείοις
3503 5181 3750 5250 κέντροιςν

505 5267 746 5324 stimulis
790 5265 1049 5322 animalia
1094 5268 1173 5321 sic
1216 5267 1428 5322 inﬁrma
1460 5277 1514 5324 et
1545 5270 1752 5326 nullius
1795 5273 2079 5337 momenti,

2223 5274 2256 5327 ἀ
2287 5274 2457 5338 οὓτως
2489 5275 2686 5345 ἀσθενῆ
2721 5275 2812 5328 xui
2844 5274 3241 5346 ἐξουθενημένα
3273 5273 3388 5338 ζῶα
3410 5313 3426 5339 ,
3460 5273 3750 5342 ἐνδυναμω-

2197 3529 2689 3583 ἀποδιαστέλλουσα
2721 3530 2813 3582 xui
2845 3527 3174 3601 χωρίζουσα.

2265 3620 2370 3692 §ll.
2391 3621 2551 3674 Κατὰ
2573 3619 2830 3688 δύναμιν
2841 3618 3104 3672 ἆκλιτον.
3127 3617 3378 3671 Ἀκλιτον
3392 3616 3518 3688 ἔφη,
3532 3615 3758 3670 τουτέστι

2194 3711 2295 3781 τῆς
2337 3711 2544 3775 οἰκείας
2592 3711 2891 3783 ἀκρότητος
2941 3711 3014 3783 μὴ
3071 3710 3503 3798 ύμοκατιοῦσαν·
3557 3713 3616 3765 ού
3659 3709 3758 3781 γάρ

567 5419 592 5446 θ
627 5407 826 5479 Ephes.
862 5425 936 5476 ιν,
985 5407 1074 5463 14.
1147 5405 1167 5445 ί
1204 5408 1486 5472 Act.xxvl,
1521 5408 1614 5464 24.
1684 5413 1710 5451 ⁸
1745 5409 1892 5466 Psal.
1933 5427 2089 5476 χχιιι,

2317 5416 2364 5453 ε·
2398 5414 2634 5485 Philipp.
2672 5430 2747 5481 tv,
2781 5415 2869 5470 15.

1438 5543 1676 5602 VARI/1‘3
1709 5545 2094 5602 LECTIONES
2134 5547 2222 5602 ET
2253 5547 2802 5606 CORRECTIONES.

589 5657 635 5694 “
654 5657 916 5738 ἀγνωσία.
982 5661 1030 5692 ⁸⁸
1067 5659 1302 5738 ἀληθοῦς
1360 5660 1735 5738 κηρύγματος.
1799 5665 1863 5738 ⁸⁸-
1892 5665 1954 5717 '0
2009 5666 2152 5730 Θεὸς
2187 5667 2392 5738 ῌΛότος
2428 5667 2685 5737 λέγεται,
2731 5670 2813 5722 ὅτι
2846 5667 2940 5722 νοῦ
2990 5669 3083 5722 xui
3143 5667 3336 5738 σοφίας
3386 5650 3745 5738 χορηγόςεικαξ

508 5725 584 5810 ςιζς
608 5724 825 5810 πάντων
862 5724 1014 5810 ,ἔχων
1064 5724 1170 5792 τάξ
1184 5724 1391 5810 αἰτίας,
1419 5724 1632 5810 ’ὼς
1663 5724 1749 5786 διὰ
1777 5735 2013 5810 ’πάντων
2057 5724 2410 5810 χωρῶν,’κᾶὶ
2469 5724 2544 5801 ὡς
2591 5724 2772 5809 πάσης
2824 5739 3126 5810 ἁπλότητος
3169 5724 3547 5810 ἀπλούσὲεροξξ
3614 5724 3743 5810 Delta

511 5793 746 5878 Verbum
768 5793 988 5878 dicitur,
1035 5803 1286 5878 quoniam
1323 5793 1509 5878 mentis
1569 5793 1633 5878 et:
1671 5805 1948 5878 sapientia:
1995 5793 2220 5876 ίαὶᾐὶὶον
2247 5793 2327 5862 est
2351 5846 2366 5871 ,
2388 5816 2437 5862 et
2459 5793 2585 5877 quia
2620 5793 2798 5866 omnes
2833 5793 3063 5866 continet
3097 5793 3312 5874 causas,
3349 5818 3395 5861 et
3423 5793 3545 5878 quia
3579 5795 3743 5855 omnia

501 5869 776 5936 pervadit,
803 5880 852 5922 et
890 5871 1014 5939 quia
1048 5869 1201 5925 omni
1232 5875 1568 5940 simplicitate
1589 5869 1882 5945 simplicior
1903 5885 2002 5930 ost.
