  <div class='ocr_page' id='page_1' title='image "/cluster/home/n/w/nwhite01/storage/ocr_20150623/4/hvd.32044014713200/188.png"; bbox 0 0 3882 6542; ppageno 0'>
   <div class='ocr_carea' id='block_1_1' title="bbox 147 408 2636 471">
    <p class='ocr_par' dir='ltr' id='par_1_1' title="bbox 147 408 2636 471">
     <span class='ocr_line' id='line_1_1' title="bbox 147 408 2636 471; baseline 0 -1"><span class='ocrx_word' id='word_1_1' title='bbox 147 415 230 471; x_wconf 76' lang='lat'><strong>351</strong></span> <span class='ocrx_word' id='word_1_2' title='bbox 873 411 931 468; x_wconf 91' lang='lat' dir='ltr'><strong>S.</strong></span> <span class='ocrx_word' id='word_1_3' title='bbox 967 410 1209 467; x_wconf 72' lang='lat' dir='ltr'><strong>MAXIM!</strong></span> <span class='ocrx_word' id='word_1_4' title='bbox 1237 409 1527 468; x_wconf 71' lang='lat' dir='ltr'><strong>SCHOLIA</strong></span> <span class='ocrx_word' id='word_1_5' title='bbox 1563 410 1628 464; x_wconf 86' lang='lat' dir='ltr'><strong>IN</strong></span> <span class='ocrx_word' id='word_1_6' title='bbox 1663 410 1790 465; x_wconf 83' lang='lat' dir='ltr'><strong>LIB.</strong></span> <span class='ocrx_word' id='word_1_7' title='bbox 1826 409 1914 465; x_wconf 87' lang='lat' dir='ltr'><strong>DE</strong></span> <span class='ocrx_word' id='word_1_8' title='bbox 1952 409 2203 467; x_wconf 83' lang='lat' dir='ltr'><strong>DIVINIS</strong></span> <span class='ocrx_word' id='word_1_9' title='bbox 2241 408 2636 470; x_wconf 82' lang='lat' dir='ltr'><strong>NOMiNlBUS.</strong></span> 
     </span>
    </p>
   </div>
   <div class='ocr_carea' id='block_1_2' title="bbox 3269 416 3375 472">
    <p class='ocr_par' dir='ltr' id='par_1_2' title="bbox 3269 416 3375 472">
     <span class='ocr_line' id='line_1_2' title="bbox 3269 416 3375 472; baseline 0 0"><span class='ocrx_word' id='word_1_10' title='bbox 3269 416 3375 472; x_wconf 75' lang='lat'><strong>358</strong></span> 
     </span>
    </p>
   </div>
   <div class='ocr_carea' id='block_1_3' title="bbox 146 524 1681 598">
    <p class='ocr_par' dir='ltr' id='par_1_3' title="bbox 146 524 1681 598">
     <span class='ocr_line' id='line_1_3' title="bbox 146 524 1681 598; baseline -0.003 -17"><span class='ocrx_word' id='word_1_11' title='bbox 146 528 277 581; x_wconf 80' lang='grc' dir='ltr'><strong>θέντα</strong></span> <span class='ocrx_word' id='word_1_12' title='bbox 305 525 461 598; x_wconf 85' lang='grc' dir='ltr'>παρά</span> <span class='ocrx_word' id='word_1_13' title='bbox 493 525 592 580; x_wconf 89' lang='grc' dir='ltr'>τοῦ</span> <span class='ocrx_word' id='word_1_14' title='bbox 624 527 945 598; x_wconf 83' lang='grc' dir='ltr'>ποιήσαντος</span> <span class='ocrx_word' id='word_1_15' title='bbox 975 525 1130 578; x_wconf 75' lang='grc' dir='ltr'>Θεοῦο</span> <span class='ocrx_word' id='word_1_16' title='bbox 1165 525 1286 578; x_wconf 83' lang='grc' dir='ltr'>ὅθεν</span> <span class='ocrx_word' id='word_1_17' title='bbox 1318 526 1410 578; x_wconf 73' lang='grc' dir='ltr'><strong>καὶ</strong></span> <span class='ocrx_word' id='word_1_18' title='bbox 1443 527 1500 580; x_wconf 83' lang='grc' dir='ltr'><strong>ὲν</strong></span> <span class='ocrx_word' id='word_1_19' title='bbox 1544 524 1681 596; x_wconf 74' lang='grc' dir='ltr'>Ἰωὴ]</span> 
     </span>
    </p>
   </div>
   <div class='ocr_carea' id='block_1_4' title="bbox 1788 524 3376 598">
    <p class='ocr_par' dir='ltr' id='par_1_4' title="bbox 1802 524 3376 588">
     <span class='ocr_line' id='line_1_4' title="bbox 1802 524 3376 588; baseline 0.006 -10"><span class='ocrx_word' id='word_1_20' title='bbox 1802 525 1932 579; x_wconf 91' lang='lat' dir='ltr'><strong>dum</strong></span> <span class='ocrx_word' id='word_1_21' title='bbox 1959 541 1988 578; x_wconf 83' lang='lat' dir='ltr'><strong>a</strong></span> <span class='ocrx_word' id='word_1_22' title='bbox 2019 524 2129 580; x_wconf 91' lang='lat' dir='ltr'><strong>Deo</strong></span> <span class='ocrx_word' id='word_1_23' title='bbox 2155 533 2404 581; x_wconf 82' lang='lat' dir='ltr'><strong>creatore</strong></span> <span class='ocrx_word' id='word_1_24' title='bbox 2431 525 2876 583; x_wconf 87' lang='lat' dir='ltr'><strong>corroborantur.</strong></span> <span class='ocrx_word' id='word_1_25' title='bbox 2911 526 3067 585; x_wconf 86' lang='lat' dir='ltr'><strong>Unde</strong></span> <span class='ocrx_word' id='word_1_26' title='bbox 3089 528 3144 584; x_wconf 90' lang='lat' dir='ltr'><strong>in</strong></span> <span class='ocrx_word' id='word_1_27' title='bbox 3173 529 3324 588; x_wconf 83' lang='lat' dir='ltr'><strong>Joeie</strong></span> <span class='ocrx_word' id='word_1_28' title='bbox 3344 532 3376 574; x_wconf 79' lang='grc' dir='ltr'>ιι</span> 
     </span>
    </p>
   </div>
   <div class='ocr_carea' id='block_1_5' title="bbox 144 617 1696 692">
    <p class='ocr_par' dir='ltr' id='par_1_5' title="bbox 144 617 1696 692">
     <span class='ocr_line' id='line_1_5' title="bbox 144 617 1696 692; baseline -0.001 -20"><span class='ocrx_word' id='word_1_29' title='bbox 144 619 203 691; x_wconf 82' lang='grc' dir='ltr'>τῷ</span> <span class='ocrx_word' id='word_1_30' title='bbox 241 619 362 690; x_wconf 83' lang='grc' dir='ltr'>θείῳ</span> <span class='ocrx_word' id='word_1_31' title='bbox 413 621 674 692; x_wconf 79' lang='grc' dir='ltr'><strong>προφήτῃ</strong></span> <span class='ocrx_word' id='word_1_32' title='bbox 724 619 887 691; x_wconf 66' lang='grc' dir='ltr'>φησιν</span> <span class='ocrx_word' id='word_1_33' title='bbox 923 621 952 672; x_wconf 87' lang='grc' dir='ltr'>ὁ</span> <span class='ocrx_word' id='word_1_34' title='bbox 981 617 1113 682; x_wconf 83' lang='grc' dir='ltr'><strong>Θεὸς</strong></span> <span class='ocrx_word' id='word_1_35' title='bbox 1153 619 1283 690; x_wconf 75' lang='grc' dir='ltr'>περὶ</span> <span class='ocrx_word' id='word_1_36' title='bbox 1329 617 1568 689; x_wconf 84' lang='grc' dir='ltr'>ἁκρίδος,</span> <span class='ocrx_word' id='word_1_37' title='bbox 1603 619 1696 671; x_wconf 79' lang='grc' dir='ltr'><strong>καὶ</strong></span> 
     </span>
    </p>
   </div>
   <div class='ocr_carea' id='block_1_6' title="bbox 147 710 1692 782">
    <p class='ocr_par' dir='ltr' id='par_1_6' title="bbox 147 710 1692 782">
     <span class='ocr_line' id='line_1_6' title="bbox 147 710 1692 782; baseline 0.001 -19"><span class='ocrx_word' id='word_1_38' title='bbox 147 710 374 782; x_wconf 88' lang='grc' dir='ltr'>βρούχου,</span> <span class='ocrx_word' id='word_1_39' title='bbox 411 712 510 765; x_wconf 74' lang='grc' dir='ltr'><strong>καὶ</strong></span> <span class='ocrx_word' id='word_1_40' title='bbox 556 711 803 782; x_wconf 87' lang='grc' dir='ltr'>κάμπης·</span> <span class='ocrx_word' id='word_1_41' title='bbox 859 711 921 765; x_wconf 86' lang='grc' dir='ltr'>Ἡ</span> <span class='ocrx_word' id='word_1_42' title='bbox 947 711 1200 780; x_wconf 78' lang='grc' dir='ltr'>δύναμίς</span> <span class='ocrx_word' id='word_1_43' title='bbox 1226 729 1345 781; x_wconf 84' lang='grc' dir='ltr'><strong>μου</strong></span> <span class='ocrx_word' id='word_1_44' title='bbox 1377 712 1415 780; x_wconf 57' lang='lat' dir='ltr'><strong>vi</strong></span> <span class='ocrx_word' id='word_1_45' title='bbox 1442 710 1692 781; x_wconf 79' lang='grc' dir='ltr'><strong>μεγάλη·</strong></span> 
     </span>
    </p>
   </div>
   <div class='ocr_carea' id='block_1_7' title="bbox 145 802 1696 876">
    <p class='ocr_par' dir='ltr' id='par_1_7' title="bbox 145 802 1696 876">
     <span class='ocr_line' id='line_1_7' title="bbox 145 802 1696 876; baseline 0 -20"><span class='ocrx_word' id='word_1_46' title='bbox 145 805 216 856; x_wconf 79' lang='grc' dir='ltr'>καὶ</span> <span class='ocrx_word' id='word_1_47' title='bbox 253 802 367 867; x_wconf 85' lang='grc' dir='ltr'><strong>πῶς</strong></span> <span class='ocrx_word' id='word_1_48' title='bbox 416 803 549 875; x_wconf 79' lang='grc' dir='ltr'>ἄχρι</span> <span class='ocrx_word' id='word_1_49' title='bbox 589 802 795 856; x_wconf 89' lang='grc' dir='ltr'>τούτων</span> <span class='ocrx_word' id='word_1_50' title='bbox 832 802 892 856; x_wconf 84' lang='grc' dir='ltr'>τὺ</span> <span class='ocrx_word' id='word_1_51' title='bbox 933 803 1366 876; x_wconf 85' lang='grc' dir='ltr'>άπειροδύναμον</span> <span class='ocrx_word' id='word_1_52' title='bbox 1413 803 1507 857; x_wconf 91' lang='grc' dir='ltr'><strong>τοῦ</strong></span> <span class='ocrx_word' id='word_1_53' title='bbox 1561 803 1696 856; x_wconf 93' lang='grc' dir='ltr'>Θεοῦ</span> 
     </span>
    </p>
   </div>
   <div class='ocr_carea' id='block_1_8' title="bbox 143 882 1692 968">
    <p class='ocr_par' dir='ltr' id='par_1_8' title="bbox 143 882 1692 968">
     <span class='ocr_line' id='line_1_8' title="bbox 143 882 1692 968; baseline -0.001 -18"><span class='ocrx_word' id='word_1_54' title='bbox 143 897 321 968; x_wconf 77' lang='grc' dir='ltr'>φθάνει,</span> <span class='ocrx_word' id='word_1_55' title='bbox 358 899 531 967; x_wconf 75' lang='grc' dir='ltr'>φησὶν</span> <span class='ocrx_word' id='word_1_56' title='bbox 563 896 780 960; x_wconf 75' lang='grc' dir='ltr'>εἰκόνας</span> <span class='ocrx_word' id='word_1_57' title='bbox 811 895 1127 968; x_wconf 83' lang='grc' dir='ltr'>θαυμαστὰς</span> <span class='ocrx_word' id='word_1_58' title='bbox 1171 882 1272 950; x_wconf 48' lang='grc' dir='ltr'><strong>καὶ⁸</strong></span> <span class='ocrx_word' id='word_1_59' title='bbox 1305 895 1692 966; x_wconf 83' lang='grc' dir='ltr'><strong>ἀληθεστάτας.</strong></span> 
     </span>
    </p>
   </div>
   <div class='ocr_carea' id='block_1_9' title="bbox 151 987 1694 1061">
    <p class='ocr_par' dir='ltr' id='par_1_9' title="bbox 151 987 1694 1061">
     <span class='ocr_line' id='line_1_9' title="bbox 151 987 1694 1061; baseline 0 -21"><span class='ocrx_word' id='word_1_60' title='bbox 151 987 283 1042; x_wconf 79' lang='grc' dir='ltr'>Ἀλλὰ</span> <span class='ocrx_word' id='word_1_61' title='bbox 314 991 413 1042; x_wconf 77' lang='grc' dir='ltr'><strong>καὶ</strong></span> <span class='ocrx_word' id='word_1_62' title='bbox 444 991 506 1043; x_wconf 83' lang='grc' dir='ltr'>ὲν</span> <span class='ocrx_word' id='word_1_63' title='bbox 535 992 646 1053; x_wconf 85' lang='grc' dir='ltr'><strong>τοῖς</strong></span> <span class='ocrx_word' id='word_1_64' title='bbox 668 987 896 1059; x_wconf 68' lang='grc' dir='ltr'>ἀψύχοις</span> <span class='ocrx_word' id='word_1_65' title='bbox 914 987 975 1041; x_wconf 81' lang='grc' dir='ltr'>τὸ</span> <span class='ocrx_word' id='word_1_66' title='bbox 1002 988 1132 1042; x_wconf 89' lang='grc' dir='ltr'>αὑτὸ</span> <span class='ocrx_word' id='word_1_67' title='bbox 1155 989 1424 1061; x_wconf 87' lang='grc' dir='ltr'>εὑρήσεις,</span> <span class='ocrx_word' id='word_1_68' title='bbox 1451 989 1508 1041; x_wconf 85' lang='grc' dir='ltr'>ὲν</span> <span class='ocrx_word' id='word_1_69' title='bbox 1537 987 1694 1051; x_wconf 85' lang='grc' dir='ltr'>πόαις</span> 
     </span>
    </p>
   </div>
   <div class='ocr_carea' id='block_1_10' title="bbox 141 1079 1696 1153">
    <p class='ocr_par' dir='ltr' id='par_1_10' title="bbox 141 1079 1696 1153">
     <span class='ocr_line' id='line_1_10' title="bbox 141 1079 1696 1153; baseline 0 -19"><span class='ocrx_word' id='word_1_70' title='bbox 141 1082 213 1134; x_wconf 72' lang='grc' dir='ltr'><strong>καὶ</strong></span> <span class='ocrx_word' id='word_1_71' title='bbox 245 1081 518 1150; x_wconf 80' lang='grc' dir='ltr'><strong>βοτάναις,</strong></span> <span class='ocrx_word' id='word_1_72' title='bbox 560 1081 654 1135; x_wconf 77' lang='grc' dir='ltr'>καὶ</span> <span class='ocrx_word' id='word_1_73' title='bbox 689 1080 974 1152; x_wconf 82' lang='grc' dir='ltr'><strong>μετάλλοις</strong></span> <span class='ocrx_word' id='word_1_74' title='bbox 1006 1081 1226 1153; x_wconf 85' lang='grc' dir='ltr'>θεωρῶν</span> <span class='ocrx_word' id='word_1_75' title='bbox 1266 1080 1522 1151; x_wconf 87' lang='grc' dir='ltr'>δυνάμεις</span> <span class='ocrx_word' id='word_1_76' title='bbox 1568 1079 1696 1150; x_wconf 84' lang='grc' dir='ltr'><strong>βλα-</strong></span> 
     </span>
    </p>
   </div>
   <div class='ocr_carea' id='block_1_11' title="bbox 141 1174 1695 1247">
    <p class='ocr_par' dir='ltr' id='par_1_11' title="bbox 141 1174 1695 1247">
     <span class='ocr_line' id='line_1_11' title="bbox 141 1174 1695 1247; baseline 0.001 -20"><span class='ocrx_word' id='word_1_77' title='bbox 141 1174 307 1238; x_wconf 80' lang='grc' dir='ltr'>πτικὰς</span> <span class='ocrx_word' id='word_1_78' title='bbox 338 1175 438 1228; x_wconf 74' lang='grc' dir='ltr'>καὶ</span> <span class='ocrx_word' id='word_1_79' title='bbox 478 1175 808 1247; x_wconf 75' lang='grc' dir='ltr'>ὠφελίμουςο</span> <span class='ocrx_word' id='word_1_80' title='bbox 850 1175 941 1229; x_wconf 77' lang='grc' dir='ltr'><strong>καὶ</strong></span> <span class='ocrx_word' id='word_1_81' title='bbox 974 1174 1252 1247; x_wconf 84' lang='grc' dir='ltr'>εῦθρυπτα</span> <span class='ocrx_word' id='word_1_82' title='bbox 1279 1174 1351 1228; x_wconf 83' lang='grc' dir='ltr'>τά</span> <span class='ocrx_word' id='word_1_83' title='bbox 1381 1174 1567 1238; x_wconf 84' lang='grc' dir='ltr'>πλείω,</span> <span class='ocrx_word' id='word_1_84' title='bbox 1604 1175 1695 1229; x_wconf 72' lang='grc' dir='ltr'><strong>καὶ</strong></span> 
     </span>
    </p>
   </div>
   <div class='ocr_carea' id='block_1_12' title="bbox 140 1265 1688 1340">
    <p class='ocr_par' dir='ltr' id='par_1_12' title="bbox 140 1265 1688 1340">
     <span class='ocr_line' id='line_1_12' title="bbox 140 1265 1688 1340; baseline 0.001 -21"><span class='ocrx_word' id='word_1_85' title='bbox 140 1265 249 1320; x_wconf 75' lang='grc' dir='ltr'>ἄλλα</span> <span class='ocrx_word' id='word_1_86' title='bbox 271 1266 491 1340; x_wconf 81' lang='grc' dir='ltr'>ἰσχυρὰ,</span> <span class='ocrx_word' id='word_1_87' title='bbox 513 1268 606 1321; x_wconf 78' lang='grc' dir='ltr'><strong>καὶ</strong></span> <span class='ocrx_word' id='word_1_88' title='bbox 626 1267 902 1332; x_wconf 85' lang='grc' dir='ltr'>ἁνένδοτα,</span> <span class='ocrx_word' id='word_1_89' title='bbox 926 1268 1001 1331; x_wconf 84' lang='grc' dir='ltr'><strong>ὡς</strong></span> <span class='ocrx_word' id='word_1_90' title='bbox 1023 1267 1114 1321; x_wconf 80' lang='grc' dir='ltr'><strong>τὸν</strong></span> <span class='ocrx_word' id='word_1_91' title='bbox 1137 1267 1437 1338; x_wconf 80' lang='grc' dir='ltr'><strong>ἀδάμαντα.</strong></span> <span class='ocrx_word' id='word_1_92' title='bbox 1462 1266 1688 1332; x_wconf 80' lang='grc' dir='ltr'>Ἀλλως.</span> 
     </span>
    </p>
   </div>
   <div class='ocr_carea' id='block_1_13' title="bbox 148 1358 1693 1433">
    <p class='ocr_par' dir='ltr' id='par_1_13' title="bbox 148 1358 1693 1433">
     <span class='ocr_line' id='line_1_13' title="bbox 148 1358 1693 1433; baseline 0.002 -23"><span class='ocrx_word' id='word_1_93' title='bbox 148 1358 431 1414; x_wconf 80' lang='grc' dir='ltr'>’Δσθένειαν</span> <span class='ocrx_word' id='word_1_94' title='bbox 462 1359 878 1433; x_wconf 86' lang='grc' dir='ltr'>δυναμουμένην</span> <span class='ocrx_word' id='word_1_95' title='bbox 915 1363 972 1414; x_wconf 83' lang='grc' dir='ltr'>ὲν</span> <span class='ocrx_word' id='word_1_96' title='bbox 999 1360 1206 1424; x_wconf 79' lang='grc' dir='ltr'><strong>τούτοις</strong></span> <span class='ocrx_word' id='word_1_97' title='bbox 1233 1359 1302 1414; x_wconf 80' lang='grc' dir='ltr'><strong>τὰ</strong></span> <span class='ocrx_word' id='word_1_98' title='bbox 1330 1360 1693 1414; x_wconf 80' lang='grc' dir='ltr'>ἀσθενέστατα</span> 
     </span>
    </p>
   </div>
   <div class='ocr_carea' id='block_1_14' title="bbox 137 1449 1692 1525">
    <p class='ocr_par' dir='ltr' id='par_1_14' title="bbox 137 1449 1692 1525">
     <span class='ocr_line' id='line_1_14' title="bbox 137 1449 1692 1525; baseline 0.003 -23"><span class='ocrx_word' id='word_1_99' title='bbox 137 1449 224 1503; x_wconf 81' lang='grc' dir='ltr'><strong>τῶν</strong></span> <span class='ocrx_word' id='word_1_100' title='bbox 253 1451 404 1515; x_wconf 83' lang='grc' dir='ltr'>ζώων</span> <span class='ocrx_word' id='word_1_101' title='bbox 443 1454 600 1524; x_wconf 76' lang='grc' dir='ltr'>φησὶ,</span> <span class='ocrx_word' id='word_1_102' title='bbox 624 1452 836 1525; x_wconf 87' lang='grc' dir='ltr'>ταύτην</span> <span class='ocrx_word' id='word_1_103' title='bbox 867 1452 1059 1524; x_wconf 73' lang='grc' dir='ltr'>ἔχοντα</span> <span class='ocrx_word' id='word_1_104' title='bbox 1100 1453 1195 1506; x_wconf 89' lang='grc' dir='ltr'><strong>τοῦ</strong></span> <span class='ocrx_word' id='word_1_105' title='bbox 1227 1453 1396 1517; x_wconf 76' lang='grc' dir='ltr'>ὅντως</span> <span class='ocrx_word' id='word_1_106' title='bbox 1423 1449 1563 1507; x_wconf 75' lang='grc' dir='ltr'>εἶναι</span> <span class='ocrx_word' id='word_1_107' title='bbox 1593 1453 1692 1525; x_wconf 79' lang='grc' dir='ltr'><strong>τὴν</strong></span> 
     </span>
    </p>
   </div>
   <div class='ocr_carea' id='block_1_15' title="bbox 137 1545 1688 1618">
    <p class='ocr_par' dir='ltr' id='par_1_15' title="bbox 137 1545 1688 1618">
     <span class='ocr_line' id='line_1_15' title="bbox 137 1545 1688 1618; baseline 0.001 -21"><span class='ocrx_word' id='word_1_108' title='bbox 137 1545 352 1617; x_wconf 80' lang='grc' dir='ltr'>δύναμιν,</span> <span class='ocrx_word' id='word_1_109' title='bbox 386 1546 421 1618; x_wconf 81' lang='grc' dir='ltr'>ἢ</span> <span class='ocrx_word' id='word_1_110' title='bbox 453 1547 739 1600; x_wconf 82' lang='grc' dir='ltr'>ἀσθένειαν</span> <span class='ocrx_word' id='word_1_111' title='bbox 775 1546 984 1618; x_wconf 77' lang='grc' dir='ltr'><strong>οἰητέον</strong></span> <span class='ocrx_word' id='word_1_112' title='bbox 1024 1545 1124 1617; x_wconf 80' lang='grc' dir='ltr'><strong>τὴν</strong></span> <span class='ocrx_word' id='word_1_113' title='bbox 1154 1545 1359 1616; x_wconf 70' lang='grc' dir='ltr'>ἄψυχον</span> <span class='ocrx_word' id='word_1_114' title='bbox 1394 1545 1486 1598; x_wconf 76' lang='grc' dir='ltr'><strong>καὶ</strong></span> <span class='ocrx_word' id='word_1_115' title='bbox 1516 1545 1688 1618; x_wconf 80' lang='grc' dir='ltr'><strong>πάντη</strong></span> 
     </span>
    </p>
   </div>
   <div class='ocr_carea' id='block_1_16' title="bbox 135 1637 1689 1710">
    <p class='ocr_par' dir='ltr' id='par_1_16' title="bbox 135 1637 1689 1710">
     <span class='ocr_line' id='line_1_16' title="bbox 135 1637 1689 1710; baseline 0.001 -20"><span class='ocrx_word' id='word_1_116' title='bbox 135 1638 357 1710; x_wconf 80' lang='grc' dir='ltr'>ἀκίνητον</span> <span class='ocrx_word' id='word_1_117' title='bbox 388 1637 577 1708; x_wconf 83' lang='grc' dir='ltr'>φύσιν,</span> <span class='ocrx_word' id='word_1_118' title='bbox 611 1639 734 1710; x_wconf 72' lang='grc' dir='ltr'>ἥτις</span> <span class='ocrx_word' id='word_1_119' title='bbox 763 1637 862 1710; x_wconf 84' lang='grc' dir='ltr'>τὴν</span> <span class='ocrx_word' id='word_1_120' title='bbox 892 1637 1146 1710; x_wconf 88' lang='grc' dir='ltr'>οὑσιώδη,</span> <span class='ocrx_word' id='word_1_121' title='bbox 1181 1638 1424 1692; x_wconf 79' lang='grc' dir='ltr'><strong>τουτέστι</strong></span> <span class='ocrx_word' id='word_1_122' title='bbox 1460 1638 1561 1710; x_wconf 81' lang='grc' dir='ltr'><strong>τὴν</strong></span> <span class='ocrx_word' id='word_1_123' title='bbox 1593 1638 1689 1692; x_wconf 90' lang='grc' dir='ltr'><strong>τοῦ</strong></span> 
     </span>
    </p>
   </div>
   <div class='ocr_carea' id='block_1_17' title="bbox 134 1725 1230 1802">
    <p class='ocr_par' dir='ltr' id='par_1_17' title="bbox 134 1725 1230 1802">
     <span class='ocr_line' id='line_1_17' title="bbox 134 1725 1230 1802; baseline 0.002 -20"><span class='ocrx_word' id='word_1_124' title='bbox 134 1729 246 1792; x_wconf 82' lang='grc' dir='ltr'><strong>ὅλως</strong></span> <span class='ocrx_word' id='word_1_125' title='bbox 269 1725 408 1784; x_wconf 70' lang='grc' dir='ltr'>εἶναι</span> <span class='ocrx_word' id='word_1_126' title='bbox 437 1730 689 1802; x_wconf 86' lang='grc' dir='ltr'>δύναμιν,</span> <span class='ocrx_word' id='word_1_127' title='bbox 725 1731 948 1802; x_wconf 75' lang='grc' dir='ltr'>εἴληφεν</span> <span class='ocrx_word' id='word_1_128' title='bbox 978 1734 1042 1784; x_wconf 82' lang='grc' dir='ltr'>ὲκ</span> <span class='ocrx_word' id='word_1_129' title='bbox 1075 1728 1230 1784; x_wconf 88' lang='grc' dir='ltr'>Θεοῦ.</span> 
     </span>
    </p>
   </div>
   <div class='ocr_carea' id='block_1_18' title="bbox 189 1817 1689 1895">
    <p class='ocr_par' dir='ltr' id='par_1_18' title="bbox 189 1817 1689 1895">
     <span class='ocr_line' id='line_1_18' title="bbox 189 1817 1689 1895; baseline -0.001 -18"><span class='ocrx_word' id='word_1_130' title='bbox 189 1821 322 1895; x_wconf 79' lang='lat' dir='ltr'><strong>§lll.</strong></span> <span class='ocrx_word' id='word_1_131' title='bbox 358 1823 474 1878; x_wconf 81' lang='grc' dir='ltr'><strong>Καὶ</strong></span> <span class='ocrx_word' id='word_1_132' title='bbox 508 1821 656 1878; x_wconf 82' lang='grc' dir='ltr'><strong>αὐτὸ</strong></span> <span class='ocrx_word' id='word_1_133' title='bbox 687 1822 786 1887; x_wconf 82' lang='grc' dir='ltr'>δὲ,</span> <span class='ocrx_word' id='word_1_134' title='bbox 818 1825 870 1877; x_wconf 82' lang='grc' dir='ltr'><strong>εί</strong></span> <span class='ocrx_word' id='word_1_135' title='bbox 901 1823 1082 1892; x_wconf 81' lang='grc' dir='ltr'>θέμις.</span> <span class='ocrx_word' id='word_1_136' title='bbox 1118 1821 1438 1886; x_wconf 86' lang='grc' dir='ltr'>Τουτέστιν,</span> <span class='ocrx_word' id='word_1_137' title='bbox 1475 1817 1577 1876; x_wconf 83' lang='grc' dir='ltr'><strong>οὐκ</strong></span> <span class='ocrx_word' id='word_1_138' title='bbox 1619 1817 1689 1893; x_wconf 82' lang='grc' dir='ltr'><strong>ἦν</strong></span> 
     </span>
    </p>
   </div>
   <div class='ocr_carea' id='block_1_19' title="bbox 132 1913 1687 1988">
    <p class='ocr_par' dir='ltr' id='par_1_19' title="bbox 132 1913 1687 1988">
     <span class='ocr_line' id='line_1_19' title="bbox 132 1913 1687 1988; baseline -0.001 -20"><span class='ocrx_word' id='word_1_139' title='bbox 132 1916 322 1970; x_wconf 69' lang='grc' dir='ltr'>δυνατὸν</span> <span class='ocrx_word' id='word_1_140' title='bbox 353 1913 499 1970; x_wconf 78' lang='grc' dir='ltr'>εἶναί</span> <span class='ocrx_word' id='word_1_141' title='bbox 529 1935 582 1970; x_wconf 94' lang='grc' dir='ltr'><strong>τι</strong></span> <span class='ocrx_word' id='word_1_142' title='bbox 613 1917 772 1984; x_wconf 84' lang='grc' dir='ltr'>ὅλως,</span> <span class='ocrx_word' id='word_1_143' title='bbox 806 1915 880 1988; x_wconf 79' lang='grc' dir='ltr'>μὴ</span> <span class='ocrx_word' id='word_1_144' title='bbox 905 1914 1064 1968; x_wconf 90' lang='grc' dir='ltr'>τοῦτο</span> <span class='ocrx_word' id='word_1_145' title='bbox 1099 1914 1198 1986; x_wconf 84' lang='grc' dir='ltr'>τῆς</span> <span class='ocrx_word' id='word_1_146' title='bbox 1229 1913 1380 1979; x_wconf 84' lang='grc' dir='ltr'>θείας</span> <span class='ocrx_word' id='word_1_147' title='bbox 1407 1914 1687 1985; x_wconf 89' lang='grc' dir='ltr'>δυνάμεως</span> 
     </span>
    </p>
   </div>
   <div class='ocr_carea' id='block_1_20' title="bbox 131 2007 585 2080">
    <p class='ocr_par' dir='ltr' id='par_1_20' title="bbox 131 2007 585 2080">
     <span class='ocr_line' id='line_1_20' title="bbox 131 2007 585 2080; baseline 0.004 -20"><span class='ocrx_word' id='word_1_148' title='bbox 131 2007 585 2080; x_wconf 75' lang='grc' dir='ltr'>ὑποστησαμένης.</span> 
     </span>
    </p>
   </div>
   <div class='ocr_carea' id='block_1_21' title="bbox 185 2098 1687 2172">
    <p class='ocr_par' dir='ltr' id='par_1_21' title="bbox 185 2098 1687 2172">
     <span class='ocr_line' id='line_1_21' title="bbox 185 2098 1687 2172; baseline -0.001 -18"><span class='ocrx_word' id='word_1_149' title='bbox 185 2103 438 2171; x_wconf 78' lang='grc' dir='ltr'>Δύναμιν</span> <span class='ocrx_word' id='word_1_150' title='bbox 466 2102 557 2168; x_wconf 85' lang='grc' dir='ltr'>εἷς</span> <span class='ocrx_word' id='word_1_151' title='bbox 588 2101 654 2155; x_wconf 79' lang='grc' dir='ltr'><strong>τὸ</strong></span> <span class='ocrx_word' id='word_1_152' title='bbox 684 2101 835 2155; x_wconf 77' lang='grc' dir='ltr'>εἶναι</span> <span class='ocrx_word' id='word_1_153' title='bbox 866 2102 1010 2170; x_wconf 75' lang='grc' dir='ltr'>ἔχει.</span> <span class='ocrx_word' id='word_1_154' title='bbox 1045 2100 1156 2172; x_wconf 82' lang='grc' dir='ltr'><strong>Τὴν</strong></span> <span class='ocrx_word' id='word_1_155' title='bbox 1183 2098 1407 2170; x_wconf 87' lang='grc' dir='ltr'>δύναμιν</span> <span class='ocrx_word' id='word_1_156' title='bbox 1435 2099 1495 2152; x_wconf 91' lang='grc' dir='ltr'>οὑ</span> <span class='ocrx_word' id='word_1_157' title='bbox 1529 2099 1687 2171; x_wconf 85' lang='grc' dir='ltr'>μόνον</span> 
     </span>
    </p>
   </div>
   <div class='ocr_carea' id='block_1_22' title="bbox 127 2191 1686 2264">
    <p class='ocr_par' dir='ltr' id='par_1_22' title="bbox 127 2191 1686 2264">
     <span class='ocr_line' id='line_1_22' title="bbox 127 2191 1686 2264; baseline 0.001 -18"><span class='ocrx_word' id='word_1_158' title='bbox 127 2192 210 2263; x_wconf 76' lang='grc' dir='ltr'><strong>τὴν</strong></span> <span class='ocrx_word' id='word_1_159' title='bbox 238 2194 311 2257; x_wconf 85' lang='grc' dir='ltr'><strong>είς</strong></span> <span class='ocrx_word' id='word_1_160' title='bbox 340 2193 404 2247; x_wconf 84' lang='grc' dir='ltr'>τὸ</span> <span class='ocrx_word' id='word_1_161' title='bbox 435 2193 758 2247; x_wconf 81' lang='grc' dir='ltr'>συνεστάναι</span> <span class='ocrx_word' id='word_1_162' title='bbox 793 2193 945 2264; x_wconf 78' lang='grc' dir='ltr'>ἰσχὺν</span> <span class='ocrx_word' id='word_1_163' title='bbox 977 2194 1104 2257; x_wconf 84' lang='grc' dir='ltr'>νοεῖ,</span> <span class='ocrx_word' id='word_1_164' title='bbox 1138 2191 1274 2245; x_wconf 80' lang='grc' dir='ltr'>ἀλλὰ</span> <span class='ocrx_word' id='word_1_165' title='bbox 1304 2192 1397 2246; x_wconf 76' lang='grc' dir='ltr'>καὶ</span> <span class='ocrx_word' id='word_1_166' title='bbox 1427 2192 1524 2264; x_wconf 83' lang='grc' dir='ltr'>τὴν</span> <span class='ocrx_word' id='word_1_167' title='bbox 1564 2195 1686 2247; x_wconf 81' lang='grc' dir='ltr'>ἐπι-</span> 
     </span>
    </p>
   </div>
   <div class='ocr_carea' id='block_1_23' title="bbox 126 2279 1682 2356">
    <p class='ocr_par' dir='ltr' id='par_1_23' title="bbox 126 2279 1682 2356">
     <span class='ocr_line' id='line_1_23' title="bbox 126 2279 1682 2356; baseline 0.001 -18"><span class='ocrx_word' id='word_1_168' title='bbox 126 2285 420 2356; x_wconf 77' lang='grc' dir='ltr'>τηδειὸτητα</span> <span class='ocrx_word' id='word_1_169' title='bbox 465 2286 550 2349; x_wconf 88' lang='grc' dir='ltr'><strong>είς</strong></span> <span class='ocrx_word' id='word_1_170' title='bbox 590 2286 650 2338; x_wconf 81' lang='grc' dir='ltr'><strong>τὸ</strong></span> <span class='ocrx_word' id='word_1_171' title='bbox 693 2285 917 2340; x_wconf 89' lang='grc' dir='ltr'>τοιῶσδε</span> <span class='ocrx_word' id='word_1_172' title='bbox 958 2279 1094 2337; x_wconf 78' lang='grc' dir='ltr'>εἶναι</span> <span class='ocrx_word' id='word_1_173' title='bbox 1133 2283 1361 2355; x_wconf 87' lang='grc' dir='ltr'>δύναμιν</span> <span class='ocrx_word' id='word_1_174' title='bbox 1411 2285 1682 2356; x_wconf 81' lang='grc' dir='ltr'>σημαίνει.</span> 
     </span>
    </p>
   </div>
   <div class='ocr_carea' id='block_1_24' title="bbox 125 2375 1687 2448">
    <p class='ocr_par' dir='ltr' id='par_1_24' title="bbox 125 2375 1687 2448">
     <span class='ocr_line' id='line_1_24' title="bbox 125 2375 1687 2448; baseline 0.001 -19"><span class='ocrx_word' id='word_1_175' title='bbox 125 2376 342 2431; x_wconf 84' lang='grc' dir='ltr'>Διάδοσιν</span> <span class='ocrx_word' id='word_1_176' title='bbox 371 2378 430 2431; x_wconf 81' lang='grc' dir='ltr'>δὲ</span> <span class='ocrx_word' id='word_1_177' title='bbox 471 2376 632 2431; x_wconf 82' lang='grc' dir='ltr'>καλεῖ</span> <span class='ocrx_word' id='word_1_178' title='bbox 670 2376 954 2447; x_wconf 79' lang='grc' dir='ltr'>δυνάμεως</span> <span class='ocrx_word' id='word_1_179' title='bbox 979 2375 1078 2448; x_wconf 83' lang='grc' dir='ltr'><strong>τὴν</strong></span> <span class='ocrx_word' id='word_1_180' title='bbox 1106 2377 1186 2440; x_wconf 77' lang='grc' dir='ltr'><strong>εἰς</strong></span> <span class='ocrx_word' id='word_1_181' title='bbox 1226 2375 1294 2429; x_wconf 80' lang='grc' dir='ltr'>τά</span> <span class='ocrx_word' id='word_1_182' title='bbox 1326 2375 1429 2443; x_wconf 78' lang='grc' dir='ltr'>ἔξω</span> <span class='ocrx_word' id='word_1_183' title='bbox 1462 2377 1587 2447; x_wconf 77' lang='grc' dir='ltr'>περὶ</span> <span class='ocrx_word' id='word_1_184' title='bbox 1618 2375 1687 2430; x_wconf 84' lang='grc' dir='ltr'>τά</span> 
     </span>
    </p>
   </div>
   <div class='ocr_carea' id='block_1_25' title="bbox 124 2466 1682 2542">
    <p class='ocr_par' dir='ltr' id='par_1_25' title="bbox 124 2466 1682 2542">
     <span class='ocr_line' id='line_1_25' title="bbox 124 2466 1682 2542; baseline 0.001 -22"><span class='ocrx_word' id='word_1_185' title='bbox 124 2468 236 2523; x_wconf 76' lang='grc' dir='ltr'>ὄντα</span> <span class='ocrx_word' id='word_1_186' title='bbox 260 2469 482 2542; x_wconf 84' lang='grc' dir='ltr'>πρόοδον</span> <span class='ocrx_word' id='word_1_187' title='bbox 510 2470 610 2541; x_wconf 83' lang='grc' dir='ltr'><strong>τῆς</strong></span> <span class='ocrx_word' id='word_1_188' title='bbox 636 2467 892 2541; x_wconf 85' lang='grc' dir='ltr'>προνοίας</span> <span class='ocrx_word' id='word_1_189' title='bbox 911 2466 1004 2520; x_wconf 91' lang='grc' dir='ltr'><strong>τοῦ</strong></span> <span class='ocrx_word' id='word_1_190' title='bbox 1037 2466 1171 2521; x_wconf 89' lang='grc' dir='ltr'>Θεοῦ</span> <span class='ocrx_word' id='word_1_191' title='bbox 1205 2469 1296 2522; x_wconf 80' lang='grc' dir='ltr'>καὶ</span> <span class='ocrx_word' id='word_1_192' title='bbox 1327 2468 1682 2539; x_wconf 85' lang='grc' dir='ltr'>ἀγαθότητος,</span> 
     </span>
    </p>
   </div>
   <div class='ocr_carea' id='block_1_26' title="bbox 124 2557 1684 2632">
    <p class='ocr_par' dir='ltr' id='par_1_26' title="bbox 124 2557 1684 2632">
     <span class='ocr_line' id='line_1_26' title="bbox 124 2557 1684 2632; baseline 0.001 -20"><span class='ocrx_word' id='word_1_193' title='bbox 124 2561 192 2624; x_wconf 75' lang='grc' dir='ltr'><strong>εἰς</strong></span> <span class='ocrx_word' id='word_1_194' title='bbox 217 2561 273 2614; x_wconf 81' lang='grc' dir='ltr'><strong>τὸ</strong></span> <span class='ocrx_word' id='word_1_195' title='bbox 311 2557 453 2616; x_wconf 75' lang='grc' dir='ltr'>εἶναι</span> <span class='ocrx_word' id='word_1_196' title='bbox 483 2561 556 2614; x_wconf 81' lang='grc' dir='ltr'>τὰ</span> <span class='ocrx_word' id='word_1_197' title='bbox 593 2560 726 2615; x_wconf 74' lang='grc' dir='ltr'>ὄντα</span> <span class='ocrx_word' id='word_1_198' title='bbox 765 2561 856 2614; x_wconf 73' lang='grc' dir='ltr'><strong>καὶ</strong></span> <span class='ocrx_word' id='word_1_199' title='bbox 889 2559 1255 2632; x_wconf 81' lang='grc' dir='ltr'>παραχθῆναι.</span> <span class='ocrx_word' id='word_1_200' title='bbox 1308 2561 1417 2613; x_wconf 78' lang='grc' dir='ltr'><strong>Καὶ</strong></span> <span class='ocrx_word' id='word_1_201' title='bbox 1459 2559 1684 2632; x_wconf 83' lang='grc' dir='ltr'>πρώτην</span> 
     </span>
    </p>
   </div>
   <div class='ocr_carea' id='block_1_27' title="bbox 125 2652 1684 2725">
    <p class='ocr_par' dir='ltr' id='par_1_27' title="bbox 125 2652 1684 2725">
     <span class='ocr_line' id='line_1_27' title="bbox 125 2652 1684 2725; baseline 0.001 -19"><span class='ocrx_word' id='word_1_202' title='bbox 125 2653 211 2722; x_wconf 82' lang='grc' dir='ltr'>μὲν</span> <span class='ocrx_word' id='word_1_203' title='bbox 242 2653 474 2725; x_wconf 87' lang='grc' dir='ltr'>δύναμίν</span> <span class='ocrx_word' id='word_1_204' title='bbox 503 2671 638 2724; x_wconf 84' lang='grc' dir='ltr'>φησι</span> <span class='ocrx_word' id='word_1_205' title='bbox 684 2653 783 2725; x_wconf 85' lang='grc' dir='ltr'><strong>τὴν</strong></span> <span class='ocrx_word' id='word_1_206' title='bbox 813 2653 919 2706; x_wconf 89' lang='grc' dir='ltr'><strong>τῶν</strong></span> <span class='ocrx_word' id='word_1_207' title='bbox 953 2654 1140 2707; x_wconf 73' lang='grc' dir='ltr'>ὄντων·</span> <span class='ocrx_word' id='word_1_208' title='bbox 1181 2653 1353 2706; x_wconf 92' lang='grc' dir='ltr'>ταῦτα</span> <span class='ocrx_word' id='word_1_209' title='bbox 1382 2652 1438 2706; x_wconf 83' lang='grc' dir='ltr'><strong>δέ</strong></span> <span class='ocrx_word' id='word_1_210' title='bbox 1478 2654 1584 2707; x_wconf 82' lang='grc' dir='ltr'>εἱσι</span> <span class='ocrx_word' id='word_1_211' title='bbox 1615 2653 1684 2707; x_wconf 80' lang='grc' dir='ltr'>τὰ</span> 
     </span>
    </p>
   </div>
   <div class='ocr_carea' id='block_1_28' title="bbox 123 2743 1682 2818">
    <p class='ocr_par' dir='ltr' id='par_1_28' title="bbox 123 2743 1682 2818">
     <span class='ocr_line' id='line_1_28' title="bbox 123 2743 1682 2818; baseline 0.003 -22"><span class='ocrx_word' id='word_1_212' title='bbox 123 2743 281 2815; x_wconf 81' lang='grc' dir='ltr'>νοητὰ,</span> <span class='ocrx_word' id='word_1_213' title='bbox 305 2748 398 2800; x_wconf 73' lang='grc' dir='ltr'>καὶ</span> <span class='ocrx_word' id='word_1_214' title='bbox 425 2746 697 2818; x_wconf 82' lang='grc' dir='ltr'>ἀσώματα</span> <span class='ocrx_word' id='word_1_215' title='bbox 723 2747 851 2800; x_wconf 79' lang='grc' dir='ltr'>ὄντα</span> <span class='ocrx_word' id='word_1_216' title='bbox 876 2746 1163 2818; x_wconf 88' lang='grc' dir='ltr'>λεγόμενα,</span> <span class='ocrx_word' id='word_1_217' title='bbox 1184 2747 1258 2810; x_wconf 85' lang='grc' dir='ltr'>ὡς</span> <span class='ocrx_word' id='word_1_218' title='bbox 1283 2745 1540 2799; x_wconf 76' lang='grc' dir='ltr'>ἀθάναταο</span> <span class='ocrx_word' id='word_1_219' title='bbox 1569 2750 1682 2811; x_wconf 87' lang='grc' dir='ltr'>τοῖς</span> 
     </span>
    </p>
   </div>
   <div class='ocr_carea' id='block_1_29' title="bbox 120 2836 1683 2913">
    <p class='ocr_par' dir='ltr' id='par_1_29' title="bbox 120 2836 1683 2913">
     <span class='ocr_line' id='line_1_29' title="bbox 120 2836 1683 2913; baseline 0 -23"><span class='ocrx_word' id='word_1_220' title='bbox 120 2836 167 2890; x_wconf 77' lang='grc' dir='ltr'><strong>δέ</strong></span> <span class='ocrx_word' id='word_1_221' title='bbox 202 2857 260 2908; x_wconf 88' lang='grc' dir='ltr'><strong>γε</strong></span> <span class='ocrx_word' id='word_1_222' title='bbox 295 2844 511 2913; x_wconf 81' lang='grc' dir='ltr'><strong>νοητοῖς</strong></span> <span class='ocrx_word' id='word_1_223' title='bbox 548 2841 593 2872; x_wconf 80' lang='grc'><strong>⁸⁷</strong></span> <span class='ocrx_word' id='word_1_224' title='bbox 636 2839 731 2894; x_wconf 72' lang='grc' dir='ltr'><strong>καὶ</strong></span> <span class='ocrx_word' id='word_1_225' title='bbox 772 2838 842 2892; x_wconf 81' lang='grc' dir='ltr'>τὰ</span> <span class='ocrx_word' id='word_1_226' title='bbox 883 2838 1046 2911; x_wconf 79' lang='grc' dir='ltr'>νοερὰ</span> <span class='ocrx_word' id='word_1_227' title='bbox 1083 2837 1575 2908; x_wconf 87' lang='grc' dir='ltr'>συγκατατακτέον,</span> <span class='ocrx_word' id='word_1_228' title='bbox 1605 2838 1683 2903; x_wconf 85' lang='grc' dir='ltr'>ὼς</span> 
     </span>
    </p>
   </div>
   <div class='ocr_carea' id='block_1_30' title="bbox 120 2920 1680 3002">
    <p class='ocr_par' dir='ltr' id='par_1_30' title="bbox 120 2920 1680 3002">
     <span class='ocr_line' id='line_1_30' title="bbox 120 2920 1680 3002; baseline 0.001 -20"><span class='ocrx_word' id='word_1_229' title='bbox 120 2928 328 3002; x_wconf 70' lang='grc' dir='ltr'>ψυχικὰς</span> <span class='ocrx_word' id='word_1_230' title='bbox 356 2933 458 2997; x_wconf 75' lang='grc' dir='ltr'><strong>τὰς</strong></span> <span class='ocrx_word' id='word_1_231' title='bbox 490 2933 583 2986; x_wconf 76' lang='grc' dir='ltr'><strong>καὶ</strong></span> <span class='ocrx_word' id='word_1_232' title='bbox 613 2932 835 3002; x_wconf 77' lang='grc' dir='ltr'>λογικὰς</span> <span class='ocrx_word' id='word_1_233' title='bbox 863 2931 957 2985; x_wconf 87' lang='grc' dir='ltr'><strong>νῦν</strong></span> <span class='ocrx_word' id='word_1_234' title='bbox 986 2920 1300 3002; x_wconf 81' lang='grc' dir='ltr'>λεγομένας·</span> <span class='ocrx_word' id='word_1_235' title='bbox 1331 2933 1360 2984; x_wconf 88' lang='grc' dir='ltr'><strong>ό</strong></span> <span class='ocrx_word' id='word_1_236' title='bbox 1389 2929 1497 3002; x_wconf 87' lang='grc' dir='ltr'><strong>γὰρ</strong></span> <span class='ocrx_word' id='word_1_237' title='bbox 1527 2930 1680 3000; x_wconf 85' lang='grc' dir='ltr'>λόγος</span> 
     </span>
    </p>
   </div>
   <div class='ocr_carea' id='block_1_31' title="bbox 119 3022 1681 3097">
    <p class='ocr_par' dir='ltr' id='par_1_31' title="bbox 119 3022 1681 3097">
     <span class='ocr_line' id='line_1_31' title="bbox 119 3022 1681 3097; baseline 0 -22"><span class='ocrx_word' id='word_1_238' title='bbox 119 3024 228 3089; x_wconf 84' lang='grc' dir='ltr'>νοῦς</span> <span class='ocrx_word' id='word_1_239' title='bbox 267 3028 402 3089; x_wconf 76' lang='grc' dir='ltr'>ἐστι,</span> <span class='ocrx_word' id='word_1_240' title='bbox 438 3025 561 3080; x_wconf 88' lang='grc' dir='ltr'>καθ’</span> <span class='ocrx_word' id='word_1_241' title='bbox 577 3025 637 3079; x_wconf 83' lang='grc' dir='ltr'>ὃν</span> <span class='ocrx_word' id='word_1_242' title='bbox 667 3027 700 3097; x_wconf 81' lang='grc' dir='ltr'>η</span> <span class='ocrx_word' id='word_1_243' title='bbox 751 3023 896 3097; x_wconf 71' lang='grc' dir='ltr'>ψυχὴ</span> <span class='ocrx_word' id='word_1_244' title='bbox 928 3024 1048 3078; x_wconf 85' lang='grc' dir='ltr'>καθ’</span> <span class='ocrx_word' id='word_1_245' title='bbox 1070 3023 1342 3078; x_wconf 77' lang='grc' dir='ltr'>ὑπόϐασιν</span> <span class='ocrx_word' id='word_1_246' title='bbox 1385 3022 1522 3095; x_wconf 80' lang='grc' dir='ltr'>μετὰ</span> <span class='ocrx_word' id='word_1_247' title='bbox 1553 3023 1681 3088; x_wconf 81' lang='grc' dir='ltr'>τοὺς</span> 
     </span>
    </p>
   </div>
   <div class='ocr_carea' id='block_1_32' title="bbox 120 3114 1680 3189">
    <p class='ocr_par' dir='ltr' id='par_1_32' title="bbox 120 3114 1680 3189">
     <span class='ocr_line' id='line_1_32' title="bbox 120 3114 1680 3189; baseline 0.003 -22"><span class='ocrx_word' id='word_1_248' title='bbox 120 3115 361 3183; x_wconf 77' lang='grc' dir='ltr'>ἀγγέλους</span> <span class='ocrx_word' id='word_1_249' title='bbox 425 3116 592 3189; x_wconf 75' lang='grc' dir='ltr'>νοερὰ</span> <span class='ocrx_word' id='word_1_250' title='bbox 626 3116 864 3185; x_wconf 80' lang='grc' dir='ltr'>λέγεται.</span> <span class='ocrx_word' id='word_1_251' title='bbox 896 3114 1027 3171; x_wconf 81' lang='grc' dir='ltr'>Εἶτα</span> <span class='ocrx_word' id='word_1_252' title='bbox 1057 3117 1150 3171; x_wconf 75' lang='grc' dir='ltr'>καὶ</span> <span class='ocrx_word' id='word_1_253' title='bbox 1179 3117 1385 3189; x_wconf 80' lang='grc' dir='ltr'><strong>ταύτης</strong></span> <span class='ocrx_word' id='word_1_254' title='bbox 1417 3117 1680 3188; x_wconf 80' lang='grc' dir='ltr'>ὑφειμένη</span> 
     </span>
    </p>
   </div>
   <div class='ocr_carea' id='block_1_33' title="bbox 119 3203 1680 3284">
    <p class='ocr_par' dir='ltr' id='par_1_33' title="bbox 119 3203 1680 3284">
     <span class='ocr_line' id='line_1_33' title="bbox 119 3203 1680 3284; baseline 0.003 -26"><span class='ocrx_word' id='word_1_255' title='bbox 119 3206 324 3280; x_wconf 79' lang='grc' dir='ltr'>δύναμις</span> <span class='ocrx_word' id='word_1_256' title='bbox 362 3211 395 3282; x_wconf 82' lang='grc' dir='ltr'>ἡ</span> <span class='ocrx_word' id='word_1_257' title='bbox 425 3210 744 3284; x_wconf 82' lang='grc' dir='ltr'>αἰσθητικὴ,</span> <span class='ocrx_word' id='word_1_258' title='bbox 778 3210 811 3281; x_wconf 87' lang='grc' dir='ltr'>ή</span> <span class='ocrx_word' id='word_1_259' title='bbox 842 3209 950 3262; x_wconf 83' lang='grc' dir='ltr'><strong>τῶν</strong></span> <span class='ocrx_word' id='word_1_260' title='bbox 998 3207 1256 3280; x_wconf 77' lang='grc' dir='ltr'>ἐμψύχων</span> <span class='ocrx_word' id='word_1_261' title='bbox 1295 3207 1525 3276; x_wconf 75' lang='grc' dir='ltr'>ἀλόγωνο</span> <span class='ocrx_word' id='word_1_262' title='bbox 1560 3203 1680 3263; x_wconf 79' lang='grc' dir='ltr'>εἶτα</span> 
     </span>
    </p>
   </div>
   <div class='ocr_carea' id='block_1_34' title="bbox 117 3285 1680 3375">
    <p class='ocr_par' dir='ltr' id='par_1_34' title="bbox 117 3285 1680 3375">
     <span class='ocr_line' id='line_1_34' title="bbox 117 3285 1680 3375; baseline -0.001 -19"><span class='ocrx_word' id='word_1_263' title='bbox 117 3299 146 3368; x_wconf 77' lang='grc' dir='ltr'><strong>ἡ</strong></span> <span class='ocrx_word' id='word_1_264' title='bbox 177 3300 389 3375; x_wconf 74' lang='grc' dir='ltr'>ζωτικὴ,</span> <span class='ocrx_word' id='word_1_265' title='bbox 421 3303 519 3357; x_wconf 79' lang='grc' dir='ltr'>καὶ</span> <span class='ocrx_word' id='word_1_266' title='bbox 619 3302 840 3373; x_wconf 82' lang='grc' dir='ltr'>φυτικὴ,</span> <span class='ocrx_word' id='word_1_267' title='bbox 871 3302 903 3372; x_wconf 82' lang='grc' dir='ltr'>ἡ</span> <span class='ocrx_word' id='word_1_268' title='bbox 935 3300 1044 3353; x_wconf 88' lang='grc' dir='ltr'>τῶν</span> <span class='ocrx_word' id='word_1_269' title='bbox 1083 3301 1264 3370; x_wconf 80' lang='grc' dir='ltr'>φυτῶν</span> <span class='ocrx_word' id='word_1_270' title='bbox 1296 3301 1552 3354; x_wconf 84' lang='grc' dir='ltr'>ἁπάντων</span> <span class='ocrx_word' id='word_1_271' title='bbox 1585 3303 1680 3355; x_wconf 80' lang='grc' dir='ltr'><strong>καὶ</strong></span> 
     </span>
    </p>
   </div>
   <div class='ocr_carea' id='block_1_35' title="bbox 119 3389 1679 3464">
    <p class='ocr_par' dir='ltr' id='par_1_35' title="bbox 119 3389 1679 3464">
     <span class='ocr_line' id='line_1_35' title="bbox 119 3389 1679 3464; baseline 0.003 -20"><span class='ocrx_word' id='word_1_272' title='bbox 119 3389 371 3458; x_wconf 76' lang='grc' dir='ltr'>βοτανῶν,</span> <span class='ocrx_word' id='word_1_273' title='bbox 415 3394 540 3448; x_wconf 88' lang='grc' dir='ltr'>καθ’</span> <span class='ocrx_word' id='word_1_274' title='bbox 562 3395 628 3464; x_wconf 76' lang='grc' dir='ltr'><strong>ἦν</strong></span> <span class='ocrx_word' id='word_1_275' title='bbox 679 3393 914 3464; x_wconf 81' lang='grc' dir='ltr'>φυτικὴν</span> <span class='ocrx_word' id='word_1_276' title='bbox 963 3391 1108 3464; x_wconf 74' lang='grc' dir='ltr'><strong>ζωὴν</strong></span> <span class='ocrx_word' id='word_1_277' title='bbox 1160 3391 1398 3446; x_wconf 84' lang='grc' dir='ltr'>ἀνθοῦσι·</span> <span class='ocrx_word' id='word_1_278' title='bbox 1445 3393 1584 3464; x_wconf 85' lang='grc' dir='ltr'>μετὰ</span> <span class='ocrx_word' id='word_1_279' title='bbox 1622 3393 1679 3448; x_wconf 78' lang='grc' dir='ltr'>δὲ</span> 
     </span>
    </p>
   </div>
   <div class='ocr_carea' id='block_1_36' title="bbox 119 3483 1676 3558">
    <p class='ocr_par' dir='ltr' id='par_1_36' title="bbox 119 3483 1676 3558">
     <span class='ocr_line' id='line_1_36' title="bbox 119 3483 1676 3558; baseline 0.004 -24"><span class='ocrx_word' id='word_1_280' title='bbox 119 3483 283 3548; x_wconf 80' lang='grc' dir='ltr'>πάσας</span> <span class='ocrx_word' id='word_1_281' title='bbox 310 3488 341 3557; x_wconf 78' lang='grc' dir='ltr'><strong>ἡ</strong></span> <span class='ocrx_word' id='word_1_282' title='bbox 367 3486 638 3558; x_wconf 86' lang='grc' dir='ltr'>οὑσιὼδης</span> <span class='ocrx_word' id='word_1_283' title='bbox 663 3485 913 3556; x_wconf 84' lang='grc' dir='ltr'>δύναμις,</span> <span class='ocrx_word' id='word_1_284' title='bbox 937 3486 1215 3539; x_wconf 85' lang='grc' dir='ltr'>τουτέστιν</span> <span class='ocrx_word' id='word_1_285' title='bbox 1242 3485 1404 3557; x_wconf 78' lang='grc' dir='ltr'>ἡτῶν</span> <span class='ocrx_word' id='word_1_286' title='bbox 1434 3485 1676 3557; x_wconf 72' lang='grc' dir='ltr'>ἀψύχων,</span> 
     </span>
    </p>
   </div>
   <div class='ocr_carea' id='block_1_37' title="bbox 115 3571 1676 3650">
    <p class='ocr_par' dir='ltr' id='par_1_37' title="bbox 115 3571 1676 3650">
     <span class='ocr_line' id='line_1_37' title="bbox 115 3571 1676 3650; baseline 0.004 -25"><span class='ocrx_word' id='word_1_287' title='bbox 115 3571 218 3627; x_wconf 79' lang='grc' dir='ltr'>οἷον</span> <span class='ocrx_word' id='word_1_288' title='bbox 236 3576 335 3629; x_wconf 86' lang='grc' dir='ltr'><strong>τῶν</strong></span> <span class='ocrx_word' id='word_1_289' title='bbox 360 3577 719 3648; x_wconf 84' lang='grc' dir='ltr'>μεταλλικῶν,</span> <span class='ocrx_word' id='word_1_290' title='bbox 747 3579 840 3630; x_wconf 73' lang='grc' dir='ltr'><strong>καὶ</strong></span> <span class='ocrx_word' id='word_1_291' title='bbox 863 3577 1261 3650; x_wconf 82' lang='grc' dir='ltr'>γεωδεστὲρων,</span> <span class='ocrx_word' id='word_1_292' title='bbox 1287 3579 1409 3649; x_wconf 81' lang='grc' dir='ltr'>ἥτις</span> <span class='ocrx_word' id='word_1_293' title='bbox 1433 3577 1676 3649; x_wconf 89' lang='grc' dir='ltr'>δύναμις,</span> 
     </span>
    </p>
   </div>
   <div class='ocr_carea' id='block_1_38' title="bbox 117 3666 1680 3737">
    <p class='ocr_par' dir='ltr' id='par_1_38' title="bbox 117 3666 1680 3737">
     <span class='ocr_line' id='line_1_38' title="bbox 117 3666 1680 3737; baseline 0.004 -18"><span class='ocrx_word' id='word_1_294' title='bbox 117 3668 147 3737; x_wconf 76' lang='grc' dir='ltr'>ἡ</span> <span class='ocrx_word' id='word_1_295' title='bbox 177 3670 490 3730; x_wconf 78' lang='grc' dir='ltr'>συνιστῶσα,</span> <span class='ocrx_word' id='word_1_296' title='bbox 525 3671 621 3724; x_wconf 77' lang='grc' dir='ltr'><strong>καὶ</strong></span> <span class='ocrx_word' id='word_1_297' title='bbox 651 3671 732 3732; x_wconf 86' lang='grc' dir='ltr'><strong>είς</strong></span> <span class='ocrx_word' id='word_1_298' title='bbox 760 3671 821 3724; x_wconf 83' lang='grc' dir='ltr'>τὸ</span> <span class='ocrx_word' id='word_1_299' title='bbox 850 3666 986 3724; x_wconf 81' lang='grc' dir='ltr'>εἶναι</span> <span class='ocrx_word' id='word_1_300' title='bbox 1027 3671 1268 3737; x_wconf 85' lang='grc' dir='ltr'>διαρκεῖν</span> <span class='ocrx_word' id='word_1_301' title='bbox 1301 3671 1551 3736; x_wconf 87' lang='grc' dir='ltr'>ποιοῦσα,</span> <span class='ocrx_word' id='word_1_302' title='bbox 1585 3673 1680 3726; x_wconf 73' lang='grc' dir='ltr'>καὶ</span> 
     </span>
    </p>
   </div>
   <div class='ocr_carea' id='block_1_39' title="bbox 115 3757 1675 3837">
    <p class='ocr_par' dir='ltr' id='par_1_39' title="bbox 115 3757 1675 3837">
     <span class='ocr_line' id='line_1_39' title="bbox 115 3757 1675 3837; baseline 0.005 -26"><span class='ocrx_word' id='word_1_303' title='bbox 115 3757 204 3830; x_wconf 73' lang='grc' dir='ltr'>τὴν</span> <span class='ocrx_word' id='word_1_304' title='bbox 226 3760 325 3814; x_wconf 87' lang='grc' dir='ltr'><strong>τῶν</strong></span> <span class='ocrx_word' id='word_1_305' title='bbox 354 3764 654 3834; x_wconf 79' lang='grc' dir='ltr'>ποιοτήτων</span> <span class='ocrx_word' id='word_1_306' title='bbox 685 3762 911 3834; x_wconf 88' lang='grc' dir='ltr'>δύναμιν</span> <span class='ocrx_word' id='word_1_307' title='bbox 941 3763 1121 3816; x_wconf 87' lang='grc' dir='ltr'>δίδωσι</span> <span class='ocrx_word' id='word_1_308' title='bbox 1144 3762 1412 3836; x_wconf 84' lang='grc' dir='ltr'>θερμῶνῆ</span> <span class='ocrx_word' id='word_1_309' title='bbox 1434 3765 1675 3837; x_wconf 76' lang='grc' dir='ltr'>ψυχρῶν,</span> 
     </span>
    </p>
   </div>
   <div class='ocr_carea' id='block_1_40' title="bbox 114 3852 1676 3929">
    <p class='ocr_par' dir='ltr' id='par_1_40' title="bbox 114 3852 1676 3929">
     <span class='ocr_line' id='line_1_40' title="bbox 114 3852 1676 3929; baseline 0.005 -25"><span class='ocrx_word' id='word_1_310' title='bbox 114 3852 275 3922; x_wconf 83' lang='grc' dir='ltr'>ἠτῶν</span> <span class='ocrx_word' id='word_1_311' title='bbox 313 3855 437 3927; x_wconf 77' lang='grc' dir='ltr'><strong>ἑξῆς</strong></span> <span class='ocrx_word' id='word_1_312' title='bbox 485 3857 757 3928; x_wconf 83' lang='grc' dir='ltr'>κράσεων’</span> <span class='ocrx_word' id='word_1_313' title='bbox 802 3856 895 3910; x_wconf 58' lang='grc' dir='ltr'><strong>καί¹</strong></span> <span class='ocrx_word' id='word_1_314' title='bbox 933 3857 1053 3929; x_wconf 76' lang='grc' dir='ltr'>ἦτοι</span> <span class='ocrx_word' id='word_1_315' title='bbox 1095 3856 1345 3927; x_wconf 78' lang='grc' dir='ltr'>ὠφελεῖν,</span> <span class='ocrx_word' id='word_1_316' title='bbox 1391 3858 1425 3929; x_wconf 80' lang='grc' dir='ltr'>ἢ</span> <span class='ocrx_word' id='word_1_317' title='bbox 1456 3858 1676 3913; x_wconf 86' lang='grc' dir='ltr'>τοιῶσδε</span> 
     </span>
    </p>
   </div>
   <div class='ocr_carea' id='block_1_41' title="bbox 113 3944 1677 4021">
    <p class='ocr_par' dir='ltr' id='par_1_41' title="bbox 113 3944 1677 4021">
     <span class='ocr_line' id='line_1_41' title="bbox 113 3944 1677 4021; baseline 0.004 -23"><span class='ocrx_word' id='word_1_318' title='bbox 113 3944 342 4014; x_wconf 70' lang='grc' dir='ltr'>ὠφελεῖν.</span> <span class='ocrx_word' id='word_1_319' title='bbox 378 3948 490 4001; x_wconf 77' lang='grc' dir='ltr'><strong>Καὶ</strong></span> <span class='ocrx_word' id='word_1_320' title='bbox 521 3947 622 4012; x_wconf 82' lang='grc' dir='ltr'><strong>τὰς</strong></span> <span class='ocrx_word' id='word_1_321' title='bbox 661 3947 952 4020; x_wconf 84' lang='grc' dir='ltr'>όρεκτικὰς</span> <span class='ocrx_word' id='word_1_322' title='bbox 978 3949 1036 4002; x_wconf 83' lang='grc' dir='ltr'>δὲ</span> <span class='ocrx_word' id='word_1_323' title='bbox 1065 3949 1343 4021; x_wconf 84' lang='grc' dir='ltr'>δυνάμεις,</span> <span class='ocrx_word' id='word_1_324' title='bbox 1373 3950 1469 4004; x_wconf 89' lang='grc' dir='ltr'><strong>τοῦ</strong></span> <span class='ocrx_word' id='word_1_325' title='bbox 1505 3951 1677 4005; x_wconf 85' lang='grc' dir='ltr'>θέλειν</span> 
     </span>
    </p>
   </div>
   <div class='ocr_carea' id='block_1_42' title="bbox 113 4036 1676 4115">
    <p class='ocr_par' dir='ltr' id='par_1_42' title="bbox 113 4036 1676 4115">
     <span class='ocr_line' id='line_1_42' title="bbox 113 4036 1676 4115; baseline 0.006 -27"><span class='ocrx_word' id='word_1_326' title='bbox 113 4036 193 4090; x_wconf 76' lang='grc' dir='ltr'>ἀεὶ</span> <span class='ocrx_word' id='word_1_327' title='bbox 226 4037 312 4110; x_wconf 80' lang='grc' dir='ltr'><strong>[τὰ</strong></span> <span class='ocrx_word' id='word_1_328' title='bbox 347 4039 569 4112; x_wconf 76' lang='grc' dir='ltr'>λογικὰ]</span> <span class='ocrx_word' id='word_1_329' title='bbox 601 4040 860 4094; x_wconf 88' lang='grc' dir='ltr'>δύνασθαι</span> <span class='ocrx_word' id='word_1_330' title='bbox 891 4041 986 4095; x_wconf 75' lang='grc' dir='ltr'><strong>καὶ</strong></span> <span class='ocrx_word' id='word_1_331' title='bbox 1014 4043 1330 4114; x_wconf 78' lang='grc' dir='ltr'>ἐπιθυμεῖν,</span> <span class='ocrx_word' id='word_1_332' title='bbox 1361 4045 1389 4097; x_wconf 88' lang='grc' dir='ltr'><strong>ὀ</strong></span> <span class='ocrx_word' id='word_1_333' title='bbox 1425 4043 1676 4115; x_wconf 86' lang='grc' dir='ltr'>χορηγῶν</span> 
     </span>
    </p>
   </div>
   <div class='ocr_carea' id='block_1_43' title="bbox 113 4132 1678 4206">
    <p class='ocr_par' dir='ltr' id='par_1_43' title="bbox 113 4132 1678 4206">
     <span class='ocr_line' id='line_1_43' title="bbox 113 4132 1678 4206; baseline 0.004 -24"><span class='ocrx_word' id='word_1_334' title='bbox 113 4132 216 4185; x_wconf 75' lang='grc' dir='ltr'>ἐστι</span> <span class='ocrx_word' id='word_1_335' title='bbox 240 4134 386 4199; x_wconf 84' lang='grc' dir='ltr'>Θεὸς,</span> <span class='ocrx_word' id='word_1_336' title='bbox 426 4135 522 4188; x_wconf 72' lang='grc' dir='ltr'>καὶ</span> <span class='ocrx_word' id='word_1_337' title='bbox 552 4134 779 4205; x_wconf 84' lang='grc' dir='ltr'>δυναμοί</span> <span class='ocrx_word' id='word_1_338' title='bbox 808 4133 943 4205; x_wconf 81' lang='grc' dir='ltr'>πρὸς</span> <span class='ocrx_word' id='word_1_339' title='bbox 971 4133 1152 4204; x_wconf 83' lang='grc' dir='ltr'>φιλίαν</span> <span class='ocrx_word' id='word_1_340' title='bbox 1181 4134 1249 4187; x_wconf 87' lang='grc' dir='ltr'><strong>τὰ</strong></span> <span class='ocrx_word' id='word_1_341' title='bbox 1281 4135 1553 4206; x_wconf 84' lang='grc' dir='ltr'>ἡνωμένα,</span> <span class='ocrx_word' id='word_1_342' title='bbox 1583 4135 1678 4188; x_wconf 78' lang='grc' dir='ltr'><strong>καὶ</strong></span> 
     </span>
    </p>
   </div>
   <div class='ocr_carea' id='block_1_44' title="bbox 112 4225 1676 4299">
    <p class='ocr_par' dir='ltr' id='par_1_44' title="bbox 112 4225 1676 4299">
     <span class='ocr_line' id='line_1_44' title="bbox 112 4225 1676 4299; baseline 0.001 -19"><span class='ocrx_word' id='word_1_343' title='bbox 112 4225 234 4295; x_wconf 75' lang='grc' dir='ltr'>πρὸς</span> <span class='ocrx_word' id='word_1_344' title='bbox 259 4227 567 4291; x_wconf 86' lang='grc' dir='ltr'>κοινωνίαν,</span> <span class='ocrx_word' id='word_1_345' title='bbox 615 4225 861 4280; x_wconf 81' lang='grc' dir='ltr'>τουτέστι</span> <span class='ocrx_word' id='word_1_346' title='bbox 891 4225 960 4279; x_wconf 86' lang='grc' dir='ltr'>τὰ</span> <span class='ocrx_word' id='word_1_347' title='bbox 993 4227 1281 4298; x_wconf 84' lang='grc' dir='ltr'>σπέρματα</span> <span class='ocrx_word' id='word_1_348' title='bbox 1311 4228 1528 4282; x_wconf 84' lang='grc' dir='ltr'>πάντων</span> <span class='ocrx_word' id='word_1_349' title='bbox 1559 4229 1676 4299; x_wconf 68' lang='grc' dir='ltr'>ἦτοι</span> 
     </span>
    </p>
   </div>
   <div class='ocr_carea' id='block_1_45' title="bbox 109 4315 1676 4392">
    <p class='ocr_par' dir='ltr' id='par_1_45' title="bbox 109 4315 1676 4392">
     <span class='ocr_line' id='line_1_45' title="bbox 109 4315 1676 4392; baseline 0.001 -20"><span class='ocrx_word' id='word_1_350' title='bbox 109 4315 174 4368; x_wconf 79' lang='grc' dir='ltr'><strong>τὰ</strong></span> <span class='ocrx_word' id='word_1_351' title='bbox 201 4324 431 4391; x_wconf 86' lang='grc' dir='ltr'>στοιχεῖα</span> <span class='ocrx_word' id='word_1_352' title='bbox 477 4319 815 4392; x_wconf 87' lang='grc' dir='ltr'>συμμέτρως</span> <span class='ocrx_word' id='word_1_353' title='bbox 855 4319 992 4391; x_wconf 80' lang='grc' dir='ltr'>πρὸς</span> <span class='ocrx_word' id='word_1_354' title='bbox 1026 4319 1240 4372; x_wconf 82' lang='grc' dir='ltr'>σύνοδον</span> <span class='ocrx_word' id='word_1_355' title='bbox 1284 4320 1556 4385; x_wconf 86' lang='grc' dir='ltr'>ὁδεύοντα,</span> <span class='ocrx_word' id='word_1_356' title='bbox 1584 4322 1676 4374; x_wconf 83' lang='grc' dir='ltr'><strong>καὶ</strong></span> 
     </span>
    </p>
   </div>
   <div class='ocr_carea' id='block_1_46' title="bbox 112 4409 1676 4485">
    <p class='ocr_par' dir='ltr' id='par_1_46' title="bbox 112 4409 1676 4485">
     <span class='ocr_line' id='line_1_46' title="bbox 112 4409 1676 4485; baseline 0.006 -28"><span class='ocrx_word' id='word_1_357' title='bbox 112 4409 233 4478; x_wconf 69' lang='grc' dir='ltr'>πρὸς</span> <span class='ocrx_word' id='word_1_358' title='bbox 263 4411 469 4482; x_wconf 74' lang='grc' dir='ltr'>ἄλληλα</span> <span class='ocrx_word' id='word_1_359' title='bbox 499 4410 830 4482; x_wconf 81' lang='grc' dir='ltr'>μιγνύμενα,</span> <span class='ocrx_word' id='word_1_360' title='bbox 856 4412 950 4465; x_wconf 77' lang='grc' dir='ltr'><strong>καὶ</strong></span> <span class='ocrx_word' id='word_1_361' title='bbox 977 4410 1342 4483; x_wconf 76' lang='grc' dir='ltr'>πλησιάζοντα</span> <span class='ocrx_word' id='word_1_362' title='bbox 1363 4414 1572 4485; x_wconf 88' lang='grc' dir='ltr'>πράως,</span> <span class='ocrx_word' id='word_1_363' title='bbox 1596 4414 1676 4477; x_wconf 82' lang='grc' dir='ltr'>εἰς</span> 
     </span>
    </p>
   </div>
   <div class='ocr_carea' id='block_1_47' title="bbox 110 4496 1675 4578">
    <p class='ocr_par' dir='ltr' id='par_1_47' title="bbox 110 4496 1675 4578">
     <span class='ocr_line' id='line_1_47' title="bbox 110 4496 1675 4578; baseline 0.007 -29"><span class='ocrx_word' id='word_1_364' title='bbox 110 4496 317 4573; x_wconf 78' lang='grc' dir='ltr'>δύναμιν</span> <span class='ocrx_word' id='word_1_365' title='bbox 345 4505 470 4574; x_wconf 82' lang='grc' dir='ltr'>ἄγει</span> <span class='ocrx_word' id='word_1_366' title='bbox 496 4503 595 4557; x_wconf 87' lang='grc' dir='ltr'><strong>τοῦ</strong></span> <span class='ocrx_word' id='word_1_367' title='bbox 623 4503 692 4557; x_wconf 82' lang='grc' dir='ltr'><strong>τὰ</strong></span> <span class='ocrx_word' id='word_1_368' title='bbox 710 4503 942 4576; x_wconf 82' lang='grc' dir='ltr'>αἰσθητά</span> <span class='ocrx_word' id='word_1_369' title='bbox 971 4505 1130 4576; x_wconf 85' lang='grc' dir='ltr'>ὅμοια</span> <span class='ocrx_word' id='word_1_370' title='bbox 1152 4507 1364 4574; x_wconf 78' lang='grc' dir='ltr'>γεννᾷν.</span> <span class='ocrx_word' id='word_1_371' title='bbox 1407 4507 1518 4578; x_wconf 85' lang='grc' dir='ltr'><strong>Τῆς</strong></span> <span class='ocrx_word' id='word_1_372' title='bbox 1545 4507 1675 4576; x_wconf 89' lang='grc' dir='ltr'>γοῦν</span> 
     </span>
    </p>
   </div>
   <div class='ocr_carea' id='block_1_48' title="bbox 1800 614 3376 692">
    <p class='ocr_par' dir='ltr' id='par_1_48' title="bbox 1800 614 3376 692">
     <span class='ocr_line' id='line_1_48' title="bbox 1800 614 3376 692; baseline 0.006 -23"><span class='ocrx_word' id='word_1_373' title='bbox 1800 614 1944 671; x_wconf 88' lang='lat' dir='ltr'><strong>Deus</strong></span> <span class='ocrx_word' id='word_1_374' title='bbox 1974 620 2042 671; x_wconf 90' lang='lat' dir='ltr'><strong>de</strong></span> <span class='ocrx_word' id='word_1_375' title='bbox 2066 617 2276 672; x_wconf 89' lang='lat' dir='ltr'><strong>locusta</strong></span> <span class='ocrx_word' id='word_1_376' title='bbox 2304 621 2357 670; x_wconf 88' lang='lat' dir='ltr'><strong>et</strong></span> <span class='ocrx_word' id='word_1_377' title='bbox 2386 616 2556 672; x_wconf 90' lang='lat' dir='ltr'><strong>bruco</strong></span> <span class='ocrx_word' id='word_1_378' title='bbox 2587 632 2652 672; x_wconf 89' lang='lat' dir='ltr'><strong>ac</strong></span> <span class='ocrx_word' id='word_1_379' title='bbox 2679 633 2848 673; x_wconf 86' lang='lat' dir='ltr'><strong>eruca</strong></span> <span class='ocrx_word' id='word_1_380' title='bbox 2873 619 3061 675; x_wconf 77' lang='lat' dir='ltr'><strong>divino</strong></span> <span class='ocrx_word' id='word_1_381' title='bbox 3097 621 3376 692; x_wconf 73' lang='lat' dir='ltr'><strong>prophetae</strong></span> 
     </span>
    </p>
   </div>
   <div class='ocr_carea' id='block_1_49' title="bbox 1797 708 3367 780">
    <p class='ocr_par' dir='ltr' id='par_1_49' title="bbox 1797 708 3367 780">
     <span class='ocr_line' id='line_1_49' title="bbox 1797 708 3367 780; baseline 0.004 -17"><span class='ocrx_word' id='word_1_382' title='bbox 1797 708 1968 764; x_wconf 91' lang='lat' dir='ltr'><strong>dicit:</strong></span> <span class='ocrx_word' id='word_1_383' title='bbox 2004 708 2184 763; x_wconf 78' lang='lat' dir='ltr'><strong>Virtus</strong></span> <span class='ocrx_word' id='word_1_384' title='bbox 2217 725 2333 764; x_wconf 89' lang='lat' dir='ltr'><strong>mea</strong></span> <span class='ocrx_word' id='word_1_385' title='bbox 2361 724 2588 780; x_wconf 86' lang='lat' dir='ltr'><strong>magna;</strong></span> <span class='ocrx_word' id='word_1_386' title='bbox 2623 717 2677 765; x_wconf 89' lang='lat' dir='ltr'><strong>et</strong></span> <span class='ocrx_word' id='word_1_387' title='bbox 2718 710 2993 780; x_wconf 85' lang='lat' dir='ltr'><strong>quomodo</strong></span> <span class='ocrx_word' id='word_1_388' title='bbox 3025 711 3239 767; x_wconf 82' lang='lat' dir='ltr'><strong>inﬁnita</strong></span> <span class='ocrx_word' id='word_1_389' title='bbox 3270 713 3367 770; x_wconf 86' lang='lat' dir='ltr'><strong>Dei</strong></span> 
     </span>
    </p>
   </div>
   <div class='ocr_carea' id='block_1_50' title="bbox 1797 800 3376 872">
    <p class='ocr_par' dir='ltr' id='par_1_50' title="bbox 1797 800 3376 872">
     <span class='ocr_line' id='line_1_50' title="bbox 1797 800 3376 872; baseline 0.004 -16"><span class='ocrx_word' id='word_1_390' title='bbox 1797 800 1972 856; x_wconf 89' lang='lat' dir='ltr'><strong>virtus</strong></span> <span class='ocrx_word' id='word_1_391' title='bbox 1998 801 2065 856; x_wconf 90' lang='lat' dir='ltr'><strong>ad</strong></span> <span class='ocrx_word' id='word_1_392' title='bbox 2099 802 2215 856; x_wconf 70' lang='lat' dir='ltr'><strong>haec</strong></span> <span class='ocrx_word' id='word_1_393' title='bbox 2240 818 2414 872; x_wconf 91' lang='lat' dir='ltr'><strong>usque</strong></span> <span class='ocrx_word' id='word_1_394' title='bbox 2444 803 2733 872; x_wconf 78' lang='lat' dir='ltr'><strong>pertineat,</strong></span> <span class='ocrx_word' id='word_1_395' title='bbox 2766 802 3104 860; x_wconf 87' lang='lat' dir='ltr'><strong>admirandis</strong></span> <span class='ocrx_word' id='word_1_396' title='bbox 3145 807 3376 864; x_wconf 88' lang='lat' dir='ltr'><strong>verissi-</strong></span> 
     </span>
    </p>
   </div>
   <div class='ocr_carea' id='block_1_51' title="bbox 1795 893 3374 964">
    <p class='ocr_par' dir='ltr' id='par_1_51' title="bbox 1795 893 3374 964">
     <span class='ocr_line' id='line_1_51' title="bbox 1795 893 3374 964; baseline 0.006 -19"><span class='ocrx_word' id='word_1_397' title='bbox 1795 893 2008 962; x_wconf 88' lang='lat' dir='ltr'><strong>misque</strong></span> <span class='ocrx_word' id='word_1_398' title='bbox 2032 893 2224 963; x_wconf 87' lang='lat' dir='ltr'><strong>probat</strong></span> <span class='ocrx_word' id='word_1_399' title='bbox 2249 894 2531 964; x_wconf 82' lang='lat' dir='ltr'><strong>exemplis.</strong></span> <span class='ocrx_word' id='word_1_400' title='bbox 2564 893 2704 960; x_wconf 84' lang='lat' dir='ltr'><strong>Quin</strong></span> <span class='ocrx_word' id='word_1_401' title='bbox 2733 896 2894 950; x_wconf 90' lang='lat' dir='ltr'><strong>etiam</strong></span> <span class='ocrx_word' id='word_1_402' title='bbox 2934 895 3075 951; x_wconf 85' lang='lat' dir='ltr'><strong>idem</strong></span> <span class='ocrx_word' id='word_1_403' title='bbox 3107 896 3161 951; x_wconf 91' lang='lat' dir='ltr'><strong>in</strong></span> <span class='ocrx_word' id='word_1_404' title='bbox 3192 898 3374 954; x_wconf 88' lang='lat' dir='ltr'><strong>inani-</strong></span> 
     </span>
    </p>
   </div>
   <div class='ocr_carea' id='block_1_52' title="bbox 1795 985 3370 1058">
    <p class='ocr_par' dir='ltr' id='par_1_52' title="bbox 1795 985 3370 1058">
     <span class='ocr_line' id='line_1_52' title="bbox 1795 985 3370 1058; baseline 0.007 -22"><span class='ocrx_word' id='word_1_405' title='bbox 1795 985 1934 1051; x_wconf 86' lang='lat' dir='ltr'><strong>mis,</strong></span> <span class='ocrx_word' id='word_1_406' title='bbox 1982 985 2038 1039; x_wconf 91' lang='lat' dir='ltr'><strong>in</strong></span> <span class='ocrx_word' id='word_1_407' title='bbox 2089 985 2275 1041; x_wconf 88' lang='lat' dir='ltr'><strong>herbis</strong></span> <span class='ocrx_word' id='word_1_408' title='bbox 2325 996 2379 1041; x_wconf 92' lang='lat' dir='ltr'><strong>et</strong></span> <span class='ocrx_word' id='word_1_409' title='bbox 2422 987 2760 1056; x_wconf 87' lang='lat' dir='ltr'><strong>graminibus</strong></span> <span class='ocrx_word' id='word_1_410' title='bbox 2789 994 2975 1058; x_wconf 82' lang='lat' dir='ltr'><strong>&#39;atque</strong></span> <span class='ocrx_word' id='word_1_411' title='bbox 3016 990 3274 1056; x_wconf 85' lang='lat' dir='ltr'><strong>metallis,</strong></span> <span class='ocrx_word' id='word_1_412' title='bbox 3320 991 3370 1046; x_wconf 91' lang='lat' dir='ltr'><strong>si</strong></span> 
     </span>
    </p>
   </div>
   <div class='ocr_carea' id='block_1_53' title="bbox 1794 1077 3372 1150">
    <p class='ocr_par' dir='ltr' id='par_1_53' title="bbox 1794 1077 3372 1150">
     <span class='ocr_line' id='line_1_53' title="bbox 1794 1077 3372 1150; baseline 0.003 -18"><span class='ocrx_word' id='word_1_413' title='bbox 1794 1077 2026 1133; x_wconf 77' lang='lat' dir='ltr'><strong>virtutes</strong></span> <span class='ocrx_word' id='word_1_414' title='bbox 2073 1078 2270 1133; x_wconf 85' lang='lat' dir='ltr'><strong>noxias</strong></span> <span class='ocrx_word' id='word_1_415' title='bbox 2317 1087 2373 1133; x_wconf 93' lang='lat' dir='ltr'><strong>et</strong></span> <span class='ocrx_word' id='word_1_416' title='bbox 2422 1080 2582 1134; x_wconf 86' lang='lat' dir='ltr'><strong>utiles</strong></span> <span class='ocrx_word' id='word_1_417' title='bbox 2628 1080 2965 1145; x_wconf 85' lang='lat' dir='ltr'><strong>consideres,</strong></span> <span class='ocrx_word' id='word_1_418' title='bbox 3002 1082 3277 1150; x_wconf 86' lang='lat' dir='ltr'><strong>reperies;</strong></span> <span class='ocrx_word' id='word_1_419' title='bbox 3316 1091 3372 1137; x_wconf 91' lang='lat' dir='ltr'><strong>et</strong></span> 
     </span>
    </p>
   </div>
   <div class='ocr_carea' id='block_1_54' title="bbox 1794 1170 3371 1241">
    <p class='ocr_par' dir='ltr' id='par_1_54' title="bbox 1794 1170 3371 1241">
     <span class='ocr_line' id='line_1_54' title="bbox 1794 1170 3371 1241; baseline 0.004 -18"><span class='ocrx_word' id='word_1_420' title='bbox 1794 1171 1949 1240; x_wconf 91' lang='lat' dir='ltr'><strong>plura</strong></span> <span class='ocrx_word' id='word_1_421' title='bbox 1975 1171 2193 1241; x_wconf 89' lang='lat' dir='ltr'><strong>quidem</strong></span> <span class='ocrx_word' id='word_1_422' title='bbox 2221 1171 2475 1237; x_wconf 78' lang='lat' dir='ltr'><strong>i‘riabilia,</strong></span> <span class='ocrx_word' id='word_1_423' title='bbox 2497 1182 2551 1227; x_wconf 94' lang='lat' dir='ltr'><strong>et</strong></span> <span class='ocrx_word' id='word_1_424' title='bbox 2577 1172 2682 1227; x_wconf 88' lang='lat' dir='ltr'><strong>alia</strong></span> <span class='ocrx_word' id='word_1_425' title='bbox 2710 1170 2862 1226; x_wconf 79' lang='lat' dir='ltr'><strong>firma</strong></span> <span class='ocrx_word' id='word_1_426' title='bbox 2893 1180 2947 1227; x_wconf 91' lang='lat' dir='ltr'><strong>ct</strong></span> <span class='ocrx_word' id='word_1_427' title='bbox 2978 1171 3134 1237; x_wconf 91' lang='lat' dir='ltr'><strong>dura,</strong></span> <span class='ocrx_word' id='word_1_428' title='bbox 3157 1179 3216 1228; x_wconf 90' lang='lat' dir='ltr'><strong>ut</strong></span> <span class='ocrx_word' id='word_1_429' title='bbox 3238 1174 3371 1230; x_wconf 82' lang='lat' dir='ltr'><strong>ada-</strong></span> 
     </span>
    </p>
   </div>
   <div class='ocr_carea' id='block_1_55' title="bbox 1793 1262 3365 1324">
    <p class='ocr_par' dir='ltr' id='par_1_55' title="bbox 1793 1262 3365 1324">
     <span class='ocr_line' id='line_1_55' title="bbox 1793 1262 3365 1324; baseline 0.006 -10"><span class='ocrx_word' id='word_1_430' title='bbox 1793 1273 2055 1318; x_wconf 89' lang='lat' dir='ltr'><strong>mantem.</strong></span> <span class='ocrx_word' id='word_1_431' title='bbox 2111 1262 2304 1320; x_wconf 88' lang='lat' dir='ltr'><strong>Aliter.</strong></span> <span class='ocrx_word' id='word_1_432' title='bbox 2366 1264 2797 1321; x_wconf 88' lang='lat' dir='ltr'><strong>lmbecillitatem</strong></span> <span class='ocrx_word' id='word_1_433' title='bbox 2846 1267 3258 1322; x_wconf 86' lang='lat' dir='ltr'><strong>corroboratam</strong></span> <span class='ocrx_word' id='word_1_434' title='bbox 3309 1269 3365 1324; x_wconf 90' lang='lat' dir='ltr'><strong>in</strong></span> 
     </span>
    </p>
   </div>
   <div class='ocr_carea' id='block_1_56' title="bbox 1793 1353 3368 1420">
    <p class='ocr_par' dir='ltr' id='par_1_56' title="bbox 1793 1353 3368 1420">
     <span class='ocr_line' id='line_1_56' title="bbox 1793 1353 3368 1420; baseline 0.007 -13"><span class='ocrx_word' id='word_1_435' title='bbox 1793 1353 1880 1409; x_wconf 86' lang='lat' dir='ltr'><strong>his</strong></span> <span class='ocrx_word' id='word_1_436' title='bbox 1911 1370 2006 1409; x_wconf 90' lang='lat' dir='ltr'><strong>seu</strong></span> <span class='ocrx_word' id='word_1_437' title='bbox 2053 1355 2158 1410; x_wconf 89' lang='lat' dir='ltr'><strong>hoc</strong></span> <span class='ocrx_word' id='word_1_438' title='bbox 2202 1357 2325 1410; x_wconf 90' lang='lat' dir='ltr'><strong>loco</strong></span> <span class='ocrx_word' id='word_1_439' title='bbox 2357 1357 2792 1413; x_wconf 84' lang='lat' dir='ltr'><strong>imbecillissima</strong></span> <span class='ocrx_word' id='word_1_440' title='bbox 2847 1360 3160 1415; x_wconf 87' lang='lat' dir='ltr'><strong>animalium</strong></span> <span class='ocrx_word' id='word_1_441' title='bbox 3203 1362 3368 1420; x_wconf 87' lang='lat' dir='ltr'><strong>intel-</strong></span> 
     </span>
    </p>
   </div>
   <div class='ocr_carea' id='block_1_57' title="bbox 1791 1445 3364 1522">
    <p class='ocr_par' dir='ltr' id='par_1_57' title="bbox 1791 1445 3364 1522">
     <span class='ocr_line' id='line_1_57' title="bbox 1791 1445 3364 1522; baseline 0.009 -24"><span class='ocrx_word' id='word_1_442' title='bbox 1791 1445 1929 1517; x_wconf 84' lang='lat' dir='ltr'><strong>ligit,</strong></span> <span class='ocrx_word' id='word_1_443' title='bbox 1964 1463 2084 1517; x_wconf 74' lang='lat' dir='ltr'><strong>qua:</strong></span> <span class='ocrx_word' id='word_1_444' title='bbox 2134 1449 2276 1504; x_wconf 89' lang='lat' dir='ltr'><strong>hanc</strong></span> <span class='ocrx_word' id='word_1_445' title='bbox 2323 1449 2580 1505; x_wconf 87' lang='lat' dir='ltr'><strong>virtutem</strong></span> <span class='ocrx_word' id='word_1_446' title='bbox 2626 1466 2754 1506; x_wconf 89' lang='lat' dir='ltr'><strong>vere</strong></span> <span class='ocrx_word' id='word_1_447' title='bbox 2799 1452 3098 1508; x_wconf 86' lang='lat' dir='ltr'><strong>exsistendi</strong></span> <span class='ocrx_word' id='word_1_448' title='bbox 3139 1453 3364 1522; x_wconf 86' lang='lat' dir='ltr'><strong>habent,</strong></span> 
     </span>
    </p>
   </div>
   <div class='ocr_carea' id='block_1_58' title="bbox 1791 1542 3366 1603">
    <p class='ocr_par' dir='ltr' id='par_1_58' title="bbox 1791 1542 3366 1603">
     <span class='ocr_line' id='line_1_58' title="bbox 1791 1542 3366 1603; baseline 0.006 -10"><span class='ocrx_word' id='word_1_449' title='bbox 1791 1548 1885 1594; x_wconf 93' lang='lat' dir='ltr'><strong>aut</strong></span> <span class='ocrx_word' id='word_1_450' title='bbox 1921 1542 2302 1597; x_wconf 89' lang='lat' dir='ltr'><strong>arbitrandum</strong></span> <span class='ocrx_word' id='word_1_451' title='bbox 2348 1549 2432 1597; x_wconf 90' lang='lat' dir='ltr'><strong>est</strong></span> <span class='ocrx_word' id='word_1_452' title='bbox 2472 1542 2899 1598; x_wconf 87' lang='lat' dir='ltr'><strong>imbecillitatem</strong></span> <span class='ocrx_word' id='word_1_453' title='bbox 2947 1559 3068 1599; x_wconf 87' lang='lat' dir='ltr'><strong>esse</strong></span> <span class='ocrx_word' id='word_1_454' title='bbox 3114 1554 3366 1603; x_wconf 86' lang='lat' dir='ltr'><strong>naturam</strong></span> 
     </span>
    </p>
   </div>
   <div class='ocr_carea' id='block_1_59' title="bbox 1791 1631 3362 1707">
    <p class='ocr_par' dir='ltr' id='par_1_59' title="bbox 1791 1631 3362 1707">
     <span class='ocr_line' id='line_1_59' title="bbox 1791 1631 3362 1707; baseline 0.007 -22"><span class='ocrx_word' id='word_1_455' title='bbox 1791 1631 2112 1698; x_wconf 89' lang='lat' dir='ltr'><strong>inanimam,</strong></span> <span class='ocrx_word' id='word_1_456' title='bbox 2143 1648 2479 1706; x_wconf 89' lang='lat' dir='ltr'><strong>prorsusque</strong></span> <span class='ocrx_word' id='word_1_457' title='bbox 2510 1636 2815 1701; x_wconf 84' lang='lat' dir='ltr'><strong>immotam,</strong></span> <span class='ocrx_word' id='word_1_458' title='bbox 2847 1651 2968 1706; x_wconf 68' lang='lat' dir='ltr'><strong>quae</strong></span> <span class='ocrx_word' id='word_1_459' title='bbox 2989 1640 3362 1707; x_wconf 84' lang='lat' dir='ltr'><strong>essentialem,</strong></span> 
     </span>
    </p>
   </div>
   <div class='ocr_carea' id='block_1_60' title="bbox 1789 1723 3292 1801">
    <p class='ocr_par' dir='ltr' id='par_1_60' title="bbox 1789 1723 3292 1801">
     <span class='ocr_line' id='line_1_60' title="bbox 1789 1723 3292 1801; baseline 0.005 -23"><span class='ocrx_word' id='word_1_460' title='bbox 1789 1723 1844 1778; x_wconf 88' lang='lat' dir='ltr'><strong>id</strong></span> <span class='ocrx_word' id='word_1_461' title='bbox 1874 1732 1958 1778; x_wconf 92' lang='lat' dir='ltr'><strong>est</strong></span> <span class='ocrx_word' id='word_1_462' title='bbox 1986 1725 2210 1780; x_wconf 87' lang='lat' dir='ltr'><strong>omnino</strong></span> <span class='ocrx_word' id='word_1_463' title='bbox 2240 1726 2540 1781; x_wconf 86' lang='lat' dir='ltr'><strong>exsisteudi</strong></span> <span class='ocrx_word' id='word_1_464' title='bbox 2572 1727 2824 1782; x_wconf 83' lang='lat' dir='ltr'><strong>virtutem</strong></span> <span class='ocrx_word' id='word_1_465' title='bbox 2857 1743 2888 1780; x_wconf 88' lang='lat' dir='ltr'><strong>a</strong></span> <span class='ocrx_word' id='word_1_466' title='bbox 2920 1726 3028 1783; x_wconf 92' lang='lat' dir='ltr'><strong>Deo</strong></span> <span class='ocrx_word' id='word_1_467' title='bbox 3059 1730 3292 1801; x_wconf 89' lang='lat' dir='ltr'><strong>accepit.</strong></span> 
     </span>
    </p>
   </div>
   <div class='ocr_carea' id='block_1_61' title="bbox 1863 1815 3364 1889">
    <p class='ocr_par' dir='ltr' id='par_1_61' title="bbox 1863 1815 3364 1889">
     <span class='ocr_line' id='line_1_61' title="bbox 1863 1815 3364 1889; baseline 0.008 -20"><span class='ocrx_word' id='word_1_468' title='bbox 1863 1816 1890 1888; x_wconf 86' lang='lat'><strong>§</strong></span> <span class='ocrx_word' id='word_1_469' title='bbox 1922 1815 2011 1872; x_wconf 84' lang='lat' dir='ltr'><strong>ill.</strong></span> <span class='ocrx_word' id='word_1_470' title='bbox 2040 1818 2210 1888; x_wconf 84' lang='lat' dir='ltr'><strong>Atque</strong></span> <span class='ocrx_word' id='word_1_471' title='bbox 2240 1820 2434 1887; x_wconf 81' lang='lat' dir='ltr'><strong>ipsum,</strong></span> <span class='ocrx_word' id='word_1_472' title='bbox 2459 1820 2508 1873; x_wconf 80' lang='lat' dir='ltr'><strong>si</strong></span> <span class='ocrx_word' id='word_1_473' title='bbox 2537 1819 2622 1889; x_wconf 78' lang='lat' dir='ltr'><strong>fas</strong></span> <span class='ocrx_word' id='word_1_474' title='bbox 2663 1829 2760 1874; x_wconf 83' lang='lat' dir='ltr'><strong>est.</strong></span> <span class='ocrx_word' id='word_1_475' title='bbox 2788 1819 2844 1875; x_wconf 89' lang='lat' dir='ltr'><strong>Id</strong></span> <span class='ocrx_word' id='word_1_476' title='bbox 2886 1829 2992 1888; x_wconf 85' lang='lat' dir='ltr'><strong>est,</strong></span> <span class='ocrx_word' id='word_1_477' title='bbox 3024 1822 3364 1887; x_wconf 73' lang='lat' dir='ltr'><strong>impossibile</strong></span> 
     </span>
    </p>
   </div>
   <div class='ocr_carea' id='block_1_62' title="bbox 1789 1909 3363 1979">
    <p class='ocr_par' dir='ltr' id='par_1_62' title="bbox 1789 1909 3363 1979">
     <span class='ocr_line' id='line_1_62' title="bbox 1789 1909 3363 1979; baseline 0.005 -16"><span class='ocrx_word' id='word_1_478' title='bbox 1789 1921 1906 1964; x_wconf 87' lang='lat' dir='ltr'><strong>erat</strong></span> <span class='ocrx_word' id='word_1_479' title='bbox 1937 1909 2141 1979; x_wconf 88' lang='lat' dir='ltr'><strong>aliquid</strong></span> <span class='ocrx_word' id='word_1_480' title='bbox 2172 1911 2400 1966; x_wconf 87' lang='lat' dir='ltr'><strong>omnino</strong></span> <span class='ocrx_word' id='word_1_481' title='bbox 2441 1926 2564 1966; x_wconf 91' lang='lat' dir='ltr'><strong>esse</strong></span> <span class='ocrx_word' id='word_1_482' title='bbox 2591 1950 2607 1976; x_wconf 85' lang='lat'><strong>,</strong></span> <span class='ocrx_word' id='word_1_483' title='bbox 2633 1911 2740 1966; x_wconf 90' lang='lat' dir='ltr'><strong>nisi</strong></span> <span class='ocrx_word' id='word_1_484' title='bbox 2771 1911 2956 1966; x_wconf 87' lang='lat' dir='ltr'><strong>divina</strong></span> <span class='ocrx_word' id='word_1_485' title='bbox 2988 1915 3189 1970; x_wconf 89' lang='lat' dir='ltr'><strong>virtute</strong></span> <span class='ocrx_word' id='word_1_486' title='bbox 3227 1915 3363 1971; x_wconf 90' lang='lat' dir='ltr'><strong>illud</strong></span> 
     </span>
    </p>
   </div>
   <div class='ocr_carea' id='block_1_63' title="bbox 1789 2003 2146 2076">
    <p class='ocr_par' dir='ltr' id='par_1_63' title="bbox 1789 2003 2146 2076">
     <span class='ocr_line' id='line_1_63' title="bbox 1789 2003 2146 2076; baseline 0.003 -19"><span class='ocrx_word' id='word_1_487' title='bbox 1789 2003 2146 2076; x_wconf 87' lang='lat' dir='ltr'><strong>producente.</strong></span> 
     </span>
    </p>
   </div>
   <div class='ocr_carea' id='block_1_64' title="bbox 1862 2091 3363 2162">
    <p class='ocr_par' dir='ltr' id='par_1_64' title="bbox 1862 2091 3363 2162">
     <span class='ocr_line' id='line_1_64' title="bbox 1862 2091 3363 2162; baseline 0.005 -15"><span class='ocrx_word' id='word_1_488' title='bbox 1862 2091 2019 2162; x_wconf 79' lang='lat'><strong>195</strong></span> <span class='ocrx_word' id='word_1_489' title='bbox 2051 2091 2356 2146; x_wconf 82' lang='lat' dir='ltr'><strong>Potentiam</strong></span> <span class='ocrx_word' id='word_1_490' title='bbox 2392 2092 2545 2148; x_wconf 83' lang='lat' dir='ltr'><strong>habet</strong></span> <span class='ocrx_word' id='word_1_491' title='bbox 2577 2103 2636 2148; x_wconf 86' lang='lat' dir='ltr'><strong>ut</strong></span> <span class='ocrx_word' id='word_1_492' title='bbox 2678 2096 2768 2151; x_wconf 81' lang='lat' dir='ltr'><strong>sit.</strong></span> <span class='ocrx_word' id='word_1_493' title='bbox 2814 2095 2918 2152; x_wconf 90' lang='lat' dir='ltr'><strong>Per</strong></span> <span class='ocrx_word' id='word_1_494' title='bbox 2962 2097 3218 2154; x_wconf 89' lang='lat' dir='ltr'><strong>virtutem</strong></span> <span class='ocrx_word' id='word_1_495' title='bbox 3251 2115 3363 2155; x_wconf 90' lang='lat' dir='ltr'><strong>non</strong></span> 
     </span>
    </p>
   </div>
   <div class='ocr_carea' id='block_1_65' title="bbox 1786 2184 3361 2255">
    <p class='ocr_par' dir='ltr' id='par_1_65' title="bbox 1786 2184 3361 2255">
     <span class='ocr_line' id='line_1_65' title="bbox 1786 2184 3361 2255; baseline 0.005 -17"><span class='ocrx_word' id='word_1_496' title='bbox 1786 2192 2000 2238; x_wconf 90' lang='lat' dir='ltr'><strong>tantum</strong></span> <span class='ocrx_word' id='word_1_497' title='bbox 2050 2184 2306 2255; x_wconf 79' lang='lat' dir='ltr'><strong>intelligit</strong></span> <span class='ocrx_word' id='word_1_498' title='bbox 2340 2184 2449 2240; x_wconf 85' lang='lat' dir='ltr'><strong>vim</strong></span> <span class='ocrx_word' id='word_1_499' title='bbox 2479 2186 2547 2240; x_wconf 90' lang='lat' dir='ltr'><strong>ad</strong></span> <span class='ocrx_word' id='word_1_500' title='bbox 2590 2187 3026 2254; x_wconf 88' lang='lat' dir='ltr'><strong>consistendum,</strong></span> <span class='ocrx_word' id='word_1_501' title='bbox 3057 2191 3153 2246; x_wconf 90' lang='lat' dir='ltr'><strong>sed</strong></span> <span class='ocrx_word' id='word_1_502' title='bbox 3196 2191 3361 2246; x_wconf 88' lang='lat' dir='ltr'><strong>etiam</strong></span> 
     </span>
    </p>
   </div>
   <div class='ocr_carea' id='block_1_66' title="bbox 1791 2280 3362 2351">
    <p class='ocr_par' dir='ltr' id='par_1_66' title="bbox 1791 2280 3362 2351">
     <span class='ocr_line' id='line_1_66' title="bbox 1791 2280 3362 2351; baseline 0.001 -14"><span class='ocrx_word' id='word_1_503' title='bbox 1791 2280 2062 2351; x_wconf 76' lang='lat' dir='ltr'><strong>significat</strong></span> <span class='ocrx_word' id='word_1_504' title='bbox 2101 2280 2460 2350; x_wconf 89' lang='lat' dir='ltr'><strong>aptitudinem</strong></span> <span class='ocrx_word' id='word_1_505' title='bbox 2492 2287 2551 2334; x_wconf 91' lang='lat' dir='ltr'><strong>ut</strong></span> <span class='ocrx_word' id='word_1_506' title='bbox 2587 2281 2680 2334; x_wconf 86' lang='lat' dir='ltr'><strong>tali</strong></span> <span class='ocrx_word' id='word_1_507' title='bbox 2707 2280 2870 2336; x_wconf 93' lang='lat' dir='ltr'><strong>modo</strong></span> <span class='ocrx_word' id='word_1_508' title='bbox 2906 2283 2977 2337; x_wconf 88' lang='lat' dir='ltr'><strong>sit</strong></span> <span class='ocrx_word' id='word_1_509' title='bbox 3006 2283 3220 2338; x_wconf 88' lang='lat' dir='ltr'><strong>virtus:</strong></span> <span class='ocrx_word' id='word_1_510' title='bbox 3245 2283 3362 2338; x_wconf 85' lang='lat' dir='ltr'><strong>dis-</strong></span> 
     </span>
    </p>
   </div>
   <div class='ocr_carea' id='block_1_67' title="bbox 1786 2374 3361 2446">
    <p class='ocr_par' dir='ltr' id='par_1_67' title="bbox 1786 2374 3361 2446">
     <span class='ocr_line' id='line_1_67' title="bbox 1786 2374 3361 2446; baseline -0.001 -16"><span class='ocrx_word' id='word_1_511' title='bbox 1786 2375 2138 2430; x_wconf 82' lang='lat' dir='ltr'><strong>tributionem</strong></span> <span class='ocrx_word' id='word_1_512' title='bbox 2197 2389 2326 2429; x_wconf 90' lang='lat' dir='ltr'><strong>vero</strong></span> <span class='ocrx_word' id='word_1_513' title='bbox 2375 2374 2594 2430; x_wconf 90' lang='lat' dir='ltr'><strong>virtutis</strong></span> <span class='ocrx_word' id='word_1_514' title='bbox 2641 2382 2803 2428; x_wconf 86' lang='lat' dir='ltr'><strong>vocat</strong></span> <span class='ocrx_word' id='word_1_515' title='bbox 2848 2389 3199 2446; x_wconf 87' lang='lat' dir='ltr'><strong>progressum</strong></span> <span class='ocrx_word' id='word_1_516' title='bbox 3233 2389 3361 2444; x_wconf 89' lang='lat' dir='ltr'><strong>pro-</strong></span> 
     </span>
    </p>
   </div>
   <div class='ocr_carea' id='block_1_68' title="bbox 1785 2464 3362 2528">
    <p class='ocr_par' dir='ltr' id='par_1_68' title="bbox 1785 2464 3362 2528">
     <span class='ocr_line' id='line_1_68' title="bbox 1785 2464 3362 2528; baseline 0.001 -7"><span class='ocrx_word' id='word_1_517' title='bbox 1785 2465 2036 2522; x_wconf 64' lang='lat' dir='ltr'><strong>videntia:</strong></span> <span class='ocrx_word' id='word_1_518' title='bbox 2060 2472 2115 2521; x_wconf 90' lang='lat' dir='ltr'><strong>et</strong></span> <span class='ocrx_word' id='word_1_519' title='bbox 2146 2465 2404 2520; x_wconf 88' lang='lat' dir='ltr'><strong>bonitatis</strong></span> <span class='ocrx_word' id='word_1_520' title='bbox 2435 2464 2529 2520; x_wconf 90' lang='lat' dir='ltr'><strong>Dei</strong></span> <span class='ocrx_word' id='word_1_521' title='bbox 2561 2465 2626 2520; x_wconf 93' lang='lat' dir='ltr'><strong>ad</strong></span> <span class='ocrx_word' id='word_1_522' title='bbox 2658 2473 2813 2521; x_wconf 80' lang='lat' dir='ltr'><strong>extra</strong></span> <span class='ocrx_word' id='word_1_523' title='bbox 2840 2466 2987 2521; x_wconf 88' lang='lat' dir='ltr'><strong>circa</strong></span> <span class='ocrx_word' id='word_1_524' title='bbox 3018 2482 3129 2528; x_wconf 88' lang='lat' dir='ltr'><strong>res,</strong></span> <span class='ocrx_word' id='word_1_525' title='bbox 3165 2475 3224 2520; x_wconf 90' lang='lat' dir='ltr'><strong>ut</strong></span> <span class='ocrx_word' id='word_1_526' title='bbox 3254 2466 3362 2522; x_wconf 65' lang='lat' dir='ltr'><strong>illa</strong></span> 
     </span>
    </p>
   </div>
   <div class='ocr_carea' id='block_1_69' title="bbox 1785 2555 3356 2628">
    <p class='ocr_par' dir='ltr' id='par_1_69' title="bbox 1785 2555 3356 2628">
     <span class='ocr_line' id='line_1_69' title="bbox 1785 2555 3356 2628; baseline 0.001 -16"><span class='ocrx_word' id='word_1_527' title='bbox 1785 2557 1898 2612; x_wconf 86' lang='lat' dir='ltr'><strong>sint</strong></span> <span class='ocrx_word' id='word_1_528' title='bbox 1937 2564 1990 2614; x_wconf 86' lang='lat' dir='ltr'><strong>et</strong></span> <span class='ocrx_word' id='word_1_529' title='bbox 2032 2558 2428 2628; x_wconf 86' lang='lat' dir='ltr'><strong>producantur.</strong></span> <span class='ocrx_word' id='word_1_530' title='bbox 2461 2555 2527 2611; x_wconf 91' lang='lat' dir='ltr'><strong>Et</strong></span> <span class='ocrx_word' id='word_1_531' title='bbox 2557 2558 2790 2628; x_wconf 87' lang='lat' dir='ltr'><strong>primam</strong></span> <span class='ocrx_word' id='word_1_532' title='bbox 2832 2559 3052 2628; x_wconf 84' lang='lat' dir='ltr'><strong>quidem</strong></span> <span class='ocrx_word' id='word_1_533' title='bbox 3100 2558 3356 2614; x_wconf 89' lang='lat' dir='ltr'><strong>virtutem</strong></span> 
     </span>
    </p>
   </div>
   <div class='ocr_carea' id='block_1_70' title="bbox 1783 2648 3360 2719">
    <p class='ocr_par' dir='ltr' id='par_1_70' title="bbox 1783 2648 3360 2719">
     <span class='ocr_line' id='line_1_70' title="bbox 1783 2648 3360 2719; baseline 0.003 -17"><span class='ocrx_word' id='word_1_534' title='bbox 1783 2649 1917 2702; x_wconf 81' lang='lat' dir='ltr'><strong>dicit</strong></span> <span class='ocrx_word' id='word_1_535' title='bbox 1961 2664 2080 2704; x_wconf 91' lang='lat' dir='ltr'><strong>eam</strong></span> <span class='ocrx_word' id='word_1_536' title='bbox 2114 2665 2235 2719; x_wconf 77' lang='lat' dir='ltr'><strong>quae</strong></span> <span class='ocrx_word' id='word_1_537' title='bbox 2271 2657 2355 2704; x_wconf 87' lang='lat' dir='ltr'><strong>est</strong></span> <span class='ocrx_word' id='word_1_538' title='bbox 2382 2648 2591 2705; x_wconf 89' lang='lat' dir='ltr'><strong>entium</strong></span> <span class='ocrx_word' id='word_1_539' title='bbox 2623 2665 2719 2704; x_wconf 88' lang='lat' dir='ltr'><strong>seu</strong></span> <span class='ocrx_word' id='word_1_540' title='bbox 2750 2649 3214 2717; x_wconf 89' lang='lat' dir='ltr'><strong>substantiarum;</strong></span> <span class='ocrx_word' id='word_1_541' title='bbox 3244 2649 3360 2706; x_wconf 74' lang='lat' dir='ltr'><strong>lucc</strong></span> 
     </span>
    </p>
   </div>
   <div class='ocr_carea' id='block_1_71' title="bbox 1783 2740 3359 2813">
    <p class='ocr_par' dir='ltr' id='par_1_71' title="bbox 1783 2740 3359 2813">
     <span class='ocr_line' id='line_1_71' title="bbox 1783 2740 3359 2813; baseline 0.003 -21"><span class='ocrx_word' id='word_1_542' title='bbox 1783 2747 1964 2795; x_wconf 88' lang='lat' dir='ltr'><strong>autem</strong></span> <span class='ocrx_word' id='word_1_543' title='bbox 2014 2748 2145 2795; x_wconf 82' lang='lat' dir='ltr'><strong>sunt</strong></span> <span class='ocrx_word' id='word_1_544' title='bbox 2191 2740 2554 2812; x_wconf 85' lang='lat' dir='ltr'><strong>intelligibilia</strong></span> <span class='ocrx_word' id='word_1_545' title='bbox 2585 2747 2639 2795; x_wconf 91' lang='lat' dir='ltr'><strong>et</strong></span> <span class='ocrx_word' id='word_1_546' title='bbox 2670 2741 2992 2811; x_wconf 81' lang='lat' dir='ltr'><strong>incorporea</strong></span> <span class='ocrx_word' id='word_1_547' title='bbox 3038 2757 3161 2813; x_wconf 73' lang='lat' dir='ltr'><strong>quae</strong></span> <span class='ocrx_word' id='word_1_548' title='bbox 3209 2743 3359 2797; x_wconf 88' lang='lat' dir='ltr'><strong>entia</strong></span> 
     </span>
    </p>
   </div>
   <div class='ocr_carea' id='block_1_72' title="bbox 1782 2833 3400 2904">
    <p class='ocr_par' dir='ltr' id='par_1_72' title="bbox 1782 2833 3400 2904">
     <span class='ocr_line' id='line_1_72' title="bbox 1782 2833 3400 2904; baseline 0.001 -18"><span class='ocrx_word' id='word_1_549' title='bbox 1782 2833 2132 2904; x_wconf 82' lang='lat' dir='ltr'><strong>dicunturut</strong></span> <span class='ocrx_word' id='word_1_550' title='bbox 2176 2833 2693 2889; x_wconf 79' lang='lat' dir='ltr'><strong>immortaliazcum</strong></span> <span class='ocrx_word' id='word_1_551' title='bbox 2744 2833 3181 2904; x_wconf 87' lang='lat' dir='ltr'><strong>intelligibilibus</strong></span> <span class='ocrx_word' id='word_1_552' title='bbox 3225 2848 3400 2888; x_wconf 71' lang='grc' dir='ltr'>νει-θ’</span> 
     </span>
    </p>
   </div>
   <div class='ocr_carea' id='block_1_73' title="bbox 1781 2927 3358 2998">
    <p class='ocr_par' dir='ltr' id='par_1_73' title="bbox 1781 2927 3358 2998">
     <span class='ocr_line' id='line_1_73' title="bbox 1781 2927 3358 2998; baseline 0.001 -18"><span class='ocrx_word' id='word_1_553' title='bbox 1781 2929 1946 2980; x_wconf 81' lang='lat' dir='ltr'><strong>etiam</strong></span> <span class='ocrx_word' id='word_1_554' title='bbox 1987 2927 2368 2997; x_wconf 74' lang='lat' dir='ltr'><strong>coniungenda</strong></span> <span class='ocrx_word' id='word_1_555' title='bbox 2415 2935 2544 2983; x_wconf 91' lang='lat' dir='ltr'><strong>sunt</strong></span> <span class='ocrx_word' id='word_1_556' title='bbox 2578 2944 2643 2983; x_wconf 88' lang='lat' dir='ltr'><strong>ea</strong></span> <span class='ocrx_word' id='word_1_557' title='bbox 2675 2942 2796 2998; x_wconf 67' lang='lat' dir='ltr'><strong>quae</strong></span> <span class='ocrx_word' id='word_1_558' title='bbox 2845 2927 3179 2998; x_wconf 89' lang='lat' dir='ltr'><strong>intelligunt,</strong></span> <span class='ocrx_word' id='word_1_559' title='bbox 3212 2927 3358 2982; x_wconf 85' lang='lat' dir='ltr'><strong>sicut</strong></span> 
     </span>
    </p>
   </div>
   <div class='ocr_carea' id='block_1_74' title="bbox 1781 3018 3354 3088">
    <p class='ocr_par' dir='ltr' id='par_1_74' title="bbox 1781 3018 3354 3088">
     <span class='ocr_line' id='line_1_74' title="bbox 1781 3018 3354 3088; baseline -0.001 -16"><span class='ocrx_word' id='word_1_560' title='bbox 1781 3021 1975 3074; x_wconf 73' lang='lat' dir='ltr'><strong>anima:</strong></span> <span class='ocrx_word' id='word_1_561' title='bbox 2015 3035 2137 3088; x_wconf 76' lang='lat' dir='ltr'><strong>qua:</strong></span> <span class='ocrx_word' id='word_1_562' title='bbox 2184 3021 2480 3076; x_wconf 85' lang='lat' dir='ltr'><strong>rationales</strong></span> <span class='ocrx_word' id='word_1_563' title='bbox 2512 3020 2675 3075; x_wconf 91' lang='lat' dir='ltr'><strong>modo</strong></span> <span class='ocrx_word' id='word_1_564' title='bbox 2715 3020 3012 3075; x_wconf 89' lang='lat' dir='ltr'><strong>dicuntur:</strong></span> <span class='ocrx_word' id='word_1_565' title='bbox 3038 3019 3180 3073; x_wconf 82' lang='lat' dir='ltr'><strong>ratio</strong></span> <span class='ocrx_word' id='word_1_566' title='bbox 3208 3018 3354 3073; x_wconf 82' lang='lat' dir='ltr'><strong>enim</strong></span> 
     </span>
    </p>
   </div>
   <div class='ocr_carea' id='block_1_75' title="bbox 1780 3109 3355 3182">
    <p class='ocr_par' dir='ltr' id='par_1_75' title="bbox 1780 3109 3355 3182">
     <span class='ocr_line' id='line_1_75' title="bbox 1780 3109 3355 3182; baseline -0.003 -16"><span class='ocrx_word' id='word_1_567' title='bbox 1780 3121 1862 3166; x_wconf 89' lang='lat' dir='ltr'><strong>est</strong></span> <span class='ocrx_word' id='word_1_568' title='bbox 1895 3127 2050 3166; x_wconf 88' lang='lat' dir='ltr'><strong>meus</strong></span> <span class='ocrx_word' id='word_1_569' title='bbox 2080 3127 2178 3182; x_wconf 87' lang='lat' dir='ltr'><strong>per</strong></span> <span class='ocrx_word' id='word_1_570' title='bbox 2203 3127 2365 3182; x_wconf 85' lang='lat' dir='ltr'><strong>quam</strong></span> <span class='ocrx_word' id='word_1_571' title='bbox 2404 3113 2586 3166; x_wconf 89' lang='lat' dir='ltr'><strong>anima</strong></span> <span class='ocrx_word' id='word_1_572' title='bbox 2618 3113 2920 3168; x_wconf 90' lang='lat' dir='ltr'><strong>secundum</strong></span> <span class='ocrx_word' id='word_1_573' title='bbox 2954 3109 3355 3180; x_wconf 72' lang='lat' dir='ltr'><strong>subiectionem</strong></span> 
     </span>
    </p>
   </div>
   <div class='ocr_carea' id='block_1_76' title="bbox 1706 3201 3360 3293">
    <p class='ocr_par' dir='ltr' id='par_1_76' title="bbox 1706 3201 3360 3293">
     <span class='ocr_line' id='line_1_76' title="bbox 1706 3201 3360 3293; baseline -0.003 -33"><span class='ocrx_word' id='word_1_574' title='bbox 1706 3237 1746 3293; x_wconf 65' lang='grc' dir='ltr'><strong><em>ε</em></strong></span> <span class='ocrx_word' id='word_1_575' title='bbox 1781 3213 1904 3274; x_wconf 85' lang='lat' dir='ltr'><strong>post</strong></span> <span class='ocrx_word' id='word_1_576' title='bbox 1933 3206 2179 3275; x_wconf 83' lang='lat' dir='ltr'><strong>angelos,</strong></span> <span class='ocrx_word' id='word_1_577' title='bbox 2203 3221 2298 3258; x_wconf 89' lang='lat' dir='ltr'><strong>seu</strong></span> <span class='ocrx_word' id='word_1_578' title='bbox 2339 3205 2393 3258; x_wconf 92' lang='lat' dir='ltr'><strong>in</strong></span> <span class='ocrx_word' id='word_1_579' title='bbox 2426 3206 2597 3274; x_wconf 85' lang='lat' dir='ltr'><strong>gradu</strong></span> <span class='ocrx_word' id='word_1_580' title='bbox 2630 3205 2839 3275; x_wconf 76' lang='lat' dir='ltr'><strong>angelis</strong></span> <span class='ocrx_word' id='word_1_581' title='bbox 2871 3202 3118 3266; x_wconf 82' lang='lat' dir='ltr'><strong>inferior,</strong></span> <span class='ocrx_word' id='word_1_582' title='bbox 3151 3201 3360 3256; x_wconf 81' lang='lat' dir='ltr'><strong>intelli-</strong></span> 
     </span>
    </p>
   </div>
   <div class='ocr_carea' id='block_1_77' title="bbox 1782 3293 3360 3369">
    <p class='ocr_par' dir='ltr' id='par_1_77' title="bbox 1782 3293 3360 3369">
     <span class='ocr_line' id='line_1_77' title="bbox 1782 3293 3360 3369; baseline -0.003 -17"><span class='ocrx_word' id='word_1_583' title='bbox 1782 3313 1916 3369; x_wconf 82' lang='lat' dir='ltr'><strong>gens</strong></span> <span class='ocrx_word' id='word_1_584' title='bbox 1957 3296 2180 3353; x_wconf 88' lang='lat' dir='ltr'><strong>dicitur.</strong></span> <span class='ocrx_word' id='word_1_585' title='bbox 2215 3296 2417 3352; x_wconf 88' lang='lat' dir='ltr'><strong>Postea</strong></span> <span class='ocrx_word' id='word_1_586' title='bbox 2453 3296 2584 3350; x_wconf 87' lang='lat' dir='ltr'><strong>huic</strong></span> <span class='ocrx_word' id='word_1_587' title='bbox 2617 3296 2836 3352; x_wconf 87' lang='lat' dir='ltr'><strong>subdita</strong></span> <span class='ocrx_word' id='word_1_588' title='bbox 2867 3303 2952 3351; x_wconf 90' lang='lat' dir='ltr'><strong>est</strong></span> <span class='ocrx_word' id='word_1_589' title='bbox 2979 3295 3156 3350; x_wconf 84' lang='lat' dir='ltr'><strong>virtus</strong></span> <span class='ocrx_word' id='word_1_590' title='bbox 3180 3293 3360 3348; x_wconf 83' lang='lat' dir='ltr'><strong>sensi-</strong></span> 
     </span>
    </p>
   </div>
   <div class='ocr_carea' id='block_1_78' title="bbox 1781 3387 3360 3456">
    <p class='ocr_par' dir='ltr' id='par_1_78' title="bbox 1781 3387 3360 3456">
     <span class='ocr_line' id='line_1_78' title="bbox 1781 3387 3360 3456; baseline -0.003 -13"><span class='ocrx_word' id='word_1_591' title='bbox 1781 3389 1890 3444; x_wconf 89' lang='lat' dir='ltr'><strong>tiva</strong></span> <span class='ocrx_word' id='word_1_592' title='bbox 1915 3391 2278 3444; x_wconf 89' lang='lat' dir='ltr'><strong>animatorum</strong></span> <span class='ocrx_word' id='word_1_593' title='bbox 2301 3389 2607 3451; x_wconf 90' lang='lat' dir='ltr'><strong>brutorum,</strong></span> <span class='ocrx_word' id='word_1_594' title='bbox 2623 3388 2816 3443; x_wconf 87' lang='lat' dir='ltr'><strong>deinde</strong></span> <span class='ocrx_word' id='word_1_595' title='bbox 2834 3387 3037 3451; x_wconf 80' lang='lat' dir='ltr'><strong>vitalis,</strong></span> <span class='ocrx_word' id='word_1_596' title='bbox 3056 3401 3120 3440; x_wconf 86' lang='lat' dir='ltr'><strong>ac</strong></span> <span class='ocrx_word' id='word_1_597' title='bbox 3140 3392 3360 3456; x_wconf 87' lang='lat' dir='ltr'><strong>vegeta-</strong></span> 
     </span>
    </p>
   </div>
   <div class='ocr_carea' id='block_1_79' title="bbox 1781 3479 3360 3550">
    <p class='ocr_par' dir='ltr' id='par_1_79' title="bbox 1781 3479 3360 3550">
     <span class='ocr_line' id='line_1_79' title="bbox 1781 3479 3360 3550; baseline 0 -18"><span class='ocrx_word' id='word_1_598' title='bbox 1781 3482 1890 3535; x_wconf 85' lang='lat' dir='ltr'><strong>tiva</strong></span> <span class='ocrx_word' id='word_1_599' title='bbox 1945 3481 2255 3550; x_wconf 86' lang='lat' dir='ltr'><strong>plantarum</strong></span> <span class='ocrx_word' id='word_1_600' title='bbox 2304 3480 2548 3534; x_wconf 90' lang='lat' dir='ltr'><strong>omnium</strong></span> <span class='ocrx_word' id='word_1_601' title='bbox 2597 3495 2660 3533; x_wconf 90' lang='lat' dir='ltr'><strong>ac</strong></span> <span class='ocrx_word' id='word_1_602' title='bbox 2705 3479 3018 3542; x_wconf 73' lang='lat' dir='ltr'><strong>herbarum,</strong></span> <span class='ocrx_word' id='word_1_603' title='bbox 3047 3493 3169 3548; x_wconf 74' lang='lat' dir='ltr'><strong>qua:</strong></span> <span class='ocrx_word' id='word_1_604' title='bbox 3198 3492 3360 3547; x_wconf 84' lang='lat' dir='ltr'><strong>vege-</strong></span> 
     </span>
    </p>
   </div>
   <div class='ocr_carea' id='block_1_80' title="bbox 1780 3571 3357 3642">
    <p class='ocr_par' dir='ltr' id='par_1_80' title="bbox 1780 3571 3357 3642">
     <span class='ocr_line' id='line_1_80' title="bbox 1780 3571 3357 3642; baseline -0.003 -14"><span class='ocrx_word' id='word_1_605' title='bbox 1780 3575 1954 3628; x_wconf 88' lang='lat' dir='ltr'><strong>tativa</strong></span> <span class='ocrx_word' id='word_1_606' title='bbox 1997 3573 2108 3626; x_wconf 87' lang='lat' dir='ltr'><strong>vita</strong></span> <span class='ocrx_word' id='word_1_607' title='bbox 2165 3572 2557 3642; x_wconf 79' lang='lat' dir='ltr'><strong>ﬂorentzpost</strong></span> <span class='ocrx_word' id='word_1_608' title='bbox 2610 3587 2802 3626; x_wconf 87' lang='lat' dir='ltr'><strong>omnes</strong></span> <span class='ocrx_word' id='word_1_609' title='bbox 2857 3585 2988 3625; x_wconf 89' lang='lat' dir='ltr'><strong>vero</strong></span> <span class='ocrx_word' id='word_1_610' title='bbox 3044 3577 3128 3625; x_wconf 90' lang='lat' dir='ltr'><strong>est</strong></span> <span class='ocrx_word' id='word_1_611' title='bbox 3180 3571 3357 3624; x_wconf 89' lang='lat' dir='ltr'><strong>virtus</strong></span> 
     </span>
    </p>
   </div>
   <div class='ocr_carea' id='block_1_81' title="bbox 1779 3650 3458 3730">
    <p class='ocr_par' dir='ltr' id='par_1_81' title="bbox 1779 3650 3458 3730">
     <span class='ocr_line' id='line_1_81' title="bbox 1779 3650 3458 3730; baseline -0.005 -8"><span class='ocrx_word' id='word_1_612' title='bbox 1779 3664 2112 3730; x_wconf 86' lang='lat' dir='ltr'><strong>essentialis,</strong></span> <span class='ocrx_word' id='word_1_613' title='bbox 2147 3664 2199 3718; x_wconf 90' lang='lat' dir='ltr'><strong>id</strong></span> <span class='ocrx_word' id='word_1_614' title='bbox 2230 3671 2314 3718; x_wconf 91' lang='lat' dir='ltr'><strong>est</strong></span> <span class='ocrx_word' id='word_1_615' title='bbox 2344 3663 2733 3729; x_wconf 79' lang='lat' dir='ltr'><strong>inanimarum,</strong></span> <span class='ocrx_word' id='word_1_616' title='bbox 2765 3662 2975 3717; x_wconf 86' lang='lat' dir='ltr'><strong>scilicet</strong></span> <span class='ocrx_word' id='word_1_617' title='bbox 3006 3661 3356 3716; x_wconf 84' lang='lat' dir='ltr'><strong>metallorum</strong></span> <span class='ocrx_word' id='word_1_618' title='bbox 3455 3650 3458 3654; x_wconf 24' lang='grc' dir='ltr'><strong>ί</strong></span> 
     </span>
    </p>
   </div>
   <div class='ocr_carea' id='block_1_82' title="bbox 1781 3751 3356 3825">
    <p class='ocr_par' dir='ltr' id='par_1_82' title="bbox 1781 3751 3356 3825">
     <span class='ocr_line' id='line_1_82' title="bbox 1781 3751 3356 3825; baseline -0.006 -11"><span class='ocrx_word' id='word_1_619' title='bbox 1781 3775 1877 3814; x_wconf 90' lang='lat' dir='ltr'><strong>seu</strong></span> <span class='ocrx_word' id='word_1_620' title='bbox 1921 3757 2290 3818; x_wconf 84' lang='lat' dir='ltr'><strong>mineralium,</strong></span> <span class='ocrx_word' id='word_1_621' title='bbox 2317 3772 2438 3825; x_wconf 70' lang='lat' dir='ltr'><strong>quae</strong></span> <span class='ocrx_word' id='word_1_622' title='bbox 2477 3759 2650 3810; x_wconf 89' lang='lat' dir='ltr'><strong>virtus</strong></span> <span class='ocrx_word' id='word_1_623' title='bbox 2682 3754 3048 3813; x_wconf 85' lang='lat' dir='ltr'><strong>constituens,</strong></span> <span class='ocrx_word' id='word_1_624' title='bbox 3075 3760 3238 3822; x_wconf 91' lang='lat' dir='ltr'><strong>atque</strong></span> <span class='ocrx_word' id='word_1_625' title='bbox 3269 3751 3356 3805; x_wconf 83' lang='lat' dir='ltr'><strong>fa-</strong></span> 
     </span>
    </p>
   </div>
   <div class='ocr_carea' id='block_1_83' title="bbox 1779 3844 3356 3917">
    <p class='ocr_par' dir='ltr' id='par_1_83' title="bbox 1779 3844 3356 3917">
     <span class='ocr_line' id='line_1_83' title="bbox 1779 3844 3356 3917; baseline -0.006 -11"><span class='ocrx_word' id='word_1_626' title='bbox 1779 3851 1932 3906; x_wconf 86' lang='lat' dir='ltr'><strong>ciens</strong></span> <span class='ocrx_word' id='word_1_627' title='bbox 1963 3857 2021 3904; x_wconf 93' lang='lat' dir='ltr'><strong>ut</strong></span> <span class='ocrx_word' id='word_1_628' title='bbox 2053 3851 2106 3903; x_wconf 89' lang='lat' dir='ltr'><strong>in</strong></span> <span class='ocrx_word' id='word_1_629' title='bbox 2145 3865 2265 3904; x_wconf 87' lang='lat' dir='ltr'><strong>esse</strong></span> <span class='ocrx_word' id='word_1_630' title='bbox 2298 3849 2622 3917; x_wconf 87' lang='lat' dir='ltr'><strong>persistant,</strong></span> <span class='ocrx_word' id='word_1_631' title='bbox 2650 3854 2704 3902; x_wconf 90' lang='lat' dir='ltr'><strong>et</strong></span> <span class='ocrx_word' id='word_1_632' title='bbox 2733 3846 2839 3899; x_wconf 90' lang='lat' dir='ltr'><strong>vim</strong></span> <span class='ocrx_word' id='word_1_633' title='bbox 2869 3846 3194 3914; x_wconf 87' lang='lat' dir='ltr'><strong>qualitatum</strong></span> <span class='ocrx_word' id='word_1_634' title='bbox 3223 3844 3356 3898; x_wconf 89' lang='lat' dir='ltr'><strong>cali-</strong></span> 
     </span>
    </p>
   </div>
   <div class='ocr_carea' id='block_1_84' title="bbox 1777 3938 3355 4011">
    <p class='ocr_par' dir='ltr' id='par_1_84' title="bbox 1777 3938 3355 4011">
     <span class='ocr_line' id='line_1_84' title="bbox 1777 3938 3355 4011; baseline -0.004 -15"><span class='ocrx_word' id='word_1_635' title='bbox 1777 3942 1972 3996; x_wconf 82' lang='lat' dir='ltr'><strong>darum</strong></span> <span class='ocrx_word' id='word_1_636' title='bbox 1996 3953 2089 3995; x_wconf 91' lang='lat' dir='ltr'><strong>aut</strong></span> <span class='ocrx_word' id='word_1_637' title='bbox 2118 3939 2436 4011; x_wconf 83' lang='lat' dir='ltr'><strong>frigidarum</strong></span> <span class='ocrx_word' id='word_1_638' title='bbox 2467 3946 2561 3992; x_wconf 91' lang='lat' dir='ltr'><strong>aut</strong></span> <span class='ocrx_word' id='word_1_639' title='bbox 2595 3938 2927 4007; x_wconf 88' lang='lat' dir='ltr'><strong>reliquorum</strong></span> <span class='ocrx_word' id='word_1_640' title='bbox 2955 3945 3355 4005; x_wconf 69' lang='lat' dir='ltr'><strong>temperamen-</strong></span> 
     </span>
    </p>
   </div>
   <div class='ocr_carea' id='block_1_85' title="bbox 1779 4028 3349 4103">
    <p class='ocr_par' dir='ltr' id='par_1_85' title="bbox 1779 4028 3349 4103">
     <span class='ocr_line' id='line_1_85' title="bbox 1779 4028 3349 4103; baseline -0.003 -15"><span class='ocrx_word' id='word_1_641' title='bbox 1779 4043 1957 4090; x_wconf 91' lang='lat' dir='ltr'><strong>torum</strong></span> <span class='ocrx_word' id='word_1_642' title='bbox 1987 4034 2200 4096; x_wconf 88' lang='lat' dir='ltr'><strong>tribuit,</strong></span> <span class='ocrx_word' id='word_1_643' title='bbox 2223 4041 2276 4087; x_wconf 91' lang='lat' dir='ltr'><strong>et</strong></span> <span class='ocrx_word' id='word_1_644' title='bbox 2309 4033 2526 4103; x_wconf 90' lang='lat' dir='ltr'><strong>quidem</strong></span> <span class='ocrx_word' id='word_1_645' title='bbox 2552 4030 2813 4101; x_wconf 86' lang='lat' dir='ltr'><strong>prodesse</strong></span> <span class='ocrx_word' id='word_1_646' title='bbox 2836 4037 2929 4082; x_wconf 88' lang='lat' dir='ltr'><strong>aut</strong></span> <span class='ocrx_word' id='word_1_647' title='bbox 2953 4029 3034 4084; x_wconf 90' lang='lat' dir='ltr'><strong>sic</strong></span> <span class='ocrx_word' id='word_1_648' title='bbox 3065 4028 3349 4098; x_wconf 91' lang='lat' dir='ltr'><strong>prodesse.</strong></span> 
     </span>
    </p>
   </div>
   <div class='ocr_carea' id='block_1_86' title="bbox 1777 4117 3354 4198">
    <p class='ocr_par' dir='ltr' id='par_1_86' title="bbox 1777 4117 3354 4198">
     <span class='ocr_line' id='line_1_86' title="bbox 1777 4117 3354 4198; baseline -0.006 -16"><span class='ocrx_word' id='word_1_649' title='bbox 1777 4126 2116 4198; x_wconf 86' lang='lat' dir='ltr'><strong>Appetitivas</strong></span> <span class='ocrx_word' id='word_1_650' title='bbox 2148 4139 2365 4195; x_wconf 88' lang='lat' dir='ltr'><strong>quoque</strong></span> <span class='ocrx_word' id='word_1_651' title='bbox 2392 4124 2623 4178; x_wconf 78' lang='lat' dir='ltr'><strong>virtutes</strong></span> <span class='ocrx_word' id='word_1_652' title='bbox 2666 4119 2882 4176; x_wconf 91' lang='lat' dir='ltr'><strong>volendi</strong></span> <span class='ocrx_word' id='word_1_653' title='bbox 2908 4134 3125 4189; x_wconf 86' lang='lat' dir='ltr'><strong>semper</strong></span> <span class='ocrx_word' id='word_1_654' title='bbox 3157 4117 3354 4190; x_wconf 83' lang='lat' dir='ltr'><strong>[ratio-</strong></span> 
     </span>
    </p>
   </div>
   <div class='ocr_carea' id='block_1_87' title="bbox 1777 4210 3354 4290">
    <p class='ocr_par' dir='ltr' id='par_1_87' title="bbox 1777 4210 3354 4290">
     <span class='ocr_line' id='line_1_87' title="bbox 1777 4210 3354 4290; baseline -0.006 -17"><span class='ocrx_word' id='word_1_655' title='bbox 1777 4217 1947 4290; x_wconf 79' lang='lat' dir='ltr'><strong>nalia]</strong></span> <span class='ocrx_word' id='word_1_656' title='bbox 1981 4233 2144 4288; x_wconf 90' lang='lat' dir='ltr'><strong>posse</strong></span> <span class='ocrx_word' id='word_1_657' title='bbox 2168 4225 2222 4272; x_wconf 92' lang='lat' dir='ltr'><strong>et</strong></span> <span class='ocrx_word' id='word_1_658' title='bbox 2249 4215 2504 4286; x_wconf 91' lang='lat' dir='ltr'><strong>cupiendi</strong></span> <span class='ocrx_word' id='word_1_659' title='bbox 2533 4213 2676 4269; x_wconf 90' lang='lat' dir='ltr'><strong>Deus</strong></span> <span class='ocrx_word' id='word_1_660' title='bbox 2702 4212 3007 4283; x_wconf 56' lang='lat' dir='ltr'><strong>largitur‘et</strong></span> <span class='ocrx_word' id='word_1_661' title='bbox 3032 4210 3354 4265; x_wconf 67' lang='lat' dir='ltr'><strong>corroborat</strong></span> 
     </span>
    </p>
   </div>
   <div class='ocr_carea' id='block_1_88' title="bbox 1777 4301 3352 4372">
    <p class='ocr_par' dir='ltr' id='par_1_88' title="bbox 1777 4301 3352 4372">
     <span class='ocr_line' id='line_1_88' title="bbox 1777 4301 3352 4372; baseline -0.006 -8"><span class='ocrx_word' id='word_1_662' title='bbox 1777 4311 1930 4365; x_wconf 86' lang='lat' dir='ltr'><strong>unita</strong></span> <span class='ocrx_word' id='word_1_663' title='bbox 1954 4309 2022 4364; x_wconf 91' lang='lat' dir='ltr'><strong>ad</strong></span> <span class='ocrx_word' id='word_1_664' title='bbox 2042 4310 2337 4364; x_wconf 88' lang='lat' dir='ltr'><strong>amicitiam</strong></span> <span class='ocrx_word' id='word_1_665' title='bbox 2363 4316 2416 4364; x_wconf 92' lang='lat' dir='ltr'><strong>ct</strong></span> <span class='ocrx_word' id='word_1_666' title='bbox 2441 4305 2904 4372; x_wconf 88' lang='lat' dir='ltr'><strong>communionem,</strong></span> <span class='ocrx_word' id='word_1_667' title='bbox 2921 4304 2975 4359; x_wconf 92' lang='lat' dir='ltr'><strong>id</strong></span> <span class='ocrx_word' id='word_1_668' title='bbox 2998 4311 3083 4358; x_wconf 91' lang='lat' dir='ltr'><strong>est</strong></span> <span class='ocrx_word' id='word_1_669' title='bbox 3107 4301 3352 4358; x_wconf 79' lang='lat' dir='ltr'><strong>omnium</strong></span> 
     </span>
    </p>
   </div>
   <div class='ocr_carea' id='block_1_89' title="bbox 1778 4395 3353 4470">
    <p class='ocr_par' dir='ltr' id='par_1_89' title="bbox 1778 4395 3353 4470">
     <span class='ocr_line' id='line_1_89' title="bbox 1778 4395 3353 4470; baseline -0.005 -12"><span class='ocrx_word' id='word_1_670' title='bbox 1778 4405 1986 4458; x_wconf 89' lang='lat' dir='ltr'><strong>semina</strong></span> <span class='ocrx_word' id='word_1_671' title='bbox 2015 4419 2110 4459; x_wconf 90' lang='lat' dir='ltr'><strong>seu</strong></span> <span class='ocrx_word' id='word_1_672' title='bbox 2135 4403 2402 4458; x_wconf 85' lang='lat' dir='ltr'><strong>elementa</strong></span> <span class='ocrx_word' id='word_1_673' title='bbox 2431 4401 2497 4455; x_wconf 87' lang='lat' dir='ltr'><strong>ad</strong></span> <span class='ocrx_word' id='word_1_674' title='bbox 2524 4413 2882 4470; x_wconf 79' lang='lat' dir='ltr'><strong>congressum</strong></span> <span class='ocrx_word' id='word_1_675' title='bbox 2915 4395 3197 4451; x_wconf 88' lang='lat' dir='ltr'><strong>moderate</strong></span> <span class='ocrx_word' id='word_1_676' title='bbox 3227 4411 3353 4465; x_wconf 88' lang='lat' dir='ltr'><strong>pro-</strong></span> 
     </span>
    </p>
   </div>
   <div class='ocr_carea' id='block_1_90' title="bbox 1777 4485 3352 4559">
    <p class='ocr_par' dir='ltr' id='par_1_90' title="bbox 1777 4485 3352 4559">
     <span class='ocr_line' id='line_1_90' title="bbox 1777 4485 3352 4559; baseline -0.008 -10"><span class='ocrx_word' id='word_1_677' title='bbox 1777 4495 2024 4559; x_wconf 83' lang='lat' dir='ltr'><strong>deuntia,</strong></span> <span class='ocrx_word' id='word_1_678' title='bbox 2058 4503 2112 4550; x_wconf 90' lang='lat' dir='ltr'><strong>et</strong></span> <span class='ocrx_word' id='word_1_679' title='bbox 2157 4495 2301 4550; x_wconf 91' lang='lat' dir='ltr'><strong>inter</strong></span> <span class='ocrx_word' id='word_1_680' title='bbox 2341 4509 2401 4548; x_wconf 93' lang='lat' dir='ltr'><strong>se</strong></span> <span class='ocrx_word' id='word_1_681' title='bbox 2449 4491 2634 4556; x_wconf 87' lang='lat' dir='ltr'><strong>mista,</strong></span> <span class='ocrx_word' id='word_1_682' title='bbox 2667 4498 2720 4544; x_wconf 91' lang='lat' dir='ltr'><strong>et</strong></span> <span class='ocrx_word' id='word_1_683' title='bbox 2773 4487 2968 4543; x_wconf 85' lang='lat' dir='ltr'><strong>leviter</strong></span> <span class='ocrx_word' id='word_1_684' title='bbox 3013 4485 3352 4548; x_wconf 86' lang='lat' dir='ltr'><strong>accedentia,</strong></span> 
     </span>
    </p>
   </div>
   <div class='ocr_carea' id='block_1_91' title="bbox 111 4574 1681 4667">
    <p class='ocr_par' dir='ltr' id='par_1_91' title="bbox 111 4574 1649 4667">
     <span class='ocr_line' id='line_1_91' title="bbox 111 4574 1649 4667; baseline 0.007 -28"><span class='ocrx_word' id='word_1_685' title='bbox 111 4584 336 4657; x_wconf 71' lang='grc' dir='ltr'>ὲνώσεως</span> <span class='ocrx_word' id='word_1_686' title='bbox 379 4595 610 4666; x_wconf 82' lang='grc' dir='ltr'>ταύτης,</span> <span class='ocrx_word' id='word_1_687' title='bbox 643 4595 735 4647; x_wconf 75' lang='grc' dir='ltr'>καὶ</span> <span class='ocrx_word' id='word_1_688' title='bbox 766 4574 867 4648; x_wconf 79' lang='grc' dir='ltr'><strong>τοῦ</strong></span> <span class='ocrx_word' id='word_1_689' title='bbox 905 4574 1174 4667; x_wconf 82' lang='grc' dir='ltr'>μίγματος</span> <span class='ocrx_word' id='word_1_690' title='bbox 1207 4594 1315 4649; x_wconf 90' lang='grc' dir='ltr'><strong>τῶν</strong></span> <span class='ocrx_word' id='word_1_691' title='bbox 1355 4574 1649 4667; x_wconf 78' lang='grc' dir='ltr'>ἡνωμένων</span> 
     </span>
    </p>
   </div>
   <div class='ocr_carea' id='block_1_92' title="bbox 1788 4574 3354 4667">
    <p class='ocr_par' dir='ltr' id='par_1_92' title="bbox 1788 4574 3354 4650">
     <span class='ocr_line' id='line_1_92' title="bbox 1788 4574 3354 4650; baseline -0.008 -9"><span class='ocrx_word' id='word_1_692' title='bbox 1788 4585 1934 4641; x_wconf 77' lang='lat' dir='ltr'><strong>ducit</strong></span> <span class='ocrx_word' id='word_1_693' title='bbox 1963 4587 2019 4640; x_wconf 91' lang='lat' dir='ltr'><strong>in</strong></span> <span class='ocrx_word' id='word_1_694' title='bbox 2064 4585 2320 4639; x_wconf 77' lang='lat' dir='ltr'><strong>virtutem</strong></span> <span class='ocrx_word' id='word_1_695' title='bbox 2368 4581 2592 4638; x_wconf 79' lang='lat' dir='ltr'><strong>sensilia</strong></span> <span class='ocrx_word' id='word_1_696' title='bbox 2636 4578 2837 4635; x_wconf 88' lang='lat' dir='ltr'><strong>similia</strong></span> <span class='ocrx_word' id='word_1_697' title='bbox 2885 4575 3205 4649; x_wconf 74' lang='lat' dir='ltr'><strong>generandi.</strong></span> <span class='ocrx_word' id='word_1_698' title='bbox 3242 4574 3354 4650; x_wconf 65' lang='lat' dir='ltr'><strong>liae</strong></span> 
     </span>
    </p>
   </div>
   <div class='ocr_carea' id='block_1_93' title="bbox 111 4679 1676 4759">
    <p class='ocr_par' dir='ltr' id='par_1_93' title="bbox 111 4679 1676 4759">
     <span class='ocr_line' id='line_1_93' title="bbox 111 4679 1676 4759; baseline -0.001 -18"><span class='ocrx_word' id='word_1_699' title='bbox 111 4679 182 4741; x_wconf 80' lang='grc' dir='ltr'>εἰς</span> <span class='ocrx_word' id='word_1_700' title='bbox 209 4684 406 4750; x_wconf 80' lang='grc' dir='ltr'>φιλίαν,</span> <span class='ocrx_word' id='word_1_701' title='bbox 432 4685 512 4749; x_wconf 84' lang='grc' dir='ltr'>ὡς</span> <span class='ocrx_word' id='word_1_702' title='bbox 541 4685 772 4756; x_wconf 76' lang='grc' dir='ltr'>ἔφημεν,</span> <span class='ocrx_word' id='word_1_703' title='bbox 800 4687 1078 4757; x_wconf 87' lang='grc' dir='ltr'>στοιχείων</span> <span class='ocrx_word' id='word_1_704' title='bbox 1099 4687 1438 4759; x_wconf 84' lang='grc' dir='ltr'>τρεπομένου</span> <span class='ocrx_word' id='word_1_705' title='bbox 1459 4688 1539 4751; x_wconf 82' lang='grc' dir='ltr'><strong>είς</strong></span> <span class='ocrx_word' id='word_1_706' title='bbox 1569 4688 1676 4741; x_wconf 78' lang='grc' dir='ltr'>διαο</span> 
     </span>
    </p>
   </div>
   <div class='ocr_carea' id='block_1_94' title="bbox 111 4773 1677 4850">
    <p class='ocr_par' dir='ltr' id='par_1_94' title="bbox 111 4773 1677 4850">
     <span class='ocr_line' id='line_1_94' title="bbox 111 4773 1677 4850; baseline 0.004 -23"><span class='ocrx_word' id='word_1_707' title='bbox 111 4773 265 4842; x_wconf 71' lang='grc' dir='ltr'>φορὰν</span> <span class='ocrx_word' id='word_1_708' title='bbox 293 4777 388 4830; x_wconf 71' lang='grc' dir='ltr'>καὶ</span> <span class='ocrx_word' id='word_1_709' title='bbox 418 4777 724 4848; x_wconf 77' lang='grc' dir='ltr'>χωρισμὸν,</span> <span class='ocrx_word' id='word_1_710' title='bbox 756 4777 1142 4850; x_wconf 86' lang='grc' dir='ltr'>διακρινόμενα</span> <span class='ocrx_word' id='word_1_711' title='bbox 1177 4778 1246 4832; x_wconf 84' lang='grc' dir='ltr'><strong>τὰ</strong></span> <span class='ocrx_word' id='word_1_712' title='bbox 1277 4779 1416 4850; x_wconf 84' lang='grc' dir='ltr'>μέρη</span> <span class='ocrx_word' id='word_1_713' title='bbox 1446 4778 1677 4850; x_wconf 64' lang='grc' dir='ltr'>χωρίζεα</span> 
     </span>
    </p>
   </div>
   <div class='ocr_carea' id='block_1_95' title="bbox 108 4867 1667 4940">
    <p class='ocr_par' dir='ltr' id='par_1_95' title="bbox 108 4867 1667 4940">
     <span class='ocr_line' id='line_1_95' title="bbox 108 4867 1667 4940; baseline 0.008 -28"><span class='ocrx_word' id='word_1_714' title='bbox 108 4877 190 4915; x_wconf 83' lang='grc' dir='ltr'><strong>ται</strong></span> <span class='ocrx_word' id='word_1_715' title='bbox 219 4868 295 4932; x_wconf 77' lang='grc' dir='ltr'><strong>εἰς</strong></span> <span class='ocrx_word' id='word_1_716' title='bbox 324 4868 573 4938; x_wconf 85' lang='grc' dir='ltr'>γενέσεις</span> <span class='ocrx_word' id='word_1_717' title='bbox 594 4869 688 4922; x_wconf 76' lang='grc' dir='ltr'><strong>καὶ</strong></span> <span class='ocrx_word' id='word_1_718' title='bbox 715 4867 887 4933; x_wconf 81' lang='grc' dir='ltr'>ζώων,</span> <span class='ocrx_word' id='word_1_719' title='bbox 913 4869 1006 4923; x_wconf 66' lang='grc' dir='ltr'><strong>καὶ¹</strong></span> <span class='ocrx_word' id='word_1_720' title='bbox 1033 4869 1233 4939; x_wconf 88' lang='grc' dir='ltr'>φυτῶν,</span> <span class='ocrx_word' id='word_1_721' title='bbox 1259 4872 1352 4925; x_wconf 77' lang='grc' dir='ltr'>καὶ</span> <span class='ocrx_word' id='word_1_722' title='bbox 1378 4871 1486 4923; x_wconf 91' lang='grc' dir='ltr'>τῶν</span> <span class='ocrx_word' id='word_1_723' title='bbox 1519 4870 1667 4940; x_wconf 81' lang='grc' dir='ltr'><strong>ἑξῆς·</strong></span> 
     </span>
    </p>
   </div>
   <div class='ocr_carea' id='block_1_96' title="bbox 109 4956 1673 5035">
    <p class='ocr_par' dir='ltr' id='par_1_96' title="bbox 109 4956 1673 5035">
     <span class='ocr_line' id='line_1_96' title="bbox 109 4956 1673 5035; baseline 0.006 -29"><span class='ocrx_word' id='word_1_724' title='bbox 109 4956 195 5008; x_wconf 75' lang='grc' dir='ltr'><strong>καὶ</strong></span> <span class='ocrx_word' id='word_1_725' title='bbox 222 4957 489 5031; x_wconf 79' lang='grc' dir='ltr'>λαμδάνει</span> <span class='ocrx_word' id='word_1_726' title='bbox 541 4961 726 5016; x_wconf 87' lang='grc' dir='ltr'>θεόθεν</span> <span class='ocrx_word' id='word_1_727' title='bbox 765 4964 798 5034; x_wconf 82' lang='grc' dir='ltr'><strong>ἡ</strong></span> <span class='ocrx_word' id='word_1_728' title='bbox 832 4962 1100 5035; x_wconf 89' lang='grc' dir='ltr'>διάκρισις</span> <span class='ocrx_word' id='word_1_729' title='bbox 1140 4963 1302 5035; x_wconf 79' lang='grc' dir='ltr'>αῦτη,</span> <span class='ocrx_word' id='word_1_730' title='bbox 1339 4964 1457 5035; x_wconf 71' lang='grc' dir='ltr'>ἦτοι</span> <span class='ocrx_word' id='word_1_731' title='bbox 1493 4967 1522 5017; x_wconf 89' lang='grc' dir='ltr'><strong>ό</strong></span> <span class='ocrx_word' id='word_1_732' title='bbox 1567 4982 1673 5034; x_wconf 92' lang='grc' dir='ltr'>χω-</span> 
     </span>
    </p>
   </div>
   <div class='ocr_carea' id='block_1_97' title="bbox 113 5050 1674 5128">
    <p class='ocr_par' dir='ltr' id='par_1_97' title="bbox 113 5050 1674 5128">
     <span class='ocr_line' id='line_1_97' title="bbox 113 5050 1674 5128; baseline 0.003 -23"><span class='ocrx_word' id='word_1_733' title='bbox 113 5050 291 5118; x_wconf 66' lang='grc' dir='ltr'>ρισμδς</span> <span class='ocrx_word' id='word_1_734' title='bbox 315 5053 547 5126; x_wconf 85' lang='grc' dir='ltr'>δύναμιν</span> <span class='ocrx_word' id='word_1_735' title='bbox 567 5055 648 5118; x_wconf 82' lang='grc' dir='ltr'>εἰς</span> <span class='ocrx_word' id='word_1_736' title='bbox 667 5055 729 5108; x_wconf 73' lang='grc' dir='ltr'>τὸ</span> <span class='ocrx_word' id='word_1_737' title='bbox 759 5051 894 5108; x_wconf 80' lang='grc' dir='ltr'>εἶναι</span> <span class='ocrx_word' id='word_1_738' title='bbox 925 5056 1017 5108; x_wconf 79' lang='grc' dir='ltr'>καὶ</span> <span class='ocrx_word' id='word_1_739' title='bbox 1048 5057 1383 5128; x_wconf 82' lang='grc' dir='ltr'>παραγωγὴν</span> <span class='ocrx_word' id='word_1_740' title='bbox 1412 5057 1506 5110; x_wconf 88' lang='grc' dir='ltr'>τοῦ</span> <span class='ocrx_word' id='word_1_741' title='bbox 1536 5053 1674 5110; x_wconf 82' lang='grc' dir='ltr'>εἶναι</span> 
     </span>
    </p>
   </div>
   <div class='ocr_carea' id='block_1_98' title="bbox 106 5139 1674 5220">
    <p class='ocr_par' dir='ltr' id='par_1_98' title="bbox 106 5139 1674 5220">
     <span class='ocr_line' id='line_1_98' title="bbox 106 5139 1674 5220; baseline 0.006 -27"><span class='ocrx_word' id='word_1_742' title='bbox 106 5139 174 5192; x_wconf 77' lang='grc' dir='ltr'><strong>τὰ</strong></span> <span class='ocrx_word' id='word_1_743' title='bbox 195 5145 307 5198; x_wconf 84' lang='grc' dir='ltr'>κατ’</span> <span class='ocrx_word' id='word_1_744' title='bbox 329 5142 466 5211; x_wconf 79' lang='grc' dir='ltr'>εἶδος</span> <span class='ocrx_word' id='word_1_745' title='bbox 492 5147 779 5218; x_wconf 87' lang='grc' dir='ltr'>γινόμενα.</span> <span class='ocrx_word' id='word_1_746' title='bbox 814 5147 925 5211; x_wconf 84' lang='grc' dir='ltr'><strong>Τὰς</strong></span> <span class='ocrx_word' id='word_1_747' title='bbox 957 5143 1051 5201; x_wconf 85' lang='grc' dir='ltr'><strong>οῦν</strong></span> <span class='ocrx_word' id='word_1_748' title='bbox 1083 5149 1399 5220; x_wconf 84' lang='grc' dir='ltr'>συγκρίσεις</span> <span class='ocrx_word' id='word_1_749' title='bbox 1433 5149 1526 5202; x_wconf 71' lang='grc' dir='ltr'>καὶ</span> <span class='ocrx_word' id='word_1_750' title='bbox 1557 5150 1674 5203; x_wconf 87' lang='grc' dir='ltr'>δια-</span> 
     </span>
    </p>
   </div>
   <div class='ocr_carea' id='block_1_99' title="bbox 108 5233 1675 5313">
    <p class='ocr_par' dir='ltr' id='par_1_99' title="bbox 108 5233 1675 5313">
     <span class='ocr_line' id='line_1_99' title="bbox 108 5233 1675 5313; baseline 0.004 -27"><span class='ocrx_word' id='word_1_751' title='bbox 108 5233 305 5303; x_wconf 80' lang='grc' dir='ltr'>κρίσεις</span> <span class='ocrx_word' id='word_1_752' title='bbox 351 5237 575 5303; x_wconf 82' lang='grc' dir='ltr'>ένὼσεις</span> <span class='ocrx_word' id='word_1_753' title='bbox 619 5241 712 5293; x_wconf 76' lang='grc' dir='ltr'>καὶ</span> <span class='ocrx_word' id='word_1_754' title='bbox 754 5239 933 5307; x_wconf 84' lang='grc' dir='ltr'>φιλίας</span> <span class='ocrx_word' id='word_1_755' title='bbox 964 5240 1088 5313; x_wconf 76' lang='grc' dir='ltr'>ἔφη,</span> <span class='ocrx_word' id='word_1_756' title='bbox 1134 5244 1227 5294; x_wconf 73' lang='grc' dir='ltr'><strong>καὶ</strong></span> <span class='ocrx_word' id='word_1_757' title='bbox 1256 5239 1537 5310; x_wconf 86' lang='grc' dir='ltr'>άσύγχυτα</span> <span class='ocrx_word' id='word_1_758' title='bbox 1581 5241 1675 5293; x_wconf 79' lang='grc' dir='ltr'><strong>καὶ</strong></span> 
     </span>
    </p>
   </div>
   <div class='ocr_carea' id='block_1_100' title="bbox 104 5321 1672 5401">
    <p class='ocr_par' dir='ltr' id='par_1_100' title="bbox 104 5321 1672 5401">
     <span class='ocr_line' id='line_1_100' title="bbox 104 5321 1672 5401; baseline 0.013 -29"><span class='ocrx_word' id='word_1_759' title='bbox 104 5321 420 5401; x_wconf 77' lang='grc' dir='ltr'>ἀσύμφυρτα</span> <span class='ocrx_word' id='word_1_760' title='bbox 449 5327 521 5382; x_wconf 81' lang='grc' dir='ltr'>τά</span> <span class='ocrx_word' id='word_1_761' title='bbox 547 5328 664 5399; x_wconf 72' lang='grc' dir='ltr'>εἴδη</span> <span class='ocrx_word' id='word_1_762' title='bbox 693 5329 994 5398; x_wconf 74' lang='grc' dir='ltr'>διάκρισιν</span> <span class='ocrx_word' id='word_1_763' title='bbox 1021 5330 1290 5401; x_wconf 82' lang='grc' dir='ltr'>ὠνόμασε.</span> <span class='ocrx_word' id='word_1_764' title='bbox 1318 5328 1672 5401; x_wconf 74' lang='grc' dir='ltr'>[Σημείωσαιν</span> 
     </span>
    </p>
   </div>
   <div class='ocr_carea' id='block_1_101' title="bbox 104 5412 1674 5493">
    <p class='ocr_par' dir='ltr' id='par_1_101' title="bbox 104 5412 1674 5493">
     <span class='ocr_line' id='line_1_101' title="bbox 104 5412 1674 5493; baseline -0.003 -16"><span class='ocrx_word' id='word_1_765' title='bbox 104 5412 180 5477; x_wconf 80' lang='grc' dir='ltr'><strong>ὡς</strong></span> <span class='ocrx_word' id='word_1_766' title='bbox 207 5419 297 5472; x_wconf 75' lang='grc' dir='ltr'><strong>καὶ</strong></span> <span class='ocrx_word' id='word_1_767' title='bbox 323 5421 493 5492; x_wconf 78' lang='grc' dir='ltr'>αὑτὴν</span> <span class='ocrx_word' id='word_1_768' title='bbox 515 5422 620 5493; x_wconf 77' lang='grc' dir='ltr'>τὴν</span> <span class='ocrx_word' id='word_1_769' title='bbox 647 5420 832 5490; x_wconf 74' lang='grc' dir='ltr'>ἔφεσιν</span> <span class='ocrx_word' id='word_1_770' title='bbox 863 5425 928 5476; x_wconf 84' lang='grc' dir='ltr'>ὲκ</span> <span class='ocrx_word' id='word_1_771' title='bbox 957 5421 1093 5475; x_wconf 91' lang='grc' dir='ltr'>Θεοῦ</span> <span class='ocrx_word' id='word_1_772' title='bbox 1125 5422 1338 5493; x_wconf 83' lang='grc' dir='ltr'>ἔχουσιν</span> <span class='ocrx_word' id='word_1_773' title='bbox 1371 5422 1426 5474; x_wconf 81' lang='grc' dir='ltr'>αἱ</span> <span class='ocrx_word' id='word_1_774' title='bbox 1459 5421 1674 5490; x_wconf 84' lang='grc' dir='ltr'>ἀγγελι-</span> 
     </span>
    </p>
   </div>
   <div class='ocr_carea' id='block_1_102' title="bbox 111 5507 516 5586">
    <p class='ocr_par' dir='ltr' id='par_1_102' title="bbox 111 5507 516 5586">
     <span class='ocr_line' id='line_1_102' title="bbox 111 5507 516 5586; baseline 0.005 -21"><span class='ocrx_word' id='word_1_775' title='bbox 111 5507 203 5553; x_wconf 41' lang='lat' dir='ltr'><strong>ut</strong></span> <span class='ocrx_word' id='word_1_776' title='bbox 216 5509 516 5586; x_wconf 53' lang='grc' dir='ltr'>δυνάμεις]</span> 
     </span>
    </p>
   </div>
   <div class='ocr_carea' id='block_1_103' title="bbox 181 5600 1676 5676">
    <p class='ocr_par' dir='ltr' id='par_1_103' title="bbox 181 5600 1676 5676">
     <span class='ocr_line' id='line_1_103' title="bbox 181 5600 1676 5676; baseline 0.006 -25"><span class='ocrx_word' id='word_1_777' title='bbox 181 5600 284 5652; x_wconf 78' lang='grc' dir='ltr'>Καί</span> <span class='ocrx_word' id='word_1_778' title='bbox 317 5608 382 5655; x_wconf 79' lang='grc' dir='ltr'><strong>τὸ</strong></span> <span class='ocrx_word' id='word_1_779' title='bbox 411 5609 558 5661; x_wconf 75' lang='grc' dir='ltr'>εἶναι</span> <span class='ocrx_word' id='word_1_780' title='bbox 592 5607 796 5663; x_wconf 83' lang='grc' dir='ltr'>ταῦτα.</span> <span class='ocrx_word' id='word_1_781' title='bbox 833 5608 896 5662; x_wconf 81' lang='grc' dir='ltr'><strong>Ἦ</strong></span> <span class='ocrx_word' id='word_1_782' title='bbox 925 5606 1033 5662; x_wconf 89' lang='grc' dir='ltr'><strong>τῶν</strong></span> <span class='ocrx_word' id='word_1_783' title='bbox 1064 5608 1232 5662; x_wconf 74' lang='grc' dir='ltr'>ὄντων</span> <span class='ocrx_word' id='word_1_784' title='bbox 1257 5608 1417 5676; x_wconf 84' lang='grc' dir='ltr'>φύσις</span> <span class='ocrx_word' id='word_1_785' title='bbox 1448 5607 1508 5660; x_wconf 86' lang='grc' dir='ltr'><strong>τὸ</strong></span> <span class='ocrx_word' id='word_1_786' title='bbox 1537 5602 1676 5660; x_wconf 82' lang='grc' dir='ltr'>εἶναι</span> 
     </span>
    </p>
   </div>
   <div class='ocr_carea' id='block_1_104' title="bbox 184 5714 592 5788">
    <p class='ocr_par' dir='ltr' id='par_1_104' title="bbox 184 5714 592 5788">
     <span class='ocr_line' id='line_1_104' title="bbox 184 5714 592 5788; baseline 0.022 -18"><span class='ocrx_word' id='word_1_787' title='bbox 184 5714 208 5754; x_wconf 67' lang='grc' dir='ltr'>δ</span> <span class='ocrx_word' id='word_1_788' title='bbox 240 5716 371 5788; x_wconf 84' lang='lat' dir='ltr'><strong>Cap.</strong></span> <span class='ocrx_word' id='word_1_789' title='bbox 405 5735 448 5787; x_wconf 87' lang='grc' dir='ltr'><strong>ι,</strong></span> <span class='ocrx_word' id='word_1_790' title='bbox 472 5726 592 5782; x_wconf 70' lang='grc'><strong>2-4.</strong></span> 
     </span>
    </p>
   </div>
   <div class='ocr_carea' id='block_1_105' title="bbox 183 5898 466 5972">
    <p class='ocr_par' dir='ltr' id='par_1_105' title="bbox 183 5898 466 5972">
     <span class='ocr_line' id='line_1_105' title="bbox 183 5898 466 5972; baseline 0.014 -17"><span class='ocrx_word' id='word_1_791' title='bbox 183 5898 221 5928; x_wconf 81' lang='lat'><strong>&quot;</strong></span> <span class='ocrx_word' id='word_1_792' title='bbox 254 5920 335 5956; x_wconf 80' lang='grc' dir='ltr'><strong>νοε</strong></span> <span class='ocrx_word' id='word_1_793' title='bbox 343 5911 466 5972; x_wconf 77' lang='grc' dir='ltr'>ροῐς.</span> 
     </span>
    </p>
   </div>
   <div class='ocr_carea' id='block_1_106' title="bbox 1781 4669 3352 4750">
    <p class='ocr_par' dir='ltr' id='par_1_106' title="bbox 1781 4669 3352 4750">
     <span class='ocr_line' id='line_1_106' title="bbox 1781 4669 3352 4750; baseline -0.007 -17"><span class='ocrx_word' id='word_1_794' title='bbox 1781 4679 1949 4750; x_wconf 70' lang='lat' dir='ltr'><strong>igitur</strong></span> <span class='ocrx_word' id='word_1_795' title='bbox 1983 4677 2372 4748; x_wconf 88' lang='lat' dir='ltr'><strong>conjunctione</strong></span> <span class='ocrx_word' id='word_1_796' title='bbox 2415 4681 2471 4730; x_wconf 89' lang='lat' dir='ltr'><strong>et</strong></span> <span class='ocrx_word' id='word_1_797' title='bbox 2515 4671 2937 4742; x_wconf 89' lang='lat' dir='ltr'><strong>coujunctorum</strong></span> <span class='ocrx_word' id='word_1_798' title='bbox 2988 4670 3244 4724; x_wconf 92' lang='lat' dir='ltr'><strong>mistione</strong></span> <span class='ocrx_word' id='word_1_799' title='bbox 3298 4669 3352 4722; x_wconf 91' lang='lat' dir='ltr'><strong>in</strong></span> 
     </span>
    </p>
   </div>
   <div class='ocr_carea' id='block_1_107' title="bbox 1780 4761 3353 4842">
    <p class='ocr_par' dir='ltr' id='par_1_107' title="bbox 1780 4761 3353 4842">
     <span class='ocr_line' id='line_1_107' title="bbox 1780 4761 3353 4842; baseline -0.007 -18"><span class='ocrx_word' id='word_1_800' title='bbox 1780 4770 2076 4826; x_wconf 87' lang='lat' dir='ltr'><strong>amicitiam</strong></span> <span class='ocrx_word' id='word_1_801' title='bbox 2120 4769 2202 4842; x_wconf 90' lang='lat' dir='ltr'><strong>(ut</strong></span> <span class='ocrx_word' id='word_1_802' title='bbox 2242 4768 2504 4837; x_wconf 80' lang='lat' dir='ltr'><strong>diximus)</strong></span> <span class='ocrx_word' id='word_1_803' title='bbox 2550 4767 2944 4822; x_wconf 89' lang='lat' dir='ltr'><strong>elementorum</strong></span> <span class='ocrx_word' id='word_1_804' title='bbox 2982 4761 3037 4816; x_wconf 92' lang='lat' dir='ltr'><strong>in</strong></span> <span class='ocrx_word' id='word_1_805' title='bbox 3067 4761 3353 4816; x_wconf 83' lang='lat' dir='ltr'><strong>diversita-</strong></span> 
     </span>
    </p>
   </div>
   <div class='ocr_carea' id='block_1_108' title="bbox 1777 4853 3352 4934">
    <p class='ocr_par' dir='ltr' id='par_1_108' title="bbox 1777 4853 3352 4934">
     <span class='ocr_line' id='line_1_108' title="bbox 1777 4853 3352 4934; baseline -0.01 -13"><span class='ocrx_word' id='word_1_806' title='bbox 1777 4875 1886 4922; x_wconf 90' lang='lat' dir='ltr'><strong>tem</strong></span> <span class='ocrx_word' id='word_1_807' title='bbox 1919 4872 1974 4920; x_wconf 92' lang='lat' dir='ltr'><strong>et</strong></span> <span class='ocrx_word' id='word_1_808' title='bbox 2004 4861 2409 4934; x_wconf 87' lang='lat' dir='ltr'><strong>separationem</strong></span> <span class='ocrx_word' id='word_1_809' title='bbox 2439 4875 2724 4924; x_wconf 87' lang='lat' dir='ltr'><strong>conversa,</strong></span> <span class='ocrx_word' id='word_1_810' title='bbox 2757 4864 2941 4928; x_wconf 90' lang='lat' dir='ltr'><strong>partes</strong></span> <span class='ocrx_word' id='word_1_811' title='bbox 2965 4853 3238 4909; x_wconf 61' lang='lat' dir='ltr'><strong>distincta</strong></span> <span class='ocrx_word' id='word_1_812' title='bbox 3265 4867 3352 4907; x_wconf 85' lang='lat' dir='ltr'><strong>se-</strong></span> 
     </span>
    </p>
   </div>
   <div class='ocr_carea' id='block_1_109' title="bbox 1777 4949 3350 5031">
    <p class='ocr_par' dir='ltr' id='par_1_109' title="bbox 1777 4949 3350 5031">
     <span class='ocr_line' id='line_1_109' title="bbox 1777 4949 3350 5031; baseline -0.011 -17"><span class='ocrx_word' id='word_1_813' title='bbox 1777 4967 2040 5031; x_wconf 90' lang='lat' dir='ltr'><strong>parantur</strong></span> <span class='ocrx_word' id='word_1_814' title='bbox 2061 4958 2115 5011; x_wconf 90' lang='lat' dir='ltr'><strong>in</strong></span> <span class='ocrx_word' id='word_1_815' title='bbox 2138 4954 2584 5026; x_wconf 81' lang='lat' dir='ltr'><strong>generationibus</strong></span> <span class='ocrx_word' id='word_1_816' title='bbox 2611 4950 2932 5006; x_wconf 88' lang='lat' dir='ltr'><strong>animalium</strong></span> <span class='ocrx_word' id='word_1_817' title='bbox 2963 4955 3018 5004; x_wconf 90' lang='lat' dir='ltr'><strong>et</strong></span> <span class='ocrx_word' id='word_1_818' title='bbox 3046 4949 3350 5018; x_wconf 88' lang='lat' dir='ltr'><strong>plantarum</strong></span> 
     </span>
    </p>
   </div>
   <div class='ocr_carea' id='block_1_110' title="bbox 1778 5035 3351 5116">
    <p class='ocr_par' dir='ltr' id='par_1_110' title="bbox 1778 5035 3351 5116">
     <span class='ocr_line' id='line_1_110' title="bbox 1778 5035 3351 5116; baseline -0.013 -9"><span class='ocrx_word' id='word_1_819' title='bbox 1778 5068 1842 5107; x_wconf 90' lang='lat' dir='ltr'><strong>ac</strong></span> <span class='ocrx_word' id='word_1_820' title='bbox 1892 5057 2213 5106; x_wconf 69' lang='lat' dir='ltr'><strong>caeterorum</strong></span> <span class='ocrx_word' id='word_1_821' title='bbox 2253 5067 2266 5102; x_wconf 89' lang='lat'><strong>:</strong></span> <span class='ocrx_word' id='word_1_822' title='bbox 2301 5047 2524 5116; x_wconf 69' lang='lat' dir='ltr'><strong>haecque</strong></span> <span class='ocrx_word' id='word_1_823' title='bbox 2584 5043 2868 5100; x_wconf 90' lang='lat' dir='ltr'><strong>distinctio</strong></span> <span class='ocrx_word' id='word_1_824' title='bbox 2921 5056 3018 5097; x_wconf 89' lang='lat' dir='ltr'><strong>seu</strong></span> <span class='ocrx_word' id='word_1_825' title='bbox 3078 5035 3351 5109; x_wconf 90' lang='lat' dir='ltr'><strong>separatio</strong></span> 
     </span>
    </p>
   </div>
   <div class='ocr_carea' id='block_1_111' title="bbox 1777 5128 3348 5214">
    <p class='ocr_par' dir='ltr' id='par_1_111' title="bbox 1777 5128 3348 5214">
     <span class='ocr_line' id='line_1_111' title="bbox 1777 5128 3348 5214; baseline -0.01 -16"><span class='ocrx_word' id='word_1_826' title='bbox 1777 5144 1976 5214; x_wconf 85' lang='lat' dir='ltr'><strong>accipit</strong></span> <span class='ocrx_word' id='word_1_827' title='bbox 2000 5141 2262 5197; x_wconf 89' lang='lat' dir='ltr'><strong>divinitus</strong></span> <span class='ocrx_word' id='word_1_828' title='bbox 2292 5140 2548 5197; x_wconf 88' lang='lat' dir='ltr'><strong>virtutem</strong></span> <span class='ocrx_word' id='word_1_829' title='bbox 2580 5145 2640 5192; x_wconf 88' lang='lat' dir='ltr'><strong>ut</strong></span> <span class='ocrx_word' id='word_1_830' title='bbox 2671 5137 2761 5199; x_wconf 89' lang='lat' dir='ltr'><strong>sit,</strong></span> <span class='ocrx_word' id='word_1_831' title='bbox 2793 5145 2845 5192; x_wconf 91' lang='lat' dir='ltr'><strong>et</strong></span> <span class='ocrx_word' id='word_1_832' title='bbox 2869 5134 3113 5204; x_wconf 87' lang='lat' dir='ltr'><strong>singulas</strong></span> <span class='ocrx_word' id='word_1_833' title='bbox 3139 5128 3348 5200; x_wconf 84' lang='lat' dir='ltr'><strong>species</strong></span> 
     </span>
    </p>
   </div>
   <div class='ocr_carea' id='block_1_112' title="bbox 1776 5219 3370 5308">
    <p class='ocr_par' dir='ltr' id='par_1_112' title="bbox 1776 5219 3370 5308">
     <span class='ocr_line' id='line_1_112' title="bbox 1776 5219 3370 5308; baseline -0.013 -17"><span class='ocrx_word' id='word_1_834' title='bbox 1776 5235 2060 5308; x_wconf 89' lang='lat' dir='ltr'><strong>producat.</strong></span> <span class='ocrx_word' id='word_1_835' title='bbox 2080 5232 2222 5303; x_wconf 85' lang='lat' dir='ltr'><strong>Ergo</strong></span> <span class='ocrx_word' id='word_1_836' title='bbox 2236 5230 2656 5300; x_wconf 73' lang='lat' dir='ltr'><strong>coniunctiones</strong></span> <span class='ocrx_word' id='word_1_837' title='bbox 2680 5236 2734 5284; x_wconf 92' lang='lat' dir='ltr'><strong>et</strong></span> <span class='ocrx_word' id='word_1_838' title='bbox 2747 5226 3132 5282; x_wconf 75' lang='lat' dir='ltr'><strong>distinctiones</strong></span> <span class='ocrx_word' id='word_1_839' title='bbox 3147 5219 3349 5274; x_wconf 85' lang='lat' dir='ltr'><strong>unitio-</strong></span> <span class='ocrx_word' id='word_1_840' title='bbox 3359 5262 3370 5290; x_wconf 54' lang='grc' dir='ltr'><em>ε</em></span> 
     </span>
    </p>
   </div>
   <div class='ocr_carea' id='block_1_113' title="bbox 1777 5318 3348 5393">
    <p class='ocr_par' dir='ltr' id='par_1_113' title="bbox 1777 5318 3348 5393">
     <span class='ocr_line' id='line_1_113' title="bbox 1777 5318 3348 5393; baseline -0.015 -8"><span class='ocrx_word' id='word_1_841' title='bbox 1777 5344 1876 5385; x_wconf 88' lang='lat' dir='ltr'><strong>nes</strong></span> <span class='ocrx_word' id='word_1_842' title='bbox 1887 5335 1941 5383; x_wconf 91' lang='lat' dir='ltr'><strong>et</strong></span> <span class='ocrx_word' id='word_1_843' title='bbox 1955 5325 2225 5380; x_wconf 87' lang='lat' dir='ltr'><strong>amicitias</strong></span> <span class='ocrx_word' id='word_1_844' title='bbox 2239 5323 2396 5389; x_wconf 85' lang='lat' dir='ltr'><strong>dixit,</strong></span> <span class='ocrx_word' id='word_1_845' title='bbox 2421 5331 2588 5393; x_wconf 89' lang='lat' dir='ltr'><strong>atque</strong></span> <span class='ocrx_word' id='word_1_846' title='bbox 2602 5337 2712 5376; x_wconf 89' lang='lat' dir='ltr'><strong>non</strong></span> <span class='ocrx_word' id='word_1_847' title='bbox 2727 5318 2987 5375; x_wconf 84' lang='lat' dir='ltr'><strong>confusas</strong></span> <span class='ocrx_word' id='word_1_848' title='bbox 3008 5323 3062 5369; x_wconf 91' lang='lat' dir='ltr'><strong>et</strong></span> <span class='ocrx_word' id='word_1_849' title='bbox 3084 5327 3194 5366; x_wconf 89' lang='lat' dir='ltr'><strong>non</strong></span> <span class='ocrx_word' id='word_1_850' title='bbox 3207 5324 3348 5365; x_wconf 86' lang='lat' dir='ltr'><strong>com-</strong></span> 
     </span>
    </p>
   </div>
   <div class='ocr_carea' id='block_1_114' title="bbox 1777 5401 3348 5488">
    <p class='ocr_par' dir='ltr' id='par_1_114' title="bbox 1777 5401 3348 5488">
     <span class='ocr_line' id='line_1_114' title="bbox 1777 5401 3348 5488; baseline -0.013 -12"><span class='ocrx_word' id='word_1_851' title='bbox 1777 5421 1971 5476; x_wconf 88' lang='lat' dir='ltr'><strong>mistas</strong></span> <span class='ocrx_word' id='word_1_852' title='bbox 2011 5417 2223 5488; x_wconf 81' lang='lat' dir='ltr'><strong>species</strong></span> <span class='ocrx_word' id='word_1_853' title='bbox 2253 5416 2645 5471; x_wconf 82' lang='lat' dir='ltr'><strong>distinctionem</strong></span> <span class='ocrx_word' id='word_1_854' title='bbox 2669 5409 2988 5469; x_wconf 89' lang='lat' dir='ltr'><strong>nominavit.</strong></span> <span class='ocrx_word' id='word_1_855' title='bbox 3019 5405 3178 5479; x_wconf 80' lang='lat' dir='ltr'><strong>[Nota</strong></span> <span class='ocrx_word' id='word_1_856' title='bbox 3201 5401 3348 5474; x_wconf 87' lang='lat' dir='ltr'><strong>quod</strong></span> 
     </span>
    </p>
   </div>
   <div class='ocr_carea' id='block_1_115' title="bbox 1781 5492 3294 5581">
    <p class='ocr_par' dir='ltr' id='par_1_115' title="bbox 1781 5492 3294 5581">
     <span class='ocr_line' id='line_1_115' title="bbox 1781 5492 3294 5581; baseline -0.011 -13"><span class='ocrx_word' id='word_1_857' title='bbox 1781 5515 2035 5568; x_wconf 86' lang='lat' dir='ltr'><strong>unionem</strong></span> <span class='ocrx_word' id='word_1_858' title='bbox 2063 5511 2236 5581; x_wconf 88' lang='lat' dir='ltr'><strong>ipsam</strong></span> <span class='ocrx_word' id='word_1_859' title='bbox 2262 5525 2327 5566; x_wconf 81' lang='lat' dir='ltr'><strong>ex</strong></span> <span class='ocrx_word' id='word_1_860' title='bbox 2362 5509 2470 5564; x_wconf 87' lang='lat' dir='ltr'><strong>Deo</strong></span> <span class='ocrx_word' id='word_1_861' title='bbox 2500 5508 2702 5563; x_wconf 88' lang='lat' dir='ltr'><strong>habent</strong></span> <span class='ocrx_word' id='word_1_862' title='bbox 2736 5505 2965 5558; x_wconf 85' lang='lat' dir='ltr'><strong>virtutes</strong></span> <span class='ocrx_word' id='word_1_863' title='bbox 2989 5492 3294 5568; x_wconf 62' lang='lat' dir='ltr'><strong>angelicae]</strong></span> 
     </span>
    </p>
   </div>
   <div class='ocr_carea' id='block_1_116' title="bbox 1853 5587 3344 5668">
    <p class='ocr_par' dir='ltr' id='par_1_116' title="bbox 1853 5587 3344 5668">
     <span class='ocr_line' id='line_1_116' title="bbox 1853 5587 3344 5668; baseline -0.011 -9"><span class='ocrx_word' id='word_1_864' title='bbox 1853 5604 1922 5659; x_wconf 85' lang='lat' dir='ltr'><strong>Et</strong></span> <span class='ocrx_word' id='word_1_865' title='bbox 1964 5620 2078 5659; x_wconf 80' lang='lat' dir='ltr'><strong>esse</strong></span> <span class='ocrx_word' id='word_1_866' title='bbox 2111 5603 2242 5660; x_wconf 67' lang='lat' dir='ltr'><strong>haec.</strong></span> <span class='ocrx_word' id='word_1_867' title='bbox 2277 5602 2480 5658; x_wconf 85' lang='lat' dir='ltr'><strong>Natura</strong></span> <span class='ocrx_word' id='word_1_868' title='bbox 2516 5614 2697 5657; x_wconf 89' lang='lat' dir='ltr'><strong>rerum</strong></span> <span class='ocrx_word' id='word_1_869' title='bbox 2729 5593 2924 5668; x_wconf 63' lang='lat' dir='ltr'><strong>qumrit</strong></span> <span class='ocrx_word' id='word_1_870' title='bbox 2955 5606 3078 5649; x_wconf 86' lang='lat' dir='ltr'><strong>esse</strong></span> <span class='ocrx_word' id='word_1_871' title='bbox 3113 5604 3226 5648; x_wconf 88' lang='lat' dir='ltr'><strong>non</strong></span> <span class='ocrx_word' id='word_1_872' title='bbox 3254 5587 3344 5644; x_wconf 84' lang='lat' dir='ltr'><strong>eii-</strong></span> 
     </span>
    </p>
   </div>
   <div class='ocr_carea' id='block_1_117' title="bbox 1032 5776 2388 5872">
    <p class='ocr_par' dir='ltr' id='par_1_117' title="bbox 1032 5776 2388 5872">
     <span class='ocr_line' id='line_1_117' title="bbox 1032 5776 2388 5872; baseline -0.009 -1"><span class='ocrx_word' id='word_1_873' title='bbox 1032 5815 1264 5871; x_wconf 65' lang='lat' dir='ltr'><strong>vanma</strong></span> <span class='ocrx_word' id='word_1_874' title='bbox 1297 5813 1677 5872; x_wconf 84' lang='lat' dir='ltr'><strong>LECTIONES</strong></span> <span class='ocrx_word' id='word_1_875' title='bbox 1714 5812 1801 5867; x_wconf 85' lang='lat' dir='ltr'><strong>ET</strong></span> <span class='ocrx_word' id='word_1_876' title='bbox 1836 5776 2388 5869; x_wconf 73' lang='lat' dir='ltr'><strong>CORRECTIONES.</strong></span> 
     </span>
    </p>
   </div>
  </div>
