  <div class='ocr_page' id='page_1' title='image "/cluster/home/n/w/nwhite01/storage/ocr_20150623/4/hvd.32044014713200/189.png"; bbox 0 0 3882 6542; ppageno 0'>
   <div class='ocr_carea' id='block_1_1' title="bbox 485 422 588 479">
    <p class='ocr_par' dir='ltr' id='par_1_1' title="bbox 485 422 588 479">
     <span class='ocr_line' id='line_1_1' title="bbox 485 422 588 479; baseline -0.01 0"><span class='ocrx_word' id='word_1_1' title='bbox 485 422 588 479; x_wconf 69' lang='lat'><strong>359</strong></span> 
     </span>
    </p>
   </div>
   <div class='ocr_carea' id='block_1_2' title="bbox 1253 399 2931 470">
    <p class='ocr_par' dir='ltr' id='par_1_2' title="bbox 1253 399 2931 470">
     <span class='ocr_line' id='line_1_2' title="bbox 1253 399 2931 470; baseline -0.005 -1"><span class='ocrx_word' id='word_1_2' title='bbox 1253 402 1590 469; x_wconf 72' lang='lat' dir='ltr'><strong>APPENDiX</strong></span> <span class='ocrx_word' id='word_1_3' title='bbox 1627 399 1716 468; x_wconf 81' lang='lat' dir='ltr'><strong>AD</strong></span> <span class='ocrx_word' id='word_1_4' title='bbox 1749 411 1976 469; x_wconf 70' lang='lat' dir='ltr'><strong>omam</strong></span> <span class='ocrx_word' id='word_1_5' title='bbox 2016 410 2072 470; x_wconf 90' lang='lat' dir='ltr'><strong>s.</strong></span> <span class='ocrx_word' id='word_1_6' title='bbox 2118 403 2413 467; x_wconf 78' lang='lat' dir='ltr'><strong>DIONYSII</strong></span> <span class='ocrx_word' id='word_1_7' title='bbox 2449 405 2931 463; x_wconf 57' lang='lat' dir='ltr'><strong>AREOPAGITIE.</strong></span> 
     </span>
    </p>
   </div>
   <div class='ocr_carea' id='block_1_3' title="bbox 3609 401 3710 454">
    <p class='ocr_par' dir='ltr' id='par_1_3' title="bbox 3609 401 3710 454">
     <span class='ocr_line' id='line_1_3' title="bbox 3609 401 3710 454; baseline 0 0"><span class='ocrx_word' id='word_1_8' title='bbox 3609 401 3710 454; x_wconf 70' lang='lat'><strong>560</strong></span> 
     </span>
    </p>
   </div>
   <div class='ocr_carea' id='block_1_4' title="bbox 485 516 2056 619">
    <p class='ocr_par' dir='ltr' id='par_1_4' title="bbox 485 527 2051 619">
     <span class='ocr_line' id='line_1_4' title="bbox 485 527 2051 619; baseline -0.007 -29"><span class='ocrx_word' id='word_1_9' title='bbox 485 535 681 619; x_wconf 69' lang='lat' dir='ltr'><strong>gendo,</strong></span> <span class='ocrx_word' id='word_1_10' title='bbox 713 532 806 588; x_wconf 89' lang='lat' dir='ltr'><strong>sed</strong></span> <span class='ocrx_word' id='word_1_11' title='bbox 859 532 1183 588; x_wconf 77' lang='lat' dir='ltr'><strong>necessitate</strong></span> <span class='ocrx_word' id='word_1_12' title='bbox 1225 543 1277 587; x_wconf 91' lang='lat' dir='ltr'><strong>et</strong></span> <span class='ocrx_word' id='word_1_13' title='bbox 1325 529 1560 585; x_wconf 72' lang='lat' dir='ltr'><strong>utilitate</strong></span> <span class='ocrx_word' id='word_1_14' title='bbox 1597 527 1932 584; x_wconf 70' lang='lat' dir='ltr'><strong>exsistentim</strong></span> <span class='ocrx_word' id='word_1_15' title='bbox 1959 546 1970 580; x_wconf 89' lang='lat'><strong>:</strong></span> <span class='ocrx_word' id='word_1_16' title='bbox 1999 534 2051 580; x_wconf 91' lang='lat' dir='ltr'><strong>et</strong></span> 
     </span>
    </p>
   </div>
   <div class='ocr_carea' id='block_1_5' title="bbox 2170 516 3718 619">
    <p class='ocr_par' dir='ltr' id='par_1_5' title="bbox 2170 516 3718 593">
     <span class='ocr_line' id='line_1_5' title="bbox 2170 516 3718 593; baseline -0.005 -18"><span class='ocrx_word' id='word_1_17' title='bbox 2170 521 2399 592; x_wconf 64' lang='grc' dir='ltr'><strong>ιπιζητεῖ</strong></span> <span class='ocrx_word' id='word_1_18' title='bbox 2427 523 2486 574; x_wconf 78' lang='grc' dir='ltr'><strong>οὐ</strong></span> <span class='ocrx_word' id='word_1_19' title='bbox 2523 521 2940 593; x_wconf 84' lang='grc' dir='ltr'><strong>προαιρετικῶς,</strong></span> <span class='ocrx_word' id='word_1_20' title='bbox 2974 517 3110 572; x_wconf 87' lang='grc' dir='ltr'><strong>ἀλλά</strong></span> <span class='ocrx_word' id='word_1_21' title='bbox 3138 517 3214 587; x_wconf 77' lang='grc' dir='ltr'><strong>τῷ</strong></span> <span class='ocrx_word' id='word_1_22' title='bbox 3244 516 3524 587; x_wconf 82' lang='grc' dir='ltr'><strong>ἀναγκαίῳ</strong></span> <span class='ocrx_word' id='word_1_23' title='bbox 3546 533 3606 568; x_wconf 92' lang='grc' dir='ltr'><strong>τε</strong></span> <span class='ocrx_word' id='word_1_24' title='bbox 3631 517 3718 569; x_wconf 73' lang='grc' dir='ltr'><strong>καὶ</strong></span> 
     </span>
    </p>
   </div>
   <div class='ocr_carea' id='block_1_6' title="bbox 484 621 2051 697">
    <p class='ocr_par' dir='ltr' id='par_1_6' title="bbox 484 621 2051 697">
     <span class='ocr_line' id='line_1_6' title="bbox 484 621 2051 697; baseline -0.006 -14"><span class='ocrx_word' id='word_1_25' title='bbox 484 631 590 683; x_wconf 88' lang='lat' dir='ltr'><strong>hoc</strong></span> <span class='ocrx_word' id='word_1_26' title='bbox 626 628 790 697; x_wconf 85' lang='lat' dir='ltr'><strong>igitur</strong></span> <span class='ocrx_word' id='word_1_27' title='bbox 815 627 946 680; x_wconf 85' lang='lat' dir='ltr'><strong>dicit</strong></span> <span class='ocrx_word' id='word_1_28' title='bbox 967 627 1040 678; x_wconf 81' lang='lat' dir='ltr'><strong>ita</strong></span> <span class='ocrx_word' id='word_1_29' title='bbox 1066 643 1197 685; x_wconf 81' lang='lat' dir='ltr'><strong>esse,</strong></span> <span class='ocrx_word' id='word_1_30' title='bbox 1235 634 1399 695; x_wconf 85' lang='lat' dir='ltr'><strong>atque</strong></span> <span class='ocrx_word' id='word_1_31' title='bbox 1428 625 1535 677; x_wconf 94' lang='lat' dir='ltr'><strong>vim</strong></span> <span class='ocrx_word' id='word_1_32' title='bbox 1563 624 1683 692; x_wconf 85' lang='lat' dir='ltr'><strong>ejus</strong></span> <span class='ocrx_word' id='word_1_33' title='bbox 1723 621 1864 692; x_wconf 82' lang='lat' dir='ltr'><strong>quod</strong></span> <span class='ocrx_word' id='word_1_34' title='bbox 1895 635 2051 690; x_wconf 65' lang='lat' dir='ltr'><strong>«lute-</strong></span> 
     </span>
    </p>
   </div>
   <div class='ocr_carea' id='block_1_7' title="bbox 491 709 2053 786">
    <p class='ocr_par' dir='ltr' id='par_1_7' title="bbox 491 709 2053 786">
     <span class='ocr_line' id='line_1_7' title="bbox 491 709 2053 786; baseline -0.004 -16"><span class='ocrx_word' id='word_1_35' title='bbox 491 719 627 772; x_wconf 86' lang='lat' dir='ltr'><strong>rilur</strong></span> <span class='ocrx_word' id='word_1_36' title='bbox 653 728 905 786; x_wconf 77' lang='lat' dir='ltr'><strong>tanquam</strong></span> <span class='ocrx_word' id='word_1_37' title='bbox 928 717 1299 770; x_wconf 76' lang='lat' dir='ltr'><strong>necessarium</strong></span> <span class='ocrx_word' id='word_1_38' title='bbox 1330 729 1451 770; x_wconf 87' lang='lat' dir='ltr'><strong>esse</strong></span> <span class='ocrx_word' id='word_1_39' title='bbox 1485 728 1516 766; x_wconf 88' lang='lat' dir='ltr'><strong>a</strong></span> <span class='ocrx_word' id='word_1_40' title='bbox 1545 713 1728 766; x_wconf 84' lang='lat' dir='ltr'><strong>divina</strong></span> <span class='ocrx_word' id='word_1_41' title='bbox 1760 720 1814 768; x_wconf 88' lang='lat' dir='ltr'><strong>et</strong></span> <span class='ocrx_word' id='word_1_42' title='bbox 1845 709 2053 765; x_wconf 78' lang='lat' dir='ltr'><strong>inﬁnita</strong></span> 
     </span>
    </p>
   </div>
   <div class='ocr_carea' id='block_1_8' title="bbox 488 808 742 865">
    <p class='ocr_par' dir='ltr' id='par_1_8' title="bbox 488 808 742 865">
     <span class='ocr_line' id='line_1_8' title="bbox 488 808 742 865; baseline -0.008 0"><span class='ocrx_word' id='word_1_43' title='bbox 488 808 742 865; x_wconf 76' lang='lat' dir='ltr'><strong>essentia.</strong></span> 
     </span>
    </p>
   </div>
   <div class='ocr_carea' id='block_1_9' title="bbox 553 977 2058 1058">
    <p class='ocr_par' dir='ltr' id='par_1_9' title="bbox 553 977 2058 1058">
     <span class='ocr_line' id='line_1_9' title="bbox 553 977 2058 1058; baseline -0.002 -19"><span class='ocrx_word' id='word_1_44' title='bbox 553 986 719 1056; x_wconf 78' lang='lat' dir='ltr'><strong>Atque</strong></span> <span class='ocrx_word' id='word_1_45' title='bbox 739 985 1072 1046; x_wconf 76' lang='lat' dir='ltr'><strong>directibnes,</strong></span> <span class='ocrx_word' id='word_1_46' title='bbox 1105 983 1200 1040; x_wconf 97' lang='lat' dir='ltr'><strong>Gr.</strong></span> <span class='ocrx_word' id='word_1_47' title='bbox 1225 985 1318 1039; x_wconf 69' lang='grc' dir='ltr'><strong>καὶ</strong></span> <span class='ocrx_word' id='word_1_48' title='bbox 1347 983 1737 1058; x_wconf 73' lang='grc' dir='ltr'><strong>εὐθημοσύνας.</strong></span> <span class='ocrx_word' id='word_1_49' title='bbox 1959 984 2058 1036; x_wconf 83' lang='grc' dir='ltr'><strong>Εὑ-</strong></span> 
     </span>
    </p>
   </div>
   <div class='ocr_carea' id='block_1_10' title="bbox 483 1075 2053 1150">
    <p class='ocr_par' dir='ltr' id='par_1_10' title="bbox 483 1075 2053 1150">
     <span class='ocr_line' id='line_1_10' title="bbox 483 1075 2053 1150; baseline -0.002 -18"><span class='ocrx_word' id='word_1_50' title='bbox 483 1079 790 1150; x_wconf 82' lang='grc' dir='ltr'><strong>θημοσύνας</strong></span> <span class='ocrx_word' id='word_1_51' title='bbox 821 1079 954 1133; x_wconf 90' lang='lat' dir='ltr'><strong>dleit</strong></span> <span class='ocrx_word' id='word_1_52' title='bbox 981 1079 1277 1148; x_wconf 73' lang='lat' dir='ltr'><strong>positiones</strong></span> <span class='ocrx_word' id='word_1_53' title='bbox 1306 1079 1444 1133; x_wconf 85' lang='lat' dir='ltr'><strong>bene</strong></span> <span class='ocrx_word' id='word_1_54' title='bbox 1476 1078 1734 1132; x_wconf 79' lang='lat' dir='ltr'><strong>habentes</strong></span> <span class='ocrx_word' id='word_1_55' title='bbox 1755 1083 1809 1130; x_wconf 89' lang='lat' dir='ltr'><strong>et</strong></span> <span class='ocrx_word' id='word_1_56' title='bbox 1832 1075 2053 1129; x_wconf 80' lang='lat' dir='ltr'><strong>ordines</strong></span> 
     </span>
    </p>
   </div>
   <div class='ocr_carea' id='block_1_11' title="bbox 481 1168 2052 1242">
    <p class='ocr_par' dir='ltr' id='par_1_11' title="bbox 481 1168 2052 1242">
     <span class='ocr_line' id='line_1_11' title="bbox 481 1168 2052 1242; baseline -0.004 -15"><span class='ocrx_word' id='word_1_57' title='bbox 481 1179 629 1227; x_wconf 86' lang='lat' dir='ltr'><strong>recte</strong></span> <span class='ocrx_word' id='word_1_58' title='bbox 671 1171 917 1242; x_wconf 83' lang='lat' dir='ltr'><strong>positos.</strong></span> <span class='ocrx_word' id='word_1_59' title='bbox 970 1171 1309 1240; x_wconf 77' lang='lat' dir='ltr'><strong>decorasque</strong></span> <span class='ocrx_word' id='word_1_60' title='bbox 1359 1170 1701 1239; x_wconf 81' lang='lat' dir='ltr'><strong>operationes</strong></span> <span class='ocrx_word' id='word_1_61' title='bbox 1732 1187 1743 1222; x_wconf 94' lang='lat'>:</span> <span class='ocrx_word' id='word_1_62' title='bbox 1775 1168 2052 1238; x_wconf 80' lang='lat' dir='ltr'><strong>angelicas</strong></span> 
     </span>
    </p>
   </div>
   <div class='ocr_carea' id='block_1_12' title="bbox 481 1259 2075 1332">
    <p class='ocr_par' dir='ltr' id='par_1_12' title="bbox 481 1259 2075 1332">
     <span class='ocr_line' id='line_1_12' title="bbox 481 1259 2075 1332; baseline -0.004 -14"><span class='ocrx_word' id='word_1_63' title='bbox 481 1260 666 1318; x_wconf 84' lang='lat' dir='ltr'><strong>autem</strong></span> <span class='ocrx_word' id='word_1_64' title='bbox 715 1263 973 1325; x_wconf 86' lang='lat' dir='ltr'><strong>unitates,</strong></span> <span class='ocrx_word' id='word_1_65' title='bbox 1011 1263 1392 1332; x_wconf 74' lang='lat' dir='ltr'><strong>simplicitates</strong></span> <span class='ocrx_word' id='word_1_66' title='bbox 1427 1262 1680 1330; x_wconf 80' lang='lat' dir='ltr'><strong>intelligit</strong></span> <span class='ocrx_word' id='word_1_67' title='bbox 1727 1271 1820 1315; x_wconf 90' lang='lat' dir='ltr'><strong>aut</strong></span> <span class='ocrx_word' id='word_1_68' title='bbox 1862 1259 2075 1323; x_wconf 85' lang='grc' dir='ltr'><strong>ὲνάδας·</strong></span> 
     </span>
    </p>
   </div>
   <div class='ocr_carea' id='block_1_13' title="bbox 481 1349 2053 1422">
    <p class='ocr_par' dir='ltr' id='par_1_13' title="bbox 481 1349 2053 1422">
     <span class='ocr_line' id='line_1_13' title="bbox 481 1349 2053 1422; baseline -0.003 -15"><span class='ocrx_word' id='word_1_69' title='bbox 481 1361 644 1407; x_wconf 84' lang='lat' dir='ltr'><strong>vocat</strong></span> <span class='ocrx_word' id='word_1_70' title='bbox 673 1353 914 1422; x_wconf 89' lang='lat' dir='ltr'><strong>ipsorum</strong></span> <span class='ocrx_word' id='word_1_71' title='bbox 944 1353 1304 1407; x_wconf 88' lang='lat' dir='ltr'><strong>essentiarum</strong></span> <span class='ocrx_word' id='word_1_72' title='bbox 1338 1351 1742 1420; x_wconf 84' lang='lat' dir='ltr'><strong>simplicitatem</strong></span> <span class='ocrx_word' id='word_1_73' title='bbox 1775 1349 1828 1405; x_wconf 88' lang='lat' dir='ltr'><strong>et</strong></span> <span class='ocrx_word' id='word_1_74' title='bbox 1857 1363 2053 1420; x_wconf 86' lang='lat' dir='ltr'><strong>corpo-</strong></span> 
     </span>
    </p>
   </div>
   <div class='ocr_carea' id='block_1_14' title="bbox 481 1444 2050 1513">
    <p class='ocr_par' dir='ltr' id='par_1_14' title="bbox 481 1444 2050 1513">
     <span class='ocr_line' id='line_1_14' title="bbox 481 1444 2050 1513; baseline -0.001 -17"><span class='ocrx_word' id='word_1_75' title='bbox 481 1444 562 1499; x_wconf 90' lang='lat' dir='ltr'><strong>ris</strong></span> <span class='ocrx_word' id='word_1_76' title='bbox 612 1444 970 1513; x_wconf 82' lang='lat' dir='ltr'><strong>privationem</strong></span> <span class='ocrx_word' id='word_1_77' title='bbox 1028 1458 1092 1497; x_wconf 89' lang='lat' dir='ltr'><strong>ac</strong></span> <span class='ocrx_word' id='word_1_78' title='bbox 1145 1445 1648 1511; x_wconf 82' lang='lat' dir='ltr'><strong>immortalitatem;</strong></span> <span class='ocrx_word' id='word_1_79' title='bbox 1699 1450 1825 1497; x_wconf 88' lang='lat' dir='ltr'><strong>nota</strong></span> <span class='ocrx_word' id='word_1_80' title='bbox 1869 1451 2050 1496; x_wconf 90' lang='lat' dir='ltr'><strong>autem</strong></span> 
     </span>
    </p>
   </div>
   <div class='ocr_carea' id='block_1_15' title="bbox 481 1533 1345 1605">
    <p class='ocr_par' dir='ltr' id='par_1_15' title="bbox 481 1533 1345 1605">
     <span class='ocr_line' id='line_1_15' title="bbox 481 1533 1345 1605; baseline 0.001 -18"><span class='ocrx_word' id='word_1_81' title='bbox 481 1534 627 1605; x_wconf 91' lang='lat' dir='ltr'><strong>quod</strong></span> <span class='ocrx_word' id='word_1_82' title='bbox 667 1533 817 1587; x_wconf 84' lang='lat' dir='ltr'><strong>dicat</strong></span> <span class='ocrx_word' id='word_1_83' title='bbox 846 1541 991 1587; x_wconf 88' lang='lat' dir='ltr'><strong>astra</strong></span> <span class='ocrx_word' id='word_1_84' title='bbox 1023 1541 1345 1604; x_wconf 84' lang='lat' dir='ltr'><strong>perennare.</strong></span> 
     </span>
    </p>
   </div>
   <div class='ocr_carea' id='block_1_16' title="bbox 553 1622 2051 1694">
    <p class='ocr_par' dir='ltr' id='par_1_16' title="bbox 553 1622 2051 1694">
     <span class='ocr_line' id='line_1_16' title="bbox 553 1622 2051 1694; baseline 0.003 -18"><span class='ocrx_word' id='word_1_85' title='bbox 553 1624 723 1694; x_wconf 77' lang='lat' dir='ltr'><strong>Atque</strong></span> <span class='ocrx_word' id='word_1_86' title='bbox 748 1623 955 1677; x_wconf 78' lang='lat' dir='ltr'><strong>ordines</strong></span> <span class='ocrx_word' id='word_1_87' title='bbox 988 1624 1361 1678; x_wconf 74' lang='lat' dir='ltr'><strong>inmutabiles.</strong></span> <span class='ocrx_word' id='word_1_88' title='bbox 1403 1622 1773 1680; x_wconf 78' lang='lat' dir='ltr'><strong>lmmutahiles</strong></span> <span class='ocrx_word' id='word_1_89' title='bbox 1802 1625 2051 1681; x_wconf 73' lang='lat' dir='ltr'><strong>cmlestes</strong></span> 
     </span>
    </p>
   </div>
   <div class='ocr_carea' id='block_1_17' title="bbox 483 1715 2050 1786">
    <p class='ocr_par' dir='ltr' id='par_1_17' title="bbox 483 1715 2050 1786">
     <span class='ocr_line' id='line_1_17' title="bbox 483 1715 2050 1786; baseline 0.002 -18"><span class='ocrx_word' id='word_1_90' title='bbox 483 1716 756 1771; x_wconf 87' lang='lat' dir='ltr'><strong>essentias</strong></span> <span class='ocrx_word' id='word_1_91' title='bbox 790 1715 1024 1784; x_wconf 84' lang='lat' dir='ltr'><strong>intellige</strong></span> <span class='ocrx_word' id='word_1_92' title='bbox 1049 1715 1333 1786; x_wconf 65' lang='lat' dir='ltr'><strong>non‘quod</strong></span> <span class='ocrx_word' id='word_1_93' title='bbox 1359 1725 1573 1770; x_wconf 62' lang='lat' dir='ltr'><strong>tulerunt</strong></span> <span class='ocrx_word' id='word_1_94' title='bbox 1596 1718 1741 1782; x_wconf 87' lang='lat' dir='ltr'><strong>sint;</strong></span> <span class='ocrx_word' id='word_1_95' title='bbox 1774 1717 1877 1786; x_wconf 89' lang='lat' dir='ltr'><strong>ipsi</strong></span> <span class='ocrx_word' id='word_1_96' title='bbox 1904 1719 2050 1772; x_wconf 88' lang='lat' dir='ltr'><strong>enim</strong></span> 
     </span>
    </p>
   </div>
   <div class='ocr_carea' id='block_1_18' title="bbox 485 1806 1920 1877">
    <p class='ocr_par' dir='ltr' id='par_1_18' title="bbox 485 1806 1920 1877">
     <span class='ocr_line' id='line_1_18' title="bbox 485 1806 1920 1877; baseline 0.001 -18"><span class='ocrx_word' id='word_1_97' title='bbox 485 1807 787 1861; x_wconf 77' lang='lat' dir='ltr'><strong>seCundum</strong></span> <span class='ocrx_word' id='word_1_98' title='bbox 865 1806 1205 1876; x_wconf 82' lang='lat' dir='ltr'><strong>Seripturam</strong></span> <span class='ocrx_word' id='word_1_99' title='bbox 1259 1809 1634 1862; x_wconf 73' lang='lat' dir='ltr'><strong>ministratorii</strong></span> <span class='ocrx_word' id='word_1_100' title='bbox 1701 1809 1920 1877; x_wconf 74' lang='lat' dir='ltr'><strong>spiritus</strong></span> 
     </span>
    </p>
   </div>
   <div class='ocr_carea' id='block_1_19' title="bbox 485 1896 2052 1967">
    <p class='ocr_par' dir='ltr' id='par_1_19' title="bbox 485 1896 2052 1967">
     <span class='ocr_line' id='line_1_19' title="bbox 485 1896 2052 1967; baseline 0.002 -17"><span class='ocrx_word' id='word_1_101' title='bbox 485 1896 582 1950; x_wconf 80' lang='lat' dir='ltr'><strong>sed</strong></span> <span class='ocrx_word' id='word_1_102' title='bbox 613 1897 1104 1951; x_wconf 88' lang='lat' dir='ltr'><strong>immutabilitatem</strong></span> <span class='ocrx_word' id='word_1_103' title='bbox 1146 1898 1387 1967; x_wconf 75' lang='lat' dir='ltr'><strong>ititellige</strong></span> <span class='ocrx_word' id='word_1_104' title='bbox 1415 1900 1564 1952; x_wconf 87' lang='lat' dir='ltr'><strong>circa</strong></span> <span class='ocrx_word' id='word_1_105' title='bbox 1595 1899 1900 1953; x_wconf 85' lang='lat' dir='ltr'><strong>custodiam</strong></span> <span class='ocrx_word' id='word_1_106' title='bbox 1943 1913 2052 1953; x_wconf 87' lang='lat' dir='ltr'><strong>ter-</strong></span> 
     </span>
    </p>
   </div>
   <div class='ocr_carea' id='block_1_20' title="bbox 487 1989 2049 2060">
    <p class='ocr_par' dir='ltr' id='par_1_20' title="bbox 487 1989 2049 2060">
     <span class='ocr_line' id='line_1_20' title="bbox 487 1989 2049 2060; baseline 0.003 -19"><span class='ocrx_word' id='word_1_107' title='bbox 487 1989 758 2043; x_wconf 88' lang='lat' dir='ltr'><strong>miuorum</strong></span> <span class='ocrx_word' id='word_1_108' title='bbox 809 1989 943 2060; x_wconf 89' lang='lat' dir='ltr'><strong>ipsis</strong></span> <span class='ocrx_word' id='word_1_109' title='bbox 973 2005 1002 2042; x_wconf 86' lang='lat' dir='ltr'><strong>a</strong></span> <span class='ocrx_word' id='word_1_110' title='bbox 1033 1989 1142 2044; x_wconf 86' lang='lat' dir='ltr'><strong>Deo</strong></span> <span class='ocrx_word' id='word_1_111' title='bbox 1189 1991 1243 2043; x_wconf 87' lang='lat' dir='ltr'><strong>in</strong></span> <span class='ocrx_word' id='word_1_112' title='bbox 1293 1992 1562 2060; x_wconf 86' lang='lat' dir='ltr'><strong>principio</strong></span> <span class='ocrx_word' id='word_1_113' title='bbox 1604 1992 2049 2046; x_wconf 85' lang='lat' dir='ltr'><strong>constitutorum.</strong></span> 
     </span>
    </p>
   </div>
   <div class='ocr_carea' id='block_1_21' title="bbox 484 2078 2050 2153">
    <p class='ocr_par' dir='ltr' id='par_1_21' title="bbox 484 2078 2050 2153">
     <span class='ocr_line' id='line_1_21' title="bbox 484 2078 2050 2153; baseline 0.001 -20"><span class='ocrx_word' id='word_1_114' title='bbox 484 2078 906 2151; x_wconf 75' lang='lat' dir='ltr'><strong>Progressionos</strong></span> <span class='ocrx_word' id='word_1_115' title='bbox 928 2087 1107 2135; x_wconf 79' lang='lat' dir='ltr'><strong>autem</strong></span> <span class='ocrx_word' id='word_1_116' title='bbox 1146 2083 1407 2151; x_wconf 86' lang='lat' dir='ltr'><strong>temporis</strong></span> <span class='ocrx_word' id='word_1_117' title='bbox 1437 2082 1602 2152; x_wconf 88' lang='lat' dir='ltr'><strong>hujus</strong></span> <span class='ocrx_word' id='word_1_118' title='bbox 1632 2083 2050 2153; x_wconf 79' lang='lat' dir='ltr'><strong>longitudinem,</strong></span> 
     </span>
    </p>
   </div>
   <div class='ocr_carea' id='block_1_22' title="bbox 483 2175 2056 2241">
    <p class='ocr_par' dir='ltr' id='par_1_22' title="bbox 483 2175 2056 2241">
     <span class='ocr_line' id='line_1_22' title="bbox 483 2175 2056 2241; baseline 0.002 -15"><span class='ocrx_word' id='word_1_119' title='bbox 483 2180 540 2227; x_wconf 89' lang='lat' dir='ltr'><strong>et</strong></span> <span class='ocrx_word' id='word_1_120' title='bbox 566 2181 771 2228; x_wconf 91' lang='lat' dir='ltr'><strong>motum</strong></span> <span class='ocrx_word' id='word_1_121' title='bbox 812 2175 1124 2228; x_wconf 86' lang='lat' dir='ltr'><strong>ulteriorem</strong></span> <span class='ocrx_word' id='word_1_122' title='bbox 1171 2175 1338 2241; x_wconf 86' lang='lat' dir='ltr'><strong>dicit;</strong></span> <span class='ocrx_word' id='word_1_123' title='bbox 1372 2175 1783 2230; x_wconf 86' lang='lat' dir='ltr'><strong>distinctionem</strong></span> <span class='ocrx_word' id='word_1_124' title='bbox 1818 2191 1948 2229; x_wconf 81' lang='lat' dir='ltr'><strong>vero</strong></span> <span class='ocrx_word' id='word_1_125' title='bbox 1979 2176 2056 2229; x_wconf 81' lang='lat' dir='ltr'><strong>si-</strong></span> 
     </span>
    </p>
   </div>
   <div class='ocr_carea' id='block_1_23' title="bbox 483 2265 2055 2336">
    <p class='ocr_par' dir='ltr' id='par_1_23' title="bbox 483 2265 2055 2336">
     <span class='ocr_line' id='line_1_23' title="bbox 483 2265 2055 2336; baseline -0.001 -18"><span class='ocrx_word' id='word_1_126' title='bbox 483 2265 884 2335; x_wconf 79' lang='lat' dir='ltr'><strong>gniﬁcationem</strong></span> <span class='ocrx_word' id='word_1_127' title='bbox 915 2273 1241 2336; x_wconf 85' lang='lat' dir='ltr'><strong>temporum,</strong></span> <span class='ocrx_word' id='word_1_128' title='bbox 1268 2279 1362 2320; x_wconf 86' lang='lat' dir='ltr'><strong>seu</strong></span> <span class='ocrx_word' id='word_1_129' title='bbox 1393 2273 1774 2336; x_wconf 86' lang='lat' dir='ltr'><strong>tempestatum</strong></span> <span class='ocrx_word' id='word_1_130' title='bbox 1805 2277 1924 2334; x_wconf 72' lang='lat' dir='ltr'><strong>quae</strong></span> <span class='ocrx_word' id='word_1_131' title='bbox 1960 2279 2055 2333; x_wconf 88' lang='lat' dir='ltr'><strong>per</strong></span> 
     </span>
    </p>
   </div>
   <div class='ocr_carea' id='block_1_24' title="bbox 482 2356 2051 2427">
    <p class='ocr_par' dir='ltr' id='par_1_24' title="bbox 482 2356 2051 2427">
     <span class='ocr_line' id='line_1_24' title="bbox 482 2356 2051 2427; baseline 0 -17"><span class='ocrx_word' id='word_1_132' title='bbox 482 2356 912 2412; x_wconf 78' lang='lat' dir='ltr'><strong>vicissitudinem</strong></span> <span class='ocrx_word' id='word_1_133' title='bbox 939 2373 1130 2412; x_wconf 82' lang='lat' dir='ltr'><strong>rursus</strong></span> <span class='ocrx_word' id='word_1_134' title='bbox 1155 2357 1209 2411; x_wconf 92' lang='lat' dir='ltr'><strong>in</strong></span> <span class='ocrx_word' id='word_1_135' title='bbox 1231 2357 1422 2412; x_wconf 85' lang='lat' dir='ltr'><strong>eodem</strong></span> <span class='ocrx_word' id='word_1_136' title='bbox 1451 2369 1648 2427; x_wconf 88' lang='lat' dir='ltr'><strong>puncto</strong></span> <span class='ocrx_word' id='word_1_137' title='bbox 1667 2358 2051 2412; x_wconf 86' lang='lat' dir='ltr'><strong>constituitur:</strong></span> 
     </span>
    </p>
   </div>
   <div class='ocr_carea' id='block_1_25' title="bbox 483 2447 2056 2518">
    <p class='ocr_par' dir='ltr' id='par_1_25' title="bbox 483 2447 2056 2518">
     <span class='ocr_line' id='line_1_25' title="bbox 483 2447 2056 2518; baseline 0.001 -17"><span class='ocrx_word' id='word_1_138' title='bbox 483 2447 603 2504; x_wconf 81' lang='lat' dir='ltr'><strong>ideo</strong></span> <span class='ocrx_word' id='word_1_139' title='bbox 633 2450 794 2504; x_wconf 84' lang='lat' dir='ltr'><strong>etiam</strong></span> <span class='ocrx_word' id='word_1_140' title='bbox 833 2456 1038 2503; x_wconf 83' lang='lat' dir='ltr'><strong>motuin</strong></span> <span class='ocrx_word' id='word_1_141' title='bbox 1069 2451 1333 2518; x_wconf 80' lang='lat' dir='ltr'><strong>temporis</strong></span> <span class='ocrx_word' id='word_1_142' title='bbox 1365 2451 1577 2505; x_wconf 84' lang='lat' dir='ltr'><strong>vocavit</strong></span> <span class='ocrx_word' id='word_1_143' title='bbox 1607 2449 1901 2514; x_wconf 76' lang='grc' dir='ltr'><strong>συνελίξεις</strong></span> <span class='ocrx_word' id='word_1_144' title='bbox 1932 2466 2056 2502; x_wconf 75' lang='grc' dir='ltr'><strong>σοι-</strong></span> 
     </span>
    </p>
   </div>
   <div class='ocr_carea' id='block_1_26' title="bbox 483 2541 2057 2611">
    <p class='ocr_par' dir='ltr' id='par_1_26' title="bbox 483 2541 2057 2611">
     <span class='ocr_line' id='line_1_26' title="bbox 483 2541 2057 2611; baseline 0.002 -18"><span class='ocrx_word' id='word_1_145' title='bbox 483 2541 805 2603; x_wconf 78' lang='lat' dir='ltr'><strong>votutiones;</strong></span> <span class='ocrx_word' id='word_1_146' title='bbox 836 2549 930 2594; x_wconf 91' lang='lat' dir='ltr'><strong>aut</strong></span> <span class='ocrx_word' id='word_1_147' title='bbox 963 2542 1376 2611; x_wconf 75' lang='lat' dir='ltr'><strong>progressioncs</strong></span> <span class='ocrx_word' id='word_1_148' title='bbox 1403 2541 1668 2611; x_wconf 85' lang='lat' dir='ltr'><strong>temporis</strong></span> <span class='ocrx_word' id='word_1_149' title='bbox 1707 2542 1838 2596; x_wconf 88' lang='lat' dir='ltr'><strong>dicit</strong></span> <span class='ocrx_word' id='word_1_150' title='bbox 1866 2559 2057 2596; x_wconf 81' lang='lat' dir='ltr'><strong>erran-</strong></span> 
     </span>
    </p>
   </div>
   <div class='ocr_carea' id='block_1_27' title="bbox 482 2632 2056 2704">
    <p class='ocr_par' dir='ltr' id='par_1_27' title="bbox 482 2632 2056 2704">
     <span class='ocr_line' id='line_1_27' title="bbox 482 2632 2056 2704; baseline 0.002 -19"><span class='ocrx_word' id='word_1_151' title='bbox 482 2633 619 2686; x_wconf 90' lang='lat' dir='ltr'><strong>tium</strong></span> <span class='ocrx_word' id='word_1_152' title='bbox 651 2633 890 2688; x_wconf 87' lang='lat' dir='ltr'><strong>siderum</strong></span> <span class='ocrx_word' id='word_1_153' title='bbox 927 2634 1226 2695; x_wconf 80' lang='lat' dir='ltr'><strong>motiones,</strong></span> <span class='ocrx_word' id='word_1_154' title='bbox 1267 2649 1387 2703; x_wconf 75' lang='lat' dir='ltr'><strong>qua:</strong></span> <span class='ocrx_word' id='word_1_155' title='bbox 1420 2634 1473 2687; x_wconf 91' lang='lat' dir='ltr'><strong>in</strong></span> <span class='ocrx_word' id='word_1_156' title='bbox 1521 2632 1760 2704; x_wconf 86' lang='lat' dir='ltr'><strong>quodam</strong></span> <span class='ocrx_word' id='word_1_157' title='bbox 1795 2635 2056 2702; x_wconf 87' lang='lat' dir='ltr'><strong>temporis</strong></span> 
     </span>
    </p>
   </div>
   <div class='ocr_carea' id='block_1_28' title="bbox 483 2726 2055 2797">
    <p class='ocr_par' dir='ltr' id='par_1_28' title="bbox 483 2726 2055 2797">
     <span class='ocr_line' id='line_1_28' title="bbox 483 2726 2055 2797; baseline -0.001 -17"><span class='ocrx_word' id='word_1_158' title='bbox 483 2740 712 2780; x_wconf 90' lang='lat' dir='ltr'><strong>numero</strong></span> <span class='ocrx_word' id='word_1_159' title='bbox 749 2741 846 2797; x_wconf 84' lang='lat' dir='ltr'><strong>per</strong></span> <span class='ocrx_word' id='word_1_160' title='bbox 892 2726 1180 2781; x_wconf 87' lang='lat' dir='ltr'><strong>duodecim</strong></span> <span class='ocrx_word' id='word_1_161' title='bbox 1232 2727 1501 2780; x_wconf 84' lang='lat' dir='ltr'><strong>dictarum</strong></span> <span class='ocrx_word' id='word_1_162' title='bbox 1547 2727 1833 2781; x_wconf 88' lang='lat' dir='ltr'><strong>domorum</strong></span> <span class='ocrx_word' id='word_1_163' title='bbox 1881 2728 2055 2796; x_wconf 86' lang='lat' dir='ltr'><strong>spatia</strong></span> 
     </span>
    </p>
   </div>
   <div class='ocr_carea' id='block_1_29' title="bbox 482 2817 2057 2881">
    <p class='ocr_par' dir='ltr' id='par_1_29' title="bbox 482 2817 2057 2881">
     <span class='ocr_line' id='line_1_29' title="bbox 482 2817 2057 2881; baseline -0.001 -7"><span class='ocrx_word' id='word_1_164' title='bbox 482 2819 687 2874; x_wconf 75' lang='lat' dir='ltr'><strong>sensim</strong></span> <span class='ocrx_word' id='word_1_165' title='bbox 720 2825 1026 2873; x_wconf 81' lang='lat' dir='ltr'><strong>moventur.</strong></span> <span class='ocrx_word' id='word_1_166' title='bbox 1066 2817 1237 2873; x_wconf 85' lang='lat' dir='ltr'><strong>Porro</strong></span> <span class='ocrx_word' id='word_1_167' title='bbox 1283 2818 1760 2881; x_wconf 75' lang='grc' dir='ltr'><strong>ἀποκαταστάσεις</strong></span> <span class='ocrx_word' id='word_1_168' title='bbox 1788 2826 1947 2871; x_wconf 82' lang='lat' dir='ltr'><strong>vocat</strong></span> <span class='ocrx_word' id='word_1_169' title='bbox 1989 2818 2057 2872; x_wconf 88' lang='lat' dir='ltr'><strong>ab</strong></span> 
     </span>
    </p>
   </div>
   <div class='ocr_carea' id='block_1_30' title="bbox 478 2907 2056 2980">
    <p class='ocr_par' dir='ltr' id='par_1_30' title="bbox 478 2907 2056 2980">
     <span class='ocr_line' id='line_1_30' title="bbox 478 2907 2056 2980; baseline -0.001 -18"><span class='ocrx_word' id='word_1_170' title='bbox 478 2910 664 2980; x_wconf 86' lang='lat' dir='ltr'><strong>aliquo</strong></span> <span class='ocrx_word' id='word_1_171' title='bbox 713 2917 916 2980; x_wconf 90' lang='lat' dir='ltr'><strong>puncto</strong></span> <span class='ocrx_word' id='word_1_172' title='bbox 954 2910 1009 2963; x_wconf 93' lang='lat' dir='ltr'><strong>in</strong></span> <span class='ocrx_word' id='word_1_173' title='bbox 1060 2909 1201 2964; x_wconf 86' lang='lat' dir='ltr'><strong>idem</strong></span> <span class='ocrx_word' id='word_1_174' title='bbox 1251 2918 1514 2980; x_wconf 89' lang='lat' dir='ltr'><strong>punctum</strong></span> <span class='ocrx_word' id='word_1_175' title='bbox 1561 2907 2056 2963; x_wconf 80' lang='lat' dir='ltr'><strong>recursuszvelnti</strong></span> 
     </span>
    </p>
   </div>
   <div class='ocr_carea' id='block_1_31' title="bbox 478 2999 2056 3072">
    <p class='ocr_par' dir='ltr' id='par_1_31' title="bbox 478 2999 2056 3072">
     <span class='ocr_line' id='line_1_31' title="bbox 478 2999 2056 3072; baseline -0.003 -14"><span class='ocrx_word' id='word_1_176' title='bbox 478 3003 562 3058; x_wconf 86' lang='lat' dir='ltr'><strong>sol</strong></span> <span class='ocrx_word' id='word_1_177' title='bbox 591 3017 686 3072; x_wconf 90' lang='lat' dir='ltr'><strong>per</strong></span> <span class='ocrx_word' id='word_1_178' title='bbox 707 3017 909 3056; x_wconf 91' lang='lat' dir='ltr'><strong>annum</strong></span> <span class='ocrx_word' id='word_1_179' title='bbox 930 3001 1128 3055; x_wconf 89' lang='lat' dir='ltr'><strong>circuit</strong></span> <span class='ocrx_word' id='word_1_180' title='bbox 1151 3000 1440 3055; x_wconf 87' lang='lat' dir='ltr'><strong>duodecim</strong></span> <span class='ocrx_word' id='word_1_181' title='bbox 1467 3000 1665 3054; x_wconf 87' lang='lat' dir='ltr'><strong>domus</strong></span> <span class='ocrx_word' id='word_1_182' title='bbox 1691 3001 1760 3053; x_wconf 88' lang='lat' dir='ltr'><strong>ab</strong></span> <span class='ocrx_word' id='word_1_183' title='bbox 1791 3003 1960 3054; x_wconf 87' lang='lat' dir='ltr'><strong>ariete</strong></span> <span class='ocrx_word' id='word_1_184' title='bbox 1989 2999 2056 3054; x_wconf 86' lang='lat' dir='ltr'><strong>ad</strong></span> 
     </span>
    </p>
   </div>
   <div class='ocr_carea' id='block_1_32' title="bbox 482 3091 2055 3164">
    <p class='ocr_par' dir='ltr' id='par_1_32' title="bbox 482 3091 2055 3164">
     <span class='ocr_line' id='line_1_32' title="bbox 482 3091 2055 3164; baseline -0.001 -18"><span class='ocrx_word' id='word_1_185' title='bbox 482 3095 709 3148; x_wconf 85' lang='lat' dir='ltr'><strong>arietem</strong></span> <span class='ocrx_word' id='word_1_186' title='bbox 761 3094 1116 3164; x_wconf 82' lang='lat' dir='ltr'><strong>perveniens;</strong></span> <span class='ocrx_word' id='word_1_187' title='bbox 1159 3093 1285 3146; x_wconf 84' lang='lat' dir='ltr'><strong>luna</strong></span> <span class='ocrx_word' id='word_1_188' title='bbox 1334 3107 1429 3162; x_wconf 88' lang='lat' dir='ltr'><strong>per</strong></span> <span class='ocrx_word' id='word_1_189' title='bbox 1460 3107 1724 3151; x_wconf 88' lang='lat' dir='ltr'><strong>mensem,</strong></span> <span class='ocrx_word' id='word_1_190' title='bbox 1757 3099 1812 3145; x_wconf 90' lang='lat' dir='ltr'><strong>et</strong></span> <span class='ocrx_word' id='word_1_191' title='bbox 1845 3091 1918 3144; x_wconf 88' lang='lat' dir='ltr'><strong>ita</strong></span> <span class='ocrx_word' id='word_1_192' title='bbox 1948 3105 2055 3144; x_wconf 69' lang='lat' dir='ltr'><strong>cae-</strong></span> 
     </span>
    </p>
   </div>
   <div class='ocr_carea' id='block_1_33' title="bbox 481 3184 1991 3256">
    <p class='ocr_par' dir='ltr' id='par_1_33' title="bbox 481 3184 1991 3256">
     <span class='ocr_line' id='line_1_33' title="bbox 481 3184 1991 3256; baseline -0.001 -18"><span class='ocrx_word' id='word_1_193' title='bbox 481 3188 583 3240; x_wconf 57' lang='lat' dir='ltr'><strong>teri</strong></span> <span class='ocrx_word' id='word_1_194' title='bbox 613 3186 854 3256; x_wconf 78' lang='lat' dir='ltr'><strong>quinque</strong></span> <span class='ocrx_word' id='word_1_195' title='bbox 880 3203 896 3251; x_wconf 87' lang='lat'><strong>;</strong></span> <span class='ocrx_word' id='word_1_196' title='bbox 921 3194 1164 3254; x_wconf 88' lang='lat' dir='ltr'><strong>tempora</strong></span> <span class='ocrx_word' id='word_1_197' title='bbox 1193 3184 1339 3238; x_wconf 84' lang='lat' dir='ltr'><strong>enim</strong></span> <span class='ocrx_word' id='word_1_198' title='bbox 1364 3199 1430 3237; x_wconf 81' lang='lat' dir='ltr'><strong>ex</strong></span> <span class='ocrx_word' id='word_1_199' title='bbox 1465 3184 1548 3236; x_wconf 88' lang='lat' dir='ltr'><strong>his</strong></span> <span class='ocrx_word' id='word_1_200' title='bbox 1581 3190 1991 3236; x_wconf 86' lang='lat' dir='ltr'><strong>mensurantur.</strong></span> 
     </span>
    </p>
   </div>
   <div class='ocr_carea' id='block_1_34' title="bbox 557 3275 2057 3348">
    <p class='ocr_par' dir='ltr' id='par_1_34' title="bbox 557 3275 2057 3348">
     <span class='ocr_line' id='line_1_34' title="bbox 557 3275 2057 3348; baseline 0.001 -20"><span class='ocrx_word' id='word_1_201' title='bbox 557 3275 624 3329; x_wconf 83' lang='lat' dir='ltr'><strong>Et</strong></span> <span class='ocrx_word' id='word_1_202' title='bbox 662 3278 794 3332; x_wconf 77' lang='lat' dir='ltr'><strong>vires</strong></span> <span class='ocrx_word' id='word_1_203' title='bbox 830 3279 988 3348; x_wconf 75' lang='lat' dir='ltr'><strong>ignis.</strong></span> <span class='ocrx_word' id='word_1_204' title='bbox 1035 3278 1256 3333; x_wconf 83' lang='lat' dir='ltr'><strong>Scilicet</strong></span> <span class='ocrx_word' id='word_1_205' title='bbox 1299 3279 1541 3334; x_wconf 67' lang='lat' dir='ltr'><strong>aatherei.</strong></span> <span class='ocrx_word' id='word_1_206' title='bbox 1567 3277 1832 3348; x_wconf 77' lang='lat' dir='ltr'><strong>Loquitur</strong></span> <span class='ocrx_word' id='word_1_207' title='bbox 1877 3285 2057 3330; x_wconf 88' lang='lat' dir='ltr'><strong>autem</strong></span> 
     </span>
    </p>
   </div>
   <div class='ocr_carea' id='block_1_35' title="bbox 481 3368 2055 3440">
    <p class='ocr_par' dir='ltr' id='par_1_35' title="bbox 481 3368 2055 3440">
     <span class='ocr_line' id='line_1_35' title="bbox 481 3368 2055 3440; baseline -0.001 -16"><span class='ocrx_word' id='word_1_208' title='bbox 481 3368 551 3424; x_wconf 84' lang='lat' dir='ltr'><strong>de</strong></span> <span class='ocrx_word' id='word_1_209' title='bbox 579 3378 814 3438; x_wconf 85' lang='lat' dir='ltr'><strong>quatuor</strong></span> <span class='ocrx_word' id='word_1_210' title='bbox 833 3371 1136 3432; x_wconf 85' lang='lat' dir='ltr'><strong>elementis,</strong></span> <span class='ocrx_word' id='word_1_211' title='bbox 1155 3379 1318 3440; x_wconf 89' lang='lat' dir='ltr'><strong>atque</strong></span> <span class='ocrx_word' id='word_1_212' title='bbox 1341 3379 1540 3424; x_wconf 87' lang='lat' dir='ltr'><strong>terram</strong></span> <span class='ocrx_word' id='word_1_213' title='bbox 1568 3385 1597 3422; x_wconf 93' lang='lat' dir='ltr'><strong>a</strong></span> <span class='ocrx_word' id='word_1_214' title='bbox 1627 3371 1774 3424; x_wconf 91' lang='lat' dir='ltr'><strong>nullo</strong></span> <span class='ocrx_word' id='word_1_215' title='bbox 1807 3368 2020 3423; x_wconf 79' lang='lat' dir='ltr'><strong>fundari</strong></span> <span class='ocrx_word' id='word_1_216' title='bbox 2043 3387 2055 3422; x_wconf 91' lang='lat'><strong>:</strong></span> 
     </span>
    </p>
   </div>
   <div class='ocr_carea' id='block_1_36' title="bbox 486 3459 1894 3532">
    <p class='ocr_par' dir='ltr' id='par_1_36' title="bbox 486 3459 1894 3532">
     <span class='ocr_line' id='line_1_36' title="bbox 486 3459 1894 3532; baseline 0.001 -19"><span class='ocrx_word' id='word_1_217' title='bbox 486 3460 769 3529; x_wconf 89' lang='lat' dir='ltr'><strong>Scriptura</strong></span> <span class='ocrx_word' id='word_1_218' title='bbox 796 3476 926 3515; x_wconf 85' lang='lat' dir='ltr'><strong>vero</strong></span> <span class='ocrx_word' id='word_1_219' title='bbox 954 3460 1088 3515; x_wconf 91' lang='lat' dir='ltr'><strong>dicit</strong></span> <span class='ocrx_word' id='word_1_220' title='bbox 1119 3480 1132 3516; x_wconf 88' lang='lat'><strong>:</strong></span> <span class='ocrx_word' id='word_1_221' title='bbox 1163 3460 1341 3532; x_wconf 88' lang='lat' dir='ltr'><strong>Super</strong></span> <span class='ocrx_word' id='word_1_222' title='bbox 1369 3477 1540 3531; x_wconf 87' lang='lat' dir='ltr'><strong>aquas</strong></span> <span class='ocrx_word' id='word_1_223' title='bbox 1571 3461 1813 3517; x_wconf 81' lang='lat' dir='ltr'><strong>fundasti</strong></span> <span class='ocrx_word' id='word_1_224' title='bbox 1849 3459 1894 3515; x_wconf 84' lang='lat' dir='ltr'><strong>i.</strong></span> 
     </span>
    </p>
   </div>
   <div class='ocr_carea' id='block_1_37' title="bbox 557 3637 2057 3697">
    <p class='ocr_par' dir='ltr' id='par_1_37' title="bbox 557 3637 2057 3697">
     <span class='ocr_line' id='line_1_37' title="bbox 557 3637 2057 3697; baseline 0.002 -6"><span class='ocrx_word' id='word_1_225' title='bbox 557 3637 909 3695; x_wconf 72' lang='lat' dir='ltr'><strong>Essentiales.</strong></span> <span class='ocrx_word' id='word_1_226' title='bbox 946 3637 1225 3695; x_wconf 83' lang='lat' dir='ltr'><strong>Fortassis</strong></span> <span class='ocrx_word' id='word_1_227' title='bbox 1254 3641 1570 3695; x_wconf 88' lang='lat' dir='ltr'><strong>essentialia</strong></span> <span class='ocrx_word' id='word_1_228' title='bbox 1614 3639 1873 3695; x_wconf 87' lang='lat' dir='ltr'><strong>dicuntur</strong></span> <span class='ocrx_word' id='word_1_229' title='bbox 1895 3643 2057 3697; x_wconf 86' lang='lat' dir='ltr'><strong>etiam</strong></span> 
     </span>
    </p>
   </div>
   <div class='ocr_carea' id='block_1_38' title="bbox 480 3729 2059 3800">
    <p class='ocr_par' dir='ltr' id='par_1_38' title="bbox 480 3729 2059 3800">
     <span class='ocr_line' id='line_1_38' title="bbox 480 3729 2059 3800; baseline 0.001 -17"><span class='ocrx_word' id='word_1_230' title='bbox 480 3729 668 3784; x_wconf 88' lang='lat' dir='ltr'><strong>omnia</strong></span> <span class='ocrx_word' id='word_1_231' title='bbox 705 3729 900 3783; x_wconf 66' lang='lat' dir='ltr'><strong>animae</strong></span> <span class='ocrx_word' id='word_1_232' title='bbox 930 3745 994 3782; x_wconf 92' lang='lat' dir='ltr'><strong>ac</strong></span> <span class='ocrx_word' id='word_1_233' title='bbox 1039 3744 1238 3784; x_wconf 87' lang='lat' dir='ltr'><strong>sensus</strong></span> <span class='ocrx_word' id='word_1_234' title='bbox 1280 3732 1526 3798; x_wconf 73' lang='lat' dir='ltr'><strong>expertia</strong></span> <span class='ocrx_word' id='word_1_235' title='bbox 1547 3769 1562 3794; x_wconf 85' lang='lat'><strong>,</strong></span> <span class='ocrx_word' id='word_1_236' title='bbox 1598 3747 1718 3800; x_wconf 72' lang='lat' dir='ltr'><strong>quae</strong></span> <span class='ocrx_word' id='word_1_237' title='bbox 1749 3731 1961 3787; x_wconf 84' lang='lat' dir='ltr'><strong>scilicet</strong></span> <span class='ocrx_word' id='word_1_238' title='bbox 1989 3731 2059 3785; x_wconf 84' lang='lat' dir='ltr'><strong>ab</strong></span> 
     </span>
    </p>
   </div>
   <div class='ocr_carea' id='block_1_39' title="bbox 482 3819 1006 3875">
    <p class='ocr_par' dir='ltr' id='par_1_39' title="bbox 482 3819 1006 3875">
     <span class='ocr_line' id='line_1_39' title="bbox 482 3819 1006 3875; baseline 0 -1"><span class='ocrx_word' id='word_1_239' title='bbox 482 3835 595 3874; x_wconf 73' lang='lat' dir='ltr'><strong>esse</strong></span> <span class='ocrx_word' id='word_1_240' title='bbox 616 3819 690 3873; x_wconf 88' lang='lat' dir='ltr'><strong>ita</strong></span> <span class='ocrx_word' id='word_1_241' title='bbox 719 3830 1006 3875; x_wconf 82' lang='lat' dir='ltr'><strong>vocantur.</strong></span> 
     </span>
    </p>
   </div>
   <div class='ocr_carea' id='block_1_40' title="bbox 554 3908 2058 3986">
    <p class='ocr_par' dir='ltr' id='par_1_40' title="bbox 554 3908 2058 3986">
     <span class='ocr_line' id='line_1_40' title="bbox 554 3908 2058 3986; baseline 0.004 -23"><span class='ocrx_word' id='word_1_242' title='bbox 554 3908 624 3963; x_wconf 84' lang='lat' dir='ltr'><strong>Et</strong></span> <span class='ocrx_word' id='word_1_243' title='bbox 647 3911 816 3978; x_wconf 71' lang='lat' dir='ltr'><strong>ipsum</strong></span> <span class='ocrx_word' id='word_1_244' title='bbox 831 3911 1242 3980; x_wconf 81' lang='lat' dir='ltr'><strong>deiﬁcationem,</strong></span> <span class='ocrx_word' id='word_1_245' title='bbox 1272 3911 1367 3966; x_wconf 89' lang='lat' dir='ltr'><strong>Gr.</strong></span> <span class='ocrx_word' id='word_1_246' title='bbox 1395 3913 1608 3968; x_wconf 82' lang='grc' dir='ltr'><strong>θέωσιν.</strong></span> <span class='ocrx_word' id='word_1_247' title='bbox 1639 3913 1778 3970; x_wconf 84' lang='lat' dir='ltr'><strong>Justi</strong></span> <span class='ocrx_word' id='word_1_248' title='bbox 1808 3923 1862 3970; x_wconf 89' lang='lat' dir='ltr'><strong>et</strong></span> <span class='ocrx_word' id='word_1_249' title='bbox 1883 3916 2058 3986; x_wconf 79' lang='lat' dir='ltr'><strong>angeli</strong></span> 
     </span>
    </p>
   </div>
   <div class='ocr_carea' id='block_1_41' title="bbox 481 4001 2055 4077">
    <p class='ocr_par' dir='ltr' id='par_1_41' title="bbox 481 4001 2055 4077">
     <span class='ocr_line' id='line_1_41' title="bbox 481 4001 2055 4077; baseline 0.004 -21"><span class='ocrx_word' id='word_1_250' title='bbox 481 4001 789 4056; x_wconf 73' lang='lat' dir='ltr'><strong>ciiiciuntur</strong></span> <span class='ocrx_word' id='word_1_251' title='bbox 809 4003 906 4067; x_wconf 77' lang='lat' dir='ltr'><strong>dii.</strong></span> <span class='ocrx_word' id='word_1_252' title='bbox 929 4004 1229 4059; x_wconf 84' lang='lat' dir='ltr'><strong>secundum</strong></span> <span class='ocrx_word' id='word_1_253' title='bbox 1259 4005 1421 4060; x_wconf 91' lang='lat' dir='ltr'><strong>illud:</strong></span> <span class='ocrx_word' id='word_1_254' title='bbox 1450 4005 1562 4077; x_wconf 81' lang='lat' dir='ltr'><strong>Ego</strong></span> <span class='ocrx_word' id='word_1_255' title='bbox 1593 4007 1742 4060; x_wconf 77' lang='lat' dir='ltr'><strong>dixi:</strong></span> <span class='ocrx_word' id='word_1_256' title='bbox 1765 4007 1988 4061; x_wconf 79' lang='lat' dir='ltr'><strong>Diiestis</strong></span> <span class='ocrx_word' id='word_1_257' title='bbox 2010 4009 2055 4063; x_wconf 66' lang='grc' dir='ltr'><strong>κ.</strong></span> 
     </span>
    </p>
   </div>
   <div class='ocr_carea' id='block_1_42' title="bbox 554 4093 2061 4168">
    <p class='ocr_par' dir='ltr' id='par_1_42' title="bbox 554 4093 2061 4168">
     <span class='ocr_line' id='line_1_42' title="bbox 554 4093 2061 4168; baseline 0.002 -18"><span class='ocrx_word' id='word_1_258' title='bbox 554 4093 782 4150; x_wconf 73' lang='lat' dir='ltr'><strong>Omnino</strong></span> <span class='ocrx_word' id='word_1_259' title='bbox 821 4097 977 4160; x_wconf 76' lang='lat' dir='ltr'><strong>situs,</strong></span> <span class='ocrx_word' id='word_1_260' title='bbox 1005 4095 1099 4151; x_wconf 83' lang='lat' dir='ltr'><strong>Gr.</strong></span> <span class='ocrx_word' id='word_1_261' title='bbox 1134 4097 1307 4162; x_wconf 83' lang='grc' dir='ltr'><strong>θέσις.</strong></span> <span class='ocrx_word' id='word_1_262' title='bbox 1361 4099 1520 4154; x_wconf 83' lang='grc' dir='ltr'><strong>Θέσιν</strong></span> <span class='ocrx_word' id='word_1_263' title='bbox 1556 4108 1712 4153; x_wconf 83' lang='lat' dir='ltr'><strong>vocat</strong></span> <span class='ocrx_word' id='word_1_264' title='bbox 1742 4101 2061 4168; x_wconf 84' lang='lat' dir='ltr'><strong>productio-</strong></span> 
     </span>
    </p>
   </div>
   <div class='ocr_carea' id='block_1_43' title="bbox 484 4188 2064 4261">
    <p class='ocr_par' dir='ltr' id='par_1_43' title="bbox 484 4188 2064 4261">
     <span class='ocr_line' id='line_1_43' title="bbox 484 4188 2064 4261; baseline 0.002 -20"><span class='ocrx_word' id='word_1_265' title='bbox 484 4202 606 4242; x_wconf 89' lang='lat' dir='ltr'><strong>nem</strong></span> <span class='ocrx_word' id='word_1_266' title='bbox 636 4188 703 4243; x_wconf 86' lang='lat' dir='ltr'><strong>ad</strong></span> <span class='ocrx_word' id='word_1_267' title='bbox 731 4189 1128 4252; x_wconf 80' lang='lat' dir='ltr'><strong>exsistondum,</strong></span> <span class='ocrx_word' id='word_1_268' title='bbox 1149 4204 1213 4244; x_wconf 88' lang='lat' dir='ltr'><strong>ac</strong></span> <span class='ocrx_word' id='word_1_269' title='bbox 1243 4189 1512 4245; x_wconf 91' lang='lat' dir='ltr'><strong>sidiceret</strong></span> <span class='ocrx_word' id='word_1_270' title='bbox 1545 4190 1735 4257; x_wconf 86' lang='lat' dir='ltr'><strong>:Quod</strong></span> <span class='ocrx_word' id='word_1_271' title='bbox 1762 4206 1869 4245; x_wconf 88' lang='lat' dir='ltr'><strong>non</strong></span> <span class='ocrx_word' id='word_1_272' title='bbox 1893 4191 2064 4261; x_wconf 88' lang='lat' dir='ltr'><strong>parti-</strong></span> 
     </span>
    </p>
   </div>
   <div class='ocr_carea' id='block_1_44' title="bbox 490 4281 1776 4353">
    <p class='ocr_par' dir='ltr' id='par_1_44' title="bbox 490 4281 1776 4353">
     <span class='ocr_line' id='line_1_44' title="bbox 490 4281 1776 4353; baseline 0.003 -19"><span class='ocrx_word' id='word_1_273' title='bbox 490 4281 631 4349; x_wconf 77' lang='lat' dir='ltr'><strong>:ipnt</strong></span> <span class='ocrx_word' id='word_1_274' title='bbox 664 4281 944 4348; x_wconf 76' lang='lat' dir='ltr'><strong>virtutem,</strong></span> <span class='ocrx_word' id='word_1_275' title='bbox 975 4299 1155 4353; x_wconf 81' lang='lat' dir='ltr'><strong>neque</strong></span> <span class='ocrx_word' id='word_1_276' title='bbox 1185 4284 1329 4338; x_wconf 89' lang='lat' dir='ltr'><strong>inter</strong></span> <span class='ocrx_word' id='word_1_277' title='bbox 1361 4293 1643 4337; x_wconf 88' lang='lat' dir='ltr'><strong>creaturas</strong></span> <span class='ocrx_word' id='word_1_278' title='bbox 1671 4289 1776 4339; x_wconf 87' lang='lat' dir='ltr'><strong>est.</strong></span> 
     </span>
    </p>
   </div>
   <div class='ocr_carea' id='block_1_45' title="bbox 559 4370 2063 4444">
    <p class='ocr_par' dir='ltr' id='par_1_45' title="bbox 559 4370 2063 4444">
     <span class='ocr_line' id='line_1_45' title="bbox 559 4370 2063 4444; baseline 0.002 -19"><span class='ocrx_word' id='word_1_279' title='bbox 559 4371 589 4442; x_wconf 61' lang='grc' dir='ltr'>ᾗ</span> <span class='ocrx_word' id='word_1_280' title='bbox 625 4370 712 4428; x_wconf 80' lang='lat' dir='ltr'><strong>Vl.</strong></span> <span class='ocrx_word' id='word_1_281' title='bbox 749 4374 909 4443; x_wconf 77' lang='lat' dir='ltr'><strong>Atqui</strong></span> <span class='ocrx_word' id='word_1_282' title='bbox 939 4377 1014 4428; x_wconf 76' lang='lat' dir='ltr'><strong>ait</strong></span> <span class='ocrx_word' id='word_1_283' title='bbox 1052 4375 1274 4444; x_wconf 78' lang='lat' dir='ltr'><strong>Elymus</strong></span> <span class='ocrx_word' id='word_1_284' title='bbox 1307 4391 1520 4444; x_wconf 79' lang='lat' dir='ltr'><strong>magus.</strong></span> <span class='ocrx_word' id='word_1_285' title='bbox 1572 4373 1709 4428; x_wconf 88' lang='lat' dir='ltr'><strong>Hine</strong></span> <span class='ocrx_word' id='word_1_286' title='bbox 1752 4376 2063 4430; x_wconf 84' lang='lat' dir='ltr'><strong>ostenditur</strong></span> 
     </span>
    </p>
   </div>
   <div class='ocr_carea' id='block_1_46' title="bbox 486 4462 2066 4537">
    <p class='ocr_par' dir='ltr' id='par_1_46' title="bbox 486 4462 2066 4537">
     <span class='ocr_line' id='line_1_46' title="bbox 486 4462 2066 4537; baseline 0.004 -22"><span class='ocrx_word' id='word_1_287' title='bbox 486 4462 650 4532; x_wconf 85' lang='lat' dir='ltr'><strong>hujus</strong></span> <span class='ocrx_word' id='word_1_288' title='bbox 686 4465 862 4519; x_wconf 79' lang='lat' dir='ltr'><strong>sancti</strong></span> <span class='ocrx_word' id='word_1_289' title='bbox 890 4466 995 4519; x_wconf 88' lang='lat' dir='ltr'><strong>viri</strong></span> <span class='ocrx_word' id='word_1_290' title='bbox 1031 4467 1363 4536; x_wconf 85' lang='lat' dir='ltr'><strong>antiquitas;</strong></span> <span class='ocrx_word' id='word_1_291' title='bbox 1400 4467 1552 4520; x_wconf 88' lang='lat' dir='ltr'><strong>novit</strong></span> <span class='ocrx_word' id='word_1_292' title='bbox 1592 4468 1737 4522; x_wconf 89' lang='lat' dir='ltr'><strong>enim</strong></span> <span class='ocrx_word' id='word_1_293' title='bbox 1771 4484 1894 4537; x_wconf 58' lang='lat' dir='ltr'><strong>qua</strong></span> <span class='ocrx_word' id='word_1_294' title='bbox 1925 4467 2066 4522; x_wconf 80' lang='lat' dir='ltr'><strong>dixit</strong></span> 
     </span>
    </p>
   </div>
   <div class='ocr_carea' id='block_1_47' title="bbox 2156 605 3718 686">
    <p class='ocr_par' dir='ltr' id='par_1_47' title="bbox 2156 605 3718 686">
     <span class='ocr_line' id='line_1_47' title="bbox 2156 605 3718 686; baseline -0.017 0"><span class='ocrx_word' id='word_1_295' title='bbox 2156 616 2406 686; x_wconf 76' lang='grc' dir='ltr'><strong>χρησίμῳ</strong></span> <span class='ocrx_word' id='word_1_296' title='bbox 2437 613 2537 682; x_wconf 81' lang='grc' dir='ltr'><strong>τῆς</strong></span> <span class='ocrx_word' id='word_1_297' title='bbox 2573 613 2880 683; x_wconf 81' lang='grc' dir='ltr'><strong>ὑπάρξεως·</strong></span> <span class='ocrx_word' id='word_1_298' title='bbox 2917 611 3011 664; x_wconf 71' lang='grc' dir='ltr'><strong>καὶ</strong></span> <span class='ocrx_word' id='word_1_299' title='bbox 3052 609 3208 663; x_wconf 85' lang='grc' dir='ltr'><strong>τοῦτο</strong></span> <span class='ocrx_word' id='word_1_300' title='bbox 3245 605 3337 663; x_wconf 86' lang='grc' dir='ltr'><strong>οῦν</strong></span> <span class='ocrx_word' id='word_1_301' title='bbox 3372 626 3504 680; x_wconf 85' lang='grc' dir='ltr'><strong>φησι</strong></span> <span class='ocrx_word' id='word_1_302' title='bbox 3535 607 3598 660; x_wconf 76' lang='grc' dir='ltr'><strong>τδ</strong></span> <span class='ocrx_word' id='word_1_303' title='bbox 3626 607 3718 660; x_wconf 83' lang='grc' dir='ltr'><strong>οὗ·</strong></span> 
     </span>
    </p>
   </div>
   <div class='ocr_carea' id='block_1_48' title="bbox 2155 699 3718 776">
    <p class='ocr_par' dir='ltr' id='par_1_48' title="bbox 2155 699 3718 776">
     <span class='ocr_line' id='line_1_48' title="bbox 2155 699 3718 776; baseline -0.005 -16"><span class='ocrx_word' id='word_1_304' title='bbox 2155 723 2264 773; x_wconf 82' lang='grc' dir='ltr'><strong>τως</strong></span> <span class='ocrx_word' id='word_1_305' title='bbox 2305 707 2486 769; x_wconf 78' lang='grc' dir='ltr'><strong>εἶναι,</strong></span> <span class='ocrx_word' id='word_1_306' title='bbox 2521 707 2614 758; x_wconf 76' lang='grc' dir='ltr'><strong>καὶ</strong></span> <span class='ocrx_word' id='word_1_307' title='bbox 2659 705 2760 776; x_wconf 82' lang='grc' dir='ltr'><strong>τὴν</strong></span> <span class='ocrx_word' id='word_1_308' title='bbox 2803 703 3032 774; x_wconf 84' lang='grc' dir='ltr'><strong>δύναμιν</strong></span> <span class='ocrx_word' id='word_1_309' title='bbox 3075 702 3170 755; x_wconf 90' lang='grc' dir='ltr'><strong>τοῦ</strong></span> <span class='ocrx_word' id='word_1_310' title='bbox 3213 699 3618 772; x_wconf 72' lang='grc' dir='ltr'><strong>ἐπιζητεῖσθαι,</strong></span> <span class='ocrx_word' id='word_1_311' title='bbox 3649 699 3718 764; x_wconf 83' lang='grc' dir='ltr'><strong>ὼς</strong></span> 
     </span>
    </p>
   </div>
   <div class='ocr_carea' id='block_1_49' title="bbox 2154 792 3717 869">
    <p class='ocr_par' dir='ltr' id='par_1_49' title="bbox 2154 792 3717 869">
     <span class='ocr_line' id='line_1_49' title="bbox 2154 792 3717 869; baseline -0.006 -15"><span class='ocrx_word' id='word_1_312' title='bbox 2154 801 2442 868; x_wconf 83' lang='grc' dir='ltr'><strong>ἀναγκαῖον</strong></span> <span class='ocrx_word' id='word_1_313' title='bbox 2460 799 2521 851; x_wconf 85' lang='grc' dir='ltr'><strong>τὸ</strong></span> <span class='ocrx_word' id='word_1_314' title='bbox 2539 793 2678 852; x_wconf 77' lang='grc' dir='ltr'><strong>εἶναι</strong></span> <span class='ocrx_word' id='word_1_315' title='bbox 2701 796 2851 869; x_wconf 86' lang='grc' dir='ltr'><strong>παρά</strong></span> <span class='ocrx_word' id='word_1_316' title='bbox 2872 796 2973 866; x_wconf 82' lang='grc' dir='ltr'><strong>τῆς</strong></span> <span class='ocrx_word' id='word_1_317' title='bbox 3000 794 3147 859; x_wconf 80' lang='grc' dir='ltr'>θείας</span> <span class='ocrx_word' id='word_1_318' title='bbox 3172 795 3264 848; x_wconf 73' lang='grc' dir='ltr'><strong>καὶ</strong></span> <span class='ocrx_word' id='word_1_319' title='bbox 3288 792 3717 865; x_wconf 85' lang='grc' dir='ltr'><strong>ἀπειροδυνάμου</strong></span> 
     </span>
    </p>
   </div>
   <div class='ocr_carea' id='block_1_50' title="bbox 2154 892 2358 954">
    <p class='ocr_par' dir='ltr' id='par_1_50' title="bbox 2154 892 2358 954">
     <span class='ocr_line' id='line_1_50' title="bbox 2154 892 2358 954; baseline 0 -10"><span class='ocrx_word' id='word_1_320' title='bbox 2154 892 2358 954; x_wconf 83' lang='grc' dir='ltr'><strong>οὐσίας.</strong></span> 
     </span>
    </p>
   </div>
   <div class='ocr_carea' id='block_1_51' title="bbox 2223 971 3718 1051">
    <p class='ocr_par' dir='ltr' id='par_1_51' title="bbox 2223 971 3718 1051">
     <span class='ocr_line' id='line_1_51' title="bbox 2223 971 3718 1051; baseline -0.005 -14"><span class='ocrx_word' id='word_1_321' title='bbox 2223 985 2331 1038; x_wconf 78' lang='grc' dir='ltr'><strong>Καὶ</strong></span> <span class='ocrx_word' id='word_1_322' title='bbox 2381 983 2816 1049; x_wconf 81' lang='grc' dir='ltr'><strong>εὐθημοσύνας.</strong></span> <span class='ocrx_word' id='word_1_323' title='bbox 2870 979 3258 1051; x_wconf 80' lang='grc' dir='ltr'><strong>Εῦθημοσῦνας</strong></span> <span class='ocrx_word' id='word_1_324' title='bbox 3325 977 3461 1048; x_wconf 75' lang='grc' dir='ltr'><strong>φησὶ</strong></span> <span class='ocrx_word' id='word_1_325' title='bbox 3515 975 3615 1040; x_wconf 88' lang='grc' dir='ltr'><strong>τάς</strong></span> <span class='ocrx_word' id='word_1_326' title='bbox 3664 971 3718 1029; x_wconf 79' lang='grc' dir='ltr'><strong>εὖ</strong></span> 
     </span>
    </p>
   </div>
   <div class='ocr_carea' id='block_1_52' title="bbox 2153 1070 3720 1146">
    <p class='ocr_par' dir='ltr' id='par_1_52' title="bbox 2153 1070 3720 1146">
     <span class='ocr_line' id='line_1_52' title="bbox 2153 1070 3720 1146; baseline -0.006 -17"><span class='ocrx_word' id='word_1_327' title='bbox 2153 1075 2380 1146; x_wconf 78' lang='grc' dir='ltr'><strong>ἐχούσας</strong></span> <span class='ocrx_word' id='word_1_328' title='bbox 2420 1075 2597 1139; x_wconf 84' lang='grc' dir='ltr'><strong>Θέσεις</strong></span> <span class='ocrx_word' id='word_1_329' title='bbox 2646 1075 2740 1127; x_wconf 61' lang='grc' dir='ltr'><strong>καὶ⁵</strong></span> <span class='ocrx_word' id='word_1_330' title='bbox 2782 1073 2965 1140; x_wconf 78' lang='grc' dir='ltr'><strong>τάξεις</strong></span> <span class='ocrx_word' id='word_1_331' title='bbox 3001 1072 3251 1135; x_wconf 80' lang='grc' dir='ltr'><strong>εὐθέτους</strong></span> <span class='ocrx_word' id='word_1_332' title='bbox 3296 1072 3386 1123; x_wconf 77' lang='grc' dir='ltr'><strong>καὶ</strong></span> <span class='ocrx_word' id='word_1_333' title='bbox 3417 1070 3720 1139; x_wconf 79' lang='grc' dir='ltr'><strong>εὐσχήμους</strong></span> 
     </span>
    </p>
   </div>
   <div class='ocr_carea' id='block_1_53' title="bbox 2153 1161 3719 1238">
    <p class='ocr_par' dir='ltr' id='par_1_53' title="bbox 2153 1161 3719 1238">
     <span class='ocr_line' id='line_1_53' title="bbox 2153 1161 3719 1238; baseline -0.006 -18"><span class='ocrx_word' id='word_1_334' title='bbox 2153 1167 2524 1238; x_wconf 78' lang='grc' dir='ltr'><strong>δημιουργίας’</strong></span> <span class='ocrx_word' id='word_1_335' title='bbox 2556 1165 2860 1235; x_wconf 71' lang='grc' dir='ltr'><strong>ἀΠελικῶν</strong></span> <span class='ocrx_word' id='word_1_336' title='bbox 2904 1164 2962 1217; x_wconf 80' lang='grc' dir='ltr'><strong>δὲ</strong></span> <span class='ocrx_word' id='word_1_337' title='bbox 3007 1163 3204 1218; x_wconf 52' lang='lat' dir='ltr'><strong>tuo.»</strong></span> <span class='ocrx_word' id='word_1_338' title='bbox 3253 1162 3361 1216; x_wconf 81' lang='grc' dir='ltr'><strong>τῶν</strong></span> <span class='ocrx_word' id='word_1_339' title='bbox 3407 1161 3719 1230; x_wconf 82' lang='grc' dir='ltr'><strong>ἀπλοτήτων</strong></span> 
     </span>
    </p>
   </div>
   <div class='ocr_carea' id='block_1_54' title="bbox 2155 1250 3693 1331">
    <p class='ocr_par' dir='ltr' id='par_1_54' title="bbox 2155 1250 3693 1331">
     <span class='ocr_line' id='line_1_54' title="bbox 2155 1250 3693 1331; baseline -0.007 -18"><span class='ocrx_word' id='word_1_340' title='bbox 2155 1260 2334 1330; x_wconf 80' lang='grc' dir='ltr'><strong>φησίν·</strong></span> <span class='ocrx_word' id='word_1_341' title='bbox 2371 1259 2404 1331; x_wconf 81' lang='grc' dir='ltr'><strong>ἢ</strong></span> <span class='ocrx_word' id='word_1_342' title='bbox 2441 1259 2631 1322; x_wconf 81' lang='grc' dir='ltr'><strong>ὲνάδας</strong></span> <span class='ocrx_word' id='word_1_343' title='bbox 2667 1259 2819 1311; x_wconf 86' lang='grc' dir='ltr'><strong>καλεῖ</strong></span> <span class='ocrx_word' id='word_1_344' title='bbox 2845 1257 2944 1320; x_wconf 78' lang='grc' dir='ltr'><strong>τὰς</strong></span> <span class='ocrx_word' id='word_1_345' title='bbox 2975 1255 3081 1309; x_wconf 80' lang='grc' dir='ltr'><strong>τῶν</strong></span> <span class='ocrx_word' id='word_1_346' title='bbox 3119 1254 3314 1308; x_wconf 76' lang='grc' dir='ltr'><strong>οὐσιῶν</strong></span> <span class='ocrx_word' id='word_1_347' title='bbox 3346 1253 3525 1308; x_wconf 78' lang='grc' dir='ltr'><strong>αὐτῶν</strong></span> <span class='ocrx_word' id='word_1_348' title='bbox 3556 1250 3693 1305; x_wconf 81' lang='grc' dir='ltr'><strong>ἀπλό</strong></span> 
     </span>
    </p>
   </div>
   <div class='ocr_carea' id='block_1_55' title="bbox 2152 1343 3716 1424">
    <p class='ocr_par' dir='ltr' id='par_1_55' title="bbox 2152 1343 3716 1424">
     <span class='ocr_line' id='line_1_55' title="bbox 2152 1343 3716 1424; baseline -0.008 -17"><span class='ocrx_word' id='word_1_349' title='bbox 2152 1371 2336 1424; x_wconf 87' lang='grc' dir='ltr'><strong>τητας,</strong></span> <span class='ocrx_word' id='word_1_350' title='bbox 2380 1353 2473 1407; x_wconf 75' lang='grc' dir='ltr'><strong>καὶ</strong></span> <span class='ocrx_word' id='word_1_351' title='bbox 2518 1350 2834 1422; x_wconf 88' lang='grc' dir='ltr'><strong>ἀσωματίας</strong></span> <span class='ocrx_word' id='word_1_352' title='bbox 2879 1348 2973 1403; x_wconf 75' lang='grc' dir='ltr'><strong>καὶ</strong></span> <span class='ocrx_word' id='word_1_353' title='bbox 3015 1347 3226 1410; x_wconf 83' lang='grc' dir='ltr'><strong>άῡλίας.</strong></span> <span class='ocrx_word' id='word_1_354' title='bbox 3274 1346 3589 1418; x_wconf 87' lang='grc' dir='ltr'><strong>Σημείωσαι</strong></span> <span class='ocrx_word' id='word_1_355' title='bbox 3645 1343 3716 1408; x_wconf 83' lang='grc' dir='ltr'><strong>δὲ,</strong></span> 
     </span>
    </p>
   </div>
   <div class='ocr_carea' id='block_1_56' title="bbox 2152 1439 3192 1516">
    <p class='ocr_par' dir='ltr' id='par_1_56' title="bbox 2152 1439 3192 1516">
     <span class='ocr_line' id='line_1_56' title="bbox 2152 1439 3192 1516; baseline -0.008 -17"><span class='ocrx_word' id='word_1_356' title='bbox 2152 1447 2233 1498; x_wconf 82' lang='grc' dir='ltr'><strong>ὅτι</strong></span> <span class='ocrx_word' id='word_1_357' title='bbox 2262 1446 2389 1508; x_wconf 82' lang='grc' dir='ltr'><strong>τοὺς</strong></span> <span class='ocrx_word' id='word_1_358' title='bbox 2417 1443 2652 1516; x_wconf 77' lang='grc' dir='ltr'><strong>ἀστέρας</strong></span> <span class='ocrx_word' id='word_1_359' title='bbox 2677 1440 2999 1505; x_wconf 77' lang='grc' dir='ltr'><strong>διαιωνίζειν</strong></span> <span class='ocrx_word' id='word_1_360' title='bbox 3027 1439 3192 1509; x_wconf 81' lang='grc' dir='ltr'><strong>λέγει.</strong></span> 
     </span>
    </p>
   </div>
   <div class='ocr_carea' id='block_1_57' title="bbox 2221 1617 3720 1691">
    <p class='ocr_par' dir='ltr' id='par_1_57' title="bbox 2221 1617 3720 1691">
     <span class='ocr_line' id='line_1_57' title="bbox 2221 1617 3720 1691; baseline -0.009 -10"><span class='ocrx_word' id='word_1_361' title='bbox 2221 1627 2330 1680; x_wconf 75' lang='lat' dir='ltr'><strong>Kal</strong></span> <span class='ocrx_word' id='word_1_362' title='bbox 2355 1625 2552 1691; x_wconf 79' lang='grc' dir='ltr'><strong>τάξεις</strong></span> <span class='ocrx_word' id='word_1_363' title='bbox 2573 1621 3030 1687; x_wconf 72' lang='grc' dir='ltr'><strong>ἁναλλοιὼτους.</strong></span> <span class='ocrx_word' id='word_1_364' title='bbox 3069 1617 3482 1681; x_wconf 79' lang='grc' dir='ltr'><strong>Ἀναλλοιώτους</strong></span> <span class='ocrx_word' id='word_1_365' title='bbox 3512 1617 3608 1682; x_wconf 83' lang='grc' dir='ltr'><strong>τὰς</strong></span> <span class='ocrx_word' id='word_1_366' title='bbox 3634 1617 3720 1669; x_wconf 77' lang='grc' dir='ltr'><strong>οὐ·</strong></span> 
     </span>
    </p>
   </div>
   <div class='ocr_carea' id='block_1_58' title="bbox 2157 1707 3717 1790">
    <p class='ocr_par' dir='ltr' id='par_1_58' title="bbox 2157 1707 3717 1790">
     <span class='ocr_line' id='line_1_58' title="bbox 2157 1707 3717 1790; baseline -0.008 -17"><span class='ocrx_word' id='word_1_367' title='bbox 2157 1719 2342 1790; x_wconf 86' lang='grc' dir='ltr'><strong>ρανίας</strong></span> <span class='ocrx_word' id='word_1_368' title='bbox 2390 1718 2596 1780; x_wconf 74' lang='grc' dir='ltr'><strong>οὐσίας,</strong></span> <span class='ocrx_word' id='word_1_369' title='bbox 2633 1716 2706 1787; x_wconf 78' lang='grc' dir='ltr'><strong>μὴ</strong></span> <span class='ocrx_word' id='word_1_370' title='bbox 2755 1713 2893 1768; x_wconf 85' lang='grc' dir='ltr'><strong>κατὰ</strong></span> <span class='ocrx_word' id='word_1_371' title='bbox 2927 1713 2988 1766; x_wconf 84' lang='grc' dir='ltr'><strong>τὸ</strong></span> <span class='ocrx_word' id='word_1_372' title='bbox 3026 1713 3208 1776; x_wconf 83' lang='grc' dir='ltr'><strong>ἀῖδίως</strong></span> <span class='ocrx_word' id='word_1_373' title='bbox 3252 1707 3394 1764; x_wconf 76' lang='grc' dir='ltr'><strong>εἶναι</strong></span> <span class='ocrx_word' id='word_1_374' title='bbox 3435 1711 3633 1782; x_wconf 80' lang='grc' dir='ltr'><strong>νοήσῃς</strong></span> <span class='ocrx_word' id='word_1_375' title='bbox 3659 1710 3717 1739; x_wconf 73' lang='lat'><strong>“-</strong></span> 
     </span>
    </p>
   </div>
   <div class='ocr_carea' id='block_1_59' title="bbox 1974 1801 3722 1881">
    <p class='ocr_par' dir='ltr' id='par_1_59' title="bbox 1974 1801 3722 1881">
     <span class='ocr_line' id='line_1_59' title="bbox 1974 1801 3722 1881; baseline -0.007 -16"><span class='ocrx_word' id='word_1_376' title='bbox 1974 1811 1987 1848; x_wconf 81' lang='grc' dir='ltr'><strong>ί</strong></span> <span class='ocrx_word' id='word_1_377' title='bbox 2033 1829 2044 1863; x_wconf 91' lang='lat'>:</span> <span class='ocrx_word' id='word_1_378' title='bbox 2153 1811 2306 1864; x_wconf 78' lang='grc' dir='ltr'><strong>αὐτοὶ</strong></span> <span class='ocrx_word' id='word_1_379' title='bbox 2333 1809 2440 1881; x_wconf 82' lang='grc' dir='ltr'><strong>γὰρ</strong></span> <span class='ocrx_word' id='word_1_380' title='bbox 2468 1808 2606 1863; x_wconf 83' lang='grc' dir='ltr'><strong>κατά</strong></span> <span class='ocrx_word' id='word_1_381' title='bbox 2635 1808 2697 1861; x_wconf 84' lang='grc' dir='ltr'><strong>τὸ</strong></span> <span class='ocrx_word' id='word_1_382' title='bbox 2725 1806 3108 1878; x_wconf 80' lang='grc' dir='ltr'><strong>γεγραμμένον</strong></span> <span class='ocrx_word' id='word_1_383' title='bbox 3140 1801 3519 1872; x_wconf 74' lang='grc' dir='ltr'><strong>λειτουργικὰ</strong></span> <span class='ocrx_word' id='word_1_384' title='bbox 3550 1802 3722 1854; x_wconf 78' lang='grc' dir='ltr'><strong>πνεύ-</strong></span> 
     </span>
    </p>
   </div>
   <div class='ocr_carea' id='block_1_60' title="bbox 2084 1881 3723 1971">
    <p class='ocr_par' dir='ltr' id='par_1_60' title="bbox 2084 1881 3723 1971">
     <span class='ocr_line' id='line_1_60' title="bbox 2084 1881 3723 1971; baseline -0.005 -17"><span class='ocrx_word' id='word_1_385' title='bbox 2084 1881 2124 1936; x_wconf 68' lang='lat'><strong>&quot;</strong></span> <span class='ocrx_word' id='word_1_386' title='bbox 2146 1901 2304 1971; x_wconf 79' lang='grc' dir='ltr'><strong>ματά</strong></span> <span class='ocrx_word' id='word_1_387' title='bbox 2349 1904 2504 1954; x_wconf 73' lang='grc' dir='ltr'><strong>εἰσινο</strong></span> <span class='ocrx_word' id='word_1_388' title='bbox 2540 1899 2676 1954; x_wconf 86' lang='grc' dir='ltr'><strong>ἀλλά</strong></span> <span class='ocrx_word' id='word_1_389' title='bbox 2721 1900 2848 1970; x_wconf 79' lang='grc' dir='ltr'><strong>περὶ</strong></span> <span class='ocrx_word' id='word_1_390' title='bbox 2897 1898 2997 1969; x_wconf 78' lang='grc' dir='ltr'><strong>τὴν</strong></span> <span class='ocrx_word' id='word_1_391' title='bbox 3036 1897 3282 1967; x_wconf 83' lang='grc' dir='ltr'><strong>φυλακὴν</strong></span> <span class='ocrx_word' id='word_1_392' title='bbox 3313 1895 3422 1956; x_wconf 78' lang='grc' dir='ltr'><strong>τῶν</strong></span> <span class='ocrx_word' id='word_1_393' title='bbox 3466 1893 3526 1960; x_wconf 78' lang='grc' dir='ltr'><strong>ἐξ</strong></span> <span class='ocrx_word' id='word_1_394' title='bbox 3557 1890 3723 1963; x_wconf 79' lang='grc' dir='ltr'><strong>ἀρχῆς</strong></span> 
     </span>
    </p>
   </div>
   <div class='ocr_carea' id='block_1_61' title="bbox 2153 1987 3722 2061">
    <p class='ocr_par' dir='ltr' id='par_1_61' title="bbox 2153 1987 3722 2061">
     <span class='ocr_line' id='line_1_61' title="bbox 2153 1987 3722 2061; baseline -0.006 -15"><span class='ocrx_word' id='word_1_395' title='bbox 2153 1995 2340 2056; x_wconf 74' lang='grc' dir='ltr'><strong>αὐταῖς</strong></span> <span class='ocrx_word' id='word_1_396' title='bbox 2379 1993 2483 2046; x_wconf 81' lang='grc' dir='ltr'><strong>ὑπὸ</strong></span> <span class='ocrx_word' id='word_1_397' title='bbox 2525 1991 2660 2044; x_wconf 89' lang='grc' dir='ltr'><strong>Θεοῦ</strong></span> <span class='ocrx_word' id='word_1_398' title='bbox 2709 1991 3056 2061; x_wconf 81' lang='grc' dir='ltr'><strong>τεταγμένων</strong></span> <span class='ocrx_word' id='word_1_399' title='bbox 3093 1990 3234 2058; x_wconf 82' lang='grc' dir='ltr'><strong>ὅρων</strong></span> <span class='ocrx_word' id='word_1_400' title='bbox 3274 1988 3336 2040; x_wconf 77' lang='grc' dir='ltr'><strong>τὸ</strong></span> <span class='ocrx_word' id='word_1_401' title='bbox 3374 1987 3722 2040; x_wconf 79' lang='grc' dir='ltr'><strong>ἀναλλοίωτον</strong></span> 
     </span>
    </p>
   </div>
   <div class='ocr_carea' id='block_1_62' title="bbox 2153 2069 3725 2158">
    <p class='ocr_par' dir='ltr' id='par_1_62' title="bbox 2153 2069 3725 2158">
     <span class='ocr_line' id='line_1_62' title="bbox 2153 2069 3725 2158; baseline -0.006 -19"><span class='ocrx_word' id='word_1_402' title='bbox 2153 2087 2359 2158; x_wconf 82' lang='grc' dir='ltr'><strong>νόησον.</strong></span> <span class='ocrx_word' id='word_1_403' title='bbox 2396 2085 2658 2157; x_wconf 81' lang='grc' dir='ltr'><strong>Προόδους</strong></span> <span class='ocrx_word' id='word_1_404' title='bbox 2681 2084 2736 2136; x_wconf 81' lang='grc' dir='ltr'><strong>δὲ</strong></span> <span class='ocrx_word' id='word_1_405' title='bbox 2757 2083 2850 2136; x_wconf 87' lang='grc' dir='ltr'><strong>τοῦ</strong></span> <span class='ocrx_word' id='word_1_406' title='bbox 2880 2083 3071 2155; x_wconf 81' lang='grc' dir='ltr'><strong>χρόνου</strong></span> <span class='ocrx_word' id='word_1_407' title='bbox 3093 2083 3361 2152; x_wconf 71' lang='grc' dir='ltr'><strong>τὸυμῆκος</strong></span> <span class='ocrx_word' id='word_1_408' title='bbox 3389 2069 3604 2141; x_wconf 77' lang='grc' dir='ltr'><strong>τούτου,</strong></span> <span class='ocrx_word' id='word_1_409' title='bbox 3635 2079 3725 2131; x_wconf 78' lang='grc' dir='ltr'><strong>καὶ</strong></span> 
     </span>
    </p>
   </div>
   <div class='ocr_carea' id='block_1_63' title="bbox 2152 2172 3723 2251">
    <p class='ocr_par' dir='ltr' id='par_1_63' title="bbox 2152 2172 3723 2251">
     <span class='ocr_line' id='line_1_63' title="bbox 2152 2172 3723 2251; baseline -0.006 -18"><span class='ocrx_word' id='word_1_410' title='bbox 2152 2179 2250 2251; x_wconf 85' lang='grc' dir='ltr'><strong>τὴν</strong></span> <span class='ocrx_word' id='word_1_411' title='bbox 2300 2181 2394 2233; x_wconf 78' lang='grc' dir='ltr'><strong>ἐπὶ</strong></span> <span class='ocrx_word' id='word_1_412' title='bbox 2433 2178 2496 2232; x_wconf 83' lang='grc' dir='ltr'><strong>τὸ</strong></span> <span class='ocrx_word' id='word_1_413' title='bbox 2535 2179 2722 2250; x_wconf 86' lang='grc' dir='ltr'><strong>πρόσω</strong></span> <span class='ocrx_word' id='word_1_414' title='bbox 2768 2176 2938 2248; x_wconf 78' lang='grc' dir='ltr'><strong>φορὰν</strong></span> <span class='ocrx_word' id='word_1_415' title='bbox 2985 2175 3152 2244; x_wconf 79' lang='grc' dir='ltr'><strong>λέγει’</strong></span> <span class='ocrx_word' id='word_1_416' title='bbox 3204 2175 3472 2246; x_wconf 86' lang='grc' dir='ltr'><strong>διάκρισιν</strong></span> <span class='ocrx_word' id='word_1_417' title='bbox 3513 2174 3601 2235; x_wconf 84' lang='grc' dir='ltr'><strong>δὲ,</strong></span> <span class='ocrx_word' id='word_1_418' title='bbox 3629 2172 3723 2243; x_wconf 80' lang='grc' dir='ltr'><strong>τὴν</strong></span> 
     </span>
    </p>
   </div>
   <div class='ocr_carea' id='block_1_64' title="bbox 2155 2265 3726 2340">
    <p class='ocr_par' dir='ltr' id='par_1_64' title="bbox 2155 2265 3726 2340">
     <span class='ocr_line' id='line_1_64' title="bbox 2155 2265 3726 2340; baseline -0.004 -17"><span class='ocrx_word' id='word_1_419' title='bbox 2155 2269 2242 2323; x_wconf 80' lang='grc' dir='ltr'><strong>διά</strong></span> <span class='ocrx_word' id='word_1_420' title='bbox 2275 2270 2372 2340; x_wconf 85' lang='grc' dir='ltr'><strong>τῆς</strong></span> <span class='ocrx_word' id='word_1_421' title='bbox 2403 2267 2703 2337; x_wconf 83' lang='grc' dir='ltr'><strong>ὲναλλαγῆς</strong></span> <span class='ocrx_word' id='word_1_422' title='bbox 2753 2267 2862 2319; x_wconf 85' lang='grc' dir='ltr'><strong>τῶν</strong></span> <span class='ocrx_word' id='word_1_423' title='bbox 2904 2266 3109 2337; x_wconf 82' lang='grc' dir='ltr'><strong>καιρῶν</strong></span> <span class='ocrx_word' id='word_1_424' title='bbox 3147 2267 3264 2338; x_wconf 75' lang='grc' dir='ltr'><strong>ἦτοι</strong></span> <span class='ocrx_word' id='word_1_425' title='bbox 3297 2266 3456 2337; x_wconf 83' lang='grc' dir='ltr'><strong>ὡρῶν</strong></span> <span class='ocrx_word' id='word_1_426' title='bbox 3497 2265 3726 2336; x_wconf 84' lang='grc' dir='ltr'><strong>σημείω-</strong></span> 
     </span>
    </p>
   </div>
   <div class='ocr_carea' id='block_1_65' title="bbox 2159 2356 3724 2430">
    <p class='ocr_par' dir='ltr' id='par_1_65' title="bbox 2159 2356 3724 2430">
     <span class='ocr_line' id='line_1_65' title="bbox 2159 2356 3724 2430; baseline -0.003 -17"><span class='ocrx_word' id='word_1_427' title='bbox 2159 2378 2242 2413; x_wconf 86' lang='grc' dir='ltr'><strong>σιν</strong></span> <span class='ocrx_word' id='word_1_428' title='bbox 2284 2360 2420 2430; x_wconf 79' lang='grc' dir='ltr'><strong>πρὸς</strong></span> <span class='ocrx_word' id='word_1_429' title='bbox 2449 2358 2518 2412; x_wconf 83' lang='grc' dir='ltr'><strong>τὰ</strong></span> <span class='ocrx_word' id='word_1_430' title='bbox 2547 2357 2685 2411; x_wconf 81' lang='grc' dir='ltr'><strong>αὺτά</strong></span> <span class='ocrx_word' id='word_1_431' title='bbox 2728 2357 2888 2410; x_wconf 80' lang='grc' dir='ltr'><strong>’πάλιν</strong></span> <span class='ocrx_word' id='word_1_432' title='bbox 2935 2357 3470 2428; x_wconf 66' lang='grc' dir='ltr'><strong>ἀποκαθισταμένηνδ</strong></span> <span class='ocrx_word' id='word_1_433' title='bbox 3517 2357 3598 2410; x_wconf 79' lang='grc' dir='ltr'><strong>διὸ</strong></span> <span class='ocrx_word' id='word_1_434' title='bbox 3637 2356 3724 2410; x_wconf 73' lang='grc' dir='ltr'><strong>καὶ</strong></span> 
     </span>
    </p>
   </div>
   <div class='ocr_carea' id='block_1_66' title="bbox 2157 2448 3726 2520">
    <p class='ocr_par' dir='ltr' id='par_1_66' title="bbox 2157 2448 3726 2520">
     <span class='ocr_line' id='line_1_66' title="bbox 2157 2448 3726 2520; baseline -0.004 -15"><span class='ocrx_word' id='word_1_435' title='bbox 2157 2451 2500 2516; x_wconf 77' lang='grc' dir='ltr'><strong>συνελίξεις</strong></span> <span class='ocrx_word' id='word_1_436' title='bbox 2529 2451 2752 2504; x_wconf 74' lang='grc' dir='ltr'><strong>ἐκάλεσε</strong></span> <span class='ocrx_word' id='word_1_437' title='bbox 2785 2449 2878 2502; x_wconf 89' lang='grc' dir='ltr'><strong>τοῦ</strong></span> <span class='ocrx_word' id='word_1_438' title='bbox 2914 2450 3105 2520; x_wconf 86' lang='grc' dir='ltr'><strong>χρόνου</strong></span> <span class='ocrx_word' id='word_1_439' title='bbox 3136 2450 3235 2520; x_wconf 73' lang='grc' dir='ltr'><strong>τὴν</strong></span> <span class='ocrx_word' id='word_1_440' title='bbox 3265 2449 3499 2520; x_wconf 77' lang='grc' dir='ltr'><strong>κίνησινο</strong></span> <span class='ocrx_word' id='word_1_441' title='bbox 3534 2448 3566 2519; x_wconf 81' lang='grc' dir='ltr'>ἢ</span> <span class='ocrx_word' id='word_1_442' title='bbox 3600 2465 3726 2519; x_wconf 85' lang='grc' dir='ltr'><strong>προ-</strong></span> 
     </span>
    </p>
   </div>
   <div class='ocr_carea' id='block_1_67' title="bbox 2156 2541 3721 2615">
    <p class='ocr_par' dir='ltr' id='par_1_67' title="bbox 2156 2541 3721 2615">
     <span class='ocr_line' id='line_1_67' title="bbox 2156 2541 3721 2615; baseline -0.003 -18"><span class='ocrx_word' id='word_1_443' title='bbox 2156 2545 2306 2607; x_wconf 88' lang='grc' dir='ltr'><strong>όδους</strong></span> <span class='ocrx_word' id='word_1_444' title='bbox 2337 2549 2590 2615; x_wconf 64' lang='grc' dir='ltr'><strong>χφνικάς</strong></span> <span class='ocrx_word' id='word_1_445' title='bbox 2624 2557 2756 2612; x_wconf 80' lang='grc' dir='ltr'><strong>φησι</strong></span> <span class='ocrx_word' id='word_1_446' title='bbox 2791 2542 2891 2605; x_wconf 86' lang='grc' dir='ltr'><strong>τάς</strong></span> <span class='ocrx_word' id='word_1_447' title='bbox 2921 2542 3028 2594; x_wconf 78' lang='grc' dir='ltr'><strong>τῶν</strong></span> <span class='ocrx_word' id='word_1_448' title='bbox 3073 2541 3356 2614; x_wconf 78' lang='grc' dir='ltr'><strong>πλανήτων</strong></span> <span class='ocrx_word' id='word_1_449' title='bbox 3384 2543 3602 2612; x_wconf 80' lang='grc' dir='ltr'><strong>ἄστρων</strong></span> <span class='ocrx_word' id='word_1_450' title='bbox 3640 2559 3721 2594; x_wconf 83' lang='grc' dir='ltr'><strong>κι-</strong></span> 
     </span>
    </p>
   </div>
   <div class='ocr_carea' id='block_1_68' title="bbox 2156 2633 3724 2708">
    <p class='ocr_par' dir='ltr' id='par_1_68' title="bbox 2156 2633 3724 2708">
     <span class='ocr_line' id='line_1_68' title="bbox 2156 2633 3724 2708; baseline -0.004 -18"><span class='ocrx_word' id='word_1_451' title='bbox 2156 2639 2360 2708; x_wconf 74' lang='grc' dir='ltr'><strong>νήσεις,</strong></span> <span class='ocrx_word' id='word_1_452' title='bbox 2396 2635 2486 2690; x_wconf 80' lang='grc' dir='ltr'><strong>ἐπί</strong></span> <span class='ocrx_word' id='word_1_453' title='bbox 2525 2653 2649 2690; x_wconf 89' lang='grc' dir='ltr'><strong>τινα</strong></span> <span class='ocrx_word' id='word_1_454' title='bbox 2694 2635 2924 2706; x_wconf 83' lang='grc' dir='ltr'><strong>ἀριθμὸν</strong></span> <span class='ocrx_word' id='word_1_455' title='bbox 2962 2636 3151 2707; x_wconf 89' lang='grc' dir='ltr'><strong>χρόνου</strong></span> <span class='ocrx_word' id='word_1_456' title='bbox 3197 2635 3524 2706; x_wconf 78' lang='grc' dir='ltr'><strong>διερπούσας</strong></span> <span class='ocrx_word' id='word_1_457' title='bbox 3564 2633 3632 2686; x_wconf 81' lang='grc' dir='ltr'><strong>τά</strong></span> <span class='ocrx_word' id='word_1_458' title='bbox 3663 2634 3724 2686; x_wconf 74' lang='grc' dir='ltr'><strong>ιθ</strong></span> 
     </span>
    </p>
   </div>
   <div class='ocr_carea' id='block_1_69' title="bbox 2155 2727 3724 2800">
    <p class='ocr_par' dir='ltr' id='par_1_69' title="bbox 2155 2727 3724 2800">
     <span class='ocr_line' id='line_1_69' title="bbox 2155 2727 3724 2800; baseline -0.002 -17"><span class='ocrx_word' id='word_1_459' title='bbox 2155 2730 2262 2783; x_wconf 83' lang='grc' dir='ltr'><strong>τῶν</strong></span> <span class='ocrx_word' id='word_1_460' title='bbox 2307 2729 2612 2800; x_wconf 79' lang='grc' dir='ltr'><strong>λεγομένων</strong></span> <span class='ocrx_word' id='word_1_461' title='bbox 2643 2729 2805 2783; x_wconf 77' lang='grc' dir='ltr'><strong>οἴκων</strong></span> <span class='ocrx_word' id='word_1_462' title='bbox 2849 2728 3212 2798; x_wconf 75' lang='grc' dir='ltr'><strong>διαστήματαο</strong></span> <span class='ocrx_word' id='word_1_463' title='bbox 3255 2727 3724 2790; x_wconf 79' lang='grc' dir='ltr'><strong>ἀποκαταστάσεις</strong></span> 
     </span>
    </p>
   </div>
   <div class='ocr_carea' id='block_1_70' title="bbox 2155 2819 3721 2892">
    <p class='ocr_par' dir='ltr' id='par_1_70' title="bbox 2155 2819 3721 2892">
     <span class='ocr_line' id='line_1_70' title="bbox 2155 2819 3721 2892; baseline -0.002 -17"><span class='ocrx_word' id='word_1_464' title='bbox 2155 2822 2210 2876; x_wconf 79' lang='grc' dir='ltr'><strong>δὲ</strong></span> <span class='ocrx_word' id='word_1_465' title='bbox 2234 2821 2331 2886; x_wconf 80' lang='grc' dir='ltr'><strong>τὰς</strong></span> <span class='ocrx_word' id='word_1_466' title='bbox 2358 2821 2467 2874; x_wconf 80' lang='grc' dir='ltr'><strong>ἀπὸ</strong></span> <span class='ocrx_word' id='word_1_467' title='bbox 2496 2821 2720 2892; x_wconf 81' lang='grc' dir='ltr'><strong>σημείου</strong></span> <span class='ocrx_word' id='word_1_468' title='bbox 2759 2821 2903 2884; x_wconf 82' lang='grc' dir='ltr'><strong>τινὸς</strong></span> <span class='ocrx_word' id='word_1_469' title='bbox 2936 2820 3029 2874; x_wconf 72' lang='grc' dir='ltr'><strong>ἐπὶ</strong></span> <span class='ocrx_word' id='word_1_470' title='bbox 3064 2819 3125 2872; x_wconf 84' lang='grc' dir='ltr'><strong>τὸ</strong></span> <span class='ocrx_word' id='word_1_471' title='bbox 3165 2821 3296 2873; x_wconf 77' lang='grc' dir='ltr'><strong>αὐτὸ</strong></span> <span class='ocrx_word' id='word_1_472' title='bbox 3329 2824 3555 2891; x_wconf 91' lang='grc' dir='ltr'><strong>σημεῖον</strong></span> <span class='ocrx_word' id='word_1_473' title='bbox 3591 2822 3721 2872; x_wconf 85' lang='grc' dir='ltr'><strong>ὲπα-</strong></span> 
     </span>
    </p>
   </div>
   <div class='ocr_carea' id='block_1_71' title="bbox 2157 2909 3726 2986">
    <p class='ocr_par' dir='ltr' id='par_1_71' title="bbox 2157 2909 3726 2986">
     <span class='ocr_line' id='line_1_71' title="bbox 2157 2909 3726 2986; baseline -0.003 -19"><span class='ocrx_word' id='word_1_474' title='bbox 2157 2915 2448 2986; x_wconf 88' lang='grc' dir='ltr'><strong>ναδρομάς·</strong></span> <span class='ocrx_word' id='word_1_475' title='bbox 2471 2909 2583 2967; x_wconf 77' lang='grc' dir='ltr'><strong>οἷον</strong></span> <span class='ocrx_word' id='word_1_476' title='bbox 2603 2917 2632 2968; x_wconf 87' lang='grc' dir='ltr'><strong>ό</strong></span> <span class='ocrx_word' id='word_1_477' title='bbox 2657 2914 2806 2984; x_wconf 69' lang='grc' dir='ltr'><strong>ἥλιος</strong></span> <span class='ocrx_word' id='word_1_478' title='bbox 2838 2913 2905 2966; x_wconf 87' lang='grc' dir='ltr'><strong>δι’</strong></span> <span class='ocrx_word' id='word_1_479' title='bbox 2927 2912 3174 2965; x_wconf 75' lang='grc' dir='ltr'><strong>ἐνιαυτοῦ</strong></span> <span class='ocrx_word' id='word_1_480' title='bbox 3209 2912 3494 2984; x_wconf 85' lang='grc' dir='ltr'><strong>περιπολεῖ</strong></span> <span class='ocrx_word' id='word_1_481' title='bbox 3516 2913 3640 2976; x_wconf 75' lang='grc' dir='ltr'><strong>τοὺς</strong></span> <span class='ocrx_word' id='word_1_482' title='bbox 3662 2910 3726 2964; x_wconf 78' lang='grc' dir='ltr'><strong>ιε’</strong></span> 
     </span>
    </p>
   </div>
   <div class='ocr_carea' id='block_1_72' title="bbox 2156 3005 3729 3080">
    <p class='ocr_par' dir='ltr' id='par_1_72' title="bbox 2156 3005 3729 3080">
     <span class='ocr_line' id='line_1_72' title="bbox 2156 3005 3729 3080; baseline -0.001 -21"><span class='ocrx_word' id='word_1_483' title='bbox 2156 3007 2336 3070; x_wconf 76' lang='grc' dir='ltr'><strong>οἴκους</strong></span> <span class='ocrx_word' id='word_1_484' title='bbox 2366 3008 2476 3061; x_wconf 80' lang='grc' dir='ltr'><strong>ἀπὸ</strong></span> <span class='ocrx_word' id='word_1_485' title='bbox 2503 3007 2595 3060; x_wconf 88' lang='grc' dir='ltr'><strong>τοῦ</strong></span> <span class='ocrx_word' id='word_1_486' title='bbox 2626 3007 2918 3078; x_wconf 85' lang='grc' dir='ltr'><strong>λεγομένου</strong></span> <span class='ocrx_word' id='word_1_487' title='bbox 2947 3008 3102 3080; x_wconf 86' lang='grc' dir='ltr'><strong>κριοῦ</strong></span> <span class='ocrx_word' id='word_1_488' title='bbox 3138 3008 3228 3060; x_wconf 72' lang='grc' dir='ltr'><strong>ἐπὶ</strong></span> <span class='ocrx_word' id='word_1_489' title='bbox 3257 3008 3348 3060; x_wconf 84' lang='grc' dir='ltr'><strong>τὸν</strong></span> <span class='ocrx_word' id='word_1_490' title='bbox 3387 3009 3549 3060; x_wconf 74' lang='grc' dir='ltr'><strong>αὐτὸν</strong></span> <span class='ocrx_word' id='word_1_491' title='bbox 3581 3005 3729 3078; x_wconf 77' lang='grc' dir='ltr'><strong>κριὸν</strong></span> 
     </span>
    </p>
   </div>
   <div class='ocr_carea' id='block_1_73' title="bbox 2157 3085 3728 3171">
    <p class='ocr_par' dir='ltr' id='par_1_73' title="bbox 2157 3085 3728 3171">
     <span class='ocr_line' id='line_1_73' title="bbox 2157 3085 3728 3171; baseline -0.001 -21"><span class='ocrx_word' id='word_1_492' title='bbox 2157 3085 2527 3170; x_wconf 77' lang='grc' dir='ltr'><strong>διερχόμενος,</strong></span> <span class='ocrx_word' id='word_1_493' title='bbox 2556 3100 2589 3169; x_wconf 80' lang='grc' dir='ltr'>ἡ</span> <span class='ocrx_word' id='word_1_494' title='bbox 2626 3099 2818 3171; x_wconf 79' lang='grc' dir='ltr'><strong>σελήνη</strong></span> <span class='ocrx_word' id='word_1_495' title='bbox 2851 3099 2938 3153; x_wconf 75' lang='grc' dir='ltr'><strong>διὰ</strong></span> <span class='ocrx_word' id='word_1_496' title='bbox 2983 3100 3168 3171; x_wconf 83' lang='grc' dir='ltr'><strong>μηνὸς,</strong></span> <span class='ocrx_word' id='word_1_497' title='bbox 3208 3100 3302 3153; x_wconf 76' lang='grc' dir='ltr'><strong>καὶ</strong></span> <span class='ocrx_word' id='word_1_498' title='bbox 3330 3101 3380 3152; x_wconf 81' lang='grc' dir='ltr'><strong>οἱ</strong></span> <span class='ocrx_word' id='word_1_499' title='bbox 3419 3100 3546 3168; x_wconf 79' lang='grc' dir='ltr'><strong>ἑξῆς</strong></span> <span class='ocrx_word' id='word_1_500' title='bbox 3575 3106 3613 3151; x_wconf 89' lang='grc' dir='ltr'><strong>ε’</strong></span> <span class='ocrx_word' id='word_1_501' title='bbox 3637 3096 3728 3150; x_wconf 80' lang='grc' dir='ltr'><strong>οῦ-</strong></span> 
     </span>
    </p>
   </div>
   <div class='ocr_carea' id='block_1_74' title="bbox 2159 3190 3412 3263">
    <p class='ocr_par' dir='ltr' id='par_1_74' title="bbox 2159 3190 3412 3263">
     <span class='ocr_line' id='line_1_74' title="bbox 2159 3190 3412 3263; baseline 0.001 -19"><span class='ocrx_word' id='word_1_502' title='bbox 2159 3208 2283 3255; x_wconf 73' lang='grc' dir='ltr'><strong>τωςο</strong></span> <span class='ocrx_word' id='word_1_503' title='bbox 2321 3195 2385 3244; x_wconf 83' lang='grc' dir='ltr'><strong>ὲκ</strong></span> <span class='ocrx_word' id='word_1_504' title='bbox 2414 3191 2522 3260; x_wconf 76' lang='grc' dir='ltr'><strong>γὰρ</strong></span> <span class='ocrx_word' id='word_1_505' title='bbox 2551 3190 2753 3243; x_wconf 83' lang='grc' dir='ltr'><strong>τούτων</strong></span> <span class='ocrx_word' id='word_1_506' title='bbox 2781 3193 2830 3243; x_wconf 81' lang='grc' dir='ltr'><strong>οἱ</strong></span> <span class='ocrx_word' id='word_1_507' title='bbox 2861 3192 3043 3263; x_wconf 84' lang='grc' dir='ltr'><strong>χρόνοι</strong></span> <span class='ocrx_word' id='word_1_508' title='bbox 3070 3191 3412 3262; x_wconf 80' lang='grc' dir='ltr'><strong>μετροῦνται.</strong></span> 
     </span>
    </p>
   </div>
   <div class='ocr_carea' id='block_1_75' title="bbox 2232 3277 3731 3354">
    <p class='ocr_par' dir='ltr' id='par_1_75' title="bbox 2232 3277 3731 3354">
     <span class='ocr_line' id='line_1_75' title="bbox 2232 3277 3731 3354; baseline -0.003 -16"><span class='ocrx_word' id='word_1_509' title='bbox 2232 3285 2341 3338; x_wconf 77' lang='grc' dir='ltr'><strong>Καὶ</strong></span> <span class='ocrx_word' id='word_1_510' title='bbox 2376 3283 2480 3349; x_wconf 82' lang='grc' dir='ltr'><strong>τὰς</strong></span> <span class='ocrx_word' id='word_1_511' title='bbox 2512 3283 2616 3337; x_wconf 79' lang='grc' dir='ltr'><strong>τοῦ</strong></span> <span class='ocrx_word' id='word_1_512' title='bbox 2649 3282 2837 3351; x_wconf 75' lang='grc' dir='ltr'><strong>πυρὸς</strong></span> <span class='ocrx_word' id='word_1_513' title='bbox 2868 3282 3170 3351; x_wconf 75' lang='grc' dir='ltr'><strong>δυνάμεις.</strong></span> <span class='ocrx_word' id='word_1_514' title='bbox 3212 3277 3318 3336; x_wconf 85' lang='grc' dir='ltr'><strong>Τοῦ</strong></span> <span class='ocrx_word' id='word_1_515' title='bbox 3361 3283 3600 3354; x_wconf 83' lang='grc' dir='ltr'><strong>αἰθερίου</strong></span> <span class='ocrx_word' id='word_1_516' title='bbox 3641 3282 3731 3350; x_wconf 73' lang='grc' dir='ltr'><strong>δηο</strong></span> 
     </span>
    </p>
   </div>
   <div class='ocr_carea' id='block_1_76' title="bbox 2158 3375 3734 3447">
    <p class='ocr_par' dir='ltr' id='par_1_76' title="bbox 2158 3375 3734 3447">
     <span class='ocr_line' id='line_1_76' title="bbox 2158 3375 3734 3447; baseline -0.001 -18"><span class='ocrx_word' id='word_1_517' title='bbox 2158 3376 2352 3429; x_wconf 88' lang='grc' dir='ltr'><strong>λονότι.</strong></span> <span class='ocrx_word' id='word_1_518' title='bbox 2399 3377 2539 3447; x_wconf 77' lang='grc' dir='ltr'><strong>Φησὶ</strong></span> <span class='ocrx_word' id='word_1_519' title='bbox 2579 3375 2636 3427; x_wconf 86' lang='grc' dir='ltr'><strong>δὲ</strong></span> <span class='ocrx_word' id='word_1_520' title='bbox 2681 3376 2810 3446; x_wconf 68' lang='grc' dir='ltr'><strong>περὶ</strong></span> <span class='ocrx_word' id='word_1_521' title='bbox 2839 3375 2947 3428; x_wconf 82' lang='grc' dir='ltr'><strong>τῶν</strong></span> <span class='ocrx_word' id='word_1_522' title='bbox 2978 3377 3257 3446; x_wconf 87' lang='grc' dir='ltr'><strong>τεσσάρων</strong></span> <span class='ocrx_word' id='word_1_523' title='bbox 3310 3377 3608 3445; x_wconf 81' lang='grc' dir='ltr'><strong>στοιχείων,</strong></span> <span class='ocrx_word' id='word_1_524' title='bbox 3641 3375 3734 3428; x_wconf 68' lang='grc' dir='ltr'><strong>καὶ</strong></span> 
     </span>
    </p>
   </div>
   <div class='ocr_carea' id='block_1_77' title="bbox 2158 3467 3728 3542">
    <p class='ocr_par' dir='ltr' id='par_1_77' title="bbox 2158 3467 3728 3542">
     <span class='ocr_line' id='line_1_77' title="bbox 2158 3467 3728 3542; baseline -0.004 -19"><span class='ocrx_word' id='word_1_525' title='bbox 2158 3471 2289 3542; x_wconf 78' lang='grc' dir='ltr'><strong>ὁτιή</strong></span> <span class='ocrx_word' id='word_1_526' title='bbox 2314 3469 2387 3539; x_wconf 82' lang='grc' dir='ltr'><strong>γῆ</strong></span> <span class='ocrx_word' id='word_1_527' title='bbox 2410 3471 2496 3522; x_wconf 78' lang='grc' dir='ltr'><strong>ἐπ’</strong></span> <span class='ocrx_word' id='word_1_528' title='bbox 2515 3467 2728 3532; x_wconf 73' lang='grc' dir='ltr'><strong>οὐδενὸς</strong></span> <span class='ocrx_word' id='word_1_529' title='bbox 2755 3467 3160 3538; x_wconf 80' lang='grc' dir='ltr'><strong>τεθεμελίωται’</strong></span> <span class='ocrx_word' id='word_1_530' title='bbox 3189 3468 3222 3537; x_wconf 78' lang='grc' dir='ltr'>ἡ</span> <span class='ocrx_word' id='word_1_531' title='bbox 3245 3467 3300 3520; x_wconf 84' lang='grc' dir='ltr'><strong>δὲ</strong></span> <span class='ocrx_word' id='word_1_532' title='bbox 3328 3468 3518 3539; x_wconf 82' lang='grc' dir='ltr'><strong>Γραφή</strong></span> <span class='ocrx_word' id='word_1_533' title='bbox 3548 3483 3728 3538; x_wconf 80' lang='grc' dir='ltr'><strong>φησιν,</strong></span> 
     </span>
    </p>
   </div>
   <div class='ocr_carea' id='block_1_78' title="bbox 2171 3560 2950 3632">
    <p class='ocr_par' dir='ltr' id='par_1_78' title="bbox 2171 3560 2950 3632">
     <span class='ocr_line' id='line_1_78' title="bbox 2171 3560 2950 3632; baseline 0 -18"><span class='ocrx_word' id='word_1_534' title='bbox 2171 3561 2293 3615; x_wconf 78' lang='grc' dir='ltr'><strong>Ἐπὶ</strong></span> <span class='ocrx_word' id='word_1_535' title='bbox 2325 3561 2532 3615; x_wconf 85' lang='grc' dir='ltr'><strong>ὑδάτων</strong></span> <span class='ocrx_word' id='word_1_536' title='bbox 2564 3560 2950 3632; x_wconf 77' lang='grc' dir='ltr'><strong>ἐθεμελίωσας.</strong></span> 
     </span>
    </p>
   </div>
   <div class='ocr_carea' id='block_1_79' title="bbox 2236 3652 3789 3723">
    <p class='ocr_par' dir='ltr' id='par_1_79' title="bbox 2236 3652 3789 3723">
     <span class='ocr_line' id='line_1_79' title="bbox 2236 3652 3789 3723; baseline -0.005 -15"><span class='ocrx_word' id='word_1_537' title='bbox 2236 3658 2345 3720; x_wconf 84' lang='grc' dir='ltr'><strong>Τὰς</strong></span> <span class='ocrx_word' id='word_1_538' title='bbox 2392 3653 2723 3718; x_wconf 82' lang='grc' dir='ltr'><strong>οὐσιώδεις.</strong></span> <span class='ocrx_word' id='word_1_539' title='bbox 2761 3652 2919 3716; x_wconf 86' lang='grc' dir='ltr'><strong>Ἰσως</strong></span> <span class='ocrx_word' id='word_1_540' title='bbox 2961 3652 3194 3723; x_wconf 79' lang='grc' dir='ltr'><strong>οὺσιώδη</strong></span> <span class='ocrx_word' id='word_1_541' title='bbox 3239 3652 3487 3720; x_wconf 84' lang='grc' dir='ltr'><strong>λέγονται</strong></span> <span class='ocrx_word' id='word_1_542' title='bbox 3531 3653 3622 3706; x_wconf 76' lang='grc' dir='ltr'><strong>καὶ</strong></span> <span class='ocrx_word' id='word_1_543' title='bbox 3664 3652 3730 3702; x_wconf 80' lang='grc' dir='ltr'><strong>τὰ</strong></span> <span class='ocrx_word' id='word_1_544' title='bbox 3785 3688 3789 3692; x_wconf 50' lang='grc' dir='ltr'><strong>ν</strong></span> 
     </span>
    </p>
   </div>
   <div class='ocr_carea' id='block_1_80' title="bbox 2160 3745 3731 3817">
    <p class='ocr_par' dir='ltr' id='par_1_80' title="bbox 2160 3745 3731 3817">
     <span class='ocr_line' id='line_1_80' title="bbox 2160 3745 3731 3817; baseline 0 -19"><span class='ocrx_word' id='word_1_545' title='bbox 2160 3747 2335 3800; x_wconf 88' lang='grc' dir='ltr'><strong>πάντα</strong></span> <span class='ocrx_word' id='word_1_546' title='bbox 2367 3746 2549 3816; x_wconf 78' lang='grc' dir='ltr'><strong>ἄψυχα</strong></span> <span class='ocrx_word' id='word_1_547' title='bbox 2581 3747 2675 3799; x_wconf 75' lang='grc' dir='ltr'><strong>καὶ</strong></span> <span class='ocrx_word' id='word_1_548' title='bbox 2706 3745 3023 3816; x_wconf 81' lang='grc' dir='ltr'><strong>ἀναίσθητα,</strong></span> <span class='ocrx_word' id='word_1_549' title='bbox 3055 3745 3295 3817; x_wconf 86' lang='grc' dir='ltr'><strong>δηλονότι</strong></span> <span class='ocrx_word' id='word_1_550' title='bbox 3333 3747 3441 3799; x_wconf 80' lang='grc' dir='ltr'><strong>ἀπὸ</strong></span> <span class='ocrx_word' id='word_1_551' title='bbox 3468 3745 3560 3799; x_wconf 89' lang='grc' dir='ltr'><strong>τοῦ</strong></span> <span class='ocrx_word' id='word_1_552' title='bbox 3581 3745 3731 3799; x_wconf 74' lang='grc' dir='ltr'><strong>εἶναι</strong></span> 
     </span>
    </p>
   </div>
   <div class='ocr_carea' id='block_1_81' title="bbox 2157 3839 2616 3908">
    <p class='ocr_par' dir='ltr' id='par_1_81' title="bbox 2157 3839 2616 3908">
     <span class='ocr_line' id='line_1_81' title="bbox 2157 3839 2616 3908; baseline 0.002 -18"><span class='ocrx_word' id='word_1_553' title='bbox 2157 3839 2300 3891; x_wconf 74' lang='grc' dir='ltr'><strong>οὔτω</strong></span> <span class='ocrx_word' id='word_1_554' title='bbox 2331 3839 2616 3908; x_wconf 84' lang='grc' dir='ltr'><strong>λεγόμενα.</strong></span> 
     </span>
    </p>
   </div>
   <div class='ocr_carea' id='block_1_82' title="bbox 2231 3925 3737 3999">
    <p class='ocr_par' dir='ltr' id='par_1_82' title="bbox 2231 3925 3737 3999">
     <span class='ocr_line' id='line_1_82' title="bbox 2231 3925 3737 3999; baseline 0 -16"><span class='ocrx_word' id='word_1_555' title='bbox 2231 3930 2342 3983; x_wconf 74' lang='grc' dir='ltr'><strong>Καὶ</strong></span> <span class='ocrx_word' id='word_1_556' title='bbox 2359 3929 2474 3997; x_wconf 78' lang='grc' dir='ltr'><strong>τὴν</strong></span> <span class='ocrx_word' id='word_1_557' title='bbox 2503 3929 2737 3984; x_wconf 80' lang='grc' dir='ltr'><strong>θέωσιν,</strong></span> <span class='ocrx_word' id='word_1_558' title='bbox 2771 3929 3112 3984; x_wconf 81' lang='grc' dir='ltr'><strong>Ἐκθεοῦνται</strong></span> <span class='ocrx_word' id='word_1_559' title='bbox 3145 3931 3194 3983; x_wconf 85' lang='grc' dir='ltr'><strong>οί</strong></span> <span class='ocrx_word' id='word_1_560' title='bbox 3225 3930 3418 3984; x_wconf 89' lang='grc' dir='ltr'><strong>δίκαιοι</strong></span> <span class='ocrx_word' id='word_1_561' title='bbox 3447 3932 3537 3985; x_wconf 82' lang='grc' dir='ltr'><strong>καί</strong></span> <span class='ocrx_word' id='word_1_562' title='bbox 3566 3931 3614 3986; x_wconf 82' lang='grc' dir='ltr'><strong>οἱ</strong></span> <span class='ocrx_word' id='word_1_563' title='bbox 3642 3925 3737 3999; x_wconf 76' lang='grc' dir='ltr'><strong>ἅγ-</strong></span> 
     </span>
    </p>
   </div>
   <div class='ocr_carea' id='block_1_83' title="bbox 2160 4020 3337 4092">
    <p class='ocr_par' dir='ltr' id='par_1_83' title="bbox 2160 4020 3337 4092">
     <span class='ocr_line' id='line_1_83' title="bbox 2160 4020 3337 4092; baseline 0.001 -17"><span class='ocrx_word' id='word_1_564' title='bbox 2160 4023 2326 4092; x_wconf 85' lang='grc' dir='ltr'><strong>γελοι,</strong></span> <span class='ocrx_word' id='word_1_565' title='bbox 2361 4020 2501 4076; x_wconf 81' lang='grc' dir='ltr'><strong>κατὰ</strong></span> <span class='ocrx_word' id='word_1_566' title='bbox 2528 4023 2608 4075; x_wconf 87' lang='grc' dir='ltr'><strong>τό·</strong></span> <span class='ocrx_word' id='word_1_567' title='bbox 2657 4022 2796 4092; x_wconf 72' lang='grc' dir='ltr'><strong>Ἐγὼ</strong></span> <span class='ocrx_word' id='word_1_568' title='bbox 2825 4023 2980 4076; x_wconf 75' lang='grc' dir='ltr'><strong>εἶπαο</strong></span> <span class='ocrx_word' id='word_1_569' title='bbox 3021 4023 3150 4075; x_wconf 79' lang='grc' dir='ltr'><strong>Θεοί</strong></span> <span class='ocrx_word' id='word_1_570' title='bbox 3181 4023 3337 4076; x_wconf 77' lang='grc' dir='ltr'><strong>ἐστε.</strong></span> 
     </span>
    </p>
   </div>
   <div class='ocr_carea' id='block_1_84' title="bbox 2232 4099 3735 4186">
    <p class='ocr_par' dir='ltr' id='par_1_84' title="bbox 2232 4099 3735 4186">
     <span class='ocr_line' id='line_1_84' title="bbox 2232 4099 3735 4186; baseline -0.001 -18"><span class='ocrx_word' id='word_1_571' title='bbox 2232 4112 2547 4179; x_wconf 74' lang='grc' dir='ltr'><strong>Παντελῶς</strong></span> <span class='ocrx_word' id='word_1_572' title='bbox 2595 4115 2780 4179; x_wconf 82' lang='grc' dir='ltr'><strong>θέσις.</strong></span> <span class='ocrx_word' id='word_1_573' title='bbox 2823 4114 2984 4166; x_wconf 85' lang='grc' dir='ltr'><strong>Θέσιν</strong></span> <span class='ocrx_word' id='word_1_574' title='bbox 3029 4113 3187 4168; x_wconf 87' lang='grc' dir='ltr'><strong>καλεῖ</strong></span> <span class='ocrx_word' id='word_1_575' title='bbox 3232 4115 3333 4186; x_wconf 77' lang='grc' dir='ltr'><strong>τὴν</strong></span> <span class='ocrx_word' id='word_1_576' title='bbox 3377 4117 3457 4178; x_wconf 82' lang='grc' dir='ltr'><strong>εἰς</strong></span> <span class='ocrx_word' id='word_1_577' title='bbox 3498 4116 3557 4168; x_wconf 81' lang='grc' dir='ltr'><strong>τὸ</strong></span> <span class='ocrx_word' id='word_1_578' title='bbox 3594 4099 3735 4167; x_wconf 74' lang='grc' dir='ltr'><strong>εἶναι</strong></span> 
     </span>
    </p>
   </div>
   <div class='ocr_carea' id='block_1_85' title="bbox 2163 4205 3733 4278">
    <p class='ocr_par' dir='ltr' id='par_1_85' title="bbox 2163 4205 3733 4278">
     <span class='ocr_line' id='line_1_85' title="bbox 2163 4205 3733 4278; baseline -0.002 -18"><span class='ocrx_word' id='word_1_579' title='bbox 2163 4207 2522 4276; x_wconf 85' lang='grc' dir='ltr'><strong>παραγωγὴν,</strong></span> <span class='ocrx_word' id='word_1_580' title='bbox 2549 4206 2668 4258; x_wconf 72' lang='grc' dir='ltr'><strong>ἀντὶ</strong></span> <span class='ocrx_word' id='word_1_581' title='bbox 2694 4205 2810 4270; x_wconf 89' lang='grc' dir='ltr'><strong>τοῦ,</strong></span> <span class='ocrx_word' id='word_1_582' title='bbox 2839 4207 2903 4278; x_wconf 84' lang='lat' dir='ltr'><strong>&#39;_‘O</strong></span> <span class='ocrx_word' id='word_1_583' title='bbox 2925 4206 2999 4277; x_wconf 85' lang='grc' dir='ltr'><strong>μὴ</strong></span> <span class='ocrx_word' id='word_1_584' title='bbox 3035 4206 3250 4278; x_wconf 81' lang='grc' dir='ltr'><strong>μετέχει</strong></span> <span class='ocrx_word' id='word_1_585' title='bbox 3279 4206 3583 4278; x_wconf 87' lang='grc' dir='ltr'><strong>δυνάμεως,</strong></span> <span class='ocrx_word' id='word_1_586' title='bbox 3613 4206 3733 4258; x_wconf 73' lang='grc' dir='ltr'><strong>οὐδὲ</strong></span> 
     </span>
    </p>
   </div>
   <div class='ocr_carea' id='block_1_86' title="bbox 2164 4297 2743 4370">
    <p class='ocr_par' dir='ltr' id='par_1_86' title="bbox 2164 4297 2743 4370">
     <span class='ocr_line' id='line_1_86' title="bbox 2164 4297 2743 4370; baseline -0.005 -17"><span class='ocrx_word' id='word_1_587' title='bbox 2164 4303 2220 4353; x_wconf 83' lang='grc' dir='ltr'><strong>ὲν</strong></span> <span class='ocrx_word' id='word_1_588' title='bbox 2251 4297 2580 4370; x_wconf 76' lang='grc' dir='ltr'><strong>δημιουργίᾳ.</strong></span> <span class='ocrx_word' id='word_1_589' title='bbox 2607 4299 2743 4352; x_wconf 79' lang='grc' dir='ltr'><strong>ἐστί.</strong></span> 
     </span>
    </p>
   </div>
   <div class='ocr_carea' id='block_1_87' title="bbox 2235 4391 3738 4462">
    <p class='ocr_par' dir='ltr' id='par_1_87' title="bbox 2235 4391 3738 4462">
     <span class='ocr_line' id='line_1_87' title="bbox 2235 4391 3738 4462; baseline 0.001 -19"><span class='ocrx_word' id='word_1_590' title='bbox 2235 4391 2381 4462; x_wconf 62' lang='grc' dir='ltr'><strong>ενι.</strong></span> <span class='ocrx_word' id='word_1_591' title='bbox 2429 4392 2629 4443; x_wconf 82' lang='grc' dir='ltr'><strong>Καίτοι</strong></span> <span class='ocrx_word' id='word_1_592' title='bbox 2675 4392 2867 4459; x_wconf 71' lang='grc' dir='ltr'><strong>φησὶν</strong></span> <span class='ocrx_word' id='word_1_593' title='bbox 2911 4391 3165 4462; x_wconf 76' lang='grc' dir='ltr'><strong>Ἐλύμας</strong></span> <span class='ocrx_word' id='word_1_594' title='bbox 3195 4395 3228 4447; x_wconf 84' lang='grc' dir='ltr'><em>ὀ</em></span> <span class='ocrx_word' id='word_1_595' title='bbox 3253 4391 3467 4462; x_wconf 61' lang='grc' dir='ltr'><strong>μάγος.</strong></span> <span class='ocrx_word' id='word_1_596' title='bbox 3516 4393 3738 4446; x_wconf 84' lang='grc' dir='ltr'><strong>Δείκνυ-</strong></span> 
     </span>
    </p>
   </div>
   <div class='ocr_carea' id='block_1_88' title="bbox 2164 4481 3731 4558">
    <p class='ocr_par' dir='ltr' id='par_1_88' title="bbox 2164 4481 3731 4558">
     <span class='ocr_line' id='line_1_88' title="bbox 2164 4481 3731 4558; baseline 0 -23"><span class='ocrx_word' id='word_1_597' title='bbox 2164 4501 2252 4536; x_wconf 88' lang='grc' dir='ltr'><strong>ται</strong></span> <span class='ocrx_word' id='word_1_598' title='bbox 2285 4482 2532 4535; x_wconf 77' lang='grc' dir='ltr'><strong>ἐντεῦθεν</strong></span> <span class='ocrx_word' id='word_1_599' title='bbox 2563 4481 2658 4535; x_wconf 81' lang='grc' dir='ltr'><strong>τοῦ</strong></span> <span class='ocrx_word' id='word_1_600' title='bbox 2701 4482 2857 4551; x_wconf 79' lang='grc' dir='ltr'><strong>ἁγίου</strong></span> <span class='ocrx_word' id='word_1_601' title='bbox 2895 4483 3088 4536; x_wconf 78' lang='grc' dir='ltr'><strong>τούτου</strong></span> <span class='ocrx_word' id='word_1_602' title='bbox 3129 4484 3321 4556; x_wconf 81' lang='grc' dir='ltr'><strong>ἀνδρὸς</strong></span> <span class='ocrx_word' id='word_1_603' title='bbox 3355 4487 3389 4556; x_wconf 87' lang='grc' dir='ltr'><strong>ή</strong></span> <span class='ocrx_word' id='word_1_604' title='bbox 3423 4485 3731 4558; x_wconf 82' lang='grc' dir='ltr'><strong>ἀρχαιότης·</strong></span> 
     </span>
    </p>
   </div>
   <div class='ocr_carea' id='block_1_89' title="bbox 488 4554 2056 4646">
    <p class='ocr_par' dir='ltr' id='par_1_89' title="bbox 488 4554 2056 4631">
     <span class='ocr_line' id='line_1_89' title="bbox 488 4554 2056 4631; baseline 0.006 -24"><span class='ocrx_word' id='word_1_605' title='bbox 488 4554 706 4631; x_wconf 77' lang='lat' dir='ltr'><strong>Elytnas</strong></span> <span class='ocrx_word' id='word_1_606' title='bbox 737 4573 949 4627; x_wconf 78' lang='lat' dir='ltr'><strong>magus,</strong></span> <span class='ocrx_word' id='word_1_607' title='bbox 977 4560 1072 4628; x_wconf 93' lang='lat' dir='ltr'><strong>qui</strong></span> <span class='ocrx_word' id='word_1_608' title='bbox 1107 4560 1274 4613; x_wconf 87' lang='lat' dir='ltr'><strong>etiam</strong></span> <span class='ocrx_word' id='word_1_609' title='bbox 1313 4560 1530 4614; x_wconf 88' lang='lat' dir='ltr'><strong>obstitit</strong></span> <span class='ocrx_word' id='word_1_610' title='bbox 1577 4569 1773 4615; x_wconf 88' lang='lat' dir='ltr'><strong>sancto</strong></span> <span class='ocrx_word' id='word_1_611' title='bbox 1804 4558 1975 4614; x_wconf 85' lang='lat' dir='ltr'><strong>Paulo</strong></span> <span class='ocrx_word' id='word_1_612' title='bbox 2009 4561 2056 4616; x_wconf 91' lang='lat' dir='ltr'><strong>in</strong></span> 
     </span>
    </p>
   </div>
   <div class='ocr_carea' id='block_1_90' title="bbox 2170 4554 3738 4646">
    <p class='ocr_par' dir='ltr' id='par_1_90' title="bbox 2170 4554 3738 4646">
     <span class='ocr_line' id='line_1_90' title="bbox 2170 4554 3738 4646; baseline -0.001 -18"><span class='ocrx_word' id='word_1_613' title='bbox 2170 4575 2202 4628; x_wconf 72' lang='grc' dir='ltr'>ἂ</span> <span class='ocrx_word' id='word_1_614' title='bbox 2239 4574 2348 4646; x_wconf 84' lang='grc' dir='ltr'><strong>γάρ</strong></span> <span class='ocrx_word' id='word_1_615' title='bbox 2397 4570 2547 4626; x_wconf 82' lang='grc' dir='ltr'><strong>εἷπεν</strong></span> <span class='ocrx_word' id='word_1_616' title='bbox 2592 4573 2827 4644; x_wconf 83' lang='grc' dir='ltr'><strong>Ἐλύμας</strong></span> <span class='ocrx_word' id='word_1_617' title='bbox 2857 4577 2886 4627; x_wconf 90' lang='grc' dir='ltr'><strong>ό</strong></span> <span class='ocrx_word' id='word_1_618' title='bbox 2921 4576 3114 4645; x_wconf 81' lang='grc' dir='ltr'><strong>μάγος,</strong></span> <span class='ocrx_word' id='word_1_619' title='bbox 3153 4576 3212 4640; x_wconf 76' lang='grc' dir='ltr'><strong>ὃς</strong></span> <span class='ocrx_word' id='word_1_620' title='bbox 3234 4554 3352 4631; x_wconf 12' lang='grc' dir='ltr'><strong>ήκαὶ</strong></span> <span class='ocrx_word' id='word_1_621' title='bbox 3658 4574 3738 4643; x_wconf 78' lang='grc' dir='ltr'><strong>τῷ</strong></span> 
     </span>
    </p>
   </div>
   <div class='ocr_carea' id='block_1_91' title="bbox 487 4647 2066 4722">
    <p class='ocr_par' dir='ltr' id='par_1_91' title="bbox 487 4647 2066 4722">
     <span class='ocr_line' id='line_1_91' title="bbox 487 4647 2066 4722; baseline 0.004 -21"><span class='ocrx_word' id='word_1_622' title='bbox 487 4647 688 4718; x_wconf 70' lang='lat' dir='ltr'><strong>Cypro,</strong></span> <span class='ocrx_word' id='word_1_623' title='bbox 717 4648 878 4716; x_wconf 85' lang='lat' dir='ltr'><strong>cujus</strong></span> <span class='ocrx_word' id='word_1_624' title='bbox 923 4649 1059 4704; x_wconf 84' lang='lat' dir='ltr'><strong>Acta</strong></span> <span class='ocrx_word' id='word_1_625' title='bbox 1104 4661 1420 4705; x_wconf 83' lang='lat' dir='ltr'><strong>sanctorum</strong></span> <span class='ocrx_word' id='word_1_626' title='bbox 1473 4652 1846 4722; x_wconf 89' lang='lat' dir='ltr'><strong>apostolorum</strong></span> <span class='ocrx_word' id='word_1_627' title='bbox 1879 4653 2066 4706; x_wconf 85' lang='lat' dir='ltr'><strong>memi-</strong></span> 
     </span>
    </p>
   </div>
   <div class='ocr_carea' id='block_1_92' title="bbox 489 4739 2062 4814">
    <p class='ocr_par' dir='ltr' id='par_1_92' title="bbox 489 4739 2062 4814">
     <span class='ocr_line' id='line_1_92' title="bbox 489 4739 2062 4814; baseline 0.003 -20"><span class='ocrx_word' id='word_1_628' title='bbox 489 4748 688 4794; x_wconf 83' lang='lat' dir='ltr'><strong>nerunt</strong></span> <span class='ocrx_word' id='word_1_629' title='bbox 713 4739 752 4796; x_wconf 78' lang='grc' dir='ltr'><strong>ι.</strong></span> <span class='ocrx_word' id='word_1_630' title='bbox 772 4739 969 4797; x_wconf 79' lang='lat' dir='ltr'><strong>Multos</strong></span> <span class='ocrx_word' id='word_1_631' title='bbox 998 4752 1177 4798; x_wconf 88' lang='lat' dir='ltr'><strong>tamen</strong></span> <span class='ocrx_word' id='word_1_632' title='bbox 1215 4743 1417 4814; x_wconf 59' lang='lat' dir='ltr'><strong>Elymus</strong></span> <span class='ocrx_word' id='word_1_633' title='bbox 1434 4744 1640 4800; x_wconf 87' lang='lat' dir='ltr'><strong>similes</strong></span> <span class='ocrx_word' id='word_1_634' title='bbox 1665 4745 1823 4801; x_wconf 85' lang='lat' dir='ltr'><strong>habet</strong></span> <span class='ocrx_word' id='word_1_635' title='bbox 1840 4744 2062 4810; x_wconf 78' lang='lat' dir='ltr'><strong>Arabia,</strong></span> 
     </span>
    </p>
   </div>
   <div class='ocr_carea' id='block_1_93' title="bbox 487 4835 2062 4910">
    <p class='ocr_par' dir='ltr' id='par_1_93' title="bbox 487 4835 2062 4910">
     <span class='ocr_line' id='line_1_93' title="bbox 487 4835 2062 4910; baseline 0.002 -21"><span class='ocrx_word' id='word_1_636' title='bbox 487 4835 584 4910; x_wconf 86' lang='lat' dir='ltr'><strong>qui</strong></span> <span class='ocrx_word' id='word_1_637' title='bbox 606 4835 794 4890; x_wconf 90' lang='lat' dir='ltr'><strong>dicunt</strong></span> <span class='ocrx_word' id='word_1_638' title='bbox 819 4837 1080 4892; x_wconf 83' lang='lat' dir='ltr'><strong>adversus</strong></span> <span class='ocrx_word' id='word_1_639' title='bbox 1105 4852 1206 4891; x_wconf 84' lang='lat' dir='ltr'><strong>nos</strong></span> <span class='ocrx_word' id='word_1_640' title='bbox 1243 4844 1550 4892; x_wconf 86' lang='lat' dir='ltr'><strong>asserentes</strong></span> <span class='ocrx_word' id='word_1_641' title='bbox 1572 4835 1758 4894; x_wconf 79' lang='lat' dir='ltr'><strong>Jesum</strong></span> <span class='ocrx_word' id='word_1_642' title='bbox 1782 4837 2062 4892; x_wconf 83' lang='lat' dir='ltr'><strong>Christum</strong></span> 
     </span>
    </p>
   </div>
   <div class='ocr_carea' id='block_1_94' title="bbox 490 4927 2064 4999">
    <p class='ocr_par' dir='ltr' id='par_1_94' title="bbox 490 4927 2064 4999">
     <span class='ocr_line' id='line_1_94' title="bbox 490 4927 2064 4999; baseline 0.003 -19"><span class='ocrx_word' id='word_1_643' title='bbox 490 4927 660 4984; x_wconf 80' lang='lat' dir='ltr'><strong>Deum</strong></span> <span class='ocrx_word' id='word_1_644' title='bbox 680 4927 917 4984; x_wconf 79' lang='lat' dir='ltr'><strong>Verbum</strong></span> <span class='ocrx_word' id='word_1_645' title='bbox 933 4938 1099 4984; x_wconf 86' lang='lat' dir='ltr'><strong>carne</strong></span> <span class='ocrx_word' id='word_1_646' title='bbox 1115 4942 1214 4999; x_wconf 91' lang='lat' dir='ltr'><strong>pro</strong></span> <span class='ocrx_word' id='word_1_647' title='bbox 1231 4929 1390 4983; x_wconf 90' lang='lat' dir='ltr'><strong>nobis</strong></span> <span class='ocrx_word' id='word_1_648' title='bbox 1407 4944 1652 4998; x_wconf 87' lang='lat' dir='ltr'><strong>passum,</strong></span> <span class='ocrx_word' id='word_1_649' title='bbox 1672 4931 1766 4986; x_wconf 92' lang='lat' dir='ltr'><strong>sed</strong></span> <span class='ocrx_word' id='word_1_650' title='bbox 1788 4945 1897 4985; x_wconf 89' lang='lat' dir='ltr'><strong>non</strong></span> <span class='ocrx_word' id='word_1_651' title='bbox 1925 4930 2064 4984; x_wconf 89' lang='lat' dir='ltr'><strong>divi-</strong></span> 
     </span>
    </p>
   </div>
   <div class='ocr_carea' id='block_1_95' title="bbox 489 5019 2066 5093">
    <p class='ocr_par' dir='ltr' id='par_1_95' title="bbox 489 5019 2066 5093">
     <span class='ocr_line' id='line_1_95' title="bbox 489 5019 2066 5093; baseline 0.002 -18"><span class='ocrx_word' id='word_1_652' title='bbox 489 5019 693 5077; x_wconf 87' lang='lat' dir='ltr'><strong>nitate:</strong></span> <span class='ocrx_word' id='word_1_653' title='bbox 715 5020 773 5076; x_wconf 83' lang='lat' dir='ltr'><strong>Si</strong></span> <span class='ocrx_word' id='word_1_654' title='bbox 797 5037 906 5076; x_wconf 90' lang='lat' dir='ltr'><strong>non</strong></span> <span class='ocrx_word' id='word_1_655' title='bbox 935 5022 1222 5077; x_wconf 83' lang='lat' dir='ltr'><strong>admittitis</strong></span> <span class='ocrx_word' id='word_1_656' title='bbox 1241 5023 1421 5093; x_wconf 84' lang='lat' dir='ltr'><strong>ipsum</strong></span> <span class='ocrx_word' id='word_1_657' title='bbox 1439 5022 1721 5078; x_wconf 87' lang='lat' dir='ltr'><strong>divinitate</strong></span> <span class='ocrx_word' id='word_1_658' title='bbox 1737 5039 1955 5093; x_wconf 87' lang='lat' dir='ltr'><strong>passum</strong></span> <span class='ocrx_word' id='word_1_659' title='bbox 1988 5025 2066 5078; x_wconf 91' lang='lat' dir='ltr'><strong>uti</strong></span> 
     </span>
    </p>
   </div>
   <div class='ocr_carea' id='block_1_96' title="bbox 492 5114 2062 5185">
    <p class='ocr_par' dir='ltr' id='par_1_96' title="bbox 492 5114 2062 5185">
     <span class='ocr_line' id='line_1_96' title="bbox 492 5114 2062 5185; baseline 0.003 -18"><span class='ocrx_word' id='word_1_660' title='bbox 492 5114 682 5178; x_wconf 83' lang='lat' dir='ltr'><strong>voluit,</strong></span> <span class='ocrx_word' id='word_1_661' title='bbox 704 5114 883 5169; x_wconf 78' lang='lat' dir='ltr'><strong>facitis</strong></span> <span class='ocrx_word' id='word_1_662' title='bbox 917 5114 1084 5169; x_wconf 80' lang='lat' dir='ltr'><strong>Deum</strong></span> <span class='ocrx_word' id='word_1_663' title='bbox 1108 5115 1481 5185; x_wconf 87' lang='lat' dir='ltr'><strong>impotentem,</strong></span> <span class='ocrx_word' id='word_1_664' title='bbox 1504 5115 1749 5172; x_wconf 89' lang='lat' dir='ltr'><strong>dicentes</strong></span> <span class='ocrx_word' id='word_1_665' title='bbox 1783 5132 1907 5171; x_wconf 89' lang='lat' dir='ltr'><strong>eum</strong></span> <span class='ocrx_word' id='word_1_666' title='bbox 1954 5134 2062 5172; x_wconf 90' lang='lat' dir='ltr'><strong>non</strong></span> 
     </span>
    </p>
   </div>
   <div class='ocr_carea' id='block_1_97' title="bbox 492 5208 2062 5278">
    <p class='ocr_par' dir='ltr' id='par_1_97' title="bbox 492 5208 2062 5278">
     <span class='ocr_line' id='line_1_97' title="bbox 492 5208 2062 5278; baseline 0.001 -15"><span class='ocrx_word' id='word_1_667' title='bbox 492 5219 653 5277; x_wconf 79' lang='lat' dir='ltr'><strong>posse</strong></span> <span class='ocrx_word' id='word_1_668' title='bbox 681 5208 728 5264; x_wconf 89' lang='lat' dir='ltr'><strong>si</strong></span> <span class='ocrx_word' id='word_1_669' title='bbox 772 5209 1046 5274; x_wconf 87' lang='lat' dir='ltr'><strong>voluerit;</strong></span> <span class='ocrx_word' id='word_1_670' title='bbox 1079 5208 1341 5262; x_wconf 89' lang='lat' dir='ltr'><strong>adversus</strong></span> <span class='ocrx_word' id='word_1_671' title='bbox 1373 5223 1511 5278; x_wconf 88' lang='lat' dir='ltr'><strong>quos</strong></span> <span class='ocrx_word' id='word_1_672' title='bbox 1545 5209 1857 5274; x_wconf 90' lang='lat' dir='ltr'><strong>dicendum,</strong></span> <span class='ocrx_word' id='word_1_673' title='bbox 1895 5209 2062 5265; x_wconf 90' lang='lat' dir='ltr'><strong>Deum</strong></span> 
     </span>
    </p>
   </div>
   <div class='ocr_carea' id='block_1_98' title="bbox 493 5298 2064 5373">
    <p class='ocr_par' dir='ltr' id='par_1_98' title="bbox 493 5298 2064 5373">
     <span class='ocr_line' id='line_1_98' title="bbox 493 5298 2064 5373; baseline 0.003 -20"><span class='ocrx_word' id='word_1_674' title='bbox 493 5298 595 5353; x_wconf 81' lang='lat' dir='ltr'><strong>hoc</strong></span> <span class='ocrx_word' id='word_1_675' title='bbox 614 5300 878 5365; x_wconf 88' lang='lat' dir='ltr'><strong>noluisse,</strong></span> <span class='ocrx_word' id='word_1_676' title='bbox 893 5315 1016 5355; x_wconf 89' lang='lat' dir='ltr'><strong>cum</strong></span> <span class='ocrx_word' id='word_1_677' title='bbox 1027 5299 1182 5370; x_wconf 74' lang='lat'><strong>197</strong></span> <span class='ocrx_word' id='word_1_678' title='bbox 1201 5300 1424 5355; x_wconf 88' lang='lat' dir='ltr'><strong>haberet</strong></span> <span class='ocrx_word' id='word_1_679' title='bbox 1441 5302 1494 5355; x_wconf 92' lang='lat' dir='ltr'><strong>in</strong></span> <span class='ocrx_word' id='word_1_680' title='bbox 1513 5318 1621 5373; x_wconf 88' lang='lat' dir='ltr'><strong>quo</strong></span> <span class='ocrx_word' id='word_1_681' title='bbox 1634 5313 1928 5373; x_wconf 88' lang='lat' dir='ltr'><strong>pateretur,</strong></span> <span class='ocrx_word' id='word_1_682' title='bbox 1941 5318 2064 5357; x_wconf 89' lang='lat' dir='ltr'><strong>esse</strong></span> 
     </span>
    </p>
   </div>
   <div class='ocr_carea' id='block_1_99' title="bbox 490 5393 2064 5466">
    <p class='ocr_par' dir='ltr' id='par_1_99' title="bbox 490 5393 2064 5466">
     <span class='ocr_line' id='line_1_99' title="bbox 490 5393 2064 5466; baseline 0.003 -22"><span class='ocrx_word' id='word_1_683' title='bbox 490 5398 680 5446; x_wconf 81' lang='lat' dir='ltr'><strong>contra</strong></span> <span class='ocrx_word' id='word_1_684' title='bbox 709 5393 1338 5459; x_wconf 75' lang='lat' dir='ltr'><strong>nat&#39;uram,diviuitatem</strong></span> <span class='ocrx_word' id='word_1_685' title='bbox 1361 5395 1492 5464; x_wconf 84' lang='lat' dir='ltr'><strong>pati,</strong></span> <span class='ocrx_word' id='word_1_686' title='bbox 1509 5412 1628 5466; x_wconf 68' lang='lat' dir='ltr'><strong>qua:</strong></span> <span class='ocrx_word' id='word_1_687' title='bbox 1645 5407 1840 5452; x_wconf 83' lang='lat' dir='ltr'><strong>natura</strong></span> <span class='ocrx_word' id='word_1_688' title='bbox 1861 5412 1959 5452; x_wconf 88' lang='lat' dir='ltr'><strong>sua</strong></span> <span class='ocrx_word' id='word_1_689' title='bbox 1978 5403 2064 5451; x_wconf 92' lang='lat' dir='ltr'><strong>est</strong></span> 
     </span>
    </p>
   </div>
   <div class='ocr_carea' id='block_1_100' title="bbox 2169 4663 3736 4739">
    <p class='ocr_par' dir='ltr' id='par_1_100' title="bbox 2169 4663 3736 4739">
     <span class='ocr_line' id='line_1_100' title="bbox 2169 4663 3736 4739; baseline -0.002 -20"><span class='ocrx_word' id='word_1_690' title='bbox 2169 4667 2308 4736; x_wconf 83' lang='grc' dir='ltr'><strong>ἁγίῳ</strong></span> <span class='ocrx_word' id='word_1_691' title='bbox 2357 4664 2553 4735; x_wconf 84' lang='grc' dir='ltr'><strong>Παύλῳ</strong></span> <span class='ocrx_word' id='word_1_692' title='bbox 2597 4667 2654 4718; x_wconf 83' lang='grc' dir='ltr'><strong>ὲν</strong></span> <span class='ocrx_word' id='word_1_693' title='bbox 2701 4665 2941 4736; x_wconf 82' lang='grc' dir='ltr'><strong>Κύπρῳ,</strong></span> <span class='ocrx_word' id='word_1_694' title='bbox 2993 4665 3268 4733; x_wconf 85' lang='grc' dir='ltr'><strong>γινώσκει·</strong></span> <span class='ocrx_word' id='word_1_695' title='bbox 3307 4663 3368 4721; x_wconf 77' lang='grc' dir='ltr'><strong>οῦ</strong></span> <span class='ocrx_word' id='word_1_696' title='bbox 3410 4669 3465 4721; x_wconf 83' lang='grc' dir='ltr'><strong>αἱ</strong></span> <span class='ocrx_word' id='word_1_697' title='bbox 3509 4665 3736 4739; x_wconf 77' lang='grc' dir='ltr'><strong>Πράξεις</strong></span> 
     </span>
    </p>
   </div>
   <div class='ocr_carea' id='block_1_101' title="bbox 2167 4757 3739 4831">
    <p class='ocr_par' dir='ltr' id='par_1_101' title="bbox 2167 4757 3739 4831">
     <span class='ocr_line' id='line_1_101' title="bbox 2167 4757 3739 4831; baseline -0.001 -20"><span class='ocrx_word' id='word_1_698' title='bbox 2167 4759 2275 4811; x_wconf 82' lang='grc' dir='ltr'><strong>τῶν</strong></span> <span class='ocrx_word' id='word_1_699' title='bbox 2323 4757 2493 4825; x_wconf 88' lang='grc' dir='ltr'><strong>ἁγίων</strong></span> <span class='ocrx_word' id='word_1_700' title='bbox 2545 4757 2854 4810; x_wconf 83' lang='grc' dir='ltr'><strong>ἀποστόλων</strong></span> <span class='ocrx_word' id='word_1_701' title='bbox 2895 4757 3217 4831; x_wconf 81' lang='grc' dir='ltr'><strong>μέμνηνται.</strong></span> <span class='ocrx_word' id='word_1_702' title='bbox 3266 4760 3454 4831; x_wconf 84' lang='grc' dir='ltr'><strong>Ὅμως</strong></span> <span class='ocrx_word' id='word_1_703' title='bbox 3513 4757 3739 4819; x_wconf 79' lang='grc' dir='ltr'><strong>πολλοὺς</strong></span> 
     </span>
    </p>
   </div>
   <div class='ocr_carea' id='block_1_102' title="bbox 2169 4849 3740 4924">
    <p class='ocr_par' dir='ltr' id='par_1_102' title="bbox 2169 4849 3740 4924">
     <span class='ocr_line' id='line_1_102' title="bbox 2169 4849 3740 4924; baseline -0.001 -20"><span class='ocrx_word' id='word_1_704' title='bbox 2169 4852 2385 4922; x_wconf 86' lang='grc' dir='ltr'><strong>ὁμοίους</strong></span> <span class='ocrx_word' id='word_1_705' title='bbox 2422 4849 2500 4920; x_wconf 81' lang='grc' dir='ltr'><strong>τῷ</strong></span> <span class='ocrx_word' id='word_1_706' title='bbox 2545 4850 2749 4922; x_wconf 75' lang='grc' dir='ltr'><strong>Ἑλύμᾳ</strong></span> <span class='ocrx_word' id='word_1_707' title='bbox 2790 4853 2824 4922; x_wconf 80' lang='grc' dir='ltr'><strong>ἡ</strong></span> <span class='ocrx_word' id='word_1_708' title='bbox 2871 4851 3098 4922; x_wconf 75' lang='grc' dir='ltr'><strong>Ἀραϐία</strong></span> <span class='ocrx_word' id='word_1_709' title='bbox 3130 4852 3268 4923; x_wconf 78' lang='grc' dir='ltr'><strong>ἔχει,</strong></span> <span class='ocrx_word' id='word_1_710' title='bbox 3302 4854 3356 4906; x_wconf 86' lang='grc' dir='ltr'><strong>οῖ</strong></span> <span class='ocrx_word' id='word_1_711' title='bbox 3399 4871 3530 4924; x_wconf 81' lang='grc' dir='ltr'><strong>φασι</strong></span> <span class='ocrx_word' id='word_1_712' title='bbox 3598 4851 3740 4923; x_wconf 78' lang='grc' dir='ltr'><strong>πρὸς</strong></span> 
     </span>
    </p>
   </div>
   <div class='ocr_carea' id='block_1_103' title="bbox 2168 4943 3744 5016">
    <p class='ocr_par' dir='ltr' id='par_1_103' title="bbox 2168 4943 3744 5016">
     <span class='ocr_line' id='line_1_103' title="bbox 2168 4943 3744 5016; baseline 0.001 -20"><span class='ocrx_word' id='word_1_713' title='bbox 2168 4945 2314 5014; x_wconf 76' lang='grc' dir='ltr'><strong>ἡμᾶς</strong></span> <span class='ocrx_word' id='word_1_714' title='bbox 2338 4943 2610 5011; x_wconf 85' lang='grc' dir='ltr'><strong>λέγοντας,</strong></span> <span class='ocrx_word' id='word_1_715' title='bbox 2630 4943 2836 5013; x_wconf 88' lang='grc' dir='ltr'><strong>Ἰησοῦν</strong></span> <span class='ocrx_word' id='word_1_716' title='bbox 2857 4945 3091 5014; x_wconf 80' lang='grc' dir='ltr'><strong>Χριστὸν</strong></span> <span class='ocrx_word' id='word_1_717' title='bbox 3116 4946 3206 4999; x_wconf 76' lang='grc' dir='ltr'><strong>τὸν</strong></span> <span class='ocrx_word' id='word_1_718' title='bbox 3229 4946 3362 4999; x_wconf 82' lang='grc' dir='ltr'><strong>Θεὸν</strong></span> <span class='ocrx_word' id='word_1_719' title='bbox 3385 4948 3552 5014; x_wconf 80' lang='grc' dir='ltr'><strong>Λόγον</strong></span> <span class='ocrx_word' id='word_1_720' title='bbox 3576 4946 3744 5016; x_wconf 73' lang='grc' dir='ltr'><strong>σαρκὶ</strong></span> 
     </span>
    </p>
   </div>
   <div class='ocr_carea' id='block_1_104' title="bbox 2169 5034 3740 5110">
    <p class='ocr_par' dir='ltr' id='par_1_104' title="bbox 2169 5034 3740 5110">
     <span class='ocr_line' id='line_1_104' title="bbox 2169 5034 3740 5110; baseline 0.001 -22"><span class='ocrx_word' id='word_1_721' title='bbox 2169 5034 2360 5088; x_wconf 87' lang='grc' dir='ltr'><strong>παθεῖν</strong></span> <span class='ocrx_word' id='word_1_722' title='bbox 2395 5035 2535 5106; x_wconf 83' lang='grc' dir='ltr'><strong>ὑπὲρ</strong></span> <span class='ocrx_word' id='word_1_723' title='bbox 2564 5035 2719 5105; x_wconf 82' lang='grc' dir='ltr'><strong>ἡμῶν</strong></span> <span class='ocrx_word' id='word_1_724' title='bbox 2740 5075 2754 5099; x_wconf 93' lang='grc'><strong>,</strong></span> <span class='ocrx_word' id='word_1_725' title='bbox 2793 5034 2930 5089; x_wconf 78' lang='grc' dir='ltr'><strong>ἀλλὰ</strong></span> <span class='ocrx_word' id='word_1_726' title='bbox 2961 5037 3034 5109; x_wconf 82' lang='grc' dir='ltr'><strong>μὴ</strong></span> <span class='ocrx_word' id='word_1_727' title='bbox 3067 5037 3296 5110; x_wconf 85' lang='grc' dir='ltr'><strong>θεότητα</strong></span> <span class='ocrx_word' id='word_1_728' title='bbox 3329 5039 3397 5103; x_wconf 81' lang='grc'><strong>⁶⁹,</strong></span> <span class='ocrx_word' id='word_1_729' title='bbox 3419 5039 3532 5092; x_wconf 82' lang='grc' dir='ltr'><strong>ὅτι·</strong></span> <span class='ocrx_word' id='word_1_730' title='bbox 3566 5037 3626 5090; x_wconf 76' lang='lat' dir='ltr'><strong>Et</strong></span> <span class='ocrx_word' id='word_1_731' title='bbox 3663 5037 3740 5106; x_wconf 78' lang='grc' dir='ltr'><strong>μὴ</strong></span> 
     </span>
    </p>
   </div>
   <div class='ocr_carea' id='block_1_105' title="bbox 2164 5127 3746 5203">
    <p class='ocr_par' dir='ltr' id='par_1_105' title="bbox 2164 5127 3746 5203">
     <span class='ocr_line' id='line_1_105' title="bbox 2164 5127 3746 5203; baseline -0.001 -23"><span class='ocrx_word' id='word_1_732' title='bbox 2164 5127 2382 5198; x_wconf 86' lang='grc' dir='ltr'><strong>δέχεσθε</strong></span> <span class='ocrx_word' id='word_1_733' title='bbox 2415 5128 2576 5181; x_wconf 78' lang='grc' dir='ltr'><strong>αὑτὸν</strong></span> <span class='ocrx_word' id='word_1_734' title='bbox 2610 5127 2822 5198; x_wconf 87' lang='grc' dir='ltr'><strong>θεότητι</strong></span> <span class='ocrx_word' id='word_1_735' title='bbox 2857 5129 3049 5184; x_wconf 84' lang='grc' dir='ltr'><strong>παθεῖν</strong></span> <span class='ocrx_word' id='word_1_736' title='bbox 3071 5131 3146 5196; x_wconf 83' lang='grc' dir='ltr'><strong>ὡς</strong></span> <span class='ocrx_word' id='word_1_737' title='bbox 3168 5131 3451 5203; x_wconf 73' lang='grc' dir='ltr'><strong>ἠθέλησεν,</strong></span> <span class='ocrx_word' id='word_1_738' title='bbox 3473 5131 3746 5199; x_wconf 81' lang='grc' dir='ltr'><strong>ἀδύναμον</strong></span> 
     </span>
    </p>
   </div>
   <div class='ocr_carea' id='block_1_106' title="bbox 2167 5215 3743 5292">
    <p class='ocr_par' dir='ltr' id='par_1_106' title="bbox 2167 5215 3743 5292">
     <span class='ocr_line' id='line_1_106' title="bbox 2167 5215 3743 5292; baseline 0.001 -25"><span class='ocrx_word' id='word_1_739' title='bbox 2167 5219 2368 5268; x_wconf 85' lang='grc' dir='ltr'><strong>ποιεῖτε</strong></span> <span class='ocrx_word' id='word_1_740' title='bbox 2415 5217 2504 5268; x_wconf 87' lang='grc' dir='ltr'><strong>τὸν</strong></span> <span class='ocrx_word' id='word_1_741' title='bbox 2549 5215 2715 5279; x_wconf 78' lang='grc' dir='ltr'><strong>Θεὸν,</strong></span> <span class='ocrx_word' id='word_1_742' title='bbox 2761 5217 3057 5286; x_wconf 82' lang='grc' dir='ltr'><strong>φάσκοντες</strong></span> <span class='ocrx_word' id='word_1_743' title='bbox 3109 5222 3182 5292; x_wconf 77' lang='grc' dir='ltr'><strong>μὴ</strong></span> <span class='ocrx_word' id='word_1_744' title='bbox 3223 5221 3480 5276; x_wconf 81' lang='grc' dir='ltr'><strong>δύνασθαι</strong></span> <span class='ocrx_word' id='word_1_745' title='bbox 3527 5219 3743 5289; x_wconf 81' lang='grc' dir='ltr'><strong>θεότητι</strong></span> 
     </span>
    </p>
   </div>
   <div class='ocr_carea' id='block_1_107' title="bbox 2169 5307 3748 5382">
    <p class='ocr_par' dir='ltr' id='par_1_107' title="bbox 2169 5307 3748 5382">
     <span class='ocr_line' id='line_1_107' title="bbox 2169 5307 3748 5382; baseline 0.004 -23"><span class='ocrx_word' id='word_1_746' title='bbox 2169 5307 2361 5360; x_wconf 84' lang='grc' dir='ltr'><strong>παθεῖν</strong></span> <span class='ocrx_word' id='word_1_747' title='bbox 2412 5309 2461 5360; x_wconf 81' lang='grc' dir='ltr'><strong>εί</strong></span> <span class='ocrx_word' id='word_1_748' title='bbox 2511 5308 2703 5362; x_wconf 68' lang='grc' dir='ltr'><strong>ἐθέλον</strong></span> <span class='ocrx_word' id='word_1_749' title='bbox 2760 5311 2896 5382; x_wconf 81' lang='grc' dir='ltr'><strong>πρὸς</strong></span> <span class='ocrx_word' id='word_1_750' title='bbox 2929 5312 3023 5378; x_wconf 83' lang='grc' dir='ltr'><strong>οὒς</strong></span> <span class='ocrx_word' id='word_1_751' title='bbox 3069 5314 3307 5380; x_wconf 69' lang='grc' dir='ltr'><strong>Λεκτέον,</strong></span> <span class='ocrx_word' id='word_1_752' title='bbox 3345 5318 3426 5370; x_wconf 82' lang='grc' dir='ltr'><strong>ὅτι</strong></span> <span class='ocrx_word' id='word_1_753' title='bbox 3467 5314 3590 5369; x_wconf 77' lang='grc' dir='ltr'><strong>αὐτὸ</strong></span> <span class='ocrx_word' id='word_1_754' title='bbox 3639 5314 3748 5366; x_wconf 75' lang='grc' dir='ltr'><strong>οὐκ</strong></span> 
     </span>
    </p>
   </div>
   <div class='ocr_carea' id='block_1_108' title="bbox 2168 5399 3745 5481">
    <p class='ocr_par' dir='ltr' id='par_1_108' title="bbox 2168 5399 3745 5481">
     <span class='ocr_line' id='line_1_108' title="bbox 2168 5399 3745 5481; baseline 0.004 -29"><span class='ocrx_word' id='word_1_755' title='bbox 2168 5399 2440 5470; x_wconf 70' lang='grc' dir='ltr'><strong>ἠϐουλήθη</strong></span> <span class='ocrx_word' id='word_1_756' title='bbox 2470 5400 2499 5450; x_wconf 89' lang='grc' dir='ltr'>ὁ</span> <span class='ocrx_word' id='word_1_757' title='bbox 2527 5399 2678 5464; x_wconf 85' lang='grc' dir='ltr'><strong>Θεὸς,</strong></span> <span class='ocrx_word' id='word_1_758' title='bbox 2713 5402 2850 5472; x_wconf 76' lang='grc' dir='ltr'><strong>ἔχων</strong></span> <span class='ocrx_word' id='word_1_759' title='bbox 2887 5407 2966 5470; x_wconf 85' lang='grc' dir='ltr'><strong>είς</strong></span> <span class='ocrx_word' id='word_1_760' title='bbox 2997 5406 3048 5459; x_wconf 88' lang='grc' dir='ltr'><strong>τί</strong></span> <span class='ocrx_word' id='word_1_761' title='bbox 3086 5407 3266 5474; x_wconf 88' lang='grc' dir='ltr'><strong>πάθοι,</strong></span> <span class='ocrx_word' id='word_1_762' title='bbox 3294 5409 3356 5463; x_wconf 81' lang='grc' dir='ltr'><strong>τὸ</strong></span> <span class='ocrx_word' id='word_1_763' title='bbox 3400 5407 3546 5481; x_wconf 82' lang='grc' dir='ltr'><strong>παρὰ</strong></span> <span class='ocrx_word' id='word_1_764' title='bbox 3575 5404 3745 5476; x_wconf 75' lang='grc' dir='ltr'><strong>φύσιν</strong></span> 
     </span>
    </p>
   </div>
   <div class='ocr_carea' id='block_1_109' title="bbox 590 5571 2670 5646">
    <p class='ocr_par' dir='ltr' id='par_1_109' title="bbox 590 5571 2670 5646">
     <span class='ocr_line' id='line_1_109' title="bbox 590 5571 2670 5646; baseline 0.008 -21"><span class='ocrx_word' id='word_1_765' title='bbox 590 5573 607 5613; x_wconf 72' lang='grc'><strong>1</strong></span> <span class='ocrx_word' id='word_1_766' title='bbox 648 5571 811 5629; x_wconf 78' lang='lat' dir='ltr'><strong>Hebr.</strong></span> <span class='ocrx_word' id='word_1_767' title='bbox 850 5591 892 5639; x_wconf 88' lang='grc' dir='ltr'><strong>ι,</strong></span> <span class='ocrx_word' id='word_1_768' title='bbox 928 5575 1014 5630; x_wconf 73' lang='grc' dir='ltr'><strong>Η.</strong></span> <span class='ocrx_word' id='word_1_769' title='bbox 1106 5577 1121 5624; x_wconf 82' lang='grc' dir='ltr'><strong>ι</strong></span> <span class='ocrx_word' id='word_1_770' title='bbox 1165 5573 1311 5630; x_wconf 86' lang='lat' dir='ltr'><strong>Psal.</strong></span> <span class='ocrx_word' id='word_1_771' title='bbox 1348 5593 1504 5644; x_wconf 77' lang='lat' dir='ltr'><strong>xxiii,</strong></span> <span class='ocrx_word' id='word_1_772' title='bbox 1538 5580 1594 5635; x_wconf 73' lang='lat'><strong>2.</strong></span> <span class='ocrx_word' id='word_1_773' title='bbox 1665 5582 1688 5619; x_wconf 74' lang='grc' dir='ltr'><strong>ιι</strong></span> <span class='ocrx_word' id='word_1_774' title='bbox 1725 5579 1868 5635; x_wconf 83' lang='lat' dir='ltr'><strong>Psal.</strong></span> <span class='ocrx_word' id='word_1_775' title='bbox 1908 5597 2099 5646; x_wconf 81' lang='lat' dir='ltr'><strong>um,</strong></span> <span class='ocrx_word' id='word_1_776' title='bbox 2139 5579 2194 5637; x_wconf 88' lang='lat'><strong>6.</strong></span> <span class='ocrx_word' id='word_1_777' title='bbox 2269 5583 2423 5640; x_wconf 82' lang='lat' dir='ltr'><strong>lAct.</strong></span> <span class='ocrx_word' id='word_1_778' title='bbox 2461 5601 2582 5645; x_wconf 84' lang='lat' dir='ltr'><strong>xm.</strong></span> <span class='ocrx_word' id='word_1_779' title='bbox 2617 5588 2670 5642; x_wconf 91' lang='lat'><strong>8.</strong></span> 
     </span>
    </p>
   </div>
   <div class='ocr_carea' id='block_1_110' title="bbox 1415 5735 2788 5800">
    <p class='ocr_par' dir='ltr' id='par_1_110' title="bbox 1415 5735 2788 5800">
     <span class='ocr_line' id='line_1_110' title="bbox 1415 5735 2788 5800; baseline 0.008 -11"><span class='ocrx_word' id='word_1_780' title='bbox 1415 5735 1650 5792; x_wconf 75' lang='lat' dir='ltr'><strong>VARUE</strong></span> <span class='ocrx_word' id='word_1_781' title='bbox 1691 5737 2075 5795; x_wconf 75' lang='lat' dir='ltr'><strong>LECTIONES</strong></span> <span class='ocrx_word' id='word_1_782' title='bbox 2117 5738 2205 5795; x_wconf 83' lang='grc' dir='ltr'>ΕΤ</span> <span class='ocrx_word' id='word_1_783' title='bbox 2242 5740 2788 5800; x_wconf 76' lang='lat' dir='ltr'><strong>CORRECTIONES.</strong></span> 
     </span>
    </p>
   </div>
   <div class='ocr_carea' id='block_1_111' title="bbox 559 5839 1395 5916">
    <p class='ocr_par' dir='ltr' id='par_1_111' title="bbox 559 5839 1395 5916">
     <span class='ocr_line' id='line_1_111' title="bbox 559 5839 1395 5916; baseline 0.007 -20"><span class='ocrx_word' id='word_1_784' title='bbox 559 5839 606 5870; x_wconf 81' lang='lat'>“</span> <span class='ocrx_word' id='word_1_785' title='bbox 639 5845 891 5916; x_wconf 84' lang='grc' dir='ltr'><strong>νομίσης.</strong></span> <span class='ocrx_word' id='word_1_786' title='bbox 993 5851 1036 5881; x_wconf 67' lang='grc' dir='ltr'><strong>δ’</strong></span> <span class='ocrx_word' id='word_1_787' title='bbox 1061 5852 1128 5916; x_wconf 79' lang='grc' dir='ltr'><strong>τῇ</strong></span> <span class='ocrx_word' id='word_1_788' title='bbox 1158 5849 1395 5916; x_wconf 82' lang='grc' dir='ltr'><strong>θεότητι.</strong></span> 
     </span>
    </p>
   </div>
  </div>
