3882 6558
151 465 230 520 561
814 466 873 520 S.
910 465 1158 525 MAXIM!
1191 471 1480 528 SCHOLIA
1519 473 1582 528 ΙΝ
1613 475 1742 532 LIB.
1780 475 1867 530 DE
1901 477 2148 533 DlVlNlS
2185 477 2578 538 NOMINIBUS.
2629 443 2634 448 ι

3251 484 3358 547 362

148 580 396 650 γενέσθαι,
431 559 522 636 ίνα
552 583 584 653 ἡ
620 581 804 655 θεότης
829 585 988 640 πάθοι
1011 587 1046 658 ἡ
1082 588 1223 643 κατά
1253 608 1414 660 φυσιν
1450 593 1661 668 ἀπαθής

1792 593 2160 663 impassibilis.
2186 595 2323 653 Vide
2350 595 2622 668 quomodo
2650 601 2968 656 sententiam
2992 596 3234 673 Apostoli
3258 623 3357 662 ex-

147 674 266 740 Ὅρα
296 672 413 738 πῶς
451 670 740 746 ἑρμηνεύει
768 676 829 729 τὸ
863 677 1218 734 ἀποστολικὸν
1256 683 1439 753 ῥητὸν,
1477 686 1558 738 Οὐ
1589 683 1690 739 δύ-

142 781 290 818 ναται
321 769 354 819 ὁ
387 766 535 833 Θεὸς
563 767 778 822 ἑαυτὸν
807 769 1203 837 ἀρνήσασθαι.

207 854 262 908 Ἠ
289 854 396 924 γὰρ
424 855 642 910 ἑαυτοῦ
666 857 936 926 ἄρνησις.
971 861 1147 933 Ὅπερ
1191 863 1348 936 ἔφην,
1389 865 1621 938 Ἐλύμας
1658 869 1687 920 6

139 950 290 1022 μάγος
333 949 557 1021 σκώψας
611 951 701 1005 τὸν
740 951 878 1007 θεῖον
914 954 1123 1009 Παῦλον
1151 957 1391 1023 εἰπόντα,
1430 959 1505 1030 μὴ
1536 959 1689 1012 δύναι

136 1042 239 1094 σθαι
267 1043 603 1114 ἀρνήσασθαι
625 1044 813 1098 ἑαυτὸν
841 1046 930 1099 τὸν
958 1047 1109 1112 Θεὸν,
1139 1051 1233 1104 καὶ
1257 1046 1317 1104 τό
1336 1068 1398 1119 γε
1423 1053 1514 1105 ἐπὶ
1539 1053 1686 1106 [lati-

133 1133 196 1204 λῳ
223 1133 476 1187 ἀδύνατον
507 1134 815 1190 δείκνυσθαι
841 1137 931 1191 τὸν
960 1137 1090 1193 Θεὸν
1119 1141 1410 1213 δυνάμενον
1438 1143 1474 1197 ἀ
1503 1143 1684 1214 βούλε-

131 1242 223 1288 ται,
244 1224 516 1278 τουτέστιν
538 1226 876 1298 ἀρνήσασθαι
894 1229 1106 1295 ἑαυτὸν,
1135 1232 1540 1302 φιλοσοφώτατα
1567 1234 1682 1289 λύει

130 1319 152 1368 6
165 1316 318 1385 μέγας
328 1317 619 1381 Διονύσιος.
632 1321 770 1391 Φησὶ⁸
783 1320 908 1392 γάρ,
922 1323 1002 1375 ὅτι
1025 1325 1052 1375 6
1063 1323 1194 1387 Θεὸς
1207 1325 1428 1396 ἁλήθειά
1443 1328 1588 1380 ἐστιν
1607 1345 1620 1358 ο
1644 1331 1677 1399 ή

129 1406 174 1460 δὲ
194 1407 410 1478 ἀλήθεια
431 1409 489 1462 ὃν
512 1412 626 1464 ἐστι
643 1427 656 1442 ⁸
682 1412 744 1465 τὸ
769 1412 824 1465 δὲ
845 1412 1053 1483 ψεῦδος,
1069 1415 1148 1477 ὼς
1164 1416 1548 1482 ἀνυπόστατον,
1563 1420 1680 1474 οὐδὲ

127 1496 346 1550 ὅνὲστιν·
366 1499 462 1553 ὲάν
496 1497 588 1554 οὖν
620 1503 922 1574 ἀρνήσηται
952 1496 1140 1558 ἑαυτὸν
1167 1509 1195 1560 6
1219 1495 1677 1583 Θεὸς,ἡάλήθεια,

127 1588 438 1662 ψευσαμένη,
497 1594 571 1664 μὴ
628 1593 688 1646 ὃν
732 1595 970 1664 γίνεταιο
1009 1599 1102 1652 καὶ
1134 1598 1249 1662 πῶς
1279 1594 1389 1653 οἷόν
1421 1618 1480 1653 τε
1521 1603 1677 1656 τοῦτο

128 1681 412 1753 συμϐῆναω
467 1684 529 1737 τὸ
561 1681 651 1739 οὗν
678 1686 765 1756 μὴ
798 1687 1108 1754 δύνασθαι,
1161 1691 1254 1744 ἐπὶ
1295 1691 1429 1745 Θεοῦ
1485 1695 1675 1750 ταττόι

127 1789 283 1840 μενον,
314 1774 523 1842 ἀφάτου
556 1775 838 1848 δυνάμεώς
883 1782 999 1833 ἐστι
1031 1778 1270 1851 σημεῖον.
1306 1783 1527 1852 Ὅμοιον
1567 1786 1676 1858 γάρ

124 1864 248 1916 ἐστιν
285 1867 481 1932 εἰπεῖν,
523 1870 603 1922 ὅτι
628 1869 849 1924 δύναται
890 1873 918 1925 6
957 1866 1087 1936 Θεὸς
1119 1869 1307 1928 ἑαυτὸν
1338 1875 1558 1948 ποιῆσαι
1597 1878 1672 1950 μὴ

1789 694 1973 753 ponat,
2006 685 2130 740 Non
2153 696 2321 757 potest
2350 688 2490 744 Deus
2522 689 2751 758 seipsum
2783 700 2970 762 negare
2992 697 3053 750 ’³.

1854 851 2123 928 Siquidem
2173 861 2256 914 sui
2308 847 2469 930 ipsius
2515 864 2656 918 enim
2693 867 2918 937 negatio.
2950 868 3107 939 Quod
3141 870 3356 930 dieebat

1787 947 2005 1020 Elymas
2033 966 2223 1023 magus
2249 953 2504 1010 deridens
2534 963 2782 1012 sanctum
2800 958 3025 1015 Paulum
3055 962 3350 1029 dicentem,

1785 1037 1954 1095 Deum
2010 1058 2119 1096 non
2173 1060 2334 1114 posse
2381 1062 2581 1117 negare
2616 1049 2880 1120 seipsum,
2920 1066 2984 1105 ac
3014 1051 3353 1124 impossibile

1784 1134 2070 1189 ostendere
2091 1136 2145 1189 in
2173 1135 2341 1191 Paulo
2366 1138 2532 1194 Deum
2564 1156 2725 1210 posse
2756 1157 2878 1212 quae
2904 1145 3039 1210 vult,
3073 1146 3124 1200 id
3151 1157 3235 1202 est
3263 1164 3352 1203 se--

1785 1225 1962 1296 ipsum
1994 1243 2212 1300 negare,
2254 1244 2481 1301 magnus
2517 1227 2806 1303 Dionysius
2843 1221 3077 1291 maxime
3109 1238 3350 1308 philoso-

1782 1318 1938 1386 pbice
1953 1335 2047 1374 seu
2083 1331 2271 1390 argute
2292 1323 2471 1376 solvit.
2498 1321 2640 1378 Dicit
2659 1325 2804 1379 enim
2830 1325 2998 1380 Deum
3016 1343 3138 1384 esse
3154 1317 3351 1385 veritas

1781 1413 2217 1466 temzveritatem
2243 1422 2421 1468 autem
2451 1430 2572 1476 esse
2601 1431 2700 1472 ens
2721 1417 3040 1474 :falsitatem
3064 1437 3194 1476 vero
3225 1437 3351 1478 cum

1781 1516 1890 1556 non
1915 1503 2436 1571 subsistat,minime
2457 1508 2623 1563 etiam
2647 1524 2769 1580 esse
2792 1527 2921 1575 ens;
2948 1513 2994 1568 si
3017 1513 3183 1584 igitur
3205 1514 3351 1592 Deus

1780 1593 2019 1663 seipsum
2044 1598 2338 1667 negaverit,
2355 1599 2555 1656 veritas
2570 1601 2659 1654 ubi
2677 1601 2952 1668 fefellerit,
2969 1621 3081 1660 non
3103 1621 3202 1662 ens
3235 1608 3317 1662 em
3328 1638 3352 1676 ο,

1779 1689 1939 1751 citur,
1989 1697 2041 1743 et
2096 1690 2373 1760 quomodo
2425 1693 2640 1763 signum
2665 1693 2808 1749 istud
2851 1697 3099 1752 accidere
3138 1698 3350 1768 possit?

1777 1795 1905 1851 ergo
1937 1799 2038 1836 non
2061 1799 2210 1851 posse
2234 1785 2289 1838 in
2319 1783 2427 1840 Deo
2452 1789 2806 1842 constitutum
2835 1789 3051 1860 signum
3064 1792 3348 1846 estinlini-

1776 1882 1846 1930 tae
1875 1876 2112 1931 virtutis.
2145 1874 2333 1934 Simile
2361 1879 2505 1934 enim
2537 1887 2681 1934 esset
2713 1895 2776 1934 ac
2804 1881 2850 1935 si
2874 1880 3148 1937 diceretur
3174 1881 3355 1954 Deum.

123 1950 238 2005 εἶναι
258 1954 406 2021 Θεὸν,
429 1957 568 2010 ἀλλά
587 1961 831 2031 χωρῆσαι
851 1963 931 2025 εἰς
952 1963 1310 2036 ἀνυπαρξίαν,
1350 1965 1378 2018 ὃ
1412 1969 1548 2038 μετὰ
1575 1970 1661 2023 τοῦ

1771 1981 1933 2036 posse
1958 1966 2133 2023 facere
2168 1969 2406 2039 seipsum
2437 1985 2546 2025 non
2577 1987 2699 2028 esse
2723 1971 2915 2039 Deum,
2939 1972 3048 2029 imo
3075 1990 3248 2046 usque
3275 1966 3347 2030 ad

121 2043 361 2100 ἀδυνάτου
395 2049 492 2102 καὶ
526 2044 586 2102 τὸ
619 2050 934 2124 βλάσφημον
964 2053 1075 2125 ἔχει
1094 2069 1107 2086 ⁸
1139 2057 1264 2121 πῶς
1286 2060 1464 2113 τοίνυν
1492 2060 1676 2134 λεχθή-

124 2151 272 2201 σεται,
301 2139 330 2189 6
352 2136 429 2190 ὣν
456 2138 610 2192 ἔσται
644 2137 730 2212 μὴ’
750 2140 860 2209 ὥν;
897 2145 971 2197 Ού
1007 2145 1226 2201 δύναται
1258 2149 1434 2202 τοίνυν
1462 2152 1490 2204 ὁ
1521 2151 1670 2215 Θεὸς,

120 2228 370 2282 τουτέστιν
402 2229 759 2303 ἀναχὼρητόν
819 2233 933 2286 ἐστι
990 2236 1065 2308 μὴ
1113 2233 1251 2292 εἶναι
1291 2237 1480 2304 αὐτὸν,
1509 2242 1673 2314 ἤγουν

119 2318 405 2374 ἀνένδεκτον
428 2322 504 2394 μὴ
522 2308 660 2376 εἶναι
686 2325 866 2378 αὐτόν’
898 2322 1090 2382 οὐκοῦν
1116 2324 1286 2384 καὶτὸ
1313 2333 1384 2405 μὴ
1417 2333 1670 2388 δύνασθαι

118 2407 195 2462 τὸν
226 2411 372 2475 Θεὸν,
419 2414 668 2468 τουτέστι
707 2417 770 2470 τὸ
797 2418 1051 2472 ἀδύνατον
1099 2417 1237 2475 εἶναι
1282 2423 1372 2476 τὸν
1415 2423 1565 2490 Θεὸν,
1607 2427 1668 2479 οὐ

116 2496 312 2552 δυνατὸν
331 2499 612 2570 γενέσθαι·
643 2503 831 2578 ὥσπερ
855 2507 961 2578 γὰρ
991 2507 1052 2562 τὸ
1077 2510 1209 2580 φῶς,
1240 2502 1366 2566 καθ’
1387 2511 1414 2564 δ
1438 2513 1571 2582 φῶς,
1606 2517 1666 2570 οὐ

115 2589 308 2645 δύναται
357 2592 552 2658 σκότος
595 2596 869 2664 γενέσθαι,
915 2597 1057 2654 οὕτω
1105 2593 1196 2656 καὶ
1235 2602 1404 2657 ταῦτα
1435 2606 1668 2662 ἀδύνατα

113 2683 179 2753 τῷ
207 2685 317 2756 Θεῷ
345 2686 436 2740 διὰ
459 2688 561 2758 τὴν
596 2689 998 2763 ἀνυπέρϐλητον
1027 2694 1303 2765 ἀλήθειαν.
1360 2686 1544 2762 Οὕτως
1573 2694 1666 2753 οὖν

113 2775 195 2829 οὐκ
221 2773 353 2831 οἶδεν
391 2781 420 2832 6
456 2774 592 2843 Θεὸς
623 2781 765 2835 κατά
799 2781 1048 2855 στέρησιν
1080 2783 1141 2838 τὸ
1173 2787 1247 2859 μὴ
1293 2788 1510 2855 εἰδέναι,
1554 2788 1664 2846 οἷον

111 2867 163 2918 εὖ
213 2867 539 2938 πεπείραται
583 2870 612 2922 ὁ
657 2869 815 2934 Θεός·
850 2874 879 2927 ὃ
931 2875 1097 2940 ἐστιν,
1157 2878 1256 2930 οὐκ
1290 2873 1397 2932 οἶδε
1433 2880 1486 2934 τί
1518 2883 1665 2938 ἐστιν

109 2958 236 3011 αὐτὸ
266 2959 432 3030 τὸμὴ
466 2957 710 3027 ειδέναι,
736 2965 852 3036 ἦτοι
873 2967 1111 3036 ἀγνοεῖν
1133 2983 1204 3022 τι.
1232 2971 1390 3024 Κατὰ
1411 2966 1664 3046 στέρησιν

107 3047 157 3099 δὲ
183 3050 277 3105 οὐκ
300 3047 406 3105 οἶδε
425 3051 488 3106 τὸ
511 3053 725 3122 ἀγνοεῖν
746 3072 759 3086 ο
785 3057 1039 3130 στέρησις
1068 3061 1179 3132 γάρ
1207 3063 1352 3116 ἐστιν
1386 3064 1419 3135 ἡ
1447 3065 1660 3134 ἄγνοια,

108 3137 192 3207 οὐχ
216 3139 526 3209 ὑπόστασις,
560 3145 676 3199 ἀλλ’
711 3145 904 3211 ἔξωθεν
925 3151 1020 3220 τῆς
1048 3151 1255 3217 οὐσίας,
1279 3155 1407 3227 περὶ
1437 3157 1504 3228 ἢν
1527 3174 1662 3230 συμιο

105 3227 262 3285 ϐαίνει
295 3234 328 3305 ἡ
364 3235 624 3308 στέρησις
649 3255 664 3268 ο
693 3238 924 3308 ἔλλειψις
950 3241 1058 3314 γάρ
1085 3245 1200 3298 ἐστι
1237 3245 1330 3298 τοῦ
1359 3227 1663 3318 ὀφείλοντος

104 3327 354 3392 παρεῖναι.
396 3328 610 3383 Ούκοῦν
654 3325 937 3402 ἐπέρηται
977 3334 1006 3385 6
1027 3334 1159 3400 Θεὸς
1188 3337 1281 3391 τοῦ
1309 3339 1540 3409 ἀγνοεῖν,
1565 3345 1658 3397 καὶ

99 3414 333 3472 οὐδέποτε
356 3416 464 3474 οἶδε
490 3420 556 3474 τὸ
586 3422 662 3495 μὴ
683 3424 876 3478 εἰδέναι
891 3443 903 3455 ·
939 3429 987 3479 εί
1009 3427 1116 3500 γὰρ
1147 3427 1222 3502 μὴ
1246 3431 1386 3486 κατά
1407 3432 1658 3506 στέρησιν

97 3506 325 3580 εἴποιμεν
364 3511 440 3584 μὴ
474 3513 675 3568 ειδέναι
706 3515 798 3568 τὸν
830 3507 961 3570 Θεὸν
995 3519 1094 3590 τὴν
1130 3520 1370 3590 ἄγνοιαν,
1405 3525 1656 3597 εὑρίσκε-

93 3616 174 3655 ται
215 3604 308 3676 τῆς
336 3608 528 3673 οὐσίας
554 3609 718 3664 αὑτοῦ
751 3606 810 3666 τὸ
850 3614 922 3685 μὴ
957 3614 1152 3668 εἰδέναι
1174 3631 1188 3647 ·
1233 3618 1328 3670 καὶ
1371 3613 1436 3690 ἦν
1475 3618 1541 3672 ἂν
1567 3619 1657 3672 ού-

95 3693 276 3766 σιὼδης
302 3700 466 3754 αὐτοῦ
500 3704 537 3773 ἡ
559 3691 770 3771 ἄγνοια,
790 3705 881 3758 καὶ
899 3705 1208 3777 εὑρίσκεται
1235 3708 1264 3760 6
1285 3707 1414 3772 Θεὸς
1436 3710 1651 3774 σκότοςδ

89 3787 121 3850 ἡ
153 3789 260 3861 γὰρ
293 3791 484 3861 ἄγνοια
522 3793 711 3859 σκότος
755 3795 928 3849 ἐστίν·
971 3797 1144 3862 οὕτως
1181 3798 1400 3871 ὑψηλῶς
1444 3802 1656 3871 νοήσεις

92 3875 176 3927 καὶ
203 3883 281 3943 τὸ,
315 3886 603 3941 Ἀδύνατον
633 3887 934 3958 ψεύσασθαι
965 3890 1124 3944 Θεόν·
1159 3891 1252 3945 καὶ
1282 3891 1363 3958 τὸ,
1402 3894 1477 3947 Ού
1507 3893 1655 3947 δύναι

89 3983 167 4021 ται
200 3973 367 4057 ποιεῖν
396 3980 426 4026 ὁ
460 3980 594 4043 Υἱὸς
624 3980 775 4034 οὐδὲν
809 3982 900 4051 ἀφ’
935 3982 1150 4045 ἑαυτοῦ,
1185 3983 1280 4037 ὲάν
1317 3986 1390 4057 μή
1425 4002 1478 4037 τι
1529 3983 1651 4056 βλέ-

90 4075 155 4131 πῃ
186 4056 273 4116 τὸν
312 4064 536 4136 Πατέρα
575 4071 826 4126 ποιοῦντα
851 4087 862 4102 ·
899 4072 1035 4146 ὅπερ
1076 4075 1258 4145 ὅμοιόν
1298 4056 1416 4129 ἐστι
1459 4075 1538 4146 τῷ
1577 4078 1653 4128 εί·-

88 4154 226 4204 πεῖνο
281 4151 585 4228 Ἀμήχανόν
640 4159 786 4213 ἐστιν
831 4163 995 4235 ἕτερα
1040 4165 1362 4237 βουλομένου
1403 4167 1496 4220 τοῦ
1540 4169 1649 4222 Πα-

85 4242 220 4312 τρὸς,
251 4245 409 4318 ἕτερα
442 4247 772 4321 βουληθῆναι
817 4251 907 4307 τὸν
964 4252 1111 4313 Υἱόν.
1175 4256 1271 4312 Ἐν
1304 4259 1412 4330 γὰρ
1444 4259 1651 4331 θέλημα

84 4334 170 4404 τῆς
204 4338 369 4410 μόνης
407 4343 793 4414 προσκυνητῆς
822 4346 1046 4415 Τριάδος
1078 4349 1218 4404 κατά
1259 4351 1358 4422 τὴν
1390 4350 1644 4424 θεότητῖα⁹

83 4425 191 4480 οὐδὲ
240 4429 345 4501 γὰρ
388 4432 715 4503 ἀγνοοῦμεν,
767 4434 958 4510 ὅτιπερ
992 4440 1020 4492 6
1064 4439 1193 4505 Υἱὸς
1229 4441 1323 4495 τοῦ
1356 4441 1512 4512 Θεοῦ,
1556 4445 1650 4498 καὶ

81 4513 220 4580 Θεὸς,
244 4521 271 4572 ὁ
301 4515 380 4584 εἷς
415 4523 518 4593 τῆς
550 4525 900 4595 πανυμνήτου
933 4530 1028 4582 καὶ
1061 4533 1435 4605 παναχράντου
1485 4535 1648 4606 Τριά-

1775 2061 2136 2130 privationem
2161 2077 2271 2116 suae
2289 2062 2622 2118 exsistentia:
2636 2063 2908 2134 progredi,
2925 2065 3070 2135 quod
3093 2081 3218 2120 cum
3240 2067 3346 2120 ima

1774 2153 2136 2224 possibilitate
2162 2155 2515 2224 conjunctam
2545 2156 2708 2210 habet
2735 2156 3160 2226 blasphemiam;
3197 2173 3342 2229 quo;

1773 2243 1936 2298 modo
1965 2244 2132 2314 igitur
2161 2244 2396 2309 dicetur,
2427 2243 2520 2315 qui
2547 2252 2630 2300 est
2660 2259 2768 2298 non
2799 2246 2906 2301 erit
2933 2245 3160 2316 “taque
3196 2246 3340 2304 Deus

1771 2349 1880 2390 non
1920 2342 2118 2405 potest,
2159 2335 2210 2390 id
2241 2345 2324 2390 est
2352 2335 2738 2405 comprehendi
2770 2337 2959 2407 nequit
3007 2337 3199 2413 ipsum
3228 2355 3336 2394 non

1769 2443 1911 2494 esse,
1969 2443 2066 2483 seu
2107 2428 2321 2482 admitti
2351 2430 2539 2499 nequit
2564 2430 2740 2500 ipsum
2778 2445 2888 2484 non
2935 2445 3096 2496 esse;
3121 2446 3252 2504 ergo
3283 2440 3338 2488 et

1768 2519 1938 2575 Deum
1968 2535 2077 2576 non
2104 2536 2284 2591 posse,
2321 2520 2377 2575 id
2415 2529 2499 2576 est
2523 2522 2852 2579 imbecillum
2875 2537 2997 2578 esse
3024 2521 3215 2588 Deum,
3246 2523 3339 2602 tic-

1767 2612 1816 2666 ri
1845 2613 2065 2683 nequit;
2094 2613 2236 2668 sicut
2264 2613 2410 2669 enim
2442 2615 2646 2679 lumen,
2679 2621 2950 2684 quatenus
2988 2615 3193 2682 lumen,
3227 2632 3337 2673 non

1766 2710 1942 2774 potest
1968 2719 2090 2760 esse
2128 2704 2394 2771 tenebrae;
2432 2704 2506 2758 ita
2533 2705 2694 2760 etiam
2717 2714 2770 2761 et
2795 2705 2908 2770 haec
2940 2704 3051 2762 Deo
3082 2707 3342 2779 impossio

1764 2795 1895 2851 bilia
1950 2804 2170 2866 propter
2213 2796 2467 2851 eximiam
2507 2799 2811 2855 veritatem.
2848 2799 2941 2854 Sic
2982 2799 3342 2870 igiturgDeus,

1763 2902 1872 2942 non
1919 2887 2068 2942 novit
2113 2889 2417 2957 privatione
2462 2889 2636 2957 ipsum
2675 2906 2780 2945 non
2823 2893 2958 2947 scire
3005 2907 3102 2949 seu
3132 2888 3337 2963 aliquid

1763 2980 2026 3051 ignorare,
2061 2980 2519 3050 quemadmodum
2543 2980 2684 3036 Deus
2704 2983 2926 3038 minime
2946 2990 3205 3055 expertus
3225 2991 3333 3051 est,

1762 3071 1908 3142 quod
1947 3079 2050 3138 est,
2100 3087 2209 3125 non
2245 3073 2394 3127 novit
2430 3073 2563 3142 quid
2605 3073 2677 3129 sit
2716 3075 2896 3144 ipsum
2976 3090 3081 3132 non
3166 3076 3334 3140 scire,

1764 3180 1859 3220 seu
1890 3164 2098 3234 aliquid
2128 3165 2400 3234 ignorare.
2433 3163 2745 3222 Privatione
2760 3181 2890 3223 vero
2912 3167 3092 3222 nescit
3113 3167 3337 3247 ignoraa

1762 3268 1822 3310 re
1857 3270 1870 3305 :
1905 3270 2030 3308 nam
2075 3254 2307 3326 privatio
2345 3261 2428 3309 est
2455 3255 2757 3324 ignoratio,
2796 3269 2908 3311 non
2950 3256 3334 3322 subsistentia,

1762 3344 1855 3402 sed
1886 3354 2037 3400 extra
2081 3345 2376 3402 essentiam
2411 3345 2559 3400 circa
2605 3361 2770 3416 quam
2819 3347 3019 3402 accidit
3065 3347 3332 3418 privatio;

1757 3447 1842 3494 est
1873 3439 2017 3492 enim
2059 3437 2305 3494 defectus
2339 3437 2458 3508 ejus
2494 3437 2641 3509 quod
2685 3438 2879 3495 adesse
2905 3429 3190 3496 debuerat.
3227 3440 3346 3508 Ita-1

1757 3546 1862 3599 que
1878 3528 2019 3584 Deus
2040 3531 2280 3598 privatus
2297 3541 2382 3584 est
2407 3529 2768 3599 ignoratione,
2784 3537 2837 3584 et
2866 3544 3148 3600 nunquam
3176 3530 3338 3586 scivit

1756 3621 2063 3687 inscitiam;
2111 3620 2156 3675 si
2201 3623 2345 3677 enim
2392 3635 2497 3675 non
2521 3636 2616 3690 per
2646 3621 3002 3689 privationem
3034 3622 3336 3680 dixerimus

1755 3709 1924 3766 Deum
1959 3711 2173 3767 nescire
2213 3712 2599 3781 ignorantiam,
2645 3712 2923 3766 invenitur
2956 3727 3079 3768 esse
3118 3712 3335 3781 expejus

1754 3799 1994 3853 essentia
2023 3799 2270 3865 nescire;
2296 3806 2350 3854 et
2371 3800 2417 3855 si
2447 3799 2762 3854 essentialis
2785 3798 2948 3871 fuerit
2974 3790 3150 3874 ipsius
3177 3799 3334 3876 igno-

1755 3890 1920 3954 ratio,
1980 3892 2147 3946 etiam
2204 3891 2474 3962 reperitur
2533 3889 2678 3945 Deus
2732 3891 3001 3958 tenebrae;
3058 3891 3333 3962 ignoratio

1753 3981 1898 4035 enim
1929 3989 2013 4038 est
2039 3982 2303 4050 tenebrae;
2332 3983 2406 4035 ita
2434 3981 2599 4036 etiam
2644 3981 2949 4036 sublimiori
2991 3983 3205 4037 ratione
3245 3982 3347 4036 in;

1753 4073 1964 4144 telliges
1992 4074 2148 4138 illud,
2178 4073 2515 4142 impossibile
2538 4089 2661 4128 eum
2689 4072 2886 4128 falsum
2917 4073 3119 4129 dicere.
3163 4073 3230 4126 Et
3259 4073 3330 4126 il-

1752 4165 1847 4220 lud
1874 4183 1888 4220 :
1919 4163 2090 4220 Filius
2119 4179 2228 4218 non
2259 4171 2438 4234 potest
2475 4164 2653 4219 facere
2699 4164 2997 4235 quidquam
3041 4179 3074 4219 a
3119 4166 3325 4236 seipse,

1752 4259 1858 4316 nisi
1883 4259 2082 4315 viderit
2100 4259 2313 4314 Patrem
2343 4259 2628 4314 facientem
2664 4278 2676 4312 :
2707 4259 2851 4330 quod
2884 4260 3063 4316 simile
3089 4268 3175 4316 est
3198 4275 3262 4317 ac
3278 4261 3328 4318 si

1751 4353 1978 4415 diceret,
2011 4353 2350 4423 impossibile
2384 4359 2490 4417 est,
2517 4352 2679 4408 Patre
2718 4353 2823 4407 alia
2851 4353 3086 4418 volente,
3115 4348 3326 4422 Filium

1752 4445 1859 4499 alia
1886 4445 2043 4500 velle.
2075 4444 2197 4499 Una
2235 4431 2320 4499 est
2357 4444 2502 4498 enim
2527 4444 2780 4498 voluntas
2821 4443 2985 4498 unius
3033 4444 3327 4501 adorandae

1750 4533 2038 4590 Trinitatis
2072 4535 2128 4590 in
2157 4535 2443 4590 divinitate
2473 4552 2490 4591 :
2519 4535 2792 4606 siquidem
2827 4551 2937 4589 non
2971 4525 3136 4606 19.8
3164 4537 3324 4608 igno-

78 4606 156 4697 60;
187 4611 473 4683 γενόμενος
499 4613 805 4686 ἄνθρωπος,
836 4612 1169 4691 προσέλαϐεν
1197 4624 1530 4697 ἀνθρώπινον
1561 4627 1648 4681 θέ-

1766 4643 1961 4692 ramus,
1987 4627 2183 4682 Filium
2214 4626 2331 4693 Dei,
2366 4629 2529 4682 etiam
2576 4627 2768 4694 Deum,
2802 4645 2971 4684 unum
3010 4631 3328 4688 laudatissiu

77 4694 212 4769 λημα
250 4703 474 4772 φυσικὸν
508 4705 606 4759 καὶ
632 4707 1030 4782 ἀναμάρτητον.

1756 4731 1858 4771 mae
1887 4725 1940 4772 et
1970 4719 2279 4788 purissima:
2311 4717 2597 4774 Trinitatis
2648 4721 2925 4776 hominem
2967 4720 3198 4791 factum,
3230 4737 3324 4778 as-

74 4795 365 4862 sumpsisse
395 4797 696 4854 humanam
731 4801 1066 4859 voluntatem
1107 4807 1414 4864 naturalem
1451 4816 1505 4866 et
1525 4814 1732 4881 peccati
1754 4821 2056 4882 expertem.

131 4886 243 4940 Καὶ
273 4889 337 4942 τὸ
375 4889 464 4960 μὴ
523 4891 678 4946 εἶναι
737 4896 848 4949 οὐκ
901 4898 1089 4953 ἐστιν.
1144 4900 1442 4970 Ἀπόφασις
1500 4904 1642 4958 κατά

70 4972 385 5047 ἀποφάσεως
446 4984 706 5056 τιθεμένη
753 4988 1058 5058 κατάφασιν
1102 4996 1265 5046 ποιεῖ.
1326 4994 1385 5048 '0
1432 4991 1524 5050 οὖν
1555 4991 1642 5050 λέ-

71 5080 192 5131 γων,
229 5067 315 5119 ὅτι
344 5073 404 5120 τὸ
437 5074 523 5153 μὴ.
547 5070 685 5129 εἶναι
718 5077 818 5131 οὐκ
848 5077 994 5135 ἐστιν
1025 5081 1084 5135 ὲν
1115 5079 1254 5153 Θεῷ,
1287 5079 1350 5138 τὸ
1382 5081 1520 5141 εἶναι
1551 5090 1643 5142 αὐά

69 5158 151 5210 τὸν
185 5159 432 5226 συνάγει.
457 5150 645 5223 Οὕτως
675 5163 768 5221 οὖν
799 5186 962 5240 φησιν
981 5211 996 5235 ,
1028 5173 1090 5226 οὑ
1122 5173 1342 5231 δύναται
1377 5178 1452 5249 μὴ
1483 5179 1641 5232 δύνα-

71 5248 202 5312 σθαι,
251 5250 519 5314 ὡσαύτως
564 5251 660 5305 καὶ
703 5250 765 5305 τὸ
798 5262 872 5324 μη
903 5264 1096 5320 ειδέναι
1127 5267 1227 5322 οὐκ
1257 5265 1415 5335 οῐδεν,
1443 5248 1522 5335 se
1563 5262 1639 5325 ὧν

66 5341 354 5408 συνάγεται
395 5341 459 5395 τὸ
492 5342 713 5405 πάντως
756 5339 916 5395 αὑτὸν
965 5343 1158 5399 εἰδέναι
1209 5358 1303 5402 καὶ
1342 5359 1597 5414 δύνασθαι
1619 5376 1632 5391 ο

64 5428 234 5491 καλῶς
267 5429 328 5481 δὲ
358 5421 702 5504 προσέθηκεν
733 5429 966 5486 ἐνταῦθα
993 5431 1056 5487 τὸ
1084 5437 1234 5491 κατὰ
1249 5441 1554 5512 στέρησιν·
1573 5451 1633 5502 ού

59 5517 158 5588 γὰρ
191 5512 544 5593 ὑπεροχικῶς
575 5521 749 5576 ταῦτα
779 5523 1046 5594 λέγονται,
1093 5527 1228 5583 ἀλλὰ
1277 5538 1632 5606 στερητικῶς,

57 5608 132 5675 τὸ,
165 5615 236 5665 οὐ
260 5611 517 5667 δύναται
540 5613 636 5668 καὶ
662 5617 774 5669 οὐκ
800 5616 942 5672 οἵδε.

121 5701 148 5774 §
174 5701 320 5759 Vill.
357 5705 717 5772 Δικαιοσύνη
745 5702 812 5760 δὲ
838 5709 1118 5778 ὑμνεῖται.
1155 5715 1308 5770 Κατὰ
1340 5717 1392 5770 τί
1423 5718 1628 5773 δικαιοδ

142 5907 182 5936 ιι
217 5897 236 5951 l
299 5899 444 5957 Tim.
484 5917 547 5964 Il,
587 5903 677 5960 15.

343 5997 611 6059 ΡΑτιιοῐ..
657 5999 772 6078 Gn.
820 6000 903 6060 1V

1815 4905 1995 4977 Neque
2018 4912 2184 4975 potest
2207 4915 2311 4960 non
2332 4920 2464 4960 esse.
2493 4904 2721 4977 Negatio
2750 4913 2944 4960 contra
2972 4907 3320 4977 negationem

1743 4997 1942 5065 posita,
1975 4995 2388 5050 aliirmationem
2421 4992 2573 5050 facit.
2623 4993 2730 5060 Qui
2777 4995 2945 5064 igitur
2989 4993 3127 5049 dicit
3173 4987 3318 5060 quod

1743 5098 1852 5138 non
1881 5099 2005 5140 esse
2026 5099 2138 5137 non
2169 5086 2240 5138 sit
2267 5083 2322 5137 in
2362 5081 2490 5148 Deo,
2525 5084 2706 5152 ipsum
2736 5091 2860 5138 esSe
2888 5079 3188 5149 concludit.
3213 5076 3318 5129 Ita-

1742 5189 1849 5244 que
1883 5175 2036 5240 dicit,
2083 5189 2194 5227 non
2240 5179 2419 5244 potest
2461 5188 2570 5228 non
2597 5189 2787 5244 posse,
2831 5173 3080 5229 similiter
3115 5177 3170 5223 et
3207 5181 3316 5220 non

1743 5267 1884 5324 scire
1913 5281 2024 5322 non
2053 5269 2226 5332 novit,
2258 5283 2326 5324 ex
2355 5268 2555 5338 quibus
2583 5266 2860 5338 colligitur
2909 5265 3087 5334 ipsum
3137 5257 3315 5314 omni-

1741 5375 1815 5415 no
1866 5360 2008 5415 scire
2052 5366 2106 5414 et
2161 5373 2324 5429 posse
2381 5358 2654 5429 :pulchre
2717 5365 2895 5412 autem
2945 5350 3153 5406 addidit
3210 5349 3312 5402 hoc

1740 5451 1863 5506 loco
1907 5466 2000 5522 per
2047 5448 2391 5521 privationem
2417 5455 2436 5515 ξ
2466 5465 2578 5505 non
2630 5450 2778 5505 enim
2825 5446 2940 5499 haec
3000 5455 3097 5510 per
3133 5442 3312 5494 excel-

1738 5543 1961 5598 lentiam
1989 5544 2271 5606 dicuntur.
2315 5540 2411 5599 sed
2455 5540 2744 5610 privative,
2795 5551 2898 5589 non
2927 5539 3098 5602 potest
3125 5538 3310 5589 etnon

1736 5631 1876 5683 novit
1889 5671 1902 5684 .

1806 5705 1834 5777 ἕ
1862 5721 1995 5780 Vlll.
2038 5715 2259 5778 Justitia
2287 5733 2404 5778 vero
2442 5718 2713 5775 laudatur.
2741 5715 2973 5787 Propter
3000 5717 3133 5787 quid
3167 5709 3312 5775 Deus

2915 6004 2982 6067 l9
