3882 6534
561 372 665 429 365

1388 365 1727 422 APPENDIX
1766 367 1857 422 AD
1887 367 2113 423 OPERA
2152 366 2212 425 S.
2246 368 2538 425 DlONYSIl
2572 358 3057 430 ΑΒΕΟΡΑΟΙΤΑΞζ

3681 378 3771 437 364

562 490 634 546 sit
656 488 888 559 justitia.
918 486 1166 543 Deﬁnitio
1194 500 1325 542 vero
1347 485 1575 557 juStitite
1595 493 1702 552 est,
1729 484 1905 542 virtus
1935 486 2096 543 distri

2224 488 2354 558 σύνη
2387 487 2534 541 ἐστὶν
2563 489 2591 543 δ
2621 489 2772 554 Θεός.
2804 492 2965 563 Ὄρος
2994 490 3052 544 δὲ
3083 488 3425 563 δικαιοσύνης
3458 493 3625 558 ἐστὶν,
3658 495 3772 568 ἀρε-

560 580 745 635 butiva
783 593 882 649 pro
915 575 1199 647 dignitate,
1247 582 1342 630 aut
1373 576 1593 645 propria
1640 568 1877 644 partium
1926 575 2119 632 animae

560 670 794 730 actione,
819 660 911 721 aut
931 663 1166 720 medium
1192 664 1333 719 inter
1355 660 1747 717 abundantiam
1773 669 1827 715 et
1855 659 2114 731 inopiam,

558 766 654 814 aut
695 758 909 812 habitus
936 753 1317 809 distributivns
1360 749 1708 821 aequalitatis,
1768 757 1861 803 aut
1899 749 2117 805 habitus

554 845 929 905 communitati
962 842 1223 915 prodesse
1255 841 1504 906 studens,
1546 847 1639 893 aut
1671 840 1898 895 scicntia
1925 855 2116 896 eorum

552 953 675 1010 quae
713 933 1088 993 distribuenda
1137 940 1287 996 sunt,
1340 940 1395 987 et
1442 946 1553 984 non
1599 936 1749 993 sunt,
1794 938 1849 984 et
1894 938 2116 985 neutro-

549 1046 690 1086 rum.

618 1142 971 1199 Cavillantur.
1010 1137 1085 1194 De
1108 1138 1176 1194 iis
1206 1137 1299 1208 qui
1327 1136 1624 1207 loquuntur
1653 1135 1912 1190 adversus
1945 1132 2108 1189 Deum

546 1233 911 1306 iniquitatem,
935 1241 994 1285 ut
1021 1230 1097 1284 ait
1125 1228 1460 1285 Psalmorum
1486 1233 1680 1283 cantor
1714 1235 1763 1280 ιι.
1797 1223 2111 1295 Opportune

544 1326 651 1381 hoc
687 1323 808 1377 loco
861 1321 1015 1383 dicit,
1072 1317 1308 1375 absurda
1353 1332 1541 1373 eorum
1586 1314 1875 1371 ostendens
1906 1314 2107 1381 verba;

544 1430 670 1471 cum
707 1413 853 1469 enim
897 1427 994 1482 per
1035 1426 1095 1466 se
1126 1416 1465 1473 moveantur,
1493 1407 1549 1462 id
1578 1414 1662 1463 est
1693 1406 1864 1462 libero
1886 1412 2112 1461 utantur

543 1504 795 1569 arbitrio,
844 1511 1008 1574 atque
1048 1501 1283 1558 motibus
1329 1499 1565 1571 propriis
1608 1498 1978 1559 dominentur,
2024 1497 2111 1553 in-

541 1594 758 1666 quiunt,
793 1608 890 1649 cur
921 1591 1094 1648 nostri
1122 1590 1263 1661 juris
1298 1588 1427 1645 lacti
1456 1603 1669 1652 sumus,
1710 1594 1764 1644 et
1793 1602 1901 1643 non
1925 1587 2108 1658 potius

540 1687 704 1743 etiam
754 1685 908 1739 inviti
957 1682 1281 1754 impedimur
1318 1695 1565 1751 peccare,
1614 1680 1925 1751 ignorantes
1962 1678 2107 1751 quod

539 1777 709 1833 velint
729 1791 850 1833 esse
875 1775 1081 1845 lapides
1114 1774 1208 1844 qui
1248 1772 1317 1827 ab
1345 1772 1452 1826 alio
1473 1780 1780 1835 moventur,
1815 1780 1869 1827 et
1891 1782 2105 1827 terrena

2218 580 2285 651 τὴ
2315 574 2669 653 διανεμητικὴ
2699 581 2794 635 τοῦ
2827 583 2947 636 κατ’
2979 581 3157 647 ἀξίαν,
3201 582 3236 653 ἢ
3291 583 3633 656 ἰδιοπραγίαν
3675 587 3770 642 τῶν

2217 671 2315 742 τῆς
2344 669 2519 743 ψυχῆς
2553 672 2764 745 μερῶν·
2800 674 2834 744 ἢ
2872 673 3105 745 μεσότης
3136 673 3446 741 πλεονεξίας
3494 676 3588 729 καὶ⁵
3633 693 3769 748 μειο-

2217 762 2423 827 νεξίας·
2474 764 2507 834 ἦ
2553 763 2665 828 ἕξις
2709 765 3083 837 ἀπονεμητικὴ
3130 766 3401 839 ἰσότητος·
3455 768 3489 839 ἥ
3535 768 3648 837 ἕξις
3687 771 3769 828 τοῦ

2217 858 2364 926 κοινῇ
2415 856 2780 928 συμφέροντος
2824 858 3222 929 ὲστοχασμέντγ
3258 859 3291 931 ἦ
3326 861 3605 934 ἐπιστήμη
3650 862 3770 917 ἀπο-

2215 946 2511 1017 νεμητέων,
2545 948 2639 1001 καί⁵
2668 947 2767 1019 pb,
2803 949 2897 1002 xui.
2930 949 3251 1018 οὐδετέρύν.

2279 1126 2810 1195 Διαλοιδοροῦνται.
2859 1128 2994 1201 Περὶ
3025 1129 3136 1183 τῶν
3168 1131 3470 1185 λαλούντων
3515 1132 3655 1187 κατά
3683 1134 3766 1189 τοῦ

2210 1216 2345 1271 Θεοῦ
2377 1218 2609 1285 ἀδικίαν,
2659 1220 2735 1284 ῶς
2778 1237 2941 1291 φησιν
2972 1223 3001 1275 ὁ
3030 1221 3335 1293 ψαλμῳδός.
3384 1224 3648 1280 Ἐνταῦθα
3688 1227 3769 1280 εὐ-

2211 1310 2415 1383 καίρως
2446 1308 2618 1376 εἶπεν,
2665 1313 2927 1368 ἀλλόκοτα
2956 1314 3025 1368 τά
3056 1315 3234 1369 αὐτῶν
3268 1316 3485 1382 δεικνὺς
3519 1320 3762 1390 ῥήματα·

2209 1403 2545 1474 αὐτοκίνητοι
2593 1404 2701 1479 γὰρ
2751 1405 2921 1470 ὄντες,
2966 1407 3239 1461 τουτέστιν
3285 1407 3640 1474 αὐτεξούσιοι,
3684 1410 3768 1463 καὶ

2209 1494 2317 1549 τῶν
2352 1496 2495 1549 ἰδίων
2528 1497 2713 1568 ὁρμῶν
2744 1497 3020 1571 ἄρχοντες,
3053 1498 3143 1553 διά
3173 1500 3245 1566 τί,
3293 1502 3477 1570 φασὶν,
3525 1501 3767 1568 αὐτεξού-

2209 1603 2313 1640 σιοι
2344 1588 2646 1659 γεγόναμεν
2665 1605 2679 1619 σ
2731 1591 2823 1644 καί
2852 1592 2912 1644 οὐ
2951 1590 3147 1662 μᾶλλον
3179 1593 3272 1646 καὶ
3316 1592 3542 1659 ἄκοντες
3574 1593 3765 1648 κωλυό-

2209 1678 2349 1749 μεθα
2379 1681 2731 1753 ἁμαρτάνειν,
2766 1682 3081 1752 ἀγνοοῦντες
3124 1686 3207 1739 ὅτι
3240 1684 3377 1739 λίθοι
3409 1686 3764 1758 ἑτεροκίνητοι

2207 1771 2481 1843 βούλονται
2512 1770 2674 1840 εἶναι,
2709 1777 2803 1830 καὶ
2832 1778 2994 1849 γήϊνα
3040 1776 3265 1850 σώματα
3313 1778 3549 1850 ἔχοντες,
3594 1778 3680 1833 διὰ
3718 1779 3764 1832 τί

540 1869 802 1924 habentes
829 1881 1081 1937 corpora,
1116 1881 1236 1931 cur,
1268 1864 1440 1928 aiunt,
1477 1879 1587 1918 non
1618 1879 1899 1919 manemus
1930 1863 1985 1918 in
2013 1878 2096 1919 eo-

2208 1862 2283 1935 μὴ
2330 1866 2389 1917 ὲν
2434 1865 2740 1938 ταυτότητι,
2792 1848 2943 1937 φασὶ,
2992 1848 3243 1941 μένομεν,
3294 1848 3576 1925 τουτέστιν
3617 1871 3765 1944 ἄτρε-

539 1960 662 2017 dem
695 1966 861 2024 statu,
892 1958 949 2013 id
980 1966 1064 2013 est
1090 1956 1476 2021 immutabiles,
1518 1970 1641 2009 cum
1675 1955 1846 2011 simus
1880 1955 2106 2010 immor-

540 2052 698 2113 tales,
737 2061 900 2120 atque
949 2047 1319 2104 nraterialibus
1358 2053 1412 2101 et
1455 2048 1818 2117 temporaneis
1848 2047 2104 2102 utamur?

534 2143 692 2211 Quod
732 2151 817 2199 est
846 2140 1212 2214 ignorantium
1241 2146 1493 2193 naturam
1525 2138 1806 2193 sensilinm
1844 2152 1909 2193 ac
1942 2138 2102 2194 intel-

534 2233 839 2306 ligibilium,
890 2232 1170 2301 multaque
1209 2228 1436 2285 rationis
1492 2228 1794 2299 privatione
1844 2228 2098 2284 laboran-

532 2329 707 2395 tium;
768 2343 965 2399 corpus
1015 2326 1161 2382 enim
1229 2331 1476 2380 nostrum
1540 2337 1665 2377 cum
1711 2322 1784 2378 sit
1820 2322 2098 2378 materiale

529 2429 1015 2491 ettemporaneum
1044 2432 1109 2473 ac
1135 2416 1409 2483 mutabile,
1446 2415 1641 2470 merito
1670 2414 1940 2470 similibus
1969 2430 2096 2485 ege-

527 2512 644 2579 bat,
668 2510 1035 2582 temporaneis
1059 2510 1279 2579 inquam
1302 2514 1357 2563 et
1383 2505 1781 2573 materialibus;
1810 2507 1988 2560 anima
2013 2522 2121 2561 νο·-

526 2618 594 2659 ro
635 2620 758 2659 cum
788 2611 971 2657 creata
1006 2601 1080 2657 sit
1120 2600 1357 2654 materiae
1398 2612 1616 2669 expers,
1660 2604 1714 2653 et
1749 2597 2092 2664 immortalis,

526 2693 722 2747 merito
750 2691 913 2746 habet
941 2690 1175 2745 liberum
1200 2687 1509 2754 arbitrium,
1530 2698 1752 2757 propter
1778 2687 2093 2743 similitudi-

526 2798 650 2839 nem
681 2798 805 2838 cum
832 2788 1112 2845 creatore;
1143 2795 1263 2850 quae
1285 2779 1507 2835 minime
1536 2779 1896 2849 intelligentcs
1922 2779 2090 2834 cavil-

522 2870 746 2936 latores,
799 2871 1040 2926 divinam
1087 2867 1482 2940 providentiam
1527 2866 1584 2921 in
1626 2873 1858 2937 utroque
1904 2883 2088 2941 repre-

2203 1971 2348 2020 πτοι,
2384 1955 2638 2011 ἀθάνατοι
2669 1958 2841 2024 ὄντες,
2877 1962 2971 2015 καὶ
3002 1961 3268 2034 χρώμενοι
3299 1966 3413 2029 τοῖς
3445 1965 3651 2030 ὐλικοῖς
3682 1968 3763 2020 καὶ

2202 2049 2592 2122 προσκαίροις;
2630 2051 2804 2125 Ὅπερ
2837 2053 3171 2122 ἀγνοούντων
3216 2055 3333 2109 ἐστὶ
3378 2054 3540 2125 φύσιν
3587 2056 3763 2129 αἰσθη-

2197 2140 2328 2206 τῶν,
2363 2142 2458 2195 καὶ
2487 2142 2713 2213 νοητῶν,
2747 2145 2842 2197 καὶ
2873 2145 3069 2217 πολλὴν
3101 2146 3321 2217 ἀλογίαν
3351 2146 3678 2202 νοσούντωνο
3707 2146 3764 2201 τὸ

2200 2231 2309 2304 γὰρ
2343 2233 2502 2304 σῶμα
2532 2234 2688 2305 ἡμῶν
2719 2234 2899 2290 ὑλικὸν
2930 2237 3023 2292 καὶ
3054 2238 3382 2311 πρόσκαιρον
3414 2240 3510 2294 καὶ
3538 2239 3763 2312 τρεπτὺν

2206 2322 2468 2395 ὑπάρχον,
2514 2326 2736 2391 εἰκότως
2786 2328 2962 2382 ἐδέετο
3003 2329 3110 2383 τῶν
3153 2330 3373 2401 ὁμοίων,
3422 2331 3763 2405 προσκαίρων

2197 2418 2339 2488 φημί
2389 2418 2483 2471 καὶ
2531 2417 2760 2472 ύλικῶν·
2815 2422 2847 2492 ἡ
2892 2420 2948 2474 δὲ
2990 2421 3133 2495 ψυχὴ
3165 2422 3324 2487 ἇῦλος
3368 2424 3463 2477 καὶ
3507 2422 3763 2487 ἀθάνατος

2196 2507 2497 2572 κτισθεῖσα,
2518 2509 2741 2574 εἰκότως
2771 2509 2833 2563 τὸ
2863 2511 3205 2579 αὐτεξούσιον
3236 2513 3348 2584 ἔχει
3381 2513 3471 2567 διά
3502 2513 3601 2586 τὴν
3631 2514 3761 2585 πρὸς

2194 2596 2288 2650 τὸν
2332 2597 2658 2671 δημιουργὸν
2718 2601 3038 2673 όμοιότητα’
3107 2604 3248 2676 ἅπερ
3295 2604 3371 2676 μὴ
3419 2604 3666 2669 νοοῦντες
3706 2606 3763 2657 ὲν

2196 2688 2441 2763 ἐκατέρῳ
2468 2692 2518 2743 οἰ
2550 2690 2775 2765 λοίδοροι
2824 2693 3124 2765 μέμφονται
3166 2694 3265 2767 τὴν
3310 2696 3460 2750 θείαν
3492 2698 3758 2770 πρόνοιαν,

2193 2783 2460 2855 τοσαύτην
2491 2784 2723 2856 δρῶντες
2749 2784 2997 2849 εὐταξίαν
3017 2804 3031 2817 ·
3063 2787 3220 2842 τοῦτο
3250 2788 3358 2861 γὰρ
3389 2789 3541 2861 δηλοῖ
3568 2790 3647 2854 τὸ,
3672 2789 3761 2844 καὶ

2191 2874 2328 2940 ὅλως
2357 2875 2424 2929 τά
2455 2876 2628 2931 ἄλλων
2659 2878 2834 2942 ἄλλοις
2865 2879 3222 2935 ἀποδιδόασιν.

520 2966 787 3026 bendunt,
849 2966 1053 3020 bonum
1110 2963 1246 3018 adeo
1304 2963 1554 3018 ordinem
1610 2969 1932 3022 cernentes;
1991 2958 2097 3017 hoc
2134 2966 2281 3021 cnim
2326 2968 2571 3024 declarat
2616 2970 2771 3034 illud,
2814 2978 2868 3026 et
2913 2972 3138 3029 omnino
3182 2989 3304 3044 quae
3363 2975 3600 3031 aliorum
3642 2973 3761 3029 aliis

516 3059 787 3114 tribuunt.

592 3152 724 3219 Qua:
765 3167 820 3205 se
849 3151 976 3219 ipsis
1002 3156 1291 3210 uterentur,
1321 3146 1415 3201 Gr.
1439 3146 1803 3217 αὐτοκίνητοι.
1828 3144 1923 3200 Sui
1956 3144 2095 3212 iuris

2266 3147 2689 3214 Αὐτοκηηίτοις
2739 3149 3116 3212 Λύτεξουσίοιπ

520 3258 586 3299 ac
619 3242 930 3314 potestatis.

594 3332 756 3404 199
792 3330 942 3405 §1X.
983 3332 1051 3385 At
1097 3330 1288 3385 dixerit
1352 3329 1570 3399 aliquis.
1609 3327 1811 3385 Contra
1866 3344 1961 3386 eos
1998 3331 2090 3401 qui

518 3424 730 3489 dicunt,
747 3422 1023 3493 quomodo
1051 3421 1196 3506 Deus
1223 3436 1333 3476 non
1360 3420 1696 3490 estinjustus
1712 3436 1834 3475 cum
1865 3421 2091 3493 permit-

517 3522 600 3570 tat
630 3514 815 3585 justos
844 3514 914 3569 ab
942 3513 1161 3583 injustis
1190 3512 1348 3567 malis
1370 3511 1548 3567 allici?

587 3606 780 3661 Aliter.
812 3604 1018 3671 Quaerit
1046 3604 1151 3659 hoc
1177 3604 1299 3658 loco
1335 3601 1674 3674 propositum
1714 3604 1873 3660 nobis
1906 3605 1976 3659 ab
2011 3605 2091 3659 al-

518 3708 638 3756 tero
680 3707 1096 3770 argumentum;
1140 3694 1275 3752 dicit
1311 3696 1458 3751 enim
1490 3712 1504 3749 :
1539 3696 1746 3752 Dixerit
1780 3698 1992 3768 aliquis,
2035 3708 2091 3754 et

515 3799 732 3857 caetera,
758 3790 1011 3860 religiose
1035 3803 1100 3843 ac
1126 3788 1213 3861 pie
1236 3788 1454 3846 solvens
1486 3804 1499 3841 :
1534 3789 1669 3845 dicit
1696 3789 1838 3845 enim
1870 3800 2091 3861 propter

513 3898 677 3954 quam
707 3896 929 3937 causam
962 3879 1108 3936 Deus
1146 3895 1271 3935 cum
1315 3881 1387 3937 sit
1410 3880 1617 3951 justus,
1652 3881 1926 3951 permittat
1959 3895 2089 3936 san-

512 3980 632 4029 ctos
661 3974 813 4028 viros
839 3972 908 4027 ab
939 3969 1164 4041 injustis
1193 3978 1249 4027 et
1276 3970 1513 4026 habendi
1543 3971 1757 4041 cupidis
1779 3970 1979 4042 injuria
2006 3969 2088 4025 al-

513 4062 601 4118 lici
632 4064 857 4136 (multos
877 4064 1024 4120 enim
1052 4061 1300 4119 videmus
1324 4062 1505 4133 justos
1530 4062 1788 4118 damnum
1814 4062 2088 4119 sustinere

513 4157 629 4213 sive
654 4159 711 4211 in
736 4157 946 4213 divitiis
987 4156 1103 4213 sive
1143 4157 1200 4212 in
1233 4156 1469 4228 negotiis
1508 4155 1577 4210 ab
1616 4154 1838 4227 injustis
1875 4164 1931 4210 et
1959 4170 2087 4209 ava-

512 4248 642 4319 ris);
669 4248 951 4319 ingeniose
1001 4263 1066 4303 ac
1108 4249 1338 4305 solerter
1382 4246 1707 4318 respondet;
1754 4246 1890 4302 dicit
1938 4245 2085 4300 enim

513 4346 736 4396 sanctos
756 4355 868 4395 non
896 4341 1115 4408 debere,
1146 4339 1378 4397 terrenis
1408 4355 1473 4395 ac
1492 4339 1859 4411 temporaneis
1883 4335 2087 4408 aliquid

513 4431 647 4501 pati,
675 4432 915 4502 alioquin
946 4447 1056 4487 non
1086 4447 1209 4488 esse
1236 4441 1497 4499 sanctos;
1539 4432 1737 4487 debent
1766 4430 1912 4487 enim
1948 4443 2087 4501 prte-

3172 3139 3245 3174 τι.

2259 3323 2288 3395 §
2321 3325 2410 3378 IX.
2452 3326 2602 3381 Ἀλλ’
2623 3327 2777 3381 εἴποι
2806 3327 2885 3382 ἄν
2909 3346 3013 3396 τις.
3049 3330 3193 3403 Πρδς
3222 3332 3348 3396 τοὺς
3377 3332 3760 3403 λέγονταςπῶς

2189 3416 2291 3469 οὐκ
2321 3417 2503 3481 ἄδικος
2545 3421 2574 3472 ό
2618 3419 2750 3484 Θεὸς
2791 3422 2821 3474 ὁ
2870 3422 3165 3493 συγχωρῶν
3213 3425 3342 3487 τοὺς
3389 3425 3627 3491 δικαίους
3655 3426 3759 3480 ὑπὸ

2188 3508 2298 3563 τῶν
2331 3510 2551 3580 φαύλων
2583 3511 2880 3567 κακοῦσθαι
2896 3531 2910 3580 ;

2264 3602 2505 3668 Ἄλλως.
2543 3602 2803 3657 Ἐνταῦθα
2836 3605 2991 3677 ζητεῖ
3019 3606 3310 3677 κεφάλαιον
3342 3610 3602 3682 προτεθὲν
3630 3611 3760 3682 ἡμῖν

2190 3692 2295 3747 ὐπὸ
2324 3694 2543 3768 ἑτέρουυ
2592 3695 2727 3768 φησί
2756 3697 2900 3770 γάρ·
2936 3697 3108 3752 Εἴποι
3153 3699 3229 3753 ἄν
3275 3718 3383 3767 τις,
3419 3702 3514 3756 καὶ
3556 3702 3625 3756 τὰ
3652 3702 3759 3754 λοι-

2189 3784 2288 3849 πά,
2321 3784 2579 3855 λυόμενος
2610 3785 2847 3851 εὐσεϐῶς
2879 3788 2974 3842 καὶ
3005 3787 3295 3859 θεοφιλῶςο
3345 3791 3494 3861 λέγει
3542 3794 3649 3865 γάρ
3688 3792 3758 3844 δι’

2188 3877 2254 3948 ἦν
2286 3876 2464 3930 αἰτίαν
2497 3880 2771 3950 συγχωρεῖ
2814 3879 2844 3932 ό
2891 3880 3024 3945 Θεὸς
3065 3881 3271 3946 δίκαιος
3314 3881 3412 3948 ῶν,
3463 3882 3750 3937 ἀδικεῖοθαι

2186 3968 2313 4032 τοὺς
2356 3968 2537 4033 ὁσίους
2580 3967 2778 4042 ἄνδρας
2838 3971 2943 4026 ὑπὸ
2987 3972 3186 4027 ἀδίκων
3248 3974 3341 4027 καὶ
3387 3966 3749 4027 πλεονεκτῶνο

2188 4059 2449 4131 (πολλοὺς
2480 4060 2588 4134 γάρ
2620 4061 2835 4134 ὁρῶμεν
2863 4062 3103 4129 δικαίους
3135 4064 3332 4132 ζημίας
3364 4059 3749 4132 ὑπομένοντας.

2187 4151 2220 4222 ἢ
2267 4155 2326 4207 ἐν
2359 4154 2649 4226 χρήμασιν,
2696 4153 2729 4225 ἢ
2779 4156 2838 4207 ὲν
2885 4155 3173 4226 πράγμασι
3216 4150 3368 4223 παρά
3411 4152 3520 4207 τῶν
3558 4152 3752 4207 ἀδίκων

2187 4244 2282 4297 καὶ
2327 4243 2663 4299 πλεονεκτῶν
2683 4245 2737 4317 ·)
2792 4246 2885 4299 καὶ
2936 4243 3282 4313 ἀπολογεῖται
3329 4242 3518 4308 δεξιῶς
3534 4260 3548 4273 ·
3607 4242 3750 4311 λέγει

2186 4334 2317 4408 γὰρ,
2367 4336 2449 4389 ὅτι
2493 4338 2542 4390 οἰ
2586 4337 2722 4390 ὅσιοι
2774 4338 2876 4391 οὐκ
2924 4335 3195 4408 ὀφείλουσι
3243 4337 3357 4399 τοῖς
3406 4336 3609 4407 γηῖνοις
3655 4334 3753 4389 καὶ

2188 4428 2541 4504 προσκαίροις
2585 4429 2977 4504 προσπὰσχειν,
3012 4429 3135 4483 ἐπεὶ
3165 4430 3264 4483 οὐκ
3295 4427 3373 4481 ἔτι
3405 4429 3570 4482 ὅσιοι*
3620 4444 3753 4500 προ-

512 4518 656 4577 ferre
680 4538 799 4591 qua:
828 4537 955 4577 vere
1003 4522 1234 4577 amanda
1279 4531 1405 4579 sunt
1432 4530 1486 4577 et
1523 4521 1736 4589 divina;
1769 4521 2080 4576 divitiarum

2201 4521 2347 4591 πιμᾷν
2395 4519 2503 4593 γὰρ
2547 4519 2818 4590 ὀφείλουσι
2866 4521 2935 4575 τὰ
2979 4520 3146 4584 ὅντως
3196 4518 3400 4593 ἐραστά
3452 4522 3544 4574 καὶ
3599 4520 3747 4573 θεῖαο

511 4611 657 4665 enim
687 4610 872 4681 cupidi
914 4627 1025 4666 non
1054 4619 1183 4667 sunt
1211 4612 1446 4683 amplius
1474 4613 1669 4667 sancti.
1704 4610 1769 4665 Et
1801 4611 1883 4666 sic
1911 4611 2084 4666 inter-

511 4703 725 4773 rogatio
750 4703 931 4758 soluta
967 4712 1083 4769 est;
1124 4719 1250 4759 nam
1280 4705 1499 4760 divinus
1528 4703 1728 4760 Paulus
1761 4704 1865 4760 hoc
1900 4704 2034 4759 dicit
2067 4724 2081 4759 :

515 4791 693 4859 Quare
735 4810 838 4849 non
869 4794 1036 4865 magis
1066 4776 1591 4863 injuriam‘accipitis
1622 4795 1687 4848 οἳ
1729 4795 1918 4851 dicens
1959 4795 2084 4852 illos

511 4899 623 4939 non
651 4883 850 4941 debere
878 4885 933 4940 in
962 4885 1254 4944 mundanis
1274 4886 1499 4954 terreri;
1523 4893 1577 4942 et
1610 4886 1806 4941 iterum
1838 4886 2081 4942 divinum

513 4988 752 5030 amorem
781 4961 1083 5047 exponens,
1129 4977 1185 5032 in
1224 4993 1337 5049 quo
1376 4992 1553 5048 neque
1582 4977 1872 5048 injustitia,
1904 4993 2079 5049 neque

513 5066 740 5119 avaritia
761 5080 880 5121 esse
899 5060 1103 5136 potest,
1122 5068 1196 5123 ait
1220 5088 1235 5123 :
1268 5068 1400 5136 Quis
1429 5086 1525 5124 nos
1544 5069 1813 5141 separabit
1847 5088 1879 5124 a
1900 5070 2077 5124 chari-

517 5162 620 5207 tate
649 5152 868 5220 Christi,
907 5155 1180 5211 tribulatio
1216 5175 1286 5213 an
1321 5160 1565 5229 angustia
1588 5160 1648 5213 υτ
1680 5168 1734 5216 et
1769 5174 1891 5231 quae
1924 5159 2079 5215 dein-

510 5257 662 5314 ceps.
728 5241 897 5299 Vocat
958 5254 1139 5301 autem
1200 5247 1531 5321 προσύλους,
1585 5265 1681 5308 eos
1733 5252 1829 5322 qui
1883 5250 2076 5308 atl‘ectu

574 5411 603 5437 ιι
634 5398 787 5461 Psal.
814 5416 999 5465 txxrv,
1034 5403 1088 5457 6.
1185 5412 1211 5441 ο
1246 5404 1263 5456 l
1296 5405 1424 5461 (lor.
1460 5425 1547 5474 vr,
1588 5410 1637 5465 7.

2186 4610 2479 4683 χρημάτων
2508 4611 2616 4685 γάρ
2650 4613 2943 4684 ἐφιέμενοι,
2977 4613 3077 4667 οὐκ
3106 4612 3188 4666 ἔτι
3217 4613 3371 4665 ὅσιοι.
3400 4613 3510 4667 Καὶ
3539 4612 3749 4665 λέλυται

2184 4704 2218 4775 ἡ
2252 4704 2511 4776 ἐρώτησις
2532 4722 2545 4735 ο
2579 4704 2738 4759 τοῦτο
2767 4706 2877 4778 γὰρ
2908 4709 2936 4760 ό
2968 4706 3108 4770 θεῖος
3139 4706 3350 4770 nam;
3383 4724 3534 4777 φησι,
3566 4706 3660 4759 Διὰ
3688 4702 3753 4757 τι

2182 4795 2293 4865 γὰρ
2327 4796 2413 4865 μὴ
2447 4795 2689 4866 μᾶλλον
2717 4798 3053 4863 ἀδικεῖσθε;
3087 4799 3260 4867 λέγων
3295 4798 3369 4870 μὴ
3403 4801 3528 4871 περὶ
3557 4797 3620 4851 τὰ
3649 4812 3749 4850 κο·-

2183 4886 2356 4958 σμικά
2398 4889 2713 4961 ἐπτοῆσθαι*
2749 4891 2843 4944 καὶ
2884 4891 3044 4945 πάλιν
3075 4892 3165 4946 τὸν
3210 4892 3351 4946 θεῖον
3400 4892 3574 4964 ἔρωτα
3603 4892 3752 4953 εἰσ-η-

2184 4979 2468 5051 γοῦμενος,
2500 4981 2628 5052 περὶ
2658 4981 2718 5034 ὃν
2748 4981 2871 5035 οὔτε
2903 4982 3104 5049 ἀδικία,
3138 4982 3259 5037 οὐτε
3293 4984 3574 5052 πλεονεξία
3599 4982 3750 5030 ὃὌναο

2182 5086 2272 5123 ται
2303 5070 2576 5139 γενέσθαι,
2614 5072 2778 5143 φησί’
2834 5074 2930 5140 Τίς
2983 5072 3140 5143 ἡμᾶς
3193 5077 3435 5145 χωρίσει
3481 5067 3593 5123 ἀπὸ
3633 5064 3749 5134 τῆς

2182 5161 2420 5231 ἀγάπης
2464 5161 2573 5215 τοῦ
2603 5163 2881 5230 Χριστοῦ,
2917 5166 3122 5234 θλίψις
3157 5163 3198 5225 ἢ
3225 5161 3617 5229 στενοχωρία;
3644 5158 3746 5211 καὶ

2181 5250 2249 5306 τά
2304 5251 2454 5323 ἑξῆς.
2513 5253 2822 5325 Προσύλους
2869 5254 2925 5301 δέ
2966 5260 3099 5317 φησι
3149 5250 3275 5315 τοὺς
3321 5252 3601 5322 ἐμπαθεῖς,
3643 5248 3745 5302 διπὶ

1736 5421 1764 5461 r
1796 5409 1960 5466 Rom.
1994 5427 2128 5475 vm,
2164 5412 2259 5467 55.

1425 5583 1659 5641 VARUE
1693 5584 2077 5642 LECTIONES
2109 5584 2198 5639 ET
2229 5578 2778 5639 COIlRECTlONES.
2836 5556 2841 5561 ’

584 5754 630 5786 ⁷⁸
673 5758 759 5811 Ἐν
788 5754 955 5846 ἑτέρῳ
980 5765 1153 5889 εὗρον·
1180 5767 1300 5836 τοῖς
1316 5770 1746 5840 ἐτεροκινήτοις
1776 5775 1892 5841 τὴν
1916 5777 2096 5829 αὐτοκ

584 5842 626 5889 ις
656 5845 1000 5889 αυτοκινητον
1075 5838 1301 5889 νάγκην-
1347 5841 1399 5889 id
1439 5855 1535 5889 est-
1579 5844 1788 5889 aliunde
1819 5846 1972 5889 molis
2007 5862 2038 5889 a
2065 5862 2096 5889 si

2205 5788 2310 5827 τον
2328 5768 2617 5839 ἀνάγκην.
2651 5766 2715 5851 In
2745 5767 2850 5821 alio
2877 5766 3054 5823 codice
3085 5765 3402 5834 inminet;
3428 5757 3736 5836 ἰτεροκινή-

2201 5860 2258 5889 m
2288 5850 2481 5889 malum
2514 5848 2895 5889 necessitatem.

505 5838 626 5889 wet;
656 5830 1000 5896 αυτοκίνὴτον

1107 5838 1301 5904 άγκην,
1347 5838 1419 5895 id‘
1439 5855 1537 5908 est,
1579 5838 1788 5899 aliunde
1819 5838 1972 5899 {notis
2007 5862 2038 5899 a
2065 5860 2119 5900 se
2142 5844 2258 5920 ipsa
2288 5838 2481 5896 motam
2514 5839 2895 5896 necessitatem.

3094 5976 3213 5991 --.-
3432 5958 3524 5977 Δ..-
