3882 6566
140 457 220 516 365

804 451 860 506 S.
899 448 1146 506 MAXIM]
1191 447 1482 507 SCHOLIA
1515 446 1582 503 IN
1619 449 1744 504 LIB.
1779 448 1867 502 DE
1898 446 2146 504 DlVlNlS
2175 444 2500 502 NOMINI‘BU
2512 442 2566 502 S.

3228 419 3334 499 366

142 577 284 650 μόνοις
313 574 425 638 τοῖς
460 572 670 644 γηῖνοις
701 574 1124 644 προκειμένουςο
1162 576 1672 650 παρευδοκιμεῖσθαι

1806 575 1870 629 llo
1909 582 2223 644 tanguntur,
2261 569 2484 627 et'solis
2522 565 2750 623 terrenis
2793 553 3055 622 inhaerent
3086 581 3099 616 :
3133 582 3333 637 παρευ-

141 668 188 724 δέ
207 672 306 723 ἐστι
337 667 401 720 τὸ
431 667 675 737 ἡττόνως
707 665 988 737 εὐδόκιμον
1025 669 1329 738 φαίνεσθαι.

201 760 312 825 Ταῖς
362 756 709 829 ἀττελικαῖς
758 757 1010 826 ἀρεταῖς.
1065 761 1186 814 ’Ότι
1234 760 1411 824 καλῶς
1459 761 1672 829 λέγεται

1771 667 2107 738 δοκιμεῖσθαι
2135 680 2265 721 vero
2289 671 2373 720 est
2405 663 2586 717 minus
2613 660 2841 731 probum
2861 661 3058 717 videri.

1846 759 1923 812 Ad
1945 759 2207 829 angelicas
2229 759 2464 811 virtutes.
2494 752 2760 808 Virtutem
2784 753 3010 822 pulchre
3032 752 3141 808 dici
3169 751 3337 810 etiam

142 854 216 908 καὶ
241 855 315 906 ἐπ’
348 851 600 920 ἀγγέλων
630 849 816 921 ἀρετὴ,
849 850 1038 924 ὥσπερ
1085 854 1178 906 καὶ
1221 855 1314 907 ἐπὶ
1344 853 1499 916 Θεοῦ,
1535 853 1674 906 κατὰ

1806 861 1841 906 Le
1867 851 2092 920 angelis,
2125 850 2269 906 sicut
2293 855 2347 902 et
2373 847 2440 901 de
2460 845 2589 909 Deo,
2608 843 2761 914 juxta
2790 844 2919 899 illud
2949 864 2961 898 :
2987 843 3196 900 Velavit
3225 860 3338 902 cce-

140 946 203 1007 τὸ,
256 943 550 1013 Ἐκάλυψεν
597 944 857 1016 οὐρανοὺς
903 945 935 1014 ἡ
981 945 1150 1017 ἀρετὴ
1199 945 1361 1000 αύτοῦ
1385 962 1398 974 ⁸
1451 945 1545 999 καλ¹
1593 945 1676 997 ὅτι

1806 960 1860 1000 os
1888 944 2060 998 virtus
2089 942 2240 1012 ejus;
2273 949 2434 1010 atque
2465 954 2587 995 esse
2617 936 2812 993 divinae
2849 938 3200 1008 providentia
3223 953 3341 1008 per-

142 1035 406 1090 ἀδικεῖσθαι
441 1035 572 1098 τοὺς
604 1033 731 1106 περὶ
761 1035 829 1088 τὰ
863 1035 1023 1089 ὑλικὰ
1057 1037 1357 1109 πράγματα
1399 1037 1497 1107 τῆς
1529 1036 1677 1100 θείας

1806 1037 1995 1090 nittere
2024 1075 2039 1099 ,
2107 1049 2228 1104 quae
2284 1049 2379 1089 eos
2447 1033 2739 1089 assuefacit
2792 1031 3060 1086 diviniora
3118 1038 3339 1099 appete-

143 1127 236 1179 ἐστὶ
271 1125 526 1200 προνοίας
575 1125 954 1197 συνεθιζούσης
1002 1127 1198 1193 αὐτοὺς
1245 1128 1354 1181 τῶν
1399 1127 1679 1200 θειοτέρων

1806 1145 1857 1193 ιε,
1892 1136 1949 1182 ut
1975 1128 2109 1198 justi
2134 1129 2189 1182 in
2219 1127 2594 1182 materialibus
2625 1126 2858 1195 negotiis
2879 1122 3076 1194 injuria
3102 1121 3339 1176 allician-

142 1217 378 1285 ἐφίεσθαι.

202 1309 298 1377 Τῆς
327 1308 446 1363 τῶν
470 1308 698 1364 eximar
729 1310 1152 1378 προσπαθείας.
1178 1311 1316 1384 Ὅρα
1350 1311 1465 1375 πῶς
1497 1325 1678 1381 φησιν,

143 1404 208 1455 ὅτι
247 1400 300 1454 τὺ
333 1403 408 1473 μὴ
443 1401 818 1474 προσπάσχειν
860 1394 982 1464 τοῖς
1004 1402 1207 1466 ύλικοίς
1240 1403 1554 1473 πράγμασιν
1587 1402 1684 1473 ἀρ-

145 1495 372 1566 ρενότητα
405 1494 575 1564 δηλοῖ,
605 1493 880 1546 τουτέστιν
913 1493 1150 1565 ἀνδρίαν·
1185 1496 1234 1547 οἱ
1266 1493 1374 1566 γάρ
1405 1492 1682 1546 δουλεύον-

142 1603 215 1650 τες
242 1589 517 1657 κοσμικοῖς
550 1587 644 1639 καὶ
677 1588 1003 1656 σωματικοῖς
1052 1584 1246 1638 πάθεσι
1293 1583 1572 1656 θηλυδρίαι
1605 1586 1681 1636 είς

143 1680 284 1743 κότως
314 1677 828 1750 προσαγορεύονται.
863 1679 972 1731 Καὶ
1020 1679 1101 1731 ὅτι
1146 1679 1179 1748 ἡ
1229 1677 1347 1730 θεία
1377 1676 1682 1748 δικαιοσύνη

141 1771 190 1822 οὐ
221 1770 453 1840 βούλεται
485 1769 572 1822 διὰ
602 1769 807 1823 τούτων
839 1770 984 1840 ἡμᾶς
1016 1768 1224 1838 θέλγειν
1257 1770 1350 1824 καὶ
1381 1769 1683 1833 ἀπολλύειν,

1781 1229 1890 1274 ιυΓ.

1851 1315 1893 1368 Α
1936 1313 2290 1367 materialium
2331 1313 2632 1382 aﬁectione.
2686 1307 2820 1364 Vide
2869 1305 3140 1378 quomodo
3175 1304 3338 1366 dicat,

1784 1408 2086 1462 masculum
2117 1407 2355 1460 animum
2373 1421 2482 1475 pm
2494 1421 2554 1461 se
2569 1404 2711 1459 ferre
2732 1404 2823 1474 qui
2852 1401 3226 1457 materialibus
3245 1399 3342 1454 ho-

1784 1500 1871 1555 nis
1914 1514 2021 1553 non
2058 1498 2313 1561 adhaeret,
2353 1495 2406 1551 id
2443 1503 2528 1552 est
2571 1494 2940 1550 fortitudinem
2972 1493 3214 1559 virilem;
3247 1491 3346 1562 qui

1785 1590 1929 1646 enim
1968 1586 2258 1642 mundanis
2297 1600 2361 1640 ac
2397 1585 2676 1654 corporeis
2727 1583 3102 1638 affectionibus
3157 1580 3345 1637 deser-

1786 1682 1960 1743 viunt,
2019 1679 2351 1734 mulierculas
2409 1678 2605 1733 merito
2658 1683 2941 1731 vocantur.
2995 1673 3061 1727 Et
3107 1671 3344 1727 divinam

1784 1770 2048 1841 justitiam
2065 1785 2175 1823 non
2205 1769 2343 1824 velle
2369 1784 2467 1838 per
2486 1768 2600 1822 haec
2617 1782 2717 1822 nos
2739 1766 3046 1821 demulcere
3075 1772 3128 1820 et
3154 1763 3346 1834 perde-

143 1861 257 1917 ἀλλὰ
290 1862 557 1927 συνεθίζει
592 1863 728 1933 πρὸς
760 1862 856 1934 τὴν
881 1862 1086 1916 τούτων
1119 1862 1522 1935 περιφρόνησιν,
1551 1861 1688 1915 κατὰ

1806 1881 1870 1930 re,
1913 1865 2007 1920 sed
2049 1863 2389 1918 assuefacere
2432 1861 2627 1914 horum
2669 1853 3348 1928 contemptui,secundmn

141 1952 191 2005 τὸ
218 1953 524 2025 εἰρημένον·
567 1955 668 2006 ’Ὁν
716 1952 826 2022 γὰρ
875 1951 1074 2022 ἀγαπᾷ
1121 1955 1354 2021 Κύριος,
1388 1954 1684 2006 παιδεύει⁸

142 2044 388 2114 μαστιγοῖ
417 2043 487 2096 δὲ
519 2045 716 2098 πάντα
746 2044 880 2098 υὶὸν
911 2045 983 2097 ὃν
1013 2044 1428 2114 παραδέχεται.
1463 2045 1527 2098 Τί
1558 2041 1687 2112 οὖν;

144 2137 181 2187 al
221 2136 302 2188 τὸν
345 2134 598 2188 πλοῦτον
623 2135 857 2206 ἔχοντες,
914 2137 1040 2189 οὐκ·
1069 2135 1387 2204 ἀγαπῶνται
1435 2135 1539 2188 ὑπὸ
1597 2135 1690 2188 τοῦ

142 2225 286 2291 Θεοῦς
333 2228 502 2298 ἐρεῖς,
549 2227 629 2279 ὅτι
675 2227 888 2300 πρῶτον
936 2227 1032 2297 μὲν
1079 2227 1177 2297 οὐχ
1222 2229 1251 2281 ὁ
1300 2226 1526 2291 πλοῦτος
1571 2228 1690 2280 καθ’

129 2318 305 2382 ,ἑαυτὸν
336 2319 525 2381 κακὸς,
560 2317 672 2371 ἀλλ’
723 2320 756 2388 ἡ
803 2319 931 2390 περὶ
972 2316 1160 2372 τοῦτον
1192 2319 1552 2391 προσπάθεια,
1597 2320 1691 2372 καὶ

142 2411 325 2484 ignaui]
354 2409 585 2481 χρῆσις
637 2411 829 2462 ἔπειτα
875 2405 1014 2463 οἷδεν
1059 2411 1088 2462 ὁ
1132 2410 1262 2474 Θεὸς
1305 2411 1431 2474 τοὺς
1473 2414 1529 2464 ὲν
1562 2413 1691 2481 ἡμῖν

142 2503 380 2566 ἀσθενεῖς,
445 2501 544 2554 καὶ⁸
609 2499 926 2570 βουλόμενος
988 2501 1184 2563 αὐτοὺς
1246 2501 1546 2574 περισῶσαι
1608 2503 1687 2564 είς

142 2593 428 2668 προτροπὴν
451 2632 466 2657 ,
496 2591 592 2646 καὶ
624 2591 879 2663 χρήματα
913 2590 1042 2654 ἴσως
1073 2592 1166 2644 καὶ
1201 2591 1312 2662 βίου
1341 2591 1692 2663 περιφάνειαν

143 2685 329 2738 δίδωσιν
371 2684 581 2747 αὐτοῖς,
627 2682 730 2736 ούκ
770 2681 977 2750 ἀγνοῶν
1021 2682 1156 2754 ὅπερ
1188 2681 1324 2735 εἰσί·
1378 2683 1494 2745 πῶς
1524 2681 1633 2753 γὰρ
1665 2683 1694 2736 ὁ

143 2775 396 2845 γινώσκων
429 2776 611 2830 πάντα
644 2775 774 2846 πρὶν
803 2773 1067 2844 γενέσεως
1098 2774 1307 2838 αύτῶν;
1340 2774 1451 2828 ἀλλ’
1473 2774 1558 2827 ἵνα
1593 2790 1695 2845 μη-

143 2865 311 2935 δεμίαν
341 2865 556 2937 ἔχωμεν
590 2864 883 2934 ἀπολογίαν
916 2865 1056 2920 κατὰ
1086 2865 1178 2918 τὸν
1209 2865 1524 2918 Ἀπόστολον
1543 2883 1556 2895 ·
1593 2865 1696 2919 Διὰ

144 2956 295 3009 τοῦτο
321 2955 777 3028 ἀναπολόγητος
793 2950 868 3017 εἷ,
899 2953 946 3012 ὦ
975 2956 1243 3025 ἄνθρωπε
1265 2973 1282 2988 '
1347 2957 1440 3011 καὶ
1501 2956 1659 3010 πάλιν
1676 2972 1690 2987 ·

151 3047 376 3117 Ἐχομεν
401 3047 707 3118 Ἀρχιερέα
719 3049 922 3119 μέγαν,
944 3048 1278 3119 δυνάμενον
1308 3047 1697 3119 πμπαθῆσαι

147 3138 254 3204 ταῖς
281 3141 619 3205 ἀσθενείαις
652 3139 841 3208 ἡμῶν.

1720 1910 1762 1964 Β

1794 1956 2132 2026 Scripturam
2162 1969 2178 2007 :
2213 1954 2377 2020 Quem
2412 1951 2551 2006 enim
2579 1950 2751 2020 diligit
2781 1947 3058 2010 Dominus,
3090 1946 3349 2016 castigat;

1791 2047 2026 2116 ﬂagellat
2073 2055 2247 2099 autem
2290 2059 2492 2097 omnem
2537 2042 2707 2111 ﬁlium
2742 2057 2892 2111 quem
2942 2040 3117 2107 recipit
3135 2049 3182 2093 (ι.
3211 2037 3350 2103 Quid

1793 2139 1993 2210 igitur?
2017 2138 2213 2193 divites
2227 2151 2336 2191 non
2357 2136 2658 2207 diliguntur
2687 2151 2716 2187 a
2743 2134 2884 2188 Deo?
2902 2133 3048 2188 dices
3077 2132 3250 2202 primo
3275 2131 3354 2185 di-

1793 2231 1952 2286 vitias
1981 2245 2090 2283 non
2119 2244 2241 2284 esse
2267 2244 2363 2298 per
2385 2243 2444 2284 se
2473 2226 2665 2289 malas,
2699 2225 2792 2280 sed
2824 2225 3073 2278 allectum
3109 2237 3234 2292 erga
3257 2236 3353 2277 eas

1791 2332 1845 2380 et
1876 2323 2076 2377 malum
2101 2338 2260 2377 usum
2301 2342 2314 2376 :
2359 2329 2568 2390 postea,
2602 2319 2768 2374 Deum
2799 2334 2962 2374 nosse
2993 2319 3085 2387 qui
3118 2318 3228 2372 sint
3265 2317 3352 2371 in-

1793 2424 1872 2469 ter
1900 2429 2000 2469 nos
2023 2413 2243 2476 inﬁrmi,
2288 2413 2665 2482 volentemque
2697 2427 2792 2466 eos
2829 2411 2884 2464 in
2918 2409 3352 2464 adhortationem

1792 2519 2136 2567 conservare,
2197 2502 2468 2567 fortassis,
2511 2508 2567 2557 et
2617 2501 2896 2570 pecunias,
2929 2515 2992 2553 ac
3024 2499 3146 2553 vita:
3172 2498 3354 2568 splen-

1793 2598 1978 2653 dorem
2004 2595 2085 2651 eis
2108 2594 2370 2660 tribuere,
2392 2609 2500 2648 non
2523 2591 2668 2663 quod
2693 2593 2920 2662 ignoret,
2956 2589 3009 2644 id
3036 2589 3180 2661 quod
3203 2597 3353 2651 sunt;

1794 2689 2066 2761 quomodo
2103 2688 2248 2743 enim
2276 2686 2370 2758 qui
2411 2685 2563 2740 novit
2594 2687 2776 2740 omnia
2816 2691 3107 2752 antequam
3148 2680 3357 2735 fiant"!

1794 2781 1955 2851 200
1985 2779 2079 2835 sed
2115 2785 2173 2833 ut
2201 2779 2404 2832 nullam
2435 2776 2734 2830 habeamus
2764 2773 3170 2828 excusationem
3199 2770 3357 2839 juxta

1793 2872 2112 2941 Apostolum
2147 2885 2160 2920 :
2190 2869 2475 2937 Propterea
2501 2865 2870 2920 inexcusabilis
2894 2881 2969 2927 es,
2994 2881 3023 2917 ο
3046 2863 3198 2916 homo
3219 2869 3273 2928 ';
3303 2869 3358 2915 et

1796 2965 1990 3019 iterum
2025 2981 2039 3018 :
2071 2960 2337 3016 Habemus
2369 2958 2678 3029 Pontiﬁcem
2709 2959 2798 3030 qui
2818 2957 2982 3024 possit
3021 2955 3249 3023 compati
3274 2955 3357 3008 in-

1796 3054 2135 3126 ﬁrmitatibus
2171 3053 2364 3108 nostris
2392 3053 2434 3106 ί.

213 3229 272 3281 Τὸ
297 3230 381 3299 μὴ
415 3230 674 3300 θέλγειν.
725 3231 945 3299 Θέλγειν
977 3233 1093 3284 ἐστὶ
1139 3232 1201 3285 τὸ
1231 3233 1298 3286 δι’
1330 3232 1523 3304 ἡδονῆς
1555 3231 1694 3285 ἀπα-

1868 3234 1993 3291 Non
2024 3234 2334 3296 demulcere,
2383 3233 2476 3289 Gr.
2529 3233 2588 3286 τὸ
2623 3233 2696 3305 μὴ
2732 3231 2960 3300 θέλγειν.
3016 3231 3238 3315 Θέλγειν
3277 3235 3361 3288 est

145 3320 226 3388 τᾷν
245 3338 257 3350 ·
290 3321 506 3391 λέγεται
537 3323 594 3376 δὲ
626 3323 720 3376 καὶ
747 3324 808 3376 τὸ
839 3323 1022 3387 ἁπλῶς
1055 3323 1284 3394 ἡδύνειν.

212 3502 321 3557 Τῶν
349 3505 636 3573 ἀρίστων.
673 3505 791 3559 Τῶν
824 3507 1192 3576 ὲπιθυμητῶν.

216 3595 537 3669 Ἁμειλίκτῳ
569 3597 802 3651 στάσει.
851 3598 1184 3670 Ἀμείλικτον
1218 3600 1402 3654 στάσιν
1435 3602 1568 3672 φησι
1598 3602 1696 3674 τὴν

147 3682 397 3742 ἀνένδοτον
430 3689 572 3758 πρὸς
603 3687 696 3742 τὸν
726 3690 1098 3762 γαργαλισμὸν
1127 3691 1234 3745 τῶν
1265 3695 1466 3764 γηΐνων
1510 3695 1699 3748 ἔνστα-

149 3789 236 3838 σιν,
269 3779 356 3831 καὶ
386 3781 450 3832 τὸ
485 3779 562 3852 μὴ
596 3781 940 3850 κάμπτεσθαι
992 3782 1127 3853 πρὸς
1169 3783 1236 3837 τὰ
1269 3785 1426 3840 ὑλικὰ
1473 3785 1560 3840 διὰ
1590 3787 1696 3841 τῶν

148 3870 464 3941 πειρασμῶν.

209 3953 233 4024 §
259 3961 320 4010 Χ.
349 3962 463 4031 Τῆς
486 3963 562 4016 ἐν
590 3962 716 4029 τοῖς
738 3964 903 4030 ὅλοις
925 3965 1305 4038 ὶδιοπραγίας.
1339 3970 1698 4044 ’ἰδιοπραγίαν

149 4043 374 4116 ὠνόμασε
417 4053 516 4121 τὴν
549 4055 779 4108 ἑκάστου
822 4055 931 4108 τῶν
972 4049 1140 4110 ὅντων
1185 4059 1325 4114 κατὰ
1371 4061 1529 4130 φύσιν
1565 4063 1697 4116 ἰδιά-

151 4136 326 4200 ζουσαν
372 4143 622 4214 κίνησιν·
676 4146 795 4200 οὐδὲ
843 4146 954 4220 γὰρ
995 4148 1063 4202 τὰ
1109 4151 1352 4218 ἀγγέλων
1396 4154 1697 4226 ἀνθρώποις

151 4233 384 4369 ἷράττειν
415 4235 678 4304 δυνατὸν,
724 4236 758 4309 ἢ
801 4239 868 4293 τὰ
903 4240 1072 4314 πυρὸς
1105 4241 1272 4309 ὕδατι,
1307 4245 1399 4298 καὶ
1429 4247 1489 4298 τὸ
1521 4245 1688 4317 ἔμπαν

181 4336 237 4369 ιν.

181 4336 237 4374 ιν.

207 4503 308 4555 Kal
345 4504 424 4571 ὡς
450 4505 520 4559 ἐκ
553 4505 673 4558 τῶν
704 4509 1005 4576 χειρόνων.
1046 4503 1130 4564 Τὰ
1152 4513 1327 4582 χείρω
1358 4514 1585 4570 ἐνταῦθα
1622 4519 1696 4592 μὴ
1730 4489 1788 4592 _.

149 4593 326 4666 νοήσῃς
358 4598 494 4670 πρὸς
525 4598 596 4651 τὰ
627 4600 936 4670 ποιήματα·
971 4602 1122 4657 οὐδὲν
1152 4605 1261 4678 γὰρ
1294 4610 1352 4661 ὲν
1383 4610 1565 4675 αὐτοῖς
1597 4589 1697 4666 ita;
1730 4589 1773 4643 υ

151 4683 258 4736 κύν’
306 4689 438 4743 ἀλλὰ
484 4690 624 4763 πρὸς
667 4691 768 4762 τὴν
813 4694 1107 4769 ἁμαρτίαν,
1156 4699 1278 4768 ἥτις
1310 4702 1372 4754 ὲκ
1415 4702 1516 4772 τῆς
1547 4705 1702 4776 ἡμῶν

150 4781 499 4868 ᾑροαιρέσεως
563 4781 704 4836 κατὰ
767 4782 1022 4856 στέρησιν
1084 4789 1289 4857 ἀγαθοῦ
1353 4798 1696 4868 παρυπέστη.

163 4863 463 4941 ’Δναρπάζει
508 4878 620 4947 γὰρ
667 4876 814 4947 ἡμᾶς
846 4877 876 4934 ὁ
903 4877 1037 4943 Θεὸς
1069 4880 1127 4948 ἐξ
1159 4884 1328 4950 αὐτῆς
1371 4863 1616 4955 ἑκόντας,
1651 4863 1700 4944 ἐι

151 4962 463 5035 προσδράμοι
470 4984 571 5038 μεν
603 4967 770 5040 αὐτῷ.

214 5050 314 5144 Kal
338 5057 568 5128 ἀρῤεπῆ
591 5063 744 5130 πρὸς
772 5067 847 5120 τὰ
882 5069 1072 5138 χείρω.
1106 5069 1289 5125 Ταῦτα
1320 5075 1448 5144 περὶ
1478 5074 1586 5129 τῶν
1615 5080 1688 5130 αἱ·

153 5137 343 5234 σθητῶν
373 5147 466 5200 καὶ
498 5151 604 5200 ὑπὸ
640 5155 740 5226 τὴν
774 5159 946 5212 κτίσιν
972 5137 1146 5215 ὄντων
1178 5162 1361 5233 νόμιζε
1393 5137 1569 5234 λέγειν
1601 5168 1700 5220 αύ-

149 5229 250 5327 τθν,
291 5236 369 5290 ὃτι
411 5239 590 5292 πάντα
636 5241 694 5292 ὲν
737 5250 802 5312 τῃ
845 5252 1020 5323 οἰκείᾳ
1063 5229 1282 5326 εὐταξία
1324 5229 1698 5327 διαφύλάττει*

150 5323 290 5380 οὐδὲν
326 5331 432 5404 γὰρ
481 5332 662 5387 αὐτῶν
712 5337 1047 5408 μτετρὰπη,
1095 5345 1206 5394 ἀλλ’
1238 5323 1528 5414 οὕτως-ὡς
1560 5353 1704 5405 ἐκτί-

153 5413 360 5513 ξθησαν,
394 5424 610 5495 ἔμειναν
634 5441 648 5455 ·
683 5424 841 5478 τοῦτο
871 5427 1018 5499 δηλοῖ
1047 5429 1108 5481 τὸ
1137 5413 1525 5506 ἀμετάϐλητα,
1574 5443 1697 5513 Ἀρ-

153 5503 283 5579 ρεπῆ
321 5513 375 5566 δὲ
417 5517 554 5588 πρὸς
600 5514 669 5569 τά
714 5516 898 5589 χείρω,
951 5517 984 5590 ἢ
1032 5519 1113 5574 ὅτι
1158 5503 1485 5598 «pompa-edn;
1529 5503 1697 5599 αὑτάς

153 5600 446 5673 nmium,
478 5606 512 5677 ἦ
546 5607 628 5660 ὅτι
659 5607 809 5661 οὐδὲν
843 5606 902 5673 ὲξ
932 5609 1110 5665 αὐτῶν
1140 5612 1240 5684 τῆς
1270 5617 1476 5682 οἰκείας
1507 5620 1696 5693 ἐξέστη

153 5697 534 5764 καταστάσεως,
569 5699 602 5770 ἢ
638 5697 772 5770 πρὸς
799 5699 864 5753 τὰ
891 5701 1249 5776 ὑποδεέστερα
1275 5709 1596 5781 μετηνέχθη.
1641 5712 1697 5765 '0

221 5879 245 5920 1ι
274 5871 423 5934 Hebr.
461 5895 555 5948 χιι,
591 5881 643 5936 6.

761 5892 784 5920 ι’
820 5882 949 5938 Dan.
988 5900 1110 5951 xm,
1146 5885 1234 5942 ιε.
1333 5896 1356 5924 ³
1392 5889 1547 5946 Rom.
1587 5907 1647 5950 η,
1685 5895 1735 5946 l.

1800 3329 2073 3398 voluptate
2111 3327 2362 3398 decipere
2404 3346 2414 3380 :
2455 3325 2655 3382 dicitur
2699 3327 2860 3380 etiam
2905 3312 3224 3396 simpliciter
3262 3337 3360 3380 vo-

1797 3423 2008 3493 luptate
2031 3421 2265 3477 afficere.

1871 3514 2224 3584 Optimorum.
2256 3512 2731 3569 Desiderabilium.

1869 3606 2186 3661 Inconcussa
2239 3615 2402 3670 statu,
2464 3604 2557 3660 Gr.
2602 3603 2898 3675 άμειλίκτῳ
2942 3603 3146 3657 στάσει.
3192 3599 3366 3658 Vocat

1798 3700 2108 3771 ἀμείλικτον
2140 3698 2326 3752 στάσιν
2349 3698 2655 3753 institutum
2697 3698 2920 3752 minime
2945 3697 3146 3753 cedens
3175 3697 3365 3751 titilla-

1799 3791 1932 3847 tioni
1961 3799 2327 3858 terrenorum,
2353 3805 2529 3859 neque
2555 3788 2699 3843 ﬂecti
2725 3783 2792 3842 ad
2826 3788 3127 3844 materialia
3147 3796 3366 3858 propter

1797 3881 2148 3936 tenta‘tlones.

1869 3972 1991 4044 §X.
2028 3971 2095 4024 Ut
2131 3971 2386 4025 actionem
2416 3985 2629 4040 quicque
2662 3985 2814 4023 suam
2853 3979 3220 4039 prosequatur,
3263 3966 3358 4022 Gr.

1797 4065 1897 4135 τῆς
1943 4066 2000 4116 ὲν
2046 4065 2156 4125 τοῖς
2186 4061 2325 4125 ὅλοις
2364 4060 2720 4132 ίδιοπραγίας.
2771 4060 3075 4130 Appellavit
3121 4059 3361 4132 ἰδιοπρα-
3472 4077 3476 4085 ι

1799 4155 1922 4223 γίαν
1975 4151 2252 4222 proprium
2306 4151 2572 4219 cujusque
2623 4151 2700 4204 rei
2760 4150 3057 4205 secundum
3110 4156 3361 4202 naturam

1799 4253 2006 4300 motum
2063 4260 2077 4298 :
2139 4255 2315 4311 neque
2377 4240 2523 4296 enim
2587 4239 2836 4295 homines
2905 4239 3084 4296 facere
3139 4245 3364 4310 possent

1800 4353 1921 4407 quae
1948 4336 2155 4408 angelis
2189 4333 2406 4407 propria
2434 4351 2449 4402 ;
2507 4349 2606 4389 nec
2645 4348 2784 4404 aqua
2825 4348 2944 4404 qua:
2976 4333 3108 4404 igni,
3144 4340 3198 4387 et
3227 4347 3363 4387 con.-

1803 4441 1903 4485 tra.

1874 4518 1944 4573 Et
1972 4528 2225 4591 quatenus
2260 4536 2292 4572 a
2317 4517 2681 4574 deterioribus.
2707 4515 2824 4571 Non
2859 4516 3129 4587 intelligas
3156 4516 3261 4572 hoc
3284 4515 3368 4571 lo-

1801 4624 1867 4665 co
1907 4609 2170 4663 deteriora
2221 4616 2472 4678 respectu
2510 4606 2577 4662 ad
2616 4613 2898 4662 creaturas
2947 4605 3167 4674 habito;
3218 4605 3366 4661 nulla

1801 4699 1946 4755 enim
1986 4709 2073 4755 est
2104 4699 2244 4754 inter
2272 4699 2421 4768 ipsas
2464 4698 2632 4763 mala;
2666 4696 2761 4752 sed
2791 4695 2858 4749 ad
2880 4704 3186 4766 peccatum,
3221 4694 3366 4765 quod

1802 4807 1867 4846 ex
1892 4798 2079 4845 nostra
2105 4790 2385 4845 voluntate
2413 4790 2541 4846 boni
2570 4788 2871 4861 privatione
2901 4787 3203 4845 subsistere
3224 4787 3369 4843 vide-

1803 4892 1910 4938 tur.
1942 4882 2085 4939 Deus
2113 4883 2256 4939 enim
2281 4896 2406 4937 cum
2439 4883 2687 4936 volumus
2713 4895 2813 4936 nos
2848 4896 2913 4934 ex
2951 4879 3071 4949 ipso
3099 4879 3279 4948 eripit,
3318 4877 3366 4932 si

1803 4976 1870 5032 ad
1910 4976 2062 5030 illum
2095 4968 2516 5029 accurrerimus.

1873 5066 1985 5122 Nec
2010 5067 2063 5120 in
2093 5066 2322 5120 deterius
2353 5071 2584 5135 vergant.
2630 5062 2912 5118 Arbitrare
2941 5063 3118 5132 ipsum
3139 5061 3255 5115 haec
3277 5056 3365 5113 di-

1801 5174 1924 5216 cere
1963 5161 2031 5216 de
2077 5160 2370 5216 sensilibus
2409 5168 2462 5215 et
2494 5160 2710 5232 creatis,
2745 5155 2893 5228 quod
2933 5155 3114 5210 omnia
3149 5153 3203 5207 in
3235 5164 3369 5221 pro-

1803 5253 1919 5323 pria
1944 5252 2086 5307 bona
2115 5252 2511 5307 constitutione
2537 5249 2845 5315 custodiat;
2887 5247 3018 5301 nihil
3046 5245 3186 5300 enim
3215 5241 3364 5310 ipso-

1801 5361 1922 5400 rum
1953 5350 2218 5398 mutatum
2248 5355 2354 5410 est,
2402 5344 2495 5400 sed
2536 5351 2594 5398 ut
2630 5348 2812 5397 creata
2853 5347 2980 5394 sunt
3023 5341 3359 5388 manserunt.

1804 5437 1918 5492 Hoc
1946 5437 2188 5492 declarat
2216 5452 2319 5491 vox
2343 5435 2712 5507 ἀμετάϐλητα,
2749 5449 2855 5488 non
2886 5435 3111 5484 mutata.
3141 5423 3363 5479 Minime

1803 5545 1932 5586 vero
1962 5529 2026 5582 ad
2055 5527 2326 5583 deteriora
2362 5542 2631 5599 pmpensa
2659 5533 2752 5579 aut
2774 5522 2898 5592 quia
2927 5534 3020 5572 eas
3047 5526 3364 5586 praestantes

1804 5621 1952 5688 fecit,
1971 5628 2064 5674 aut
2075 5620 2201 5690 quia
2225 5621 2360 5675 nihil
2377 5635 2441 5674 ex
2465 5619 2598 5690 ipsis
2621 5615 2836 5687 propria
2851 5609 3243 5666 constitutione
3259 5624 3362 5665 ex-

1803 5713 1886 5778 iit,
1915 5719 2008 5766 aut
2035 5711 2102 5766 ad
2126 5711 2393 5766 deteriora
2418 5709 2736 5764 translatum
2767 5711 2868 5758 est.
2900 5701 3110 5758 Caelum
3140 5701 3364 5777 enimet

1844 5896 1858 5928 ι
1901 5892 2061 5948 llebr.
2101 5909 2172 5948 tv.
2215 5893 2296 5948 15.
