3882 6540
499 411 603 468 367

1331 403 1669 460 APPENDIX
1697 403 1789 460 AD
1816 402 2044 462 OPERA
2076 399 2133 456 S.
2168 399 2461 458 DIONYSII
2492 399 2969 459 ΑΒΕΟΡΔΩΙΤΕ.

3623 378 3720 452 338

501 533 667 588 terra,
689 532 742 578 et
769 537 886 593 quae
903 521 957 576 in
985 520 1350 592 ipsis,'eadem
1373 528 1711 576 manserunt.
1735 519 1906 576 Porro
1928 518 2063 574 illud

2189 516 2273 589 ’ἀρ
2316 516 2540 590 οὐρανὸς
2587 517 2680 570 καὶ
2723 517 2756 588 ἡ
2805 515 2875 586 γῆ
2920 513 3159 585 ἔμειναν,
3208 512 3303 566 καὶ
3344 509 3412 564 τὰ
3458 510 3519 564 ἐν
3552 507 3722 572 αὐτοῖς

502 615 729 669 alienam
753 617 1002 668 actionem
1023 615 1388 680 exterminare,
1416 623 1468 671 et
1495 631 1597 668 non
1626 612 1866 681 delapsas
1887 622 2064 668 custo-

2168 608 2428 670 ὡσαύτως
2460 607 2669 680 ἔχοντα.
2704 606 2777 659 Τὸ
2807 605 2862 659 δὲ
2893 603 3007 672 τὴν
3033 602 3576 671 ἀλλοτριοπραγίαν
3599 600 3723 663 ἐξο-

505 707 586 760 dit
621 709 866 776 cujusque
889 706 1235 774 proprietates
1261 708 1335 760 ita
1368 706 1628 782 intellige,
1657 706 1921 760 elementa
1950 719 2066 758 ma-

2189 699 2358 766 ιίζειν,
2393 701 2488 754 καὶ
2515 697 2963 770 ἀμεταπτώτους
2990 693 3311 764 φυλάττειν
3339 694 3446 760 τὰς
3474 692 3724 747 ἑκάστου

501 813 630 853 nere
663 795 764 851 sibi
803 796 1035 850 invicem
1067 796 1364 859 contraria,
1401 811 1593 866 nempe
1622 795 1855 850 calidum
1886 802 1940 850 et
1967 793 2064 849 fri-

503 886 704 959 gidum,
758 885 1042 940 humidum
1080 895 1133 942 et
1171 887 1400 954 siccum,
1450 894 1611 957 atque
1641 887 2064 958 unumquodque

501 991 688 1033 eorum
719 975 774 1030 in
803 975 1027 1046 propria
1058 975 1370 1047 integritate
1410 991 1748 1046 permanere,
1792 993 1970 1047 neque
2009 978 2065 1033 in

502 1066 835 1122 contrarium
867 1064 1096 1130 mutari;
1132 1079 1409 1134 nunquam
1454 1066 1599 1120 enim
1645 1066 1786 1136 ignis
1817 1066 1875 1120 ﬁt
1903 1081 2063 1136 aqua,

502 1175 604 1215 nec
633 1174 773 1230 aqua
810 1159 974 1228 ignis.
1015 1156 1071 1210 Si
1102 1163 1281 1212 autem
1313 1157 1757 1228 creatoris.jussu
1792 1171 2064 1212 convene-

502 1252 634 1316 rint,
685 1248 1107 1320 unumquodque
1149 1263 1335 1304 eorum
1379 1257 1578 1314 manet,
1643 1263 1794 1303 suam
1845 1263 2068 1304 servans

503 1343 916 1416 proprietatem.

572 1431 742 1500 Atque
767 1427 1147 1497 proportiones,
1181 1425 1274 1482 Gr.
1300 1428 1392 1480 καὶ
1421 1427 1518 1490 τὰς
1561 1425 1870 1494 ἀναλογίας.
1915 1427 2070 1480 Ἀνα-

504 1518 688 1587 λογίας
725 1517 856 1571 dicit
893 1513 1220 1586 aptitudines
1268 1516 1531 1586 cujusque
1575 1525 1782 1571 naturae
1823 1524 1876 1571 et
1921 1532 2071 1571 com-

506 1613 962 1666 mensurationes.

580 1703 922 1775 Nequaquam
963 1713 1152 1772 prroter
1191 1704 1534 1772 propositum.
1577 1701 1635 1756 id
1666 1713 1749 1759 est
1783 1719 1891 1757 nou
1919 1712 2072 1758 extra

512 1793 807 1864 Scriptura:
846 1809 1094 1865 scepum.

578 1885 950 1940 Remissionem
997 1883 1222 1948 donans,
1279 1883 1373 1940 Gr.
1436 1883 1810 1956 ύπερείδουσα.
1869 1882 2067 1938 Suﬂ'ul-
2098 1877 2140 1933 Β

510 1975 686 2033 ciens.

578 2068 736 2139 201
777 2068 821 2120 A
851 2069 1044 2127 noxiis,
1086 2066 1180 2122 Gr.
1212 2068 1320 2122 τῶν
1362 2066 1767 2138 λελωϐημένων.
1809 2069 1851 2121 Α
1891 2068 2031 2124 laesis
2055 2109 2068 2133 ,

506 2160 768 2230 ‘injuriam
797 2166 850 2214 et
880 2160 1133 2214 damnum
1159 2159 1598 2230 procurantibus.

584 2252 652 2306 Et
705 2268 906 2306 omnem
954 2253 1385 2322 ianualitatem.
1433 2249 1552 2305 Non
1583 2251 1712 2305 dicit
1760 2250 2076 2321 simpliciter

511 2346 873 2401 exterminare
916 2344 1370 2415 inaequalitatem,
1404 2345 1499 2400 sed
1534 2345 1590 2398 in
1630 2343 1879 2414 singulis,
1903 2343 1954 2398 id
1993 2355 2077 2400 est

513 2437 754 2508 singulas
784 2443 1160 2491 creaturarum
1197 2452 1303 2490 non
1332 2451 1550 2491 manere
1585 2435 1866 2506 aequaliter
1906 2442 1960 2490 et
2001 2435 2077 2490 si.

512 2531 713 2585 militcr
748 2529 805 2584 in
829 2529 1106 2584 identitate
1138 2530 1405 2593 naturali;
1442 2529 1562 2583 ideo
1591 2527 1795 2582 addidit
1835 2545 1866 2580 a
1897 2528 2071 2596 priva-

517 2621 673 2684 tione,
717 2620 971 2690 quoniam
1015 2636 1124 2676 non
1167 2619 1372 2674 idcirco
1414 2619 1560 2690 quod
1611 2620 1979 2675 indidereutes
2025 2628 2080 2675 et

515 2712 810 2783 inatquales
835 2713 944 2768 sint
967 2727 1076 2777 res,
1110 2712 1451 2783 inzequalitas
1477 2711 1741 2768 aufertur.

583 2802 933 2874 quuah'tatis
969 2804 1316 2874 singulorum.
1350 2804 1486 2860 Cum
1531 2804 1696 2860 sciret
1721 2802 1859 2859 duos
1887 2803 2078 2859 modos

514 2895 816 2954 secundum
850 2912 990 2968 quos
1019 2896 1358 2968 inaequalitas
1386 2895 1611 2962 dicitur,
1659 2896 1798 2952 duos
1835 2897 2076 2967 exponit,

515 2993 569 3044 et
588 2987 664 3041 ait
684 2986 876 3053 Deum,
897 2995 1120 3044 eatenus
1145 2987 1254 3042 diei
1276 2988 1564 3058 justitiam,
1578 2997 1846 3058 quatenus
1865 2978 2079 3042 omnem

515 3079 879 3154 aequalitatem
907 3094 1160 3136 mensura
1182 3079 1411 3151 adauget
1431 3088 1482 3134 et
1496 3081 1551 3134 in
1565 3095 1780 3134 onmem
1805 3079 2082 3149 aequalita-

517 3176 626 3226 tem
649 3172 991 3226 exterminat.
1024 3171 1181 3226 Nunc
1208 3188 1338 3227 vero
1375 3172 1793 3242 inaequalitatem
1829 3173 2082 3242 intelligit

519 3279 638 3319 eam
675 3270 795 3334 quae
827 3279 922 3334 per
947 3264 1301 3334 privationem
1333 3264 1549 3329 accidit,
1582 3264 1636 3317 id
1674 3273 1757 3320 est
1796 3265 2079 3320 abundan-

519 3357 673 3411 tiam.
692 3354 827 3410 Nam
850 3355 1080 3427 singulis
1104 3372 1202 3427 pro
1227 3357 1422 3412 merito
1441 3358 1715 3428 aequaliter
1735 3358 2078 3426 distribuere,

518 3449 626 3504 hoc
655 3448 901 3504 continet
929 3449 1111 3502 omnia
1155 3455 1209 3503 et
1262 3458 1569 3506 conservat.
1610 3449 1706 3507 iiis
1737 3451 1918 3518 dictis,
1951 3455 2086 3509 alte-

522 3555 644 3595 rum
674 3555 892 3610 quoque
936 3539 1158 3596 modum
1196 3541 1494 3596 secundum
1537 3558 1696 3612 quem
1748 3543 2083 3614 inaequalitas

522 3631 723 3688 dicitur
752 3631 928 3686 aﬂ‘ert.
971 3629 1132 3686 Novit
1177 3632 1320 3688 enim
1355 3634 1586 3705 aliquos,
1635 3635 2001 3706 intelligibiles
2030 3644 2084 3693 et

523 3723 874 3795 incorporeas
925 3721 1161 3788 formas,
1217 3738 1282 3778 ac
1333 3725 1506 3794 prima
1556 3741 1738 3782 rerum
1780 3729 2083 3799 principia,

523 3816 906 3881 immortalem,
935 3816 1178 3886 inquam,
1198 3818 1560 3886 creationem,
1597 3819 1861 3888 unitales,
1908 3821 1962 3877 id
2002 3829 2086 3877 est

521 3910 792 3965 essentias
821 3908 1116 3980 simplices,
1135 3909 1441 3965 nominasse
1462 3913 1820 3982 aequalitatem
1849 3921 1903 3968 et
1932 3915 2087 3969 iden-

522 4003 767 4068 titatem;
803 4001 1026 4057 sensilia
1052 4016 1178 4056 vero
1208 4017 1328 4074 quae
1349 4003 1511 4058 etiam
1544 4004 1836 4060 divisibilia
1869 4015 2000 4061 sunt
2032 4013 2086 4061 et

523 4092 806 4148 mutabilia
831 4103 884 4148 et
912 4093 1238 4159 diiierentia,
1267 4103 1320 4150 et
1340 4097 1665 4168 quandoque
1686 4099 1845 4154 aliter
1880 4099 2088 4154 haben-

525 4185 618 4250 tia,
651 4201 880 4240 vocasse
937 4187 1356 4258 inaequalitatem
1409 4197 1463 4244 et
1502 4189 1892 4246 diversitatem.
1945 4191 2088 4247 Dicit

525 4277 690 4345 igitur
717 4297 730 4331 :
757 4276 872 4332 Etsi
904 4279 1102 4349 aliquis
1138 4279 1279 4334 hanc
1314 4281 1734 4351 inaequalitatem
1764 4283 2090 4338 intellexerit

525 4367 888 4424 differentiam
919 4372 1201 4426 sensilium
1238 4371 1292 4425 in
1318 4371 1527 4438 formis,
1552 4389 1658 4443 qua
1689 4375 2002 4430 animalium
2035 4382 2089 4432 et

527 4460 858 4528 plantarum,
890 4463 1332 4532 reliquorumque
1362 4465 1737 4532 generationes
1763 4465 2086 4531 subsistunt,

2167 791 2492 860 ἰδιότητας,
2526 791 2670 846 οὕτω
2719 790 2928 861 νόησον,
2979 789 3060 843 ὅτι
3107 787 3176 841 τὰ
3228 789 3467 859 στοιχεῖα
3519 785 3726 840 ἐναντία

2167 883 2414 956 μένουσιν
2459 883 2723 956 ἀλλήλοις,
2769 877 2878 936 οἷον
2909 881 2970 935 τὸ
3003 881 3199 954 Θερμὸν
3243 879 3338 934 καὶ
3380 877 3608 950 ψυχρὸν,
3641 877 3727 930 καὶ

2165 973 2329 1050 ὑγρὸν
2362 976 2454 1029 καὶ
2486 973 2667 1047 ξηρὸν,
2701 975 2794 1029 καὶ
2825 975 3050 1028 ἕκαστον
3080 973 3256 1026 αὐτῶν
3289 975 3346 1026 ἐν
3377 974 3444 1042 τῇ
3481 970 3590 1040 ἰδίᾳ
3618 969 3728 1022 ὁλό-

2164 1083 2290 1137 τητι
2310 1067 2652 1138 ἐναπομένει,
2674 1067 2766 1120 καὶ
2787 1067 2844 1119 ού
2871 1064 3184 1137 μεθίσταται
3215 1064 3350 1136 πρὸς
3380 1061 3441 1116 τὸ
3473 1060 3724 1116 ἐναντίον·

2165 1159 2417 1212 οὐδέποτε
2457 1159 2566 1232 γὰρ
2609 1158 2672 1213 τὸ
2715 1157 2827 1231 πῦρ
2872 1158 3014 1230 ὕδωρ
3057 1158 3283 1227 γίνεται,
3317 1157 3439 1210 οὐδὲ
3484 1155 3549 1209 τὸ
3595 1153 3729 1224 ὕδωρ

2169 1251 2300 1323 πῦρ.
2335 1252 2398 1304 Εἰ
2429 1251 2484 1304 δὲ
2516 1251 2610 1306 καὶ
2642 1250 2942 1305 συνέλθοιεν
2981 1251 3120 1305 κατά
3151 1250 3250 1321 τὴν
3279 1248 3373 1304 τοῦ
3404 1243 3730 1318 δημιουργοῦ

2169 1339 2435 1406 κέλευσιν,
2490 1342 2638 1412 μένει
2668 1341 2897 1396 ἐκαστον
2926 1341 3124 1407 αὐτῶν,
3171 1341 3344 1407 σῶζον
3392 1339 3494 1410 τὴν
3537 1337 3734 1391 οίκείαν

2173 1429 2429 1502 ἰδιότητα.

2239 1522 2351 1576 Καὶ
2398 1523 2506 1588 τὰς
2552 1522 2894 1592 ἀναλογίας.
2943 1520 3252 1590 Ἀναλογίας
3283 1519 3417 1592 φησὶ
3447 1518 3549 1582 τὰς
3580 1517 3736 1591 ἁρμο-

2170 1612 2422 1687 διότητας
2453 1615 2688 1686 ἑκάστης
2721 1615 2932 1683 φύσεως
2964 1614 3060 1668 καὶ
3091 1613 3451 1686 συμμετρίας.

2245 1708 2364 1759 Οὐκ
2396 1705 2512 1759 ἀπὸ
2542 1705 2792 1759 σκοποῦ.
2819 1703 3105 1758 Τουτέστιν
3136 1705 3236 1758 ούκ
3267 1704 3370 1769 ἔξω
3399 1702 3496 1760 τοῦ
3532 1706 3739 1762 σκοποῦ

2172 1793 2270 1865 τῆς
2301 1795 2538 1866 Γραφῆς.

2246 1884 2680 1955 ’Υπερείδσυσω
2723 1886 3208 1958 ’Υποστηρίζουσα.

2246 2068 2368 2125 Τῶν
2391 2069 2834 2139 λελωϐημένων.
2862 2069 3277 2142 Βεϐλαμμένων,
3306 2070 3414 2126 τῶν
3440 2069 3623 2144 λώϐην
3652 2073 3740 2126 καὶ

2173 2161 2466 2233 ἀχρείωσιν
2496 2161 2920 2233 προξενούντων.

2244 2253 2352 2308 Καὶ
2387 2252 2553 2307 πᾶσα
2598 2254 2902 2321 ἀνισότης.
2933 2254 3044 2325 Ούχ
3087 2254 3273 2320 ἅπλῶς
3318 2271 3452 2327 φησι
3496 2255 3596 2328 τὴν
3629 2255 3738 2309 ἀνι-

2177 2345 2374 2418 σότητα
2401 2344 2680 2418 ἐξορίζειν,
2704 2345 2815 2399 ἀλλ’
2845 2346 2902 2398 ἐν
2930 2349 3041 2410 τοῖς
3073 2347 3192 2401 καθ’
3225 2347 3476 2412 ἕκαστον,
3503 2347 3741 2401 τουτέστι

2175 2436 2236 2490 τὸ
2269 2437 2343 2508 μὴ
2393 2437 2522 2500 ἴσως
2562 2437 2655 2491 καὶ
2707 2437 2908 2508 ὁμοίως
2953 2437 3180 2493 ἕκαστον
3208 2439 3314 2492 τῶν
3342 2439 3641 2508 γεγονότων
3691 2441 3742 2492 ἐν

2175 2530 2456 2600 ταυτότητι
2481 2531 2548 2600 τῇ
2579 2529 2719 2582 κατὰ
2750 2528 2909 2598 φύσιν
2948 2529 3244 2600 διαμένειν
3277 2528 3356 2582 διὸ
3383 2529 3479 2583 καὶ
3514 2529 3576 2582 τὸ
3603 2530 3744 2583 κατά

2176 2618 2464 2690 στέρησιν
2491 2619 2852 2690 προσέθηκεν,
2892 2620 3013 2674 ἐπεὶ
3049 2620 3187 2674 κατά
3228 2621 3288 2673 τὸ
3316 2621 3586 2692 ἀδιάφορα
3613 2617 3744 2674 εἶναι

2177 2710 2246 2766 τὰ
2264 2711 2391 2764 δντα
2418 2710 2512 2763 καὶ
2541 2711 2699 2764 ἄνισα
2729 2710 3033 2782 ήάνισότης
3059 2713 3158 2764 οὐκ
3186 2711 3522 2766 ἐκϐάλλεται.

2254 2801 2367 2870 Τῆς
2405 2803 2474 2856 ἐν
2515 2802 2716 2868 αὐτοῖς
2754 2801 3030 2869 ἑκάστοις
3071 2804 3362 2871 ἰσότητος.
3402 2804 3507 2858 Δύο
3521 2805 3747 2876 τρόπους

2177 2894 2300 2950 καθ’
2329 2892 2421 2958 οὒς
2461 2894 2718 2965 ἀνισότης
2765 2894 2981 2962 λέγεται
3021 2894 3195 2958 είδὼς,
3244 2897 3370 2959 τοὺς
3396 2895 3490 2950 δύο
3522 2898 3746 2968 τρανστ,

2178 2986 2271 3041 καί
2300 3003 2483 3059 φησιν.
2514 2987 2594 3040 ὃτι
2620 2986 2930 3058 δικαιοσύνη
2957 2986 3098 3041 κατὰ
3117 2986 3274 3040 τοῦτο
3301 2987 3519 3056 λέγεται
3544 2989 3574 3041 ὁ
3600 2987 3746 3049 Θεὸς,

2179 3078 2301 3133 καθ’
2329 3079 2358 3132 ὃ
2386 3081 2481 3133 καὶ
2509 3079 2606 3149 τὴν
2651 3078 2867 3148 ἰσότητα
2918 3079 3132 3133 πάντων
3172 3080 3484 3151 ἐπιμετρεῆ
3517 3081 3612 3132 καί⁵
3657 3077 3751 3148 τὴν

2181 3169 2468 3242 ἀνισότητα
2496 3169 2712 3223 πάντων
2743 3169 2992 3242 ἐξορίζει.
3037 3169 3350 3242 ’Λνισότητα
3400 3172 3456 3226 δὲ
3499 3171 3594 3226 νῦν
3625 3185 3748 3243 φησι

2179 3258 2276 3330 τὴν
2303 3259 2444 3313 κατά
2473 3259 2722 3330 στέρησιν
2750 3258 2850 3330 τῆς
2875 3259 3111 3330 ἰσότητος
3143 3260 3566 3331 συμϐαίνουσαν,
3598 3275 3751 3314 τουτ-

2178 3349 2293 3403 έστι
2329 3350 2426 3421 τὴν
2477 3349 2819 3415 πλεονεξίανο
2851 3351 2912 3403 τὸ
2958 3351 3066 3422 γὰρ
3110 3352 3240 3416 ἴσως
3277 3352 3463 3423 νέμειν
3508 3352 3749 3415 ἑκάστοις

2178 3440 2247 3495 τά
2291 3443 2410 3495 κατ’
2453 3442 2627 3509 ἀξίαν,
2669 3442 2827 3494 τοῦτο
2880 3446 3174 3514 συγκρατεῖ
3222 3443 3401 3498 πάντα
3429 3445 3524 3498 καὶ
3569 3442 3748 3507 σώζει.

2180 3533 2364 3588 Ταῦτα
2393 3534 2588 3605 φήσας,
2635 3533 2884 3606 ἐπιφέρει
2915 3535 3008 3588 καὶ
3045 3534 3134 3587 τόν
3173 3535 3357 3607 ἕτερον
3384 3537 3606 3607 τρόπον,
3635 3527 3754 3589 καθ’

2180 3624 2238 3678 ὃν
2282 3625 2531 3696 ἀνισότης
2581 3624 2812 3694 λέγεται.
2847 3627 2954 3678 Καί¹
3003 3625 3111 3698 γὰρ
3159 3622 3266 3680 οἶδέ
3313 3645 3487 3692 τινας,
3541 3627 3611 3680 τὰ
3658 3627 3754 3697 μὲν

2182 3715 2346 3787 νοητά
2381 3717 2473 3770 καὶ
2504 3717 2768 3787 ἀσώματα
2797 3717 2930 3787 είδη,
2961 3719 3056 3771 καὶ
3084 3719 3182 3781 τὰς
3209 3717 3432 3789 πρώτας
3457 3719 3565 3772 τῶν
3592 3719 3755 3771 ὄντων

2183 3805 2376 3878 ἀρχὰς,
2412 3808 2552 3878 φημὶ
2579 3807 2640 3879 δὴ
2669 3808 2767 3879 τὴν
2807 3808 3071 3861 ἀθάνατον
3099 3809 3481 3881 δημιουργίαν,
3514 3809 3612 3873 τὰς
3636 3807 3756 3860 ἐνά-

2183 3899 2298 3964 δας,
2326 3900 2570 3955 τουτέστι
2602 3900 2700 3966 τὰς
2732 3900 2906 3966 ἁπλᾶς
2946 3901 3151 3964 οὐσίας,
3195 3901 3417 3972 ἰσότητα
3449 3902 3542 3956 καί⁵
3571 3895 3753 3953 ταυτό-

2183 4010 2320 4064 τητα
2355 3993 2754 4064 ὀνομάσανταςο
2802 3992 2872 4046 τά
2923 3993 2979 4046 δὲ
3009 3990 3274 4064 αίσοητά,
3308 3992 3346 4047 ἃ
3391 3993 3482 4046 καὶ
3526 3985 3755 4058 μεριστά

2185 4086 2313 4149 εἰσι,
2337 4086 2431 4138 καὶ
2460 4085 2516 4136 ἐν
2542 4084 2828 4155 μεταϐολῇ,
2857 4085 2950 4138 καὶ
2979 4084 3228 4155 διαφορᾷ,
3255 4084 3346 4134 καὶ
3373 4079 3556 4134 ἄλλοτε
3585 4077 3754 4141 ἄλλως

2185 4175 2397 4246 ἔχοντα,
2431 4177 2719 4248 ἀνισότητα
2757 4177 2849 4230 καὶ
2887 4174 3178 4246 ἑτερότητα
3215 4172 3566 4234 καλέσαντας.
3594 4169 3754 4237 Λέγει

2187 4263 2301 4331 οὖν,
2332 4268 2435 4330 ὅτι,
2478 4269 2582 4321 κᾶν
2613 4269 2814 4338 ταύτην
2861 4268 2960 4338 τὴν
2994 4265 3282 4336 ἀνισότητα
3309 4264 3478 4335 νοήσῃ
3517 4279 3619 4326 τις,
3655 4262 3753 4330 τὴν

2185 4357 2296 4411 τῶν
2323 4359 2594 4430 αἰσθητῶν
2621 4361 2701 4422 είς
2730 4359 2843 4430 εῐδη
2873 4356 3152 4428 διαφορὰν,
3179 4356 3245 4408 δι’
3273 4350 3341 4427 ἦς
3369 4357 3424 4407 αί
3456 4354 3561 4406 τῶν
3582 4352 3752 4417 ζώων,

2188 4451 2282 4504 καὶ
2321 4450 2429 4504 τῶν
2475 4451 2676 4519 φυτῶν,
2705 4452 2798 4505 καὶ
2841 4450 2948 4503 τῶν
2993 4449 3118 4520 ἑξῆς
3148 4448 3389 4517 γενέσεις
3418 4447 3754 4516 ὑφίστανται,

527 4550 691 4619 hujus
721 4561 900 4607 tamen
937 4555 1098 4609 etiam
1130 4555 1513 4624 inaequalitatis
1543 4554 1686 4613 Deus
1714 4566 1798 4613 est
1826 4566 2013 4616 custos
2038 4569 2079 4616 el

2191 4541 2325 4596 ἀλλά
2361 4543 2456 4596 καὶ
2494 4541 2696 4614 ταύτης
2733 4543 2835 4613 τῆς
2871 4541 3185 4614 ἀνισότητος
3221 4541 3250 4592 ὁ
3286 4540 3417 4602 Θεὸς
3456 4536 3624 4607 φύλαξ
3663 4535 3761 4589 καὶ

529 4650 837 4710 protector,
875 4661 983 4699 non
1027 4647 1344 4714 permittens
1373 4648 1646 4704 contraria
1688 4649 1744 4704 in
1781 4665 1892 4706 uno
1941 4666 2090 4706 com-

2193 4633 2428 4706 φρουρός
2458 4634 2593 4697 ἐστι,
2643 4633 2716 4705 μὴ
2747 4633 2850 4687 ἐῶν
2881 4631 2950 4686 τὰ
2976 4633 3191 4686 ἐναντία
3223 4633 3303 4694 εἰς
3343 4630 3402 4683 ἓν
3427 4629 3473 4662 ⁷¹
3547 4647 3751 4699 συμμι-

529 4733 783 4796 misceri,
829 4741 884 4788 et
935 4735 1242 4790 mistionem
1279 4738 1664 4793 concurrentia
1705 4740 1761 4795 in
1790 4745 2079 4812 corruptio

2196 4723 2412 4796 χθῆναι,
2428 4730 2520 4784 καὶ
2532 4725 2901 4797 συνδραμόντα.
2921 4724 3009 4777 διὰ
3031 4723 3130 4794 τῆς
3160 4721 3445 4794 φυράσεως
3463 4722 3511 4752 τι
3529 4721 3604 4782 εις
3629 4718 3759 4786 φθο-

531 4839 653 4878 nem
693 4827 898 4880 venire.
941 4826 1014 4882 Ut
1057 4828 1201 4882 enim
1251 4830 1435 4883 omnia
1466 4831 1751 4901 produxit,
1805 4833 1886 4890 sic
1927 4837 2079 4891 etiam

2197 4816 2295 4888 ράν
2323 4817 2512 4869 ἐλθεῖν·
2550 4817 2636 4880 Ὡς
2667 4816 2776 4888 γὰρ
2807 4817 3094 4887 παρήγαγε
3126 4815 3322 4878 πάντα,
3345 4812 3486 4866 οὕτω
3514 4808 3766 4879 συντηρεῖ

533 4917 648 4986 ipsa
677 4927 984 4981 conservat,
1017 4927 1070 4974 et
1101 4929 1228 4976 sunt
1259 4923 1402 4977 sicut
1433 4939 1463 4979 a
1496 4925 1764 4996 principio
1794 4926 2033 4985 fuerunt.

2195 4906 2352 4973 αὐτὰ,
2383 4907 2482 4959 καὶ
2504 4905 2643 4959 εἰσίν
2668 4906 2744 4970 ὡς
2770 4904 2829 4969 ἐξ
2859 4906 3033 4977 ἀρχῆς
3063 4903 3326 4973 ἐγένοντο.

606 5007 1028 5078 Intequalitatem
1056 5013 1214 5069 enim.
1247 5013 1385 5070 Nota
1425 5031 1550 5072 eum
1589 4982 1773 5074 dicere
1809 5018 2079 5092 inaequali-

2270 4997 2388 5066 Τὴν
2404 4997 2514 5066 γὰρ
2539 4997 2880 5064 ἀνισότητα.
2904 4995 3230 5068 Σημείωσαι,
3254 4995 3335 5046 ὅτι
3355 4993 3454 5062 τὴν
3472 4982 3764 5092 ἀνισάξητά

533 5105 720 5162 tatem,
751 5100 990 5154 omnium
1023 5102 1076 5155 in
1107 5111 1220 5158 toto
1245 5103 1386 5159 inter
1415 5122 1473 5162 se
1494 5106 1885 5174 diversitatem,
1917 5073 1970 5166 et
1993 5110 2079 5166 Dei

2194 5103 2327 5158 φησι
2358 5087 2452 5140 καὶ
2478 5087 2576 5157 τὴν
2603 5089 2662 5140 ἐν
2680 5086 2756 5158 τῷ
2781 5087 2887 5158 ὅλῳ
2917 5084 3051 5158 πρὸς
3071 5086 3166 5139 ὅλα
3195 5081 3451 5176 διαφορ-ξν
3472 5073 3762 5176 ﬁliam.

535 5188 795 5257 justitiam
825 5191 1093 5260 ejusmodi
1127 5193 1547 5264 inzequalitatem
1574 5213 1918 5258 conservare.
1952 5199 2079 5258 Nota

2193 5180 2288 5231 καὶ
2319 5177 2400 5231 ὅτι
2433 5176 2530 5249 τὴν
2574 5177 2830 5250 τοιαύτην
2876 5177 3161 5241 ἀνισότητα
3197 5178 3224 5238 ἠ
3272 5166 3364 5220 τοῦ
3394 5166 3522 5221 Θεοῖ
3557 5166 3770 5220 δικαιο-

535 5285 716 5350 etiam,
751 5295 872 5338 esse
900 5284 1200 5340 naturalem
1231 5285 1676 5358 inaequalitatem.

1121 5441 1188 5495 ΙΝ
1225 5441 1379 5498 CAP.
1419 5438 1509 5500 ix.

610 5525 640 5596 ᾗ
676 5526 716 5583 1.
761 5527 964 5584 Horum
1002 5533 1298 5587 divinorum
1344 5536 1632 5592 nominum.
1681 5535 2092 5608 Sapientissime

2204 5267 2336 5338 σύνη
2383 5264 2642 5340 φρουρεῖ.’
2674 5267 2981 5341 inpetrant
3013 5257 3105 5322 δὲ,
3136 5258 3217 5311 ὃτι
3263 5257 3380 5310 ἐστὶ
3424 5256 3515 5310 καὶ
3557 5253 3770 5327 φυσικὴ

2201 5358 2472 5429 ἀνισότης.

2670 5442 2777 5497 ΕΙΣ
2815 5443 2902 5495 ΤΟ
2941 5441 3187 5498 ΚΕΦΑΛ.
3227 5441 3305 5495 Θ¹.

2277 5540 2304 5612 §
2326 5540 2366 5594 Ι.
2393 5541 2617 5592 Τούτων
2634 5536 2748 5590 τῶν
2763 5532 3150 5604 θεωνυμικῶν.
3175 5531 3462 5602 Σοφὼτατά
3482 5546 3608 5602 φησι
3627 5528 3772 5583 Θεω-

1445 5667 1674 5726 VARLE
1710 5669 2090 5728 LECTIONES
2127 5669 2215 5729 ET
2246 5668 2810 5728 CORBECTIONES.

599 5790 641 5823 "
674 5792 1017 5862 συναχθέντα.
1127 5800 1170 5831 ⁷³
1207 5800 1419 5870 φύσεως
