3882 6556
148 449 234 506 569
870 450 926 500 δ.
963 447 1210 500 MAXIM
1245 445 1534 502 SCHOLIA
1561 445 1629 500 IN
1665 443 1794 502 LIB.
1831 445 1920 500 DE
1955 444 2205 500 DIVINIS
2235 443 2625 500 NOMINIBUS‘.

3239 447 3346 498 370

149 557 363 631 νομικῶν
386 556 744 629 ἀγαλμάτων,
759 557 817 623 ἐξ
839 558 1098 630 Ἐλλήνων
1127 559 1218 612 ἐπὶ
1243 559 1304 614 τὸ
1319 561 1516 631 ἀληθὲς
1534 561 1695 633 μετά-

1799 562 1930 617 dicit
1966 561 2276 617 divinorum
2319 561 2601 616 nominum
2645 558 2826 629 signa,
2857 573 2924 613 ex
2959 558 3250 629 gentilibus
3281 559 3348 612 ad

151 669 271 722 γων·
291 653 494 705 ἐκεῖνοι
516 650 628 724 γάρ
640 647 728 704 οἷά
743 669 892 715 τινας
933 651 1249 722 ἀνδριάντας
1291 654 1524 718 ἐποίουν,
1556 658 1693 727 μήτε

152 747 305 816 χεῖρας
318 745 464 815 μήτε
478 744 644 807 πόδας
657 743 894 814 ἔχοντας,
905 743 998 818 οὓς
1012 745 1214 816 Ἑρμᾶς
1224 747 1465 802 ἐκάλουν·
1483 750 1702 803 ἐποίουν

152 835 195 888 δὲ
213 837 397 899 αὐτοὺς
417 835 701 900 διακένους
717 835 780 889 Θύ
787 853 885 908 ρας
902 835 1140 906 ἔχοντας,
1156 837 1696 912 καθάπερτοιχοπυρ-

153 927 361 995 γίσκονς.
400 927 647 982 Ἔσωθεν
673 923 767 982 οὖν
797 928 974 982 αὐτῶν
1000 928 1244 983 ἐτίθεσαν
1282 931 1589 1003 ἀγάλματα,
1621 927 1698 988 ὧν

154 1019 308 1072 ἔσεϐον
357 1019 541 1086 θεῶν,
591 1017 789 1084 ἔξωθεν
850 1022 905 1075 δὲ
951 1021 1239 1078 ἀπέκλειον
1293 1025 1420 1088 τοὺς
1461 1025 1692 1096 Ἑρμᾶς·

153 1112 407 1181 ἐφαίνοντο
437 1109 534 1166 οὖν
581 1114 630 1166 οἱ
667 1113 864 1186 Ἐρμαῖ
891 1115 1145 1180 εὐτελεῖς,
1186 1115 1384 1170 ἔσωθεν
1411 1116 1467 1170 δὲ
1497 1118 1700 1173 τούτων

153 1203 263 1256 θεῶν
288 1204 469 1258 αὐτῶν
501 1206 920 1277 καλλωπισμοὺς
947 1203 1110 1278 εἶχον.
1141 1209 1328 1273 Οὕτως
1355 1205 1446 1263 οῦν
1470 1211 1701 1265 κάνταῦ-

152 1296 206 1349 θα
223 1298 451 1368 νοήσεις,
481 1297 553 1351 τὰ
588 1298 686 1369 μὲν
713 1300 840 1371 περὶ
864 1299 956 1352 τοῦ
987 1300 1140 1363 ὄντος
1162 1303 1256 1354 καὶ
1286 1301 1537 1372 ἀληθινοῦ
1567 1303 1699 1356 Θεοῦ

153 1386 286 1458 μάνου
323 1391 383 1442 ἐν
412 1392 480 1461 τῇ
532 1391 720 1462 Γραφῇ
767 1393 1004 1462 ὀνόματα
1037 1393 1228 1457 ἀνάξια
1258 1389 1395 1446 εἶναι
1418 1395 1544 1465 περὶ
1567 1394 1699 1449 Θεοῦ

149 1479 410 1550 λεγόμενα,
448 1481 528 1544 ὡς
552 1483 614 1534 τὸ
669 1483 862 1554 μικρὸν
881 1523 896 1547 ,
926 1483 1021 1537 καὶ
1046 1485 1106 1538 τὸ
1154 1484 1458 1556 καθῆσθαι,
1490 1487 1583 1540 καὶ
1633 1486 1701 1540 τά

148 1571 276 1642 ἑῆς·
307 1574 766 1644 ἀναπτυσσὸμενα
793 1574 850 1628 δέ
881 1575 947 1628 τά
977 1576 1232 1646 ὀνόματα,
1261 1579 1353 1631 καὶ
1380 1576 1543 1643 ἀξίως
1566 1577 1698 1630 Θεοῦ

147 1665 557 1737 ἐρμηνευόμενα,
580 1667 793 1738 ἔχουσιν
823 1668 1019 1722 ἔσωθεν
1045 1669 1114 1723 τὰ
1139 1671 1428 1743 ἀγάλματα
1454 1671 1547 1724 καὶ
1576 1670 1701 1734 τοὺς

146 1753 297 1821 Θείους
321 1757 537 1821 τύπους
567 1759 669 1830 τῆς
699 1761 828 1831 περὶ
857 1759 990 1814 Θεοῦ
1023 1760 1200 1834 δόξης.

1793 653 2075 708 veritatem
2131 653 2458 719 traducens;
2515 653 2593 706 illi
2658 652 2805 707 enim
2854 651 3118 721 quasdam
3184 651 3351 706 veluti

1796 751 2005 800 statuas
2040 744 2331 810 faciebant,
2362 759 2536 815 neque
2569 757 2762 799 manus
2783 782 2798 808 ,
2831 757 3007 812 neque
3045 742 3210 814 pedes
3249 743 3348 796 ba-

1795 835 2020 898 benles,
2063 852 2201 906 quas
2245 836 2471 893 Hermas
2524 836 2816 903 vocabant;
2855 834 3126 891 faciebant
3169 841 3352 890 autem

1794 944 1887 985 eas
1933 944 2136 986 vacuas
2183 930 2327 986 fores
2373 929 2664 992 habentes,
2697 936 2952 998 tanquam
2991 929 3150 1000 202
3195 942 3352 983 arcas

1795 1022 2021 1076 turritas
2053 1021 2107 1076 in
2150 1037 2325 1077 muro.
2363 1021 2510 1076 lntra
2547 1021 2694 1092 ipsas
2725 1021 2998 1091 ponebant
3034 1021 3188 1090 signa
3222 1019 3352 1076 deo-

1800 1127 1921 1167 rum
1976 1128 2114 1183 quos
2155 1113 2428 1178 colebant,
2471 1121 2626 1168 extra
2654 1127 2786 1168 vero
2826 1112 3178 1169 includebant
3217 1110 3353 1168 Iler-

1795 1219 1934 1259 mas.
1979 1205 2165 1276 itaque
2215 1206 2426 1262 Hermae
2465 1207 2600 1262 viles
2647 1205 3014 1277 apparebant,
3068 1207 3210 1261 intra
3254 1203 3354 1260 bos

1800 1312 1926 1351 vero
1964 1298 2161 1352 decora
2195 1297 2418 1353 deorum
2463 1313 2688 1354 suorum
2737 1298 3026 1353 habebant.
3058 1295 3150 1350 Sic
3192 1296 3354 1367 igitur

1798 1388 1888 1444 hic
1923 1389 2214 1460 intelliges,
2260 1390 2481 1445 nomina
2529 1405 2648 1462 qua:
2679 1391 2733 1445 in
2777 1389 3058 1460 Scriptura
3105 1406 3259 1445 sacra
3287 1391 3355 1448 de

1797 1495 1864 1536 eo
1884 1482 1978 1551 qui
2009 1490 2113 1546 est,
2155 1489 2211 1537 et
2226 1483 2344 1538 solo
2371 1498 2500 1538 vero
2529 1482 2640 1538 Deo
2683 1483 2960 1548 dicuntur,
2989 1482 3209 1552 indigna
3235 1499 3357 1538 esse

1797 1587 1918 1642 quae
1946 1572 2014 1627 de
2038 1571 2147 1628 Deo
2176 1573 2450 1639 dicantur,
2477 1581 2535 1628 ut
2557 1589 2806 1645 parvum,
2843 1581 2898 1628 et
2928 1573 3139 1638 sedere,
3163 1583 3358 1644 etquae

1798 1665 2076 1735 deinceps.
2119 1663 2253 1720 Cum
2289 1681 2420 1721 vero
2460 1666 2681 1720 nomina
2723 1665 2827 1721 ista
2874 1665 3253 1735 explicantur,
3303 1673 3358 1720 et

1797 1756 1958 1827 digne
1986 1755 2095 1812 Deo
2123 1764 2492 1826 exponuntur,
2523 1757 2808 1814 continent
2850 1757 2996 1812 intra
3033 1773 3092 1814 se
3124 1759 3277 1829 signa
3304 1766 3360 1814 et

1799 1847 2015 1904 divinas
2044 1848 2232 1919 gloria:
2264 1847 2360 1904 Dei
2394 1849 2613 1919 ﬁguras.

199 1930 390 2001 Μέγας
418 1932 536 1985 οὖν
568 1935 602 1986 ό
635 1932 781 1999 Θεὸς
809 1933 878 1986 ἐν
908 1933 1029 2000 τοῖς
1048 1935 1280 2004 Λο-γιίοις
1309 1935 1590 2004 ὑμνεῖται.
1619 1936 1691 1989 Οὐ

1866 1939 2093 2010 Magnus
2115 1940 2320 2011 quidem
2341 1939 2480 1996 Deus
2512 1941 2568 1995 in
2591 1939 2877 2011 Scripturis
2899 1941 3167 1996 laudatur.
3193 1940 3356 2004 Deus.

147 2023 260 2092 πρὸς
299 2023 732 2094 άντιπαράθεσιν
778 2027 806 2078 ὁ
851 2026 981 2090 Θεὸς
1034 2027 1206 2098 μέγας
1262 2029 1424 2098 φησιν
1476 2028 1688 2102 ἐτέρου,

147 2113 307 2181 ὥςπερ
357 2111 487 2183 βοῦς
521 2115 722 2185 μείζων
761 2117 1053 2188 προϐάτου,
1100 2120 1132 2189 ὴ
1181 2118 1387 2189 κύαμος
1432 2119 1691 2190 κέγχρου·

149 2207 258 2260 ἀλλὰ
279 2206 366 2261 διά
396 2207 459 2261 τὸ
487 2208 830 2280 ἁπαράθετον
868 2211 962 2263 καὶ
990 2209 1156 2274 ὅντως
1194 2210 1569 2281 ἀκατάληπτον
1601 2212 1698 2282 τῆς

149 2298 272 2363 θείας
311 2300 758 2371 μεγαλειότητοςο
797 2300 953 2355 τοῦτο
983 2300 1091 2372 γὰρ
1138 2302 1372 2372 ἐσήμανε
1410 2305 1472 2355 τὸ
1505 2302 1694 2368 ὶδίως,

149 2391 287 2461 how
313 2392 552 2464 ἰδιότητα
581 2391 770 2445 εἰπών.

207 2484 324 2555 §ll-.
371 2485 576 2554 Μέγας
619 2483 736 2554 μὲν
781 2485 894 2540 οὖν
942 2490 975 2540 ό
1025 2486 1168 2553 Θεὸς
1218 2486 1573 2556 ὀνομάζεται.
1631 2490 1695 2542 Et

150 2577 224 2630 καὶ
263 2577 552 2649 ἐρμηνεύει
597 2576 704 2629 τῶν
752 2578 844 2630 ἐπὶ
875 2576 1010 2631 Θεοῦ
1061 2579 1552 2649 κατηγορουμένων
1598 2578 1698 2644 τὰς

150 2670 532 2741 προσηγορίας,
595 2668 707 2722 ἀλλ’
759 2669 972 2740 ἀνάγκη
1013 2671 1312 2738 Γραφικαῐς
1371 2669 1696 2740 μαρτυρίαις

148 2760 320 2824 ταύτας
353 2759 652 2832 τρανῶσαι..
686 2760 886 2830 Μέγας
919 2761 1016 2832 μὲν
1042 2757 1134 2814 οῦν
1169 2760 1409 2832 εἴρηται,
1451 2760 1580 2814 ἔνθα
1607 2761 1697 2830 γέ-

147 2868 357 2923 γραπται
382 2867 396 2880 ·
429 2853 633 2922 Μέγας
676 2856 710 2906 ὁ
762 2855 974 2921 Κύριος
1005 2851 1206 2922 ἡμῶν,
1239 2853 1335 2907 καὶ
1379 2851 1610 2922 μεγάλη
1654 2854 1694 2921 ἠ

149 2945 301 3013 ἐσχὺς
328 2947 546 3009 αὐτοῦ,
582 2948 675 3000 καὶ
703 2947 801 3000 ὅσα
832 2945 1055 3000 τοιαῦτα
1084 2947 1146 2999 ἐν
1182 2949 1248 3017 τῇ
1290 2947 1478 3018 Γραφῇ
1497 2963 1510 2975 ·
1541 2945 1600 2998 τὸ
1637 2946 1696 2998 δέ

146 3027 260 3089 εἶναι
299 3039 392 3091 καὶ
413 3042 649 3107 μικρὸς,
693 3037 942 3108 δηλοῦται
989 3038 1047 3091 ἐν
1094 3038 1159 3109 τῇ
1206 3037 1364 3110 τρίτῃ
1391 3037 1496 3090 τῶν
1536 3037 1698 3090 Βασι-

146 3123 300 3191 λειιῖιν,
339 3127 469 3181 ἔνθα
496 3129 632 3199 φησὶ
661 3128 799 3200 πρὸς
831 3123 1022 3187 Ἠλίαν
1048 3128 1138 3183 τὸν
1177 3129 1460 3200 προφήτην
1481 3145 1494 3158 ⁸
1543 3127 1695 3183 Ἰδοὺ

146 3218 288 3286 φωνὴ
317 3220 507 3288 αὔρας
537 3219 798 3288 λεπτῆς,
831 3221 928 3274 καὶ
961 3220 1084 3274 ἐκεῖ
1111 3219 1351 3289 Κύριος’
1403 3218 1551 3290 δηλοῖ
1585 3218 1694 3291 γὰρ

1797 2032 1995 2102 inquit,
2030 2048 2140 2087 non
2170 2033 2372 2088 dicitur
2415 2048 2645 2102 magnus
2672 2049 2739 2089 ex
2778 2033 3186 2104 comparatione
3233 2049 3359 2088 cum

1797 2126 1998 2193 altero,
2047 2125 2190 2180 sicut
2232 2125 2331 2180 bos
2378 2125 2555 2204 major
2582 2140 2704 2192 ove,
2757 2133 2851 2180 aut
2890 2124 3012 2178 faba
3053 2126 3230 2192 milio;
3265 2125 3360 2180 sed

1796 2217 1924 2287 quia
1943 2217 2126 2274 divina
2153 2217 2470 2288 magnitudo
2492 2234 2591 2274 nec
2616 2217 2851 2273 conferri
2880 2233 3003 2272 cum
3031 2218 3233 2287 aliquo,
3261 2232 3362 2272 nec

1794 2326 1922 2366 vere
1967 2310 2354 2381 comprehendi
2411 2317 2628 2381 potest;
2666 2310 2768 2364 hoc
2804 2310 2948 2365 enim
2987 2310 3258 2382 signiﬁcat
3301 2310 3362 2363 τὸ

1799 2401 1941 2465 ἰδίως
1969 2418 2065 2457 seu
2096 2403 2484 2472 proprietatem
2516 2401 2770 2456 dicendo.

1867 2493 1895 2565 ᾗ
1925 2493 1989 2549 ll.
2021 2495 2096 2548 Ac
2119 2511 2340 2566 magnus
2374 2493 2581 2566 quidem
2611 2493 2751 2548 Deus
2785 2493 3097 2562 appellatur.
3128 2493 3242 2548 Etsi
3275 2494 3359 2548 in-

1797 2593 2122 2656 terpretetur
2152 2587 2544 2658 appellationes
2580 2602 2767 2642 eorum
2791 2601 2912 2656 quae
2938 2587 3003 2640 de
3041 2586 3152 2640 Deo
3190 2601 3362 2641 enun-

1795 2676 2034 2745 tiantur,
2085 2686 2270 2734 tamen
2317 2693 2540 2734 necesse
2597 2689 2680 2733 est
2706 2678 3032 2734 testimoniis
3070 2677 3364 2748 Scriptum

1795 2769 2010 2826 easdem
2041 2769 2338 2826 declarare.
2378 2771 2603 2843 Magnus
2629 2771 2844 2842 quidem
2865 2773 3066 2827 dicitur
3097 2771 3187 2826 ubi
3227 2771 3363 2826 seri-

1794 2869 1943 2931 ptum
1971 2870 2055 2919 est
2082 2882 2094 2917 :
2128 2861 2354 2932 Magnus
2388 2863 2642 2918 Dominus
2666 2875 2859 2928 noster,
2891 2873 2941 2917 et
2984 2881 3174 2932 magna
3201 2864 3360 2917 virtus

1793 2954 1907 3022 ejus
1930 2966 1980 3020 ιι,
2015 2962 2069 3010 et
2109 2971 2337 3025 qumque
2365 2955 2564 3010 similia
2588 2955 2642 3009 in
2673 2954 2987 3025 Scriptura:
3013 2956 3156 3024 quod
3180 2961 3361 3008 autem

1793 3045 1954 3099 etiam
1983 3061 2172 3114 parvus
2188 3047 2599 3108 sit,declaratur
2625 3046 2680 3100 in
2710 3047 2868 3101 tertio
2897 3045 3104 3116 Regum
3128 3054 3231 3108 νοι.
3265 3044 3361 3099 ubi

1794 3137 1927 3192 dicit
1951 3139 2224 3209 prophetae
2257 3138 2416 3194 Elite:
2457 3139 2586 3193 Ecce
2628 3155 2726 3193 vox
2759 3155 2905 3194 aura
2941 3140 3130 3202 tenuis,
3165 3146 3214 3192 et
3250 3137 3362 3190 illic

1795 3228 2072 3286 Dominus.
2099 3229 2345 3286 Declarat
2372 3232 2515 3286 enim
2540 3231 2718 3300 ipsum
2743 3231 2886 3285 velut
2911 3229 3364 3299 comprehensum

145 3307 206 3370 ὡς
232 3312 614 3382 περιεχόμενον
653 3311 814 3365 αὐτὸν
845 3312 948 3366 ὑπὸ
980 3313 1078 3383 τῆς
1107 3310 1295 3384 αὔρας,
1327 3314 1355 3366 ὅ
1394 3313 1509 3367 ἐστι
1570 3311 1694 3384 [λε-

1798 3325 2031 3388 abaura,
2054 3321 2197 3394 quod
2222 3332 2305 3379 est
2324 3321 2626 3396 [tenuitatis
2641 3321 2718 3395 et]
2745 3322 3048 3392 parvitatis.
3067 3319 3224 3388 Quod
3237 3334 3365 3375 vero

147 3404 381 3476 πτότητος
411 3405 532 3477 καὶ]
555 3406 932 3477 σμικρότητος
958 3405 1018 3458 τὸ
1038 3404 1092 3458 δὲ
1120 3405 1318 3471 αὐτὸς,
1339 3405 1480 3475 ἔχεις
1507 3404 1694 3458 ἐνταῦ-

147 3492 219 3554 θα,
247 3499 333 3550 καί
369 3499 430 3550 ἐν
474 3497 576 3569 τῷ,
612 3497 758 3568 Ἐγώ
787 3500 922 3566 εἰμι,
957 3496 1054 3550 καὶ
1082 3498 1209 3550 ὀὐκ
1239 3496 1586 3565 ἡλλοίωμαι.
1624 3496 1696 3550 Τὸ

145 3583 191 3636 δέ
219 3587 434 3656 ἕτερον,
467 3591 558 3643 ὅτε
598 3589 676 3660 τῷ
721 3589 972 3660 Ἰεζεκιὴλ
999 3588 1151 3660 ὤφθη
1198 3587 1274 3652 ὡς
1314 3588 1595 3662 ἄνθρωπος
1633 3591 1697 3644 ἐκ

145 3676 291 3746 πυρὸς
304 3678 396 3731 καὶ
417 3678 705 3749 ἠλέκτρου,
724 3679 817 3732 καὶ
841 3677 1083 3750 ἐτέρωθι’
1120 3681 1184 3730 Οἱ
1198 3677 1489 3748 ὀφθαλμοί
1511 3679 1697 3734 αὐτοῦ

142 3764 210 3830 ὠς
226 3768 554 3836 λαμπάδες,
591 3772 684 3824 καὶ
717 3770 786 3823 τὰ
811 3769 1003 3824 λοιπάο
1037 3771 1116 3835 ὠς
1146 3770 1304 3836 εἶδος
1336 3770 1566 3839 χαλκοῦ
1598 3769 1696 3824 καὶ

142 3857 426 3921 κλιϐάνου,
455 3862 596 3932 ὅπερ
629 3863 791 3934 φησὶν
829 3861 1077 3933 Ἰωάννης
1099 3863 1156 3914 ἐν
1187 3860 1571 3932 Ἀποκαλύψει·
1604 3863 1699 3915 καὶ

144 3941 343 4015 ὅμοιος,
375 3951 464 4003 ὅτε
505 3952 626 4005 καθ’
658 3954 950 4024 ὁμοιότητα
978 3952 1142 4007 αὑτοῦ
1173 3953 1318 4022 λέγει
1349 3954 1698 4025 δημιουργεῖν

141 4035 217 4088 νὺν
244 4038 544 4111 ἄνθρωπον.
584 4046 882 4114 Ἀνόμοιος
907 4047 984 4112 δὲ,
1009 4047 1066 4100 ἐν
1106 4047 1322 4118 Ἡσαΐᾳ,
1354 4047 1482 4100 ὅταν
1526 4045 1691 4119 λέγῃο

148 4128 247 4182 Τίνι
269 4149 346 4199 με
376 4133 740 4202 ὡμοιώσατε,
771 4135 932 4205 λέγει
977 4138 1220 4205 Κύριος,
1257 4138 1352 4191 ἆτε
1384 4137 1532 4192 οὐδὲν
1559 4137 1695 4208 έχων

145 4216 326 4287 ὅμοιον.
352 4225 462 4278 Καὶ
485 4224 678 4291 ἑστὼς
705 4227 797 4280 καὶ
831 4224 1698 4298 ἀκίνητος,ἐντῷλέγεινΜωῦσεϊ

145 4314 249 4382 περὶ
295 4316 393 4386 τῆς
454 4317 681 4388 πέτρας,
719 4314 863 4374 Ὧδε
906 4319 1020 4388 ἐγὼ
1049 4319 1277 4386 ἕστηκα
1330 4316 1443 4386 πρὸ
1484 4319 1590 4372 τοῦ
1621 4336 1695 4373 σε

143 4400 269 4459 εἶναι
310 4408 470 4472 ἐκεῖ,
507 4412 599 4463 καὶ
645 4410 714 4463 τὰ
755 4412 933 4482 ὃμοια.
986 4411 1331 4480 Καθήμενος
1360 4411 1415 4464 δέ
1440 4450 1455 4474 ,
1492 4410 1618 4465 ἔνθα
1665 4413 1694 4465 ὁ

143 4491 332 4568 Βαρούχ
365 4517 498 4571 φησι
520 4519 534 4534 ν
578 4501 662 4555 Σὺ
696 4501 1027 4572 καθήμενος
1059 4505 1146 4569 εις
1189 4501 1296 4557 τὸν
1342 4502 1559 4569 αἰῶνα,
1594 4503 1692 4558 καὶ

143 4583 286 4654 ἡμεῖς
315 4590 722 4660 ἀπολλύμενοι
752 4595 838 4658 εἰς
867 4591 974 4646 τὸν
1017 4591 1232 4646 αἰῶνα·
1270 4593 1364 4647 καὶ
1406 4592 1584 4647 πάλιν·
1633 4595 1693 4647 '0

1798 3432 1998 3485 semper
2024 3415 2160 3470 idem
2185 3415 2275 3481 sit,
2292 3415 2573 3472 habeshoc
2596 3415 2746 3470 loco:
2769 3413 2878 3486 Ego
2908 3431 3026 3470 sum
3050 3422 3098 3468 et
3124 3429 3226 3467 non
3248 3427 3367 3466 mu-

1798 3517 1880 3562 tor
1898 3517 1958 3574 3';
1981 3507 2129 3562 aliud
2155 3523 2302 3571 vero,
2332 3507 2549 3578 quando
2572 3508 2721 3564 visus
2754 3515 2839 3564 est
2861 3507 2927 3562 ab
2941 3505 3222 3561 Ezechiele
3251 3512 3366 3558 tan-

1797 3615 1967 3669 quam.
1989 3599 2150 3654 homo
2183 3615 2250 3655 ex
2282 3601 2404 3671 igne
2431 3607 2484 3655 et
2505 3600 2706 3655 electro
2731 3610 2776 3665 ι,
2804 3607 2857 3653 et
2883 3599 3040 3654 alibi:
3067 3598 3220 3654 Oculi
3248 3599 3362 3667 ejus

1799 3702 2046 3762 tanquam
2072 3691 2338 3760 lampades
2355 3705 2380 3733 α
2399 3731 2416 3757 ,
2439 3699 2492 3746 et
2506 3693 2730 3762 reliqua;
2753 3701 2807 3744 ut
2830 3693 3022 3760 species
3037 3691 3157 3745 wris
3185 3700 3232 3744 et
3249 3689 3362 3758 for-

1797 3786 1965 3848 nacis,
1994 3783 2139 3855 quod
2168 3784 2243 3838 ait
2273 3781 2512 3840 Joannes
2545 3785 2598 3838 in
2627 3784 2950 3854 Apocalypsi
2976 3784 3030 3849 b;
3063 3790 3118 3838 et
3145 3781 3362 3845 similis,

1796 3891 1920 3929 cum
1970 3874 2169 3934 dicitur
2221 3876 2519 3930 secundum
2545 3877 2954 3931 similitudinem
2973 3891 3126 3930 suam
3145 3889 3364 3930 creasse

1797 3965 2089 4021 hominem.
2123 3965 2410 4019 Dissimilis
2439 3975 2640 4028 autem,
2671 3969 2724 4021 in
2751 3966 3180 4036 Isaia°,quando
3203 3967 3360 4030 dicit,

1797 4054 1900 4109 Cui
1928 4072 2008 4110 me
2049 4059 2410 4122 assimilastis,
2454 4058 2581 4112 dicit
2622 4057 2908 4120 Dominus,
2953 4066 3210 4126 tanquam
3240 4057 3364 4110 nul-

1797 4147 1907 4201 lum
1947 4147 2153 4203 habens
2193 4149 2390 4204 simile.
2434 4148 2498 4203 Et
2543 4159 2690 4204 stans
2717 4190 2730 4215 ,
2768 4159 2823 4205 et
2869 4151 3153 4205 immobilis
3180 4191 3196 4216 ,
3233 4166 3360 4206 cum

1798 4236 1968 4310 Moysi
2030 4240 2097 4294 de
2149 4249 2301 4310 petra
2357 4241 2541 4297 dicit:
2600 4241 2702 4295 llic
2742 4258 2832 4312 ego
2894 4243 3016 4297 steti
3081 4251 3362 4313 antequam

1799 4339 1855 4384 tu
1884 4349 2022 4387 esses
2060 4333 2202 4398 illic,
2229 4341 2282 4388 et
2324 4335 2552 4400 similia;
2588 4336 2768 4390 sedens
2817 4351 2962 4401 vero,
3005 4336 3097 4391 ubi
3145 4335 3360 4390 Baruch

1795 4424 2008 4480 dicitd:
2063 4425 2142 4480 Tu
2176 4426 2320 4482 sedes
2357 4428 2410 4481 in
2449 4437 2722 4492 aeternum,
2761 4439 2808 4482 et
2853 4447 2946 4483 nos
2989 4430 3271 4498 peribimus
3305 4431 3360 4485 in

1795 4532 1997 4581 azvum;
2027 4525 2080 4572 et
2109 4519 2301 4572 iterum
2325 4539 2336 4573 :
2372 4521 2473 4586 Qui
2497 4520 2636 4574 sedet
2659 4537 2812 4590 super
2831 4521 3096 4575 cherubim
3117 4533 3161 4576 ε.
3182 4521 3360 4577 Motus

1795 4623 1955 4666 vero.
1999 4619 2059 4664 ut
2087 4611 2304 4680 quando
2330 4613 2496 4667 dicit:
2531 4613 2594 4666 Et
2626 4616 2864 4668 ascendit
2897 4631 3050 4683 super
3073 4614 3358 4679 cherubim,

143 4678 449 4768 καθήμενος
479 4683 579 4736 ἐπὶ
617 4682 734 4736 τῶν
763 4685 1063 4755 χερουεὶμ.
1096 4685 1459 4754 Κινούμενος
1488 4685 1544 4740 δέ
1567 4725 1582 4749 ,
1617 4687 1693 4750 ὡς

1798 4709 1846 4752 et
1870 4701 2062 4756 volavit
2090 4702 2134 4766 ί,
2158 4717 2222 4757 ac
2255 4704 2448 4759 iterum
2478 4725 2490 4758 :
2535 4705 2732 4768 Venite,
2761 4706 3136 4762 descendemus
3158 4719 3206 4761 et
3236 4725 3361 4761 con-

140 4764 248 4821 ὅταν
272 4771 402 4846 λέγῃ
420 4791 434 4804 ο
465 4773 578 4827 Καὶ
597 4774 776 4842 ἐπέϐη
801 4775 898 4828 ἐπὶ
923 4777 1222 4846 χερουϐὶμ,
1247 4777 1345 4830 καὶ
1365 4778 1686 4848 ἐπετάσθηο

111 4858 229 4950 ’καί
259 4863 415 4916 πάλιν
443 4881 456 4896 ο
515 4865 693 4919 Δεῦτε
745 4868 1105 4935 καταϐάντες
1136 4909 1150 4933 ,
1197 4872 1544 4940 συγχέωμεν
1585 4870 1692 4937 τὰς

141 4949 398 5020 γλώσσας
453 4955 686 5010 αὐτῶν
738 4960 864 5024 καὶ,
911 4962 1195 5015 "Easter-er
1243 4961 1539 5030 οὐρανοὺς
1592 4963 1690 5018 καὶ

142 5041 353 5111 κατέϐη.
382 5048 492 5100 Καὶ
521 5045 693 5102 ταῦτα
729 5050 826 5120 μὲν
853 5050 974 5105 νῦν’
1006 5053 1063 5106 ἐν
1092 5052 1149 5105 δὲ
1178 5055 1299 5117 ταῖς
1343 5053 1482 5108 κατὰ
1527 5054 1692 5126 μέρος

142 5129 429 5206 ὲξηγὴσεσι,
459 5141 528 5192 τά
553 5140 746 5196 δέοντα
771 5143 1245 5216 σαφηνισθήσεται.

203 5225 265 5278 Τὸ
305 5229 554 5298 μέγεθος
591 5233 766 5289 τοῦτο
805 5236 902 5289 καὶ
949 5237 1196 5304 ἄπειρόν
1240 5237 1426 5292 ἐστιν.
1474 5238 1690 5311 Ἐπειδὴ

143 5319 428 5374 παντέλειον
458 5323 634 5394 πέρας
677 5325 788 5396 ἔχει
820 5330 848 5378 ὀ
880 5327 1040 5392 Θεὸς,
1075 5329 1166 5381 καὶ
1199 5330 1542 5401 ὑπερτέλειος
1571 5330 1648 5384 ὢν
1669 5371 1686 5398 ι

144 5408 219 5459 καὶ
244 5412 606 5485 ὑπεράπειρός
625 5417 791 5481 ἐστιν,
807 5419 882 5482 ὡς
893 5419 973 5483 τὸ,
993 5421 1100 5473 Καὶ
1121 5419 1230 5488 τῆς
1239 5421 1564 5488 ,βασιλείας
1580 5425 1687 5477 αὐ-

1794 4792 2079 4861 {undamus
2123 4795 2330 4865 linguas
2367 4813 2545 4850 eorum
2574 4801 2617 4852 ⁸.
2659 4799 2755 4853 Et:
2803 4799 3084 4854 Inclinavit
3122 4801 3276 4854 ctrlos
3309 4809 3362 4854 et

1792 4883 2119 4950 descendith,
2147 4894 2200 4941 et
2233 4888 2345 4941 haec
2379 4889 2596 4958 quidem
2631 4891 2811 4946 modo.
2848 4893 2901 4946 ln
2937 4893 3358 4963 particularibus

1793 4984 1971 5032 autem
2019 4979 2470 5048 explicationibus
2499 5020 2514 5041 ,
2567 4983 2711 5050 quod
2773 4986 3144 5038 necessarium
3195 4981 3356 5035 fuerit

1791 5078 2107 5149 exponetur.

1863 5243 2023 5312 203
2062 5243 2376 5314 Magnitudo
2405 5245 2515 5298 lucc
2543 5256 2590 5300 et
2621 5248 2833 5316 infinita
2875 5259 2970 5304 cst.
3005 5245 3354 5314 Quandoqui-

1791 5333 1913 5389 dem
1940 5334 2083 5391 Deus
2116 5335 2272 5390 finem
2305 5339 2528 5392 omnino
2558 5339 2852 5407 perfectum
2888 5340 3100 5400 habeat,
3129 5353 3252 5390 cum
3282 5336 3355 5391 sit

1791 5441 1954 5496 supra
1981 5425 2370 5496 perfectionem
2425 5444 2520 5484 seu
2566 5431 2748 5498 ﬁnem,
2781 5431 2943 5486 etiam
2975 5443 3138 5498 supra
3171 5428 3353 5483 inlini-

143 5499 240 5592 τοῦ
265 5507 372 5557 οὐκ
415 5507 584 5560 ἔσται
624 5508 806 5576 πέρας
823 5523 836 5536 ⁸
873 5511 1009 5564 ἀλλὰ
1031 5513 1123 5567 καὶ
1154 5513 1294 5584 ὑπὲρ
1327 5514 1503 5570 πάντα
1540 5517 1686 5572 ἐστὶν

1798 5526 1955 5575 tatem
1983 5520 2114 5586 erit,
2140 5527 2201 5576 ut
2237 5520 2409 5576 illud:
2446 5520 2516 5576 Et
2539 5523 2682 5592 regni
2720 5523 2834 5592 ejus
2867 5538 2969 5575 non
2999 5521 3098 5574 erit
3132 5521 3255 5588 ﬁnis
3284 5518 3302 5559 ί
3335 5539 3350 5576 :

141 5585 357 5662 ἀριθμόν
375 5613 388 5626 ο
412 5599 458 5651 εί
485 5597 592 5670 γὰρ
619 5599 710 5652 καὶ
733 5600 942 5669 λέγοιτο
966 5605 994 5656 ὁ
1009 5604 1138 5668 Θεὸς
1152 5600 1232 5668 εἷς
1249 5606 1438 5672 καὶέν,
1455 5604 1686 5663 ἀλλὀῦν

1798 5613 2084 5683 quinetiam
2137 5629 2355 5670 omnem
2404 5630 2691 5671 numerum
2741 5621 3010 5686 superat:
3058 5613 3162 5669 etsi
3206 5613 3354 5668 enim

240 5755 263 5781 ιι
297 5744 433 5801 Psal.
470 5766 648 5818 chvr,
684 5753 736 5810 5.

141 5805 171 5844 δ
200 5810 307 5883 Cap
361 5833 431 5883 nr,
467 5837 516 5874 ν.
553 5805 608 5877 ‘2.

139 5891 227 5944 ιι,
265 5882 310 5937 7.

833 5762 915 5791 ’ἰ
948 5754 1079 5826 Cap.
1117 5774 1206 5813 xxx
1233 5798 1250 5825 ,
1344 5777 1396 5816 v.
1453 5761 1542 5819 12.

717 5836 739 5864 ο
771 5825 900 5896 Cap.
933 5825 1111 5896 114v.
1145 5828 1235 5885 25.

402 5889 427 5928 ιι
463 5887 502 5943 ιι
536 5890 805 5964 Regxxu,
846 5887 929 5951 l0.
1009 5887 1047 5938 ’ί
1091 5897 1220 5955 Luc.
1259 5916 1297 5969 ι,
1333 5901 1420 5957 33.

1637 5771 1668 5812 γ
1701 5763 1826 5820 Mal.
1865 5779 1948 5829 ιιι,
1984 5765 2037 5820 6.

1330 5829 1525 5916 ξ-Οιιρ.
1562 5847 1646 5900 ιιι,
1691 5850 1751 5916 v.
1781 5835 1838 5892 5.

2146 5777 2168 5804 ι
2212 5767 2409 5830 Ezech.
2471 5783 2521 5837 ι,
2555 5767 2646 5838 εϐέ
2695 5765 2786 5838 27.
2884 5766 2926 5838 ai
2948 5764 3083 5838 Dan.
3145 5782 3250 5838 x,_
3287 5767 3340 5819 ϐ.

1934 5846 1962 5878 ι
1992 5835 2139 5895 Psal.
2175 5855 2360 5899 xcvnt.
2397 5838 2449 5895 1.
2506 5833 2515 5837 ’
2552 5837 2570 5878 ί
2609 5833 2927 5908 Psal._xvn,
2965 5837 3052 5893 ll.
3152 5838 3179 5879 ⁸
3211 5833 3348 5891 Gen.
