3896 6540
521 453 622 513 571

1316 451 1659 506 Αιονωυιλ
1687 448 1779 502 AD
1813 444 2035 502 OPERA
2069 443 2128 500 S.
2168 439 2464 498 DlON'iSli
2491 437 2968 498 AREOPAGITIE.

3634 430 3732 485 373

517 572 664 626 Deus
709 570 921 626 dicatur
966 584 1106 624 unus
1153 575 1210 623 et
1252 582 1447 630 unum,
1490 571 1728 617 attamen
1777 568 1861 615 est
1909 573 2073 628 supra

2177 557 2315 629 ὑπὲρ
2343 557 2404 611 τὸ
2433 555 2491 609 ἓν
2521 557 2657 610 ἐστι.
2677 553 2896 624 Κυρίως
2931 553 3027 623 μὲν
3057 550 3166 622 γὰρ
3195 549 3255 604 τὸ
3284 548 3354 604 ἐν
3383 547 3568 618 σχέσιν
3594 545 3734 616 δηλοῖ

517 681 708 721 unum.
744 663 912 718 Unum
952 662 1096 718 enim
1145 659 1366 730 proprie
1415 656 1808 712 connexiouem
1837 652 2076 708 declarat

517 773 646 814 cum
690 756 876 811 multis
910 753 1154 809 numeris
1184 753 1276 823 qui
1307 751 1373 806 ab
1418 751 1538 820 ipso
1573 755 1791 811 exeunt,
1831 757 1884 802 et
1913 746 2075 822 veluti

455 864 468 880 α
516 849 846 924 principium
877 845 1240 901 multitudinis
1283 855 1631 897 numerorum
1664 855 1786 894 esse
1823 837 2073 892 videtur:

515 947 700 996 tamen
746 938 888 996 Deus
926 937 1182 1007 dignatus
1222 944 1306 990 est
1352 935 1513 990 etiam
1557 949 1624 987 ex
1665 931 1773 985 illis
1800 945 1918 1000 quae
1948 939 2100 999 pro-'

517 1034 672 1089 duxit
699 1049 860 1086 unum
900 1045 1154 1086 sumere:
1202 1027 1460 1098 quoniam
1503 1041 1700 1089 unum,
1729 1030 1812 1079 est
1854 1022 2079 1092 simplex

517 1131 572 1180 et
611 1123 949 1179 individuum
979 1122 1036 1175 in
1080 1121 1294 1190 seipso,
1332 1125 1387 1174 et
1435 1117 1655 1173 minime
1681 1113 2075 1183 compositum:

515 1223 888 1272 verumtamen
935 1215 1098 1269 etiam
1155 1213 1236 1268 sic
1279 1211 1616 1282 ὑπερήνιιπαι
1649 1223 1744 1263 seu
1787 1216 1871 1261 est
1915 1220 2078 1274 supra

515 1323 687 1364 unum
712 1327 726 1363 :
753 1306 872 1363 ideo
901 1305 1124 1371 dicitur,
1152 1304 1222 1358 Et
1246 1303 1477 1358 scientia:
1505 1301 1620 1371 ejus
1669 1316 1771 1354 non
1794 1288 2082 1353 est'nume-

515 1419 612 1458 rus
636 1403 686 1458 ι.

594 1494 623 1565 ς
652 1492 743 1549 lll.
774 1492 864 1549 Sic
893 1493 1052 1562 igitur
1092 1505 1310 1560 parvum
1338 1489 1393 1542 in
1431 1487 1559 1542 Deo.
1595 1484 1731 1540 Nam
1771 1499 1961 1539 omnes
1991 1493 2098 1537 res‘

517 1593 575 1641 et
603 1586 758 1640 valde
793 1600 1002 1655 magna:
1047 1589 1100 1638 et
1137 1581 1294 1638 valde
1329 1595 1508 1650 parvae
1554 1577 1883 1649 participant
1927 1575 2080 1644 parvi

519 1677 994 1733 communionem:
1041 1675 1186 1729 nulla
1221 1673 1365 1728 enim
1410 1687 1499 1727 res
1521 1669 1708 1740 etllugit
1751 1683 1976 1739 parvum
2024 1668 2079 1720 in

517 1771 792 1834 omnibus,
826 1775 918 1823 aut
947 1769 1074 1839 quia
1106 1782 1169 1821 ex
1207 1778 1374 1836 parvo
1416 1764 1480 1818 ad
1521 1763 1698 1832 majus
1737 1760 2081 1831 progreditur

2175 649 2311 722 πρὸς
2352 649 2477 712 τοὺς
2525 646 2584 712 ἐξ
2631 646 2793 701 αὑτοῦ
2825 643 3050 708 πολλοὺς
3079 642 3343 714 ἀριθμοὺς
3365 680 3379 704 ,
3438 639 3535 694 καὶ
3583 641 3736 694 οἱονεὶ

2176 743 2317 814 ἀρχὴ
2367 741 2602 813 πλήθους
2641 738 2886 812 ἀριθμῶν
2945 733 3081 791 εἶναι
3122 737 3298 790 δοκεῖ’
3333 735 3482 806 ὅμως
3511 730 3736 803 ἠξίωσεν

2175 837 2204 888 6
2238 835 2368 898 Θεὸς
2399 834 2490 887 καὶ
2519 833 2580 886 τὸ
2608 831 2686 886 ἐν’
2707 832 2772 885 ὲκ
2801 830 2908 883 τῶν
2941 829 3000 895 ἐξ
3030 828 3192 883 αὐτοῦ
3235 826 3488 894 δέξασθαι
3507 865 3522 888 ,
3558 823 3736 896 ἐπειδὴ

2175 927 2236 980 τὸ
2265 925 2333 979 ἐν
2362 925 2564 980 ἁπλοῦν
2594 925 2708 976 ὲστι
2743 923 2837 976 καὶ
2863 921 3067 994 ἀμερὲς
3096 920 3216 974 καθ’
3249 919 3428 983 ἑαυτὸ,
3454 917 3550 972 καὶ
3580 915 3735 970 ἀσύν-

2178 1018 2363 1072 θετονε
2395 1016 2530 1071 ἀλλά
2560 1017 2653 1071 καὶ
2691 1013 2861 1078 οὕτως
2892 1014 3231 1086 ὑπερήνωται
3251 1051 3266 1076 ,
3298 1011 3418 1064 ἀντὶ
3447 1008 3566 1073 τοῦ,
3604 1006 3734 1077 ὑπὲρ

2177 1109 2240 1162 τὸ
2264 1109 2322 1162 ἓν
2351 1110 2465 1160 ἐστι
2483 1124 2497 1138 ο
2521 1106 2599 1159 διδ
2622 1106 2854 1177 εἴρηται,
2885 1103 2995 1158 Καὶ
3018 1101 3129 1172 τῆς
3154 1100 3459 1167 συνέσεως
3479 1099 3531 1130 ⁷³
3557 1095 3735 1153 αὑτοῦ

2179 1206 2289 1257 οὐκ
2319 1204 2491 1257 ἐστιν
2517 1200 2779 1269 ἀριθμός.

2178 1494 2190 1516 '
2253 1494 2280 1567 ᾗ
2314 1492 2401 1549 lll.
2437 1492 2632 1557 Οὕτως
2675 1488 2787 1544 οὖν
2815 1487 2912 1540 ἐπὶ
2951 1483 3097 1539 Θεοῦ
3141 1482 3207 1538 τὸ
3238 1480 3509 1552 σμικρόν.
3559 1477 3737 1533 Πάντα

2179 1585 2288 1657 γάρ
2317 1584 2386 1638 τὰ
2422 1583 2578 1648 ὄντα,
2613 1581 2705 1636 καὶ
2733 1579 2800 1634 τὰ
2830 1579 2948 1632 λίαν
2992 1575 3230 1649 μεγάλα,
3263 1574 3358 1627 καὶ
3385 1570 3455 1625 τὰ
3482 1571 3623 1640 ἄγαν
3659 1587 3740 1641 μι-

2181 1677 2309 1749 κρὰ,
2336 1675 2617 1748 μετέχουσι
2647 1672 2746 1742 τῆς
2773 1671 2866 1725 τοῦ
2897 1667 3092 1741 μικροῦ
3121 1665 3440 1738 μετουσίας*
3461 1661 3611 1716 οὐδὲν
3635 1659 3738 1732 γὰρ

2179 1773 2286 1826 τῶν
2325 1771 2490 1824 ὄντων
2519 1767 2738 1837 διέφυγε
2775 1764 2837 1817 τὸ
2881 1761 3110 1834 σμικρὸν
3159 1760 3216 1813 ὲν
3259 1759 3421 1811 πᾶσιν
3452 1752 3738 1823 ἀναφαινό-

520 1862 665 1932 quod
689 1870 933 1932 augetur,
965 1859 1084 1914 haec
1113 1857 1246 1911 dicit
1271 1856 1453 1915 Pater.
1483 1861 1577 1909 aut
1606 1854 1733 1925 quia
1771 1867 1995 1922 parvum
2023 1851 2075 1905 in

2185 1879 2369 1934 μενον⁶
2402 1862 2437 1932 ἢ
2481 1861 2561 1914 ὅτι
2593 1860 2658 1912 ὲκ
2692 1853 2886 1928 μικροῦ
2919 1853 3055 1925 πρὸς
3101 1851 3162 1904 τὸ
3207 1847 3387 1921 μεῖξον
3418 1846 3635 1917 πρόεισι
3679 1843 3742 1896 τὰ

521 1954 712 2024 majori
755 1953 1132 2008 consideratur
1152 1992 1166 2017 ,
1190 1958 1246 2006 et
1291 1965 1396 2004 non
1442 1948 1620 2018 majus
1648 1948 1704 2002 in
1727 1960 1915 2018 parvo,
1945 1959 2075 2016 qua-

2179 1957 2236 2008 ὲν
2255 1952 2498 2025 αὐξήσει,
2523 1949 2680 2004 τοῦτό
2709 1965 2870 2020 φησιν
2901 1948 2928 2000 ὁ
2960 1946 3166 2016 Πατήρ·
3190 1943 3222 2014 ἢ
3249 1943 3329 1995 ὅτι
3359 1943 3414 1994 ὲν
3440 1939 3519 2009 τῷ
3542 1938 3741 2009 μείζονι

521 2053 678 2102 tenus
717 2046 893 2115 majus
920 2054 1020 2100 est.

596 2249 659 2302 Et
687 2249 1002 2318 pertingens.
1043 2243 1180 2298 Hinc
1224 2243 1627 2298 demonstratur
1665 2241 1921 2297 velocitas
1953 2255 2079 2310 pro-

505 2349 726 2402 gressus
769 2331 864 2389 Dei
911 2332 980 2388 ad
1027 2333 1366 2402 incorporea.
1409 2328 1544 2385 Nam
1596 2329 1726 2385 illud
1775 2331 2080 2404 pertingere

506 2441 682 2496 usque
725 2425 793 2480 ad
836 2426 1160 2481 divisionem
1205 2425 1401 2479 anima:
1442 2431 1495 2479 et
1527 2423 1781 2492 spiritus;
1814 2439 1902 2479 res
1933 2425 2078 2478 enim

506 2519 583 2572 ita
608 2533 667 2572 se
702 2517 896 2582 habet;
931 2518 1035 2572 hoc
1067 2515 1305 2572 declarat
1329 2515 1473 2584 quod
1501 2514 1662 2568 etiam
1694 2515 1871 2586 ipsum
1902 2515 2082 2568 incor-

504 2624 733 2682 poreum
782 2609 1054 2664 uniforme
1095 2609 1291 2663 anima!
1328 2623 1360 2662 a
1400 2606 1508 2661 Deo
1538 2607 1702 2662 dividi
1732 2607 1922 2676 possit.
1961 2607 2082 2660 Ideo

505 2700 652 2758 Deus
683 2703 1036 2775 cogitationes
1058 2716 1276 2772 quoque
1307 2699 1557 2772 intelligit
1587 2715 1723 2770 quas
1755 2716 1908 2754 meus
1935 2711 2079 2753 mota

505 2805 564 2851 et
599 2797 1102 2866 operatus-cogitat,
1152 2810 1274 2864 quae
1316 2802 1495 2849 tamen
1546 2792 1781 2848 maxime
1826 2794 2080 2862 incorpo-

405 2913 414 2928 ·
503 2906 614 2948 reae
651 2899 704 2945 et
742 2888 1249 2960 individuze;(quid
1295 2888 1438 2942 enim
1481 2887 1622 2942 inter
1658 2885 1986 2942 intellectum
2027 2896 2081 2942 et

502 2981 990 3051 intellectionem?)
1059 2979 1202 3034 Deus
1243 2980 1452 3034 medius
1489 2987 1750 3049 penetrat.
1775 2978 1916 3034 sicut
1947 2977 2082 3034 dici-

511 3073 604 3120 tur
632 3082 646 3118 :
677 3066 755 3121 Tu
781 3068 1096 3122 intellexisti
1112 3067 1451 3137 cogitationes
1478 3083 1616 3120 meas
1643 3065 1706 3120 de
1729 3063 1937 3135 longel;
1980 3064 2075 3119 sed

511 3157 678 3211 etiam
695 3159 836 3212 inter
863 3158 1098 3212 animam
1122 3166 1175 3213 et
1195 3158 1468 3228 spiritum,
1488 3157 1543 3211 id
1562 3165 1647 3213 est
1670 3159 1725 3211 in
1756 3172 1864 3226 quo
1879 3171 2074 3211 sensus

2176 2047 2238 2099 τὸ
2272 2046 2464 2118 μικρὸν
2496 2044 2857 2115 ένθεωρεῖται,
2889 2039 2983 2093 καὶ⁴
3015 2039 3113 2091 οὐκ
3139 2035 3200 2090 ἐν
3226 2034 3305 2107 τῷ
3338 2030 3521 2105 μικρῴ
3547 2030 3609 2084 τὸ
3633 2031 3743 2101 μετ-

2179 2141 2267 2205 ζον
2287 2141 2406 2193 κατ’
2438 2137 2567 2192 αὐτὸ
2596 2135 2656 2189 τὸ
2687 2133 2868 2206 μεῖζον
2903 2127 3060 2184 εἶναι.

2245 2231 2355 2285 Καὶ
2382 2229 2810 2296 διικνούμενον.
2845 2223 2916 2277 Τδ
2951 2218 3337 2294 ὑπεροξύτερον
3364 2215 3463 2288 τῆς
3491 2212 3586 2267 τοῦ
3611 2209 3742 2266 Θεοῦ

2177 2322 2270 2374 καὶ
2301 2321 2390 2373 ἐπὶ
2427 2319 2495 2372 τά
2540 2316 2805 2388 ἀσώματα
2834 2316 3124 2387 χωρήσεως
3165 2308 3409 2364 ἐντεῦθεν
3459 2303 3739 2377 δηλοῦται·

2175 2413 2235 2466 τὸ
2261 2411 2368 2482 γὰρ
2412 2407 2724 2463 διικνεῖσθαι
2772 2408 2898 2478 ἄχρι
2941 2401 3204 2477 μερισμοῦ
3252 2399 3431 2470 ψυχῆς
3460 2398 3556 2451 καὶ
3589 2393 3745 2448 πνεύ-

2180 2519 2361 2575 ματος
2377 2501 2518 2555 οὕτω
2539 2501 2645 2572 γὰρ
2671 2500 2813 2570 ἔχειν
2836 2493 2996 2556 δοκεῖ’
3024 2495 3181 2550 τοῦτο
3194 2493 3479 2562 ἀποφαίνει
3516 2530 3531 2553 ,
3552 2490 3636 2542 δτι
3660 2487 3746 2541 καὶ

2176 2596 2307 2650 αὐτὸ
2335 2595 2394 2648 τὸ
2425 2593 2709 2664 ἀσώματον
2739 2593 2836 2663 τῆς
2879 2589 3056 2660 ψυχῆς
3086 2586 3311 2649 ένοειδὲς
3344 2585 3448 2638 ὑπὸ
3478 2581 3575 2635 τοῦ
3612 2578 3743 2633 Θεοῦ

2175 2686 2492 2759 διαιρεῖσθαι
2519 2685 2753 2739 δύναται.
2789 2682 2880 2736 Διὸ
2911 2682 3004 2735 καὶ
3032 2680 3130 2743 τὰς
3176 2678 3380 2740 ἐννοίας
3405 2678 3434 2730 6
3464 2673 3598 2737 Θεδς
3617 2674 3743 2733 νοεῖ,

2174 2779 2242 2842 ἀς
2271 2780 2300 2832 ὁ
2331 2778 2454 2842 νοῦς
2485 2777 2798 2848 κινούμενος
2828 2774 2919 2828 καὶ
2949 2771 3184 2844 ἐνεργῶν
3214 2771 3344 2832 νοεῖ,
3374 2767 3468 2821 καὶ
3496 2767 3598 2837 τῆς
3631 2779 3748 2816 τοσ-

2173 2869 2345 2941 αύτης
2390 2869 2705 2940 ἀσωματίας
2747 2867 2840 2920 καὶ
2884 2862 3249 2936 ἀδιαιρεσίας·
3285 2857 3371 2932 (τί
3403 2857 3514 2928 γὰρ
3546 2854 3746 2928 μεταξὺ

2176 2961 2267 3015 νοῦ
2317 2961 2412 3014 καὶ
2460 2957 2770 3032 νοήσεως;)
2815 2959 2843 3011 6
2888 2957 3018 3019 Θεὸς
3071 2955 3231 3026 μέσος
3275 2953 3482 3022 χωρεῖ,
3533 2947 3610 3012 ὡς
3660 2945 3747 3000 καὶ

2177 3053 2416 3125 εἴρηται·
2448 3051 2531 3106 Σὺ
2562 3049 2836 3118 συνῆκας
2870 3048 3010 3113 τοὺς
3041 3042 3467 3114 διαλογισμούς
3489 3057 3612 3110 μου
3632 3035 3747 3091 ἀπὸ

2170 3133 2496 3216 μακρόθεν·
2553 3143 2687 3198 ἀλλά
2735 3143 2830 3196 καὶ
2881 3139 3080 3212 μεταξὺ
3128 3138 3228 3209 τῆς
3271 3135 3449 3206 ψυχῆς
3504 3132 3600 3186 καὶ
3657 3127 3746 3182 τοῦ

511 3246 790 3303 stabilitos
829 3249 1125 3313 habemus,
1158 3224 1254 3318 per
1280 3249 1424 3319 quod
1463 3249 1625 3304 etiam
1675 3224 1853 3303 anima
1900 3249 2075 3303 sensi—

2181 3238 2507 3310 πνεύματος,
2540 3236 2815 3290 τουτέστιν
2847 3235 2905 3287 ἐν
2948 3224 2992 3302 ᾧ
3027 3231 3126 3305 τὰς
3157 3228 3434 3298 αἰσθήσεις
3464 3225 3749 3293 ὲπεστηρι-

511 3337 657 3392 libus
701 3339 966 3423 intendit,
994 3349 1074 3394 ‘et
1120 3341 1229 3394 vim
1288 3311 1625 3410 intelligendi
1678 3339 2075 3410 Speculationes

2177 3330 2380 3401 γμένας
2427 3328 2656 3400 ἔχομεν,
2708 3326 2774 3380 δι’
2831 3319 2892 3379 οὗ
2932 3325 3025 3379 καὶ
3064 3325 3176 3385 τοῖς
3214 3319 3488 3388 αἰσθητοῖς
3527 3318 3562 3387 ἡ
3609 3311 3748 3384 ψυχὴ

509 3421 817 3496 habemus,
864 3431 1007 3487 Deus
1067 3433 1184 3488 sine
1229 3432 1617 3502 impedimento
1654 3407 1870 3485 transit.
1919 3429 2075 3485 llunc

2177 3422 2522 3493 προσϐάλλει,
2553 3421 2647 3474 καὶ
2677 3419 2738 3473 τὸ
2767 3415 3101 3488 διανοητικδν
3119 3413 3226 3466 τῶν
3260 3410 3502 3479 σκέψεων
3536 3407 3746 3477 ἔχομεν,

508 3539 643 3580 vero
671 3525 923 3596 spiritum
961 3525 1234 3595 sapientes
1261 3522 1569 3578 Graecorum
1607 3531 1805 3576 vocant
1845 3521 2075 3575 faculta-

507 3624 640 3684 tem,
663 3625 716 3672 et
738 3617 900 3672 veluti
928 3615 1227 3672 secundam
1244 3615 1480 3669 animam
1504 3615 1818 3670 sensitivam
1846 3614 2070 3668 animae:

509 3707 642 3782 ergo
669 3711 848 3764 anima
898 3709 1015 3764 haec
1062 3707 1324 3764 sensitiva
1365 3714 1612 3777 penetrat
1657 3722 1828 3775 usque
1864 3706 1930 3760 ad
1962 3721 2074 3759 me-

507 3803 690 3860 dullas
719 3812 774 3858 et
801 3817 988 3867 venas,
1013 3809 1066 3857 et
1099 3799 1357 3863 arterias,
1386 3805 1439 3854 et
1467 3813 1614 3863 ossa,
1651 3806 1704 3853 et
1733 3805 1905 3852 totum
1952 3811 2074 3850 cor-

499 3909 632 3968 pus.

579 4073 609 4146 §
658 4073 749 4130 IV.
798 4074 955 4142 Quod
994 4090 1100 4128 non
1144 4080 1312 4140 potest
1351 4069 1532 4129 minui,
1566 4070 1876 4140 ingenitum.
1933 4065 2071 4120 Nota

503 4174 638 4234 quot
668 4165 844 4222 modis
873 4175 1122 4222 sumatur
1154 4163 1477 4235 signiﬁcatio
1519 4161 1764 4232 ingeniti;
1804 4167 1896 4214 aut
1926 4156 2070 4228 quod

504 4253 733 4312 necdum
780 4258 1058 4329 genitum,
1098 4257 1195 4312 sed
1247 4254 1598 4326 gignendum,
1625 4262 1684 4307 ut
1718 4252 1851 4306 Sara
1896 4251 2066 4314 dixit,

507 4340 796 4413 Nunquam
831 4345 957 4398 mihi
989 4345 1207 4408 accidit,
1256 4344 1342 4397 vel
1379 4351 1438 4396 ut
1477 4340 1638 4412 204
1670 4340 2067 4411 imperfectum,

503 4434 648 4489 sicut
669 4436 837 4491 turris
868 4437 920 4490 in
958 4437 1230 4492 Chalane:
1261 4435 1344 4489 vel
1374 4441 1432 4488 ut
1459 4435 1525 4488 ab
1545 4435 1747 4504 aliquo,
1778 4442 1837 4487 ut
1869 4432 2070 4489 Paulus

504 4528 805 4595 apostolus,
841 4543 950 4582 non
980 4544 1044 4583 ex
1070 4529 1380 4585 hominibus
1407 4529 1521 4584 :vel
1554 4538 1742 4582 contra
1773 4534 1830 4581 ut
1856 4525 2066 4588 Justus,

2175 3513 2466 3576 ἀκωλύτως
2498 3513 2667 3583 χωρεῖ
2704 3510 2732 3561 6
2763 3509 2917 3574 Θεός.
2955 3506 3128 3561 Τοῦτο
3159 3506 3216 3584 δὲ
3245 3504 3306 3557 τὸ
3336 3500 3558 3573 πνεῦμα
3599 3499 3749 3553 δύνα-

2177 3622 2268 3676 μιν
2311 3606 2404 3657 καὶ
2445 3605 2604 3657 οἱονεὶ
2643 3602 2899 3674 δευτέραν
2943 3599 3121 3671 ψυχὴν
3152 3594 3473 3666 αἰσθητικὴν
3511 3593 3616 3664 τῆς
3653 3590 3750 3661 ψυ-

2173 3696 2275 3766 χῆς
2319 3699 2366 3748 οἰ
2409 3697 2536 3767 παρ’
2569 3694 2794 3765 Ἕλλησι
2836 3693 2989 3762 σοφοὶ
3039 3688 3391 3759 καλοῦσινοή
3433 3681 3529 3740 οῦν
3565 3683 3750 3752 αἰσθη-

2171 3787 2296 3858 τικὴ
2326 3786 2461 3857 αῦτη
2492 3787 2636 3857 ψυχή
2670 3787 2816 3838 ἑστιν
2847 3786 2878 3855 ἡ
2917 3783 3077 3855 μέχρι
3109 3779 3347 3852 μυελῶν,
3381 3778 3475 3831 καὶ
3502 3773 3745 3844 φλεϐῶν,

2173 3879 2264 3931 καὶ
2295 3878 2605 3949 ἀρτηριῶν,
2655 3877 2750 3931 καὶ
2791 3874 3018 3940 ὀστέων,
3069 3872 3162 3926 καὶ
3211 3870 3335 3925 ὅλου
3366 3867 3460 3921 τοῦ
3503 3866 3749 3937 σώματος

2171 3969 2455 4038 διήκουσα.

2217 4053 2272 4131 ’ς
2304 4059 2393 4115 IV.
2449 4061 2788 4130 Ἀμείωτον,
2822 4059 3169 4129 ἀγέννητον.
3218 4052 3527 4124 Σημείωσαι
3574 4063 3739 4101 ποσα-

2171 4153 2279 4225 χῶς
2309 4152 2643 4224 λαμϐάνεται
2684 4153 2790 4207 τοῦ
2833 4149 3168 4221 ἀγεννήτου
3208 4149 3242 4218 ἡ
3290 4142 3574 4215 σημασεςι⁸
3619 4139 3650 4210 ἦ
3689 4137 3744 4190 τὺ

2173 4249 2338 4319 μήπω
2348 4248 2653 4320 γενόμενον,
2667 4245 2892 4317 γεννησό
2899 4260 3054 4315 μενον
3082 4242 3138 4295 δὲ
3160 4240 3249 4304 ⁷³⁸,
3267 4238 3342 4300 ὡς
3362 4239 3395 4307 ἡ
3413 4235 3599 4305 Σάῤῥα
3628 4227 3743 4283 εἰπε

2170 4341 2250 4407 τὸ,
2289 4341 2462 4394 Οὔπω
2491 4341 2607 4409 μὲν
2637 4340 2764 4408 ἐμοὶ
2796 4339 3068 4408 γέγονεν·
3101 4335 3135 4405 ἢ
3181 4333 3257 4395 ὡς
3287 4327 3624 4389 ἀτελείωτον,
3672 4323 3746 4384 ὡς

2169 4434 2198 4485 6
2243 4433 2300 4483 ὲν
2348 4430 2568 4503 Χαλάνῃ
2613 4431 2846 4502 πύργοςο
2893 4427 2926 4498 ἢ
2969 4427 3072 4480 ὑπό
3115 4443 3229 4487 του,
3282 4423 3358 4485 ὡς
3411 4420 3493 4483 τὺ,
3543 4417 3744 4476 Παῦλος

2170 4524 2468 4588 ἀπόστολος
2502 4525 2603 4577 οὐκ
2641 4521 2700 4586 ἐξ
2728 4519 3025 4592 ἀνθρώπων
3044 4537 3057 4550 ο
3081 4519 3114 4590 ἢ
3140 4518 3279 4580 τόδε,
3307 4516 3383 4578 ὡς
3417 4511 3647 4572 Ἰοῦστος
3667 4504 3746 4570 εἷς

504 4633 700 4674 unuse
728 4619 1046 4685 duodecim,
1089 4629 1184 4674 aut
1211 4621 1356 4691 quod
1398 4621 1551 4675 nullo
1592 4619 1752 4676 modo
1780 4627 1885 4682 est,
1931 4619 2072 4674 sicut

2177 4616 2276 4668 τῶν
2307 4614 2542 4669 δώδεκα·
2577 4614 2610 4686 ἢ
2661 4613 2880 4684 μηδαμῆ
2917 4609 3182 4682 μηδαμῶς
3211 4608 3297 4668 ὃν,
3350 4606 3426 4669 ὡς
3457 4605 3557 4657 ὅσα
3589 4616 3745 4672 τερα-

502 4710 751 4781 prodigia
781 4726 812 4764 a
857 4709 1061 4768 Graecis
1111 4713 1281 4775 dicta,
1316 4712 1494 4784 Scylla
1551 4720 1605 4767 et
1643 4710 1948 4774 Chimaera,
2007 4725 2071 4765 ac

503 4799 724 4867 similia,
759 4801 1060 4874 ingenitum
1089 4811 1174 4859 est
1216 4804 1274 4858 in
1302 4802 1435 4858 Deo.
1474 4803 1534 4857 ln
1571 4802 1736 4858 idem.
1767 4801 1901 4856 Cum
1932 4801 2070 4854 dixit

501 4888 670 4945 Deum
697 4907 819 4947 esse
859 4893 1382 4965 ingenitum,expiat
1423 4894 1793 4964 inauspicatas
1833 4893 2067 4948 nominis

502 4979 1008 5050 interpretationes,
1057 4984 1278 5056 aitque:
1324 4983 1492 5050 Vide,
1538 5001 1608 5040 ne
1652 5000 1883 5054 usurpcs
1928 4983 2068 5037 hanc

502 5072 795 5128 dictionem
853 5091 952 5146 pro
1003 5077 1288 5145 generari,
1337 5085 1597 5147 tanquam
1648 5075 1792 5132 Deus
1847 5075 2070 5130 haberet

503 5158 737 5228 aliquem
782 5176 841 5216 se
895 5163 1193 5231 majorem,
1244 5172 1304 5218 ut
1353 5166 1421 5220 ab
1463 5181 1528 5220 eo
1576 5164 1669 5236 qui
1713 5173 1840 5220 ante
1890 5165 2068 5234 ipsum

503 5247 700 5313 fuerat,
731 5257 864 5305 tunc
888 5254 1103 5322 genitus
1136 5253 1320 5314 fuerit.
1353 5271 1528 5325 neque
1559 5255 1807 5318 Creator,
1840 5263 1933 5308 aut
1973 5255 2069 5309 bo-

501 5351 629 5395 nus.
654 5346 747 5392 aut
769 5341 1018 5411 spiritus,
1052 5349 1146 5396 aut
1173 5343 1334 5412 ignis,
1368 5351 1462 5398 aut
1492 5345 1696 5415 aliquid
1722 5345 1826 5400 tale
1851 5363 1864 5400 :
1894 5360 2068 5416 neque

577 5479 602 5517 ¹ι
637 5480 782 5538 Psal.
817 5496 996 5550 (ιιινι,
1033 5484 1087 5541 5.
1163 5483 1178 5522 ι
1215 5483 1360 5539 Psal.
1394 5502 1654 5543 cxxxvm.
1691 5487 1744 5541 ‘5.

2173 4706 2417 4759 τεύονται
2450 4705 2726 4777 Ἕλληνες,
2775 4703 3040 4768 Σκύλλαν,
3076 4701 3169 4755 καὶ
3196 4699 3506 4770 Χίμαιραν,
3553 4693 3644 4747 καὶ
3674 4688 3743 4742 τὰ

2173 4799 2352 4869 ὅμοια.
2401 4797 2602 4860 Ἱδικῶς
2642 4792 2732 4850 οῦν
2783 4797 2875 4848 καὶ
2907 4793 3186 4854 ἀπολύτως
3223 4791 3283 4843 τὸ
3331 4777 3623 4856 ἀγέννητον
3651 4781 3745 4834 ἐπὶ

2173 4888 2309 4942 Θεοῦ
2328 4890 2391 4942 ⁷⁵.
2425 4890 2519 4952 Εἰς
2547 4888 2608 4941 τὸ
2633 4887 2780 4942 αὑτό.
2803 4885 2987 4939 Εἰπὼν
3019 4884 3306 4954 ἀγέννητον
3331 4880 3422 4934 τὸν
3461 4877 3616 4939 Θεὸν,
3644 4872 3742 4932 τὰς

2173 4982 2561 5052 παλιμφήμους
2600 4978 2890 5052 ἑρμηνείας
2924 4975 3018 5030 τοῦ
3063 4975 3321 5045 ὀνόματος
3361 4966 3740 5034 ἀποκαθαίρειν

2172 5073 2265 5128 καί
2296 5091 2491 5144 φησιν·
2537 5073 2674 5145 Ὅρα
2719 5071 2793 5143 μὴ
2840 5070 2919 5132 εἰς
2962 5069 3023 5121 τὸ
3062 5061 3415 5135 γεγεννῆσθαι
3473 5059 3600 5129 δέξῃ
3641 5053 3738 5123 τὴν

2171 5165 2346 5231 λέξιν,
2381 5165 2457 5229 ὡς
2487 5164 2580 5218 τοῦ
2617 5163 2752 5217 Θεοῦ
2781 5162 2994 5232 ἔχοντος
3025 5159 3114 5212 τὸν
3147 5156 3286 5227 ὑπὲρ
3315 5150 3476 5207 αὐτὸν
3510 5187 3527 5210 ,
3561 5149 3645 5200 ἵνα
3673 5145 3739 5196 ἐκ

2168 5256 2262 5310 τοῦ
2292 5257 2398 5330 πρὸ
2425 5256 2586 5311 αὑτοῦ
2623 5253 2878 5326 γέρνηται
2899 5255 2945 5286 ⁷⁸
2975 5251 3114 5315 τόδε,
3133 5245 3241 5302 οἷον
3285 5239 3614 5316 δημιουργὸς
3635 5275 3650 5297 .

2169 5326 2398 5417 ἀγαοὸτ,
2429 5350 2464 5421 ἢ
2498 5348 2731 5419 πνεῦμα,
2759 5346 2792 5417 ἢ
2825 5345 2962 5418 πῦρ,
2994 5345 3029 5417 ἦ
3060 5362 3111 5397 τι
3141 5340 3403 5396 τοιοῦτον·
3438 5331 3576 5388 ἀλλά
3606 5326 3738 5401 μηδὲ

1430 5601 1659 5657 νΑΒΙΛΕ
1697 5602 2079 5659 LECTIONES
2107 5601 2197 5656 ET
2231 5596 2781 5656 CORRECTIONES.

590 5717 636 5748 ⁷³
670 5717 986 5782 συνθέσεως.

505 5781 577 5838 Id
623 5795 700 5843 est
743 5781 1023 5843 secundum
1072 5781 1218 5853 nihit‘
1252 5781 1459 5845 iterum.

1088 5721 1180 5793 "7°,
1207 5722 1371 5793 μήπω
1398 5718 1754 5793 γεννώμενον,
1794 5718 2249 5793 γεννηθησόμενον
2285 5716 2367 5793 δὲ.
2419 5715 2487 5793 ⁸⁷⁸
2519 5714 2710 5793 gronv-
2749 5712 2899 5793 κατὰ
2923 5709 3119 5793 μηδὲν
3177 5705 3406 5793 totith
3429 5699 3528 5789 ἐπὶ

1562 5765 2242 5858 ﬂagraturam;
2273 5765 2370 5840 έῑςξξ
2405 5765 2972 5858 ossuum}:qu
2993 5765 3004 5778 ·
3023 5775 3390 5858 arguam.
3556 5765 3734 5858 154253

505 5859 847 5928 γενόμενον,
881 5859 920 5926 ἢ
965 5862 1045 5927 ὡς
1078 5865 1149 5916 οὐ
1182 5835 1566 5916 τελειωθέντα
1594 5835 1692 5925 εἰς’
1713 5858 1776 5912 τὸ
1808 5835 1994 5928 ferry.
2051 5858 2071 5910 l

2177 5835 2801 5922 Huu'ﬂailtie‘nﬁhipie
2830 5835 2972 5906 ’ξιιαᾶ
3017 5835 3385 5917 ἰηιειιίθὶιεῖε
3403 5835 3532 5908 Deo,
3558 5835 3736 5908 ’ςκαεὲ

505 5927 736 5984 nondum
765 5930 968 5999 genitus
1008 5943 1160 6000 esset,
1207 5942 1300 5987 aut
1327 5931 1556 5989 nondum
1586 5927 1821 6004 perfecte
1834 5927 2036 6009 genitus
2068 5929 2222 5998 foret.
