  <div class='ocr_page' id='page_1' title='image "/cluster/home/n/w/nwhite01/storage/ocr_20150623/4/hvd.32044014713200/196.png"; bbox 0 0 3896 6550; ppageno 0'>
   <div class='ocr_carea' id='block_1_1' title="bbox 121 465 3364 529">
    <p class='ocr_par' dir='ltr' id='par_1_1' title="bbox 121 465 3364 529">
     <span class='ocr_line' id='line_1_1' title="bbox 121 465 3364 529; baseline 0.001 -5"><span class='ocrx_word' id='word_1_1' title='bbox 121 469 228 524; x_wconf 78' lang='lat'><strong>575</strong></span> <span class='ocrx_word' id='word_1_2' title='bbox 860 470 917 518; x_wconf 73' lang='grc' dir='ltr'>δ.</span> <span class='ocrx_word' id='word_1_3' title='bbox 946 465 1192 520; x_wconf 77' lang='lat' dir='ltr'><strong>MAXIMI</strong></span> <span class='ocrx_word' id='word_1_4' title='bbox 1227 465 1517 523; x_wconf 81' lang='lat' dir='ltr'><strong>SCHOLIA</strong></span> <span class='ocrx_word' id='word_1_5' title='bbox 1544 465 1612 521; x_wconf 84' lang='lat' dir='ltr'><strong>IN</strong></span> <span class='ocrx_word' id='word_1_6' title='bbox 1644 466 1770 524; x_wconf 83' lang='lat' dir='ltr'><strong>LIB.</strong></span> <span class='ocrx_word' id='word_1_7' title='bbox 1809 466 1898 523; x_wconf 87' lang='lat' dir='ltr'><strong>DE</strong></span> <span class='ocrx_word' id='word_1_8' title='bbox 1935 467 2188 525; x_wconf 78' lang='lat' dir='ltr'><strong>DIVINIS</strong></span> <span class='ocrx_word' id='word_1_9' title='bbox 2220 467 2614 526; x_wconf 80' lang='lat' dir='ltr'><strong>NOMINIBUS.</strong></span> <span class='ocrx_word' id='word_1_10' title='bbox 3259 472 3364 529; x_wconf 60' lang='lat'><strong>375</strong></span> 
     </span>
    </p>
   </div>
   <div class='ocr_carea' id='block_1_2' title="bbox 119 579 1682 658">
    <p class='ocr_par' dir='ltr' id='par_1_2' title="bbox 119 579 1682 654">
     <span class='ocr_line' id='line_1_2' title="bbox 119 579 1682 654; baseline -0.002 -15"><span class='ocrx_word' id='word_1_11' title='bbox 119 583 459 654; x_wconf 71' lang='grc' dir='ltr'><strong>ἀγέννητον</strong></span> <span class='ocrx_word' id='word_1_12' title='bbox 485 579 767 654; x_wconf 78' lang='grc' dir='ltr'>ὑπολάϐῃς</span> <span class='ocrx_word' id='word_1_13' title='bbox 803 579 895 634; x_wconf 89' lang='grc' dir='ltr'><strong>τὸν</strong></span> <span class='ocrx_word' id='word_1_14' title='bbox 936 581 1116 648; x_wconf 80' lang='grc' dir='ltr'>αὐτὸν,</span> <span class='ocrx_word' id='word_1_15' title='bbox 1154 580 1286 652; x_wconf 81' lang='grc' dir='ltr'>μηδὲ</span> <span class='ocrx_word' id='word_1_16' title='bbox 1329 581 1457 634; x_wconf 77' lang='grc' dir='ltr'>ὄντα</span> <span class='ocrx_word' id='word_1_17' title='bbox 1503 600 1682 637; x_wconf 83' lang='grc' dir='ltr'>παντε·</span> 
     </span>
    </p>
   </div>
   <div class='ocr_carea' id='block_1_3' title="bbox 1789 579 3363 658">
    <p class='ocr_par' dir='ltr' id='par_1_3' title="bbox 1804 582 3363 658">
     <span class='ocr_line' id='line_1_3' title="bbox 1804 582 3363 658; baseline 0.003 -19"><span class='ocrx_word' id='word_1_18' title='bbox 1804 583 2056 639; x_wconf 89' lang='lat' dir='ltr'><strong>eumdem</strong></span> <span class='ocrx_word' id='word_1_19' title='bbox 2089 585 2374 654; x_wconf 77' lang='lat' dir='ltr'><strong>ingenitum</strong></span> <span class='ocrx_word' id='word_1_20' title='bbox 2415 582 2700 644; x_wconf 75' lang='lat' dir='ltr'><strong>arbitreris</strong></span> <span class='ocrx_word' id='word_1_21' title='bbox 2734 598 2834 639; x_wconf 91' lang='lat' dir='ltr'><strong>nec</strong></span> <span class='ocrx_word' id='word_1_22' title='bbox 2869 600 3093 655; x_wconf 84' lang='lat' dir='ltr'><strong>prorsus</strong></span> <span class='ocrx_word' id='word_1_23' title='bbox 3121 601 3244 642; x_wconf 89' lang='lat' dir='ltr'><strong>esse</strong></span> <span class='ocrx_word' id='word_1_24' title='bbox 3270 602 3363 658; x_wconf 83' lang='lat' dir='ltr'><strong>ge-</strong></span> 
     </span>
    </p>
   </div>
   <div class='ocr_carea' id='block_1_4' title="bbox 119 670 1682 746">
    <p class='ocr_par' dir='ltr' id='par_1_4' title="bbox 119 670 1682 746">
     <span class='ocr_line' id='line_1_4' title="bbox 119 670 1682 746; baseline 0.001 -18"><span class='ocrx_word' id='word_1_25' title='bbox 119 675 248 742; x_wconf 87' lang='grc' dir='ltr'>λῶς,</span> <span class='ocrx_word' id='word_1_26' title='bbox 289 674 425 746; x_wconf 61' lang='grc' dir='ltr'>μήτε</span> <span class='ocrx_word' id='word_1_27' title='bbox 466 674 524 725; x_wconf 83' lang='grc' dir='ltr'>ἐν</span> <span class='ocrx_word' id='word_1_28' title='bbox 556 672 796 741; x_wconf 78' lang='grc' dir='ltr'>γενέσει,</span> <span class='ocrx_word' id='word_1_29' title='bbox 832 672 968 743; x_wconf 89' lang='grc' dir='ltr'>μήτε</span> <span class='ocrx_word' id='word_1_30' title='bbox 998 671 1182 744; x_wconf 71' lang='grc' dir='ltr'>ἕτερόν</span> <span class='ocrx_word' id='word_1_31' title='bbox 1213 689 1286 724; x_wconf 92' lang='grc' dir='ltr'><strong>τι.</strong></span> <span class='ocrx_word' id='word_1_32' title='bbox 1335 673 1460 735; x_wconf 82' lang='grc' dir='ltr'>Πῶς</span> <span class='ocrx_word' id='word_1_33' title='bbox 1488 670 1580 728; x_wconf 82' lang='grc' dir='ltr'><strong>οῦν</strong></span> <span class='ocrx_word' id='word_1_34' title='bbox 1621 675 1682 729; x_wconf 80' lang='grc' dir='ltr'><strong>δε</strong></span> 
     </span>
    </p>
   </div>
   <div class='ocr_carea' id='block_1_5' title="bbox 1789 670 3364 746">
    <p class='ocr_par' dir='ltr' id='par_1_5' title="bbox 1801 673 3364 745">
     <span class='ocr_line' id='line_1_5' title="bbox 1801 673 3364 745; baseline 0.002 -16"><span class='ocrx_word' id='word_1_35' title='bbox 1801 673 1997 740; x_wconf 87' lang='lat' dir='ltr'><strong>nitum,</strong></span> <span class='ocrx_word' id='word_1_36' title='bbox 2053 688 2152 728; x_wconf 91' lang='lat' dir='ltr'><strong>nec</strong></span> <span class='ocrx_word' id='word_1_37' title='bbox 2197 673 2401 743; x_wconf 88' lang='lat' dir='ltr'><strong>aliquid</strong></span> <span class='ocrx_word' id='word_1_38' title='bbox 2443 673 2608 728; x_wconf 82' lang='lat' dir='ltr'><strong>aliud.</strong></span> <span class='ocrx_word' id='word_1_39' title='bbox 2653 673 2932 739; x_wconf 88' lang='lat' dir='ltr'><strong>Quomodo</strong></span> <span class='ocrx_word' id='word_1_40' title='bbox 2965 676 3131 745; x_wconf 84' lang='lat' dir='ltr'><strong>igitur</strong></span> <span class='ocrx_word' id='word_1_41' title='bbox 3170 676 3364 732; x_wconf 81' lang='lat' dir='ltr'><strong>debeat</strong></span> 
     </span>
    </p>
   </div>
   <div class='ocr_carea' id='block_1_6' title="bbox 117 763 1682 836">
    <p class='ocr_par' dir='ltr' id='par_1_6' title="bbox 117 763 1682 836">
     <span class='ocr_line' id='line_1_6' title="bbox 117 763 1682 836; baseline -0.001 -15"><span class='ocrx_word' id='word_1_42' title='bbox 117 768 180 821; x_wconf 90' lang='grc' dir='ltr'><strong>τὸ</strong></span> <span class='ocrx_word' id='word_1_43' title='bbox 205 766 538 836; x_wconf 74' lang='grc' dir='ltr'><strong>ἀγέννητον</strong></span> <span class='ocrx_word' id='word_1_44' title='bbox 556 765 793 830; x_wconf 84' lang='grc' dir='ltr'><strong>ἀκούειν,</strong></span> <span class='ocrx_word' id='word_1_45' title='bbox 824 764 988 835; x_wconf 72' lang='grc' dir='ltr'>φησὶν</span> <span class='ocrx_word' id='word_1_46' title='bbox 1019 763 1237 834; x_wconf 76' lang='grc' dir='ltr'>ἐφεξῆς.</span> <span class='ocrx_word' id='word_1_47' title='bbox 1263 764 1446 819; x_wconf 88' lang='grc' dir='ltr'>Ταῦτα</span> <span class='ocrx_word' id='word_1_48' title='bbox 1474 765 1530 820; x_wconf 85' lang='grc' dir='ltr'>δὲ</span> <span class='ocrx_word' id='word_1_49' title='bbox 1559 766 1682 820; x_wconf 81' lang='grc' dir='ltr'>κατὲ</span> 
     </span>
    </p>
   </div>
   <div class='ocr_carea' id='block_1_7' title="bbox 1789 763 3362 836">
    <p class='ocr_par' dir='ltr' id='par_1_7' title="bbox 1800 764 3362 835">
     <span class='ocr_line' id='line_1_7' title="bbox 1800 764 3362 835; baseline 0.003 -17"><span class='ocrx_word' id='word_1_50' title='bbox 1800 764 2028 835; x_wconf 72' lang='lat' dir='ltr'><strong>intelligi</strong></span> <span class='ocrx_word' id='word_1_51' title='bbox 2059 765 2362 834; x_wconf 79' lang='lat' dir='ltr'><strong>ingenitum,</strong></span> <span class='ocrx_word' id='word_1_52' title='bbox 2413 772 2601 834; x_wconf 87' lang='lat' dir='ltr'><strong>postea</strong></span> <span class='ocrx_word' id='word_1_53' title='bbox 2629 765 2781 821; x_wconf 91' lang='lat' dir='ltr'><strong>dicit.</strong></span> <span class='ocrx_word' id='word_1_54' title='bbox 2811 764 2936 820; x_wconf 58' lang='lat' dir='ltr'><strong>Haec</strong></span> <span class='ocrx_word' id='word_1_55' title='bbox 2967 773 3146 822; x_wconf 86' lang='lat' dir='ltr'><strong>autem</strong></span> <span class='ocrx_word' id='word_1_56' title='bbox 3173 774 3362 822; x_wconf 84' lang='lat' dir='ltr'><strong>contra</strong></span> 
     </span>
    </p>
   </div>
   <div class='ocr_carea' id='block_1_8' title="bbox 131 855 1697 931">
    <p class='ocr_par' dir='ltr' id='par_1_8' title="bbox 131 855 1697 931">
     <span class='ocr_line' id='line_1_8' title="bbox 131 855 1697 931; baseline 0 -20"><span class='ocrx_word' id='word_1_57' title='bbox 131 857 424 931; x_wconf 79' lang='grc' dir='ltr'>Ἀρειανῶν</span> <span class='ocrx_word' id='word_1_58' title='bbox 469 856 561 910; x_wconf 72' lang='grc' dir='ltr'><strong>καὶ</strong></span> <span class='ocrx_word' id='word_1_59' title='bbox 608 855 956 927; x_wconf 81' lang='grc' dir='ltr'>Εὐνομιανῶν</span> <span class='ocrx_word' id='word_1_60' title='bbox 996 859 1160 920; x_wconf 82' lang='grc' dir='ltr'>ποιεῖ,</span> <span class='ocrx_word' id='word_1_61' title='bbox 1201 857 1308 908; x_wconf 87' lang='grc' dir='ltr'><strong>τῶν</strong></span> <span class='ocrx_word' id='word_1_62' title='bbox 1354 858 1418 910; x_wconf 78' lang='grc' dir='ltr'>ὲκ</span> <span class='ocrx_word' id='word_1_63' title='bbox 1439 857 1697 928; x_wconf 76' lang='grc' dir='ltr'><strong>γεννητοῦ</strong></span> 
     </span>
    </p>
   </div>
   <div class='ocr_carea' id='block_1_9' title="bbox 117 947 1344 1019">
    <p class='ocr_par' dir='ltr' id='par_1_9' title="bbox 117 947 1344 1019">
     <span class='ocr_line' id='line_1_9' title="bbox 117 947 1344 1019; baseline -0.003 -15"><span class='ocrx_word' id='word_1_64' title='bbox 117 952 213 1004; x_wconf 81' lang='grc' dir='ltr'><strong>καὶ</strong></span> <span class='ocrx_word' id='word_1_65' title='bbox 232 951 531 1019; x_wconf 83' lang='grc' dir='ltr'>ἀγεννήτου</span> <span class='ocrx_word' id='word_1_66' title='bbox 558 949 648 1001; x_wconf 92' lang='grc' dir='ltr'><strong>τὸν</strong></span> <span class='ocrx_word' id='word_1_67' title='bbox 672 948 801 1002; x_wconf 83' lang='grc' dir='ltr'>Θεὸν</span> <span class='ocrx_word' id='word_1_68' title='bbox 822 947 1032 1019; x_wconf 82' lang='grc' dir='ltr'>βλασφη</span> <span class='ocrx_word' id='word_1_69' title='bbox 1041 947 1344 1019; x_wconf 86' lang='grc' dir='ltr'>μησάντων.</span> 
     </span>
    </p>
   </div>
   <div class='ocr_carea' id='block_1_10' title="bbox 201 1038 1697 1111">
    <p class='ocr_par' dir='ltr' id='par_1_10' title="bbox 201 1038 1697 1111">
     <span class='ocr_line' id='line_1_10' title="bbox 201 1038 1697 1111; baseline -0.001 -16"><span class='ocrx_word' id='word_1_70' title='bbox 201 1040 364 1095; x_wconf 72' lang='grc' dir='ltr'><strong>Ἀλλ’</strong></span> <span class='ocrx_word' id='word_1_71' title='bbox 394 1038 596 1108; x_wconf 82' lang='grc' dir='ltr'>ὥσπερ</span> <span class='ocrx_word' id='word_1_72' title='bbox 627 1038 1097 1110; x_wconf 62' lang='grc' dir='ltr'>παναγέι-νητον.</span> <span class='ocrx_word' id='word_1_73' title='bbox 1141 1039 1386 1111; x_wconf 82' lang='grc' dir='ltr'><strong>Ἐπειδὴ,</strong></span> <span class='ocrx_word' id='word_1_74' title='bbox 1431 1041 1505 1104; x_wconf 84' lang='grc' dir='ltr'>ὥς</span> <span class='ocrx_word' id='word_1_75' title='bbox 1534 1058 1697 1111; x_wconf 78' lang='grc' dir='ltr'>φησιν</span> 
     </span>
    </p>
   </div>
   <div class='ocr_carea' id='block_1_11' title="bbox 117 1129 1698 1204">
    <p class='ocr_par' dir='ltr' id='par_1_11' title="bbox 117 1129 1698 1204">
     <span class='ocr_line' id='line_1_11' title="bbox 117 1129 1698 1204; baseline 0 -19"><span class='ocrx_word' id='word_1_76' title='bbox 117 1132 260 1204; x_wconf 81' lang='grc' dir='ltr'>ὑπὲρ</span> <span class='ocrx_word' id='word_1_77' title='bbox 301 1135 408 1186; x_wconf 77' lang='grc' dir='ltr'>πᾶν</span> <span class='ocrx_word' id='word_1_78' title='bbox 441 1133 730 1202; x_wconf 79' lang='grc' dir='ltr'><strong>ἀγέννητον</strong></span> <span class='ocrx_word' id='word_1_79' title='bbox 762 1132 891 1185; x_wconf 75' lang='grc' dir='ltr'>ὅντα</span> <span class='ocrx_word' id='word_1_80' title='bbox 938 1129 1028 1184; x_wconf 84' lang='grc' dir='ltr'><strong>τὸν</strong></span> <span class='ocrx_word' id='word_1_81' title='bbox 1078 1131 1209 1185; x_wconf 83' lang='grc' dir='ltr'>Θεὸν</span> <span class='ocrx_word' id='word_1_82' title='bbox 1233 1171 1247 1196; x_wconf 87' lang='grc'><strong>,</strong></span> <span class='ocrx_word' id='word_1_83' title='bbox 1297 1136 1441 1189; x_wconf 84' lang='grc' dir='ltr'>ποιεῖ</span> <span class='ocrx_word' id='word_1_84' title='bbox 1488 1132 1698 1204; x_wconf 77' lang='grc' dir='ltr'>νομίζε-</span> 
     </span>
    </p>
   </div>
   <div class='ocr_carea' id='block_1_12' title="bbox 118 1219 1696 1295">
    <p class='ocr_par' dir='ltr' id='par_1_12' title="bbox 118 1219 1696 1295">
     <span class='ocr_line' id='line_1_12' title="bbox 118 1219 1696 1295; baseline 0.001 -19"><span class='ocrx_word' id='word_1_85' title='bbox 118 1223 266 1286; x_wconf 82' lang='grc' dir='ltr'>σθαι,</span> <span class='ocrx_word' id='word_1_86' title='bbox 288 1224 383 1277; x_wconf 78' lang='grc' dir='ltr'><strong>καὶ</strong></span> <span class='ocrx_word' id='word_1_87' title='bbox 413 1223 590 1292; x_wconf 89' lang='grc' dir='ltr'>λέγειν</span> <span class='ocrx_word' id='word_1_88' title='bbox 620 1223 780 1276; x_wconf 81' lang='grc' dir='ltr'>αὑτὸν</span> <span class='ocrx_word' id='word_1_89' title='bbox 811 1225 875 1276; x_wconf 83' lang='grc' dir='ltr'>ὲκ</span> <span class='ocrx_word' id='word_1_90' title='bbox 904 1223 1095 1276; x_wconf 87' lang='grc' dir='ltr'>τούτου</span> <span class='ocrx_word' id='word_1_91' title='bbox 1125 1219 1262 1277; x_wconf 79' lang='grc' dir='ltr'>εἷναί</span> <span class='ocrx_word' id='word_1_92' title='bbox 1293 1240 1412 1277; x_wconf 90' lang='grc' dir='ltr'>τινα</span> <span class='ocrx_word' id='word_1_93' title='bbox 1441 1223 1577 1293; x_wconf 79' lang='grc' dir='ltr'>μετὰ</span> <span class='ocrx_word' id='word_1_94' title='bbox 1600 1224 1696 1295; x_wconf 75' lang='grc' dir='ltr'>τὴν</span> 
     </span>
    </p>
   </div>
   <div class='ocr_carea' id='block_1_13' title="bbox 117 1314 1698 1389">
    <p class='ocr_par' dir='ltr' id='par_1_13' title="bbox 117 1314 1698 1389">
     <span class='ocr_line' id='line_1_13' title="bbox 117 1314 1698 1389; baseline 0 -19"><span class='ocrx_word' id='word_1_95' title='bbox 117 1318 279 1385; x_wconf 82' lang='grc' dir='ltr'>ἁγίαν</span> <span class='ocrx_word' id='word_1_96' title='bbox 311 1315 517 1389; x_wconf 84' lang='grc' dir='ltr'>Τριάδα</span> <span class='ocrx_word' id='word_1_97' title='bbox 557 1317 826 1386; x_wconf 78' lang='grc' dir='ltr'><strong>ἀγέννητοι</strong></span> <span class='ocrx_word' id='word_1_98' title='bbox 880 1317 936 1368; x_wconf 86' lang='grc' dir='ltr'><strong>ὲν</strong></span> <span class='ocrx_word' id='word_1_99' title='bbox 977 1317 1044 1386; x_wconf 78' lang='grc' dir='ltr'>τῇ</span> <span class='ocrx_word' id='word_1_100' title='bbox 1095 1314 1296 1382; x_wconf 83' lang='grc' dir='ltr'>κτίσει,</span> <span class='ocrx_word' id='word_1_101' title='bbox 1349 1315 1479 1387; x_wconf 87' lang='grc' dir='ltr'>φέρε</span> <span class='ocrx_word' id='word_1_102' title='bbox 1529 1316 1698 1384; x_wconf 75' lang='grc' dir='ltr'>σαφὲς</span> 
     </span>
    </p>
   </div>
   <div class='ocr_carea' id='block_1_14' title="bbox 115 1407 1695 1480">
    <p class='ocr_par' dir='ltr' id='par_1_14' title="bbox 115 1407 1695 1480">
     <span class='ocr_line' id='line_1_14' title="bbox 115 1407 1695 1480; baseline -0.001 -18"><span class='ocrx_word' id='word_1_103' title='bbox 115 1411 438 1480; x_wconf 84' lang='grc' dir='ltr'>ποιήσωμεν</span> <span class='ocrx_word' id='word_1_104' title='bbox 479 1409 539 1462; x_wconf 88' lang='grc' dir='ltr'><strong>τὸ</strong></span> <span class='ocrx_word' id='word_1_105' title='bbox 585 1407 998 1479; x_wconf 81' lang='grc' dir='ltr'><strong>σημαινόμενον.</strong></span> <span class='ocrx_word' id='word_1_106' title='bbox 1048 1408 1155 1460; x_wconf 79' lang='grc' dir='ltr'>Καὶ</span> <span class='ocrx_word' id='word_1_107' title='bbox 1191 1407 1327 1470; x_wconf 87' lang='grc' dir='ltr'>τέως</span> <span class='ocrx_word' id='word_1_108' title='bbox 1365 1407 1520 1478; x_wconf 80' lang='grc' dir='ltr'>δῆλός</span> <span class='ocrx_word' id='word_1_109' title='bbox 1551 1409 1695 1460; x_wconf 79' lang='grc' dir='ltr'>ἐστιν</span> 
     </span>
    </p>
   </div>
   <div class='ocr_carea' id='block_1_15' title="bbox 115 1498 1694 1581">
    <p class='ocr_par' dir='ltr' id='par_1_15' title="bbox 115 1498 1694 1581">
     <span class='ocr_line' id='line_1_15' title="bbox 115 1498 1694 1581; baseline -0.002 -27"><span class='ocrx_word' id='word_1_110' title='bbox 115 1500 173 1564; x_wconf 77' lang='grc' dir='ltr'><strong>ἐξ</strong></span> <span class='ocrx_word' id='word_1_111' title='bbox 219 1501 400 1573; x_wconf 81' lang='grc' dir='ltr'>ἀρχῆς</span> <span class='ocrx_word' id='word_1_112' title='bbox 451 1501 490 1581; x_wconf 27' lang='grc' dir='ltr'>όκ</span> <span class='ocrx_word' id='word_1_113' title='bbox 526 1499 668 1564; x_wconf 86' lang='grc' dir='ltr'>θεῖος</span> <span class='ocrx_word' id='word_1_114' title='bbox 720 1499 1027 1564; x_wconf 86' lang='grc' dir='ltr'>Διονύσιος,</span> <span class='ocrx_word' id='word_1_115' title='bbox 1062 1498 1155 1552; x_wconf 80' lang='grc' dir='ltr'>ἆτε</span> <span class='ocrx_word' id='word_1_116' title='bbox 1213 1498 1444 1568; x_wconf 79' lang='grc' dir='ltr'>μάλιστα</span> <span class='ocrx_word' id='word_1_117' title='bbox 1473 1499 1592 1552; x_wconf 86' lang='grc' dir='ltr'>τότε</span> <span class='ocrx_word' id='word_1_118' title='bbox 1635 1500 1694 1552; x_wconf 82' lang='grc' dir='ltr'><strong>ἐν</strong></span> 
     </span>
    </p>
   </div>
   <div class='ocr_carea' id='block_1_16' title="bbox 127 1588 1690 1663">
    <p class='ocr_par' dir='ltr' id='par_1_16' title="bbox 127 1588 1690 1663">
     <span class='ocr_line' id='line_1_16' title="bbox 127 1588 1690 1663; baseline -0.001 -19"><span class='ocrx_word' id='word_1_119' title='bbox 127 1591 338 1663; x_wconf 82' lang='grc' dir='ltr'>Ἐφέσῳ</span> <span class='ocrx_word' id='word_1_120' title='bbox 383 1591 737 1662; x_wconf 72' lang='grc' dir='ltr'><strong>ἀκμαζόντων</strong></span> <span class='ocrx_word' id='word_1_121' title='bbox 787 1590 894 1644; x_wconf 85' lang='grc' dir='ltr'><strong>τῶν</strong></span> <span class='ocrx_word' id='word_1_122' title='bbox 953 1589 1252 1659; x_wconf 80' lang='grc' dir='ltr'>φιλοσόφων</span> <span class='ocrx_word' id='word_1_123' title='bbox 1275 1629 1290 1652; x_wconf 89' lang='grc'><strong>,</strong></span> <span class='ocrx_word' id='word_1_124' title='bbox 1339 1588 1465 1642; x_wconf 76' lang='grc' dir='ltr'>ἔνθα</span> <span class='ocrx_word' id='word_1_125' title='bbox 1518 1590 1610 1643; x_wconf 77' lang='grc' dir='ltr'>καὶ</span> <span class='ocrx_word' id='word_1_126' title='bbox 1657 1592 1690 1661; x_wconf 83' lang='grc' dir='ltr'>ὴ</span> 
     </span>
    </p>
   </div>
   <div class='ocr_carea' id='block_1_17' title="bbox 126 1673 1691 1753">
    <p class='ocr_par' dir='ltr' id='par_1_17' title="bbox 126 1673 1691 1753">
     <span class='ocr_line' id='line_1_17' title="bbox 126 1673 1691 1753; baseline -0.001 -19"><span class='ocrx_word' id='word_1_127' title='bbox 126 1673 352 1753; x_wconf 73' lang='grc' dir='ltr'>Ἰωνικὴ</span> <span class='ocrx_word' id='word_1_128' title='bbox 381 1682 668 1752; x_wconf 77' lang='grc' dir='ltr'>φιλοσοφία</span> <span class='ocrx_word' id='word_1_129' title='bbox 701 1681 1065 1752; x_wconf 79' lang='grc' dir='ltr'>συνειστήκει,</span> <span class='ocrx_word' id='word_1_130' title='bbox 1099 1680 1192 1734; x_wconf 87' lang='grc' dir='ltr'><strong>τοῦ</strong></span> <span class='ocrx_word' id='word_1_131' title='bbox 1225 1680 1382 1749; x_wconf 80' lang='grc' dir='ltr'>ἁγίου</span> <span class='ocrx_word' id='word_1_132' title='bbox 1430 1679 1691 1750; x_wconf 83' lang='grc' dir='ltr'>Τιμοθέου</span> 
     </span>
    </p>
   </div>
   <div class='ocr_carea' id='block_1_18' title="bbox 111 1770 1693 1837">
    <p class='ocr_par' dir='ltr' id='par_1_18' title="bbox 111 1770 1693 1837">
     <span class='ocr_line' id='line_1_18' title="bbox 111 1770 1693 1837; baseline -0.001 -11"><span class='ocrx_word' id='word_1_133' title='bbox 111 1774 414 1827; x_wconf 79' lang='grc' dir='ltr'>ἐπισκόπου</span> <span class='ocrx_word' id='word_1_134' title='bbox 484 1773 636 1837; x_wconf 75' lang='grc' dir='ltr'>ὄντος</span> <span class='ocrx_word' id='word_1_135' title='bbox 659 1813 673 1837; x_wconf 94' lang='grc'><strong>,</strong></span> <span class='ocrx_word' id='word_1_136' title='bbox 737 1773 1050 1837; x_wconf 78' lang='grc' dir='ltr'>σπουδάζων</span> <span class='ocrx_word' id='word_1_137' title='bbox 1107 1773 1284 1826; x_wconf 86' lang='grc' dir='ltr'>πάντα</span> <span class='ocrx_word' id='word_1_138' title='bbox 1334 1770 1404 1825; x_wconf 83' lang='grc' dir='ltr'><strong>τά</strong></span> <span class='ocrx_word' id='word_1_139' title='bbox 1467 1773 1693 1836; x_wconf 73' lang='grc' dir='ltr'>ἐκείνοις</span> 
     </span>
    </p>
   </div>
   <div class='ocr_carea' id='block_1_19' title="bbox 110 1863 1686 1936">
    <p class='ocr_par' dir='ltr' id='par_1_19' title="bbox 110 1863 1686 1936">
     <span class='ocr_line' id='line_1_19' title="bbox 110 1863 1686 1936; baseline 0.001 -21"><span class='ocrx_word' id='word_1_140' title='bbox 110 1864 466 1935; x_wconf 76' lang='grc' dir='ltr'>ὲσφαλμένως</span> <span class='ocrx_word' id='word_1_141' title='bbox 489 1865 774 1935; x_wconf 87' lang='grc' dir='ltr'>λεγόμενα,</span> <span class='ocrx_word' id='word_1_142' title='bbox 803 1865 895 1917; x_wconf 75' lang='grc' dir='ltr'><strong>ἐπὶ</strong></span> <span class='ocrx_word' id='word_1_143' title='bbox 923 1865 1019 1935; x_wconf 80' lang='grc' dir='ltr'><strong>τὴν</strong></span> <span class='ocrx_word' id='word_1_144' title='bbox 1051 1863 1306 1936; x_wconf 80' lang='grc' dir='ltr'>ἀλήθειαν</span> <span class='ocrx_word' id='word_1_145' title='bbox 1341 1866 1686 1934; x_wconf 85' lang='grc' dir='ltr'>μεταγαγεῖν.</span> 
     </span>
    </p>
   </div>
   <div class='ocr_carea' id='block_1_20' title="bbox 115 1929 1764 2025">
    <p class='ocr_par' dir='ltr' id='par_1_20' title="bbox 115 1929 1764 2025">
     <span class='ocr_line' id='line_1_20' title="bbox 115 1929 1764 2025; baseline -0.001 -19"><span class='ocrx_word' id='word_1_146' title='bbox 115 1929 270 2025; x_wconf 83' lang='grc' dir='ltr'>ᾜδει</span> <span class='ocrx_word' id='word_1_147' title='bbox 291 1929 417 2007; x_wconf 45' lang='grc' dir='ltr'><strong>ὀὖν</strong></span> <span class='ocrx_word' id='word_1_148' title='bbox 467 1929 818 2024; x_wconf 39' lang='grc' dir='ltr'>εἰναι-δόγμα</span> <span class='ocrx_word' id='word_1_149' title='bbox 857 1929 1014 2006; x_wconf 65' lang='grc' dir='ltr'>τινων</span> <span class='ocrx_word' id='word_1_150' title='bbox 1079 1929 1256 2006; x_wconf 69' lang='grc' dir='ltr'>αύτῶν</span> <span class='ocrx_word' id='word_1_151' title='bbox 1306 1929 1573 2020; x_wconf 76' lang='grc' dir='ltr'>λεγόντων</span> <span class='ocrx_word' id='word_1_152' title='bbox 1623 1952 1691 2005; x_wconf 85' lang='grc' dir='ltr'><strong>τὰ</strong></span> <span class='ocrx_word' id='word_1_153' title='bbox 1721 1929 1764 1983; x_wconf 64' lang='grc' dir='ltr'><strong><em>Β</em></strong></span> 
     </span>
    </p>
   </div>
   <div class='ocr_carea' id='block_1_21' title="bbox 109 2043 1691 2116">
    <p class='ocr_par' dir='ltr' id='par_1_21' title="bbox 109 2043 1691 2116">
     <span class='ocr_line' id='line_1_21' title="bbox 109 2043 1691 2116; baseline -0.001 -19"><span class='ocrx_word' id='word_1_154' title='bbox 109 2045 275 2116; x_wconf 74' lang='grc' dir='ltr'>νοητὰ</span> <span class='ocrx_word' id='word_1_155' title='bbox 301 2045 480 2098; x_wconf 84' lang='grc' dir='ltr'>πάντα</span> <span class='ocrx_word' id='word_1_156' title='bbox 508 2045 601 2098; x_wconf 70' lang='grc' dir='ltr'><strong>καὶ</strong></span> <span class='ocrx_word' id='word_1_157' title='bbox 633 2044 895 2106; x_wconf 86' lang='grc' dir='ltr'>ἀθάνατα,</span> <span class='ocrx_word' id='word_1_158' title='bbox 940 2045 1033 2097; x_wconf 78' lang='grc' dir='ltr'><strong>καὶ</strong></span> <span class='ocrx_word' id='word_1_159' title='bbox 1064 2043 1222 2115; x_wconf 82' lang='grc' dir='ltr'>νοερὰ</span> <span class='ocrx_word' id='word_1_160' title='bbox 1252 2043 1484 2115; x_wconf 80' lang='grc' dir='ltr'>γεννητά</span> <span class='ocrx_word' id='word_1_161' title='bbox 1516 2043 1691 2097; x_wconf 87' lang='grc' dir='ltr'>πάντα</span> 
     </span>
    </p>
   </div>
   <div class='ocr_carea' id='block_1_22' title="bbox 106 2133 1689 2207">
    <p class='ocr_par' dir='ltr' id='par_1_22' title="bbox 106 2133 1689 2207">
     <span class='ocr_line' id='line_1_22' title="bbox 106 2133 1689 2207; baseline -0.002 -19"><span class='ocrx_word' id='word_1_162' title='bbox 106 2136 199 2190; x_wconf 71' lang='grc' dir='ltr'>ναὶ</span> <span class='ocrx_word' id='word_1_163' title='bbox 244 2136 550 2207; x_wconf 75' lang='grc' dir='ltr'>ἀγέννηταο</span> <span class='ocrx_word' id='word_1_164' title='bbox 594 2134 830 2206; x_wconf 78' lang='grc' dir='ltr'>γεννητὰ</span> <span class='ocrx_word' id='word_1_165' title='bbox 861 2134 979 2205; x_wconf 86' lang='grc' dir='ltr'>μὲν,</span> <span class='ocrx_word' id='word_1_166' title='bbox 1013 2133 1087 2197; x_wconf 86' lang='grc' dir='ltr'>ὡς</span> <span class='ocrx_word' id='word_1_167' title='bbox 1124 2133 1184 2198; x_wconf 81' lang='grc' dir='ltr'>ἐξ</span> <span class='ocrx_word' id='word_1_168' title='bbox 1213 2134 1384 2186; x_wconf 82' lang='grc' dir='ltr'>αἰτίου</span> <span class='ocrx_word' id='word_1_169' title='bbox 1429 2133 1524 2187; x_wconf 87' lang='grc' dir='ltr'><strong>τοῦ</strong></span> <span class='ocrx_word' id='word_1_170' title='bbox 1556 2133 1689 2188; x_wconf 83' lang='grc' dir='ltr'>Θεοῦ</span> 
     </span>
    </p>
   </div>
   <div class='ocr_carea' id='block_1_23' title="bbox 107 2225 1688 2299">
    <p class='ocr_par' dir='ltr' id='par_1_23' title="bbox 107 2225 1688 2299">
     <span class='ocr_line' id='line_1_23' title="bbox 107 2225 1688 2299; baseline -0.003 -17"><span class='ocrx_word' id='word_1_171' title='bbox 107 2228 422 2282; x_wconf 81' lang='grc' dir='ltr'>ὑποστάντα</span> <span class='ocrx_word' id='word_1_172' title='bbox 465 2227 608 2282; x_wconf 77' lang='grc' dir='ltr'>κατὰ</span> <span class='ocrx_word' id='word_1_173' title='bbox 649 2227 871 2299; x_wconf 80' lang='grc' dir='ltr'>πρόοδον</span> <span class='ocrx_word' id='word_1_174' title='bbox 914 2225 1260 2297; x_wconf 67' lang='grc' dir='ltr'>ὲλλάμψεως·</span> <span class='ocrx_word' id='word_1_175' title='bbox 1305 2226 1571 2297; x_wconf 81' lang='grc' dir='ltr'>ἀγέννητα</span> <span class='ocrx_word' id='word_1_176' title='bbox 1610 2225 1688 2286; x_wconf 84' lang='grc' dir='ltr'><strong>δὲ,</strong></span> 
     </span>
    </p>
   </div>
   <div class='ocr_carea' id='block_1_24' title="bbox 107 2319 1690 2392">
    <p class='ocr_par' dir='ltr' id='par_1_24' title="bbox 107 2319 1690 2392">
     <span class='ocr_line' id='line_1_24' title="bbox 107 2319 1690 2392; baseline -0.002 -18"><span class='ocrx_word' id='word_1_177' title='bbox 107 2321 224 2374; x_wconf 82' lang='grc' dir='ltr'>καθ’</span> <span class='ocrx_word' id='word_1_178' title='bbox 255 2320 287 2373; x_wconf 84' lang='grc' dir='ltr'><strong>ὃ</strong></span> <span class='ocrx_word' id='word_1_179' title='bbox 319 2319 395 2392; x_wconf 79' lang='grc' dir='ltr'><strong>μὴ</strong></span> <span class='ocrx_word' id='word_1_180' title='bbox 428 2321 488 2373; x_wconf 84' lang='grc' dir='ltr'><strong>ὲν</strong></span> <span class='ocrx_word' id='word_1_181' title='bbox 520 2321 716 2392; x_wconf 85' lang='grc' dir='ltr'><strong>χρόνῳ,</strong></span> <span class='ocrx_word' id='word_1_182' title='bbox 757 2319 869 2372; x_wconf 81' lang='grc' dir='ltr'>ἀλλ’</span> <span class='ocrx_word' id='word_1_183' title='bbox 899 2319 1152 2385; x_wconf 85' lang='grc' dir='ltr'>αἰωνίως,</span> <span class='ocrx_word' id='word_1_184' title='bbox 1185 2319 1459 2372; x_wconf 81' lang='grc' dir='ltr'>τουτέστιν</span> <span class='ocrx_word' id='word_1_185' title='bbox 1493 2321 1548 2372; x_wconf 81' lang='grc' dir='ltr'><strong>ὲν</strong></span> <span class='ocrx_word' id='word_1_186' title='bbox 1579 2321 1690 2382; x_wconf 85' lang='grc' dir='ltr'>τοῖς</span> 
     </span>
    </p>
   </div>
   <div class='ocr_carea' id='block_1_25' title="bbox 105 2409 1690 2486">
    <p class='ocr_par' dir='ltr' id='par_1_25' title="bbox 105 2409 1690 2486">
     <span class='ocr_line' id='line_1_25' title="bbox 105 2409 1690 2486; baseline -0.001 -20"><span class='ocrx_word' id='word_1_187' title='bbox 105 2414 263 2467; x_wconf 82' lang='grc' dir='ltr'>αίῶσι</span> <span class='ocrx_word' id='word_1_188' title='bbox 303 2413 594 2486; x_wconf 80' lang='grc' dir='ltr'>προῆλθον.</span> <span class='ocrx_word' id='word_1_189' title='bbox 627 2412 755 2486; x_wconf 18' lang='grc' dir='ltr'>,Καὶ</span> <span class='ocrx_word' id='word_1_190' title='bbox 800 2412 910 2482; x_wconf 83' lang='grc' dir='ltr'>γὰρ</span> <span class='ocrx_word' id='word_1_191' title='bbox 942 2409 1148 2482; x_wconf 77' lang='grc' dir='ltr'>ἔφημεν</span> <span class='ocrx_word' id='word_1_192' title='bbox 1192 2411 1303 2464; x_wconf 85' lang='grc' dir='ltr'><strong>ἀνω</strong></span> <span class='ocrx_word' id='word_1_193' title='bbox 1349 2409 1417 2463; x_wconf 78' lang='grc' dir='ltr'>τὰ</span> <span class='ocrx_word' id='word_1_194' title='bbox 1458 2410 1690 2481; x_wconf 78' lang='grc' dir='ltr'>αἰσθητά</span> 
     </span>
    </p>
   </div>
   <div class='ocr_carea' id='block_1_26' title="bbox 103 2500 1689 2575">
    <p class='ocr_par' dir='ltr' id='par_1_26' title="bbox 103 2500 1689 2575">
     <span class='ocr_line' id='line_1_26' title="bbox 103 2500 1689 2575; baseline -0.001 -20"><span class='ocrx_word' id='word_1_195' title='bbox 103 2504 190 2556; x_wconf 87' lang='grc' dir='ltr'><strong>τὸν</strong></span> <span class='ocrx_word' id='word_1_196' title='bbox 219 2503 415 2575; x_wconf 83' lang='grc' dir='ltr'>χρόνον</span> <span class='ocrx_word' id='word_1_197' title='bbox 444 2503 605 2573; x_wconf 65' lang='grc' dir='ltr'>ἔχειιντ</span> <span class='ocrx_word' id='word_1_198' title='bbox 641 2502 707 2558; x_wconf 74' lang='grc' dir='ltr'>τὰ</span> <span class='ocrx_word' id='word_1_199' title='bbox 753 2502 810 2555; x_wconf 80' lang='grc' dir='ltr'>δὲ</span> <span class='ocrx_word' id='word_1_200' title='bbox 847 2500 1146 2572; x_wconf 79' lang='grc' dir='ltr'>νοητὰ,,τὸν</span> <span class='ocrx_word' id='word_1_201' title='bbox 1179 2500 1383 2566; x_wconf 81' lang='grc' dir='ltr'>αἰῶνα,</span> <span class='ocrx_word' id='word_1_202' title='bbox 1433 2500 1554 2554; x_wconf 83' lang='grc' dir='ltr'>ὅθεν</span> <span class='ocrx_word' id='word_1_203' title='bbox 1596 2502 1689 2554; x_wconf 82' lang='grc' dir='ltr'>καὶ</span> 
     </span>
    </p>
   </div>
   <div class='ocr_carea' id='block_1_27' title="bbox 104 2587 1701 2662">
    <p class='ocr_par' dir='ltr' id='par_1_27' title="bbox 104 2587 1701 2662">
     <span class='ocr_line' id='line_1_27' title="bbox 104 2587 1701 2662; baseline -0.001 -16"><span class='ocrx_word' id='word_1_204' title='bbox 104 2591 296 2647; x_wconf 82' lang='grc' dir='ltr'>αἰώνια</span> <span class='ocrx_word' id='word_1_205' title='bbox 324 2593 592 2661; x_wconf 79' lang='grc' dir='ltr'>λέγονται.</span> <span class='ocrx_word' id='word_1_206' title='bbox 637 2593 725 2655; x_wconf 87' lang='grc' dir='ltr'>Ὠς</span> <span class='ocrx_word' id='word_1_207' title='bbox 759 2587 852 2645; x_wconf 79' lang='grc' dir='ltr'><strong>οὖν</strong></span> <span class='ocrx_word' id='word_1_208' title='bbox 895 2594 958 2645; x_wconf 80' lang='grc' dir='ltr'>ἐκ</span> <span class='ocrx_word' id='word_1_209' title='bbox 999 2591 1223 2662; x_wconf 86' lang='grc' dir='ltr'>προόδου</span> <span class='ocrx_word' id='word_1_210' title='bbox 1268 2590 1554 2661; x_wconf 72' lang='grc' dir='ltr'>λάμψαντα</span> <span class='ocrx_word' id='word_1_211' title='bbox 1596 2592 1701 2645; x_wconf 75' lang='grc' dir='ltr'>καὶ-</span> 
     </span>
    </p>
   </div>
   <div class='ocr_carea' id='block_1_28' title="bbox 105 2680 1686 2757">
    <p class='ocr_par' dir='ltr' id='par_1_28' title="bbox 105 2680 1686 2757">
     <span class='ocr_line' id='line_1_28' title="bbox 105 2680 1686 2757; baseline -0.001 -20"><span class='ocrx_word' id='word_1_212' title='bbox 105 2685 376 2757; x_wconf 78' lang='grc' dir='ltr'>ἀγέννητα</span> <span class='ocrx_word' id='word_1_213' title='bbox 406 2684 546 2739; x_wconf 85' lang='grc' dir='ltr'><strong>αὑτά</strong></span> <span class='ocrx_word' id='word_1_214' title='bbox 571 2680 749 2738; x_wconf 73' lang='grc' dir='ltr'>εἷπον·</span> <span class='ocrx_word' id='word_1_215' title='bbox 783 2684 943 2738; x_wconf 83' lang='grc' dir='ltr'>πάλιν</span> <span class='ocrx_word' id='word_1_216' title='bbox 989 2684 1106 2754; x_wconf 76' lang='grc' dir='ltr'>ᾔδει</span> <span class='ocrx_word' id='word_1_217' title='bbox 1156 2683 1375 2754; x_wconf 74' lang='grc' dir='ltr'>ἑτέρους</span> <span class='ocrx_word' id='word_1_218' title='bbox 1420 2685 1513 2736; x_wconf 71' lang='grc' dir='ltr'><strong>καὶ</strong></span> <span class='ocrx_word' id='word_1_219' title='bbox 1538 2682 1686 2736; x_wconf 86' lang='grc' dir='ltr'>τόνδε</span> 
     </span>
    </p>
   </div>
   <div class='ocr_carea' id='block_1_29' title="bbox 103 2772 1684 2846">
    <p class='ocr_par' dir='ltr' id='par_1_29' title="bbox 103 2772 1684 2846">
     <span class='ocr_line' id='line_1_29' title="bbox 103 2772 1684 2846; baseline -0.001 -20"><span class='ocrx_word' id='word_1_220' title='bbox 103 2775 193 2828; x_wconf 87' lang='grc' dir='ltr'><strong>τοῦ</strong></span> <span class='ocrx_word' id='word_1_221' title='bbox 238 2775 440 2846; x_wconf 82' lang='grc' dir='ltr'>ὁρατοῦ</span> <span class='ocrx_word' id='word_1_222' title='bbox 475 2775 724 2838; x_wconf 81' lang='grc' dir='ltr'>εἰπόντας</span> <span class='ocrx_word' id='word_1_223' title='bbox 755 2774 956 2843; x_wconf 84' lang='grc' dir='ltr'>κόσμον</span> <span class='ocrx_word' id='word_1_224' title='bbox 984 2774 1077 2826; x_wconf 72' lang='grc' dir='ltr'><strong>καὶ</strong></span> <span class='ocrx_word' id='word_1_225' title='bbox 1107 2773 1362 2844; x_wconf 63' lang='grc' dir='ltr'>γεννητὸν</span> <span class='ocrx_word' id='word_1_226' title='bbox 1397 2774 1489 2826; x_wconf 73' lang='grc' dir='ltr'>καὶ</span> <span class='ocrx_word' id='word_1_227' title='bbox 1523 2772 1684 2840; x_wconf 85' lang='grc' dir='ltr'>ἀγέν-</span> 
     </span>
    </p>
   </div>
   <div class='ocr_carea' id='block_1_30' title="bbox 105 2863 1679 2939">
    <p class='ocr_par' dir='ltr' id='par_1_30' title="bbox 105 2863 1679 2939">
     <span class='ocr_line' id='line_1_30' title="bbox 105 2863 1679 2939; baseline -0.002 -19"><span class='ocrx_word' id='word_1_228' title='bbox 105 2885 258 2939; x_wconf 73' lang='grc' dir='ltr'>νητον</span> <span class='ocrx_word' id='word_1_229' title='bbox 279 2883 296 2899; x_wconf 86' lang='grc'><strong>·</strong></span> <span class='ocrx_word' id='word_1_230' title='bbox 325 2865 420 2921; x_wconf 74' lang='grc' dir='ltr'><strong>καὶ</strong></span> <span class='ocrx_word' id='word_1_231' title='bbox 446 2867 700 2937; x_wconf 82' lang='grc' dir='ltr'>γεννητὸν</span> <span class='ocrx_word' id='word_1_232' title='bbox 732 2867 847 2937; x_wconf 82' lang='grc' dir='ltr'>μὲν,</span> <span class='ocrx_word' id='word_1_233' title='bbox 879 2865 996 2920; x_wconf 53' lang='grc' dir='ltr'>καθ)</span> <span class='ocrx_word' id='word_1_234' title='bbox 1020 2867 1139 2919; x_wconf 83' lang='grc' dir='ltr'>ὅσον</span> <span class='ocrx_word' id='word_1_235' title='bbox 1179 2865 1259 2928; x_wconf 87' lang='grc' dir='ltr'><strong>εἰς</strong></span> <span class='ocrx_word' id='word_1_236' title='bbox 1290 2863 1436 2916; x_wconf 85' lang='grc' dir='ltr'>τόνδε</span> <span class='ocrx_word' id='word_1_237' title='bbox 1462 2863 1524 2916; x_wconf 90' lang='grc' dir='ltr'><strong>τὸ</strong></span> <span class='ocrx_word' id='word_1_238' title='bbox 1552 2865 1679 2917; x_wconf 79' lang='grc' dir='ltr'>πᾶν·</span> 
     </span>
    </p>
   </div>
   <div class='ocr_carea' id='block_1_31' title="bbox 102 2953 1686 3027">
    <p class='ocr_par' dir='ltr' id='par_1_31' title="bbox 102 2953 1686 3027">
     <span class='ocr_line' id='line_1_31' title="bbox 102 2953 1686 3027; baseline -0.001 -19"><span class='ocrx_word' id='word_1_239' title='bbox 102 2956 221 3027; x_wconf 52' lang='lat' dir='ltr'><strong>mg</strong></span> <span class='ocrx_word' id='word_1_240' title='bbox 252 2957 374 3020; x_wconf 70' lang='grc' dir='ltr'>ἐνὸς</span> <span class='ocrx_word' id='word_1_241' title='bbox 403 2957 498 3009; x_wconf 73' lang='grc' dir='ltr'>ἐπὶ</span> <span class='ocrx_word' id='word_1_242' title='bbox 525 2955 695 3010; x_wconf 79' lang='grc' dir='ltr'>πολλὰ</span> <span class='ocrx_word' id='word_1_243' title='bbox 730 2955 923 3022; x_wconf 77' lang='grc' dir='ltr'>ὁδεύει,</span> <span class='ocrx_word' id='word_1_244' title='bbox 957 2957 1094 3027; x_wconf 79' lang='grc' dir='ltr'>ὅπερ</span> <span class='ocrx_word' id='word_1_245' title='bbox 1120 2957 1234 3009; x_wconf 78' lang='grc' dir='ltr'>ἐστὶ</span> <span class='ocrx_word' id='word_1_246' title='bbox 1274 2956 1366 3007; x_wconf 76' lang='grc' dir='ltr'><strong>ἐπὶ</strong></span> <span class='ocrx_word' id='word_1_247' title='bbox 1400 2954 1498 3018; x_wconf 87' lang='grc' dir='ltr'><strong>τάς</strong></span> <span class='ocrx_word' id='word_1_248' title='bbox 1536 2953 1686 3022; x_wconf 85' lang='grc' dir='ltr'>γενέ-</span> 
     </span>
    </p>
   </div>
   <div class='ocr_carea' id='block_1_32' title="bbox 105 3042 1678 3116">
    <p class='ocr_par' dir='ltr' id='par_1_32' title="bbox 105 3042 1678 3116">
     <span class='ocr_line' id='line_1_32' title="bbox 105 3042 1678 3116; baseline 0 -18"><span class='ocrx_word' id='word_1_249' title='bbox 105 3064 211 3110; x_wconf 85' lang='grc' dir='ltr'>σεις</span> <span class='ocrx_word' id='word_1_250' title='bbox 239 3046 352 3100; x_wconf 80' lang='grc' dir='ltr'>τῶν</span> <span class='ocrx_word' id='word_1_251' title='bbox 382 3048 501 3101; x_wconf 83' lang='grc' dir='ltr'>κατ’</span> <span class='ocrx_word' id='word_1_252' title='bbox 531 3042 668 3110; x_wconf 76' lang='grc' dir='ltr'>είδος</span> <span class='ocrx_word' id='word_1_253' title='bbox 699 3045 879 3112; x_wconf 78' lang='grc' dir='ltr'>ζώων,</span> <span class='ocrx_word' id='word_1_254' title='bbox 895 3048 987 3101; x_wconf 75' lang='grc' dir='ltr'><strong>καὶ</strong></span> <span class='ocrx_word' id='word_1_255' title='bbox 1009 3047 1210 3116; x_wconf 81' lang='grc' dir='ltr'>φυτῶν,</span> <span class='ocrx_word' id='word_1_256' title='bbox 1233 3046 1327 3098; x_wconf 72' lang='grc' dir='ltr'>καὶ</span> <span class='ocrx_word' id='word_1_257' title='bbox 1355 3045 1460 3097; x_wconf 80' lang='grc' dir='ltr'><strong>τῶν</strong></span> <span class='ocrx_word' id='word_1_258' title='bbox 1482 3046 1678 3099; x_wconf 85' lang='grc' dir='ltr'>ἄλλων·</span> 
     </span>
    </p>
   </div>
   <div class='ocr_carea' id='block_1_33' title="bbox 105 3135 1684 3208">
    <p class='ocr_par' dir='ltr' id='par_1_33' title="bbox 105 3135 1684 3208">
     <span class='ocr_line' id='line_1_33' title="bbox 105 3135 1684 3208; baseline 0.002 -20"><span class='ocrx_word' id='word_1_259' title='bbox 105 3135 133 3208; x_wconf 69' lang='grc' dir='ltr'>ἢ</span> <span class='ocrx_word' id='word_1_260' title='bbox 170 3139 234 3190; x_wconf 80' lang='grc' dir='ltr'>ἐκ</span> <span class='ocrx_word' id='word_1_261' title='bbox 265 3137 376 3189; x_wconf 79' lang='grc' dir='ltr'>τῶν</span> <span class='ocrx_word' id='word_1_262' title='bbox 434 3137 643 3192; x_wconf 83' lang='grc' dir='ltr'>πολλῶν</span> <span class='ocrx_word' id='word_1_263' title='bbox 693 3139 784 3191; x_wconf 76' lang='grc' dir='ltr'>ἐπὶ</span> <span class='ocrx_word' id='word_1_264' title='bbox 840 3139 900 3192; x_wconf 91' lang='grc' dir='ltr'><strong>τὸ</strong></span> <span class='ocrx_word' id='word_1_265' title='bbox 955 3138 1032 3204; x_wconf 83' lang='grc' dir='ltr'>ἓν,</span> <span class='ocrx_word' id='word_1_266' title='bbox 1076 3138 1196 3191; x_wconf 75' lang='grc' dir='ltr'><strong>ἀντί⁸</strong></span> <span class='ocrx_word' id='word_1_267' title='bbox 1245 3137 1376 3204; x_wconf 89' lang='grc' dir='ltr'>τοῦ,</span> <span class='ocrx_word' id='word_1_268' title='bbox 1423 3138 1550 3190; x_wconf 81' lang='grc' dir='ltr'>ὅταν</span> <span class='ocrx_word' id='word_1_269' title='bbox 1592 3139 1684 3192; x_wconf 77' lang='grc' dir='ltr'>ἐπὶ</span> 
     </span>
    </p>
   </div>
   <div class='ocr_carea' id='block_1_34' title="bbox 105 3227 1756 3324">
    <p class='ocr_par' dir='ltr' id='par_1_34' title="bbox 105 3227 1756 3324">
     <span class='ocr_line' id='line_1_34' title="bbox 105 3227 1756 3324; baseline 0.002 -45"><span class='ocrx_word' id='word_1_270' title='bbox 105 3227 305 3300; x_wconf 69' lang='grc' dir='ltr'>φθορὰν</span> <span class='ocrx_word' id='word_1_271' title='bbox 350 3229 540 3302; x_wconf 82' lang='grc' dir='ltr'>ὀδεύῃ,</span> <span class='ocrx_word' id='word_1_272' title='bbox 582 3230 662 3294; x_wconf 80' lang='grc' dir='ltr'><strong>εἰς</strong></span> <span class='ocrx_word' id='word_1_273' title='bbox 701 3230 798 3301; x_wconf 82' lang='grc' dir='ltr'>τὴν</span> <span class='ocrx_word' id='word_1_274' title='bbox 842 3231 936 3283; x_wconf 70' lang='grc' dir='ltr'><strong>ἐπὶ</strong></span> <span class='ocrx_word' id='word_1_275' title='bbox 980 3229 1050 3282; x_wconf 85' lang='grc' dir='ltr'>τὰ</span> <span class='ocrx_word' id='word_1_276' title='bbox 1112 3232 1353 3300; x_wconf 87' lang='grc' dir='ltr'>στοιχεῖα</span> <span class='ocrx_word' id='word_1_277' title='bbox 1394 3229 1677 3282; x_wconf 86' lang='grc' dir='ltr'>ἀνάλυσιν·</span> <span class='ocrx_word' id='word_1_278' title='bbox 1710 3261 1756 3324; x_wconf 77' lang='lat' dir='ltr'>c</span> 
     </span>
    </p>
   </div>
   <div class='ocr_carea' id='block_1_35' title="bbox 105 3318 1678 3392">
    <p class='ocr_par' dir='ltr' id='par_1_35' title="bbox 105 3318 1678 3392">
     <span class='ocr_line' id='line_1_35' title="bbox 105 3318 1678 3392; baseline 0.002 -19"><span class='ocrx_word' id='word_1_279' title='bbox 105 3321 390 3392; x_wconf 75' lang='grc' dir='ltr'>ἀγέννητον</span> <span class='ocrx_word' id='word_1_280' title='bbox 418 3322 476 3374; x_wconf 80' lang='grc' dir='ltr'>δὲ</span> <span class='ocrx_word' id='word_1_281' title='bbox 507 3318 662 3386; x_wconf 78' lang='grc' dir='ltr'>αὖθις</span> <span class='ocrx_word' id='word_1_282' title='bbox 690 3323 780 3376; x_wconf 89' lang='grc' dir='ltr'><strong>τὸν</strong></span> <span class='ocrx_word' id='word_1_283' title='bbox 819 3323 980 3376; x_wconf 77' lang='grc' dir='ltr'>αὐτὸν</span> <span class='ocrx_word' id='word_1_284' title='bbox 1011 3322 1268 3390; x_wconf 88' lang='grc' dir='ltr'>λέγοντας</span> <span class='ocrx_word' id='word_1_285' title='bbox 1306 3321 1530 3392; x_wconf 88' lang='grc' dir='ltr'>κόσμον,</span> <span class='ocrx_word' id='word_1_286' title='bbox 1561 3322 1678 3392; x_wconf 78' lang='grc' dir='ltr'>ἦτοι</span> 
     </span>
    </p>
   </div>
   <div class='ocr_carea' id='block_1_36' title="bbox 105 3412 1678 3485">
    <p class='ocr_par' dir='ltr' id='par_1_36' title="bbox 105 3412 1678 3485">
     <span class='ocr_line' id='line_1_36' title="bbox 105 3412 1678 3485; baseline 0.002 -21"><span class='ocrx_word' id='word_1_287' title='bbox 105 3412 286 3476; x_wconf 73' lang='grc' dir='ltr'>ἀΐδιον,</span> <span class='ocrx_word' id='word_1_288' title='bbox 321 3412 446 3466; x_wconf 83' lang='grc' dir='ltr'>καθ’</span> <span class='ocrx_word' id='word_1_289' title='bbox 473 3413 596 3467; x_wconf 84' lang='grc' dir='ltr'>ὅσον</span> <span class='ocrx_word' id='word_1_290' title='bbox 622 3413 729 3466; x_wconf 84' lang='grc' dir='ltr'><strong>τῶν</strong></span> <span class='ocrx_word' id='word_1_291' title='bbox 763 3415 1028 3485; x_wconf 84' lang='grc' dir='ltr'>κινήσεων</span> <span class='ocrx_word' id='word_1_292' title='bbox 1053 3413 1160 3465; x_wconf 80' lang='grc' dir='ltr'><strong>τῶν</strong></span> <span class='ocrx_word' id='word_1_293' title='bbox 1205 3412 1296 3464; x_wconf 79' lang='grc' dir='ltr'>ὲπί</span> <span class='ocrx_word' id='word_1_294' title='bbox 1323 3412 1553 3481; x_wconf 87' lang='grc' dir='ltr'>γένεσιν,</span> <span class='ocrx_word' id='word_1_295' title='bbox 1587 3415 1678 3467; x_wconf 81' lang='grc' dir='ltr'><strong>καὶ</strong></span> 
     </span>
    </p>
   </div>
   <div class='ocr_carea' id='block_1_37' title="bbox 105 3504 1677 3576">
    <p class='ocr_par' dir='ltr' id='par_1_37' title="bbox 105 3504 1677 3576">
     <span class='ocr_line' id='line_1_37' title="bbox 105 3504 1677 3576; baseline 0.002 -21"><span class='ocrx_word' id='word_1_296' title='bbox 105 3504 203 3558; x_wconf 81' lang='grc' dir='ltr'>τῶν</span> <span class='ocrx_word' id='word_1_297' title='bbox 229 3506 727 3559; x_wconf 83' lang='grc' dir='ltr'>ἀποκαταστάσεων</span> <span class='ocrx_word' id='word_1_298' title='bbox 756 3506 864 3558; x_wconf 80' lang='grc' dir='ltr'>τῶν</span> <span class='ocrx_word' id='word_1_299' title='bbox 897 3507 989 3558; x_wconf 69' lang='grc' dir='ltr'>ἐπὶ</span> <span class='ocrx_word' id='word_1_300' title='bbox 1017 3504 1242 3576; x_wconf 77' lang='grc' dir='ltr'>φθορὰν,</span> <span class='ocrx_word' id='word_1_301' title='bbox 1273 3505 1527 3558; x_wconf 74' lang='grc' dir='ltr'>οὐδέποτε</span> <span class='ocrx_word' id='word_1_302' title='bbox 1555 3508 1677 3558; x_wconf 83' lang='grc' dir='ltr'>κατ’</span> 
     </span>
    </p>
   </div>
   <div class='ocr_carea' id='block_1_38' title="bbox 105 3592 1678 3667">
    <p class='ocr_par' dir='ltr' id='par_1_38' title="bbox 105 3592 1678 3667">
     <span class='ocr_line' id='line_1_38' title="bbox 105 3592 1678 3667; baseline 0.001 -21"><span class='ocrx_word' id='word_1_303' title='bbox 105 3596 292 3660; x_wconf 70' lang='grc' dir='ltr'>αὐτοὺς</span> <span class='ocrx_word' id='word_1_304' title='bbox 312 3597 616 3666; x_wconf 72' lang='grc' dir='ltr'>ἐφίσταται.</span> <span class='ocrx_word' id='word_1_305' title='bbox 640 3599 806 3667; x_wconf 74' lang='grc' dir='ltr'>Φησὶν</span> <span class='ocrx_word' id='word_1_306' title='bbox 839 3592 930 3650; x_wconf 77' lang='grc' dir='ltr'><strong>οὖν</strong></span> <span class='ocrx_word' id='word_1_307' title='bbox 958 3597 986 3649; x_wconf 87' lang='grc' dir='ltr'><strong>ὁ</strong></span> <span class='ocrx_word' id='word_1_308' title='bbox 1018 3596 1191 3667; x_wconf 81' lang='grc' dir='ltr'>μέγας</span> <span class='ocrx_word' id='word_1_309' title='bbox 1217 3595 1509 3659; x_wconf 87' lang='grc' dir='ltr'>Διονύσιος,</span> <span class='ocrx_word' id='word_1_310' title='bbox 1531 3597 1678 3660; x_wconf 81' lang='grc' dir='ltr'>ὅπως</span> 
     </span>
    </p>
   </div>
   <div class='ocr_carea' id='block_1_39' title="bbox 107 3687 1679 3759">
    <p class='ocr_par' dir='ltr' id='par_1_39' title="bbox 107 3687 1679 3759">
     <span class='ocr_line' id='line_1_39' title="bbox 107 3687 1679 3759; baseline 0.001 -20"><span class='ocrx_word' id='word_1_311' title='bbox 107 3689 214 3744; x_wconf 66' lang='grc' dir='ltr'>ποτῗ</span> <span class='ocrx_word' id='word_1_312' title='bbox 247 3687 312 3740; x_wconf 85' lang='grc' dir='ltr'>ἂν</span> <span class='ocrx_word' id='word_1_313' title='bbox 343 3687 555 3757; x_wconf 82' lang='grc' dir='ltr'>λέγοιτο</span> <span class='ocrx_word' id='word_1_314' title='bbox 583 3688 643 3741; x_wconf 87' lang='grc' dir='ltr'><strong>τὸ</strong></span> <span class='ocrx_word' id='word_1_315' title='bbox 671 3689 985 3759; x_wconf 85' lang='grc' dir='ltr'>ἀγέννητον,</span> <span class='ocrx_word' id='word_1_316' title='bbox 1019 3687 1128 3740; x_wconf 84' lang='grc' dir='ltr'>εἴτε</span> <span class='ocrx_word' id='word_1_317' title='bbox 1157 3688 1233 3750; x_wconf 82' lang='grc' dir='ltr'>ὡς</span> <span class='ocrx_word' id='word_1_318' title='bbox 1263 3687 1420 3758; x_wconf 75' lang='grc' dir='ltr'>ἔφην,</span> <span class='ocrx_word' id='word_1_319' title='bbox 1454 3687 1560 3739; x_wconf 76' lang='grc' dir='ltr'>εἴτε</span> <span class='ocrx_word' id='word_1_320' title='bbox 1601 3687 1679 3752; x_wconf 84' lang='grc' dir='ltr'>ὡς</span> 
     </span>
    </p>
   </div>
   <div class='ocr_carea' id='block_1_40' title="bbox 107 3777 1675 3853">
    <p class='ocr_par' dir='ltr' id='par_1_40' title="bbox 107 3777 1675 3853">
     <span class='ocr_line' id='line_1_40' title="bbox 107 3777 1675 3853; baseline 0.003 -23"><span class='ocrx_word' id='word_1_321' title='bbox 107 3779 454 3851; x_wconf 72' lang='grc' dir='ltr'>οίἝλληνες,</span> <span class='ocrx_word' id='word_1_322' title='bbox 506 3780 580 3852; x_wconf 82' lang='grc' dir='ltr'>μὴ</span> <span class='ocrx_word' id='word_1_323' title='bbox 624 3782 717 3834; x_wconf 77' lang='grc' dir='ltr'>ἐπὶ</span> <span class='ocrx_word' id='word_1_324' title='bbox 745 3779 841 3834; x_wconf 90' lang='grc' dir='ltr'><strong>τοῦ</strong></span> <span class='ocrx_word' id='word_1_325' title='bbox 888 3780 1022 3833; x_wconf 91' lang='grc' dir='ltr'>Θεοῦ</span> <span class='ocrx_word' id='word_1_326' title='bbox 1061 3779 1219 3834; x_wconf 91' lang='grc' dir='ltr'>τοῦτο</span> <span class='ocrx_word' id='word_1_327' title='bbox 1266 3777 1428 3853; x_wconf 82' lang='grc' dir='ltr'>δέξῃ,</span> <span class='ocrx_word' id='word_1_328' title='bbox 1462 3779 1530 3832; x_wconf 83' lang='grc' dir='ltr'><strong>τά</strong></span> <span class='ocrx_word' id='word_1_329' title='bbox 1578 3781 1675 3850; x_wconf 82' lang='grc' dir='ltr'><strong>μὲν</strong></span> 
     </span>
    </p>
   </div>
   <div class='ocr_carea' id='block_1_41' title="bbox 109 3867 1674 3944">
    <p class='ocr_par' dir='ltr' id='par_1_41' title="bbox 109 3867 1674 3944">
     <span class='ocr_line' id='line_1_41' title="bbox 109 3867 1674 3944; baseline 0.001 -21"><span class='ocrx_word' id='word_1_330' title='bbox 109 3867 229 3924; x_wconf 57' lang='lat' dir='ltr'><strong>illa</strong></span> <span class='ocrx_word' id='word_1_331' title='bbox 251 3873 511 3938; x_wconf 86' lang='grc' dir='ltr'>αίτιατῶς</span> <span class='ocrx_word' id='word_1_332' title='bbox 539 3873 752 3943; x_wconf 90' lang='grc' dir='ltr'>λέγεται</span> <span class='ocrx_word' id='word_1_333' title='bbox 779 3873 1078 3944; x_wconf 81' lang='grc' dir='ltr'>ἀγέννητα,</span> <span class='ocrx_word' id='word_1_334' title='bbox 1107 3874 1134 3926; x_wconf 89' lang='grc' dir='ltr'><strong>ὁ</strong></span> <span class='ocrx_word' id='word_1_335' title='bbox 1162 3872 1294 3936; x_wconf 88' lang='grc' dir='ltr'>Θεὸς</span> <span class='ocrx_word' id='word_1_336' title='bbox 1332 3873 1389 3925; x_wconf 80' lang='grc' dir='ltr'>δὲ</span> <span class='ocrx_word' id='word_1_337' title='bbox 1418 3873 1674 3936; x_wconf 81' lang='grc' dir='ltr'>ἀναιτίως</span> 
     </span>
    </p>
   </div>
   <div class='ocr_carea' id='block_1_42' title="bbox 109 3961 1671 4036">
    <p class='ocr_par' dir='ltr' id='par_1_42' title="bbox 109 3961 1671 4036">
     <span class='ocr_line' id='line_1_42' title="bbox 109 3961 1671 4036; baseline 0.004 -26"><span class='ocrx_word' id='word_1_338' title='bbox 109 3961 192 4012; x_wconf 69' lang='grc' dir='ltr'><strong>καί</strong></span> <span class='ocrx_word' id='word_1_339' title='bbox 228 3964 542 4028; x_wconf 75' lang='grc' dir='ltr'>ἀπολύτωςο</span> <span class='ocrx_word' id='word_1_340' title='bbox 576 3965 659 4030; x_wconf 88' lang='grc' dir='ltr'><strong>τίς</strong></span> <span class='ocrx_word' id='word_1_341' title='bbox 704 3965 813 4036; x_wconf 88' lang='grc' dir='ltr'><strong>γὰρ</strong></span> <span class='ocrx_word' id='word_1_342' title='bbox 848 3965 996 4018; x_wconf 83' lang='grc' dir='ltr'>αἰτία</span> <span class='ocrx_word' id='word_1_343' title='bbox 1037 3964 1156 4035; x_wconf 86' lang='grc' dir='ltr'>Θεῷ</span> <span class='ocrx_word' id='word_1_344' title='bbox 1202 3964 1418 4018; x_wconf 84' lang='grc' dir='ltr'>πάντων</span> <span class='ocrx_word' id='word_1_345' title='bbox 1463 3963 1671 4030; x_wconf 81' lang='grc' dir='ltr'>ἁπαξα-</span> 
     </span>
    </p>
   </div>
   <div class='ocr_carea' id='block_1_43' title="bbox 106 4039 628 4128">
    <p class='ocr_par' dir='ltr' id='par_1_43' title="bbox 106 4039 628 4128">
     <span class='ocr_line' id='line_1_43' title="bbox 106 4039 628 4128; baseline 0.01 -24"><span class='ocrx_word' id='word_1_346' title='bbox 106 4050 245 4117; x_wconf 76' lang='grc' dir='ltr'>πλῶς</span> <span class='ocrx_word' id='word_1_347' title='bbox 271 4039 592 4128; x_wconf 75' lang='grc' dir='ltr'>ὑπερέχοντι</span> <span class='ocrx_word' id='word_1_348' title='bbox 612 4073 628 4122; x_wconf 86' lang='lat'><strong>;</strong></span> 
     </span>
    </p>
   </div>
   <div class='ocr_carea' id='block_1_44' title="bbox 1797 854 3364 928">
    <p class='ocr_par' dir='ltr' id='par_1_44' title="bbox 1797 854 3364 928">
     <span class='ocr_line' id='line_1_44' title="bbox 1797 854 3364 928; baseline 0.001 -18"><span class='ocrx_word' id='word_1_349' title='bbox 1797 856 2035 911; x_wconf 82' lang='lat' dir='ltr'><strong>Arianos</strong></span> <span class='ocrx_word' id='word_1_350' title='bbox 2070 863 2122 910; x_wconf 90' lang='lat' dir='ltr'><strong>et</strong></span> <span class='ocrx_word' id='word_1_351' title='bbox 2170 854 2542 910; x_wconf 88' lang='lat' dir='ltr'><strong>Eunomianos</strong></span> <span class='ocrx_word' id='word_1_352' title='bbox 2582 854 2825 923; x_wconf 78' lang='lat' dir='ltr'><strong>faciunt,</strong></span> <span class='ocrx_word' id='word_1_353' title='bbox 2853 856 2946 926; x_wconf 89' lang='lat' dir='ltr'><strong>qui</strong></span> <span class='ocrx_word' id='word_1_354' title='bbox 2989 872 3056 912; x_wconf 83' lang='lat' dir='ltr'><strong>ex</strong></span> <span class='ocrx_word' id='word_1_355' title='bbox 3085 859 3268 928; x_wconf 81' lang='lat' dir='ltr'><strong>genito</strong></span> <span class='ocrx_word' id='word_1_356' title='bbox 3309 865 3364 913; x_wconf 87' lang='lat' dir='ltr'><strong>et</strong></span> 
     </span>
    </p>
   </div>
   <div class='ocr_carea' id='block_1_45' title="bbox 1798 946 2886 1020">
    <p class='ocr_par' dir='ltr' id='par_1_45' title="bbox 1798 946 2886 1020">
     <span class='ocr_line' id='line_1_45' title="bbox 1798 946 2886 1020; baseline 0.001 -17"><span class='ocrx_word' id='word_1_357' title='bbox 1798 948 2040 1020; x_wconf 77' lang='lat' dir='ltr'><strong>ingenito</strong></span> <span class='ocrx_word' id='word_1_358' title='bbox 2071 946 2461 1018; x_wconf 75' lang='lat' dir='ltr'><strong>blasphemiam</strong></span> <span class='ocrx_word' id='word_1_359' title='bbox 2490 946 2601 1002; x_wconf 88' lang='lat' dir='ltr'><strong>Deo</strong></span> <span class='ocrx_word' id='word_1_360' title='bbox 2631 947 2886 1004; x_wconf 78' lang='lat' dir='ltr'><strong>inferunt.</strong></span> 
     </span>
    </p>
   </div>
   <div class='ocr_carea' id='block_1_46' title="bbox 1869 1039 3358 1122">
    <p class='ocr_par' dir='ltr' id='par_1_46' title="bbox 1869 1039 3358 1122">
     <span class='ocr_line' id='line_1_46' title="bbox 1869 1039 3358 1122; baseline 0 -27"><span class='ocrx_word' id='word_1_361' title='bbox 1869 1039 1973 1096; x_wconf 85' lang='lat' dir='ltr'><strong>Sed</strong></span> <span class='ocrx_word' id='word_1_362' title='bbox 2016 1049 2265 1111; x_wconf 84' lang='lat' dir='ltr'><strong>tanquam</strong></span> <span class='ocrx_word' id='word_1_363' title='bbox 2303 1040 2511 1093; x_wconf 80' lang='lat' dir='ltr'><strong>omnino</strong></span> <span class='ocrx_word' id='word_1_364' title='bbox 2551 1039 2855 1109; x_wconf 77' lang='lat' dir='ltr'><strong>ingenitum.</strong></span> <span class='ocrx_word' id='word_1_365' title='bbox 2891 1041 3358 1122; x_wconf 63' lang='lat' dir='ltr'><strong>Quandoquidem,</strong></span> 
     </span>
    </p>
   </div>
   <div class='ocr_carea' id='block_1_47' title="bbox 1797 1127 3362 1199">
    <p class='ocr_par' dir='ltr' id='par_1_47' title="bbox 1797 1127 3362 1199">
     <span class='ocr_line' id='line_1_47' title="bbox 1797 1127 3362 1199; baseline 0.002 -18"><span class='ocrx_word' id='word_1_366' title='bbox 1797 1135 1858 1181; x_wconf 92' lang='lat' dir='ltr'><strong>ut</strong></span> <span class='ocrx_word' id='word_1_367' title='bbox 1889 1128 1985 1192; x_wconf 88' lang='lat' dir='ltr'><strong>ait,</strong></span> <span class='ocrx_word' id='word_1_368' title='bbox 2020 1127 2189 1183; x_wconf 90' lang='lat' dir='ltr'><strong>Deum</strong></span> <span class='ocrx_word' id='word_1_369' title='bbox 2221 1128 2312 1198; x_wconf 90' lang='lat' dir='ltr'><strong>qui</strong></span> <span class='ocrx_word' id='word_1_370' title='bbox 2342 1136 2426 1183; x_wconf 90' lang='lat' dir='ltr'><strong>est</strong></span> <span class='ocrx_word' id='word_1_371' title='bbox 2452 1143 2618 1198; x_wconf 85' lang='lat' dir='ltr'><strong>supra</strong></span> <span class='ocrx_word' id='word_1_372' title='bbox 2648 1143 2807 1184; x_wconf 91' lang='lat' dir='ltr'><strong>omne</strong></span> <span class='ocrx_word' id='word_1_373' title='bbox 2851 1130 3148 1199; x_wconf 85' lang='lat' dir='ltr'><strong>ingenitum</strong></span> <span class='ocrx_word' id='word_1_374' title='bbox 3168 1171 3182 1195; x_wconf 88' lang='lat'><strong>,</strong></span> <span class='ocrx_word' id='word_1_375' title='bbox 3231 1130 3362 1185; x_wconf 81' lang='lat' dir='ltr'><strong>facit</strong></span> 
     </span>
    </p>
   </div>
   <div class='ocr_carea' id='block_1_48' title="bbox 1798 1219 3360 1293">
    <p class='ocr_par' dir='ltr' id='par_1_48' title="bbox 1798 1219 3360 1293">
     <span class='ocr_line' id='line_1_48' title="bbox 1798 1219 3360 1293; baseline 0.002 -18"><span class='ocrx_word' id='word_1_376' title='bbox 1798 1219 2123 1284; x_wconf 82' lang='lat' dir='ltr'><strong>existimari,</strong></span> <span class='ocrx_word' id='word_1_377' title='bbox 2164 1227 2220 1275; x_wconf 85' lang='lat' dir='ltr'><strong>et</strong></span> <span class='ocrx_word' id='word_1_378' title='bbox 2253 1220 2437 1276; x_wconf 85' lang='lat' dir='ltr'><strong>dicere</strong></span> <span class='ocrx_word' id='word_1_379' title='bbox 2477 1221 2656 1291; x_wconf 90' lang='lat' dir='ltr'><strong>ipsum</strong></span> <span class='ocrx_word' id='word_1_380' title='bbox 2681 1236 2745 1276; x_wconf 83' lang='lat' dir='ltr'><strong>ex</strong></span> <span class='ocrx_word' id='word_1_381' title='bbox 2778 1222 2883 1276; x_wconf 91' lang='lat' dir='ltr'><strong>hoc</strong></span> <span class='ocrx_word' id='word_1_382' title='bbox 2929 1238 3051 1279; x_wconf 87' lang='lat' dir='ltr'><strong>esse</strong></span> <span class='ocrx_word' id='word_1_383' title='bbox 3093 1225 3268 1293; x_wconf 87' lang='lat' dir='ltr'><strong>aliqua</strong></span> <span class='ocrx_word' id='word_1_384' title='bbox 3303 1224 3360 1278; x_wconf 88' lang='lat' dir='ltr'><strong>in</strong></span> 
     </span>
    </p>
   </div>
   <div class='ocr_carea' id='block_1_49' title="bbox 1797 1310 3360 1385">
    <p class='ocr_par' dir='ltr' id='par_1_49' title="bbox 1797 1310 3360 1385">
     <span class='ocr_line' id='line_1_49' title="bbox 1797 1310 3360 1385; baseline -0.001 -17"><span class='ocrx_word' id='word_1_385' title='bbox 1797 1321 1989 1368; x_wconf 89' lang='lat' dir='ltr'><strong>sancta</strong></span> <span class='ocrx_word' id='word_1_386' title='bbox 2020 1310 2287 1367; x_wconf 85' lang='lat' dir='ltr'><strong>Trinitate</strong></span> <span class='ocrx_word' id='word_1_387' title='bbox 2336 1313 2574 1383; x_wconf 87' lang='lat' dir='ltr'><strong>ingenita</strong></span> <span class='ocrx_word' id='word_1_388' title='bbox 2603 1328 2700 1383; x_wconf 89' lang='lat' dir='ltr'><strong>per</strong></span> <span class='ocrx_word' id='word_1_389' title='bbox 2731 1313 3099 1381; x_wconf 74' lang='lat' dir='ltr'><strong>creationem;</strong></span> <span class='ocrx_word' id='word_1_390' title='bbox 3133 1315 3360 1385; x_wconf 82' lang='lat' dir='ltr'><strong>agedum</strong></span> 
     </span>
    </p>
   </div>
   <div class='ocr_carea' id='block_1_50' title="bbox 1795 1401 3362 1476">
    <p class='ocr_par' dir='ltr' id='par_1_50' title="bbox 1795 1401 3362 1476">
     <span class='ocr_line' id='line_1_50' title="bbox 1795 1401 3362 1476; baseline 0.003 -20"><span class='ocrx_word' id='word_1_391' title='bbox 1795 1404 2141 1474; x_wconf 88' lang='lat' dir='ltr'><strong>perspicuum</strong></span> <span class='ocrx_word' id='word_1_392' title='bbox 2184 1401 2450 1459; x_wconf 83' lang='lat' dir='ltr'><strong>faciamus</strong></span> <span class='ocrx_word' id='word_1_393' title='bbox 2487 1403 2541 1458; x_wconf 89' lang='lat' dir='ltr'><strong>id</strong></span> <span class='ocrx_word' id='word_1_394' title='bbox 2580 1404 2726 1474; x_wconf 90' lang='lat' dir='ltr'><strong>quod</strong></span> <span class='ocrx_word' id='word_1_395' title='bbox 2778 1405 3134 1476; x_wconf 82' lang='lat' dir='ltr'><strong>signiﬁcatur.</strong></span> <span class='ocrx_word' id='word_1_396' title='bbox 3167 1405 3362 1462; x_wconf 80' lang='lat' dir='ltr'><strong>Hacte-</strong></span> 
     </span>
    </p>
   </div>
   <div class='ocr_carea' id='block_1_51' title="bbox 1794 1493 3360 1567">
    <p class='ocr_par' dir='ltr' id='par_1_51' title="bbox 1794 1493 3360 1567">
     <span class='ocr_line' id='line_1_51' title="bbox 1794 1493 3360 1567; baseline 0.001 -19"><span class='ocrx_word' id='word_1_397' title='bbox 1794 1510 1899 1549; x_wconf 91' lang='lat' dir='ltr'><strong>nus</strong></span> <span class='ocrx_word' id='word_1_398' title='bbox 1929 1493 2272 1549; x_wconf 79' lang='lat' dir='ltr'><strong>manifestum</strong></span> <span class='ocrx_word' id='word_1_399' title='bbox 2303 1506 2385 1552; x_wconf 87' lang='lat' dir='ltr'><strong>est</strong></span> <span class='ocrx_word' id='word_1_400' title='bbox 2413 1512 2442 1550; x_wconf 91' lang='lat' dir='ltr'><strong>a</strong></span> <span class='ocrx_word' id='word_1_401' title='bbox 2470 1497 2737 1567; x_wconf 88' lang='lat' dir='ltr'><strong>principio</strong></span> <span class='ocrx_word' id='word_1_402' title='bbox 2768 1495 2825 1550; x_wconf 91' lang='lat' dir='ltr'><strong>S.</strong></span> <span class='ocrx_word' id='word_1_403' title='bbox 2863 1496 3204 1567; x_wconf 90' lang='lat' dir='ltr'><strong>Dionysium,</strong></span> <span class='ocrx_word' id='word_1_404' title='bbox 3236 1511 3360 1550; x_wconf 88' lang='lat' dir='ltr'><strong>cum</strong></span> 
     </span>
    </p>
   </div>
   <div class='ocr_carea' id='block_1_52' title="bbox 1793 1582 3358 1657">
    <p class='ocr_par' dir='ltr' id='par_1_52' title="bbox 1793 1582 3358 1657">
     <span class='ocr_line' id='line_1_52' title="bbox 1793 1582 3358 1657; baseline 0.003 -21"><span class='ocrx_word' id='word_1_405' title='bbox 1793 1582 2030 1638; x_wconf 79' lang='lat' dir='ltr'><strong>maxime</strong></span> <span class='ocrx_word' id='word_1_406' title='bbox 2060 1591 2171 1638; x_wconf 92' lang='lat' dir='ltr'><strong>tum</strong></span> <span class='ocrx_word' id='word_1_407' title='bbox 2207 1585 2463 1655; x_wconf 89' lang='lat' dir='ltr'><strong>temporis</strong></span> <span class='ocrx_word' id='word_1_408' title='bbox 2495 1586 2807 1657; x_wconf 85' lang='lat' dir='ltr'><strong>philosophi</strong></span> <span class='ocrx_word' id='word_1_409' title='bbox 2847 1585 3046 1657; x_wconf 86' lang='lat' dir='ltr'><strong>Ephesi</strong></span> <span class='ocrx_word' id='word_1_410' title='bbox 3083 1585 3358 1650; x_wconf 81' lang='lat' dir='ltr'><strong>ﬂorerent,</strong></span> 
     </span>
    </p>
   </div>
   <div class='ocr_carea' id='block_1_53' title="bbox 1794 1672 3358 1746">
    <p class='ocr_par' dir='ltr' id='par_1_53' title="bbox 1794 1672 3358 1746">
     <span class='ocr_line' id='line_1_53' title="bbox 1794 1672 3358 1746; baseline 0.002 -19"><span class='ocrx_word' id='word_1_411' title='bbox 1794 1672 1886 1727; x_wconf 90' lang='lat' dir='ltr'><strong>ubi</strong></span> <span class='ocrx_word' id='word_1_412' title='bbox 1939 1673 2106 1728; x_wconf 84' lang='lat' dir='ltr'><strong>etiam</strong></span> <span class='ocrx_word' id='word_1_413' title='bbox 2162 1675 2344 1729; x_wconf 87' lang='lat' dir='ltr'><strong>Ionica</strong></span> <span class='ocrx_word' id='word_1_414' title='bbox 2397 1677 2738 1746; x_wconf 87' lang='lat' dir='ltr'><strong>philosophia</strong></span> <span class='ocrx_word' id='word_1_415' title='bbox 2790 1677 3086 1732; x_wconf 89' lang='lat' dir='ltr'><strong>constituta</strong></span> <span class='ocrx_word' id='word_1_416' title='bbox 3145 1677 3358 1742; x_wconf 83' lang='lat' dir='ltr'><strong>fuerat,</strong></span> 
     </span>
    </p>
   </div>
   <div class='ocr_carea' id='block_1_54' title="bbox 1795 1762 3363 1836">
    <p class='ocr_par' dir='ltr' id='par_1_54' title="bbox 1795 1762 3363 1836">
     <span class='ocr_line' id='line_1_54' title="bbox 1795 1762 3363 1836; baseline 0.001 -18"><span class='ocrx_word' id='word_1_417' title='bbox 1795 1771 1985 1818; x_wconf 87' lang='lat' dir='ltr'><strong>sancto</strong></span> <span class='ocrx_word' id='word_1_418' title='bbox 2019 1762 2304 1820; x_wconf 90' lang='lat' dir='ltr'><strong>Timotheo</strong></span> <span class='ocrx_word' id='word_1_419' title='bbox 2349 1767 2641 1836; x_wconf 82' lang='lat' dir='ltr'><strong>episcopo,</strong></span> <span class='ocrx_word' id='word_1_420' title='bbox 2691 1767 2968 1822; x_wconf 76' lang='lat' dir='ltr'><strong>studuisse</strong></span> <span class='ocrx_word' id='word_1_421' title='bbox 3015 1767 3198 1822; x_wconf 91' lang='lat' dir='ltr'><strong>omnia</strong></span> <span class='ocrx_word' id='word_1_422' title='bbox 3242 1783 3363 1836; x_wconf 70' lang='lat' dir='ltr'><strong>qua:</strong></span> 
     </span>
    </p>
   </div>
   <div class='ocr_carea' id='block_1_55' title="bbox 1793 1857 3363 1924">
    <p class='ocr_par' dir='ltr' id='par_1_55' title="bbox 1793 1857 3363 1924">
     <span class='ocr_line' id='line_1_55' title="bbox 1793 1857 3363 1924; baseline 0.003 -14"><span class='ocrx_word' id='word_1_423' title='bbox 1793 1857 1862 1911; x_wconf 91' lang='lat' dir='ltr'><strong>ab</strong></span> <span class='ocrx_word' id='word_1_424' title='bbox 1905 1857 2014 1912; x_wconf 90' lang='lat' dir='ltr'><strong>illis</strong></span> <span class='ocrx_word' id='word_1_425' title='bbox 2049 1874 2172 1913; x_wconf 86' lang='lat' dir='ltr'><strong>cum</strong></span> <span class='ocrx_word' id='word_1_426' title='bbox 2215 1875 2402 1914; x_wconf 86' lang='lat' dir='ltr'><strong>errore</strong></span> <span class='ocrx_word' id='word_1_427' title='bbox 2450 1859 2728 1924; x_wconf 84' lang='lat' dir='ltr'><strong>dicuntur,</strong></span> <span class='ocrx_word' id='word_1_428' title='bbox 2763 1861 2829 1915; x_wconf 91' lang='lat' dir='ltr'><strong>ad</strong></span> <span class='ocrx_word' id='word_1_429' title='bbox 2856 1862 3139 1915; x_wconf 81' lang='lat' dir='ltr'><strong>veritatem</strong></span> <span class='ocrx_word' id='word_1_430' title='bbox 3174 1859 3363 1914; x_wconf 79' lang='lat' dir='ltr'><strong>tradu-</strong></span> 
     </span>
    </p>
   </div>
   <div class='ocr_carea' id='block_1_56' title="bbox 1793 1946 3362 2019">
    <p class='ocr_par' dir='ltr' id='par_1_56' title="bbox 1793 1946 3362 2019">
     <span class='ocr_line' id='line_1_56' title="bbox 1793 1946 3362 2019; baseline 0 -18"><span class='ocrx_word' id='word_1_431' title='bbox 1793 1961 1936 2002; x_wconf 84' lang='lat' dir='ltr'><strong>cere.</strong></span> <span class='ocrx_word' id='word_1_432' title='bbox 1973 1946 2192 2002; x_wconf 86' lang='lat' dir='ltr'><strong>Sciebat</strong></span> <span class='ocrx_word' id='word_1_433' title='bbox 2231 1949 2396 2018; x_wconf 82' lang='lat' dir='ltr'><strong>igitur</strong></span> <span class='ocrx_word' id='word_1_434' title='bbox 2423 1964 2546 2003; x_wconf 90' lang='lat' dir='ltr'><strong>esse</strong></span> <span class='ocrx_word' id='word_1_435' title='bbox 2576 1948 2770 2019; x_wconf 84' lang='lat' dir='ltr'><strong>dogma</strong></span> <span class='ocrx_word' id='word_1_436' title='bbox 2810 1949 3171 2018; x_wconf 85' lang='lat' dir='ltr'><strong>quorumdam</strong></span> <span class='ocrx_word' id='word_1_437' title='bbox 3209 1949 3362 2017; x_wconf 88' lang='lat' dir='ltr'><strong>ipso-</strong></span> 
     </span>
    </p>
   </div>
   <div class='ocr_carea' id='block_1_57' title="bbox 1794 2039 3359 2110">
    <p class='ocr_par' dir='ltr' id='par_1_57' title="bbox 1794 2039 3359 2110">
     <span class='ocr_line' id='line_1_57' title="bbox 1794 2039 3359 2110; baseline -0.003 -17"><span class='ocrx_word' id='word_1_438' title='bbox 1794 2055 1914 2093; x_wconf 85' lang='lat' dir='ltr'><strong>rum</strong></span> <span class='ocrx_word' id='word_1_439' title='bbox 1945 2039 2240 2093; x_wconf 85' lang='lat' dir='ltr'><strong>dicentium</strong></span> <span class='ocrx_word' id='word_1_440' title='bbox 2281 2040 2465 2094; x_wconf 88' lang='lat' dir='ltr'><strong>omnia</strong></span> <span class='ocrx_word' id='word_1_441' title='bbox 2515 2039 2879 2110; x_wconf 82' lang='lat' dir='ltr'><strong>intelligibilia</strong></span> <span class='ocrx_word' id='word_1_442' title='bbox 2916 2049 2970 2094; x_wconf 91' lang='lat' dir='ltr'><strong>et</strong></span> <span class='ocrx_word' id='word_1_443' title='bbox 3009 2039 3359 2102; x_wconf 87' lang='lat' dir='ltr'><strong>immortalia,</strong></span> 
     </span>
    </p>
   </div>
   <div class='ocr_carea' id='block_1_58' title="bbox 1791 2131 3362 2204">
    <p class='ocr_par' dir='ltr' id='par_1_58' title="bbox 1791 2131 3362 2204">
     <span class='ocr_line' id='line_1_58' title="bbox 1791 2131 3362 2204; baseline -0.001 -16"><span class='ocrx_word' id='word_1_444' title='bbox 1791 2141 1846 2188; x_wconf 89' lang='lat' dir='ltr'><strong>et</strong></span> <span class='ocrx_word' id='word_1_445' title='bbox 1901 2132 2179 2186; x_wconf 88' lang='lat' dir='ltr'><strong>intellectu</strong></span> <span class='ocrx_word' id='word_1_446' title='bbox 2239 2133 2466 2202; x_wconf 63' lang='lat' dir='ltr'><strong>praedita</strong></span> <span class='ocrx_word' id='word_1_447' title='bbox 2515 2135 2695 2204; x_wconf 82' lang='lat' dir='ltr'><strong>genita</strong></span> <span class='ocrx_word' id='word_1_448' title='bbox 2737 2133 2934 2188; x_wconf 86' lang='lat' dir='ltr'><strong>omnia</strong></span> <span class='ocrx_word' id='word_1_449' title='bbox 2972 2139 3026 2187; x_wconf 92' lang='lat' dir='ltr'><strong>et</strong></span> <span class='ocrx_word' id='word_1_450' title='bbox 3073 2131 3362 2203; x_wconf 82' lang='lat' dir='ltr'><strong>ingenita:</strong></span> 
     </span>
    </p>
   </div>
   <div class='ocr_carea' id='block_1_59' title="bbox 1791 2222 3359 2293">
    <p class='ocr_par' dir='ltr' id='par_1_59' title="bbox 1791 2222 3359 2293">
     <span class='ocr_line' id='line_1_59' title="bbox 1791 2222 3359 2293; baseline -0.001 -16"><span class='ocrx_word' id='word_1_451' title='bbox 1791 2222 1972 2293; x_wconf 80' lang='lat' dir='ltr'><strong>genita</strong></span> <span class='ocrx_word' id='word_1_452' title='bbox 2001 2223 2242 2292; x_wconf 86' lang='lat' dir='ltr'><strong>quidem,</strong></span> <span class='ocrx_word' id='word_1_453' title='bbox 2275 2233 2331 2277; x_wconf 86' lang='lat' dir='ltr'><strong>ut</strong></span> <span class='ocrx_word' id='word_1_454' title='bbox 2366 2222 2475 2278; x_wconf 87' lang='lat' dir='ltr'><strong>Deo</strong></span> <span class='ocrx_word' id='word_1_455' title='bbox 2505 2231 2730 2279; x_wconf 86' lang='lat' dir='ltr'><strong>auctore</strong></span> <span class='ocrx_word' id='word_1_456' title='bbox 2759 2223 3114 2278; x_wconf 87' lang='lat' dir='ltr'><strong>subsistentia</strong></span> <span class='ocrx_word' id='word_1_457' title='bbox 3157 2237 3359 2277; x_wconf 90' lang='lat' dir='ltr'><strong>secun-</strong></span> 
     </span>
    </p>
   </div>
   <div class='ocr_carea' id='block_1_60' title="bbox 1791 2312 3361 2384">
    <p class='ocr_par' dir='ltr' id='par_1_60' title="bbox 1791 2312 3361 2384">
     <span class='ocr_line' id='line_1_60' title="bbox 1791 2312 3361 2384; baseline 0.001 -19"><span class='ocrx_word' id='word_1_458' title='bbox 1791 2312 1919 2366; x_wconf 91' lang='lat' dir='ltr'><strong>dum</strong></span> <span class='ocrx_word' id='word_1_459' title='bbox 1948 2329 2299 2384; x_wconf 84' lang='lat' dir='ltr'><strong>progressum</strong></span> <span class='ocrx_word' id='word_1_460' title='bbox 2339 2314 2758 2380; x_wconf 87' lang='lat' dir='ltr'><strong>illustrationis;</strong></span> <span class='ocrx_word' id='word_1_461' title='bbox 2801 2313 3038 2384; x_wconf 80' lang='lat' dir='ltr'><strong>ingenita</strong></span> <span class='ocrx_word' id='word_1_462' title='bbox 3066 2328 3194 2369; x_wconf 83' lang='lat' dir='ltr'><strong>vero</strong></span> <span class='ocrx_word' id='word_1_463' title='bbox 3226 2328 3361 2382; x_wconf 90' lang='lat' dir='ltr'><strong>qua-</strong></span> 
     </span>
    </p>
   </div>
   <div class='ocr_carea' id='block_1_61' title="bbox 1790 2406 3362 2476">
    <p class='ocr_par' dir='ltr' id='par_1_61' title="bbox 1790 2406 3362 2476">
     <span class='ocr_line' id='line_1_61' title="bbox 1790 2406 3362 2476; baseline 0.003 -18"><span class='ocrx_word' id='word_1_464' title='bbox 1790 2414 1950 2460; x_wconf 82' lang='lat' dir='ltr'><strong>tenus</strong></span> <span class='ocrx_word' id='word_1_465' title='bbox 1978 2421 2084 2460; x_wconf 91' lang='lat' dir='ltr'><strong>non</strong></span> <span class='ocrx_word' id='word_1_466' title='bbox 2125 2406 2182 2460; x_wconf 92' lang='lat' dir='ltr'><strong>in</strong></span> <span class='ocrx_word' id='word_1_467' title='bbox 2216 2416 2478 2476; x_wconf 87' lang='lat' dir='ltr'><strong>tempore,</strong></span> <span class='ocrx_word' id='word_1_468' title='bbox 2522 2408 2616 2462; x_wconf 90' lang='lat' dir='ltr'><strong>sed</strong></span> <span class='ocrx_word' id='word_1_469' title='bbox 2649 2415 2932 2472; x_wconf 70' lang='lat' dir='ltr'><strong>astcrnum,</strong></span> <span class='ocrx_word' id='word_1_470' title='bbox 2958 2406 3010 2461; x_wconf 91' lang='lat' dir='ltr'><strong>id</strong></span> <span class='ocrx_word' id='word_1_471' title='bbox 3048 2417 3132 2461; x_wconf 88' lang='lat' dir='ltr'><strong>est</strong></span> <span class='ocrx_word' id='word_1_472' title='bbox 3175 2406 3231 2459; x_wconf 92' lang='lat' dir='ltr'><strong>in</strong></span> <span class='ocrx_word' id='word_1_473' title='bbox 3259 2421 3362 2462; x_wconf 74' lang='lat' dir='ltr'><strong>sae-</strong></span> 
     </span>
    </p>
   </div>
   <div class='ocr_carea' id='block_1_62' title="bbox 1790 2497 3360 2568">
    <p class='ocr_par' dir='ltr' id='par_1_62' title="bbox 1790 2497 3360 2568">
     <span class='ocr_line' id='line_1_62' title="bbox 1790 2497 3360 2568; baseline 0.001 -17"><span class='ocrx_word' id='word_1_474' title='bbox 1790 2497 1930 2552; x_wconf 91' lang='lat' dir='ltr'><strong>culis</strong></span> <span class='ocrx_word' id='word_1_475' title='bbox 1983 2506 2389 2568; x_wconf 87' lang='lat' dir='ltr'><strong>processerunt.</strong></span> <span class='ocrx_word' id='word_1_476' title='bbox 2434 2497 2584 2556; x_wconf 55' lang='lat' dir='ltr'><strong>Nam.</strong></span> <span class='ocrx_word' id='word_1_477' title='bbox 2627 2513 2795 2568; x_wconf 85' lang='lat' dir='ltr'><strong>supra</strong></span> <span class='ocrx_word' id='word_1_478' title='bbox 2850 2497 3089 2554; x_wconf 77' lang='lat' dir='ltr'><strong>diximus</strong></span> <span class='ocrx_word' id='word_1_479' title='bbox 3138 2498 3360 2552; x_wconf 89' lang='lat' dir='ltr'><strong>sensilia</strong></span> 
     </span>
    </p>
   </div>
   <div class='ocr_carea' id='block_1_63' title="bbox 1789 2587 3380 2661">
    <p class='ocr_par' dir='ltr' id='par_1_63' title="bbox 1789 2587 3380 2661">
     <span class='ocr_line' id='line_1_63' title="bbox 1789 2587 3380 2661; baseline 0.003 -19"><span class='ocrx_word' id='word_1_480' title='bbox 1789 2587 1992 2644; x_wconf 88' lang='lat' dir='ltr'><strong>habere</strong></span> <span class='ocrx_word' id='word_1_481' title='bbox 2039 2599 2290 2660; x_wconf 83' lang='lat' dir='ltr'><strong>tempus;</strong></span> <span class='ocrx_word' id='word_1_482' title='bbox 2341 2591 2701 2661; x_wconf 82' lang='lat' dir='ltr'><strong>inlelligibilia</strong></span> <span class='ocrx_word' id='word_1_483' title='bbox 2754 2606 2923 2656; x_wconf 79' lang='lat' dir='ltr'><strong>vero,</strong></span> <span class='ocrx_word' id='word_1_484' title='bbox 2965 2590 3380 2654; x_wconf 62' lang='lat' dir='ltr'><strong>aeternitatem,</strong></span> 
     </span>
    </p>
   </div>
   <div class='ocr_carea' id='block_1_64' title="bbox 1788 2679 3362 2752">
    <p class='ocr_par' dir='ltr' id='par_1_64' title="bbox 1788 2679 3362 2752">
     <span class='ocr_line' id='line_1_64' title="bbox 1788 2679 3362 2752; baseline 0 -18"><span class='ocrx_word' id='word_1_485' title='bbox 1788 2679 1934 2734; x_wconf 90' lang='lat' dir='ltr'><strong>unde</strong></span> <span class='ocrx_word' id='word_1_486' title='bbox 1975 2680 2138 2734; x_wconf 89' lang='lat' dir='ltr'><strong>etiam</strong></span> <span class='ocrx_word' id='word_1_487' title='bbox 2169 2690 2372 2737; x_wconf 67' lang='lat' dir='ltr'><strong>mterna</strong></span> <span class='ocrx_word' id='word_1_488' title='bbox 2411 2681 2690 2738; x_wconf 86' lang='lat' dir='ltr'><strong>dicuntur.</strong></span> <span class='ocrx_word' id='word_1_489' title='bbox 2727 2680 2881 2736; x_wconf 87' lang='lat' dir='ltr'><strong>Sicut</strong></span> <span class='ocrx_word' id='word_1_490' title='bbox 2922 2681 3090 2752; x_wconf 80' lang='lat' dir='ltr'><strong>igitur</strong></span> <span class='ocrx_word' id='word_1_491' title='bbox 3126 2696 3193 2736; x_wconf 81' lang='lat' dir='ltr'><strong>ex</strong></span> <span class='ocrx_word' id='word_1_492' title='bbox 3235 2694 3362 2750; x_wconf 87' lang='lat' dir='ltr'><strong>pro-</strong></span> 
     </span>
    </p>
   </div>
   <div class='ocr_carea' id='block_1_65' title="bbox 1789 2773 3360 2845">
    <p class='ocr_par' dir='ltr' id='par_1_65' title="bbox 1789 2773 3360 2845">
     <span class='ocr_line' id='line_1_65' title="bbox 1789 2773 3360 2845; baseline 0.001 -20"><span class='ocrx_word' id='word_1_493' title='bbox 1789 2787 1980 2842; x_wconf 88' lang='lat' dir='ltr'><strong>gressu</strong></span> <span class='ocrx_word' id='word_1_494' title='bbox 2030 2773 2264 2827; x_wconf 90' lang='lat' dir='ltr'><strong>lucentia</strong></span> <span class='ocrx_word' id='word_1_495' title='bbox 2313 2781 2366 2828; x_wconf 90' lang='lat' dir='ltr'><strong>et</strong></span> <span class='ocrx_word' id='word_1_496' title='bbox 2416 2775 2656 2845; x_wconf 85' lang='lat' dir='ltr'><strong>ingenita</strong></span> <span class='ocrx_word' id='word_1_497' title='bbox 2688 2789 2751 2829; x_wconf 89' lang='lat' dir='ltr'><strong>ea</strong></span> <span class='ocrx_word' id='word_1_498' title='bbox 2796 2775 3089 2829; x_wconf 82' lang='lat' dir='ltr'><strong>dixerunt:</strong></span> <span class='ocrx_word' id='word_1_499' title='bbox 3143 2780 3360 2836; x_wconf 85' lang='lat' dir='ltr'><strong>contra,</strong></span> 
     </span>
    </p>
   </div>
   <div class='ocr_carea' id='block_1_66' title="bbox 1787 2863 3360 2935">
    <p class='ocr_par' dir='ltr' id='par_1_66' title="bbox 1787 2863 3360 2935">
     <span class='ocr_line' id='line_1_66' title="bbox 1787 2863 3360 2935; baseline -0.002 -17"><span class='ocrx_word' id='word_1_500' title='bbox 1787 2863 1997 2918; x_wconf 85' lang='lat' dir='ltr'><strong>sciebat</strong></span> <span class='ocrx_word' id='word_1_501' title='bbox 2051 2865 2186 2919; x_wconf 91' lang='lat' dir='ltr'><strong>alios</strong></span> <span class='ocrx_word' id='word_1_502' title='bbox 2241 2864 2446 2920; x_wconf 77' lang='lat' dir='ltr'><strong>dixisse</strong></span> <span class='ocrx_word' id='word_1_503' title='bbox 2497 2865 2764 2920; x_wconf 91' lang='lat' dir='ltr'><strong>mundum</strong></span> <span class='ocrx_word' id='word_1_504' title='bbox 2817 2865 2963 2919; x_wconf 91' lang='lat' dir='ltr'><strong>hunc</strong></span> <span class='ocrx_word' id='word_1_505' title='bbox 3023 2863 3266 2935; x_wconf 86' lang='lat' dir='ltr'><strong>genitum</strong></span> <span class='ocrx_word' id='word_1_506' title='bbox 3305 2870 3360 2916; x_wconf 88' lang='lat' dir='ltr'><strong>et</strong></span> 
     </span>
    </p>
   </div>
   <div class='ocr_carea' id='block_1_67' title="bbox 1784 2954 3383 3028">
    <p class='ocr_par' dir='ltr' id='par_1_67' title="bbox 1784 2954 3383 3028">
     <span class='ocr_line' id='line_1_67' title="bbox 1784 2954 3383 3028; baseline 0.001 -20"><span class='ocrx_word' id='word_1_507' title='bbox 1784 2956 2125 3024; x_wconf 86' lang='lat' dir='ltr'><strong>ingenitum:</strong></span> <span class='ocrx_word' id='word_1_508' title='bbox 2169 2971 2232 3010; x_wconf 91' lang='lat' dir='ltr'><strong>ac</strong></span> <span class='ocrx_word' id='word_1_509' title='bbox 2277 2958 2518 3026; x_wconf 86' lang='lat' dir='ltr'><strong>genitum</strong></span> <span class='ocrx_word' id='word_1_510' title='bbox 2548 2958 2768 3028; x_wconf 89' lang='lat' dir='ltr'><strong>quidem</strong></span> <span class='ocrx_word' id='word_1_511' title='bbox 2791 2997 2806 3022; x_wconf 90' lang='lat'><strong>,</strong></span> <span class='ocrx_word' id='word_1_512' title='bbox 2844 2966 3117 3027; x_wconf 84' lang='lat' dir='ltr'><strong>quatenus</strong></span> <span class='ocrx_word' id='word_1_513' title='bbox 3158 2957 3215 3010; x_wconf 90' lang='lat' dir='ltr'><strong>in</strong></span> <span class='ocrx_word' id='word_1_514' title='bbox 3255 2954 3383 3010; x_wconf 86' lang='lat' dir='ltr'><strong>boc-</strong></span> 
     </span>
    </p>
   </div>
   <div class='ocr_carea' id='block_1_68' title="bbox 1786 3046 3361 3119">
    <p class='ocr_par' dir='ltr' id='par_1_68' title="bbox 1786 3046 3361 3119">
     <span class='ocr_line' id='line_1_68' title="bbox 1786 3046 3361 3119; baseline 0.001 -19"><span class='ocrx_word' id='word_1_515' title='bbox 1786 3046 2050 3117; x_wconf 87' lang='lat' dir='ltr'><strong>quidlibet</strong></span> <span class='ocrx_word' id='word_1_516' title='bbox 2097 3056 2190 3101; x_wconf 91' lang='lat' dir='ltr'><strong>aut</strong></span> <span class='ocrx_word' id='word_1_517' title='bbox 2221 3063 2287 3102; x_wconf 80' lang='lat' dir='ltr'><strong>ex</strong></span> <span class='ocrx_word' id='word_1_518' title='bbox 2319 3063 2428 3103; x_wconf 90' lang='lat' dir='ltr'><strong>uno</strong></span> <span class='ocrx_word' id='word_1_519' title='bbox 2477 3049 2547 3104; x_wconf 90' lang='lat' dir='ltr'><strong>in‘</strong></span> <span class='ocrx_word' id='word_1_520' title='bbox 2579 3050 2749 3104; x_wconf 90' lang='lat' dir='ltr'><strong>multa</strong></span> <span class='ocrx_word' id='word_1_521' title='bbox 2800 3048 3146 3119; x_wconf 79' lang='lat' dir='ltr'><strong>progreditur</strong></span> <span class='ocrx_word' id='word_1_522' title='bbox 3166 3087 3180 3110; x_wconf 93' lang='lat'><strong>,</strong></span> <span class='ocrx_word' id='word_1_523' title='bbox 3212 3048 3361 3117; x_wconf 83' lang='lat' dir='ltr'><strong>quod</strong></span> 
     </span>
    </p>
   </div>
   <div class='ocr_carea' id='block_1_69' title="bbox 1784 3138 3360 3210">
    <p class='ocr_par' dir='ltr' id='par_1_69' title="bbox 1784 3138 3360 3210">
     <span class='ocr_line' id='line_1_69' title="bbox 1784 3138 3360 3210; baseline -0.003 -16"><span class='ocrx_word' id='word_1_524' title='bbox 1784 3148 1868 3194; x_wconf 93' lang='lat' dir='ltr'><strong>est</strong></span> <span class='ocrx_word' id='word_1_525' title='bbox 1951 3141 2008 3192; x_wconf 89' lang='lat' dir='ltr'><strong>in</strong></span> <span class='ocrx_word' id='word_1_526' title='bbox 2083 3140 2463 3210; x_wconf 80' lang='lat' dir='ltr'><strong>generationes</strong></span> <span class='ocrx_word' id='word_1_527' title='bbox 2552 3140 2969 3210; x_wconf 87' lang='lat' dir='ltr'><strong>particularium</strong></span> <span class='ocrx_word' id='word_1_528' title='bbox 3041 3138 3360 3192; x_wconf 85' lang='lat' dir='ltr'><strong>animalium</strong></span> 
     </span>
    </p>
   </div>
   <div class='ocr_carea' id='block_1_70' title="bbox 1785 3226 3360 3302">
    <p class='ocr_par' dir='ltr' id='par_1_70' title="bbox 1785 3226 3360 3302">
     <span class='ocr_line' id='line_1_70' title="bbox 1785 3226 3360 3302; baseline -0.004 -14"><span class='ocrx_word' id='word_1_529' title='bbox 1785 3239 1838 3288; x_wconf 87' lang='lat' dir='ltr'><strong>ct</strong></span> <span class='ocrx_word' id='word_1_530' title='bbox 1889 3232 2235 3302; x_wconf 85' lang='lat' dir='ltr'><strong>plantarum,</strong></span> <span class='ocrx_word' id='word_1_531' title='bbox 2301 3247 2365 3287; x_wconf 90' lang='lat' dir='ltr'><strong>ac</strong></span> <span class='ocrx_word' id='word_1_532' title='bbox 2443 3232 2710 3299; x_wconf 87' lang='lat' dir='ltr'><strong>aliorum;</strong></span> <span class='ocrx_word' id='word_1_533' title='bbox 2766 3239 2861 3285; x_wconf 92' lang='lat' dir='ltr'><strong>aut</strong></span> <span class='ocrx_word' id='word_1_534' title='bbox 2921 3246 2987 3286; x_wconf 83' lang='lat' dir='ltr'><strong>ex</strong></span> <span class='ocrx_word' id='word_1_535' title='bbox 3056 3226 3242 3285; x_wconf 90' lang='lat' dir='ltr'><strong>multis</strong></span> <span class='ocrx_word' id='word_1_536' title='bbox 3301 3228 3360 3282; x_wconf 89' lang='lat' dir='ltr'><strong>in</strong></span> 
     </span>
    </p>
   </div>
   <div class='ocr_carea' id='block_1_71' title="bbox 1788 3322 3358 3396">
    <p class='ocr_par' dir='ltr' id='par_1_71' title="bbox 1788 3322 3358 3396">
     <span class='ocr_line' id='line_1_71' title="bbox 1788 3322 3358 3396; baseline -0.002 -18"><span class='ocrx_word' id='word_1_537' title='bbox 1788 3341 1990 3387; x_wconf 86' lang='lat' dir='ltr'><strong>unum,</strong></span> <span class='ocrx_word' id='word_1_538' title='bbox 2027 3340 2159 3394; x_wconf 89' lang='lat' dir='ltr'><strong>pro,</strong></span> <span class='ocrx_word' id='word_1_539' title='bbox 2206 3327 2425 3396; x_wconf 86' lang='lat' dir='ltr'><strong>quando</strong></span> <span class='ocrx_word' id='word_1_540' title='bbox 2476 3326 2530 3379; x_wconf 90' lang='lat' dir='ltr'><strong>in</strong></span> <span class='ocrx_word' id='word_1_541' title='bbox 2591 3325 3000 3395; x_wconf 87' lang='lat' dir='ltr'><strong>corruptionem</strong></span> <span class='ocrx_word' id='word_1_542' title='bbox 3050 3323 3256 3387; x_wconf 88' lang='lat' dir='ltr'><strong>tendit,</strong></span> <span class='ocrx_word' id='word_1_543' title='bbox 3302 3322 3358 3376; x_wconf 81' lang='lat' dir='ltr'><strong>in</strong></span> 
     </span>
    </p>
   </div>
   <div class='ocr_carea' id='block_1_72' title="bbox 1784 3415 3359 3488">
    <p class='ocr_par' dir='ltr' id='par_1_72' title="bbox 1784 3415 3359 3488">
     <span class='ocr_line' id='line_1_72' title="bbox 1784 3415 3359 3488; baseline -0.001 -18"><span class='ocrx_word' id='word_1_544' title='bbox 1784 3417 2177 3472; x_wconf 88' lang='lat' dir='ltr'><strong>resolutionem</strong></span> <span class='ocrx_word' id='word_1_545' title='bbox 2227 3416 2387 3488; x_wconf 80' lang='lat'><strong>205</strong></span> <span class='ocrx_word' id='word_1_546' title='bbox 2420 3417 2474 3471; x_wconf 89' lang='lat' dir='ltr'><strong>in</strong></span> <span class='ocrx_word' id='word_1_547' title='bbox 2525 3418 2814 3472; x_wconf 88' lang='lat' dir='ltr'><strong>elementa.</strong></span> <span class='ocrx_word' id='word_1_548' title='bbox 2875 3415 3177 3486; x_wconf 81' lang='lat' dir='ltr'><strong>lngenitum</strong></span> <span class='ocrx_word' id='word_1_549' title='bbox 3229 3430 3359 3469; x_wconf 88' lang='lat' dir='ltr'><strong>vero</strong></span> 
     </span>
    </p>
   </div>
   <div class='ocr_carea' id='block_1_73' title="bbox 1783 3507 3352 3579">
    <p class='ocr_par' dir='ltr' id='par_1_73' title="bbox 1783 3507 3352 3579">
     <span class='ocr_line' id='line_1_73' title="bbox 1783 3507 3352 3579; baseline -0.002 -16"><span class='ocrx_word' id='word_1_550' title='bbox 1783 3515 1973 3579; x_wconf 89' lang='lat' dir='ltr'><strong>postea</strong></span> <span class='ocrx_word' id='word_1_551' title='bbox 2015 3508 2260 3564; x_wconf 88' lang='lat' dir='ltr'><strong>dicentes</strong></span> <span class='ocrx_word' id='word_1_552' title='bbox 2292 3509 2470 3578; x_wconf 90' lang='lat' dir='ltr'><strong>ipsum</strong></span> <span class='ocrx_word' id='word_1_553' title='bbox 2501 3509 2786 3573; x_wconf 89' lang='lat' dir='ltr'><strong>mundum,</strong></span> <span class='ocrx_word' id='word_1_554' title='bbox 2820 3507 3029 3563; x_wconf 88' lang='lat' dir='ltr'><strong>scilicet</strong></span> <span class='ocrx_word' id='word_1_555' title='bbox 3066 3515 3352 3570; x_wconf 85' lang='lat' dir='ltr'><strong>aeternum,</strong></span> 
     </span>
    </p>
   </div>
   <div class='ocr_carea' id='block_1_74' title="bbox 1783 3598 3355 3674">
    <p class='ocr_par' dir='ltr' id='par_1_74' title="bbox 1783 3598 3355 3674">
     <span class='ocr_line' id='line_1_74' title="bbox 1783 3598 3355 3674; baseline -0.001 -22"><span class='ocrx_word' id='word_1_556' title='bbox 1783 3607 2055 3668; x_wconf 90' lang='lat' dir='ltr'><strong>quatenus</strong></span> <span class='ocrx_word' id='word_1_557' title='bbox 2104 3599 2404 3674; x_wconf 73' lang='lat' dir='ltr'><strong>secundum</strong></span> <span class='ocrx_word' id='word_1_558' title='bbox 2448 3599 2598 3670; x_wconf 90' lang='lat' dir='ltr'><strong>ipsos</strong></span> <span class='ocrx_word' id='word_1_559' title='bbox 2641 3614 2925 3672; x_wconf 88' lang='lat' dir='ltr'><strong>nunquam</strong></span> <span class='ocrx_word' id='word_1_560' title='bbox 2985 3598 3194 3654; x_wconf 75' lang='lat' dir='ltr'><strong>insistit</strong></span> <span class='ocrx_word' id='word_1_561' title='bbox 3236 3612 3355 3651; x_wconf 82' lang='lat' dir='ltr'><strong>mu-</strong></span> 
     </span>
    </p>
   </div>
   <div class='ocr_carea' id='block_1_75' title="bbox 1785 3690 3353 3762">
    <p class='ocr_par' dir='ltr' id='par_1_75' title="bbox 1785 3690 3353 3762">
     <span class='ocr_line' id='line_1_75' title="bbox 1785 3690 3353 3762; baseline -0.001 -19"><span class='ocrx_word' id='word_1_562' title='bbox 1785 3691 2026 3748; x_wconf 87' lang='lat' dir='ltr'><strong>tionibus</strong></span> <span class='ocrx_word' id='word_1_563' title='bbox 2055 3708 2175 3762; x_wconf 77' lang='lat' dir='ltr'><strong>qua:</strong></span> <span class='ocrx_word' id='word_1_564' title='bbox 2205 3691 2259 3745; x_wconf 92' lang='lat' dir='ltr'><strong>in</strong></span> <span class='ocrx_word' id='word_1_565' title='bbox 2287 3692 2751 3762; x_wconf 84' lang='lat' dir='ltr'><strong>generationibus,</strong></span> <span class='ocrx_word' id='word_1_566' title='bbox 2781 3699 2943 3762; x_wconf 88' lang='lat' dir='ltr'><strong>atque</strong></span> <span class='ocrx_word' id='word_1_567' title='bbox 2974 3691 3027 3745; x_wconf 92' lang='lat' dir='ltr'><strong>in</strong></span> <span class='ocrx_word' id='word_1_568' title='bbox 3062 3690 3353 3762; x_wconf 86' lang='lat' dir='ltr'><strong>pristinum</strong></span> 
     </span>
    </p>
   </div>
   <div class='ocr_carea' id='block_1_76' title="bbox 1781 3786 3354 3860">
    <p class='ocr_par' dir='ltr' id='par_1_76' title="bbox 1781 3786 3354 3860">
     <span class='ocr_line' id='line_1_76' title="bbox 1781 3786 3354 3860; baseline -0.002 -19"><span class='ocrx_word' id='word_1_569' title='bbox 1781 3793 1986 3843; x_wconf 88' lang='lat' dir='ltr'><strong>statum</strong></span> <span class='ocrx_word' id='word_1_570' title='bbox 2041 3786 2482 3842; x_wconf 88' lang='lat' dir='ltr'><strong>restitutionibus</strong></span> <span class='ocrx_word' id='word_1_571' title='bbox 2513 3802 2633 3856; x_wconf 63' lang='lat' dir='ltr'><strong>quae</strong></span> <span class='ocrx_word' id='word_1_572' title='bbox 2683 3787 2738 3840; x_wconf 90' lang='lat' dir='ltr'><strong>in</strong></span> <span class='ocrx_word' id='word_1_573' title='bbox 2785 3787 3138 3856; x_wconf 87' lang='lat' dir='ltr'><strong>corruptione</strong></span> <span class='ocrx_word' id='word_1_574' title='bbox 3194 3798 3354 3860; x_wconf 81' lang='lat' dir='ltr'><strong>repe-</strong></span> 
     </span>
    </p>
   </div>
   <div class='ocr_carea' id='block_1_77' title="bbox 1776 3875 3356 3950">
    <p class='ocr_par' dir='ltr' id='par_1_77' title="bbox 1776 3875 3356 3950">
     <span class='ocr_line' id='line_1_77' title="bbox 1776 3875 3356 3950; baseline -0.002 -19"><span class='ocrx_word' id='word_1_575' title='bbox 1776 3878 2011 3933; x_wconf 86' lang='lat' dir='ltr'><strong>riuntur.</strong></span> <span class='ocrx_word' id='word_1_576' title='bbox 2057 3877 2195 3932; x_wconf 85' lang='lat' dir='ltr'><strong>Dicit</strong></span> <span class='ocrx_word' id='word_1_577' title='bbox 2249 3880 2431 3948; x_wconf 88' lang='lat' dir='ltr'><strong>itaque</strong></span> <span class='ocrx_word' id='word_1_578' title='bbox 2474 3894 2706 3950; x_wconf 81' lang='lat' dir='ltr'><strong>magnus</strong></span> <span class='ocrx_word' id='word_1_579' title='bbox 2737 3877 3028 3950; x_wconf 84' lang='lat' dir='ltr'><strong>Dionysius</strong></span> <span class='ocrx_word' id='word_1_580' title='bbox 3056 3875 3356 3948; x_wconf 83' lang='lat' dir='ltr'><strong>quomodo-</strong></span> 
     </span>
    </p>
   </div>
   <div class='ocr_carea' id='block_1_78' title="bbox 1778 3965 3351 4040">
    <p class='ocr_par' dir='ltr' id='par_1_78' title="bbox 1778 3965 3351 4040">
     <span class='ocr_line' id='line_1_78' title="bbox 1778 3965 3351 4040; baseline -0.002 -18"><span class='ocrx_word' id='word_1_581' title='bbox 1778 3983 1994 4039; x_wconf 89' lang='lat' dir='ltr'><strong>cunque</strong></span> <span class='ocrx_word' id='word_1_582' title='bbox 2020 3969 2313 4038; x_wconf 90' lang='lat' dir='ltr'><strong>aliquando</strong></span> <span class='ocrx_word' id='word_1_583' title='bbox 2342 3971 2561 4024; x_wconf 88' lang='lat' dir='ltr'><strong>dicatur</strong></span> <span class='ocrx_word' id='word_1_584' title='bbox 2605 3970 2924 4040; x_wconf 81' lang='lat' dir='ltr'><strong>ingenitum,</strong></span> <span class='ocrx_word' id='word_1_585' title='bbox 2969 3969 3085 4024; x_wconf 78' lang='lat' dir='ltr'><strong>sive</strong></span> <span class='ocrx_word' id='word_1_586' title='bbox 3115 3975 3188 4022; x_wconf 85' lang='lat' dir='ltr'><strong>ut.</strong></span> <span class='ocrx_word' id='word_1_587' title='bbox 3216 3965 3351 4027; x_wconf 77' lang='lat' dir='ltr'><strong>dixi.</strong></span> 
     </span>
    </p>
   </div>
   <div class='ocr_carea' id='block_1_79' title="bbox 1776 4055 3354 4130">
    <p class='ocr_par' dir='ltr' id='par_1_79' title="bbox 1776 4055 3354 4130">
     <span class='ocr_line' id='line_1_79' title="bbox 1776 4055 3354 4130; baseline -0.003 -16"><span class='ocrx_word' id='word_1_588' title='bbox 1776 4060 1890 4114; x_wconf 83' lang='lat' dir='ltr'><strong>sive</strong></span> <span class='ocrx_word' id='word_1_589' title='bbox 1923 4068 1980 4113; x_wconf 90' lang='lat' dir='ltr'><strong>ut</strong></span> <span class='ocrx_word' id='word_1_590' title='bbox 2009 4058 2204 4122; x_wconf 70' lang='lat' dir='ltr'><strong>Graeci,</strong></span> <span class='ocrx_word' id='word_1_591' title='bbox 2238 4075 2347 4114; x_wconf 90' lang='lat' dir='ltr'><strong>non</strong></span> <span class='ocrx_word' id='word_1_592' title='bbox 2391 4060 2458 4114; x_wconf 90' lang='lat' dir='ltr'><strong>de</strong></span> <span class='ocrx_word' id='word_1_593' title='bbox 2506 4059 2616 4114; x_wconf 91' lang='lat' dir='ltr'><strong>Deo</strong></span> <span class='ocrx_word' id='word_1_594' title='bbox 2659 4060 2764 4114; x_wconf 91' lang='lat' dir='ltr'><strong>hoc</strong></span> <span class='ocrx_word' id='word_1_595' title='bbox 2796 4059 3056 4130; x_wconf 88' lang='lat' dir='ltr'><strong>accipies,</strong></span> <span class='ocrx_word' id='word_1_596' title='bbox 3089 4058 3195 4112; x_wconf 89' lang='lat' dir='ltr'><strong>alia</strong></span> <span class='ocrx_word' id='word_1_597' title='bbox 3229 4055 3354 4126; x_wconf 87' lang='lat' dir='ltr'><strong>qui-</strong></span> 
     </span>
    </p>
   </div>
   <div class='ocr_carea' id='block_1_80' title="bbox 107 4141 3351 4221">
    <p class='ocr_par' dir='ltr' id='par_1_80' title="bbox 107 4141 3351 4221">
     <span class='ocr_line' id='line_1_80' title="bbox 107 4141 3351 4221; baseline 0.001 -23"><span class='ocrx_word' id='word_1_598' title='bbox 107 4141 217 4198; x_wconf 87' lang='lat' dir='ltr'><strong>dem</strong></span> <span class='ocrx_word' id='word_1_599' title='bbox 244 4163 342 4217; x_wconf 87' lang='lat' dir='ltr'><strong>per</strong></span> <span class='ocrx_word' id='word_1_600' title='bbox 379 4148 604 4203; x_wconf 89' lang='lat' dir='ltr'><strong>modum</strong></span> <span class='ocrx_word' id='word_1_601' title='bbox 645 4147 870 4205; x_wconf 82' lang='lat' dir='ltr'><strong>eil‘ectus</strong></span> <span class='ocrx_word' id='word_1_602' title='bbox 917 4149 1159 4220; x_wconf 80' lang='lat' dir='ltr'><strong>ingenita</strong></span> <span class='ocrx_word' id='word_1_603' title='bbox 1188 4148 1479 4214; x_wconf 85' lang='lat' dir='ltr'><strong>dicuntur;</strong></span> <span class='ocrx_word' id='word_1_604' title='bbox 1524 4146 1667 4204; x_wconf 90' lang='lat' dir='ltr'><strong>Deus</strong></span> <span class='ocrx_word' id='word_1_605' title='bbox 1698 4165 1848 4217; x_wconf 79' lang='lat' dir='ltr'><strong>vero,</strong></span> <span class='ocrx_word' id='word_1_606' title='bbox 1901 4154 2020 4207; x_wconf 90' lang='lat' dir='ltr'><strong>sine</strong></span> <span class='ocrx_word' id='word_1_607' title='bbox 2060 4167 2226 4207; x_wconf 89' lang='lat' dir='ltr'><strong>causa</strong></span> <span class='ocrx_word' id='word_1_608' title='bbox 2288 4161 2342 4206; x_wconf 91' lang='lat' dir='ltr'><strong>et</strong></span> <span class='ocrx_word' id='word_1_609' title='bbox 2380 4152 2589 4207; x_wconf 90' lang='lat' dir='ltr'><strong>libere:</strong></span> <span class='ocrx_word' id='word_1_610' title='bbox 2622 4167 2742 4221; x_wconf 67' lang='lat' dir='ltr'><strong>qua:</strong></span> <span class='ocrx_word' id='word_1_611' title='bbox 2792 4153 2937 4206; x_wconf 90' lang='lat' dir='ltr'><strong>enim</strong></span> <span class='ocrx_word' id='word_1_612' title='bbox 2986 4151 3096 4206; x_wconf 91' lang='lat' dir='ltr'><strong>Deo</strong></span> <span class='ocrx_word' id='word_1_613' title='bbox 3160 4161 3351 4218; x_wconf 78' lang='lat' dir='ltr'><strong>causa,</strong></span> 
     </span>
    </p>
   </div>
   <div class='ocr_carea' id='block_1_81' title="bbox 107 4235 1122 4306">
    <p class='ocr_par' dir='ltr' id='par_1_81' title="bbox 107 4235 1122 4306">
     <span class='ocr_line' id='line_1_81' title="bbox 107 4235 1122 4306; baseline 0.005 -17"><span class='ocrx_word' id='word_1_614' title='bbox 107 4235 196 4306; x_wconf 76' lang='lat' dir='ltr'><strong>qui</strong></span> <span class='ocrx_word' id='word_1_615' title='bbox 221 4239 471 4296; x_wconf 85' lang='lat' dir='ltr'><strong>absolute</strong></span> <span class='ocrx_word' id='word_1_616' title='bbox 495 4247 550 4296; x_wconf 90' lang='lat' dir='ltr'><strong>et</strong></span> <span class='ocrx_word' id='word_1_617' title='bbox 573 4241 828 4296; x_wconf 89' lang='lat' dir='ltr'><strong>omnibus</strong></span> <span class='ocrx_word' id='word_1_618' title='bbox 857 4241 1122 4296; x_wconf 78' lang='lat' dir='ltr'><strong>excellit?</strong></span> 
     </span>
    </p>
   </div>
   <div class='ocr_carea' id='block_1_82' title="bbox 168 4330 1682 4404">
    <p class='ocr_par' dir='ltr' id='par_1_82' title="bbox 168 4330 1682 4404">
     <span class='ocr_line' id='line_1_82' title="bbox 168 4330 1682 4404; baseline -0.001 -20"><span class='ocrx_word' id='word_1_619' title='bbox 168 4331 501 4397; x_wconf 77' lang='grc' dir='ltr'>Μονοειδῶς</span> <span class='ocrx_word' id='word_1_620' title='bbox 534 4333 632 4386; x_wconf 84' lang='grc' dir='ltr'>καὶ</span> <span class='ocrx_word' id='word_1_621' title='bbox 671 4331 1040 4397; x_wconf 79' lang='grc' dir='ltr'>ταύτοειδῶς.</span> <span class='ocrx_word' id='word_1_622' title='bbox 1095 4330 1400 4394; x_wconf 83' lang='grc' dir='ltr'>Μονοειδῶς</span> <span class='ocrx_word' id='word_1_623' title='bbox 1437 4330 1534 4401; x_wconf 82' lang='grc' dir='ltr'><strong>μὲν</strong></span> <span class='ocrx_word' id='word_1_624' title='bbox 1569 4331 1682 4404; x_wconf 35' lang='grc' dir='ltr'><strong>ἔφη.</strong></span> 
     </span>
    </p>
   </div>
   <div class='ocr_carea' id='block_1_83' title="bbox 106 4418 1667 4495">
    <p class='ocr_par' dir='ltr' id='par_1_83' title="bbox 106 4418 1667 4495">
     <span class='ocr_line' id='line_1_83' title="bbox 106 4418 1667 4495; baseline 0.003 -25"><span class='ocrx_word' id='word_1_625' title='bbox 106 4418 185 4473; x_wconf 68' lang='grc' dir='ltr'>διὰ</span> <span class='ocrx_word' id='word_1_626' title='bbox 225 4422 286 4475; x_wconf 91' lang='grc' dir='ltr'><strong>τὸ</strong></span> <span class='ocrx_word' id='word_1_627' title='bbox 328 4423 611 4486; x_wconf 80' lang='grc' dir='ltr'>παντελῶς</span> <span class='ocrx_word' id='word_1_628' title='bbox 655 4423 1040 4495; x_wconf 74' lang='grc' dir='ltr'>ἀπαράὸλητον</span> <span class='ocrx_word' id='word_1_629' title='bbox 1080 4423 1177 4492; x_wconf 85' lang='grc' dir='ltr'>τῆς</span> <span class='ocrx_word' id='word_1_630' title='bbox 1228 4421 1374 4484; x_wconf 81' lang='grc' dir='ltr'>Θείας</span> <span class='ocrx_word' id='word_1_631' title='bbox 1422 4422 1667 4490; x_wconf 78' lang='grc' dir='ltr'>φύσεως·</span> 
     </span>
    </p>
   </div>
   <div class='ocr_carea' id='block_1_84' title="bbox 105 4511 1662 4584">
    <p class='ocr_par' dir='ltr' id='par_1_84' title="bbox 105 4511 1662 4584">
     <span class='ocr_line' id='line_1_84' title="bbox 105 4511 1662 4584; baseline 0.003 -23"><span class='ocrx_word' id='word_1_632' title='bbox 105 4512 414 4577; x_wconf 73' lang='grc' dir='ltr'>τιύτοειδῶς</span> <span class='ocrx_word' id='word_1_633' title='bbox 444 4513 501 4566; x_wconf 82' lang='grc' dir='ltr'>δὲ</span> <span class='ocrx_word' id='word_1_634' title='bbox 531 4513 619 4567; x_wconf 84' lang='grc' dir='ltr'>διὰ</span> <span class='ocrx_word' id='word_1_635' title='bbox 655 4515 717 4567; x_wconf 91' lang='grc' dir='ltr'><strong>τὸ</strong></span> <span class='ocrx_word' id='word_1_636' title='bbox 749 4513 1100 4568; x_wconf 84' lang='grc' dir='ltr'>ἀναλλοίωτον</span> <span class='ocrx_word' id='word_1_637' title='bbox 1132 4512 1224 4565; x_wconf 72' lang='grc' dir='ltr'><strong>καὶ</strong></span> <span class='ocrx_word' id='word_1_638' title='bbox 1258 4511 1662 4584; x_wconf 77' lang='grc' dir='ltr'>ἀμετάϐλητον’</span> 
     </span>
    </p>
   </div>
   <div class='ocr_carea' id='block_1_85' title="bbox 1850 4329 3350 4402">
    <p class='ocr_par' dir='ltr' id='par_1_85' title="bbox 1850 4329 3350 4402">
     <span class='ocr_line' id='line_1_85' title="bbox 1850 4329 3350 4402; baseline 0 -18"><span class='ocrx_word' id='word_1_639' title='bbox 1850 4330 2123 4400; x_wconf 79' lang='lat' dir='ltr'><strong>Um’forme</strong></span> <span class='ocrx_word' id='word_1_640' title='bbox 2150 4331 2386 4401; x_wconf 78' lang='lat' dir='ltr'><strong>idemque</strong></span> <span class='ocrx_word' id='word_1_641' title='bbox 2416 4333 2600 4400; x_wconf 76' lang='lat' dir='ltr'><strong>specie.</strong></span> <span class='ocrx_word' id='word_1_642' title='bbox 2643 4329 2735 4384; x_wconf 89' lang='lat' dir='ltr'><strong>Gr.</strong></span> <span class='ocrx_word' id='word_1_643' title='bbox 2774 4330 3060 4402; x_wconf 80' lang='grc' dir='ltr'>μονοειδῶς</span> <span class='ocrx_word' id='word_1_644' title='bbox 3089 4331 3183 4384; x_wconf 77' lang='grc' dir='ltr'>καὶ</span> <span class='ocrx_word' id='word_1_645' title='bbox 3215 4331 3350 4384; x_wconf 82' lang='grc' dir='ltr'><strong>ταύ-</strong></span> 
     </span>
    </p>
   </div>
   <div class='ocr_carea' id='block_1_86' title="bbox 1771 4420 3350 4494">
    <p class='ocr_par' dir='ltr' id='par_1_86' title="bbox 1771 4420 3350 4494">
     <span class='ocr_line' id='line_1_86' title="bbox 1771 4420 3350 4494; baseline 0 -18"><span class='ocrx_word' id='word_1_646' title='bbox 1771 4423 2006 4486; x_wconf 82' lang='grc' dir='ltr'>τοειδῶς.</span> <span class='ocrx_word' id='word_1_647' title='bbox 2039 4422 2183 4477; x_wconf 84' lang='lat' dir='ltr'><strong>Dixit</strong></span> <span class='ocrx_word' id='word_1_648' title='bbox 2208 4423 2491 4494; x_wconf 86' lang='grc' dir='ltr'>μονοειδῶς</span> <span class='ocrx_word' id='word_1_649' title='bbox 2521 4437 2631 4476; x_wconf 92' lang='lat' dir='ltr'><strong>uno</strong></span> <span class='ocrx_word' id='word_1_650' title='bbox 2662 4420 2843 4486; x_wconf 92' lang='lat' dir='ltr'><strong>modo,</strong></span> <span class='ocrx_word' id='word_1_651' title='bbox 2872 4421 2997 4490; x_wconf 90' lang='lat' dir='ltr'><strong>quia</strong></span> <span class='ocrx_word' id='word_1_652' title='bbox 3019 4421 3242 4475; x_wconf 91' lang='lat' dir='ltr'><strong>omnino</strong></span> <span class='ocrx_word' id='word_1_653' title='bbox 3267 4421 3350 4476; x_wconf 87' lang='lat' dir='ltr'><strong>di-</strong></span> 
     </span>
    </p>
   </div>
   <div class='ocr_carea' id='block_1_87' title="bbox 1774 4511 3351 4584">
    <p class='ocr_par' dir='ltr' id='par_1_87' title="bbox 1774 4511 3351 4584">
     <span class='ocr_line' id='line_1_87' title="bbox 1774 4511 3351 4584; baseline -0.002 -15"><span class='ocrx_word' id='word_1_654' title='bbox 1774 4515 1900 4570; x_wconf 81' lang='lat' dir='ltr'><strong>vina</strong></span> <span class='ocrx_word' id='word_1_655' title='bbox 1923 4524 2118 4571; x_wconf 91' lang='lat' dir='ltr'><strong>natura</strong></span> <span class='ocrx_word' id='word_1_656' title='bbox 2149 4531 2275 4570; x_wconf 90' lang='lat' dir='ltr'><strong>cum</strong></span> <span class='ocrx_word' id='word_1_657' title='bbox 2305 4515 2456 4570; x_wconf 92' lang='lat' dir='ltr'><strong>nullo</strong></span> <span class='ocrx_word' id='word_1_658' title='bbox 2481 4514 2788 4584; x_wconf 87' lang='lat' dir='ltr'><strong>comparari</strong></span> <span class='ocrx_word' id='word_1_659' title='bbox 2811 4513 3020 4583; x_wconf 89' lang='lat' dir='ltr'><strong>nequit.</strong></span> <span class='ocrx_word' id='word_1_660' title='bbox 3043 4511 3190 4566; x_wconf 78' lang='lat' dir='ltr'><strong>Dixit</strong></span> <span class='ocrx_word' id='word_1_661' title='bbox 3217 4514 3351 4568; x_wconf 83' lang='grc' dir='ltr'>ταὺ-</span> 
     </span>
    </p>
   </div>
   <div class='ocr_carea' id='block_1_88' title="bbox 107 4598 1682 4678">
    <p class='ocr_par' dir='ltr' id='par_1_88' title="bbox 107 4598 1682 4678">
     <span class='ocr_line' id='line_1_88' title="bbox 107 4598 1682 4678; baseline 0.001 -24"><span class='ocrx_word' id='word_1_662' title='bbox 107 4598 484 4674; x_wconf 61' lang='grc' dir='ltr'>ἀφοριζὸμενον</span> <span class='ocrx_word' id='word_1_663' title='bbox 522 4604 580 4657; x_wconf 82' lang='grc' dir='ltr'><strong>δὲ</strong></span> <span class='ocrx_word' id='word_1_664' title='bbox 610 4603 671 4656; x_wconf 87' lang='grc' dir='ltr'><strong>τὸ</strong></span> <span class='ocrx_word' id='word_1_665' title='bbox 711 4603 1080 4673; x_wconf 79' lang='grc' dir='ltr'>δεικνύμενον,</span> <span class='ocrx_word' id='word_1_666' title='bbox 1109 4601 1215 4656; x_wconf 86' lang='grc' dir='ltr'><strong>ἀπὸ</strong></span> <span class='ocrx_word' id='word_1_667' title='bbox 1242 4600 1336 4654; x_wconf 87' lang='grc' dir='ltr'><strong>τοῦ</strong></span> <span class='ocrx_word' id='word_1_668' title='bbox 1361 4600 1560 4673; x_wconf 76' lang='grc' dir='ltr'>ὁρίζειν</span> <span class='ocrx_word' id='word_1_669' title='bbox 1581 4618 1594 4632; x_wconf 78' lang='grc'><strong>⁸</strong></span> 
     </span>
    </p>
   </div>
   <div class='ocr_carea' id='block_1_89' title="bbox 1789 4598 3350 4678">
    <p class='ocr_par' dir='ltr' id='par_1_89' title="bbox 1789 4605 3350 4677">
     <span class='ocr_line' id='line_1_89' title="bbox 1789 4605 3350 4677; baseline 0 -18"><span class='ocrx_word' id='word_1_670' title='bbox 1789 4607 1985 4671; x_wconf 77' lang='grc' dir='ltr'>τοειδῶς</span> <span class='ocrx_word' id='word_1_671' title='bbox 2012 4608 2202 4662; x_wconf 89' lang='lat' dir='ltr'><strong>eodem</strong></span> <span class='ocrx_word' id='word_1_672' title='bbox 2231 4608 2415 4674; x_wconf 88' lang='lat' dir='ltr'><strong>modo,</strong></span> <span class='ocrx_word' id='word_1_673' title='bbox 2457 4608 2585 4677; x_wconf 88' lang='lat' dir='ltr'><strong>quia</strong></span> <span class='ocrx_word' id='word_1_674' title='bbox 2619 4621 2720 4660; x_wconf 91' lang='lat' dir='ltr'><strong>nec</strong></span> <span class='ocrx_word' id='word_1_675' title='bbox 2754 4605 2975 4660; x_wconf 88' lang='lat' dir='ltr'><strong>alterari</strong></span> <span class='ocrx_word' id='word_1_676' title='bbox 3019 4620 3121 4660; x_wconf 92' lang='lat' dir='ltr'><strong>nec</strong></span> <span class='ocrx_word' id='word_1_677' title='bbox 3149 4606 3350 4659; x_wconf 88' lang='lat' dir='ltr'><strong>mutari</strong></span> 
     </span>
    </p>
   </div>
   <div class='ocr_carea' id='block_1_90' title="bbox 108 4686 1104 4765">
    <p class='ocr_par' dir='ltr' id='par_1_90' title="bbox 108 4686 1104 4765">
     <span class='ocr_line' id='line_1_90' title="bbox 108 4686 1104 4765; baseline 0.02 -28"><span class='ocrx_word' id='word_1_678' title='bbox 108 4686 166 4740; x_wconf 76' lang='grc' dir='ltr'><strong>τὸ</strong></span> <span class='ocrx_word' id='word_1_679' title='bbox 192 4691 525 4765; x_wconf 75' lang='grc' dir='ltr'>ἐξῃρημένον</span> <span class='ocrx_word' id='word_1_680' title='bbox 557 4695 649 4748; x_wconf 76' lang='grc' dir='ltr'><strong>καὶ</strong></span> <span class='ocrx_word' id='word_1_681' title='bbox 680 4693 1104 4765; x_wconf 83' lang='grc' dir='ltr'>κεχωρισμένον·</span> 
     </span>
    </p>
   </div>
   <div class='ocr_carea' id='block_1_91' title="bbox 174 4886 1672 4960">
    <p class='ocr_par' dir='ltr' id='par_1_91' title="bbox 174 4886 1672 4960">
     <span class='ocr_line' id='line_1_91' title="bbox 174 4886 1672 4960; baseline 0.003 -20"><span class='ocrx_word' id='word_1_682' title='bbox 174 4886 271 4940; x_wconf 80' lang='grc' dir='ltr'><strong>Καὶ</strong></span> <span class='ocrx_word' id='word_1_683' title='bbox 303 4887 368 4941; x_wconf 86' lang='grc' dir='ltr'>τὸ</span> <span class='ocrx_word' id='word_1_684' title='bbox 403 4889 643 4943; x_wconf 74' lang='grc' dir='ltr'>ταύτόν.</span> <span class='ocrx_word' id='word_1_685' title='bbox 677 4889 750 4943; x_wconf 91' lang='grc' dir='ltr'>Τὸ</span> <span class='ocrx_word' id='word_1_686' title='bbox 779 4888 865 4943; x_wconf 70' lang='grc' dir='ltr'>ἀεὶ</span> <span class='ocrx_word' id='word_1_687' title='bbox 896 4890 1091 4943; x_wconf 77' lang='grc' dir='ltr'>ταύτὸν</span> <span class='ocrx_word' id='word_1_688' title='bbox 1127 4890 1218 4945; x_wconf 73' lang='grc' dir='ltr'><strong>καὶ</strong></span> <span class='ocrx_word' id='word_1_689' title='bbox 1253 4889 1514 4954; x_wconf 81' lang='grc' dir='ltr'>ὡσαύτως</span> <span class='ocrx_word' id='word_1_690' title='bbox 1549 4888 1672 4960; x_wconf 77' lang='grc' dir='ltr'>ἔχον</span> 
     </span>
    </p>
   </div>
   <div class='ocr_carea' id='block_1_92' title="bbox 109 4974 1673 5052">
    <p class='ocr_par' dir='ltr' id='par_1_92' title="bbox 109 4974 1673 5052">
     <span class='ocr_line' id='line_1_92' title="bbox 109 4974 1673 5052; baseline 0.005 -27"><span class='ocrx_word' id='word_1_691' title='bbox 109 4974 194 5026; x_wconf 71' lang='grc' dir='ltr'>ἐπὶ</span> <span class='ocrx_word' id='word_1_692' title='bbox 223 4979 384 5050; x_wconf 81' lang='grc' dir='ltr'>μόνης</span> <span class='ocrx_word' id='word_1_693' title='bbox 408 4979 507 5050; x_wconf 80' lang='grc' dir='ltr'>τῆς</span> <span class='ocrx_word' id='word_1_694' title='bbox 533 4979 641 5032; x_wconf 85' lang='grc' dir='ltr'>τῶν</span> <span class='ocrx_word' id='word_1_695' title='bbox 664 4981 801 5034; x_wconf 84' lang='grc' dir='ltr'>ὅλων</span> <span class='ocrx_word' id='word_1_696' title='bbox 829 4982 1116 5052; x_wconf 81' lang='grc' dir='ltr'>ποιητικῆς</span> <span class='ocrx_word' id='word_1_697' title='bbox 1148 4982 1339 5052; x_wconf 80' lang='grc' dir='ltr'>ὁρᾶται</span> <span class='ocrx_word' id='word_1_698' title='bbox 1371 4982 1549 5044; x_wconf 85' lang='grc' dir='ltr'>αἰτίας</span> <span class='ocrx_word' id='word_1_699' title='bbox 1567 5021 1582 5045; x_wconf 89' lang='grc'><strong>,</strong></span> <span class='ocrx_word' id='word_1_700' title='bbox 1611 4981 1673 5050; x_wconf 28' lang='grc' dir='ltr'><strong>ἐξ,</strong></span> 
     </span>
    </p>
   </div>
   <div class='ocr_carea' id='block_1_93' title="bbox 109 5057 1670 5142">
    <p class='ocr_par' dir='ltr' id='par_1_93' title="bbox 109 5057 1670 5142">
     <span class='ocr_line' id='line_1_93' title="bbox 109 5057 1670 5142; baseline 0.004 -24"><span class='ocrx_word' id='word_1_701' title='bbox 109 5057 175 5132; x_wconf 68' lang='grc' dir='ltr'>ἧς</span> <span class='ocrx_word' id='word_1_702' title='bbox 204 5067 289 5120; x_wconf 76' lang='grc' dir='ltr'><strong>καὶ</strong></span> <span class='ocrx_word' id='word_1_703' title='bbox 319 5070 433 5130; x_wconf 81' lang='grc' dir='ltr'>τοῖς</span> <span class='ocrx_word' id='word_1_704' title='bbox 481 5069 744 5141; x_wconf 81' lang='grc' dir='ltr'>κτίσμασι</span> <span class='ocrx_word' id='word_1_705' title='bbox 772 5071 833 5124; x_wconf 91' lang='grc' dir='ltr'><strong>τὸ</strong></span> <span class='ocrx_word' id='word_1_706' title='bbox 866 5073 924 5124; x_wconf 85' lang='grc' dir='ltr'><strong>ἐν</strong></span> <span class='ocrx_word' id='word_1_707' title='bbox 956 5073 1242 5142; x_wconf 87' lang='grc' dir='ltr'>ταυτότητι</span> <span class='ocrx_word' id='word_1_708' title='bbox 1276 5071 1551 5142; x_wconf 82' lang='grc' dir='ltr'>διαμένειν</span> <span class='ocrx_word' id='word_1_709' title='bbox 1583 5072 1670 5125; x_wconf 84' lang='grc' dir='ltr'>δε-</span> 
     </span>
    </p>
   </div>
   <div class='ocr_carea' id='block_1_94' title="bbox 107 5153 1669 5235">
    <p class='ocr_par' dir='ltr' id='par_1_94' title="bbox 107 5153 1669 5235">
     <span class='ocr_line' id='line_1_94' title="bbox 107 5153 1669 5235; baseline 0.005 -27"><span class='ocrx_word' id='word_1_710' title='bbox 107 5153 327 5228; x_wconf 81' lang='grc' dir='ltr'>δώρηται</span> <span class='ocrx_word' id='word_1_711' title='bbox 347 5199 362 5223; x_wconf 91' lang='grc'><strong>,</strong></span> <span class='ocrx_word' id='word_1_712' title='bbox 397 5159 492 5212; x_wconf 76' lang='grc' dir='ltr'><strong>καὶ</strong></span> <span class='ocrx_word' id='word_1_713' title='bbox 525 5162 559 5230; x_wconf 85' lang='grc' dir='ltr'>ἡ</span> <span class='ocrx_word' id='word_1_714' title='bbox 595 5161 702 5215; x_wconf 80' lang='grc' dir='ltr'>τῶν</span> <span class='ocrx_word' id='word_1_715' title='bbox 731 5164 1004 5229; x_wconf 76' lang='grc' dir='ltr'>ἐναντίων,</span> <span class='ocrx_word' id='word_1_716' title='bbox 1035 5164 1200 5235; x_wconf 70' lang='grc' dir='ltr'>ἤγουν</span> <span class='ocrx_word' id='word_1_717' title='bbox 1238 5161 1489 5234; x_wconf 77' lang='grc' dir='ltr'>ἐτεροίως</span> <span class='ocrx_word' id='word_1_718' title='bbox 1518 5164 1669 5234; x_wconf 73' lang='grc' dir='ltr'>ἐχόν-</span> 
     </span>
    </p>
   </div>
   <div class='ocr_carea' id='block_1_95' title="bbox 107 5251 1668 5323">
    <p class='ocr_par' dir='ltr' id='par_1_95' title="bbox 107 5251 1668 5323">
     <span class='ocr_line' id='line_1_95' title="bbox 107 5251 1668 5323; baseline 0.006 -25"><span class='ocrx_word' id='word_1_719' title='bbox 107 5264 209 5302; x_wconf 84' lang='grc' dir='ltr'><strong>των</strong></span> <span class='ocrx_word' id='word_1_720' title='bbox 237 5251 367 5322; x_wconf 81' lang='grc' dir='ltr'>πρὸς</span> <span class='ocrx_word' id='word_1_721' title='bbox 387 5251 592 5323; x_wconf 76' lang='grc' dir='ltr'>ἄλληλα</span> <span class='ocrx_word' id='word_1_722' title='bbox 622 5253 888 5322; x_wconf 79' lang='grc' dir='ltr'>σύνταξις.</span> <span class='ocrx_word' id='word_1_723' title='bbox 906 5254 1126 5318; x_wconf 77' lang='grc' dir='ltr'>Ταύτῶς</span> <span class='ocrx_word' id='word_1_724' title='bbox 1154 5252 1245 5308; x_wconf 81' lang='grc' dir='ltr'>οὖν</span> <span class='ocrx_word' id='word_1_725' title='bbox 1271 5253 1442 5317; x_wconf 76' lang='grc' dir='ltr'>ἅπαν,</span> <span class='ocrx_word' id='word_1_726' title='bbox 1477 5254 1570 5306; x_wconf 81' lang='grc' dir='ltr'>καὶ</span> <span class='ocrx_word' id='word_1_727' title='bbox 1599 5253 1668 5307; x_wconf 79' lang='grc' dir='ltr'><strong>τά</strong></span> 
     </span>
    </p>
   </div>
   <div class='ocr_carea' id='block_1_96' title="bbox 115 5339 1682 5417">
    <p class='ocr_par' dir='ltr' id='par_1_96' title="bbox 115 5339 1682 5417">
     <span class='ocr_line' id='line_1_96' title="bbox 115 5339 1682 5417; baseline 0.003 -23"><span class='ocrx_word' id='word_1_728' title='bbox 115 5339 188 5410; x_wconf 78' lang='grc' dir='ltr'>μὴ</span> <span class='ocrx_word' id='word_1_729' title='bbox 206 5341 254 5396; x_wconf 79' lang='grc' dir='ltr'>ἐν</span> <span class='ocrx_word' id='word_1_730' title='bbox 283 5344 573 5415; x_wconf 81' lang='grc' dir='ltr'>ταύτότητι</span> <span class='ocrx_word' id='word_1_731' title='bbox 606 5346 838 5415; x_wconf 86' lang='grc' dir='ltr'>φύσεως,</span> <span class='ocrx_word' id='word_1_732' title='bbox 863 5349 920 5400; x_wconf 81' lang='grc' dir='ltr'><strong>ἐν</strong></span> <span class='ocrx_word' id='word_1_733' title='bbox 939 5346 1016 5417; x_wconf 81' lang='grc' dir='ltr'>τῷ</span> <span class='ocrx_word' id='word_1_734' title='bbox 1043 5345 1161 5416; x_wconf 87' lang='grc' dir='ltr'>Θεῷ</span> <span class='ocrx_word' id='word_1_735' title='bbox 1192 5346 1474 5416; x_wconf 84' lang='grc' dir='ltr'>θεωρεῖται</span> <span class='ocrx_word' id='word_1_736' title='bbox 1499 5363 1510 5374; x_wconf 90' lang='grc'>·</span> <span class='ocrx_word' id='word_1_737' title='bbox 1539 5346 1682 5399; x_wconf 55' lang='grc' dir='ltr'><strong>πάνς</strong></span> 
     </span>
    </p>
   </div>
   <div class='ocr_carea' id='block_1_97' title="bbox 111 5435 1669 5510">
    <p class='ocr_par' dir='ltr' id='par_1_97' title="bbox 111 5435 1669 5510">
     <span class='ocr_line' id='line_1_97' title="bbox 111 5435 1669 5510; baseline 0.01 -24"><span class='ocrx_word' id='word_1_738' title='bbox 111 5448 213 5485; x_wconf 88' lang='grc' dir='ltr'><strong>των</strong></span> <span class='ocrx_word' id='word_1_739' title='bbox 246 5435 354 5504; x_wconf 76' lang='grc' dir='ltr'><strong>γάρ</strong></span> <span class='ocrx_word' id='word_1_740' title='bbox 381 5436 491 5490; x_wconf 86' lang='grc' dir='ltr'><strong>τῶν</strong></span> <span class='ocrx_word' id='word_1_741' title='bbox 522 5437 690 5492; x_wconf 77' lang='grc' dir='ltr'>ὄντων</span> <span class='ocrx_word' id='word_1_742' title='bbox 718 5439 963 5503; x_wconf 84' lang='grc' dir='ltr'>ταὺτῶς,</span> <span class='ocrx_word' id='word_1_743' title='bbox 996 5439 1162 5509; x_wconf 70' lang='grc' dir='ltr'>ἤγουν</span> <span class='ocrx_word' id='word_1_744' title='bbox 1208 5437 1415 5510; x_wconf 87' lang='grc' dir='ltr'>ὁμοίως</span> <span class='ocrx_word' id='word_1_745' title='bbox 1437 5476 1451 5502; x_wconf 86' lang='grc'><strong>,</strong></span> <span class='ocrx_word' id='word_1_746' title='bbox 1496 5437 1669 5501; x_wconf 72' lang='grc' dir='ltr'>αἴτιος</span> 
     </span>
    </p>
   </div>
   <div class='ocr_carea' id='block_1_98' title="bbox 112 5522 304 5591">
    <p class='ocr_par' dir='ltr' id='par_1_98' title="bbox 112 5522 304 5591">
     <span class='ocr_line' id='line_1_98' title="bbox 112 5522 304 5591; baseline 0.047 -17"><span class='ocrx_word' id='word_1_747' title='bbox 112 5522 144 5574; x_wconf 85' lang='grc' dir='ltr'><strong>ὁ</strong></span> <span class='ocrx_word' id='word_1_748' title='bbox 173 5523 304 5591; x_wconf 84' lang='grc' dir='ltr'>Θεός.</span> 
     </span>
    </p>
   </div>
   <div class='ocr_carea' id='block_1_99' title="bbox 187 5619 1667 5691">
    <p class='ocr_par' dir='ltr' id='par_1_99' title="bbox 187 5619 1667 5691">
     <span class='ocr_line' id='line_1_99' title="bbox 187 5619 1667 5691; baseline 0.004 -19"><span class='ocrx_word' id='word_1_749' title='bbox 187 5619 335 5674; x_wconf 78' lang='grc' dir='ltr'>Κατὰ</span> <span class='ocrx_word' id='word_1_750' title='bbox 363 5619 481 5690; x_wconf 81' lang='grc' dir='ltr'><strong>τὴν</strong></span> <span class='ocrx_word' id='word_1_751' title='bbox 504 5623 654 5691; x_wconf 78' lang='grc' dir='ltr'>μίαν</span> <span class='ocrx_word' id='word_1_752' title='bbox 694 5624 791 5677; x_wconf 81' lang='grc' dir='ltr'>καὶ</span> <span class='ocrx_word' id='word_1_753' title='bbox 822 5623 1050 5690; x_wconf 78' lang='grc' dir='ltr'>ἑνικήν.</span> <span class='ocrx_word' id='word_1_754' title='bbox 1082 5624 1156 5677; x_wconf 90' lang='grc' dir='ltr'>Τὸ</span> <span class='ocrx_word' id='word_1_755' title='bbox 1177 5624 1262 5678; x_wconf 77' lang='grc' dir='ltr'><strong>ἀεὶ</strong></span> <span class='ocrx_word' id='word_1_756' title='bbox 1291 5624 1551 5689; x_wconf 84' lang='grc' dir='ltr'>ὡσαύτως</span> <span class='ocrx_word' id='word_1_757' title='bbox 1573 5625 1667 5679; x_wconf 76' lang='grc' dir='ltr'><strong>καὶ</strong></span> 
     </span>
    </p>
   </div>
   <div class='ocr_carea' id='block_1_100' title="bbox 117 5704 1663 5784">
    <p class='ocr_par' dir='ltr' id='par_1_100' title="bbox 117 5704 1663 5784">
     <span class='ocr_line' id='line_1_100' title="bbox 117 5704 1663 5784; baseline 0.006 -24"><span class='ocrx_word' id='word_1_758' title='bbox 117 5704 468 5776; x_wconf 64' lang='grc' dir='ltr'>ἁνιλλοιὼπτως</span> <span class='ocrx_word' id='word_1_759' title='bbox 501 5710 664 5783; x_wconf 75' lang='grc' dir='ltr'>ἔχειν,</span> <span class='ocrx_word' id='word_1_760' title='bbox 697 5713 833 5784; x_wconf 84' lang='grc' dir='ltr'>ὅπερ</span> <span class='ocrx_word' id='word_1_761' title='bbox 870 5714 986 5766; x_wconf 78' lang='grc' dir='ltr'>ἐστὶ</span> <span class='ocrx_word' id='word_1_762' title='bbox 1038 5714 1253 5777; x_wconf 83' lang='grc' dir='ltr'>ταύτὸν,</span> <span class='ocrx_word' id='word_1_763' title='bbox 1286 5717 1316 5768; x_wconf 87' lang='grc' dir='ltr'><strong>ὁ</strong></span> <span class='ocrx_word' id='word_1_764' title='bbox 1347 5715 1478 5778; x_wconf 89' lang='grc' dir='ltr'>Θεός</span> <span class='ocrx_word' id='word_1_765' title='bbox 1515 5717 1630 5768; x_wconf 77' lang='grc' dir='ltr'>ἐστι</span> <span class='ocrx_word' id='word_1_766' title='bbox 1650 5733 1663 5746; x_wconf 87' lang='grc'><strong>·</strong></span> 
     </span>
    </p>
   </div>
   <div class='ocr_carea' id='block_1_101' title="bbox 117 5794 1718 5878">
    <p class='ocr_par' dir='ltr' id='par_1_101' title="bbox 117 5794 1718 5878">
     <span class='ocr_line' id='line_1_101' title="bbox 117 5794 1718 5878; baseline 0.009 -35"><span class='ocrx_word' id='word_1_767' title='bbox 117 5794 213 5846; x_wconf 68' lang='lat' dir='ltr'><strong>aut</strong></span> <span class='ocrx_word' id='word_1_768' title='bbox 245 5797 326 5868; x_wconf 77' lang='grc' dir='ltr'><strong>ὑφ’</strong></span> <span class='ocrx_word' id='word_1_769' title='bbox 372 5803 556 5875; x_wconf 77' lang='grc' dir='ltr'>ἐτέρου</span> <span class='ocrx_word' id='word_1_770' title='bbox 601 5804 700 5876; x_wconf 79' lang='grc' dir='ltr'>μὲν</span> <span class='ocrx_word' id='word_1_771' title='bbox 737 5805 899 5869; x_wconf 82' lang='grc' dir='ltr'>αὐτὸς</span> <span class='ocrx_word' id='word_1_772' title='bbox 918 5807 979 5859; x_wconf 80' lang='grc' dir='ltr'>οὐ</span> <span class='ocrx_word' id='word_1_773' title='bbox 1010 5806 1341 5878; x_wconf 87' lang='grc' dir='ltr'>περατοῦται</span> <span class='ocrx_word' id='word_1_774' title='bbox 1361 5849 1376 5873; x_wconf 92' lang='grc'><strong>,</strong></span> <span class='ocrx_word' id='word_1_775' title='bbox 1408 5806 1518 5861; x_wconf 83' lang='grc' dir='ltr'>οὐδ’</span> <span class='ocrx_word' id='word_1_776' title='bbox 1549 5806 1666 5858; x_wconf 78' lang='grc' dir='ltr'>ἐστί</span> <span class='ocrx_word' id='word_1_777' title='bbox 1715 5798 1718 5800; x_wconf 61' lang='grc'><em>’</em></span> 
     </span>
    </p>
   </div>
   <div class='ocr_carea' id='block_1_102' title="bbox 116 5888 1659 5970">
    <p class='ocr_par' dir='ltr' id='par_1_102' title="bbox 116 5888 1659 5970">
     <span class='ocr_line' id='line_1_102' title="bbox 116 5888 1659 5970; baseline 0.007 -31"><span class='ocrx_word' id='word_1_778' title='bbox 116 5901 175 5935; x_wconf 79' lang='grc' dir='ltr'>τι</span> <span class='ocrx_word' id='word_1_779' title='bbox 206 5888 349 5945; x_wconf 74' lang='grc' dir='ltr'>αὺτοῦ</span> <span class='ocrx_word' id='word_1_780' title='bbox 386 5895 580 5963; x_wconf 78' lang='grc' dir='ltr'>πέρις.</span> <span class='ocrx_word' id='word_1_781' title='bbox 617 5898 697 5960; x_wconf 82' lang='grc' dir='ltr'><strong>εἰς</strong></span> <span class='ocrx_word' id='word_1_782' title='bbox 726 5899 961 5953; x_wconf 76' lang='grc' dir='ltr'>αὑτὸνδὲ</span> <span class='ocrx_word' id='word_1_783' title='bbox 987 5899 1054 5952; x_wconf 82' lang='grc' dir='ltr'>τὰ</span> <span class='ocrx_word' id='word_1_784' title='bbox 1088 5899 1261 5953; x_wconf 78' lang='grc' dir='ltr'>πάντα</span> <span class='ocrx_word' id='word_1_785' title='bbox 1301 5898 1626 5970; x_wconf 83' lang='grc' dir='ltr'>περατοῦται</span> <span class='ocrx_word' id='word_1_786' title='bbox 1647 5915 1659 5927; x_wconf 75' lang='grc'><strong><em>⁸</em></strong></span> 
     </span>
    </p>
   </div>
   <div class='ocr_carea' id='block_1_103' title="bbox 1772 4698 3352 4773">
    <p class='ocr_par' dir='ltr' id='par_1_103' title="bbox 1772 4698 3352 4773">
     <span class='ocr_line' id='line_1_103' title="bbox 1772 4698 3352 4773; baseline -0.001 -21"><span class='ocrx_word' id='word_1_787' title='bbox 1772 4706 1970 4769; x_wconf 90' lang='lat' dir='ltr'><strong>potest.</strong></span> <span class='ocrx_word' id='word_1_788' title='bbox 2015 4699 2427 4773; x_wconf 78' lang='grc' dir='ltr'>Ἀφοριζόμενον</span> <span class='ocrx_word' id='word_1_789' title='bbox 2458 4714 2586 4754; x_wconf 90' lang='lat' dir='ltr'><strong>vero</strong></span> <span class='ocrx_word' id='word_1_790' title='bbox 2615 4707 2700 4753; x_wconf 87' lang='lat' dir='ltr'><strong>est</strong></span> <span class='ocrx_word' id='word_1_791' title='bbox 2722 4698 3154 4753; x_wconf 89' lang='lat' dir='ltr'><strong>demonstratum</strong></span> <span class='ocrx_word' id='word_1_792' title='bbox 3175 4713 3205 4751; x_wconf 91' lang='lat' dir='ltr'><strong>a</strong></span> <span class='ocrx_word' id='word_1_793' title='bbox 3228 4712 3352 4753; x_wconf 85' lang='lat' dir='ltr'><strong>ver-</strong></span> 
     </span>
    </p>
   </div>
   <div class='ocr_carea' id='block_1_104' title="bbox 1772 4790 2993 4865">
    <p class='ocr_par' dir='ltr' id='par_1_104' title="bbox 1772 4790 2993 4865">
     <span class='ocr_line' id='line_1_104' title="bbox 1772 4790 2993 4865; baseline 0 -21"><span class='ocrx_word' id='word_1_794' title='bbox 1772 4790 1843 4844; x_wconf 91' lang='lat' dir='ltr'><strong>bo</strong></span> <span class='ocrx_word' id='word_1_795' title='bbox 1867 4791 2088 4863; x_wconf 77' lang='grc' dir='ltr'>ὁρίζειν,</span> <span class='ocrx_word' id='word_1_796' title='bbox 2125 4799 2219 4845; x_wconf 89' lang='lat' dir='ltr'><strong>aut</strong></span> <span class='ocrx_word' id='word_1_797' title='bbox 2251 4799 2558 4861; x_wconf 78' lang='lat' dir='ltr'><strong>exemptum</strong></span> <span class='ocrx_word' id='word_1_798' title='bbox 2584 4798 2636 4845; x_wconf 88' lang='lat' dir='ltr'><strong>et</strong></span> <span class='ocrx_word' id='word_1_799' title='bbox 2662 4798 2993 4865; x_wconf 85' lang='lat' dir='ltr'><strong>separatum.</strong></span> 
     </span>
    </p>
   </div>
   <div class='ocr_carea' id='block_1_105' title="bbox 1841 4879 3349 4952">
    <p class='ocr_par' dir='ltr' id='par_1_105' title="bbox 1841 4879 3349 4952">
     <span class='ocr_line' id='line_1_105' title="bbox 1841 4879 3349 4952; baseline -0.002 -17"><span class='ocrx_word' id='word_1_800' title='bbox 1841 4882 1910 4935; x_wconf 84' lang='lat' dir='ltr'><strong>Et</strong></span> <span class='ocrx_word' id='word_1_801' title='bbox 1937 4883 2096 4939; x_wconf 83' lang='lat' dir='ltr'><strong>idem.</strong></span> <span class='ocrx_word' id='word_1_802' title='bbox 2139 4881 2365 4952; x_wconf 89' lang='lat' dir='ltr'><strong>Semper</strong></span> <span class='ocrx_word' id='word_1_803' title='bbox 2397 4883 2539 4939; x_wconf 92' lang='lat' dir='ltr'><strong>idem</strong></span> <span class='ocrx_word' id='word_1_804' title='bbox 2571 4889 2625 4937; x_wconf 88' lang='lat' dir='ltr'><strong>et</strong></span> <span class='ocrx_word' id='word_1_805' title='bbox 2671 4881 2924 4936; x_wconf 89' lang='lat' dir='ltr'><strong>similiter</strong></span> <span class='ocrx_word' id='word_1_806' title='bbox 2955 4895 3014 4935; x_wconf 90' lang='lat' dir='ltr'><strong>se</strong></span> <span class='ocrx_word' id='word_1_807' title='bbox 3044 4881 3253 4936; x_wconf 86' lang='lat' dir='ltr'><strong>habens</strong></span> <span class='ocrx_word' id='word_1_808' title='bbox 3291 4879 3349 4932; x_wconf 90' lang='lat' dir='ltr'><strong>in</strong></span> 
     </span>
    </p>
   </div>
   <div class='ocr_carea' id='block_1_106' title="bbox 1772 4955 3346 5046">
    <p class='ocr_par' dir='ltr' id='par_1_106' title="bbox 1772 4955 3346 5046">
     <span class='ocr_line' id='line_1_106' title="bbox 1772 4955 3346 5046; baseline -0.006 -15"><span class='ocrx_word' id='word_1_809' title='bbox 1772 4975 1889 5031; x_wconf 89' lang='lat' dir='ltr'><strong>sola</strong></span> <span class='ocrx_word' id='word_1_810' title='bbox 1919 4992 2084 5032; x_wconf 90' lang='lat' dir='ltr'><strong>causa</strong></span> <span class='ocrx_word' id='word_1_811' title='bbox 2114 4991 2234 5046; x_wconf 63' lang='lat' dir='ltr'><strong>quae</strong></span> <span class='ocrx_word' id='word_1_812' title='bbox 2267 4975 2449 5030; x_wconf 90' lang='lat' dir='ltr'><strong>omnia</strong></span> <span class='ocrx_word' id='word_1_813' title='bbox 2480 4973 2659 5029; x_wconf 80' lang='lat' dir='ltr'><strong>facere</strong></span> <span class='ocrx_word' id='word_1_814' title='bbox 2683 4955 2862 5043; x_wconf 88' lang='lat' dir='ltr'><strong>potest</strong></span> <span class='ocrx_word' id='word_1_815' title='bbox 2889 4973 3126 5036; x_wconf 82' lang='lat' dir='ltr'><strong>videtur,</strong></span> <span class='ocrx_word' id='word_1_816' title='bbox 3150 4987 3216 5026; x_wconf 79' lang='lat' dir='ltr'><strong>ex</strong></span> <span class='ocrx_word' id='word_1_817' title='bbox 3239 4984 3346 5039; x_wconf 88' lang='lat' dir='ltr'><strong>qua</strong></span> 
     </span>
    </p>
   </div>
   <div class='ocr_carea' id='block_1_107' title="bbox 1770 5064 3342 5134">
    <p class='ocr_par' dir='ltr' id='par_1_107' title="bbox 1770 5064 3342 5134">
     <span class='ocr_line' id='line_1_107' title="bbox 1770 5064 3342 5134; baseline -0.006 -11"><span class='ocrx_word' id='word_1_818' title='bbox 1770 5069 1934 5123; x_wconf 88' lang='lat' dir='ltr'><strong>etiam</strong></span> <span class='ocrx_word' id='word_1_819' title='bbox 1964 5068 2150 5122; x_wconf 91' lang='lat' dir='ltr'><strong>datum</strong></span> <span class='ocrx_word' id='word_1_820' title='bbox 2182 5074 2264 5121; x_wconf 89' lang='lat' dir='ltr'><strong>est</strong></span> <span class='ocrx_word' id='word_1_821' title='bbox 2288 5067 2555 5120; x_wconf 87' lang='lat' dir='ltr'><strong>creaturis</strong></span> <span class='ocrx_word' id='word_1_822' title='bbox 2588 5067 2643 5118; x_wconf 88' lang='lat' dir='ltr'><strong>in</strong></span> <span class='ocrx_word' id='word_1_823' title='bbox 2674 5064 2960 5120; x_wconf 84' lang='lat' dir='ltr'><strong>i&#39;dentitate</strong></span> <span class='ocrx_word' id='word_1_824' title='bbox 2999 5074 3342 5134; x_wconf 87' lang='lat' dir='ltr'><strong>permanere,</strong></span> 
     </span>
    </p>
   </div>
   <div class='ocr_carea' id='block_1_108' title="bbox 1771 5150 3341 5222">
    <p class='ocr_par' dir='ltr' id='par_1_108' title="bbox 1771 5150 3341 5222">
     <span class='ocr_line' id='line_1_108' title="bbox 1771 5150 3341 5222; baseline -0.005 -8"><span class='ocrx_word' id='word_1_825' title='bbox 1771 5167 1825 5214; x_wconf 85' lang='lat' dir='ltr'><strong>et</strong></span> <span class='ocrx_word' id='word_1_826' title='bbox 1855 5159 2149 5218; x_wconf 88' lang='lat' dir='ltr'><strong>contrariis</strong></span> <span class='ocrx_word' id='word_1_827' title='bbox 2168 5176 2261 5215; x_wconf 89' lang='lat' dir='ltr'><strong>seu</strong></span> <span class='ocrx_word' id='word_1_828' title='bbox 2288 5159 2446 5214; x_wconf 88' lang='lat' dir='ltr'><strong>aliter</strong></span> <span class='ocrx_word' id='word_1_829' title='bbox 2464 5158 2794 5214; x_wconf 89' lang='lat' dir='ltr'><strong>habentibus</strong></span> <span class='ocrx_word' id='word_1_830' title='bbox 2815 5157 2958 5212; x_wconf 91' lang='lat' dir='ltr'><strong>inter</strong></span> <span class='ocrx_word' id='word_1_831' title='bbox 2979 5171 3038 5212; x_wconf 92' lang='lat' dir='ltr'><strong>se</strong></span> <span class='ocrx_word' id='word_1_832' title='bbox 3061 5150 3341 5222; x_wconf 77' lang='lat' dir='ltr'><strong>conjungi.</strong></span> 
     </span>
    </p>
   </div>
   <div class='ocr_carea' id='block_1_109' title="bbox 1770 5235 3344 5322">
    <p class='ocr_par' dir='ltr' id='par_1_109' title="bbox 1770 5235 3344 5322">
     <span class='ocr_line' id='line_1_109' title="bbox 1770 5235 3344 5322; baseline -0.005 -18"><span class='ocrx_word' id='word_1_833' title='bbox 1770 5250 1973 5307; x_wconf 89' lang='lat' dir='ltr'><strong>Eodem</strong></span> <span class='ocrx_word' id='word_1_834' title='bbox 2019 5250 2180 5306; x_wconf 90' lang='lat' dir='ltr'><strong>modo</strong></span> <span class='ocrx_word' id='word_1_835' title='bbox 2207 5251 2373 5322; x_wconf 83' lang='lat' dir='ltr'><strong>igitur</strong></span> <span class='ocrx_word' id='word_1_836' title='bbox 2401 5235 2613 5314; x_wconf 64' lang='lat' dir='ltr'><strong>omnia,</strong></span> <span class='ocrx_word' id='word_1_837' title='bbox 2639 5250 2806 5304; x_wconf 88' lang='lat' dir='ltr'><strong>etiam</strong></span> <span class='ocrx_word' id='word_1_838' title='bbox 2839 5263 2960 5319; x_wconf 74' lang='lat' dir='ltr'><strong>quae</strong></span> <span class='ocrx_word' id='word_1_839' title='bbox 2994 5261 3105 5301; x_wconf 89' lang='lat' dir='ltr'><strong>non</strong></span> <span class='ocrx_word' id='word_1_840' title='bbox 3135 5249 3263 5303; x_wconf 84' lang='lat' dir='ltr'><strong>sunt</strong></span> <span class='ocrx_word' id='word_1_841' title='bbox 3286 5240 3344 5296; x_wconf 91' lang='lat' dir='ltr'><strong>in</strong></span> 
     </span>
    </p>
   </div>
   <div class='ocr_carea' id='block_1_110' title="bbox 1769 5334 3339 5407">
    <p class='ocr_par' dir='ltr' id='par_1_110' title="bbox 1769 5334 3339 5407">
     <span class='ocr_line' id='line_1_110' title="bbox 1769 5334 3339 5407; baseline -0.008 -8"><span class='ocrx_word' id='word_1_842' title='bbox 1769 5344 1956 5399; x_wconf 89' lang='lat' dir='ltr'><strong>eadem</strong></span> <span class='ocrx_word' id='word_1_843' title='bbox 1984 5353 2198 5407; x_wconf 87' lang='lat' dir='ltr'><strong>natura,</strong></span> <span class='ocrx_word' id='word_1_844' title='bbox 2231 5344 2286 5397; x_wconf 90' lang='lat' dir='ltr'><strong>in</strong></span> <span class='ocrx_word' id='word_1_845' title='bbox 2317 5342 2429 5398; x_wconf 90' lang='lat' dir='ltr'><strong>Deo</strong></span> <span class='ocrx_word' id='word_1_846' title='bbox 2449 5342 2703 5398; x_wconf 80' lang='lat' dir='ltr'><strong>videntur</strong></span> <span class='ocrx_word' id='word_1_847' title='bbox 2730 5361 2744 5396; x_wconf 89' lang='lat'><strong>:</strong></span> <span class='ocrx_word' id='word_1_848' title='bbox 2769 5356 2895 5398; x_wconf 88' lang='lat' dir='ltr'><strong>nam</strong></span> <span class='ocrx_word' id='word_1_849' title='bbox 2925 5339 3068 5394; x_wconf 90' lang='lat' dir='ltr'><strong>Deus</strong></span> <span class='ocrx_word' id='word_1_850' title='bbox 3099 5344 3182 5391; x_wconf 90' lang='lat' dir='ltr'><strong>est</strong></span> <span class='ocrx_word' id='word_1_851' title='bbox 3208 5334 3339 5390; x_wconf 85' lang='grc' dir='ltr'><strong>ταύ-</strong></span> 
     </span>
    </p>
   </div>
   <div class='ocr_carea' id='block_1_111' title="bbox 1768 5435 2776 5500">
    <p class='ocr_par' dir='ltr' id='par_1_111' title="bbox 1768 5435 2776 5500">
     <span class='ocr_line' id='line_1_111' title="bbox 1768 5435 2776 5500; baseline 0.001 -11"><span class='ocrx_word' id='word_1_852' title='bbox 1768 5435 1876 5500; x_wconf 88' lang='grc' dir='ltr'>τῶς</span> <span class='ocrx_word' id='word_1_853' title='bbox 1904 5452 2002 5492; x_wconf 90' lang='lat' dir='ltr'><strong>seu</strong></span> <span class='ocrx_word' id='word_1_854' title='bbox 2035 5436 2289 5491; x_wconf 85' lang='lat' dir='ltr'><strong>similiter</strong></span> <span class='ocrx_word' id='word_1_855' title='bbox 2317 5436 2559 5490; x_wconf 90' lang='lat' dir='ltr'><strong>omnium</strong></span> <span class='ocrx_word' id='word_1_856' title='bbox 2588 5448 2776 5491; x_wconf 88' lang='lat' dir='ltr'><strong>causa.</strong></span> 
     </span>
    </p>
   </div>
   <div class='ocr_carea' id='block_1_112' title="bbox 1841 5610 3344 5692">
    <p class='ocr_par' dir='ltr' id='par_1_112' title="bbox 1841 5610 3344 5692">
     <span class='ocr_line' id='line_1_112' title="bbox 1841 5610 3344 5692; baseline -0.007 -16"><span class='ocrx_word' id='word_1_857' title='bbox 1841 5620 2140 5676; x_wconf 82' lang='lat' dir='ltr'><strong>Secundum</strong></span> <span class='ocrx_word' id='word_1_858' title='bbox 2158 5638 2318 5676; x_wconf 87' lang='lat' dir='ltr'><strong>unam</strong></span> <span class='ocrx_word' id='word_1_859' title='bbox 2339 5629 2493 5692; x_wconf 81' lang='lat' dir='ltr'><strong>atque</strong></span> <span class='ocrx_word' id='word_1_860' title='bbox 2512 5620 2740 5674; x_wconf 82' lang='lat' dir='ltr'><strong>unicam.</strong></span> <span class='ocrx_word' id='word_1_861' title='bbox 2767 5615 2991 5686; x_wconf 90' lang='lat' dir='ltr'><strong>Semper</strong></span> <span class='ocrx_word' id='word_1_862' title='bbox 3015 5610 3268 5668; x_wconf 87' lang='lat' dir='ltr'><strong>similiter</strong></span> <span class='ocrx_word' id='word_1_863' title='bbox 3287 5615 3344 5666; x_wconf 80' lang='lat' dir='ltr'><strong>et</strong></span> 
     </span>
    </p>
   </div>
   <div class='ocr_carea' id='block_1_113' title="bbox 1768 5701 3342 5782">
    <p class='ocr_par' dir='ltr' id='par_1_113' title="bbox 1768 5701 3342 5782">
     <span class='ocr_line' id='line_1_113' title="bbox 1768 5701 3342 5782; baseline -0.007 -16"><span class='ocrx_word' id='word_1_864' title='bbox 1768 5711 2176 5768; x_wconf 86' lang='lat' dir='ltr'><strong>immutabiliter</strong></span> <span class='ocrx_word' id='word_1_865' title='bbox 2207 5712 2426 5777; x_wconf 85' lang='lat' dir='ltr'><strong>habere,</strong></span> <span class='ocrx_word' id='word_1_866' title='bbox 2456 5710 2603 5782; x_wconf 90' lang='lat' dir='ltr'><strong>quod</strong></span> <span class='ocrx_word' id='word_1_867' title='bbox 2647 5709 2790 5765; x_wconf 87' lang='lat' dir='ltr'><strong>idern</strong></span> <span class='ocrx_word' id='word_1_868' title='bbox 2819 5714 2924 5772; x_wconf 88' lang='lat' dir='ltr'><strong>est,</strong></span> <span class='ocrx_word' id='word_1_869' title='bbox 2966 5704 3108 5760; x_wconf 89' lang='lat' dir='ltr'><strong>Deus</strong></span> <span class='ocrx_word' id='word_1_870' title='bbox 3135 5709 3241 5759; x_wconf 81' lang='lat' dir='ltr'><strong>est.</strong></span> <span class='ocrx_word' id='word_1_871' title='bbox 3274 5701 3342 5756; x_wconf 88' lang='lat' dir='ltr'><strong>Et</strong></span> 
     </span>
    </p>
   </div>
   <div class='ocr_carea' id='block_1_114' title="bbox 1771 5795 3339 5876">
    <p class='ocr_par' dir='ltr' id='par_1_114' title="bbox 1771 5795 3339 5876">
     <span class='ocr_line' id='line_1_114' title="bbox 1771 5795 3339 5876; baseline -0.008 -16"><span class='ocrx_word' id='word_1_872' title='bbox 1771 5806 1889 5875; x_wconf 87' lang='lat' dir='ltr'><strong>ipse</strong></span> <span class='ocrx_word' id='word_1_873' title='bbox 1917 5805 2135 5876; x_wconf 87' lang='lat' dir='ltr'><strong>quidem</strong></span> <span class='ocrx_word' id='word_1_874' title='bbox 2161 5805 2229 5859; x_wconf 89' lang='lat' dir='ltr'><strong>ab</strong></span> <span class='ocrx_word' id='word_1_875' title='bbox 2250 5805 2357 5858; x_wconf 92' lang='lat' dir='ltr'><strong>alio</strong></span> <span class='ocrx_word' id='word_1_876' title='bbox 2390 5819 2502 5858; x_wconf 89' lang='lat' dir='ltr'><strong>non</strong></span> <span class='ocrx_word' id='word_1_877' title='bbox 2527 5804 2868 5864; x_wconf 88' lang='lat' dir='ltr'><strong>terminatur,</strong></span> <span class='ocrx_word' id='word_1_878' title='bbox 2901 5813 3002 5854; x_wconf 92' lang='lat' dir='ltr'><strong>nec</strong></span> <span class='ocrx_word' id='word_1_879' title='bbox 3025 5803 3110 5853; x_wconf 88' lang='lat' dir='ltr'><strong>est</strong></span> <span class='ocrx_word' id='word_1_880' title='bbox 3141 5795 3339 5866; x_wconf 84' lang='lat' dir='ltr'><strong>aliquis</strong></span> 
     </span>
    </p>
   </div>
   <div class='ocr_carea' id='block_1_115' title="bbox 1773 5892 3340 5966">
    <p class='ocr_par' dir='ltr' id='par_1_115' title="bbox 1773 5892 3340 5966">
     <span class='ocr_line' id='line_1_115' title="bbox 1773 5892 3340 5966; baseline -0.006 -16"><span class='ocrx_word' id='word_1_881' title='bbox 1773 5892 1892 5966; x_wconf 78' lang='lat' dir='ltr'><strong>ejus</strong></span> <span class='ocrx_word' id='word_1_882' title='bbox 1942 5897 2087 5965; x_wconf 78' lang='lat' dir='ltr'><strong>finis,</strong></span> <span class='ocrx_word' id='word_1_883' title='bbox 2119 5896 2210 5953; x_wconf 91' lang='lat' dir='ltr'><strong>sed</strong></span> <span class='ocrx_word' id='word_1_884' title='bbox 2254 5897 2436 5952; x_wconf 91' lang='lat' dir='ltr'><strong>omnia</strong></span> <span class='ocrx_word' id='word_1_885' title='bbox 2483 5896 2538 5950; x_wconf 90' lang='lat' dir='ltr'><strong>in</strong></span> <span class='ocrx_word' id='word_1_886' title='bbox 2588 5894 2706 5962; x_wconf 84' lang='lat' dir='ltr'><strong>ipso</strong></span> <span class='ocrx_word' id='word_1_887' title='bbox 2738 5892 3129 5954; x_wconf 85' lang='lat' dir='ltr'><strong>terminantur;</strong></span> <span class='ocrx_word' id='word_1_888' title='bbox 3177 5899 3340 5956; x_wconf 73' lang='lat' dir='ltr'><strong>atque</strong></span> 
     </span>
    </p>
   </div>
  </div>
