3882 6574
489 380 591 438 575

1240 367 1582 424 APPENDIX
1616 368 1709 423 AD
1741 367 1969 426 OPEBA
2000 367 2058 426 S.
2098 367 2398 426 DIONYSII
2430 365 2909 430 AREOPAGITE.

3608 372 3713 429 376

489 493 628 550 talem
653 503 865 559 semper
886 496 970 543 est
995 481 1158 547 Deus,
1189 496 1312 539 cum
1339 482 1412 539 sit
1435 496 1629 538 monas
1650 496 1713 538 ac
1750 497 1877 540 vere
1906 479 2045 535 idem

2171 482 2239 535 ια).
2275 482 2422 536 ἐστιν
2466 486 2495 538 ό
2538 484 2702 550 αὐτὸς
2736 485 2823 540 ἀεὶ
2870 481 3035 551 Θεδς,
3077 485 3154 549 ὡς
3203 484 3368 556 μονὰς
3397 481 3498 549 ὢν,
3535 484 3630 538 καὶ
3655 485 3716 539 τδ

490 584 682 655 suique
725 580 896 651 ipsius
919 578 1202 641 terminus,
1224 582 1385 647 atque
1410 576 1653 631 omnium
1674 576 1941 641 terminus
1977 574 2048 630 ab

2171 573 2361 645 ιληθῶς
2389 576 2604 642 ταύτὸν,
2650 579 2742 637 καί
2780 580 2906 650 δρος
2934 575 3128 631 ἐαυτοῦ
3145 616 3160 642 ,
3189 577 3284 632 καὶ
3316 577 3426 632 τῶν
3459 577 3715 633 ἀπάντων

490 676 742 732 omnibus
763 673 1053 732 discretus,
1075 679 1128 725 et
1149 684 1259 725 uno
1272 669 1572 739 eodemque
1590 669 1752 724 modo
1769 675 2050 725 transcenn

490 769 659 834 dens;
685 765 742 821 id
781 771 868 821 est
906 770 1177 834 quatenus
1218 768 1306 818 est
1343 775 1537 818 monas
1558 761 1694 817 nulli
1722 761 1884 818 mista
1917 760 2050 815 sim-

489 860 610 933 plex
638 865 800 928 atque
822 854 967 910 κατὰ
1002 855 1065 913 τὸ
1093 854 1292 909 ταύτόν
1315 870 1411 911 seu
1439 855 1694 910 similiter
1716 868 1775 910 se
1802 854 2007 909 habens
2031 871 2045 909 :

2146 667 2272 739 ὅρος
2313 669 2377 723 ἐκ
2407 669 2622 726 πάντων
2652 670 3047 742 ἀφωρισμένος,
3088 669 3179 724 καὶ
3216 669 3720 743 ύπεραναϐεόηκὼς

2153 760 2440 835 μονοειδῶς
2469 762 2563 816 καὶ
2594 762 2949 826 ταύτοειδῶς,
2986 762 3234 822 τουτέστι
3283 763 3426 825 κατὰ
3457 763 3521 816 τὸ
3554 761 3721 833 μονὰς

2150 849 2288 909 εἶναι
2318 856 2351 925 ἡ
2381 854 2596 916 πάντων
2615 856 2821 928 ἀμιγὴς
2839 856 2932 909 καὶ
2948 856 3090 929 ἁπλῆ
3120 856 3215 910 καὶ
3238 856 3378 910 κατά
3401 856 3464 910 τὸ
3499 855 3717 919 ταύτὸν,

489 950 626 1008 nihil
651 949 798 1004 enim
835 945 1017 1005 diﬂ‘ert
1044 946 1229 1002 dicere
1256 945 1490 1002 monada
1526 954 1621 1000 aut
1640 945 1971 1007 uniusmodi,
1996 951 2051 1004 et

2171 947 2271 999 ιντί
2308 945 2402 999 τοῦ
2449 946 2589 1006 κατά
2618 947 2679 1001 τὸ
2709 947 2969 1011 ὡσαύτως
3000 947 3169 1018 ἔχειν·
3201 948 3351 1002 οὐδὲν
3378 946 3489 1020 γὰρ
3533 947 3720 1017 διαφέ-

489 1038 628 1099 idem
653 1044 747 1094 aut
764 1037 1035 1109 ejusmodi
1060 1053 1075 1090 :
1100 1036 1244 1093 idem
1264 1038 1409 1093 enim
1428 1036 1716 1108 signiﬁcat.
1738 1035 1883 1092 Deus
1902 1051 2051 1092 com-

489 1130 733 1187 municat
763 1113 928 1187 etiam
956 1130 1073 1186 suis
1095 1129 1363 1195 creaturis
1391 1129 1750 1195 identitatem,
1770 1130 1915 1187 unde
1934 1144 2053 1185 om.

490 1226 579 1280 uia
597 1224 786 1295 eadem
807 1229 863 1280 et
881 1223 1153 1288 similiter,
1170 1220 1625 1293 quemadmodum
1641 1227 1816 1288 erant,
1842 1220 1897 1276 in
1919 1235 2055 1277 con-

491 1317 791 1388 spiratione
813 1323 870 1372 et
911 1316 1323 1374 conservatione
1346 1353 1362 1379 ,
1401 1329 1468 1369 ac
1499 1313 1689 1369 eodem
1716 1311 1910 1368 affectu
1939 1329 2055 1368 ma-

492 1417 658 1478 nent,
717 1410 862 1466 sicut
911 1416 1145 1481 possunt
1217 1424 1339 1479 quae
1394 1409 1499 1462 hoc
1565 1408 1912 1477 participant.
1976 1407 2054 1468 Ita

490 1503 654 1563 etiam
692 1503 1057 1567 diversitates,
1116 1503 1175 1559 id
1227 1511 1330 1567 est,
1383 1500 1628 1557 diversas
1679 1516 1747 1555 ex
1790 1516 1856 1556 eo
1901 1515 2056 1556 crea-

492 1601 742 1651 turarum
790 1595 1200 1666 progressiones
1228 1594 1283 1649 in
1321 1594 1502 1664 seipso
1533 1600 1820 1650 conservat
1844 1600 1898 1647 et
1926 1607 2057 1649 con-

492 1688 673 1761 iungit
724 1707 738 1744 :
793 1688 957 1745 simul
1001 1687 1337 1744 identitatem
1368 1702 1521 1742 suam
1552 1686 1814 1751 retinens,
1859 1694 1915 1742 et
1960 1701 2058 1742 ne-

492 1797 602 1853 que
628 1782 686 1837 in
716 1779 1089 1839 diversitatem
1130 1785 1372 1835 mutatus
1392 1818 1407 1844 ,
1459 1792 1637 1849 neque
1667 1780 1724 1833 in
1751 1778 2055 1833 contrarie-

494 1878 659 1933 tatem
684 1909 700 1936 ,
735 1870 983 1941 quamvis
1009 1869 1176 1930 etiam
1206 1869 1482 1928 contraria
1514 1868 1570 1924 in
1610 1869 1901 1926 sensilibus
1927 1884 2059 1925 con-

493 1963 746 2034 stringat.

575 2147 605 2217 ς
631 2145 700 2201 γ.
722 2147 864 2214 Quia
892 2148 1094 2202 cunctis
1116 2145 1723 2217 provide.'Constructio
1746 2147 1909 2218 hujus
1933 2164 2059 2203 ora-

494 2239 663 2301 tionis
692 2247 776 2295 est
798 2255 897 2310 per
918 2239 1294 2309 traiectionem
1325 2240 1488 2311 206
1539 2239 1822 2295 referenda
1847 2239 1914 2294 ad
1948 2242 2063 2312 οἰη-

492 2330 634 2394 τέον,
657 2338 718 2385 ut
741 2330 814 2386 sit
846 2330 971 2386 ﬁnis
1012 2330 1441 2399 existimandus,
1475 2331 1730 2402 quoniam
1759 2330 1901 2388 Deus
1931 2347 2060 2403 pro-.-

492 2422 730 2479 videntia
765 2421 919 2477 adest
948 2422 1224 2489 omnibus,
1256 2430 1313 2477 et
1344 2437 1468 2494 qua:
1495 2422 1771 2493 deinceps.

562 2512 714 2571 Sicut
733 2516 871 2568 enim
901 2515 949 2575 si
990 2515 1242 2571 animam.
1274 2513 1410 2572 Vide
1448 2514 1721 2586 quomodo
1750 2515 1910 2573 liceat
1942 2517 2063 2571 ani-

492 2621 638 2663 mam
666 2606 831 2665 modo
856 2621 1122 2678 corporeo
1152 2607 1473 2678 intelligere,
1505 2617 1558 2664 et
1588 2608 1858 2678 quomodo
1898 2608 2064 2669 intel-

492 2696 628 2771 ligat
654 2698 819 2756 modo
846 2711 1111 2771 corporeo
1149 2715 1272 2757 esse
1300 2712 1482 2769 partes
1524 2700 1789 2771 quasdam
1822 2702 2017 2761 animae
2043 2719 2059 2757 :

492 2788 722 2866 pulchre
750 2790 893 2848 enim
917 2790 1092 2862 ipsam
1122 2807 1376 2849 sermone
1394 2792 1616 2864 eliingit.

565 2881 812 2937 Portium
839 2885 1059 2953 experti.
1095 2884 1293 2939 Anima
1317 2899 1427 2940 non
1447 2894 1532 2941 est
1561 2884 1884 2956 simpliciter
1919 2884 2063 2941 indi-

490 2973 658 3030 vidua
689 2991 703 3026 :
733 2975 829 3032 sed
866 2974 1120 3046 respectu
1140 2977 1390 3048 corporis
1418 2976 1738 3032 individua:
1778 2992 1904 3032 nam
1941 2976 2063 3047 ejus

491 3075 676 3138 partes
711 3067 998 3127 facultates
1024 3070 1180 3136 dicit,
1213 3069 1282 3125 ad
1310 3085 1542 3140 quarum
1570 3070 1860 3144 imaginem
1886 3085 2064 3142 quan-

492 3157 674 3229 doque
702 3168 889 3230 partes
920 3160 1169 3232 corporis
1189 3168 1502 3218 sumuntur.

563 3238 1067 3321 Explanationibus,
1088 3253 1468 3320 ἀναπτύξεσιν.
1498 3253 1815 3319 Ἀνάπτυξιν
1832 3268 1960 3312 vero
1980 3252 2066 3308 di-

490 3343 569 3399 cit
597 3344 1016 3425 explicationem
1055 3359 1153 3400 seu
1203 3344 1701 3403 manifestationem
1732 3347 2067 3404 abscondita:

492 3436 551 3498 in
578 3437 820 3493 dictione
848 3437 1262 3510 signiﬁcationis
1295 3455 1311 3505 ;
1339 3438 1793 3510 ἀνακαθαίρεσθαι
1832 3453 1960 3495 vero
1980 3446 2067 3497 est

493 3528 807 3587 omnimode
827 3526 1148 3603 afcorporeis
1164 3532 1402 3589 liberare
1424 3532 1478 3589 id
1502 3532 1647 3603 quod
1663 3533 2060 3596 consideratur,

567 3622 890 3693 Tripartitas
933 3619 1213 3696 corporum
1250 3628 1474 3699 ﬁguras.
1524 3624 1732 3683 Ternas
1771 3642 2067 3701 cprporum

492 3715 697 3788 ﬁguras
719 3717 873 3783 dicit,
888 3719 1161 3789 triplicem
1181 3719 1519 3785 distantiam,
1541 3726 1605 3774 ut
1627 3720 1773 3775 clare
1798 3721 2061 3790 explicat:

491 3814 549 3865 et
572 3815 721 3865 recte
758 3824 825 3865 ex
854 3810 958 3866 hoc
982 3811 1103 3866 loco
1144 3810 1415 3882 intelliges
1448 3811 1771 3867 sententiam
1795 3812 2062 3883 Apostoli,

402 3926 403 3929 η
500 3897 570 3956 Ut
594 3902 926 3973 cognoscatis
961 3919 1078 3974 qua:
1115 3902 1477 3973 profunditas,
1514 3914 1563 3959 et
1591 3920 1707 3985 qua:
1734 3904 1959 3965 altitudo
1989 3913 2062 3971 ’³,

489 4000 546 4051 et
572 4001 788 4060 caetera,
813 3994 958 4065 quod
975 3994 1143 4065 aliqui
1171 3995 1239 4050 de
1269 3996 1495 4051 salutari
1524 4012 1687 4052 cruce
1714 4003 2059 4068 acceperunt.

490 4082 628 4139 Nota
655 4101 785 4141 vero
812 4085 946 4156 quid
971 4086 1275 4157 longitudo,
1289 4095 1345 4142 et
1373 4086 1722 4159 profunditas
1748 4095 1802 4144 et
1833 4087 2065 4147 latitudo

491 4173 550 4236 in
573 4172 705 4231 Deo.

564 4267 727 4341 Nunc,
769 4278 944 4347 autem
992 4271 1163 4340 ipsam
1212 4270 1467 4329 divinam.
1521 4268 1659 4325 Illud
1712 4274 1971 4337 unitatem
2012 4282 2067 4339 et

491 4352 870 4426 identitatem,
905 4369 959 4417 et
1004 4357 1371 4433 aequalitatem
1392 4403 1407 4427 ,
1442 4371 1607 4433 atque
1655 4364 2065 4423 similitudinem

492 4448 703 4525 antiqui
735 4450 957 4510 causam
993 4453 1303 4510 concordia:
1350 4462 1588 4521 totorum
1621 4464 1675 4511 et
1718 4458 2067 4527 providentia:

492 4548 659 4612 atque
680 4529 875 4601 salutis
891 4555 1180 4610 vocarunt,
1207 4545 1353 4615 quod
1374 4547 1537 4601 etiam
1564 4563 1725 4602 unum
1768 4547 2058 4616 dicebant;

493 4631 865 4689 diversitatem
901 4651 1053 4699 vero,
1088 4644 1143 4690 et
1171 4637 1672 4693 dissimilitudinem
1698 4649 1752 4693 et
1780 4639 2061 4710 inaequali-

496 4730 664 4782 tatem
690 4714 960 4783 vocabant
989 4728 1386 4797 providentiam
1422 4729 1697 4786 Creatoris
1719 4748 1845 4804 erga
1875 4735 2065 4792 divisi-

497 4812 630 4889 bilia
657 4822 712 4870 et
741 4803 1047 4881 mutabilia,
1094 4828 1147 4873 et
1196 4804 1445 4887 sensilia,
1474 4806 1643 4894 atque
1676 4812 1802 4894 erga
1842 4840 1905 4879 ea
1946 4842 2067 4896 quae

499 4902 630 4961 sunt
663 4907 778 4962 sive
812 4909 1172 4980 intelligibilia
1217 4931 1230 4967 :
1261 4912 1623 4984 intelligentes
1655 4918 1875 4973 nomina
1904 4927 2065 4988 prout

498 4993 588 5054 res
608 5016 730 5069 quae
751 4992 1127 5083 signiﬁcantur
1147 5008 1391 5077 exigunt,
1421 5008 1563 5062 sicut
1590 5011 1750 5064 etiam
1784 5027 1948 5084 supra
1972 5030 2067 5069 va-

498 5084 1003 5160 rie'diximu‘stalii
1038 5088 1179 5163 vero
1212 5097 1551 5155 identitatem
1589 5108 1647 5156 et
1692 5094 2066 5162 diversitatem

499 5180 614 5254 sive
658 5174 906 5269 eamdem
941 5175 997 5245 et
1023 5185 1295 5269 diversam
1341 5189 1571 5246 formam
1605 5180 1671 5249 ac
1708 5198 2067 5269 privationem

499 5268 785 5363 dixerunt;
817 5279 911 5334 alii
947 5264 1251 5338 veroﬁnem
1282 5290 1336 5339 et
1368 5264 1892 5362 inﬁnitatem-[Nota
1919 5294 2066 5363 quod

499 5365 589 5430 hi‘c
601 5362 842 5426 declarat
856 5388 917 5429 se
939 5362 1237 5459 tractatum:
1249 5374 1323 5436 De
1335 5377 1631 5459 ιςιιηιίιοιὶοιι⁸
1647 5381 1907 5457 theologia
1923 5401 2069 5457 C0")?

604 5535 643 5563 ιιι
683 5520 886 5597 Ephes.
922 5541 1007 5593 ιιι,
1034 5524 1120 5580 18.

2156 1056 2236 1111 ρει
2285 1039 2485 1112 μονάδα
2529 1042 2702 1095 εἰπεῖν
2744 1039 2778 1110 ἢ
2831 1039 3130 1112 μονοειδὲς,
3163 1041 3256 1094 καὶ
3298 1039 3493 1093 ταύτὸν
3525 1040 3560 1111 ἢ
3589 1041 3719 1093 ταύ-

2149 1132 2382 1197 τοειδές⁶
2415 1131 2476 1186 τὸ
2502 1131 2611 1205 γὰρ
2641 1131 2771 1186 αὐτὸ
2800 1132 3071 1204 σημαίνει.
3104 1132 3441 1189 Μεταδίδωσι
3477 1133 3577 1186 καὶ
3611 1135 3724 1197 τοῖς

2153 1225 2212 1293 ἐξ
2234 1226 2399 1286 αὑτοῦ
2428 1225 2687 1296 κτίσμασι
2709 1224 2804 1279 τοῦ
2833 1225 3029 1279 ταὺτοῦ
3049 1226 3078 1278 ό
3105 1226 3237 1290 Θεὸς
3254 1266 3269 1291 ,
3294 1226 3417 1280 ὅθεν
3444 1225 3517 1280 τὰ
3548 1225 3725 1279 πάντα

2154 1318 2296 1373 κατά
2343 1318 2412 1373 τὰ
2452 1317 2592 1372 αὐτὰ
2629 1318 2724 1375 καὶ
2769 1317 3054 1383 ὡσαύτως,
3090 1317 3271 1382 καθὼς
3307 1319 3399 1371 καὶ
3439 1317 3725 1386 ἐγένοντο,

2154 1411 2210 1465 ὲν
2242 1414 2309 1482 τῇ
2348 1410 2616 1493 συμπνοίᾳ
2639 1410 2733 1465 καὶ
2764 1411 3004 1483 σωτηρίᾳ
3052 1411 3144 1463 καί¹
3188 1410 3503 1482 συμπαθείᾳ
3537 1409 3728 1482 μένου-

2158 1520 2271 1566 σιν,
2306 1496 2384 1568 di;
2421 1504 2675 1558 δύνανται
2711 1502 2900 1556 τούτου
2951 1503 3262 1573 μετέχοντα.
3297 1502 3455 1558 Οὕτω
3488 1502 3585 1556 καὶ
3627 1501 3727 1566 τὰς

2158 1595 2497 1666 ἑτερότητας,
2513 1594 2756 1648 τουτέστι
2776 1592 2876 1656 τὰς
2903 1592 2963 1661 ἐξ
2990 1594 3154 1647 αὐτοῦ
3182 1594 3289 1647 τῶν
3309 1593 3729 1666 δημιουργημάρ-

2154 1703 2264 1742 των
2292 1678 2585 1759 διαφόρους
2632 1676 2943 1758 προόδους,
2972 1690 3029 1740 ἐν
3062 1687 3238 1758 ἐαυτῷ
3271 1686 3591 1758 σωζομένας
3618 1686 3730 1757 ἔχει

2158 1782 2250 1835 καὶ
2278 1779 2731 1850 συντεταγμένας,
2753 1780 2903 1850 ὅμως
2920 1781 3017 1851 τῆς
3035 1780 3356 1851 ταυτότητος
3383 1778 3582 1839 ἑαυτοῦ
3614 1778 3732 1849 ἐχό-

2164 1889 2357 1944 μενος,
2389 1871 2483 1925 καὶ
2513 1873 2594 1934 εἰς
2622 1858 2915 1942 ἑτερότητα
2946 1869 3019 1941 μὴ
3046 1870 3420 1942 ἀλλοιούμενος
3438 1909 3454 1935 ,
3488 1871 3628 1941 μήτε
3653 1869 3731 1932 εἰς

2159 1966 2511 2034 ἐναντιότητα
2529 2006 2544 2025 ,
2581 1964 2757 2025 καίτοι
2795 1962 2890 2021 καὶ
2936 1963 3153 2017 ἐναντία
3198 1964 3254 2016 ἐν
3295 1965 3410 2027 τοῖς
3452 1961 3733 2033 αἰσθητοῖς

2160 2058 2419 2130 συνέχων.

2232 2148 2350 2223 μ’.
2381 2147 2618 2215 Ἐπειδὴ
2639 2146 2789 2203 πᾶσι
2810 2146 3228 2216 προνοητικῶς.
3252 2145 3391 2209 Καθ’
3421 2144 3731 2217 ὑπερϐατόν

2160 2245 2312 2297 ἐστιν
2340 2244 2374 2314 ἡ
2410 2241 2663 2308 σύνταξις
2696 2241 2833 2314 πρὸς
2874 2241 2937 2294 τὸ
2970 2240 3178 2319 οἰητέον
3221 2239 3419 2319 ἔχουσα
3456 2239 3561 2309 τὴν
3603 2238 3735 2291 ἀπό.

2157 2338 2322 2404 δοσιν,
2352 2337 2440 2391 Eva
2479 2332 2513 2409 ᾗ
2550 2336 2612 2390 τὸ
2648 2336 2799 2401 τέλος
2829 2334 3056 2407 οἰητέον,
3093 2332 3280 2405 ἐπειδὴ
3328 2334 3467 2411 πᾶσι
3499 2348 3733 2404 προνοη-

2158 2430 2325 2494 τικῶς
2353 2431 2616 2503 πάρεστιν
2639 2433 2668 2484 ό
2699 2430 2859 2493 Θεὸς,
2895 2428 2987 2482 καὶ
3016 2425 3085 2480 τὰ
3116 2424 3256 2497 ἑξῆς.

2240 2524 2338 2589 Ὧς
2384 2522 2496 2592 γὰρ
2540 2524 2593 2577 εἰ
2635 2521 2751 2590 τὴν
2792 2518 3022 2590 ψυχήν.
3061 2520 3201 2589 Ὅρα
3248 2517 3367 2582 πῶς
3412 2517 3595 2571 ἔνεστι
3638 2515 3736 2588 τὴν

2158 2614 2338 2687 ψυχὴν
2368 2614 2693 2686 σωματικῶς
2720 2614 2910 2684 νοῆσαι
2928 2653 2944 2677 ,
2972 2611 3066 2665 καὶ
3094 2611 3210 2674 πῶς
3230 2612 3343 2665 νοεῖ
3371 2610 3519 2681 μέρη
3559 2606 3736 2680 ψυχῆς

2161 2704 2299 2763 εἶναι
2347 2705 2671 2780 σωματικῶς
2690 2723 2706 2737 ο
2739 2705 2917 2769 καλῶς
2946 2704 3055 2783 γὰρ
3101 2702 3267 2756 αὐτὴν
3297 2701 3616 2756 διαπλάττει
3659 2696 3737 2771 τῷ

2162 2802 2326 2873 λόγῳ.

2235 2892 2318 2961 Τῇ
2349 2890 2570 2963 ἁμερεῒ.
2616 2888 2853 2961 Ἀμερὴς
2877 2889 2912 2961 ἠ
2944 2886 3091 2959 ψυχὴ
3116 2887 3216 2957 οὐχ
3248 2883 3438 2949 ἅπλῶς
3458 2922 3476 2948 ,
3516 2881 3635 2939 ἀλλ’
3661 2881 3736 2944 ὡς

2162 2985 2301 3057 πρὸς
2335 2985 2495 3057 σῶμα
2514 2984 2759 3055 ἀμερής·
2795 2982 2934 3054 μέρη
2963 2982 3073 3062 γὰρ
3098 2980 3268 3050 αὐτῆς
3306 2977 3403 3035 καὶ
3434 2974 3539 3040 τὰς
3577 2971 3733 3062 διινὰ-

2167 3094 2288 3149 μεις
2319 3076 2503 3148 φησὶν,
2537 3069 2613 3131 ὧν
2640 3076 2720 3140 εἰς
2738 3075 2921 3129 εἰκόνα
2948 3058 3194 3145 τὰμέρη
3218 3069 3312 3155 τοῦ
3341 3068 3597 3151 σώματος
3625 3058 3733 3118 ἐσθ’

2088 3173 2133 3235 C
2164 3171 2253 3224 ὅτε
2285 3167 2788 3244 παραλαμϐάνεται.

2245 3257 2690 3325 Ἁναπτὺξεσιν.
2752 3252 3071 3319 Ἀνάπτυξιν
3117 3250 3177 3306 δέ
3231 3249 3379 3319 λέγει
3432 3248 3736 3314 ἐξάπλωσιν

2164 3354 2283 3426 ἦτοι
2332 3352 2626 3423 σαφήνειαν
2652 3349 2752 3419 τῆς
2787 3344 3242 3419 ἐγκεκρυμμένης
3278 3344 3337 3397 ἐν
3367 3344 3436 3413 τῇ
3469 3340 3613 3405 λέξει
3648 3340 3733 3392 ἐν-

2163 3445 2313 3509 νοίας
2330 3461 2344 3476 °
2370 3445 2431 3498 τὸ
2451 3444 2507 3498 δὲ
2526 3439 3008 3513 ἀνακαθαίρεσθαι,
3032 3437 3093 3491 τὸ
3113 3435 3384 3498 παντοίως
3409 3434 3522 3487 τῶν
3555 3449 3734 3503 σωμα-

2162 3539 2328 3595 τικῶν
2361 3536 2662 3600 ἀπαλλάξαι
2692 3534 2753 3588 τὸ
2784 3532 3173 3605 θεωρούμενον.

2240 3631 2318 3687 Τὰ
2345 3627 2542 3700 τριττὰ
2572 3626 2691 3681 τῶν
2721 3623 3009 3697 σωμάτων
3039 3621 3339 3691 σχήματα.
3369 3616 3579 3691 Τριττά
3609 3615 3733 3686 σχή-

2168 3738 2311 3793 ματα
2363 3718 2473 3773 τῶν
2520 3717 2788 3788 σωμάτων
2827 3714 2959 3785 φησὶ
2989 3713 3051 3766 τὸ
3092 3711 3251 3782 τριχῆ
3290 3707 3608 3773 διαστατδν,
3662 3704 3733 3766 ὡς

2166 3796 2327 3876 εύθὺς
2378 3810 2702 3882 σαφηνίζει·
2752 3807 2847 3863 καὶ
2886 3804 3066 3868 καλῶς
3121 3801 3370 3857 ἐντεῦθεν
3415 3800 3633 3868 νοήσεις
3674 3793 3731 3846 τὺ

2165 3903 2451 3978 εἰρημένον
2481 3900 2562 3972 τῷ
2608 3897 2933 3968 Ἀποστόλῳ,
2970 3895 3102 3949 Ἵνα
3128 3891 3317 3963 γνῶτε
3344 3892 3401 3944 τί
3437 3888 3506 3946 τὸ
3524 3889 3729 3953 βάθος,

2164 3984 2262 4053 καὶ
2292 3996 2349 4048 τί
2370 3993 2433 4047 τὸ
2460 3993 2636 4061 ὕψος,
2671 3990 2764 4044 καὶ
2794 3988 2862 4042 τὰ
2890 3987 3034 4058 ἐξῆς,
3062 3986 3199 4055 ὅπερ
3228 3981 3372 4044 τινὲς
3404 3983 3486 4043 εἰς
3508 3979 3601 4047 τὸν
3629 3993 3730 4028 σω-

2164 4090 2352 4160 τήριον
2385 4085 2615 4157 σταυρὸν
2643 4082 2905 4148 ἐδέξαντο.
2931 4078 3241 4150 Σημείωσαι
3267 4075 3325 4129 δὲ
3348 4074 3402 4127 τί
3427 4073 3622 4144 μῆκος,
3643 4069 3731 4123 καὶ

2168 4180 2330 4252 βάθος
2352 4218 2368 4244 ,
2400 4177 2493 4231 καὶ
2527 4175 2727 4238 πλάτος
2762 4173 2853 4227 ἐπὶ
2884 4170 3041 4226 Θεοῦ.

2233 4273 2363 4328 Νῦν
2392 4270 2460 4324 δὲ
2490 4268 2684 4336 αὐτὴν
2702 4267 2817 4336 τὴν
2838 4265 3020 4320 θείαν.
3049 4263 3122 4316 Τὸ
3149 4262 3392 4331 ἑνότητα,
3425 4259 3520 4314 καὶ
3545 4255 3702 4311 ταυτό

2165 4380 2336 4443 τητα,
2371 4362 2465 4416 καὶ
2513 4359 2766 4431 ἰσότητα,
2812 4357 2906 4410 καὶ
2952 4355 3275 4427 ὁμοιότητα,
3310 4352 3372 4405 τὸ
3419 4350 3590 4403 αἴτιον
3636 4347 3732 4417 τῆς

2165 4439 2274 4510 τῶν
2301 4453 2437 4509 ὅλων
2483 4449 2821 4522 συμπαθείας
2845 4489 2859 4512 ,
2890 4447 2984 4501 καὶ
3017 4446 3271 4519 προνοίας
3289 4485 3304 4509 ,
3340 4443 3437 4507 καὶ
3467 4439 3733 4511 σωτηρίας

2170 4528 2381 4627 [αἰτιον]
2424 4544 2686 4599 ἐκάλεσαν
2734 4544 2781 4595 οἰ
2834 4538 3082 4603 παλαιοί,
3115 4538 3250 4607 ὅπερ
3280 4533 3374 4588 καὶ
3402 4532 3491 4627 Aﬁr
3518 4531 3732 4627 ἔλεγονο

2169 4618 2461 4713 ἑτερότητα
2493 4636 2549 4690 δὲ
2591 4634 2686 4689 καὶ
2733 4630 3087 4704 ἀνομοιότητα
3112 4627 3209 4699 τὴν
3240 4629 3322 4690 εἰς
3357 4625 3427 4679 τὰ
3470 4618 3693 4713 μεριστὰ
3715 4656 3732 4681 ,

2169 4712 2271 4789 καὶ.
2298 4729 2639 4804 μεταϐλητὰ,
2687 4725 2781 4782 καὶ
2826 4722 3084 4795 αἰσθητὰ,
3115 4720 3208 4774 καὶ
3251 4719 3351 4789 τὴν
3396 4719 3478 4779 εἰς
3516 4713 3583 4767 τὰ
3609 4712 3737 4764 ὄντα

2169 4830 2258 4891 δὲ,
2311 4826 2428 4897 ἤτοι
2475 4820 2640 4893 νοητά
2683 4814 3073 4890 δημιουργικὴν
3110 4812 3367 4886 πρόνοιαν
3388 4809 3435 4840 ⁷⁸
3479 4806 3732 4897 ἐκάλουν,

2170 4893 2448 4989 ἀναλόγως
2487 4918 2601 4978 τοῖς
2639 4910 2984 4983 δηλουμένοις
3033 4905 3278 4968 νοοῦντες
3329 4902 3455 4975 [καὶ
3505 4897 3571 4957 τὰ
3615 4893 3735 4989 ὀνόο

2175 4987 2377 5086 para],
2417 5011 2493 5073 ὡς
2538 5007 2631 5061 καὶ
2664 5006 2775 5087 ἀνω
2813 5000 3081 5072 διαφόρως
3122 4996 3423 5088 εἰρήκαμεν
3452 4993 3518 5088 τι,
3541 4987 3734 5088 -υΔλλσι

2166 5078 2224 5162 δὲ
2267 5078 2365 5177 την
2396 5102 2699 5171 ταυτότητα
2744 5084 2836 5152 καὶ
2874 5094 3165 5166 ἑτερότητα
3184 5078 3215 5156 ,’
3244 5090 3365 5160 ἦτοι
3407 5078 3735 5177 ταύτὸνᾳκαὶ

2168 5172 2352 5272 ἕτερον
2380 5194 2519 5261 εἶδος
2556 5195 2649 5249 καὶ
2694 5192 2947 5264 στέρησιν
2978 5182 3151 5241 εἶπον.
3196 5183 3413 5263 ’Έτεροι
3435 5179 3522 5239 δὲ,
3562 5172 3733 5272 πέρας

2166 5268 2277 5347 καὶ⁷
2292 5293 2513 5369 ἄπειρον
2534 5288 2600 5341 ⁷⁸.
2627 5286 2773 5359 [Ὅτι
2807 5281 3115 5345 συντάττειν
3150 5271 3539 5369 ἐπαγγέλλεται
3576 5268 3725 5369 2v};-

2166 5362 2817 5467 ϐολικὴκθεολογίαῃ]
2859 5374 3087 5457 Ἐνιαῖον
3115 5368 3174 5426 δὲ
3226 5362 3730 5451 πολλαπλασιασμόν

1412 5688 1649 5757 VARUE
1684 5689 2070 5760 LECTIONES
2106 5692 2193 5757 ΕΤ
2229 5689 2773 5757 CORliECTIONES.

583 5816 631 5858 "
676 5823 915 5899 πρόοδον.
1026 5828 1071 5862 ’⁷
1108 5830 1599 5907 παρατεθεῶιαμεν.
1698 5832 1741 5861 ’⁷⁸
1762 5831 2037 5899 ἀπειρίαν.
