3882 6532
130 405 210 460 577
841 411 897 467 S.
932 411 1180 474 MAXIMI
1214 411 1507 482 SCHOLIA
1542 410 1610 467 IN
1642 411 1667 466 ἰ

1803 408 1895 465 ms
1927 407 2180 466 mvtNts
2210 407 2604 480 NOMINIBUS.

3232 403 3337 470 378

129 543 238 595 φησι
257 525 316 578 τὸ
344 525 403 580 ὲν
427 525 605 598 οἰκείᾳ
626 525 882 600 ἁπλότητι
909 529 1136 600 μένοντα
1162 530 1253 594 τὸν
1274 530 1426 596 Θεὸν,
1449 531 1518 586 τὰ
1546 549 1667 586 ποι-

1773 527 2127 600 ροείιιιτιιω.]
2167 528 2236 584 At
2258 526 2377 598 ejus
2400 541 2467 583 ex
2499 541 2612 596 uno
2649 525 3152 597 multiplicationem
3206 527 3342 589 dicit

127 618 233 674 κίλα
259 617 348 676 καὶ
382 619 698 691 παντοδαπῆ
728 618 843 691 είδη
873 621 977 691 τῆς
1016 621 1244 692 κτίσεως
1285 626 1628 694 παραγαγεῖν
1647 641 1662 657 ·

129 709 320 782 πρόοδον
349 711 463 783 γὰρ
492 711 638 781 λέγει
670 710 768 784 τὴν
797 710 933 786 πρὸς
961 711 1022 767 τὸ
1062 714 1241 771 κτίσαι
1267 715 1337 770 τὰ
1367 715 1495 776 ὄντα
1511 755 1528 786 ,
1555 713 1667 778 οἷον

129 802 310 874 κίνησιν
339 804 436 856 καὶ
463 805 662 875 ὁρμήν.

185 977 300 1052 5V].
319 980 572 1052 Ὅμοιον
595 981 663 1035 δὲ
681 980 787 1037 τὸν
803 983 968 1038 Θεόν.
996 985 1110 1056 Ἐφ’
1125 986 1282 1058 ἡμῶν
1303 985 1404 1041 οὐκ
1420 985 1565 1042 ἔστιν
1586 987 1666 1042 εί-

128 1073 227 1124 πεῑν
242 1071 438 1143 ὅμοιον⁹
466 1071 530 1126 τὸ
543 1071 651 1146 γὰρ
668 1073 988 1147 σῶμαήμῶν
1002 1076 1412 1151 ὲξὸμοιομερῶν
1432 1078 1525 1133 καὶ
1545 1079 1668 1151 ἀνω

128 1163 406 1236 μοιομερῶν
431 1165 981 1240 συνέστηκεν,ὡςζκαὶ
1008 1169 1380 1244 Ἀριστοτέλης
1399 1171 1668 1229 δείκνυσιν

125 1256 171 1308 ἐν
187 1259 246 1327 τῇ
265 1257 403 1329 ἀρχῇ
433 1257 540 1326 τῆς
563 1258 702 1327 Περὶ
716 1257 870 1320 ζώων
889 1262 1182 1332 γενέσεως
1197 1264 1577 1336 πραγματείας
1598 1264 1662 1296 ⁷⁵·

123 1347 214 1400 ὁδὲ
237 1345 381 1412 Θεὸς,
417 1349 446 1424 ὅ
474 1351 646 1415 ἐστιν,
690 1351 827 1416 ὅλως
863 1353 1064 1424 ὁμοίως
1107 1355 1274 1422 ἐστὶν,
1307 1355 1509 1410 ὲπείτοι
1538 1373 1601 1425 γε
1631 1356 1666 1428 ἡ

125 1437 222 1490 Θεία
250 1438 285 1490 Γ
288 1438 436 1512 ραφὴ
461 1481 477 1516 ,
506 1440 584 1516 ὡς
609 1441 656 1472 ⁸ο
687 1442 772 1516 ἀεὶ
797 1444 889 1517 τὸν
936 1445 1098 1505 αὐτὸν
1137 1447 1508 1510 ἀναλλοιώτως
1537 1447 1666 1516 ὅντα

124 1528 340 1599 ἀνόμοιον
374 1531 514 1584 πᾶσί
554 1549 747 1603 φησιν,
790 1535 866 1599 ὡς
907 1537 968 1589 τό
995 1554 1009 1567 ·
1050 1538 1146 1604 Τίς
1175 1537 1245 1591 ἐν
1276 1537 1430 1606 θεοῖς
1470 1537 1668 1611 ὅμοιός

121 1637 220 1688 σοι,
253 1624 463 1691 Κύριε;
499 1624 593 1678 καὶ
631 1625 811 1680 πάλινη
849 1629 969 1682 Τίνι
997 1646 1075 1700 με
1105 1628 1474 1703 ὼμοιώσατε,
1508 1628 1670 1702 λέγει

121 1717 331 1784 Κύριοςο
364 1716 463 1770 καὶ
517 1715 691 1782 αὖθις·
741 1719 887 1790 Ἐγὼ
933 1720 1175 1792 ὁράσεις
1205 1721 1537 1790 ἐπλήθυνα,
1570 1720 1667 1794 καί

119 1807 266 1880 χερσί
301 1807 423 1862 τών
453 1809 777 1883 προφητῶν
827 1812 1150 1882 ὡμοιώθην,
1181 1813 1451 1867 τουτέστιν
1507 1814 1667 1878 αὐτὸς

1766 618 1938 697 Deum
1967 621 2024 676 in
2051 621 2273 694 propria
2293 619 2639 704 simplicitate
2667 605 2995 680 manentem.
3019 618 3199 682 varias
3219 633 3339 674 om-

1765 712 1961 782 nisque
1999 711 2218 782 generis
2245 711 2454 784 species
2487 717 2754 775 creatura:
2794 709 3154 790 produxisse:
3179 718 3338 766 vocat

1762 803 1909 861 enim
1943 803 2166 876 πρόοδον
2197 803 2374 876 ipsam
2404 802 2573 858 veluti
2607 802 2902 870 motionem
2935 809 2988 868 et
3018 803 3311 873 propensio

1765 910 1887 962 nem
1912 896 1978 951 ad
2010 910 2194 952 rerum
2221 895 2572 962 creationem.

1839 986 1868 1059 ᾗ
1894 985 1987 1042 Vl.
2013 986 2249 1050 Similem
2270 1002 2388 1044 vero
2413 984 2596 1041 Deum.
2617 985 2736 1042 Non
2754 992 2932 1054 potest
2951 985 3016 1041 de
3039 986 3195 1049 nobis
3226 986 3336 1056 dici
3415 1007 3418 1012 ·

1765 1077 1982 1154 δμοιον;
2013 1093 2138 1133 nam
2165 1093 2368 1148 corpus
2399 1084 2649 1138 nostrum
2676 1093 2742 1132 ex
2773 1076 3106 1134 similaribns
3137 1085 3191 1132 et
3218 1077 3336 1134 dis-

1765 1169 2099 1227 similaribus
2127 1176 2364 1235 constat.
2394 1169 2536 1228 sicut
2565 1169 2729 1228 etiam
2749 1169 3070 1227 Aristoteles
3097 1171 3337 1234 ostendit

1767 1261 1822 1334 in
1850 1261 2118 1342 principio
2146 1262 2266 1318 libri
2313 1262 2388 1316 De
2421 1263 2751 1332 generatione
2787 1261 3098 1316 animalium
3133 1277 3151 1314 :
3194 1261 3336 1326 Deus

1765 1353 2074 1424 vero,quod
2086 1365 2189 1419 est,
2219 1370 2444 1423 prorsus
2467 1354 2720 1409 similiter
2745 1361 2850 1416 est,
2870 1354 3128 1424 quoniam
3152 1354 3336 1409 divina

1768 1446 2071 1517 Scriptura,
2094 1454 2353 1516 tanquam
2380 1461 2596 1516 semper
2617 1445 2864 1500 eumdem
2905 1445 3022 1500 sine
3038 1447 3338 1508 mutatione

1765 1540 2018 1610 omnibus
2056 1539 2379 1594 dissimilem
2408 1538 2560 1602 dicit,
2602 1545 2662 1592 ut
2701 1537 2831 1592 illud
2871 1538 3029 1608 207
3066 1557 3079 1591 :
3115 1537 3246 1603 Quis
3281 1539 3338 1592 in

1765 1629 1868 1685 diis
1898 1630 1993 1684 tibi
2017 1631 2231 1696 similis,
2266 1630 2484 1684 Domine
2504 1641 2554 1698 ης
2595 1646 2658 1685 ac
2690 1630 2928 1686 iterum:
2963 1629 3062 1684 Cui
3101 1647 3178 1684 me
3208 1631 3339 1687 assi-

1767 1723 2023 1788 milastis,
2057 1723 2224 1793 inquit
2255 1723 2576 1792 Dominus°;
2612 1729 2666 1778 et
2694 1739 2707 1774 :
2755 1721 2868 1794 Ego
2901 1723 3119 1776 visiones
3157 1723 3338 1776 multi-

1766 1815 1992 1884 plicavi,
2049 1824 2098 1870 et
2141 1815 2196 1868 in
2256 1815 2498 1870 manibus
2566 1815 2936 1889 prophetarum
3009 1815 3338 1874 assimilatas

119 1898 210 1966 ἐγὼ
234 1898 451 1970 ἐμαυτῷ
469 1940 485 1966 ,
516 1899 592 1965 ὡς
638 1902 925 1974 Εἰρηναῖος
955 1904 1100 1975 λέγει
1147 1907 1207 1960 ὲν
1248 1909 1360 1970 τοῖς
1407 1898 1547 1975 Κᾳθ’
1574 1901 1667 1955 ai-

1773 1904 1912 1973 fuiP,
1936 1904 1992 1960 id
2021 1912 2126 1973 est,
2156 1905 2300 1960 idem
2329 1922 2428 1976 ego
2453 1905 2587 1976 mihi
2618 1907 2743 1978 ipsi,
2773 1916 2832 1961 ut
2858 1905 3092 1960 lrenaeus
3120 1905 3254 1960 dicit
3282 1905 3340 1961 in

115 1991 335 2058 ρέσεων.

176 2081 247 2152 Τῇ
275 2085 424 2140 κατὰ
455 2085 714 2158 δύναμιν
735 2087 1002 2157 μιμήσει.
1043 2090 1199 2144 Ἔστι
1235 2091 1332 2162 μὲν
1364 2091 1462 2166 τὴν
1498 2090 1668 2162 μίμη-

119 2190 186 2228 σιν
211 2174 388 2231 λαϐεῖν
431 2179 498 2230 ἐν
542 2177 754 2246 τούτοις
801 2179 892 2233 ἐπὶ
923 2179 1022 2251 τῆς
1070 2184 1261 2254 νοερᾶς
1304 2183 1397 2240 καὶ
1443 2182 1670 2252 λογικῆς

117 2265 299 2338 φύσεως
345 2269 489 2345 πρὸς
535 2269 628 2340 τὸν
668 2259 800 2326 Θεὸν
842 2274 1338 2346 ἐπιστρεφομένης,
1386 2275 1525 2330 κατὰ
1573 2260 1668 2340 rei"

118 2353 330 2415 Γίνεσθε
355 2351 602 2433 τέλειοι,
620 2363 718 2428 καί
737 2363 980 2433 γίνεσθε
1005 2367 1390 2435 οἰκτίρμονες,
1407 2368 1532 2436 ὡςό
1552 2372 1670 2422 Πα-

117 2448 209 2520 τὴρ
238 2450 403 2520 ὑμῶν
444 2456 481 2508 ό
511 2454 824 2524 οὐράνιος’
861 2442 1006 2528 ἅπερ
1039 2458 1131 2512 ἐπὶ
1163 2458 1296 2512 Θεοῦ
1334 2461 1430 2531 μὲν
1465 2462 1667 2532 κυρίως

115 2541 191 2592 διαὶ
219 2542 350 2614 ὑπὲρ
383 2544 568 2602 πάντα
587 2533 722 2617 ’ὅρον
755 2547 846 2600 καὶ⁴
878 2547 1051 2618 λόγον·
1087 2549 1178 2604 ἐπὶ
1209 2550 1265 2602 δὲ
1299 2550 1406 2608 τῶν
1439 2552 1668 2622 κτισμά-

115 2648 202 2686 των
232 2634 366 2691 κατὰ
397 2635 503 2708 τὴν
534 2637 764 2692 ἑκάστου
821 2639 1048 2714 δύναμιν
1080 2642 1354 2713 ἀναλόγως
1383 2647 1450 2718 τῇ
1487 2643 1664 2714 φύσει.

117 2724 249 2779 Ἔστι
271 2728 325 2786 δὲ
357 2729 593 2801 μίμησιν
619 2732 679 2785 ὲν
708 2732 918 2799 τούτοις
949 2735 1136 2807 νοῆσαι
1183 2734 1274 2789 καὶ
1303 2735 1401 2808 τὴν
1437 2736 1667 2810 μετοχὴν

113 2815 202 2887 τῶν
238 2820 293 2874 ὲν
334 2819 458 2893 Θεῷ
491 2810 878 2896 θεωρουμένων
927 2826 1291 2898 ύπερουσίως,
1325 2827 1391 2900 ἢν
1421 2826 1491 2882 τὰ
1523 2845 1666 2898 πρα-

113 2907 284 2979 χθέντα
313 2913 460 2985 πρὸς
492 2913 706 2983 γένεσιν
729 2916 917 2990 εἴληφε
936 2958 952 2982 ,
983 2917 1080 2973 τοῦ
1113 2916 1250 2992 εἶναι
1291 2920 1386 2978 καὶ
1415 2920 1523 2974 τῶν
1553 2919 1664 2988 λοι-

111 3002 210 3054 πῶν
239 3005 571 3077 μετέχοντα,
607 3000 682 3062 ὧν
730 3008 1005 3081 διεξῆλθον
1048 3013 1107 3068 ὲν
1151 3015 1266 3078 τοῖς
1299 3013 1404 3085 πρὸ
1435 3011 1661 3080 τούτων.

1768 1997 1924 2053 libris
1951 2002 2134 2050 contra
2156 1995 2397 2060 hareses.

1839 2086 2144 2142 Imitatiane
2166 2104 2322 2158 quam
2345 2087 2590 2144 adhibere
2626 2098 2862 2158 possunt.
2894 2089 3045 2144 Licet
3075 2104 3206 2145 sane
3235 2088 3341 2144 hoc

1766 2181 1888 2236 loco
1911 2181 2158 2251 accipere
2187 2180 2544 2236 imitationem
2570 2181 2624 2236 in
2657 2190 2853 2236 natura
2876 2189 3055 2237 mente
3076 2197 3140 2236 ac
3170 2181 3342 2236 ratio-

1766 2292 1836 2350 ne
1862 2274 2088 2346 prtedita
2121 2273 2190 2328 ad
2233 2273 2398 2330 Deum
2429 2287 2713 2342 conversa,
2739 2272 2898 2342 juxta
2930 2271 3060 2327 illud
3106 2287 3121 2324 :
3157 2271 3341 2326 Estote

1765 2366 2000 2435 perfecti,
2031 2376 2079 2422 et
2109 2374 2272 2422 estote
2303 2363 2665 2420 misericordes
2695 2364 2831 2425 sicut
2856 2363 3018 2419 Pater
3048 2373 3212 2424 vester
3235 2379 3338 2423 coe-

1768 2457 1910 2524 lestia
1926 2468 1954 2508 q
1981 2474 1994 2510 :
2019 2474 2139 2530 qum
2156 2457 2212 2512 in
2235 2456 2346 2513 Deo
2368 2457 2586 2529 quidem
2609 2455 2830 2526 proprie
2849 2462 2904 2510 et
2934 2469 3100 2526 supra
3121 2470 3340 2524 omnem

1764 2549 2058 2604 terminum
2088 2564 2153 2624 ac
2180 2549 2484 2618 rationem;
2517 2548 2576 2616 in
2598 2547 2869 2616 creaturis
2886 2563 3015 2602 vero
3031 2562 3132 2620 pro
3157 2547 3342 2624 cujus-~

1764 2656 1870 2711 que
1917 2639 2174 2700 facultate
2225 2640 2620 2713 convenienter
2661 2648 2872 2695 naturte
2916 2659 2929 2698 :
2980 2639 3108 2706 licet
3155 2647 3338 2709 autem

1764 2734 1928 2791 etiam
1957 2733 2062 2788 hoc
2087 2733 2211 2788 loco
2245 2732 2604 2798 imitationem
2632 2732 2934 2803 intelligere
2964 2732 3342 2806 participatio-

1763 2838 1889 2882 nem
1918 2838 2106 2880 eorum
2125 2839 2249 2894 qua:
2271 2825 2326 2878 in
2344 2823 2456 2880 Deo
2487 2838 2654 2900 supra
2684 2824 2981 2880 essentiam
3011 2831 3338 2896 cernuntur,

1763 2929 1929 2988 quam
1965 2929 2056 2971 res
2091 2915 2368 2988 producta
2401 2915 2458 2970 in
2489 2916 2839 2986 generatione
2866 2921 3192 2988 acceperunt
3207 2918 3350 2972 exsi-

1765 2989 1998 3080 sentiam
2027 3013 2081 3062 et
2099 2991 2216 3060 alia
2236 3007 2654 3082 participantes,
2683 3022 2803 3078 quae
2827 3006 2884 3064 in
2907 3005 3341 3076 prmeedentibus

112 3092 170 3144 Τὸ
195 3094 246 3148 δὲ
274 3097 452 3166 είπεῖν
484 3097 649 3168 ὅμοια
679 3099 799 3173 Θεῷ
830 3102 970 3156 κατὰ
1001 3103 1100 3175 τὴν
1132 3103 1283 3159 Θείαν
1314 3106 1525 3176 εἰκόνα,
1566 3107 1666 3161 οὐκ

1773 3096 2047 3168 explicavi.
2081 3096 2239 3164 Quod
2266 3103 2449 3154 autem
2473 3098 2676 3170 dixerit
2702 3099 2905 3154 similia
2931 3097 3234 3168 secundum
3254 3097 3342 3152 di-

111 3186 436 3258 ἀναιροῦντος
469 3192 590 3244 ἐστι
619 3191 680 3246 τὸ
713 3193 805 3248 ἐπὶ
835 3195 930 3249 τοῦ
978 3195 1263 3267 ἀνθρώπου
1307 3197 1469 3252 τοῦτο
1512 3201 1664 3272 είρῆ-

1773 3187 1944 3244 rinam
1971 3188 2284 3268 imaginem,
2314 3203 2427 3245 non
2451 3189 2702 3268 estquod
2732 3198 2890 3267 neget
2917 3189 3022 3254 hoc
3049 3189 3252 3258 dictum
3273 3188 3350 3246 de

111 3278 232 3344 σθαι,
263 3281 402 3334 ἀλλὰ
437 3281 586 3336 κατὰ
616 3283 708 3338 τὸν
739 3286 839 3357 τῆς
875 3287 1111 3360 μετοχῆς
1141 3287 1298 3360 λόγον
1326 3289 1420 3358 καὶ
1442 3289 1664 3346 ἐπὶτῶν

1773 3280 2164 3354 ίιοιηὶιιθῖεεᾶ
2202 3297 2302 3356 pro
2331 3281 2780 3353 {participationis
2824 3280 3041 3350 ratione
3071 3281 3234 3340 etiam
3273 3279 3348 3340 de

110 3371 282 3426 tanaim
300 3372 402 3444 τὴν
435 3373 586 3440 λέξιν
619 3376 910 3449 παρῴδησε
931 3379 997 3432 θί.

162 3466 261 3518 Καὶ
293 3466 449 3521 κατὰ
483 3468 652 3522 θείαν
681 3470 902 3527 εἰκόνα.
937 3470 1063 3536 Πῶς
1092 3472 1154 3526 τὸ
1185 3471 1308 3527 κατ’
1335 3475 1540 3530 and“:
1569 3476 1667 3532 καὶ

108 3557 368 3622 ὁμοίωσιν
387 3559 635 3630 νοητέον,
665 3560 896 3618 ἐνταῦθά
927 3579 1113 3634 φησιν’
1146 3564 1230 3617 ὅτι
1260 3565 1320 3618 ού
1355 3567 1473 3620 κατ’
1507 3563 1665 3635 εἶδος,

107 3640 220 3696 ἀλλὰ
250 3644 392 3700 κατὰ
423 3645 490 3698 τὸ
522 3648 974 3720 ἐπεστράφθαι⁸¹,
1008 3652 1103 3706 καὶ
1126 3652 1222 3708 τὸν
1249 3653 1373 3709 νοῦν
1404 3645 1668 3710 ἀνατεταὲ

108 3733 247 3800 μένον
276 3736 424 3807 ἔχειν
460 3739 600 3809 πρὸς
629 3737 724 3792 τὸν
755 3739 887 3794 Θεὸν
919 3741 1010 3796 τὸν
1047 3741 1220 3798 αἴτιον
1259 3744 1353 3799 τοῦ
1390 3742 1530 3800 εἶναι
1575 3747 1668 3802 καὶ

105 3819 156 3875 εὖ
184 3821 334 3880 εἶναι’
362 3830 508 3900 ὅπερ
539 3828 718 3901 ἕτεροι
741 3830 800 3884 τὸ
823 3831 1163 3896 αὐτεξούσιον
1190 3836 1438 3906 ἐνόησαν,
1466 3836 1587 3890 ἐπεὶ
1606 3837 1676 3893 οὐ.

106 3917 227 3970 κατὰ
255 3919 357 3992 τὴν
390 3920 583 3973 οὐσίαν
624 3922 653 3972 ὁ
686 3922 817 3986 Θεὸς
848 3924 1032 3994 ὅμοιος
1069 3926 1182 3988 τοῖς
1225 3924 1495 3996 λογικοῖς·
1544 3925 1668 3994 οὒτε

103 4004 197 4075 γὰρ
225 4009 387 4080 ἡμεῖς
419 4009 596 4080 ὅμοιοι
627 4008 842 4083 [ἐσμὲν]
874 4015 996 4076 ταῖς
1025 3997 1229 4068 εἰκόσιν
1261 4015 1416 4088 ἡμῶν
1444 4019 1573 4080 ταῖς
1604 4020 1670 4072 ὲκ

105 4097 256 4167 κηροῦ
288 4099 458 4170 τυχὸν
492 4100 526 4172 ἢ
573 4101 810 4170 χαλκοῦ,
849 4103 1007 4158 ἅτινα
1058 4106 1342 4177 ὲτερούσια
1381 4109 1513 4178 ἡμῖν
1551 4109 1668 4160 ἐστι

103 4187 184 4239 καὶ
214 4190 396 4254 ποσῶς
433 4192 619 4262 ὃμοιω
655 4192 724 4258 τὰ
759 4195 857 4264 μὲν
889 4194 998 4266 γὰρ
1030 4198 1295 4269 ὁμοταγῆ,
1327 4198 1578 4260 τουτέστι
1599 4197 1669 4253 τὰ

102 4277 190 4347 τῆς
227 4281 398 4353 αὐτῆς
425 4282 638 4350 τάξεως
682 4285 776 4338 καὶ
821 4287 1039 4353 οὐσίας,
1073 4288 1148 4352 ὡς
1179 4289 1248 4342 τὰ
1281 4290 1544 4362 χερουϐὶμ
1575 4291 1670 4345 καὶ

102 4375 330 4447 σεραφὶμ
361 4377 460 4431 καὶ
494 4377 676 4432 λοιπαὶ
707 4379 910 4447 τάξεις,
949 4383 1256 4453 ὁμοιοῦνται
1287 4384 1534 4458 ἀλλήλοις
1567 4404 1669 4440 κα-

101 4463 162 4517 τὰ
188 4465 246 4519 τὸ
278 4459 696 4542 προηγούμενον
729 4468 890 4536 ε’ίδος⁸
927 4474 1068 4547 ὅπερ
1107 4471 1244 4540 εἶδος
1280 4478 1371 4530 ἐπὶ
1401 4476 1512 4530 τῶν
1543 4495 1669 4550 νοη-

1767 3374 1997 3445 reliquis
2032 3373 2328 3430 dictionem
2355 3376 2663 3445 usurpavit.

1839 3463 1910 3519 Et
1931 3464 2000 3519 ad
2025 3464 2255 3525 divinam
2279 3466 2584 3537 imaginem.
2618 3463 2763 3536 Dicit
2790 3463 2898 3534 hoc
2918 3465 3040 3520 loco
3067 3464 3344 3535 quomodo

1768 3555 2178 3628 intelligendum
2210 3556 2283 3612 sit
2313 3557 2598 3626 secundum
2654 3558 2936 3629 imaginem
2985 3564 3036 3622 et
3094 3556 3345 3620 similitu-

1767 3647 1942 3722 dinem
1971 3662 1990 3701 :
2022 3630 2216 3718 nempe
2256 3663 2368 3703 non
2416 3647 2718 3707 secundum
2747 3647 3002 3719 formam,
3035 3647 3130 3714 sed
3160 3653 3348 3718 quate-

1766 3753 1873 3793 nus
1894 3753 2172 3794 conversae
2195 3746 2346 3805 sunt,
2377 3747 2432 3794 et
2459 3745 2696 3794 mentem
2725 3737 2793 3794 ad
2821 3737 3012 3806 Deum,
3041 3736 3345 3792 exsistendi

1768 3842 1833 3893 ae
1855 3829 1996 3885 bene
2008 3829 2308 3902 exsistendi
2329 3836 2632 3897 auctorem,
2655 3829 2918 3884 elevatam
2939 3827 3144 3895 habent
3161 3845 3178 3896 ;
3195 3827 3345 3898 quod

1769 3920 1861 3990 alii
1892 3920 2124 3980 liberum
2154 3920 2440 3976 arbitrium
2475 3920 2877 3983 intellexerunt,
2911 3919 3172 3988 quoniam
3201 3918 3352 3987 Deus.

1767 4026 1877 4080 non
1907 4018 1990 4066 est
2019 4011 2216 4066 similis
2271 4010 2574 4067 secundum
2616 4010 2910 4066 essentiam
2939 4009 3300 4076 rationalibus
3324 4027 3340 4064 :

1767 4117 1945 4171 neque
1973 4101 2122 4156 enim
2163 4109 2266 4157 n‘os
2303 4101 2513 4159 similes
2541 4117 2734 4158 sumus
2766 4101 3096 4172 imaginibus
3137 4103 3358 4172 nostris,

1768 4193 1943 4248 cereis
1967 4191 2129 4257 forte,
2167 4203 2260 4248 aut
2287 4193 2466 4260 aereis,
2501 4209 2623 4262 quae
2651 4192 2875 4248 alterius
2897 4192 3152 4248 assentire
3180 4206 3344 4261 quam

1767 4300 1871 4341 nos
1901 4292 1955 4341 et
1983 4301 2176 4356 parum
2208 4285 2414 4342 similes
2448 4300 2461 4337 :
2488 4301 2610 4356 qua:
2630 4284 2774 4339 enim
2799 4284 3045 4356 ejusdem
3074 4285 3257 4350 seriei,
3289 4283 3347 4338 id

1768 4385 1852 4434 est
1899 4378 2145 4448 ejusdem
2191 4376 2405 4434 ordinis
2447 4391 2513 4432 ac
2558 4376 2829 4440 essentiae,
2873 4385 2934 4430 ut
2977 4376 3258 4448 cherubim
3290 4382 3346 4444 et

1769 4470 2041 4542 serapbim
2072 4483 2135 4525 ac
2158 4469 2354 4540 reliqui
2381 4469 2622 4535 ordines,
2659 4468 3035 4558 assimilantur
3058 4468 3161 4534 sibi
3203 4467 3346 4522 invi—

100 4555 196 4610 τῶν
225 4560 395 4626 ἐστιν,
431 4561 521 4614 οἵα
551 4580 635 4626 τις
668 4564 999 4636 ὑποκειμένη
1033 4565 1133 4638 ὕλη
1166 4567 1328 4631 ἅῦλος
1369 4569 1482 4641 ζωὴ
1512 4563 1665 4635 οὖσα,

1773 4577 1889 4618 cem
1917 4561 1973 4616 in
2007 4562 2298 4634 principali
2329 4561 2540 4631 forma;
2581 4575 2704 4633 quae
2744 4555 2945 4627 forma,
2986 4560 3045 4632 in
3087 4559 3349 4644 intelligi-

100 4648 183 4700 καὶ
212 4652 341 4729 αὐτὸ
370 4653 434 4707 τὸ
468 4648 610 4720 εἶδος
636 4656 665 4707 ὅ
696 4657 842 4709 ἐστιν
873 4655 1105 4711 ἕκαστον
1135 4657 1244 4710 τῶν
1276 4659 1502 4730 νοητῶν.
1534 4659 1590 4714 '0
1612 4661 1670 4716 δὲ

97 4735 220 4803 Θεὸς
249 4742 350 4815 οὐχ
377 4744 526 4798 οὕτω
559 4746 696 4816 πρὸς
726 4745 796 4799 τὰ
828 4747 887 4811 ἐξ
918 4748 1085 4812 αὐτοῦ
1107 4766 1120 4780 ’
1162 4751 1222 4802 ού
1251 4750 1361 4822 γὰρ
1391 4753 1576 4824 ὅμοιον
1608 4754 1676 4812 τὸ,

97 4828 259 4884 αἴτιον
290 4838 403 4899 τοῖς
436 4837 722 4900 αἰτιατοῖς.
765 4839 829 4891 Ὃ
869 4839 925 4892 δὲ
956 4836 1108 4894 εἷπον
1155 4841 1246 4894 ἐπὶ
1278 4841 1389 4907 τῶν
1419 4844 1626 4916 νοητῶν
1651 4886 1668 4914 ,

95 4918 279 5003 venam
312 4927 404 4981 καὶ
436 4927 533 4980 ἐπὶ
563 4927 673 4984 τῶν
703 4929 904 5018 νοερῶν
925 4932 1080 5003 ἡμῶν
1112 4932 1318 5004 ψυχῶν.

178 5186 306 5263 Ἐπί
331 5193 452 5262 μὲν
482 5192 596 5279 γὰρ
641 5194 760 5284 τίὲν
801 5195 1125 5284 rigor-47x37.
1171 5198 1495 5273 Ὀμοταγῶν
1540 5219 1672 5274 φησι

1770 4653 1974 4710 bilibus
2001 4662 2087 4709 est
2112 4653 2280 4710 veluti
2325 4653 2573 4723 subjecta
2603 4652 2854 4726 quaedam
2896 4652 3125 4719 materia
3155 4652 3349 4720 imma-

1770 4745 1982 4806 terialis
2005 4746 2198 4802 vivens
2219 4787 2232 4812 ,
2277 4759 2342 4800 ac
2382 4745 2501 4816 ipsa
2532 4745 2708 4815 forma
2740 4760 2860 4818 quae
2888 4752 2975 4799 est
3001 4743 3348 4812 unumquod~

1769 4852 1878 4907 que
1903 4838 2356 4910 intelligibilium.
2393 4837 2538 4898 Deus
2572 4852 2703 4892 vero
2732 4853 2844 4892 non
2880 4837 2955 4904 ita
2983 4851 3116 4891 cum.
3136 4843 3348 4902 creatu-

1766 4927 1846 5000 ris
1876 4939 2256 5000 comparatur;
2277 4945 2444 5004 causa
2463 4929 2606 5001 enim
2633 4944 2743 4984 non
2766 4935 2850 4984 est
2872 4927 3070 4982 similis
3095 4923 3340 4993 effectui:

1775 5023 1920 5093 quod
1949 5030 2131 5078 autem
2165 5023 2278 5078 dixi
2305 5023 2375 5078 de
2403 5021 2840 5092 intelligibilibus
2862 5059 2886 5097 ,ἑ
2917 5017 3154 5089 intellng
3181 5014 3344 5082 etiam

1776 5115 1845 5172 de
1875 5114 2305 5186 intelligentibus
2331 5114 2632 5183 animabus.
2655 5111 2886 5184 nostris.

1849 5205 2112 5272 Quoniam
2144 5205 2202 5260 in
2247 5206 2353 5282 iis,
2397 5203 2777 5280 qnwwq'ualia
2822 5210 2971 5270 sunt,
3005 5199 3183 5260 Vocat,
3212 5195 3342 5264 ὁμο-

96 5277 203 5330 τῶν
248 5277 652 5363 ὀμοφυῶν,ὲξ
681 5281 756 5362 ὧν
801 5277 1131 5362 η’ὁμοιότης
1170 5290 1516 5362 ἀντιστρέφει
1559 5289 1667 5349 οἷον

1773 5297 1958 5366 ταγῶν
1988 5312 2112 5368 quas
2140 5277 2390 5368 ejusdem
2418 5277 2554 5368 sunt.
2579 5277 2810 5366 natura),
2841 5296 2899 5365 in
2924 5293 3123 5363 quibus
3148 5285 3343 5356 simili-

172 5489 199 5517 ιι
219 5479 372 5544 Psal.
402 5500 608 5553 unv,
637 5485 692 5554 8,
770 5497 796 5525 ο
831 5487 938 5544 Isa.
972 5502 1064 5549 ιι..
1087 5488 1181 5547 25.
1258 5502 1288 5543 Ρ
1317 5490 1456 5549 Osee
1485 5507 1586 5559 xu,
1618 5493 1667 5552 1(

1781 5503 1810 5544 ιι
1840 5491 1973 5550 Luc.
2009 5509 2088 5561 vr,
2120 5493 2214 5550 36.

1007 5666 1242 5751 vanae
1276 5670 1662 5750 necrtonss
1701 5672 1792 5747 nr
1825 5672 2376 5746 (nonnenonne.

210 5835 256 5868 "
280 5837 441 5906 εὐθὺς
473 5841 576 5914 τῆς
608 5844 738 5917 περὶ
769 5843 921 5927 ζώων
957 5845 1217 5920 ἰδιότητος
1245 5849 1645 5930 πραγματείας.
1787 5849 1862 5918 ὡς
1901 5849 2244 5923 δημιουργόν.
2309 5851 2353 5886 ⁸⁸
2385 5849 2636 5913 ἐπέθηκε.
2704 5842 3195 5915 διεπιστραφῆναι,
