3882 6530
534 413 640 503 δώ

1291 428 1627 487 APPENDIX
1658 427 1750 483 AD
1779 424 2006 484 OPERA
2039 423 2097 480 ε.
2133 419 2431 480 DIONYSII
2465 415 2948 475 AREOPAGITIE.
3659 407 3744 464 380

537 556 669 619 tudo
691 552 1055 618 convertitur;
1085 548 1232 604 velut
1255 545 1452 604 Petrus
1485 524 1685 602 similis
1713 543 1884 598 Paulo
1912 557 2091 598 secun-

2211 541 2419 610 Πέτρος
2467 536 2663 608 Παύλῳ
2703 538 2888 607 ὅμοιος
2941 533 3080 589 κατὰ
3124 531 3222 602 τὴν
3274 530 3461 601 φύσιν,
3498 528 3588 581 καὶ
3626 525 3741 580 ἀντιο

534 648 662 703 dum
689 654 968 708 naturam,
1007 647 1062 697 et
1091 639 1399 696 eonversim
1440 636 1647 693 Paulus
1677 635 1873 692 similis
1913 634 2095 690 Petro.

533 735 593 791 ln
618 736 834 792 homine
859 748 987 789 vero
1009 747 1074 787 ac
1107 731 1229 802 ejus
1257 729 1494 800 imagine
1528 742 1639 782 non
1673 734 1757 783 est
1788 726 1975 782 eadem
2007 740 2100 778 ra-

530 827 608 882 tio
633 843 646 877 :
681 841 790 879 non
815 832 901 880 est
929 824 1075 878 enim
1105 821 1296 877 eadem
1325 819 1580 875 essentia:
1599 819 1654 874 in
1671 819 1918 888 utrisque
1938 819 2096 882 ratio,

529 917 672 988 quod
692 916 904 970 vocavit
929 915 1096 985 208
1119 913 1474 984 principalem
1501 912 1698 968 similis
1721 911 1977 981 speciem.
1999 909 2102 964 Hoo

528 1025 620 1065 mo
642 1023 771 1062 vero
805 1007 969 1062 etiam
993 1007 1102 1060 alio
1131 1004 1293 1060 modo
1325 1004 1526 1059 dicitur
1551 1003 1833 1058 dissimilis
1868 1002 2100 1072 propriae

525 1101 772 1172 imagini,
805 1099 950 1170 quod
984 1099 1163 1170 imago
1180 1098 1399 1170 quidem
1426 1098 1571 1152 facta
1601 1098 1672 1152 sit
1692 1095 1758 1149 ad
1781 1095 2016 1150 hominis
2031 1093 2102 1150 si-

523 1193 917 1257 militudinem,
951 1209 1061 1247 non
1092 1202 1271 1248 autem
1304 1191 1464 1246 homo
1495 1190 1574 1244 ad“
1596 1189 1760 1259 hujus
1787 1187 2100 1244 similitudi-

523 1304 648 1344 nem
677 1304 689 1340 :
722 1288 797 1342 ita
823 1287 990 1356 igitur
1018 1301 1196 1356 neque
1217 1286 1271 1339 in
1300 1298 1488 1348 causa,
1523 1297 1699 1352 neque
1730 1283 1785 1336 in
1817 1281 2010 1336 ell‘ectu
2038 1281 2100 1335 τὸ

523 1378 936 1451 ἀντιστρέφειν,
973 1393 1066 1433 seu
1107 1375 1439 1446 reciprocari
1470 1373 1886 1428 admittendum.
1925 1370 2099 1426 Porro

523 1469 853 1539 reciprocari
882 1475 966 1524 est
997 1483 1121 1522 cum
1155 1468 1262 1522 illis
1292 1467 1456 1521 etiam
1489 1465 1583 1536 qui
1617 1464 1953 1518 contrarium
1982 1469 2098 1517 tra-

523 1571 677 1618 ctant
707 1577 1048 1624 sermonem,
1093 1559 1377 1629 aequaliter
1418 1555 1603 1610 dicere
1649 1556 1805 1618 licet,
1834 1554 2003 1608 veluti
2051 1553 2098 1609 si

523 1655 725 1711 animal
746 1655 891 1724 quod
921 1654 976 1707 in
1005 1662 1182 1716 utero,
1222 1659 1276 1706 et
1304 1649 1663 1712 contrarium,
1689 1649 1735 1703 si
1765 1663 1873 1702 non
1896 1646 2101 1700 animal

522 1747 670 1817 quod
696 1746 751 1800 in
775 1755 952 1800 utero.
985 1743 1066 1797 l‘ta
1112 1742 1354 1812 loquitur
1382 1740 1636 1797 Clemens
1663 1740 1717 1794 in
1741 1738 2012 1809 principio
2040 1737 2101 1791 li-

2207 633 2458 704 στρόφως
2491 631 2704 694 Παῦλος
2736 630 2928 701 Πέτρῳ
2959 629 3160 699 ὅμοιος.
3193 625 3313 679 Ἐπί
3345 624 3401 677 δὲ
3440 622 3536 676 τοῦ
3572 619 3744 691 ἀνθρὼ-

2203 741 2304 777 που
2341 723 2434 776 καὶ
2470 721 2570 793 τῆς
2601 722 2790 774 τούτου
2846 721 3054 783 εἰκόνος
3097 719 3195 788 οὑχ
3233 718 3261 770 6
3304 715 3463 779 αὐτὸς
3505 713 3664 781 λόγος’
3692 713 3742 764 οὐ

2199 816 2310 886 γάρ
2355 817 2383 868 6
2430 815 2530 883 τῆς
2573 813 2760 876 οὐσίας
2804 811 2958 878 λόγος
2989 813 3018 864 6
3043 808 3204 872 αὑτὸς
3237 809 3323 861 ἐπ’
3355 806 3590 876 ἀμφοῖν,
3631 803 3746 872 ὅπερ

2201 908 2422 962 ἐκάλεσε
2458 905 2866 981 προηγούμενον
2897 903 3082 978 ὁμοίου
3113 897 3268 965 εἶδος.
3307 900 3363 954 Ὀ
3403 899 3460 953 δὲ
3491 896 3747 968 ἄνθρωπος

2200 1000 2293 1054 καὶ
2329 998 2530 1071 ἑτέρως
2561 997 2782 1066 λέγεται
2815 996 2914 1066 οὐχ
2944 995 3124 1066 ὅμοιος
3141 996 3208 1064 τῇ
3245 992 3349 1064 ἰδία
3395 990 3581 1052 εἰκόνι,
3611 989 3683 1041 ὅτι
3716 988 3746 1058 ἡ

2199 1089 2364 1145 εἰκὼν
2400 1090 2496 1161 μὲν
2524 1087 2660 1160 πρὸς
2691 1088 2793 1160 τὴν
2823 1087 2918 1141 τοῦ
2951 1084 3235 1158 ἀνθρώπου
3266 1084 3490 1153 γέγονεν
3520 1080 3746 1152 ὁμοιότη-

2198 1201 2288 1246 τα,
2333 1182 2428 1237 καὶ
2470 1181 2590 1253 οὐχὶ
2624 1183 2652 1234 6
2684 1180 2969 1252 ἄνθρωπος
3012 1177 3148 1248 πρὸς
3191 1175 3291 1247 τὴν
3321 1174 3548 1244 ταύτης.
3583 1171 3746 1235 Οὕτως

2198 1270 2289 1328 οὑν
2322 1274 2415 1328 καὶ
2449 1275 2540 1326 ἐπὶ
2566 1271 2662 1326 τοῦ
2689 1273 2884 1334 αἰτίου,
2908 1269 3000 1325 καὶ
3037 1269 3144 1322 τῶν
3177 1268 3237 1333 ἐξ
3267 1265 3451 1330 αὑτοῦ,
3484 1265 3558 1336 μὴ
3584 1263 3748 1317 δεκτδν

2199 1363 2336 1420 εἰναι
2369 1366 2428 1418 τὸ
2459 1365 2856 1436 ἀντιστρέφειν·
2891 1361 3264 1432 ἁντιστρέφειν
3295 1359 3352 1412 δέ
3385 1362 3564 1421 ἐστιν,
3596 1356 3630 1411 ἃ
3668 1356 3749 1410 καὶ

2197 1460 2308 1521 τοῖς
2330 1457 2420 1510 τὸν
2443 1455 2681 1510 ἐναντίον
2709 1451 3002 1526 χειρίζουσι
3033 1453 3079 1484 ⁸³
3107 1452 3260 1521 λόγον
3286 1452 3489 1522 ἐπίσης
3516 1449 3655 1502 ἔστιν
3681 1450 3751 1502 εἰ-

2199 1552 2342 1614 πεῖν,
2366 1544 2476 1602 οἷον
2509 1551 2556 1602 εἰ
2587 1548 2723 1612 ζῶον
2743 1545 2804 1599 τὸ
2840 1544 2979 1599 κατὰ
3010 1543 3267 1616 γαστρὸς,
3302 1543 3397 1597 καὶ
3415 1542 3478 1596 τὸ
3511 1540 3749 1604 ἐναντίον,

2197 1643 2246 1695 εἰ
2279 1643 2338 1695 οὒ
2383 1642 2518 1708 ζῶον
2542 1641 2602 1694 τὸ
2636 1639 2772 1694 κατά
2805 1638 3057 1709 γαστρὸς.
3095 1638 3251 1692 Οὑτω
3285 1637 3447 1709 φησὶν
3479 1636 3509 1688 6
3543 1634 3752 1705 Κλήμης

2199 1733 2257 1786 έν
2291 1732 2430 1802 ἀρχῇ
2465 1729 2558 1783 τοῦ
2599 1730 2848 1800 πέμπτου
2882 1725 3292 1796 Στρωματέων,
3326 1726 3518 1797 ὥσπερ
3543 1720 3633 1778 οὖν
3669 1720 3754 1776 καὶ

521 1816 608 1894 bri
638 1837 816 1910 quinti
847 1835 1200 1898 Stromatum,
1229 1834 1310 1889 sic
1330 1833 1495 1903 igitur
1515 1832 1676 1887 etiam
1699 1831 1802 1885 hoc
1832 1830 1972 1884 loco.
1995 1827 2091 1883 ita-

2201 1823 2460 1877 ὲνταῦϐα.
2490 1824 2553 1876 Εἰ
2585 1818 2676 1875 οὖν
2701 1823 2860 1892 ὃμοια
2891 1819 2958 1872 τὰ
2991 1819 3256 1890 ὁμοταγῆ,
3283 1819 3382 1872 καὶ⁵
3407 1820 3474 1873 ἐκ
3503 1816 3595 1872 τοῦ
3618 1818 3752 1870 ἐναν-

524 1943 631 1997 que
655 1908 711 1984 isi
740 1928 936 1983 similia
964 1942 1087 1999 quae
1115 1926 1358 1996 ejusdem
1393 1924 1628 1989 ordinis,
1655 1931 1708 1979 et
1731 1938 1761 1978 e
1792 1922 2090 1989 contrario,

2195 1914 2330 1979 τίου,
2362 1915 2410 1967 εἰ
2447 1913 2545 1984 ούχ
2575 1914 2735 1984 ὅμοια
2771 1910 2839 1964 τὰ
2870 1910 3130 1982 ὁμοταγῆ.

523 2019 571 2075 si
602 2035 710 2074 non
741 2020 938 2075 similia
967 2034 1090 2088 quae
1113 2018 1354 2088 ejusdem
1388 2017 1619 2072 ordinis.

595 2111 770 2180 Ipsius
787 2110 1174 2165 similitudinis.
1200 2109 1348 2164 Solet
1365 2123 1594 2179 magnus
1609 2106 1903 2177 Dionysius
1915 2105 2097 2161 dicere

524 2202 692 2260 Deum
708 2205 762 2258 in
780 2203 985 2260 eﬂ‘eetis
1007 2219 1130 2258 esse
1153 2202 1414 2272 quodper
1431 2216 1489 2256 se
1505 2208 1588 2256 est
1605 2241 1619 2264 ,
1641 2211 1693 2254 et
1710 2201 1826 2269 ejus
1843 2200 1986 2270 quod
2000 2215 2096 2269 per

521 2311 582 2350 se
607 2304 691 2351 est
734 2296 1098 2361 conditorem,
1127 2302 1180 2350 et
1223 2295 1398 2363 ipsum
1435 2309 1557 2349 esse
1587 2293 1960 2347 exsistentiam
2001 2307 2096 2360 per

521 2399 610 2449 se,
637 2393 692 2441 et
737 2386 1073 2441 exsistentia:
1119 2401 1218 2454 per
1266 2400 1326 2440 se
1377 2384 1714 2438 conditorem
1751 2383 1896 2438 sicut
1931 2382 2094 2437 etiam

519 2492 666 2531 nunc
698 2477 876 2547 ipsum
905 2492 1025 2532 esse
1057 2477 1230 2546 ipsam
1267 2474 1703 2539 similitudinem,
1741 2481 1795 2528 et
1824 2474 1996 2544 ipsius
2029 2475 2099 2530 si-

518 2567 846 2622 militudinis
871 2567 1230 2622 conditorem.
1262 2565 1386 2620 Haec
1416 2574 1594 2621 autem
1621 2567 1774 2635 dicit,
1808 2583 1917 2622 non
1951 2567 2095 2637 quod

517 2658 667 2714 dicat
697 2657 866 2714 Deum
893 2658 1165 2715 diversam
1190 2657 1408 2730 quidem
1439 2675 1561 2715 esse
1590 2659 1782 2726 vitam,
1818 2676 1882 2715 ac
1915 2661 2094 2716 diver-

518 2767 637 2809 sam
667 2751 734 2806 ab
759 2767 825 2807 eo
855 2753 1022 2806 vitam
1051 2752 1399 2808 essentialem
1435 2754 1755 2823 productam
1797 2752 1995 2816 fuisse,
2029 2768 2094 2808 ac

515 2843 685 2899 veluti
731 2843 941 2899 diceret
973 2844 1213 2913 aliquam
1249 2853 1446 2915 praater
1493 2845 1664 2901 Deum
1704 2846 2092 2901 subsistentem

513 2949 678 3005 quam
719 2936 1047 3006 participant
1087 2951 1150 2991 ea
1192 2951 1314 3006 quae
1362 2937 1530 2991 vitam
1583 2937 1911 3007 participant
1945 2953 1957 2989 :
1997 2939 2091 2993 sed

513 3026 659 3080 sicut
702 3027 943 3096 seipsum
997 3028 1234 3097 explicat
1273 3028 1327 3080 in
1377 3028 1555 3097 capite
1597 3028 1915 3092 undecimo,
1949 3028 2092 3084 Deus

514 3116 719 3170 dicitur
747 3119 864 3188 ipsa
907 3119 1040 3182 vita,
1074 3133 1138 3172 ac
1171 3118 1290 3188 ipsa
1320 3121 1518 3184 virtus,
1561 3127 1726 3190 atque
1759 3121 1876 3189 ipsa
1906 3120 2093 3174 simili-

511 3209 676 3276 tudo,
729 3217 784 3263 et
831 3209 1134 3280 ejusmodi,
1165 3217 1224 3262 ut
1272 3211 1378 3264 hoc
1426 3211 1702 3266 exsistens
1733 3227 1828 3281 per
1860 3211 2081 3266 modum

513 3296 794 3368 principii,
829 3313 893 3353 ac
922 3308 982 3353 ut
1021 3298 1201 3364 Deus,
1234 3307 1399 3372 atque
1436 3302 1584 3355 velut
1627 3315 1794 3356 causa
1831 3320 1844 3355 :
1892 3301 2089 3356 horum

511 3389 660 3444 enim
681 3397 785 3454 est,
813 3405 1003 3444 revera
1037 3390 1157 3445 fons
1191 3407 1255 3446 ac
1287 3392 1474 3462 origo;
1513 3394 1686 3462 ipsius
1717 3403 1897 3447 autem
1940 3394 2085 3456 vitae,

512 3491 580 3533 ac
607 3479 780 3549 ipsius
806 3480 1184 3537 similitudinis
1205 3489 1259 3537 et
1291 3483 1482 3536 talium
1512 3492 1598 3539 est
1638 3484 1909 3548 conditor,
1946 3491 2004 3538 ut
2043 3485 2090 3540 is

510 3569 608 3640 qui
638 3570 1057 3641 participatione
1085 3573 1222 3643 ipsis
1240 3589 1360 3643 quae
1391 3574 1651 3644 primario
1685 3575 1824 3629 inter
1846 3590 1956 3638 res,
1987 3576 2089 3629 hoc

511 3659 717 3720 donum
754 3664 1088 3734 participant
1120 3665 1354 3736 largitur
1385 3685 1398 3720 :
1433 3681 1557 3719 nam
1590 3667 1773 3720 omnia
1805 3682 1902 3736 pro
1923 3675 2087 3736 captu

511 3768 615 3808 suo
647 3754 775 3808 talia
822 3756 1198 3826 participant:
1235 3759 1424 3828 prima:
1473 3757 1692 3828 quidem
1736 3765 1790 3814 et
1842 3773 2088 3827 superna:

512 3841 938 3915 intelligibilium
967 3855 1236 3903 creatura:
1266 3863 1364 3920 per
1386 3849 1609 3904 modum
1647 3850 1898 3920 principii
1925 3868 1936 3903 :
1967 3865 2088 3918 qua:

509 3947 640 3990 vero
671 3934 931 4008 deinceps
955 3978 970 4004 ,
1017 3940 1319 4014 secundum
1356 3939 1686 3996 descensum
1737 3956 1834 3995 seu
1868 3941 2088 3995 inferio-

509 4038 626 4080 rem
658 4027 909 4096 gradum.
942 4027 1114 4084 Porro
1145 4031 1308 4085 etiam
1343 4034 1596 4100 superius
1629 4031 1867 4086 diximus
1898 4033 2086 4087 simili-

508 4116 756 4174 tudinem
794 4135 916 4175 esse
953 4130 1191 4176 totorum
1224 4123 1511 4186 unitatem,
1547 4139 1653 4193 qua
1686 4132 1818 4187 tota,
1853 4123 1908 4177 id
1940 4125 2088 4194 quod

510 4222 572 4263 se
601 4208 788 4264 eodem
815 4211 978 4266 modo
1007 4214 1190 4280 habet,
1226 4221 1280 4269 et
1310 4216 1611 4270 secundum
1648 4217 1838 4270 eadem
1867 4216 1920 4269 in
1951 4233 2086 4271 eon-

511 4299 818 4369 spiratione
851 4305 1208 4374 participant,
1237 4306 1427 4375 primaa
1451 4322 1631 4361 causae
1659 4307 2042 4361 communione
2069 4322 2095 4364 :.

511 4389 648 4444 dixit
677 4401 881 4459 autem,
914 4412 1031 4461 qua:
1064 4412 1174 4450 esse
1194 4405 1382 4466 potest,
1413 4397 1539 4466 quia
1571 4412 1677 4451 non
1709 4396 1969 4466 perlecte,
1999 4413 2088 4453 ne-

510 4494 618 4551 que
649 4482 705 4536 in
725 4491 840 4540 toto
875 4486 1132 4553 imitatio.

580 4571 610 4641 ᾗ
641 4570 751 4627 Vll.
778 4573 1107 4643 Desciscens,
1139 4577 1234 4634 Gr.
1260 4579 1320 4632 τὸ
1339 4579 1584 4634 ἀποδέον.
1619 4580 1907 4636 Deﬁciens.

578 4654 758 4733 §VllL
787 4665 928 4730 Quid
952 4677 1125 4722 autem
1143 4669 1207 4722 de
1231 4669 1405 4724 divino
1417 4679 1581 4726 statu.
1605 4671 1813 4725 Statum
1831 4682 1883 4727 et
1902 4674 2084 4730 sedem

509 4767 611 4823 pro
636 4755 828 4812 eodem
861 4759 1060 4830 accipit
1093 4776 1106 4812 :
1143 4768 1345 4817 statum
1379 4764 1546 4828 enim,
1584 4780 1692 4818 non
1725 4766 1869 4839 quod
1903 4776 2084 4824 rectus

509 4843 623 4910 ﬁat,
658 4857 947 4920 postquam
977 4854 1033 4907 in
1067 4854 1193 4909 sede
1217 4854 1534 4912 incurvatus
1557 4857 1719 4912 fuerit
1748 4859 2081 4928 suspicatur;

508 4936 605 4991 sed
625 4939 742 4995 sine
764 4946 1146 5011 concussione,
1165 4962 1229 5001 ac
1252 4949 1551 5004 mutatione
1575 4949 1690 5012 Dei,
1723 4950 1939 5004 ﬁrmum
1971 4960 2084 5007 sta-

508 5032 624 5083 tum
673 5036 938 5091 vocavit:
992 5038 1136 5092 sicut
1178 5040 1342 5094 etiam
1397 5042 1588 5097 sedere
1639 5043 1913 5114 signiﬁcat
1959 5061 2084 5101 esse

507 5120 769 5179 continuo
801 5139 867 5180 ac
920 5127 1554 5198 incomprehensibiliter
1585 5134 1748 5205 209
1789 5136 1846 5189 in
1887 5151 2078 5206 regno,

507 5227 572 5267 ac
595 5216 778 5285 quiete
808 5219 1046 5274 nominis
1077 5231 1317 5289 experte.
1346 5222 1487 5278 Sane
1521 5226 1576 5278 in
1611 5226 1916 5298 Scriptura,
1951 5235 2077 5282 tan-

506 5318 669 5374 quam
702 5323 734 5362 a
773 5312 902 5366 sede
931 5327 1231 5384 exsurgens
1263 5315 1464 5369 dicitur
1497 5325 1555 5371 ut
1579 5318 1651 5372 ibi
1689 5338 1702 5375 :
1740 5319 1930 5391 Surge,
1967 5321 2076 5373 Do-

508 5403 666 5463 mine,
696 5403 923 5470 praeveni
947 5419 1033 5458 eos
1055 5413 1112 5455 τι
1147 5418 1212 5460 ac
1243 5406 1463 5474 iterum,
1490 5409 1632 5464 sicut
1655 5425 1685 5464 a
1717 5418 1864 5466 statu
1889 5411 1958 5466 ad
1990 5429 2079 5468 se-

582 5566 608 5598 ³
633 5557 777 5617 Psal.
810 5578 924 5629 XVI,
953 5563 1040 5621 15.

2273 2136 2391 2204 Τῆς
2419 2133 2925 2202 αὐτοομοιότητος.
2958 2130 3116 2195 Ἔθος
3132 2130 3254 2184 ἒστί
3287 2129 3366 2202 τῷ
3406 2130 3623 2202 μεγάλῳ
3651 2132 3756 2183 Διο-

2195 2227 2384 2298 νυσίῳ,
2417 2227 2507 2279 τὸν
2539 2225 2671 2278 Θεὸν
2704 2223 2881 2292 λέγειν
2903 2223 2995 2276 ἐπὶ
3025 2222 3134 2275 τῶν
3164 2221 3420 2276 αἰτιατῶν
3452 2221 3612 2275 αὐτὸν
3630 2216 3755 2275 εἶναι
3799 2233 3802 2236 ’

2194 2319 2256 2372 τὸ
2287 2319 2476 2372 αὑτοὸν
2505 2318 2597 2371 καὶ
2637 2316 2731 2370 τοῦ
2765 2317 3033 2371 αὑτοεῖναι
3082 2317 3424 2387 ὑποστάτην·
3469 2313 3564 2368 καὶ
3607 2313 3756 2367 αὑτὸν

2195 2404 2334 2462 εἶναι
2377 2409 2474 2479 τὴν
2507 2408 2784 2479 αὑτοζωὴν
2805 2448 2820 2472 ,
2855 2407 2946 2462 καὶ
2977 2406 3078 2478 τῆς
3109 2406 3385 2476 αὑτοζωῆς
3431 2405 3752 2476 ὑποστάτην·

2195 2499 2270 2563 ὼς
2303 2499 2394 2552 καὶ
2425 2499 2519 2551 νῦν
2552 2499 2712 2552 αὑτὸν
2742 2493 2991 2570 εἶναιτὴν
3011 2497 3461 2568 αὑτοομοιότητα,
3496 2497 3588 2551 καὶ
3623 2492 3757 2569 [τῆς]

2195 2590 2643 2661 αὑτοομοιότητος
2675 2590 3001 2660 ὑποστάτην.
3037 2589 3172 2660 Φησὶ
3212 2589 3268 2642 δὲ
3312 2588 3518 2652 ταῦτα,
3553 2590 3649 2659 οὑχ
3689 2587 3758 2652 ὡς

2195 2681 2386 2753 ἑτέραν
2423 2681 2521 2751 μὲν
2551 2681 2772 2750 φάσκων
2798 2681 2941 2754 ζωὴν
2972 2681 3135 2734 αὑτὸν
3167 2681 3256 2734 τὸν
3281 2679 3445 2746 Θεὸν,
3481 2681 3669 2752 ἑτέραν
3708 2679 3760 2732 δὲ

2193 2773 2470 2845 παρῆχθαι
2505 2773 2648 2845 ζωὴν
2681 2774 2932 2846 οὑσιώδη,
2964 2775 3055 2827 καὶ
3087 2769 3198 2827 οἷον
3237 2774 3293 2826 εί
3313 2791 3436 2828 τινα
3474 2774 3760 2827 ὲνυπόστα-

2191 2880 2284 2916 τον
2318 2864 2469 2936 παρὰ
2502 2863 2593 2917 τὸν
2620 2864 2785 2927 Θεὸν,
2827 2859 2894 2935 ἧς
2931 2862 3246 2936 μετέχειτά
3277 2863 3379 2934 τῆς
3411 2862 3560 2934 ζωῆς
3611 2861 3760 2934 μετέ-

2191 2972 2376 3026 χοντα,
2410 2954 2526 3012 ἀλλ’
2559 2955 2634 3019 ὡς
2672 2955 2834 3019 αὑτὸς
2874 2956 3064 3009 ἑαυτὸν
3096 2954 3385 3027 ἐρμηνεύει
3432 2957 3492 3008 ὲν
3523 2953 3603 3025 τῷ
3635 2953 3761 3006 ἑνδε-

2194 3047 2345 3116 κάτῳ
2374 3045 2649 3116 κεφαλαίῳ
2668 3086 2682 3108 ,
2731 3045 2978 3117 αὑτοζωὴ
3017 3046 3111 3099 καὶ
3148 3046 3530 3118 αὑτοδύναμις,
3558 3046 3651 3101 καὶ
3675 3047 3762 3101 αὑ-

2191 3139 2526 3208 τοομοιότης,
2563 3138 2654 3191 καὶ
2688 3139 2754 3192 τὰ
2782 3137 3007 3193 τοιαῦτα
3053 3139 3270 3208 λέγεται
3305 3142 3333 3193 ὁ
3366 3139 3521 3205 Θεὸς,
3556 3139 3632 3203 ὡς
3669 3140 3761 3210 ἀρ-

2191 3229 2360 3298 χικῶς
2380 3228 2538 3282 τοῦτο
2565 3229 2659 3290 ὢν,
2685 3230 2776 3284 καὶ
2815 3230 3029 3296 θεῖκῶς,
3065 3225 3156 3284 καὶ
3189 3230 3528 3295 αἰτιατικῶς
3569 3229 3762 3283 τούτων

2189 3320 2298 3391 γὰρ
2331 3320 2492 3384 αὑτὸς
2523 3319 2602 3391 τῷ
2643 3321 2758 3374 ὄντι
2791 3323 3023 3392 πηγαῖός
3065 3324 3200 3376 ἐστι’
3242 3323 3345 3393 τῆς
3388 3323 3447 3376 δὲ
3493 3320 3769 3389 αὑτοζωῆς

2191 3410 2338 3462 ἐστιν
2358 3411 2687 3480 ὑποστάτης,
2707 3411 2799 3470 καὶ
2832 3411 3304 3484 αὑτοομοιότητος,
3337 3412 3433 3465 καὶ
3465 3411 3578 3465 τῶν
3605 3409 3764 3464 τοιού-

2187 3519 2317 3565 των,
2353 3503 2428 3565 ὼς
2463 3502 2741 3573 μεθεκτῶς
2775 3505 2958 3568 αὐτοῖς
2987 3507 3099 3568 τοῖς
3128 3503 3360 3576 πρώτως
3402 3507 3461 3558 ἐν
3501 3507 3616 3568 τοῖς
3654 3499 3763 3557 οὖσι

2186 3594 2288 3664 τῆς
2316 3594 2524 3665 δωρεᾶς
2549 3595 2755 3666 ταύτης
2807 3597 3090 3669 μετέχουσι
3141 3597 3408 3668 χορηγῶν.
3445 3597 3633 3651 Πάντα
3663 3596 3763 3667 γὰρ

2187 3684 2403 3748 οἰκείως
2436 3685 2648 3748 ἑαυτοῖς
2683 3687 2897 3758 μετέχει
2927 3686 3037 3740 τῶν
3071 3686 3347 3740 τοιούτων·
3386 3690 3440 3742 αἱ
3485 3689 3584 3759 μὲν
3619 3687 3760 3758 πρῶ-

2187 3793 2278 3830 ται
2312 3777 2403 3830 καὶ
2435 3776 2706 3832 ἀνώταται
2738 3778 2847 3832 τῶν
2879 3779 3084 3849 νοητῶν
3115 3779 3320 3843 κτίσεις
3341 3780 3680 3852 ἀρχηγικῶς·
3701 3779 3768 3833 τά

2188 3868 2245 3922 δὲ
2280 3867 2405 3940 ἑξῆς
2438 3868 2806 3934 ὑποϐατικῶς.
2845 3871 3172 3941 Ὀμοιότητα
3199 3871 3256 3924 δὲ
3290 3870 3382 3924 καὶ
3415 3853 3529 3925 ἄνω
3561 3871 3761 3940 ἔφημεν

2187 3961 2286 4032 τὴν
2318 3960 2426 4013 τῶν
2460 3959 2598 4014 ὅλων
2630 3963 2858 4032 ἑνότητα
2879 4002 2893 4026 ,
2931 3961 3052 4015 καθ’
3079 3963 3142 4033 ἢν
3170 3962 3238 4015 τά
3272 3961 3367 4014 ὅλα
3399 3961 3495 4015 τοῦ
3527 3960 3669 4014 κατὰ
3706 3957 3758 4011 τὸ

2188 4052 2448 4116 ὡσαύτως
2489 4053 2702 4123 ἔχοντος
2736 4054 2828 4107 καὶ
2862 4054 3002 4108 κατά
3029 4055 3097 4108 τά
3149 4053 3287 4107 αὑτά
3335 4057 3423 4117 εἰς¹
3467 4053 3770 4123 σύμπνοιαν,

2190 4143 2426 4214 μετέχει,
2462 4144 2603 4197 κατὰ
2631 4145 2918 4215 μετουσίαν
2959 4145 3052 4198 τοῦ
3081 4144 3296 4216 πρώτου
3343 4145 3540 4198 αἰτίου.
3573 4141 3734 4197 Ἐνδε

2187 4237 2446 4310 χύμενον
2485 4237 2541 4290 δὲ
2576 4233 2759 4303 εἶπεν,
2795 4239 2853 4292 οὑ
2890 4238 3000 4310 γάρ
3036 4237 3281 4303 τελείως,
3323 4237 3447 4292 οὐδὲ
3483 4236 3604 4293 καθ’
3644 4235 3768 4289 ὅλου.

2187 4329 2222 4416 ἡ
2242 4329 2489 4400 μίμησις.

2264 4589 2292 4661 §
2323 4588 2434 4643 Vl].
2478 4589 2545 4644 Τὸ
2577 4591 2852 4646 ἀποδέον.
2888 4591 3220 4644 Ἀπολεῖπον.

2225 4698 2228 4699 ⁷
2266 4683 2292 4754 §
2330 4682 2464 4736 VIII.
2507 4685 2568 4736 Τί
2599 4682 2667 4735 δὲ
2698 4685 2793 4736 καὶ
2828 4683 2960 4749 περὶ
2995 4681 3105 4748 τῆς
3136 4682 3298 4746 θείας
3329 4681 3623 4745 στάσεως.
3654 4674 3756 4747 Τὴν

2193 4777 2381 4830 στάσιν
2429 4775 2521 4828 καὶ
2566 4775 2664 4845 τὴν
2711 4773 2974 4844 καθέδραν
3014 4772 3074 4825 τὸ
3119 4771 3250 4825 αὑτὸ
3297 4769 3533 4842 δέχεται.⁹
3577 4769 3755 4822 στάσιν

2191 4865 2299 4939 γὰρ
2330 4867 2391 4918 οὑ
2422 4865 2620 4936 τὴνιείς
2643 4864 2703 4917 τὸ
2730 4864 2887 4934 ὀρθὸν
2912 4862 3160 4932 γενέσθαι
3192 4861 3298 4915 ἀπὸ
3327 4862 3422 4915 τοῦ
3446 4860 3754 4932 συγκεκάμ-

2191 4959 2318 5028 φθαι
2359 4961 2418 5011 ὲν
2449 4961 2515 5027 τῇ
2561 4957 2796 5029 καθέδρᾳ
2829 4957 3080 5011 ὑπόνοιάν
3109 4973 3301 5025 φησιν,
3337 4955 3475 5010 ἀλλά
3510 4957 3570 5008 τὸ
3611 4949 3755 5007 ἀκλύ-

2187 5067 2345 5119 νητον
2385 5049 2479 5102 καὶ
2527 5049 2940 5120 ἀμετάτρεπτον
2986 5046 3082 5100 τοῦ
3130 5045 3264 5100 Θεοῦ
3311 5046 3535 5116 βεϐαίαν
3567 5044 3754 5098 στάσιν

2187 5140 2462 5193 ἐκάλεσεν·
2498 5138 2573 5202 ὡς
2606 5139 2782 5192 καὶτὸ
2822 5137 3094 5208 καθῆσθαι
3122 5138 3183 5190 τὸ
3228 5137 3286 5190 ὲν
3318 5137 3684 5208 ἀνωνομάστῳ
3708 5129 3753 5162 ⁸⁵

2186 5231 2463 5304 βασιλείᾳ,
2500 5233 2592 5284 καὶ
2611 5230 2914 5287 ἀναπαύσει
2954 5229 3190 5300 διαρκῶς
3229 5231 3322 5285 καί
3359 5227 3750 5296 ἀκαταλήπτως

2182 5323 2343 5393 ἔχειν.
2381 5323 2490 5377 Καὶ
2521 5323 2626 5396 μὴν
2659 5326 2717 5376 ὲν
2743 5325 2810 5392 τῇ
2845 5323 3056 5393 Γραφῇ,
3103 5320 3178 5384 ὠς
3211 5321 3319 5374 ἀπὸ
3351 5320 3448 5374 τοῦ
3489 5312 3751 5386 καθῆσθαι

2183 5415 2536 5486 ἀνιστάμενος
2574 5414 2807 5486 εἴρηται,
2837 5414 2912 5477 ὡς
2945 5415 3004 5466 ὲν
3033 5411 3140 5483 τῷ,
3175 5409 3513 5482 Ἀνάστηθι,
3553 5406 3749 5476 Κύριε,

1420 5722 1661 5781 VARUE
1694 5723 2085 5782 LECTIONES
2122 5725 2211 5784 ET
2248 5727 2801 5787 CORRECTIONES.

619 5829 667 5863 ⁸⁸
700 5839 1150 5909 μεταχειρίζουσι.
1264 5846 1309 5878 ⁸⁸
1334 5848 1400 5915 τῇ
1435 5844 1810 5915 άνονομάστῳ.
