3882 6542
31 449 34 452 ’
113 444 199 506 ,381

785 449 843 505 s.
884 445 1131 503 MAXIM]
1172 445 1464 505 SCHOLIA
1504 446 1570 504 IN
1610 447 1737 505 Lm.
1773 448 1862 505 ns
1895 427 2146 505 DlVlNlS
2183 447 2577 506 NOMlNlBUS.

3228 453 3335 510 582

113 561 453 634 πρόφθασον
469 553 709 627 αὐτούς’
729 559 820 615 καὶ
833 559 993 614 πάλιν
1013 560 1088 625 ὡς
1103 536 1210 614 diro
1224 561 1463 627 στάσεως
1485 561 1578 617 ἐπὶ
1588 561 1657 634 τῷ

1767 561 1890 616 dem
1916 560 2223 626 transiens,
2259 576 2383 616 cum
2417 562 2620 616 dicitur
2651 574 2665 612 :
2702 557 2843 626 Quia
2882 560 3132 618 ascendes
3174 579 3334 636 equos

122 655 357 728 καθῆσθαι
384 654 747 728 μεταϐαίνων,
775 655 832 707 ὲν
845 652 944 724 τῷο
971 652 1098 707 Ὅτι
1119 652 1376 722 ἐπιϐήσῃ
1399 654 1498 708 ἐπί
1525 654 1668 723 τοὺς

120 749 310 813 ἵππους
333 762 477 810 σου,
507 747 621 800 καί·
637 747 707 801 Ἠ
725 745 981 799 ἱππασία
1001 762 1116 800 σου
1147 747 1426 815 σωτηρίαο
1457 747 1549 802 καὶ
1572 743 1668 802 αὖ-

120 841 204 905 θις·
227 839 437 906 Ἐπέϐη
464 837 746 908 χερουὸὶμ
767 837 863 891 καὶ
892 835 1190 906 exercian
1209 855 1222 869 ·
1244 838 1476 910 μάλιστα
1496 839 1554 894 δὲ
1582 842 1662 894 τό·

131 933 420 997 Ἔκάθισας
440 930 542 984 ἐπὶ
566 931 800 1000 θρόνου,
819 931 851 984 ὁ
867 931 1086 999 κρίνων
1114 929 1503 999 δικαιοσύνην
1517 949 1529 962 ·
1553 933 1664 985 καί·

130 1025 179 1078 '0
197 1024 326 1090 Θεὸς
352 1023 604 1091 κάθηται
627 1022 724 1075 ἐπὶ
746 1023 959 1090 θρόνου
979 1023 1151 1092 ἁγίου
1171 1023 1356 1080 αὑτοῦ
1372 1064 1384 1077 .
1409 1023 1594 1079 Ταῦτα
1611 1026 1668 1080 δὲ

119 1118 166 1172 οὗ
192 1115 490 1189 σαρκικῶς,
525 1115 660 1170 ἀλλὰ
687 1116 931 1180 θεοειδῶς
959 1117 1024 1170 ⁸⁸.
1058 1117 1106 1148 ⁸⁸

174 1208 199 1280 §
247 1209 332 1261 1X.
386 1207 502 1261 Καὶ
560 1206 658 1260 ἐπὶ
703 1207 900 1262 πάντα
959 1207 1260 1276 προϊόντα.
1306 1207 1430 1260 Ἐπὶ
1493 1207 1668 1261 πάντα

119 1298 293 1371 προϊὼν
344 1301 444 1354 καὶ
490 1299 806 1371 κινούμενος
849 1300 1064 1370 λέγεται
1102 1301 1132 1354 ὁ
1177 1299 1326 1365 Θεὸς,
1374 1302 1451 1365 ὡς
1493 1302 1552 1355 ὲν
1589 1300 1668 1373 τῷ

127 1395 367 1466 Ἰερεμίᾳ’
419 1394 569 1465 Ἐγὼ
596 1393 741 1460 Θεὸς
770 1392 1030 1464 eri-(Cm,
1061 1394 1157 1449 καὶ
1178 1393 1314 1463 οὐχὶ
1344 1395 1661 1464 πόρῤωθεν·

116 1489 193 1542 καὶ
219 1488 389 1542 πάλιν·
420 1489 482 1542 '0
510 1487 609 1542 ἐπὶ
629 1490 868 1543 πάντων
889 1489 985 1544 καὶ
1013 1489 1111 1544 διὰ
1142 1489 1407 1544 πάντων·
1437 1491 1531 1544 καὶ
1565 1491 1667 1561 μά-

114 1580 259 1634 λιστα·
287 1581 424 1635 Ἐὰν
440 1581 643 1636 ἀναὸὧ
654 1584 742 1648 εἰς
761 1582 869 1635 τὸν
890 1581 1169 1649 οὐρανὸν,
1184 1581 1264 1636 σὺ
1297 1581 1440 1646 ἐκεῖ,
1469 1582 1564 1636 καὶ
1597 1581 1666 1636 τὰ

114 1669 234 1741 ἑξῆς.
259 1671 343 1724 Ἑν
370 1671 429 1724 δὲ
443 1673 566 1735 ταῖς
587 1669 942 1740 Θεοφανείαις⁶
963 1670 1187 1726 Κλῖνον
1210 1671 1503 1739 οὐρανούς
1524 1684 1662 1733 σου,

112 1762 191 1816 καὶ
215 1763 491 1832 κατάϐηθι
514 1781 526 1794 ·
558 1765 671 1828 καὶ,
720 1763 924 1830 Ἀνέϐη
959 1766 994 1817 ό
1021 1764 1165 1829 Θεός
1203 1764 1273 1818 ἐν
1307 1763 1661 1834 ἀλαλαγμῷ.

163 1856 234 1907 οὐ
259 1854 408 1908 κατὰ
433 1854 629 1925 φορὰν
655 1854 1064 1927 ἣάλλοίωσιν.
1108 1855 1385 1913 Διδάσκων
1427 1856 1664 1920 εὐσεϐῶς

109 1949 224 2000 νοεῖν
257 1946 322 2000 τὰ
369 1949 503 2017 περὶ
533 1947 670 2004 Θεοῦ
717 1948 998 2020 λεγόμενα,
1035 1949 1197 2018 φησίν
1225 1962 1240 1982 ·
1288 1950 1525 2003 Ἀκούων
1567 1966 1656 2004 κι-

108 2038 282 2092 νεῖσθαι
300 2039 394 2109 τὸν
427 2039 606 2106 Θεὸν,⁸
635 2039 903 2111 μηδέποτε
947 2041 1145 2114 νοήσῃς
1185 2041 1397 2111 κίνησιν
1426 2041 1526 2113 τὴν
1565 2042 1660 2096 ἐπὶ

108 2119 192 2181 τῶν
209 2129 448 2185 -κτιστῶν
486 2129 532 2162 ⁸⁷
570 2131 895 2202 νοουμένων,
928 2133 1022 2188 καὶ
1059 2133 1290 2203 μάλιστα
1317 2133 1423 2187 τῶν
1469 2134 1657 2206 αἰσθη-

107 2221 192 2274 τῶν
211 2239 222 2251 ·
250 2221 315 2274 τὰ
343 2221 456 2295 γὰρ
487 2222 650 2277 ὑλικὰ
689 2227 916 2279 κινεῖται
963 2224 1062 2294 μὲν
1093 2225 1233 2280 κατὰ
1276 2225 1445 2297 φοράν
1465 2242 1478 2256 ·
1518 2225 1658 2296 φορὰ

106 2313 300 2369 δέὲστιν
327 2317 361 2387 ἡ
391 2315 518 2370 καθ’
553 2316 674 2370 ὅλον
709 2317 756 2350 ⁸⁸
784 2318 948 2371 τόπον
978 2317 1262 2390 ὲναλλαγὴ,
1295 2321 1388 2372 καὶ
1425 2319 1658 2390 μάλιστα

107 2407 131 2476 ἡ
157 2408 219 2478 μὴ
238 2409 513 2480 δυναμένη
547 2409 632 2478 ἐφ’
661 2409 858 2479 ἑαυτῆς
889 2409 1098 2480 στῆναι,
1123 2411 1248 2463 ὅταν
1271 2409 1430 2484 ἐθέλῃ
1454 2427 1466 2440 ·
1501 2411 1656 2482 κίνη-

108 2514 172 2560 σις
197 2499 246 2551 δέ
276 2500 424 2552 ἐστιν
465 2501 500 2570 ἠ
531 2499 672 2553 κατὰ
704 2499 984 2555 ἀλλοίωσιν
1008 2518 1022 2532 ο
1073 2501 1353 2565 ἀλλοίωσις
1397 2502 1457 2556 δέ⁴
1486 2502 1654 2566 ἐστιν,

104 2589 223 2656 ὅταν,
251 2592 509 2662 μένοντος
541 2591 635 2645 τοῦ
675 2594 1032 2665 ὑποκειμένου
1063 2593 1322 2666 αἰσθητοῦ
1357 2595 1527 2657 ὄντος,
1563 2612 1657 2665 με-

105 2682 310 2757 ταϐάλλῃ
335 2685 397 2737 ὲν
425 2688 543 2750 τοῖς
573 2685 742 2755 αὑτοῦ
765 2687 992 2741 πάθεσιν
1024 2687 1284 2750 ἐναντίοις
1308 2683 1532 2758 οὖσιν,ἢ
1564 2687 1658 2741 καὶ

107 2774 277 2842 μεταξὺ
311 2776 582 2830 ἐναντίων
634 2778 728 2831 καὶ
779 2779 880 2850 μή·
937 2773 1048 2832 οἷον
1084 2778 1145 2832 τὸ
1192 2778 1348 2850 σῶμα
1401 2777 1651 2848 ὑγιαίνει,

104 2866 180 2920 καὶ
200 2867 352 2921 πάλιν
374 2868 584 2940 κάμνει
604 2886 617 2900 ’
649 2870 710 2922 τὸ
735 2870 865 2923 αὐτὸ
887 2872 980 2924 καὶ
1000 2872 1028 2924 ὁ
1057 2869 1273 2940 χαλκὸς,
1300 2869 1428 2923 ποτὲ
1459 2887 1652 2942 στρογ-

105 2955 254 3022 γύλος,
291 2959 426 3012 ποτὲ
477 2959 792 3032 γωνοειδὴς,
825 2961 1098 3015 τουτέστιν
1136 2963 1214 3025 είς
1246 2960 1444 3029 γωνίας
1490 2977 1654 3031 μετα-

107 3050 491 3120 σχηματισθείς·
514 3052 640 3105 ὅταν
661 3053 718 3106 δὲ
749 3053 868 3106 ὅλον
899 3053 1224 3128 μεταϐάλλῃ,
1251 3053 1325 3125 μὴ
1358 3051 1656 3124 ὑπομένον-

104 3156 174 3204 τος
194 3142 447 3215 αἰσθητοῦ
483 3161 650 3209 τινος,
684 3145 760 3210 ὡς
791 3145 1149 3218 ὑποκειμένου
1180 3143 1275 3200 τοῦ
1318 3143 1504 3214 αὑτοῦ,
1540 3145 1654 3202 ἀλλ’

1769 663 1926 708 tuosll
1950 671 1966 720 ;
1991 660 2046 708 et
2080 669 2094 705 :
2127 653 2412 725 Quadriga:
2439 661 2542 707 tua:
2567 652 2843 720 salvatio‘;
2877 666 2941 707 ac
2967 669 3160 713 rursus
3203 677 3218 714 :
3255 658 3335 711 Α-

1755 746 2119 814 scenditsuper
2139 744 2403 799 cherubim
2425 753 2475 800 et
2497 744 2767 811 volavit“;
2800 744 3034 800 maxime
3065 753 3246 802 autem
3262 747 3333 802 ίι-

1767 837 1862 894 1nd
1892 852 1908 892 :
1943 836 2138 893 Sedisti
2168 852 2322 906 super
2346 835 2608 902 thronum,
2639 837 2728 907 qui
2743 836 2957 906 judicas
2980 837 3331 910 justitiam';

1767 939 1823 986 et
1857 931 2040 987 :Deus
2070 931 2212 986 sedet
2249 946 2406 1000 super
2442 929 2615 986 sedem
2653 940 2890 984 sanctam
2929 946 3083 985 suam
3103 945 3149 984 ι.
3206 931 3334 988 Haec

1767 1038 1896 1080 vero
1928 1041 2036 1080 non
2068 1023 2385 1089 carnaliter,
2418 1025 2512 1080 sed
2545 1024 2689 1080 sicut
2719 1022 2887 1079 Deum
2920 1023 3095 1093 decet,
3127 1024 3334 1081 intelli-

1769 1116 1963 1188 genda.
3037 1111 3047 1122 ’

1837 1211 1865 1284 §
1902 1210 1992 1266 IX.
2027 1209 2098 1264 Et
2137 1210 2212 1266 ad
2247 1212 2490 1266 universa
2520 1209 2900 1281 procedentem.
2948 1209 3094 1268 Deus
3125 1211 3331 1268 dicitur

1768 1304 2042 1377 progredi,
2074 1319 2140 1359 ac
2183 1305 2390 1360 moveri
2431 1305 2498 1359 ad
2531 1304 2736 1374 omnia,
2769 1304 2913 1360 sicut
2959 1302 3016 1360 in
3048 1304 3281 1362 Ieremia
3313 1325 3328 1362 :

1769 1397 1880 1470 Ego
1905 1397 2045 1452 Deus
2077 1397 2141 1452 de
2167 1397 2334 1452 vicino
2362 1413 2502 1462 sum,
2529 1406 2580 1451 et
2608 1413 2712 1453 non
2748 1396 2812 1452 de
2850 1397 3000 1470 longe
3039 1409 3104 1468 7;
3137 1415 3200 1455 ac
3231 1401 3334 1457 ite-

1766 1504 1888 1544 rum
1915 1505 1931 1544 :
1962 1487 2067 1554 Qui
2099 1489 2154 1543 in
2179 1489 2418 1543 omnibus
2457 1505 2520 1544 ac
2549 1505 2642 1558 per
2671 1491 2848 1545 omnia
2882 1500 2941 1559 1;
2971 1499 3023 1547 et
3055 1493 3288 1548 maxime
3317 1509 3331 1545 :

1767 1579 1830 1638 Si
1859 1580 2142 1637 ascendero
2175 1582 2230 1636 in
2260 1583 2466 1646 coelum,
2502 1590 2558 1636 tu
2590 1583 2704 1638 illic
2732 1600 2786 1638 es
2818 1597 2843 1626 α
2865 1623 2880 1650 ,
2926 1592 2982 1641 et
3010 1585 3242 1656 reliqua.
3274 1584 3334 1642 In

1767 1676 1862 1731 Dei
1907 1685 2086 1732 autem
2131 1675 2568 1747 apparitionibus
2614 1695 2628 1732 :
2678 1676 2888 1732 Inclina
2933 1679 3092 1733 caelos
3132 1687 3251 1734 tuos
3287 1688 3338 1734 et

1766 1768 2015 1824 descende
2051 1769 2112 1835 ι³;
2147 1776 2309 1841 atque
2343 1786 2358 1824 :
2399 1766 2648 1824 Ascendit
2673 1769 2812 1824 Deus
2845 1771 2899 1825 in
2920 1769 3094 1841 jubilo
3121 1782 3168 1827 ο.

1840 1860 1966 1916 Νοη
2006 1860 2267 1917 delatione
2307 1870 2398 1914 aut
2429 1863 2738 1916 mutatione.
2781 1861 2992 1920 Docens
3030 1879 3093 1919 ea
3123 1879 3245 1934 quae
3271 1863 3340 1919 de

1765 1953 1874 2010 Deo
1894 1955 2153 2010 dicuntur
2178 1955 2265 2025 pie
2288 1954 2614 2026 intelligere,
2646 1956 2720 2009 ait
2747 1973 2761 2010 :
2795 1955 2932 2011 Cum
2963 1955 3140 2021 audis,
3166 1955 3338 2012 Deum

1764 2047 1990 2113 moveri,
2013 2062 2294 2118 nunquam
2323 2046 2598 2117 intelligas
2625 2047 2921 2103 motionem
2945 2062 3064 2118 quae
3094 2048 3150 2102 in
3178 2062 3339 2102 crea-

1761 2140 1898 2195 turis
1942 2139 2181 2194 maxime
2241 2139 2535 2195 sensilibus
2588 2139 2911 2211 intelligitur
2956 2159 2970 2196 :
3035 2140 3339 2196 materialia

1759 2235 1905 2288 enim
1948 2238 2238 2288 moventur
2270 2231 2411 2286 κατὰ
2447 2232 2662 2304 φορὰν;
2699 2232 2841 2304 φορά
2875 2246 3005 2288 vero
3037 2242 3122 2288 est
3168 2234 3338 2289 totius

1759 2327 1866 2381 loci
1912 2327 2165 2390 mutatio,
2217 2333 2271 2382 et
2320 2325 2556 2381 maxime
2596 2339 2717 2395 quze
2760 2325 2969 2395 nequit,
3015 2341 3141 2380 cum
3191 2326 3331 2389 vult,

1757 2417 1815 2472 in
1843 2416 2022 2488 seipsa
2063 2425 2249 2482 stare;
2297 2415 2467 2471 motio
2511 2424 2692 2471 autem
2738 2417 2798 2470 lit
2840 2415 2980 2469 κατὰ
3012 2415 3336 2479 ἁλλοίωσιν;

1756 2510 2038 2575 ἀλλοίωσις
2069 2525 2198 2564 vero
2228 2516 2313 2565 est
2343 2509 2582 2580 quando,
2609 2508 2884 2578 subjecto,
2917 2507 3062 2578 quod
3093 2513 3176 2562 est
3210 2522 3337 2562 sen-

1758 2601 1938 2669 sibile,
1967 2608 2242 2669 manente,
2286 2610 2530 2657 mutatur
2563 2604 2618 2658 in
2651 2603 2766 2658 suis
2811 2599 3188 2656 affectionibus
3215 2615 3338 2670 qua;

1757 2699 1887 2749 sunt
1909 2693 2220 2765 contrariae,
2253 2695 2368 2752 sive
2399 2694 2565 2749 etiam
2609 2693 2750 2748 inter
2781 2691 3089 2750 contrarias
3132 2701 3185 2747 et
3226 2707 3338 2746 non

1757 2786 2098 2854 contrarias;
2129 2787 2297 2843 veluti
2327 2802 2528 2858 corpus
2564 2801 2758 2843 sanum
2798 2791 2904 2850 est,
2937 2793 2991 2840 et
3029 2784 3146 2839 vice
3176 2799 3336 2840 versa

1755 2885 1984 2948 aegrotat
2017 2897 2032 2932 :
2060 2877 2252 2932 eodem
2281 2876 2441 2933 modo
2469 2892 2544 2934 tes
2567 2877 2863 2948 aliquando
2890 2875 3208 2939 rotundum,
3236 2875 3339 2928 ali-

1757 2970 1975 3040 quando
1990 2972 2299 3044 γωνοειδής,
2320 2970 2374 3025 id
2389 2978 2474 3028 est
2493 2971 2549 3027 in
2571 2972 2802 3044 angulos
2821 2970 3056 3026 edictum
3073 2988 3093 3040 ;
3116 2969 3338 3042 quando

1756 3068 1937 3116 autem
1989 3069 2163 3117 totum
2204 3067 2466 3128 mutatur,
2513 3061 2665 3117 nullo
2709 3061 2959 3118 sensibili
2992 3067 3334 3126 remanente,

1755 3158 2020 3222 tanquam
2049 3151 2172 3222 ejus
2202 3151 2474 3223 subjecto,
2508 3151 2603 3208 scd
2637 3159 2898 3223 tanquam
2939 3167 3007 3207 ex
3037 3157 3181 3206 terra
3209 3150 3339 3204 uni-

103 3227 189 3285 οἷον
217 3235 277 3288 ὲκ
307 3237 414 3308 γῆς
448 3237 636 3310 πάσης
681 3232 838 3310 αἷμα,
885 3239 978 3292 καὶ
1010 3239 1069 3306 ἐξ
1112 3238 1301 3303 ὓδατος
1337 3239 1466 3310 ἀὴρ,
1512 3238 1547 3310 ἢ
1595 3237 1652 3305 ἐξ

1763 3260 1914 3303 versa
1949 3244 2192 3316 sanguis,
2216 3255 2270 3301 et
2289 3260 2351 3300 ex
2381 3259 2522 3315 aqua
2550 3259 2664 3311 aer,
2696 3253 2791 3299 aut
2819 3259 2887 3300 ex
2920 3257 3045 3300 aere
3075 3244 3336 3298 universo

104 3323 236 3396 ἀέρος
261 3329 468 3393 παντὸς
496 3328 661 3402 ὕδωρ,
686 3330 719 3402 ἢ
750 3331 825 3396 ὡς
842 3334 874 3405 ἡ
894 3334 1085 3405 ῥάϐδος
1101 3329 1471 3396 Μωῦσέωςεῐς
1509 3331 1651 3401 ὅφιν,

103 3414 196 3486 ητδ
225 3419 368 3492 ὓδωρ
398 3423 483 3486 εἰς
504 3417 663 3494 αἷμα,
680 3422 837 3477 τοῦτο
868 3425 961 3478 καὶ
979 3425 1176 3497 τροπὴ,
1204 3424 1297 3478 καὶ
1311 3423 1540 3493 γένεσις,
1562 3423 1664 3478 καὶ.

100 3509 266 3583 φθορὰ,
297 3515 774 3586 μετακινηθέντων
803 3516 911 3570 τῶν
937 3517 1214 3590 προτέρων
1237 3534 1250 3546 ·
1281 3516 1394 3571 ἀλλ’
1417 3516 1532 3569 ἐστι
1561 3521 1654 3570 καὶ

102 3604 216 3657 κατὰ
255 3607 574 3679 ἑτεροίωσιν
617 3609 832 3680 κίνησις
860 3611 950 3674 ἐἰς
1000 3609 1062 3663 τὸ
1105 3609 1374 3682 ἀνόμοιον,
1421 3611 1514 3664 καὶ
1547 3609 1664 3663 ἀπὸ.

101 3695 360 3769 χρώματος
385 3701 469 3763 είς
498 3699 718 3772 χρῶμα.
756 3701 922 3756 Πάλιν
949 3703 1151 3776 τοπική
1177 3703 1262 3765 τίς
1295 3704 1410 3756 ἐστι
1441 3702 1654 3774 κίνησις

101 3785 210 3855 ἡὲκ
235 3790 398 3844 τόπου
451 3793 536 3855 εἰς
577 3792 739 3846 τόπον
783 3792 1114 3864 μετάστασις
1139 3811 1151 3822 '
1193 3794 1314 3865 ἥτις
1363 3794 1573 3864 κίνησις
1617 3794 1680 3864 ἧς,

99 3879 216 3933 κατὰ
237 3883 336 3954 τὴν
365 3884 448 3946 εἰς
481 3883 650 3955 ὀρθὴν
683 3886 908 3958 πορείαν
947 3885 1176 3955 γίνεται,
1205 3885 1239 3957 ἦ
1273 3885 1414 3938 κατὰ
1453 3885 1651 3939 κυκλο-

99 3970 266 4040 φορίαν
293 3973 362 4005 ’θ’
397 3975 478 4038 ὡς
518 3976 547 4028 ὁ
581 3975 775 4046 τροχὸς
813 3979 1059 4040 κινεῖται,
1105 3976 1248 4030 κατά
1279 3994 1430 4040 τινας
1469 3976 1526 4029 δὲ
1561 3978 1655 4030 καὶ

97 4061 122 4111 ὁ
145 4061 386 4133 οὐρανός·
425 4064 460 4135 ἢ
495 4065 638 4118 κατὰ
664 4065 761 4137 τὴν
794 4067 992 4137 μικτὴν
1019 4064 1078 4131 ἐξ
1107 4066 1319 4130 εὐθείας
1350 4067 1443 4120 καὶ
1470 4066 1656 4120 κυκλι-

99 4152 202 4222 κῆς,
220 4157 293 4221 ὡς
315 4161 348 4229 ἡ
381 4158 682 4230 ὲλικοειδὴς
707 4159 919 4231 πορεία,
944 4160 1030 4212 οἶα
1061 4160 1212 4212 ἐστὶν
1240 4160 1274 4230 ἡ
1303 4161 1411 4212 τῶν
1438 4158 1615 4228 ὄφεων
1635 4176 1648 4188 ·

98 4243 194 4298 ἔστι
235 4249 326 4301 καὶ
353 4250 524 4322 νοητὴ
559 4248 791 4320 κίνησις,
840 4250 962 4304 καθ’
995 4251 1061 4322 ἢν
1103 4252 1131 4303 ὁ
1167 4249 1290 4314 νοῦς
1327 4249 1584 4322 ἐνεργῶν,
1619 4249 1652 4322 ἢ

98 4338 177 4390 καὶ
205 4339 249 4392 οἱ
282 4339 412 4394 Θεῖοι
444 4341 566 4404 νόες
612 4340 790 4394 νοοῦσι
835 4343 904 4394 τὰ
947 4341 1092 4396 ὄντα.
1134 4342 1288 4395 Ἔστι
1333 4342 1425 4396 καὶ
1450 4341 1654 4414 ψυχικὴ

101 4430 311 4501 κίνησις,
346 4433 470 4487 καθ’
496 4433 564 4504 ἢν
589 4435 668 4496 εἰς
700 4435 913 4506 νοήσεις
957 4436 1205 4497 κινεῖται,
1239 4435 1334 4488 καὶ
1365 4435 1445 4498 εἰς
1472 4434 1533 4487 τὸ
1569 4452 1654 4488 κι-

97 4525 193 4575 νεῖν
221 4523 319 4588 τὰς
359 4525 661 4596 αἰσθήσεις.
700 4527 856 4579 Ἔστι
888 4525 981 4580 καὶ
1016 4525 1147 4598 ἄλλη
1189 4526 1400 4598 κίνησις
1430 4525 1653 4598 φυσικὴ,

1757 3352 1920 3410 aqua,
1949 3344 2042 3392 aut
2065 3338 2210 3393 sicut
2238 3336 2390 3408 virga
2425 3335 2590 3393 Mosis
2623 3337 2676 3392 in
2706 3343 3037 3408 serpentem,
3074 3343 3168 3389 aut
3195 3349 3336 3405 aqua

1755 3431 1814 3486 in
1838 3429 2182 3501 sanguinem,
2216 3429 2322 3485 hoc
2341 3439 2395 3485 et
2417 3429 2705 3486 conversio
2740 3436 2795 3485 et
2822 3428 3123 3500 generatio,
3142 3433 3196 3483 et
3214 3443 3340 3482 cor-

1754 3521 1960 3589 ruptio,
1994 3519 2272 3590 prioribus
2304 3519 2624 3576 transmotis
2649 3537 2664 3586 ;
2693 3518 2992 3590 quinetiam
3035 3523 3120 3573 est
3164 3516 3337 3571 motio

1753 3629 1852 3683 per
1878 3612 2256 3667 alterationem
2288 3611 2344 3665 in
2383 3610 2671 3676 dissimile,
2713 3619 2767 3666 et
2798 3625 2828 3664 a
2867 3609 3050 3664 colore
3098 3609 3153 3662 in
3186 3607 3340 3662 colo-

1754 3719 1892 3759 rem.
1928 3701 2173 3772 Denique
2216 3702 2407 3758 localis
2449 3709 2536 3759 est
2570 3701 2760 3765 motio,
2799 3701 3068 3755 transitus
3105 3697 3172 3755 de
3217 3699 3341 3753 loco

1755 3796 1811 3849 in
1855 3795 2035 3849 locum
2071 3813 2084 3849 :
2117 3809 2238 3864 qua:
2268 3793 2438 3849 motio
2465 3801 2560 3848 aut
2589 3797 2742 3848 recto
2782 3807 3080 3862 progressu
3129 3790 3209 3854 ﬁt,
3242 3795 3340 3844 aut

1753 3886 2008 3942 circulari
2031 3886 2175 3941 sicut
2197 3893 2317 3940 rota
2333 3894 2602 3952 movetur,
2620 3884 2729 3938 imo
2752 3882 3053 3938 secundum
3071 3881 3336 3951 quosdam

1754 3979 1954 4033 coelum
1981 3993 1994 4030 ε
2028 3983 2122 4030 aut
2150 3976 2314 4031 misto
2342 3991 2407 4030 ex
2439 3981 2587 4031 recto
2617 3982 2670 4030 et
2700 3974 2980 4040 circulari,
3012 3974 3154 4027 sicut
3183 3987 3336 4042 gres-

1755 4083 1850 4123 sus
1899 4072 2181 4120 tortuosus
2233 4065 2413 4134 qualis
2460 4071 2546 4119 est
2607 4062 2961 4133 serpentium.
3020 4061 3116 4115 Est
3167 4061 3333 4114 etiam

1753 4155 1924 4212 motio
1952 4154 2333 4225 intelligibilis,
2366 4169 2474 4224 qua
2515 4168 2670 4209 mens
2710 4159 2993 4224 operatur,
3039 4150 3201 4220 210
3240 4157 3336 4204 aut

1755 4248 1953 4304 divinae
2005 4257 2216 4303 mentes
2267 4262 2357 4306 res
2411 4246 2747 4318 intelligunt.
2801 4244 2899 4300 Est
2953 4245 3116 4300 etiam
3163 4243 3336 4298 motio

1755 4341 2006 4397 animalis
2034 4356 2142 4412 qua
2179 4347 2428 4396 movetur
2457 4338 2528 4394 ad
2575 4337 2973 4394 intellectiones
3013 4346 3068 4392 et
3111 4336 3177 4391 ad
3210 4350 3334 4389 mo-

1753 4433 1988 4490 vendum
2034 4448 2251 4490 sensus.
2290 4430 2387 4488 Est
2431 4430 2666 4503 denique
2713 4431 2820 4485 alia
2865 4430 3034 4484 motio
3063 4428 3336 4487 naturalis

1753 4543 1875 4600 quae
1905 4534 2085 4582 movet
2115 4527 2184 4582 ad
2233 4525 2602 4582 accretionem
2629 4532 2683 4580 et
2713 4525 3073 4581 nutritionem
3119 4538 3184 4579 ea
3212 4537 3334 4594 qua:

96 4612 226 4681 ήείς
252 4616 479 4690 αὖξησιν
513 4618 610 4672 καὶ
641 4618 842 4689 τροφὴν
880 4617 1104 4672 κινοῦσα
1139 4617 1207 4671 τὰ
1249 4618 1546 4690 ἐπιτήδεια.
1595 4618 1654 4671 '0

1763 4628 1884 4692 apta
1912 4625 2061 4676 sunt.
2099 4617 2289 4690 Itaque
2325 4617 2470 4676 Deus
2495 4619 2648 4673 nulla
2684 4618 2882 4673 harum
2907 4625 3201 4685 movetur;
3233 4615 3333 4671 sed

94 4701 178 4758 οὖν
197 4708 326 4774 Θεὸς
353 4712 414 4764 οὐ
442 4711 588 4764 κατὰ
619 4710 745 4780 μίαν
765 4711 968 4764 τούτων
995 4713 1220 4764 κινεῖται
1243 4729 1255 4742 ’
1279 4710 1411 4765 ἀλλὰ
1441 4711 1654 4782 κίνησις

93 4797 180 4850 τοῦ
216 4801 470 4873 ἀκινήτου
502 4803 598 4856 καὶ
624 4804 708 4856 ἀεὶ
737 4802 995 4867 ὡσαύτως
1021 4802 1232 4873 ἔχοντος
1261 4804 1474 4874 λέγεται
1507 4805 1540 4875 ὴ
1573 4807 1652 4868 εἰς

91 4887 148 4938 τὸ
173 4892 416 4957 γενέσθαι
447 4892 520 4946 τὰ
561 4892 688 4946 ὄντα
717 4892 966 4965 βούλησις
995 4893 1182 4958 αὐτοῦ,
1216 4894 1310 4948 καὶ
1349 4895 1573 4967 πρόοδος
1604 4896 1652 4928 ⁸⁸

89 4975 184 5048 τῆς
213 4983 290 5044 είς
319 4983 496 5037 πάντα
523 4983 780 5054 προνοίας
805 4983 990 5037 αὐτοῦ.

158 5073 240 5124 Οὐ.
261 5073 377 5142 τὴν
402 5074 472 5140 ἐξ
499 5073 740 5144 ἀμφοῖν.
775 5075 1004 5146 Κίνησιν
1039 5076 1138 5148 τὴν
1173 5076 1534 5148 μεταϐατικὴν
1565 5076 1654 5130 λέ-

88 5178 190 5227 γει,
219 5166 284 5236 ἦν
311 5171 403 5222 καὶ
429 5170 693 5240 ἑλικοειδῆ
725 5169 976 5240 ὀνομάζει
994 5187 1009 5201 ⁸
1030 5171 1243 5244 ὰσχέτῳ
1268 5172 1348 5236 δὲ,
1375 5172 1655 5226 τουτέστιν

87 5251 333 5326 ἀπῡλὺτῳ
366 5260 459 5313 καὶ
493 5262 736 5327 συναιρεῖ.

157 5429 178 5456 ³
209 5417 408 5478 Babae.
451 5437 534 5485 ιιι,
565 5421 620 5475 8.
705 5421 721 5455 ί
757 5418 893 5475 Ibid.
967 5427 995 5457 ιι
1027 5419 1324 5480 Psal.xvu,
1358 5419 1442 5474 Η.

93 5488 232 5564 m6
331 5503 357 5565 ἱ
385 5491 535 5549 Psal.
565 5502 832 5553 cxxxvm;
860 5491 914 5546 8.
991 5490 1020 5532 δ
1052 5489 1199 5546 Psal.
1233 5506 1368 5557 xvn,
1405 5487 1489 5543 10.

1521 5427 1547 5454 ν
1569 5416 1943 5551 milia?“
1985 5429 2026 5539 ἷὶ

1759 4714 1931 4768 motio
1971 4713 2091 4782 ejus
2133 4712 2227 4782 qui
2279 4711 2574 4769 immobilis
2620 4718 2726 4775 est,
2777 4725 2841 4765 ac
2882 4725 3100 4780 semper
3139 4708 3332 4764 eodem

1759 4805 1924 4860 modo
1950 4820 2008 4860 se
2036 4804 2220 4869 habet,
2259 4804 2464 4859 dicitur
2497 4804 2752 4858 voluntas
2788 4802 2962 4873 ipsius
2994 4807 3052 4855 ut
3078 4816 3166 4856 res
3194 4789 3352 4855 exsi-l

1758 4903 1926 4960 stant,
1981 4904 2036 4950 et
2085 4895 2400 4967 progressio
2443 4893 2797 4964 providentia:
2853 4891 3029 4963 ipsius
3085 4891 3154 4946 ad
3204 4889 3334 4944 uni-

1760 5003 1938 5044 versa.
2003 4997 2009 5002 ”

1825 5077 1950 5131 Νοη
1985 5093 2051 5131 ex
2079 5078 2334 5147 utrisque.
2361 5075 2618 5156 lntelligit
2640 5075 2935 5130 motionem
2958 5072 3328 5135 transitivam,

1753 5183 1918 5239 quam
1950 5169 2112 5222 etiam
2152 5175 2452 5223 tortuosam
2483 5166 2754 5238 appellat;
2787 5165 3000 5236 ἀσχέτῳ
3046 5172 3225 5218 autem
3252 5159 3332 5215 si-

1753 5259 1976 5333 gniﬁcat
2019 5248 2272 5306 absoluto
2304 5264 2370 5304 ac
2399 5263 2664 5314 conuexo.

1989 5429 2017 5491 ξ
2045 5413 2190 5471 Psal.
2220 5432 2370 5483 var,
2403 5418 2459 5475 9.
2533 5427 2561 5468 1
2584 5419 2695 5476 Jer.
2715 5435 2872 5486 xxm,
2902 5419 2991 5475 25.
3073 5429 3095 5457 ι
3123 5417 3325 5491 Ephes.

998 5629 1236 5686 VARLE
1271 5626 1654 5685 LECTIONES
1688 5626 1776 5682 ET
1807 5624 2359 5683 CORRECTIONES.

168 5789 212 5824 ⁸⁸
243 5793 457 5862 Θεῖκῶς.

558 5793 982 5875 ξξξημείωσει,
1009 5795 1124 5875 ὅτι.
1150 5795 1343 5875 ταὺτρν
1377 5790 1638 5875 ὲπξὶΘεοῦ
1673 5806 1822 5875 φησι
1871 5789 2061 5875 στασιν
2082 5791 2188 5875 ,καὶ
2235 5771 2521 5875 καθέδραν,

82 5874 224 5938 ῖῃτα
256 5850 513 5938 ἑκάτερον
545 5850 858 5938 δεξάμενος.
888 5850 1046 5938 Νοὶο,
1073 5863 1220 5938 idem
1244 5864 1426 5938 dicere
1456 5861 1549 5938 Dei
1581 5869 1657 5918 sta

1763 5877 1894 5938 rem,
1925 5867 1980 5916 et
2003 5861 2186 5938 sedem
2209 5878 2222 5913 :
2243 5850 2536 5938 utrumque
2558 5850 2699 5938 enim
2729 5850 2833 5924 pro
2858 5850 3134 5909 immobili
3164 5851 3319 5909 iden-

81 5928 239 5992 “me
272 5928 525 6005 usurpat.
623 5928 1034 6008 ἰΓκτισμάτων.
1126 5935 1179 6010 ,⁸⁸
1201 5933 1338 5989 κατὰ
1369 5933 1460 5988 τὸν
1477 5931 1614 5988 ὅλον.

1711 5932 1757 5969 ⁸⁸
1789 5933 1888 6004 τὴν
1921 5930 2340 6003 κυκλοφορικὴν.
2430 5924 2475 6017 έδ
2503 5924 2736 6000 πρόοδοι.
