3882 6538
566 418 675 475 385

639 534 779 603 Quin
802 535 961 592 etiam
990 541 1160 590 motus
1193 532 1309 591 Dei.
1341 534 1479 592 Cum
1507 538 1761 604 negasset
1786 531 1843 586 in
1873 529 1984 586 Deo
2006 543 2129 584 cor-
2156 531 2204 591 Α

567 643 762 700 pereas
805 627 1095 692 motiones,
1137 625 1381 684 declarat
1425 624 1701 697 quomodo
1743 622 2130 684 convenienter

567 715 678 773 Deo
721 714 1066 786 intelligenda
1121 714 1195 772 sit
1238 714 1295 775 in
1348 713 1461 770 Deo
1510 714 1701 780 motio,
1761 713 2127 784 interpretans

563 806 855 878 anagogice
884 804 1178 862 sensitivas
1207 805 1263 860 in
1295 805 1552 860 universo
1589 802 1877 860 motiones.

633 897 701 951 Et
737 905 933 950 rectum
969 895 1200 966 quidem.
1247 894 1530 968 Quomodo
1569 890 1854 948 circularis
1881 897 1935 948 et
1977 895 2125 949 recta

559 993 612 1039 et
640 992 883 1046 tortuosa
913 1000 1010 1048 seu
1043 985 1266 1055 obliqua
1311 983 1482 1043 motio
1518 983 1572 1043 in
1617 981 1728 1038 Deo
1766 977 2122 1049 intelligatur,

559 1076 675 1146 lege
704 1083 868 1146 caput
900 1083 1180 1146 quartum,
1213 1082 1336 1146 post
1376 1090 1545 1145 pauca
1575 1072 1703 1129 folia
1744 1069 1999 1141 principii
2028 1084 2124 1124 ca-

555 1169 710 1241 pitis,
737 1178 793 1226 et
813 1169 995 1229 disces
1015 1169 1292 1240 quomodo
1313 1169 1368 1227 in
1395 1167 1602 1238 angelis
1630 1175 1686 1220 et
1712 1163 2000 1218 animabus
2036 1170 2124 1218 at-

555 1279 663 1336 que
686 1262 1015 1334 corporibus
1045 1261 1186 1320 tales
1207 1259 1476 1318 motiones
1503 1257 1896 1328 intelligantur.

626 1459 808 1516 Media
839 1469 891 1522 et
914 1469 1171 1520 extrema.
1241 1457 1534 1528 Superiora
1587 1468 1800 1524 semper
1841 1451 2126 1510 continent

556 1547 816 1604 inferiora
835 1568 843 1576 ~
865 1557 1107 1606 extrema
1140 1545 1358 1617 quidem
1388 1553 1547 1607 vocat
1577 1558 1862 1614 supremas
1891 1543 2124 1600 virtutes

554 1649 609 1697 et
644 1639 753 1698 Deo
782 1641 1012 1702 vicinas,
1054 1639 1233 1696 media
1265 1652 1416 1702 vero,
1463 1652 1560 1696 eas
1598 1651 1719 1707 qua:
1753 1635 1876 1691 illas
1901 1634 2123 1705 quidem

555 1739 880 1803 sequuntur,
909 1729 1004 1792 sed
1042 1729 1268 1786 sensilia
1303 1727 1486 1789 omnia
1534 1731 1814 1796 superant.
1856 1723 1999 1796 Ergo
2025 1739 2122 1779 su-

555 1837 755 1893 prema:
786 1821 1226 1891 complectuntur
1252 1819 1476 1897 medias,
1514 1817 1707 1878 media:
1735 1823 1916 1871 autem
1946 1813 2123 1872 sensi-

1268 409 1607 468 APPENDIX
1639 411 1732 469 AD
1759 413 1988 472 OPERA
2021 412 2078 468 S.
2112 408 2409 469 DlONYSlI
2439 408 2925 467 AREOPAGITAE.

3675 408 3765 463 534

2310 525 2495 583 Ἀλλὰ
2537 524 2635 578 καὶ
2679 523 2949 590 κινήσεις
2992 522 3158 577 Θεοῦ.
3204 518 3606 594 ’Δπαγορεύσας
3633 520 3674 555 ⁸⁸
3707 522 3770 576 τὰ

2225 619 2333 673 τῶν
2373 615 2696 688 σωματικῶν
2735 617 3002 688 κινήσεων
3030 615 3122 668 ἐπὶ
3156 613 3313 682 Θεοῦ,
3351 615 3500 677 ὅπως
3533 613 3633 684 χρὴ
3668 613 3770 667 θεο-

2226 713 2449 786 πρεπῶς
2475 713 2611 765 νοεῖν
2631 709 2842 780 κίνησιν
2870 708 2964 762 ἐπὶ
2989 705 3123 761 Θεοῦ
3159 703 3462 778 σαφηνίζει,
3483 705 3582 768 τὰς
3601 697 3775 778 αἰσθη-’

2224 803 2324 866 τάς
2352 802 2410 858 ἐν
2438 800 2516 872 τῷ
2549 800 2712 852 ’τιταντί¹
2749 798 2991 870 κινήσεις
3022 795 3375 864 ἀναγωγικῶς
3402 795 3722 867 ἑρμηνεύων.

2287 892 2400 949 Καὶ
2427 891 2492 947 τὸ
2514 890 2631 962 μὲν
2656 891 2820 947 εὐθύ.
2853 888 2976 952 Πῶς
3003 889 3038 960 ή
3067 886 3208 942 κατά
3233 887 3450 953 κύκλον,
3479 887 3574 940 καὶ
3600 887 3632 958 ή
3661 885 3768 939 κατ’

2225 985 2460 1049 εὐθεῖαν,
2501 984 2593 1038 καὶ
2634 985 2668 1054 ἡ
2715 981 3012 1051 ἑλικοειδὴς
3039 979 3252 1050 κίνησις
3281 979 3372 1033 ἐπὶ
3402 977 3538 1032 Θεοῦ
3570 982 3768 1043 νοεῖται,

2224 1073 2494 1145 ἀνάγνωθι
2533 1073 2594 1128 τὸ
2628 1073 2882 1144 τέταρτον
2927 1071 3234 1141 κεφάλαιον,
3285 1071 3400 1142 μετ’
3432 1069 3585 1140 ὀλίγα
3620 1069 3770 1139 φύλλα

2223 1167 2326 1237 τῆς
2358 1167 2532 1239 ἀρχῆς
2558 1164 2651 1218 τοῦ
2679 1163 2994 1234 κεφαλαίου,
3027 1163 3118 1217 καὶ
3149 1161 3388 1234 μαθήσῃ,
3419 1161 3538 1225 πῶς
3569 1163 3657 1215 ἐπὶ
3681 1162 3769 1230 ἀγ-

2225 1255 2416 1324 γέλων,
2457 1254 2551 1310 καὶ
2589 1253 2798 1326 ῲδχῶν,
2827 1253 2922 1307 καὶ
2950 1251 3214 1326 σωμάτων
3252 1255 3306 1307 αἰ
3333 1251 3577 1306 τοιαῦται
3607 1250 3778 1309 νοοῦν-Ᾰ

2223 1364 2335 1402 ται.

2302 1437 2379 1494 Τὰ
2400 1437 2564 1510 μέσα
2619 1438 2715 1493 καὶ
2751 1437 2922 1506 ἄκρα.
2966 1437 3077 1490 Ἀεὶ
3121 1435 3192 1490 τὰ
3239 1434 3646 1508 ὑπερϐεϐηκότα
3687 1434 3776 1506 πεοξ

2226 1530 2398 1604 ριέχει
2451 1529 2520 1585 τὰ
2563 1528 2957 1600 ύποὸεὸηκότα.
3003 1528 3180 1600 Ἄκρα
3226 1529 3322 1600 μὲν
3363 1524 3456 1582 οὖν
3502 1527 3651 1582 καλεῖ
3683 1527 3769 1591 τὰς

2224 1621 2482 1678 ἀνωτάτω
2526 1621 2782 1693 δυνάμεις
2824 1620 2917 1676 καὶ
2957 1619 3290 1686 πελαζούσας
3332 1619 3450 1691 Θεῷ
3473 1635 3488 1650 ·
3551 1618 3681 1690 μέσα
3720 1619 3768 1671 δὲ

2221 1711 2324 1776 τάς
2359 1713 2475 1784 μετ’
2513 1710 2726 1775 ὲκείνας
2782 1710 2904 1783 μὲν,
2949 1709 3056 1765 τῶν
3108 1709 3166 1764 δὲ
3211 1709 3485 1781 αἰσθητῶν
3537 1708 3767 1762 ἁπάντων

2223 1803 2636 1876 ὑπερκειμένας.
2666 1804 2733 1858 Δί
2773 1803 2870 1876 μὲν
2898 1796 2990 1858 οῦν
3033 1800 3301 1856 ἀνώταται
3335 1799 3646 1872 περιέχουσι
3681 1800 3773 1862 τὰς’

552 1888 655 1967 lia:
683 1912 802 1970 ideo
830 1888 972 1967 enim
1007 1909 1292 1982 Scriptura
1322 1888 1472 1966 (ἰὶιίί
1486 1909 1649 1966 etiam
1692 1907 1914 1963 ordines
1955 1920 2115 1977 ange-

2225 1898 2424 1970 μέσας·
2472 1897 2527 1949 αἰ
2554 1895 2610 1950 δὲ
2641 1895 2803 1968 μέσαι
2831 1893 2900 1948 τὰ
2930 1893 3198 1965 αἰσθητά·
3242 1890 3522 1982 διάλτοῦτο
3551 1891 3656 1962 γὰρ
3684 1891 3764 1944 καὶ

551 2003 728 2062 lorum
748 2002 801 2056 in
821 2002 996 2056 cmlis.
1027 2001 1174 2058 Deus
1195 1999 1412 2073 quidem
1435 1997 1815 2068 complectitur
1839 1997 2116 2061 universa,

551 2094 695 2150 sicut
722 2094 964 2152 circulus
993 2092 1181 2152 munia
1216 2107 1337 2163 qua:
1375 2091 1520 2146 intra
1563 2090 1764 2163 ipsum,
1796 2096 1850 2144 et
1879 2087 1947 2143 ad
1966 2087 2120 2157 'seip-

550 2203 672 2249 sum
699 2195 956 2256 tanquam
981 2185 1050 2239 ad
1074 2201 1296 2244 causam
1328 2183 1619 2239 convertit.
1643 2181 1783 2238 Nota
1813 2197 1963 2250 vero.
1987 2180 2118 2254 Quid

549 2275 716 2341 idem,
749 2285 804 2332 et
827 2276 1043 2347 justitia
1072 2277 1129 2340 in
1153 2275 1264 2338 Deo
1289 2285 1344 2330 et
1371 2275 1598 2345 aequale.

616 2443 645 2518 ᾗ
672 2443 742 2501 X.
773 2443 1014 2509 Similem
1041 2445 1327 2502 incessum.
1355 2442 1560 2502 Similis
1591 2445 1901 2517 progressio
1929 2460 2028 2515 per
2056 2459 2118 2501 se

545 2544 739 2592 mutuo
750 2537 870 2592 etin
881 2538 1188 2594 elementis:
1208 2551 1335 2591 nam
1354 2537 1578 2607 aequalis
1595 2537 1785 2592 horum
1804 2537 2113 2607 temperies,

544 2626 678 2684 facit
697 2630 862 2686 etiam
889 2637 950 2683 ut
988 2629 1367 2700 generationes
1396 2628 1587 2684 mundi
1615 2629 1673 2684 in
1713 2627 2114 2684 commistioni-

542 2720 648 2776 bus
675 2735 784 2775 non
807 2720 1223 2791 praeponderent
1249 2739 1262 2775 :
1294 2720 1340 2776 si
1365 2720 1511 2776 enim
1535 2719 1756 2790 aliquod
1784 2719 2113 2775 elementum

543 2813 856 2879 abundarit,
889 2813 1262 2884 corrumpitur
1291 2813 1347 2868 id
1379 2812 1528 2884 quod
1558 2821 1870 2885 generatur.

613 2901 686 2958 Et
739 2906 992 2976 quoniam
1048 2921 1253 2960 omnem
1315 2906 1675 2977 aequalitatem
1733 2905 2108 2962 intetlectiiem.

539 2993 836 3053 Sciendum
883 2997 1028 3070 quod
1065 2999 1257 3070 νοητόν
1302 3014 1399 3054 seu
1440 2997 1804 3070 intelligibile,
1848 3006 1933 3055 est
1977 2998 2112 3054 illud

539 3092 686 3161 quod
731 3093 984 3148 sensibus
1014 3107 1121 3146 non
1151 3091 1464 3162 subjicitur,
1497 3106 1676 3162 neque
1701 3091 1757 3146 in
1786 3092 1991 3162 se‘ipso
2020 3093 2110 3146 in-

538 3183 815 3253 telligendi
840 3182 1155 3238 facultatem
1187 3183 1373 3248 habet,
1415 3183 1559 3239 sicut
1588 3180 1876 3237 facultates
1913 3181 2110 3237 anima:

538 3279 594 3328 et
635 3289 928 3340 sensuum;
959 3275 1144 3346 νοερόν
1179 3290 1309 3334 vero
1350 3290 1447 3332 seu
1477 3274 1812 3346 intelligens,
1841 3282 1926 3330 est
1963 3274 2111 3345 quod

540 3364 816 3436 simplices
841 3377 895 3422 et
915 3367 1117 3423 liberas
1144 3367 1308 3422 habet
1351 3367 1773 3431 intellectlones,
1804 3375 1864 3422 ut
1890 3367 2068 3438 angeli
2092 3385 2108 3423 :

538 3455 754 3526 λογικόν
784 3466 966 3512 autem
994 3473 1089 3513 seu
1126 3459 1416 3522 rationale,
1448 3467 1533 3514 est
1568 3458 1719 3528 qu'od
1760 3458 1975 3512 ratione
2012 3473 2111 3513 seu

539 3551 874 3619 argumentis
904 3551 1061 3624 211
1101 3565 1165 3606 ac
1205 3551 1577 3622 speculatione
1609 3566 1792 3606 rerum
1834 3550 2110 3621 cognitio-

538 3651 638 3692 nes
666 3639 882 3709 aceipit,
921 3641 1063 3694 sicut
1105 3656 1258 3696 mens
1295 3640 1533 3696 humana
1563 3658 1578 3709 ;
1624 3640 1948 3697 sensitivum
1980 3654 2111 3696 vero

538 3730 684 3800 quod
725 3731 982 3788 sensibus
1019 3732 1332 3802 subjicitur,
1379 3739 1441 3787 ut
1472 3740 1656 3803 partes
1683 3739 1948 3788 creatura:
1989 3747 2111 3803 qua:

537 3821 860 3882 dividuntur
892 3823 948 3880 in
976 3824 1300 3884 essentiales
1324 3839 1387 3878 ac
1415 3825 1716 3888 naturales,
1749 3824 1804 3879 id
1830 3831 1915 3879 est
1945 3824 1999 3879 in
2021 3839 2110 3884 res

537 3926 658 3980 qua:
681 3911 990 3970 immobiles
1019 3929 1084 3969 ac
1113 3914 1340 3972 omnino
1379 3929 1574 3970 sensus
1611 3919 1886 3985 expertes,
1920 3922 1976 3968 et
2015 3929 2111 3972 eas

537 4020 657 4076 qua:
690 4007 874 4078 aliquo
905 4005 1067 4064 modo
1106 4008 1311 4062 moveri
1351 4016 1559 4077 queunt
1607 4026 1620 4064 :
1658 4017 1914 4062 naturam
1963 4009 2110 4064 enim

537 4096 804 4156 deﬁniunt
840 4098 1167 4169 principium
1206 4100 1464 4154 motionis
1493 4106 1547 4154 et
1585 4098 1806 4169 quietis.
1846 4097 2112 4156 Volunta-

536 4187 675 4242 riam
698 4205 827 4245 vero
865 4190 1318 4261 aequabilitatem,
1361 4205 1484 4261 quae
1527 4191 1729 4260 eligere
1771 4190 1953 4244 valet:
1998 4207 2108 4248 non

537 4279 757 4350 quidem
796 4281 989 4352 ignoro
1029 4282 1177 4352 quod
1220 4282 1401 4342 anima
1437 4281 1677 4338 hominis
1705 4281 1920 4336 dicatur
1945 4283 2106 4340 etiam

538 4371 764 4428 abusive
799 4373 1107 4445 intelligens
1143 4389 1208 4430 ac
1236 4374 1540 4434 rationalis.

617 4459 872 4517 Virtutem
895 4467 1064 4518 omnis
1087 4463 1411 4536 wqualitatis
1439 4466 1774 4536 effectricem.
1799 4463 1898 4520 Est
1927 4479 2110 4536 aequa-

535 4553 722 4610 bilitas
758 4571 881 4624 quae
916 4557 1178 4612 tribuitur
1211 4557 1426 4620 naturis
1464 4572 1494 4611 a
1534 4556 1644 4616 Deo
1683 4557 1931 4616 omnium
1976 4572 2109 4618 con-

535 4643 733 4710 ditore,
762 4658 954 4718 estque
981 4651 1324 4720 aequabilitas
1355 4649 1686 4714 voluntaria,
1719 4664 1884 4721 quam
1912 4649 2108 4704 volun-

537 4739 659 4792 tarii
692 4747 855 4810 atque
909 4757 975 4796 ex
1011 4743 1387 4812 prmelectioue
1416 4741 1660 4812 dirigunt
1695 4740 1794 4811 qui
1834 4739 2104 4810 justitiam

533 4835 588 4882 et
622 4829 763 4897 juris
789 4831 1210 4902 mquabilitatem
1239 4841 1513 4892 exercent.
1548 4831 1673 4887 Hazc
1704 4833 1887 4902 itaque
1915 4847 2100 4901 mqua-

531 4919 738 4986 bilitas,
783 4938 849 4978 ex
877 4923 987 4980 Deo
1018 4925 1317 4980 constituta
1356 4935 1462 4980 est.
1495 4924 1724 4980 Omnem
1761 4923 1923 4993 igitur
1959 4922 2102 4992 juris

532 5014 951 5082 aequabilitatem
987 5025 1043 5070 et
1080 5015 1352 5084 justitiam
1391 5016 1536 5072 Deus
1573 5015 1630 5070 in
1673 5015 1856 5085 seipso
1890 5015 2103 5083 simpli-

530 5103 667 5163 citer
697 5115 752 5161 et
774 5106 1047 5170 indivisim
1089 5109 1312 5171 sicutin
1345 5108 1483 5164 ideis
1517 5122 1580 5162 ac
1605 5106 2012 5175 exemplaribus
2041 5107 2097 5160 in

531 5200 646 5255 suis
671 5199 892 5254 aeternis
921 5199 1345 5270 cogitationibus
1377 5209 1502 5258 ante
1542 5200 1726 5264 habet,
1759 5213 1855 5254 seu
1881 5196 2097 5268 proprie

529 5287 799 5360 loquendo
820 5289 1217 5360 complectitur.

2219 1987 2401 2056 τάξεις
2431 1988 2491 2041 ὲν
2524 1989 2635 2051 τοῖς
2669 1987 2914 2059 οὐρανοῖς
2943 1984 3188 2054 ἀγγέλων
3233 1983 3281 2016 ⁹¹
3313 1978 3466 2038 εἶπεν
3501 1983 3542 2054 ἡ
3572 1982 3765 2053 Γραφὴ.

2231 2080 2289 2134 Ὀ
2341 2079 2527 2151 μέντοι
2573 2078 2705 2143 Θεὸς
2738 2078 2949 2132 ἅπαντα
2990 2076 3256 2150 περιέχει,
3299 2074 3376 2138 ῶς
3415 2075 3445 2129 ό
3487 2072 3676 2136 κύκλος
3707 2073 3774 2126 τὰ.

2218 2171 2368 2236 ὲντὸς
2405 2169 2566 2226 αὐτοῦ
2599 2171 2796 2239 πάντα,
2830 2170 2924 2225 καὶ
2961 2170 3044 2234 εἰς
3089 2167 3279 2222 ἑαυτὸν
3319 2166 3397 2231 ῶς
3437 2164 3578 2238 πρὸς
3616 2164 3766 2219 αἰτιον

2217 2261 2551 2334 ἐπιστρέφει.
2594 2261 2904 2333 Σημείωσαι,
2927 2261 3005 2327 δὲ,
3032 2261 3086 2316 τί
3111 2261 3173 2316 τὸ
3205 2259 3421 2319 ταύτὸν.
3466 2260 3562 2315 καί
3587 2259 3767 2313 δικαιοη

2219 2354 2350 2427 σύνη
2378 2356 2469 2408 ἐπὶ
2495 2353 2589 2414 τοῦ
2619 2354 2775 2421 Θεοῦ,
2805 2353 2898 2409 καὶ
2927 2354 2988 2409 τὸ
3023 2353 3153 2408 ἴσον.

2289 2449 2318 2521 §
2343 2447 2410 2504 Χ,
2449 2449 2687 2519 Ὁμοίων
2711 2447 2996 2519 χώρησιν.
3037 2443 3230 2517 Ὁμοία
3254 2441 3499 2516 χώρησις
3525 2443 3592 2499 δι’
3618 2439 3773 2524 (mit:

2214 2539 2322 2593 λων
2357 2540 2451 2593 καὶ
2482 2541 2582 2595 ἐπὶ
2605 2539 2710 2594 τῶν
2744 2537 3019 2612 στοιχείων
3041 2537 3120 2571 ’³ο
3151 2537 3329 2610 ήαγὰρ
3357 2536 3556 2609 ὲπίσης
3591 2540 3766 2610 κρᾶσις

2212 2630 2435 2696 τούτων,
2469 2633 2649 2685 καὶτὸ
2679 2633 2753 2703 μὴ
2791 2629 3279 2704 ὕπερταλαντεύειν
3318 2628 3378 2683 ὲν
3403 2631 3522 2695 τοῖς
3560 2630 3763 2700 συγκρί-

2215 2741 2350 2795 μασι
2375 2724 2478 2788 τὰς
2501 2725 2741 2793 γενέσεις
2777 2721 2872 2778 τοῦ
2897 2723 3104 2796 κόσμου
3137 2722 3308 2776 ποιεῖ·
3355 2722 3405 2776 εἰ
3445 2721 3561 2795 γάρ
3596 2738 3648 2775 τι
3671 2721 3764 2774 τῶν

2215 2817 2491 2886 στοιχείων
2515 2816 2846 2880 πλεονάσειε,
2877 2814 3156 2887 φθείρεται
3182 2813 3244 2868 τὸ
3270 2812 3574 2884 γινόμενον.

2281 2907 2392 2962 Kal
2438 2907 2587 2962 κατὰ
2629 2906 2696 2961 τὸ
2741 2904 2949 2963 πᾶσαν
2994 2905 3242 2972 ἰσότητα
3285 2901 3536 2972 νοητήν.
3591 2901 3764 2955 ’ἰστέον

2210 3000 2291 3055 δτι
2343 3000 2529 3071 νοητὸν
2566 2996 2666 3073 μέν
2699 3000 2814 3054 ἐστι
2855 2998 2917 3052 τὸ
2946 3001 3013 3070 τῇ
3050 2997 3298 3069 αἰσθήσει
3325 2996 3427 3068 οὐχ
3459 2995 3761 3054 ὑποπίπτειν.

2211 3092 2336 3148 οὐτε
2362 3093 2422 3146 τὸ
2452 3093 2639 3166 νοερὸν
2672 3093 2792 3166 ἔχον
2823 3095 2880 3147 ὲν
2912 3089 3091 3162 ἑαυτῷ
3121 3089 3190 3156 ⁸⁸,
3221 3089 3298 3154 ῶς
3331 3091 3387 3143 αἰ
3409 3089 3659 3160 δυνάμεις
3680 3087 3762 3156 τῆς

2210 3183 2387 3257 ψυχῆς
2409 3185 2508 3240 καὶ
2547 3184 2656 3240 τῶν
2689 3184 3028 3257 αἰσθήσεωνο
3060 3181 3246 3254 νοερὸν
3280 3181 3338 3236 δὲ
3375 3181 3437 3234 τὸ
3484 3181 3658 3244 ἁπλᾶς
3683 3179 3763 3232 καὶ

2210 3275 2508 3340 ἀπολύτους
2537 3276 2657 3349 ἕχον
2686 3276 2785 3343 τάς
2815 3277 3047 3348 νοήσεις,
3081 3276 3156 3340 ὡς
3184 3273 3434 3344 άγγελοι·
3473 3274 3682 3344 λογικὸν
3713 3271 3759 3326 δδ

2209 3368 2270 3423 τὸ
2311 3369 2398 3423 διὰ
2441 3369 2601 3440 λόγου
2647 3370 2742 3424 καὶ
2781 3368 3015 3442 θεωρίας
3056 3367 3156 3432 τὰς
3193 3367 3301 3420 τῶν
3349 3366 3523 3420 ὄντων
3558 3364 3762 3435 γνώσεις

2208 3460 2514 3532 δεχόμενον,
2543 3462 2618 3526 ὡς
2645 3462 2674 3515 ὁ
2702 3458 3039 3534 ἀνθρώπινος
3073 3459 3196 3525 νοῦς
3221 3477 3235 3491 ·
3267 3459 3522 3532 αἰσθητὸν
3541 3459 3595 3512 δὲ
3621 3458 3676 3512 τὸ
3704 3459 3760 3527 τῇ

2209 3553 2455 3624 αἰσθήσει
2489 3554 2812 3620 ύποπίπτον,
2843 3553 2919 3618 ῶς
2951 3552 3020 3608 τὰ
3056 3553 3194 3626 μέρη
3223 3553 3321 3624 τῆς
3358 3553 3608 3616 κτίσεως,
3637 3552 3760 3620 amp

2207 3643 2538 3716 διαιροῦνται
2567 3647 2646 3712 εἰς
2677 3645 2906 3717 ούσιώδη
2932 3645 3026 3700 καὶ
3056 3643 3279 3715 φυσικὰ,
3307 3645 3585 3698 τουτέστιν
3612 3642 3685 3706 εἰς
3710 3657 3758 3692 τε

2208 3735 2276 3790 τὰ
2308 3737 2578 3808 ἀκινήτως
2610 3737 2706 3792 καί
2733 3737 2908 3808 πάντη
2937 3736 3277 3809 ἀναισθήτως
3304 3737 3454 3798 ὄντα,
3489 3736 3580 3788 καὶ
3605 3735 3680 3796 εἰς
3703 3732 3757 3783 τὰ

2206 3827 2306 3899 τὴν
2341 3827 2626 3882 ὁποιανοῦν
2659 3828 2849 3900 ἔχοντα
2878 3830 3091 3900 κίνησιν
3111 3846 3125 3860 ο
3157 3829 3253 3901 τὴν
3289 3828 3400 3901 γὰρ
3426 3829 3585 3898 φύσιν
3608 3825 3762 3898 ἀρχὴν

2207 3919 2474 3992 κινήσεως
2500 3921 2593 3973 καὶ
2617 3920 2851 3992 ἠρεμίας
2882 3920 3173 3992 ὁρίζονται.
3203 3920 3443 3992 Θελητὴν
3473 3921 3529 3974 δὲ
3565 3918 3757 3987 ἰσότητα

2206 4009 2306 4082 τὴν
2329 4011 2718 4084 προαιρετικὴν
2737 4028 2751 4040 ’
2791 4011 2891 4064 οὐκ
2918 4009 3098 4078 ἀγνοῶ
3130 4009 3332 4081 μέντοι,
3360 4009 3440 4074 ῶς
3484 4012 3576 4064 καὶ
3611 4024 3755 4063 κατα-

2206 4108 2516 4180 χρηστικῶς
2546 4105 2639 4158 καὶ
2667 4104 2760 4158 ἐπὶ
2790 4105 2888 4175 τῆς
2917 4103 3012 4158 τοῦ
3041 4103 3326 4178 ἀνθρώπου
3345 4104 3528 4176 ψυχῆς
3554 4104 3598 4136 ’⁸
3618 4100 3757 4173 νοερά

2206 4211 2265 4250 τε
2302 4196 2396 4250 καὶ
2427 4195 2618 4268 λογική
2647 4193 2713 4248 ⁸⁸.

2275 4451 2482 4520 Πάσης
2512 4453 2784 4521 ἰσότητος
2813 4452 3126 4522 ποιητικὴν
3151 4453 3425 4524 dor-agor.
3459 4454 3638 4507 Ἔστιν
3665 4448 3754 4503 ἰσό-

2206 4560 2306 4613 της
2331 4545 2365 4614 ή
2397 4545 2455 4596 ἐν
2481 4546 2603 4607 ταῖς
2631 4543 2854 4614 φύσεσιν
2883 4547 2949 4598 ὲκ
2991 4544 3127 4598 Θεοῦ
3157 4543 3250 4596 τοῦ
3289 4545 3508 4598 πάντων
3552 4538 3752 4610 ποιητοῦ

2138 4599 2186 4662 D
2208 4599 2456 4706 διδὸελένη
2489 4634 2556 4702 ’⁷,
2580 4599 2697 4688 ’καὶ
2732 4635 2877 4690 ἔστιν
2913 4636 3092 4707 ἰσότης
3124 4635 3341 4707 θελητή,
3391 4636 3457 4706 ἥν
3504 4599 3752 4692 ἐθέλοντες

2210 4723 2302 4798 καὶ
2333 4725 2398 4778 ὲκ
2427 4727 2795 4797 προαιρέσεως
2825 4725 3178 4798 κατορθοῦσιν
3207 4726 3254 4757 ⁸⁸
3281 4727 3329 4778 οἰ
3356 4725 3422 4778 τὸ
3447 4725 3648 4778 δίκαιον
3671 4737 3752 4774 κα.

2203 4810 2264 4864 τὸ
2291 4812 2416 4882 περὶ
2445 4812 2534 4865 τὸν
2564 4813 2676 4883 βίον
2707 4815 3008 4883 ἰσονομικὸν
3041 4813 3270 4884 μετίασισ.
3310 4816 3419 4867 Καὶ
3452 4814 3584 4885 αῦτη
3613 4808 3697 4865 οὖν
3722 4811 3749 4877 ή

2204 4903 2383 4974 ἰσότης
2417 4906 2480 4958 ἐκ
2515 4903 2650 4956 Θεοῦ
2685 4904 2930 4974 συνέστη.
2977 4906 3162 4959 Πᾶσαν
3193 4905 3322 4974 γοῦν
3371 4904 3642 4974 ἰσονομίαν
3671 4900 3750 4954 καὶ

2200 4995 2539 5065 δικαιοσύνην
2572 4997 2598 5048 ό
2623 4995 2754 5058 Θεὸς
2782 4998 2840 5049 ὲν
2869 4997 3046 5067 ἐαυτῷ
3075 4997 3258 5061 ἁπλῶς
3299 5000 3394 5053 καὶ
3421 4998 3658 5070 ἀμερῶς,
3685 4993 3748 5054 ὡς

2201 5087 2258 5140 ὲν
2297 5087 2462 5149 ἰδέαις
2505 5087 2598 5140 καὶ
2639 5088 3073 5159 παραδείγμασιν
3118 5093 3175 5142 ἐν
3210 5093 3331 5155 ταῖς
3377 5092 3567 5154 ἀϊδίοις
3598 5082 3746 5143 αὑτοῦ

2198 5177 2415 5248 νοήσεσι
2452 5178 2688 5250 προέχει,
2723 5181 2854 5250 ἦτοι·
2873 5181 3114 5252 περιέχει
3141 5183 3352 5254 κυρίως
3380 5185 3576 5237 εἰπεῖν.

1451 5508 1679 5566 unum
1705 5471 2096 5569 iLECTlONES
2122 5498 2213 5569 ET
2248 5507 2821 5584 CORRECTIONEsg

639 5744 1125 5833 ξξῆύπαγορεύσαςε
1172 5829 1183 5833 _
1211 5759 1262 5833 ’ξ
1275 5755 1869 5833 οῦρᾳνίοιςᾼάγγέλοιςελ
1902 5759 1978 5833 ,⁸³
2002 5757 2500 5833 ὁμρίανῌχῲρησιγ
2553 5758 2622 5814 δι’
2649 5759 2919 5833 (Ξιλλήλιιιῆν⁸
2954 5759 3054 5833 ’ξῆν
3092 5758 3514 5832 τῶνστοιχείων
3569 5749 3738 5827 φησίνο

541 5809 588 5841 ’⁸
623 5814 737 5882 μεθ’
760 5809 970 5872 ἑαυτοῦ.
1032 5809 1041 5810 7
1075 5809 1125 5858 ’δέ
1161 5809 1506 5899 ἀνορᾠὶτένηξ

1827 5828 1870 5862 ’⁸
1902 5828 2113 5899 λογικά.
2164 5903 2178 5908 _
2211 5828 2569 5900 πίδεῶμένη.

2667 5833 2712 5866 ’⁵
2729 5829 2992 5889 κατορθοῖ)
3000 5829 3116 5886 ιιι-ν.
