3882 6560
132 437 226 492 585

622 557 728 610 ΕΙΣ
767 558 851 612 ΤΟ
888 561 1135 615 ΚΕΦΑΛ.
1172 563 1228 614 Ρ.

190 647 218 720 ᾗ
252 648 291 699 1.
338 645 443 714 Ὧς
477 649 925 718 παντοκράτορα
958 652 1056 706 καὶ
1086 654 1167 719 ὡς
1193 656 1476 709 παλαιόν.
1513 653 1704 722 Πολιὸς

137 739 227 810 μὲν
262 737 425 810 ὤφθη
463 742 493 793 ὁ
538 739 670 804 Θεὸς
705 741 783 812 τῷ
813 743 1028 815 Δανιὴλ,
1063 744 1259 818 λευκὴν
1298 747 1436 818 ἔχων
1474 748 1573 820 τὴν
1618 767 1710 804 κε-

133 831 316 902 φαλὴν,
333 831 412 894 ὡς
445 831 613 902 ἔριον,
641 833 758 886 καθ’
775 831 803 885 ὃ
831 836 922 888 καὶ
956 838 1215 903 Παλαιὸς
1237 838 1472 907 ἡμερῶν
1497 841 1708 912 ὠνομά-

132 921 220 991 σθη
239 939 252 950 ·
287 921 562 994 νεώτερος
589 925 643 976 δὲ
672 923 765 976 τοῦ
799 925 981 978 πολιοῦ
1006 927 1280 998 γέροντος,
1311 930 1439 983 ὅταν
1470 931 1546 996 ὡς
1570 933 1707 1005 ἀνὴρ

130 1012 269 1083 ὤφθη
295 1012 378 1084 τῷ
427 1014 636 1083 Ἀϐραά
645 1033 683 1086 μ
715 1016 852 1086 μετὰ
888 1017 995 1071 τῶν
1017 1019 1280 1088 ἀγγέλων,
1303 1023 1395 1076 καὶ
1409 1023 1702 1089 νεανίσκος.

136 1105 193 1156 Ἀ
219 1105 310 1157 καὶ
350 1104 580 1177 θεωρῶν
621 1107 891 1161 ἀπέλυσεν
926 1102 1028 1163 ὧδε
1052 1127 1066 1141 ⁸
1117 1112 1426 1186 πρεσϐύτην
1471 1115 1590 1186 μὲν,
1630 1115 1706 1180 ὡς

133 1196 334 1248 πάντων
382 1197 450 1250 ἐκ
483 1196 618 1250 Θεοῦ
647 1217 710 1252 τε
759 1199 929 1255 ὄντων
971 1203 1062 1256 καὶ
1095 1205 1215 1274 μετ’
1259 1208 1421 1260 αὐτόν
1443 1222 1456 1238 ⁸
1497 1207 1576 1263 διὸ
1611 1210 1705 1263 καὶ

132 1289 402 1357 νεωτέρων
455 1287 658 1341 αὑτοῦ·
718 1290 837 1345 νέον
887 1292 963 1356 δὲ,
1006 1293 1082 1358 ὡς
1127 1296 1212 1348 ἀεὶ
1258 1299 1315 1350 ἐν
1362 1299 1572 1372 ἀκμαία
1612 1301 1704 1355 καὶ

132 1377 370 1431 εὐσταθεῖ
433 1380 807 1452 μακαριότητι
850 1384 1194 1440 ἀπαλαίωτον
1235 1388 1380 1443 ὄντα.
1416 1392 1478 1444 Εἰ
1509 1389 1565 1446 δὲ
1612 1395 1704 1446 καὶ

133 1469 290 1534 εἴποις
320 1470 386 1523 τὸ
433 1474 864 1547 συναμφότερον,
909 1478 1158 1531 τουτέστι
1202 1476 1265 1534 τὸ
1309 1480 1577 1555 γηραλέον
1609 1485 1704 1540 καὶ

134 1560 235 1613 νέον
264 1562 403 1632 ἅμα,
436 1562 514 1627 ὡς
544 1565 829 1638 ἀπ’ἀρχῆς
857 1569 1019 1622 αὐτὸν
1047 1570 1237 1642 δηλοῦν
1269 1575 1360 1627 ἐπὶ
1386 1577 1560 1630 πάντα
1591 1577 1703 1650 διή-

133 1670 283 1707 κοντα
313 1654 412 1707 καὶ
442 1656 700 1727 προϊόντα
721 1658 847 1729 ἄχρι
875 1659 1057 1724 τέλους
1085 1662 1426 1733 διαιωνίζειν,
1460 1667 1595 1739 ὅπερ
1616 1669 1703 1720 τέι-

133 1742 209 1808 λος
227 1745 270 1776 ⁹⁹
299 1745 402 1817 τῆς
423 1747 604 1818 ἀρχῆς
624 1750 744 1802 ἐστι
782 1750 1062 1822 νεώτερον,
1093 1753 1222 1820 ἕξει,
1254 1759 1406 1827 φησὶ,
1434 1759 1703 1814 καὶτοῦτο

132 1834 269 1904 λόγον
290 1853 302 1866 ο
337 1833 461 1891 εἶτα
490 1841 730 1911 παράγει
760 1843 853 1894 καὶ
873 1841 1095 1915 γνώμην
1125 1845 1383 1921 Ἱεροθέου
1406 1849 1501 1902 τοῦ
1533 1849 1695 1903 θείου·

867 450 925 500 s.
962 449 1206 500 mutati
1242 449 1531 502 bonum
1563 449 1627 501 ιρι
1663 450 1790 504 LIB.
1833 428 1920 506 In:
1954 449 2204 511 mvrle
2240 443 2641 517 NOMINIBUS.

1750 567 1797 624 Δ
2423 572 2493 631 IN
2527 573 2680 635 CAP.
2717 577 2783 632 X.

3219 486 3222 488 ν
3275 454 3390 568 aeq

1879 658 1906 729 §
1936 657 1976 716 l.
2015 655 2081 714 Ut
2117 665 2520 734 omnipotentem
2549 676 2598 722 et
2629 677 2687 721 ut
2727 663 3017 738 antiquum.
3051 669 3195 730 Deus
3226 676 3380 747 visus

1808 759 1892 806 est
1927 765 1957 806 a
1986 751 2206 810 Daniele
2235 771 2428 821 canus,
2461 759 2762 814 candidum
2794 761 3001 817 habens
3036 776 3198 835 caput
3228 770 3378 824 velut

1809 839 2007 908 lanam,
2038 852 2260 916 propter
2283 847 2430 916 quod
2458 850 2620 904 etiam
2654 850 2913 922 Antiquae
2955 853 3158 909 dierum
3200 860 3377 914 ninni-

1807 942 1966 988 natus
1992 943 2112 999 est;
2141 937 2330 1004 junior
2357 955 2486 994 vero
2517 955 2646 996 sene
2675 955 2832 1008 cano,
2861 945 3081 1014 quando
3113 957 3376 1018 tanquam

1805 1019 1891 1076 vir
1921 1034 2249 1095 conspectus
2287 1037 2370 1085 est
2419 1031 2489 1085 ab
2530 1031 2840 1088 Ahrahamo
2881 1050 3002 1088 cum
3046 1039 3274 1107 angelis,
3319 1048 3375 1095 et

1807 1109 2124 1170 adolescens
2154 1131 2166 1164 :
2200 1133 2321 1188 quae
2349 1121 2511 1174 etiam
2544 1123 2900 1178 considerans
2931 1125 3091 1178 solvit
3123 1127 3212 1181 hic
3245 1147 3256 1182 :
3288 1143 3375 1184 see

1806 1218 1947 1266 nem,
1971 1207 2114 1274 quod
2144 1209 2325 1263 omnia
2353 1225 2384 1264 a
2423 1210 2532 1266 Deo
2567 1213 2828 1282 producta
2875 1225 3000 1269 Sunt
3027 1224 3080 1270 et
3127 1217 3243 1288 ipso
3279 1237 3374 1290 po-

1806 1294 2032 1348 steriora
2065 1310 2080 1346 :
2108 1294 2337 1368 ideoque
2360 1301 2479 1371 ipso
2505 1301 2728 1370 juniora
2747 1303 3026 1372 :juvenem
3049 1319 3196 1372 vero,
3226 1310 3372 1379 quod

1804 1395 2019 1452 semper
2056 1385 2126 1438 sit
2160 1386 2215 1439 in
2255 1388 2462 1458 vigore,
2509 1399 2563 1445 et
2609 1392 2765 1445 ﬁrma
2808 1393 3068 1450 beatitate
3110 1398 3246 1452 senii
3279 1415 3374 1454 ex-

1803 1486 1965 1540 pers;
1995 1473 2041 1528 si
2072 1489 2203 1530 vero
2237 1477 2398 1532 etiam
2433 1480 2596 1535 simul
2623 1491 2916 1553 utrumque
2945 1485 3171 1552 dixeris,
3202 1488 3255 1542 id
3287 1497 3372 1544 est

1803 1561 1963 1616 simul
1995 1577 2185 1620 senem.
2220 1575 2272 1621 et
2301 1567 2577 1638 juvenem,
2604 1571 2888 1630 declarare
2918 1578 3060 1645 quod
3101 1592 3132 1630 a
3161 1580 3369 1648 princi-

1801 1652 1892 1720 pio
1931 1653 1998 1707 ad
2035 1655 2216 1708 omnia
2247 1660 2566 1726 perveniens
2614 1670 2667 1716 et
2702 1665 3056 1735 progrediens
3089 1683 3261 1738 usque
3301 1671 3370 1724 ad

1802 1739 1962 1796 ﬁnem
1995 1753 2275 1812 perennet,
2314 1747 2410 1816 qui
2442 1747 2565 1804 linis
2601 1750 2788 1819 junior
2823 1761 2907 1808 est
2943 1756 3368 1828 principio,boc,

1801 1829 2162 1900 inquit,etiam
2181 1837 2455 1892 rationem
2471 1840 2723 1899 habebit:
2749 1850 2932 1912 postea
2959 1846 3180 1900 adducit
3203 1850 3368 1903 etiam

134 1931 248 1999 περὶ
271 1929 468 1984 τούτου
501 1932 614 2003 γὰρ
642 1933 918 1987 ἐπιϐάλλω
945 1934 1120 2004 λέγειν
1138 1915 1300 1991 αὐτὸν
1329 1942 1526 1995 οἰκεῖον
1561 1942 1694 2014 ἱεροί

1801 1921 2127 1975 sententiam
2151 1923 2322 1978 divini
2352 1925 2633 1984 Hierothei
2669 1949 2681 1984 :
2716 1932 2950 2001 conjicio
2972 1936 3117 1990 enim
3143 1945 3267 1992 eum
3299 1939 3370 1994 de

131 2020 371 2076 τελεστῆν
404 2061 420 2079 .
457 2024 554 2077 am
583 2023 898 2079 διδάσκαλον
930 2025 1121 2082 ἑαυτοῦ
1151 2029 1544 2086 ἀποκαλοῦντα.

189 2197 302 2269 $1].
338 2201 452 2253 Καὶ
482 2201 697 2267 πολιὸς
725 2203 818 2256 καὶ
840 2202 989 2268 νέος.
1026 2205 1148 2270 Πῶς
1205 2206 1334 2260 ποτὲ
1366 2209 1463 2279 μὲν
1495 2209 1695 2277 πολιὸς,

137 2290 254 2344 ποτὲ
292 2291 346 2344 δὲ
384 2292 511 2355 νέος
555 2295 584 2347 ὁ
633 2294 837 2366 Κύριος
877 2297 1169 2368 γράφεται,
1215 2300 1290 2364 ὡς
1329 2301 1410 2354 τό·
1472 2303 1699 2371 Ἰησοῦς

132 2383 365 2452 Χριστός
391 2384 539 2453 χθὲς
580 2385 676 2437 καὶ
711 2385 976 2455 σήμερον
1004 2393 1036 2442 ὀ
1067 2391 1266 2457 αὐτὸς,
1311 2392 1406 2444 καὶ
1437 2395 1525 2458 εἰς
1558 2391 1698 2461 τοὺς

132 2473 328 2540 animi;
348 2492 362 2506 ο
397 2476 462 2528 τὸ
493 2475 627 2544 γοῦν
659 2479 896 2550 σήμερον
922 2478 1017 2532 τοῦ
1046 2480 1173 2550 χθὲς
1202 2481 1483 2554 νεώτερον.

203 2565 469 2635 Ἐ’πείπερ
516 2561 555 2634 ἡ
583 2569 796 2636 μονάς.
850 2566 1175 2643 Ἐπειδήπερ
1205 2575 1238 2644 ἡ
1271 2575 1604 2649 ἀριθμητικὴ
1635 2576 1696 2632 τὸ

133 2653 183 2707 ἐν
222 2657 470 2728 ἀριθμοῖς
510 2658 776 2730 διαίρεσιν
815 2661 935 2730 ἕχον
979 2662 1181 2733 πλῆθος
1226 2667 1306 2728 είς
1349 2667 1522 2736 πέρας
1567 2669 1697 2740 ἀνή-

131 2760 250 2815 γαγε
270 2765 281 2776 ·
317 2748 525 2816 μονάδα
573 2750 673 2821 μὲν
715 2751 887 2823 ἀρχὴν
924 2753 1120 2826 θεμένη
1167 2755 1260 2808 τοῦ
1303 2757 1501 2821 παντὸς
1562 2754 1696 2826 ἀρι-

137 2835 277 2906 Θμοῦ.
297 2842 464 2896 δυάδα
512 2842 570 2896 δὲ
614 2844 835 2914 ἀρτίων,
874 2847 968 2899 καὶ
1013 2846 1122 2899 τῶν
1171 2847 1297 2919 ἑξῆς
1343 2851 1422 2913 είς
1470 2850 1694 2920 μέγεθος

136 2935 418 3002 προϊόντων
445 2934 697 3007 ἀριθμῶν
726 2937 866 2989 κατά
897 2938 1194 3009 παράθεσιν
1220 2941 1478 3010 μονάδων,
1507 2943 1692 3014 ἐπειδὴ

136 3024 190 3076 τὸ
222 3027 440 3095 πλῆθος,
487 3027 771 3080 τουτέστιν
810 3031 842 3097 ἡ
879 3029 1073 3095 κτίσις,
1113 3033 1178 3083 ὲκ
1209 3031 1303 3084 τοῦ
1345 3032 1477 3086 Θεοῦ
1509 3035 1688 3087 ἐστιν⁸

130 3117 222 3168 ὅδὲ
248 3115 476 3189 ἀριθμὸς
519 3120 612 3172 ἐπὶ
643 3120 721 3190 τῷ
751 3120 944 3191 πλήθει
982 3123 1128 3174 ἐστίν
1150 3140 1162 3150 ·
1197 3123 1422 3187 εἰκότως
1463 3125 1523 3178 τὸ
1572 3124 1692 3179 κατ’

1801 2007 1922 2077 ipso
1967 2011 2148 2068 dicere
2198 2019 2479 2087 proprium
2531 2019 2588 2075 in
2643 2024 2818 2078 sacris
2867 2024 3218 2094 initiatorem,
3268 2045 3367 2084 seu

1797 2101 2119 2171 magistrum
2147 2121 2305 2161 suum
2338 2111 2722 2179 appellantem.

1869 2192 1894 2263 §
1934 2191 1999 2249 ll.
2049 2195 2112 2248 Et
2145 2215 2329 2264 canus,
2381 2210 2432 2255 et
2481 2202 2710 2271 juvenis.
2755 2206 3038 2274 Quomodo
3102 2209 3366 2268 Dominus

1797 2282 2089 2353 aliquando
2115 2290 2332 2358 quidem
2372 2295 2649 2364 antiquus,
2692 2299 2985 2369 aliquando
3019 2318 3150 2358 vero
3188 2319 3364 2361 novus

1796 2376 2156 2444 describatur,
2196 2389 2256 2436 ut
2292 2399 2305 2434 :
2340 2383 2497 2442 Iesus
2530 2387 2773 2443 Christus
2806 2390 2918 2445 heri
2960 2403 3011 2446 et
3045 2394 3365 2459 hodia,idem
3433 2451 3437 2456 .

1798 2473 1850 2520 et
1881 2467 1936 2520 in
1968 2471 2165 2524 swcula
2195 2473 2221 2509 ά
2250 2491 2263 2527 :
2299 2483 2449 2530 certe
2477 2476 2638 2533 hodie
2666 2487 2749 2534 est
2774 2481 2962 2550 juuius
2991 2483 3131 2538 heri.

1864 2557 2024 2629 212
2046 2562 2476 2634 Quandoquidem
2498 2571 2709 2627 ueritas.
2727 2571 3172 2644 Quandoquidem
3190 2577 3361 2631 arith-

1794 2653 1994 2706 metica
2043 2657 2446 2713 multitudinem
2497 2663 2551 2715 in
2599 2667 2844 2720 numeris
2889 2667 3214 2724 divisionem
3264 2671 3362 2725 ha-

1795 2740 2009 2796 bentem
2043 2744 2096 2797 in
2133 2746 2294 2798 [luem
2322 2749 2566 2815 deduxit,
2600 2766 2808 2822 ponens
2841 2759 3071 2812 monada
3097 2775 3194 2815 seu
3237 2761 3362 2814 uni-

1793 2837 1957 2887 tatem
1990 2837 2168 2890 omnis
2203 2841 2414 2894 numeri
2444 2843 2807 2914 principium;
2837 2847 3013 2901 duada
3053 2864 3148 2905 seu
3178 2851 3358 2906 duali-

1793 2933 1954 2980 tatem
1990 2944 2136 2992 vero,
2178 2933 2388 2999 parium
2435 2944 2489 2988 et
2531 2936 2863 3006 reliquorum
2905 2955 3257 2997 numerorum
3299 2944 3358 3000 in

1792 3019 2162 3088 magnitudine
2212 3024 2671 3094 progredientium
2721 3029 2998 3085 additione
3043 3033 3354 3100 unitat’um,

1792 3111 2049 3178 quoniam
2091 3114 2404 3176 multitudo,
2453 3118 2505 3170 id
2546 3129 2631 3173 est
2672 3129 2926 3174 creatura
2967 3131 3050 3178 est
3091 3139 3160 3178 ex
3201 3123 3352 3181 Deo:

131 3204 338 3277 ἀριθμὸν
383 3210 654 3280 νεώτερον
700 3211 1055 3283 ὀνομάζεται’
1103 3215 1166 3267 τὸ
1209 3215 1318 3288 γὰρ
1364 3217 1585 3288 πλῆθος,
1632 3219 1694 3272 τὸ

1799 3219 2057 3260 numerus
2078 3213 2255 3261 autem
2285 3215 2368 3262 est
2395 3210 2450 3263 in
2475 3213 2846 3279 multitudine,
2872 3215 3067 3269 merito
3087 3226 3356 3286 quantum

132 3300 209 3349 καὶ
239 3301 657 3372 ἀριθμούμενον,
692 3304 827 3373 μετά
867 3305 957 3358 τὸν
985 3306 1117 3360 Θεὸν
1150 3307 1370 3376 ἀφάτως
1394 3310 1486 3363 καὶ
1508 3312 1572 3363 ὲκ
1598 3311 1693 3364 τοῦ

1799 3294 1864 3348 ad
1899 3311 2187 3352 numerum
2231 3301 2416 3370 junior
2454 3303 2769 3358 nominatur
2799 3324 2812 3359 ι
2861 3308 3153 3364 multitudo
3187 3311 3354 3376 enim,

130 3387 246 3441 Θεοῦ
266 3395 518 3464 παρήχθη
540 3412 552 3424 ο
572 3395 704 3448 ἀλλὰ
730 3398 822 3450 καὶ
850 3397 943 3450 τοῦ
965 3401 1225 3470 νεωτέρου
1246 3401 1434 3455 τούτου
1463 3403 1692 3474 ἀριθμοῦ

131 3479 214 3549 τῆς
239 3483 465 3548 κτίσεως
515 3487 960 3560 ἁρχηγικώτερόν
987 3493 1132 3544 ἐστιν
1161 3495 1192 3563 ἡ
1225 3494 1410 3564 μονὰς,
1441 3496 1516 3560 ὡς
1536 3496 1690 3569 ἔφηνν

131 3571 259 3640 ﬁxa!
277 3576 380 3628 τῶν
400 3577 653 3647 ἀριθμῶν
678 3579 844 3644 αἰτία,
865 3581 957 3634 καὶ
977 3581 1172 3652 ἔχουσα
1202 3582 1383 3656 σχέσιν
1410 3585 1530 3639 τινὰ
1559 3588 1693 3656 πρὸς

128 3664 186 3715 τὰ
215 3666 266 3732 ἐξ
293 3670 460 3740 αὐτῆς
502 3671 690 3724 πολλά.
739 3673 946 3726 Οὐκοῦν
985 3677 1014 3727 ὁ
1057 3672 1207 3739 Θεὸς,
1250 3675 1325 3741 ὡς
1365 3679 1692 3733 καὶτούτων

129 3757 299 3822 αἴτιος,
320 3763 413 3814 καὶ
439 3763 669 3832 μονάδος
696 3764 851 3832 λόγον
879 3767 1110 3837 ἐπέχων,
1141 3767 1402 3842 νεώτερος
1427 3771 1566 3825 κατὰ
1593 3772 1690 3844 τὴν

130 3850 399 3923 εἰρημένην
431 3855 667 3926 θεωρίαν
694 3858 758 3909 ὲκ
785 3857 892 3910 τῶν
921 3859 979 3923 ἐξ
1015 3860 1180 3913 αὐτοῦ
1207 3859 1684 3936 προσαγορεύεται.

131 3937 236 3994 Εἰσὶ
261 3945 311 3996 δὲ
344 3947 398 3998 οῖ
420 3947 489 3999 τὰ
525 3947 750 4018 σώματα
789 3951 855 3982 ¹⁰⁰
891 3952 1121 4024 ἀριθμὸν
1155 3953 1453 4026 ὠνόμαζον.

198 4206 223 4275 §
249 4209 330 4261 lll.
377 4212 486 4264 Kal
519 4212 832 4280 ἀπαὶύτως
864 4215 1176 4285 ἀγέννητοι.
1207 4219 1353 4273 Ἀνω
1385 4218 1483 4292 μὲν
1516 4222 1574 4274 ἐν
1604 4223 1682 4294 τῷ

132 4297 341 4371 πέμπτῳ
372 4303 653 4375 κεφαλαίῳ
687 4307 812 4377 περὶ
860 4308 1053 4372 αἰῶνος
1087 4311 1178 4364 καὶ
1206 4312 1398 4382 χρόνον
1436 4313 1682 4378 πλατέως

127 4384 420 4462 διελάϐομεν
456 4397 472 4426 ¹
495 4411 509 4422 ο
537 4395 631 4448 νῦν
660 4397 715 4449 δὲ
744 4397 810 4450 τὰ
842 4396 1148 4471 ζητούμενα
1192 4405 1545 4473 σαφηνιστέον
1564 4422 1577 4434 ·
1618 4406 1679 4458 οὑ

134 4481 273 4546 μόνον
298 4487 403 4558 γὰρ
440 4487 476 4558 ἡ
505 4488 716 4559 Γραφὴ,
759 4491 940 4562 φησιν,
979 4491 1199 4546 αἰώνιον
1224 4495 1376 4547 καλεῖ
1406 4495 1502 4549 τὸν
1525 4497 1676 4560 Θεὸν,

1794 3401 1916 3456 qua:
1953 3396 2040 3442 est
2066 3389 2121 3442 id
2154 3391 2300 3459 quod
2328 3401 2667 3463 numeratur,
2704 3395 3031 3465 post'Deum
3073 3400 3359 3455 ineli‘abili-

1795 3487 1877 3533 ter
1918 3487 1970 3534 et
2008 3495 2038 3534 a
2069 3480 2180 3537 Deo
2213 3485 2476 3553 producta
2525 3495 2651 3542 est:
2691 3490 2988 3557 quinetiam
3041 3507 3232 3547 monas
3273 3501 3358 3548 est

1793 3571 2068 3640 antiquior
2082 3572 2302 3641 juniore
2331 3575 2433 3631 hoc
2461 3585 2727 3632 creatura:
2753 3596 3002 3642 numero,
3033 3598 3171 3651 quae,
3210 3584 3356 3639 sicut

1791 3659 1925 3723 dixi,
1951 3668 2037 3714 est
2066 3677 2418 3717 numerorum
2449 3680 2636 3732 causa,
2674 3677 2730 3722 et
2763 3669 2924 3724 habet
2962 3673 3354 3727 connexionem

1789 3754 2078 3823 quamdam
2110 3771 2233 3810 cum
2264 3759 2472 3820 multis.
2502 3775 2623 3828 qua!
2651 3775 2718 3814 ex
2750 3761 2865 3830 ipsa
2896 3763 3215 3831 procedunt.
3250 3764 3354 3817 Ita-

1789 3863 1893 3917 que
1915 3847 2081 3912 Deus,
2117 3857 2176 3902 ut
2206 3851 2370 3904 etiam
2410 3852 2606 3906 horum
2653 3862 2863 3919 auctor,
2897 3863 2950 3908 ct
2980 3856 3230 3910 monadis
3263 3873 3354 3910 rac-

1787 3940 1988 3994 tionem
2037 3940 2312 4006 obtinens,
2348 3944 2647 3998 secundum
2688 3945 2890 3998 dictam
2936 3948 3351 4016 contemplatio-

1785 4045 1934 4094 nem,
1965 4032 2268 4101 appellatur
2292 4033 2478 4102 junior
2508 4035 2575 4089 iis
2603 4051 2724 4105 qua:
2749 4035 2818 4088 ab‘
2845 4051 2911 4090 eo
2935 4037 3204 4105 producta
3230 4038 3349 4093 foe-

1784 4130 1914 4178 runt
1944 4142 1957 4177 :
1994 4133 2121 4179 sunt
2151 4125 2244 4194 qui
2274 4140 2504 4196 corpora
2533 4129 2876 4197 appellarunt
2906 4143 3211 4184 numerum.

1852 4213 1879 4285 §
1927 4212 2014 4268 Ill.
2076 4213 2142 4266 Et
2190 4203 2427 4270 absolute
2477 4217 2726 4286 ingenita.
2787 4215 2960 4287 Supra
3014 4219 3233 4287 quidem
3289 4218 3348 4275 in

1781 4307 1975 4376 quinto
2017 4308 2215 4378 capite,
2259 4308 2381 4363 fuse
2423 4311 2784 4366 tractavimus
2830 4309 2896 4366 de
2942 4311 3247 4366 aeternitate
3292 4319 3348 4366 et

1780 4407 2024 4470 tempore
2061 4421 2073 4455 :
2110 4417 2255 4457 nunc
2295 4417 2422 4457 vero
2454 4403 2776 4473 explicanda
2816 4411 2945 4458 sunt
2986 4419 3108 4474 quin
3149 4411 3348 4472 petun-

1780 4498 1910 4546 tur:
1963 4507 2073 4547 non
2122 4501 2334 4548 tantum
2375 4495 2518 4549 enim
2571 4494 2882 4565 Scriptura,
2942 4495 3138 4565 inquit,
3185 4501 3346 4551 vocat

130 4571 183 4622 ἐν
215 4577 284 4646 τῷ
310 4578 510 4647 λέγεινδ
555 4581 614 4633 '0
636 4581 768 4646 Θεὸς
801 4583 829 4633 ὁ
860 4584 1092 4649 αἰώνιος,
1123 4587 1150 4637 ὁ
1183 4589 1588 4651 κατασκευάσας
1612 4588 1680 4643 τὰ

1799 4583 1950 4639 Deum
1984 4595 2268 4649 aeternum,
2299 4587 2429 4641 dum
2462 4587 2596 4642 dicit
2633 4607 2645 4642 :
2685 4587 2825 4644 Deus
2848 4596 3107 4653 aeternus,
3140 4589 3233 4658 qui
3266 4589 3348 4642 fa-

130 4660 258 4732 ἀκρα
283 4669 374 4738 τῆς
417 4670 554 4740 γῆς·
591 4669 684 4723 τὸν
713 4672 822 4744 γὰρ
859 4669 989 4727 Θεὸν
1019 4675 1165 4744 λέγει
1205 4677 1484 4741 ἀπολύτως
1519 4680 1680 4748 ἀγι-εν⁴

129 4769 291 4822 νητον,
328 4761 422 4814 ᾶτε
465 4763 560 4816 καὶ
601 4764 856 4828 ἀναιτίως
891 4765 1020 4820 ὄντα
1056 4767 1247 4831 τοῦτο,
1297 4769 1431 4822 ἀλλὰ
1480 4771 1570 4823 καὶ
1609 4771 1679 4824 τὰ

133 4848 401 4918 μετέχοντα
431 4854 738 4925 ἀφθαρσίας
768 4859 858 4909 καὶ
891 4857 1216 4912 ἀναλλοίωτα
1240 4864 1364 4933 περὶ
1383 4863 1549 4934 αὐτὴν
1579 4865 1678 4937 τὴν

127 4938 296 4993 οὐσίαν
337 4945 526 4999 ultima
570 4947 750 5016 λέγει,
791 4951 898 5002 εἴτε
942 4951 1223 5020 ἀγγέλους,
1259 4955 1369 5007 εἴτε
1411 4955 1677 5028 ἀνώτερον

127 5029 352 5099 οὐρανὸν,
377 5037 451 5101 ὡς
482 5038 563 5090 τόο
604 5041 900 5107 Ἕστησεν
929 5043 1079 5097 αὐτὰ
1104 5048 1190 5110 εὶς
1217 5044 1324 5098 τὸν
1349 5046 1552 5110 αἰῶνα,
1578 5049 1676 5103 καὶ

128 5122 211 5184 εις
239 5123 334 5177 τὸν
370 5127 555 5181 αἰῶνα
583 5129 690 5184 τοῦ
718 5131 951 5198 αἰῶνος,
983 5135 1076 5187 καὶ
1102 5129 1194 5188 τό·
1224 5137 1300 5190 Τὰ
1333 5138 1418 5207 μὴ
1449 5139 1678 5203 βλεπό-

123 5229 285 5279 μενα,
311 5219 525 5275 αἰώνια.
561 5219 913 5277 Ἀναλλοίωτα
937 5225 994 5278 δέ
1027 5242 1157 5297 φησι
1181 5230 1434 5298 μείναντα
1457 5225 1533 5294 ὡς
1560 5231 1692 5300 ἐγέο,

129 5320 295 5358 νοντο·
330 5309 420 5364 καὶ
457 5312 635 5376 πύλας
665 5314 886 5378 αἰωνίας
927 5317 1080 5370 καλεῖ
1116 5319 1227 5372 εἴτε
1255 5323 1533 5393 οὐρανοὺς,
1567 5323 1678 5377 εἴτε

128 5394 250 5457 τοὺς
293 5399 652 5474 ἐφεστηκότας
689 5404 896 5470 τούτοις
927 5408 1206 5478 ἀγγέλους.
1239 5405 1326 5465 οἷα
1358 5413 1638 5484 πυλωροὺς
1657 5424 1674 5445 ⁸

165 5550 192 5589 ἀ
221 5551 367 5615 Hebr.
396 5575 518 5628 xm,
545 5560 601 5619 8.
678 5573 702 5602 ο
725 5561 869 5618 Psal.
897 5577 1118 5628 cxcvm,
1151 5565 1203 5622 6.
1283 5566 1301 5606 ῐ
1332 5566 1377 5622 ll
1408 5567 1537 5625 Cor.
1573 5585 1648 5633 IV,
1681 5570 1768 5626 18.

1780 4675 2024 4733 bricatus
2061 4685 2146 4732 est
2175 4686 2418 4734 extrema
2446 4689 2605 4735 terra:
2639 4700 2653 4736 :
2693 4681 2828 4735 dicit
2858 4681 3004 4736 enim
3040 4681 3212 4737 Deum
3242 4683 3340 4736 ab-
3372 4735 3374 4737 ,

1779 4769 1955 4824 solute
1998 4770 2322 4840 ingenitum,
2369 4783 2626 4841 tanquam
2670 4787 2796 4827 eum
2831 4775 2924 4844 qui
2974 4774 3078 4827 hoc
3109 4775 3344 4829 estsine

1779 4873 2020 4926 auctore,
2053 4879 2243 4919 verum
2274 4867 2440 4920 etiam
2470 4866 2606 4921 dicit
2630 4877 2831 4921 aeterna
2863 4883 2986 4936 qua:
3012 4867 3343 4936 participant

1777 4954 2265 5024 incorruptionem,
2297 4969 2474 5026 neque
2499 4957 2556 5010 in
2597 4958 2714 5027 ipsa
2756 4958 2995 5013 essentia
3041 4968 3338 5022 mutantur,

1778 5045 1894 5101 sive
1942 5048 2051 5101 sint
2099 5039 2297 5118 angeli,
2346 5049 2464 5104 sive
2508 5050 2704 5103 malum
2761 5066 3104 5120 supremum,
3145 5051 3335 5104 sicut:

1780 5139 1981 5194 Statuit
2004 5142 2140 5194 eain
2173 5147 2445 5204 wternum,
2480 5150 2528 5194 et
2558 5141 2613 5194 in
2641 5142 2892 5194 arculum
2923 5141 3108 5196 saeculi
3140 5151 3200 5204 ος
3239 5145 3335 5194 et:

1781 5231 1912 5297 Quia
1943 5247 2043 5284 non
2077 5230 2338 5295 videntur,
2371 5240 2577 5286 (eterna.
2608 5231 2651 5286 ί.
2686 5231 2858 5286 Porro
2889 5231 3211 5285 ἀναλλοίωτα
3241 5243 3337 5281 vo-

1779 5330 1866 5376 cat
1899 5338 2018 5392 qua:
2069 5329 2288 5378 manent
2333 5326 2476 5380 sicut
2512 5325 2752 5388 fuerunt,
2792 5335 2846 5380 et
2892 5331 3076 5393 portas
3103 5329 3338 5376 aeternas

1778 5423 1956 5481 vocat,
1993 5417 2108 5471 sive
2156 5418 2348 5482 caelos,
2389 5418 2504 5474 sive
2546 5420 2768 5490 angelos
2811 5417 2903 5488 qui
2947 5415 3028 5470 eis
3069 5420 3334 5484 praesunt,
3379 5501 3383 5506 ι

1022 5696 1254 5757 VARliE
1292 5696 1670 5760 LECTIONES
1706 5703 1793 5758 ET
1833 5704 2388 5761 CORRECTIONES.

217 5804 252 5835 ”
281 5808 395 5879 ἄχρι
427 5809 613 5874 τέλους
644 5811 1027 5878 διαιωνίζοντα,
1099 5815 1188 5866 καὶ
1243 5816 1332 5869 ἐπὶ
1398 5817 1572 5870 πάντα
1604 5817 1806 5886 διήκειν
1831 5816 1919 5868 καὶ
1949 5818 2212 5886 προϊέναι,
2247 5819 2383 5888 ὅπερ
2431 5816 2597 5876 τέλος.

133 5866 158 5917 ἐ
167 5866 322 5943 Bap-sv:

2698 5813 2766 5842 ¹⁰⁰
2799 5811 3052 5879 ὀνόματα.
3135 5811 3150 5842 ⁸
3188 5828 3330 5884 παρα
