3882 6544
570 401 675 456 587

1341 401 1675 459 ΑΡΡΕΝὓΙΧ
1705 400 1797 455 AD
1829 399 2056 460 OPERA
2089 398 2146 456 S.
2183 399 2477 458 DIONYSII
2513 402 2996 462 ABEOPAGITE.

3664 409 3750 468 388

571 524 829 592 tauquam
881 528 1160 592 portarum
1216 517 1512 584 custodes;
1571 526 1625 571 et
1682 517 1904 587 antiqua
1969 523 2118 571 vocat

2230 517 2321 570 καὶ
2365 516 2433 569 τὰ
2486 517 2688 588 ἀρχαῖα
2729 517 2786 571 δὲ
2838 517 3031 571 αἰώνια
3062 517 3216 572 καλεῖ
3245 560 3258 583 ,
3299 517 3376 583 ὡς
3406 519 3500 574 καὶ
3532 521 3599 573 τό·
3632 523 3750 591 Ἔτη

567 620 792 679 εἰει-ηε,
845 614 1007 675 sicut,
1054 613 1233 665 Annos
1281 621 1502 666 aeternos
1550 611 1604 663 in
1653 618 1820 663 mente
1870 608 2030 662 habui
2077 611 2124 674 8,

570 692 923 775 nostrumque
955 713 1192 776 tempus,
1215 705 1473 760 saeculum
1504 703 1656 767 dicit,
1690 703 1832 759 sicut
1865 700 2034 773 Usque
2059 701 2128 756 ad

568 797 1062 850 consummationem
1097 797 1281 852 διευκίὶ
1314 797 1339 836 Ιι
1368 814 1383 863 ;
1430 803 1524 851 et:
1573 793 1641 848 Ut
1687 795 1903 863 eriperet
1941 812 2034 848 nos
2066 792 2130 849 de

565 885 809 956 praesenti
839 885 1031 939 saeculo
1064 902 1283 957 nequam
1322 883 1373 954 ίς
1411 894 1466 942 et
1500 887 1621 943 vice
1660 902 1837 950 versa,
1868 886 2126 942 saeculum

566 984 777 1047 tempus
831 977 1006 1040 dicit,
1041 984 1098 1030 ut
1135 981 1288 1048 :Ego
1322 978 1644 1032 resuscitabo
1696 995 1814 1032 eum
1859 978 1914 1031 in
1956 977 2131 1031 novis-

563 1069 694 1123 simo
727 1067 810 1123 die
858 1069 886 1108 ιι
933 1086 947 1122 :
995 1069 1256 1124 saeculum
1313 1069 1478 1133 enim,
1519 1085 1628 1124 non
1664 1085 1795 1124 vero
1831 1070 1983 1132 dies,‘
2010 1084 2130 1138 qua:

563 1161 618 1216 in
649 1162 1048 1218 resurrectione
1083 1170 1178 1217 :et
1205 1162 1402 1216 iterum
1435 1181 1448 1216 :
1482 1161 1548 1216 In
1581 1163 1766 1232 quibus
1791 1161 1930 1216 Deus
1970 1161 2128 1231 hujus

561 1254 765 1319 saeculi,
814 1256 1098 1310 excecavit
1142 1263 1336 1309 mentes
1370 1253 1664 1324 inﬁdelium
1704 1253 1748 1319 1,
1793 1262 1955 1324 atque
1992 1262 2130 1308 tem-

560 1362 684 1416 pus,
715 1347 972 1402 saeculum
1003 1345 1168 1410 dicit,
1201 1353 1260 1399 ut
1294 1361 1306 1396 :
1343 1345 1468 1400 Dies
1493 1345 1678 1400 swculi
1712 1357 1786 1411 ως
1827 1353 1879 1400 et
1916 1360 1930 1397 :
1975 1343 2130 1398 Moa-

561 1438 690 1495 bites
724 1450 773 1494 et
805 1439 1127 1493 Ammonites
1173 1439 1332 1492 etiam
1364 1447 1482 1508 post
1526 1437 1787 1492 decimam
1829 1439 2128 1508 generatio-

561 1549 676 1586 nem
707 1549 809 1587 non
837 1532 1109 1586 intrabunt
1145 1531 1438 1586 Ecclesiam
1468 1531 1702 1598 Domini,
1737 1531 1790 1585 in
1813 1541 2126 1588 ceternum“.

561 1621 694 1676 Nam
727 1623 913 1678 decem
959 1624 1339 1694 generationes
1413 1625 1669 1679 sarculum
1703 1624 1858 1678 dicit.
1911 1625 2129 1679 Aliter:

561 1711 679 1769 Non
694 1723 926 1784 oportet,
947 1715 1141 1786 inquit,
1167 1717 1258 1770 ubi
1283 1715 1561 1787 Scriptura
1575 1717 1831 1772 saaculum
1850 1716 2004 1777 dicit,
2023 1730 2136 1770 om-

559 1806 690 1859 nino
705 1806 1040 1861 divinitatem
1057 1808 1354 1879 intelligere
1373 1827 1386 1861 :
1407 1807 1507 1862 hoc
1521 1808 1662 1862 enim
1681 1815 1762 1863 est
1778 1807 1937 1877 213
1954 1806 2128 1878 πάντη

559 1904 612 1950 et
644 1897 942 1963 ἀπολύτως,
975 1898 1029 1952 id
1058 1906 1141 1953 est
1175 1898 1476 1954 secundum
1507 1913 1720 1954 omnem
1757 1913 2000 1962 sensum,
2042 1898 2126 1952 in-

559 1991 798 2060 genitum
821 2005 884 2044 ac
906 1998 1165 2046 aeternum
1189 2010 1202 2046 :
1245 1990 1545 2061 quinetiam
1568 1990 1664 2044 tali
1684 1989 1921 2044 dictione
1949 1989 2124 2059 angeli

557 2081 953 2151 signiﬁcantur,
988 2089 1045 2136 ut
1083 2083 1176 2154 qui
1214 2083 1270 2137 in
1298 2081 1580 2137 identitate
1621 2095 1971 2152 perseverare
1999 2095 2125 2152 pos-

556 2182 704 2229 sunt.
805 2210 808 2213 -
907 2205 915 2214 -

624 2263 999 2321 ZEternitatem
1041 2274 1432 2320 consecuturos.
1483 2264 1640 2321 Hunc
1677 2266 1842 2320 etiam
1895 2264 2112 2320 Patrem

552 2357 801 2426 accipere
838 2357 1222 2421 aeternitatem,
1275 2357 1576 2411 secundum
1613 2355 1933 2429 Gregorium
1967 2356 2121 2410 theo-

552 2447 756 2518 logum,
805 2463 904 2518 pro
947 2447 1316 2504 declaratione
1363 2447 1630 2520 perpetui,
1679 2464 1778 2505 seu
1807 2449 1928 2519 ejus
1957 2447 2118 2519 “quod

551 2554 767 2609 semper
796 2556 915 2596 esse
947 2541 1169 2596 dicitur.

626 2632 925 2698 Quinetiam
962 2649 1127 2687 u'vum
1156 2632 1439 2702 temporale
1467 2630 1782 2687 celebratur.
1815 2630 2118 2686 Eternitas

551 2721 606 2776 in
635 2733 896 2794 tempore,
927 2733 985 2778 ut
1013 2725 1068 2778 in
1100 2726 1326 2796 psalmis
1371 2745 1384 2780 :
1417 2724 1702 2780 Laboravit
1740 2726 1794 2778 in
1826 2735 2113 2790 teternum,

548 2823 595 2867 et
627 2815 751 2869 vivet
784 2816 837 2869 in
877 2817 1034 2885 ﬁnem
1055 2824 1102 2871 ο.
1151 2815 1442 2871 ιιΕίειδηιιηι
1490 2823 1672 2871 autem
1717 2825 1963 2885 tempus,
1995 2831 2116 2885 quae

546 2906 689 2974 apud
716 2905 1055 2977 Apostolum,
1087 2908 1252 2962 veluti
1287 2906 1462 2963 :Ante
1492 2916 1724 2978 tempora
1754 2907 2111 2972 strculariaP;

543 3002 637 3053 et:
673 2989 1008 3067 Temporibus
1057 3000 1267 3053 aeternis
1295 3000 1442 3052 taciti
1463 3010 1514 3056 ει.
1539 2999 1617 3054 Ac
1653 3001 1710 3054 in
1740 2999 1922 3070 Moyse
1951 3017 1965 3054 :
1992 2997 2112 3053 Erit

545 3088 639 3142 tibi
673 3105 940 3158 possessus
972 3091 1027 3144 in
1059 3101 1331 3146 trternum.
1366 3090 1504 3145 Nota
1549 3106 1699 3154 vero,
1729 3093 1986 3146 saeculum
2021 3092 2110 3145 fu-

544 3188 725 3235 turum
752 3195 875 3237 esse
904 3181 1282 3255 incorruptum
1317 3192 1371 3237 et
1400 3198 1616 3254 semper
1643 3184 1832 3239 eodem
1861 3185 2023 3240 modo
2051 3201 2109 3240 se
2136 3201 2177 3258 ο

545 3271 764 3327 habere.

615 3363 848 3419 Tametsi
885 3366 1080 3421 scimus
1113 3366 1176 3419 ab
1218 3367 1366 3435 ipsis.
1398 3365 1540 3438 ipsis
1573 3366 1823 3423 videlicet
1852 3369 2060 3424 sanctis
2091 3389 2103 3424 :

541 3461 670 3509 nota
699 3461 878 3511 autem
907 3457 1052 3528 quod
1085 3458 1471 3528 intelligibilia,
1512 3459 1660 3514 entia
1690 3467 1874 3524 vocat,
1906 3460 2108 3530 quibus

539 3545 702 3599 etiam
731 3547 1094 3603 aeternitatem
1127 3555 1522 3616 connumerat;
1559 3549 1780 3604 sensilia
1825 3563 1976 3613 vero,
2015 3566 2106 3620 ge-

537 3634 877 3692 nerationem
907 3637 1063 3703 dicit,
1092 3653 1326 3709 quorum
1348 3641 1512 3695 etiam
1540 3647 1755 3712 tempus
1783 3655 1906 3697 esse
1931 3641 2102 3712 signi-

537 3731 683 3784 ﬁcat.
716 3729 840 3784 Haec
871 3730 1108 3801 perfecte
1140 3732 1310 3788 habes
1340 3734 1395 3788 in
1425 3734 1602 3804 capite
1631 3732 1842 3804 quinto.

543 3842 545 3844 ·
606 3819 730 3875 Νοη
758 3823 1066 3891 simpliciter
1109 3834 1370 3879 cowterna
1401 3824 1526 3880 Deo.
1572 3823 1984 3895 Sapientissime
2013 3838 2101 3879 se-

533 3925 726 3967 curum
774 3913 954 3970 reddit
997 3915 1303 3972 auditorem
1333 3916 1389 3971 in
1437 3915 1719 3989 religione,
1750 3915 1941 3970 dicens
1989 3930 2098 3969 non

531 4001 731 4060 debere
778 4007 1082 4062 existimari
1124 4022 1188 4063 ea
1233 4024 1354 4079 qua:
1400 4017 1603 4064 aeterna
1649 4008 1928 4070 dicuntur,
1974 4006 2097 4061 ideo

529 4109 653 4152 esse
693 4095 804 4154 Deo
843 4104 1116 4153 coaeterna
1156 4099 1249 4168 qui
1302 4107 1388 4155 est
1438 4107 1562 4155 ante
1605 4100 1827 4155 saecula.
1875 4098 1942 4153 Et
1979 4098 2094 4168 jam

2225 607 2430 662 αἰώνια
2460 607 2800 677 ἐμνήσθην·
2829 610 2923 662 καί
2953 609 3044 662 τὸν
3077 609 3196 664 καθ’
3229 612 3376 681 ἡμᾶς
3406 612 3586 682 χρόνον
3613 613 3752 668 αἰῶνά

2228 689 2504 770 φησιν,ὡς
2519 700 2580 753 τό
2597 717 2610 730 ·
2635 700 2778 764 Ἕως
2799 699 2910 770 τῆς
2935 703 3289 769 συντελείας
3309 704 3413 758 τοῦ
3437 703 3656 770 αἰῶνος·
3679 707 3753 760 καὶ

2226 791 2307 843 τόδ
2337 793 2526 857 Ὅπως
2538 791 2812 861 ἐξέληται
2825 793 2980 862 ἡμᾶς
2991 795 3106 849 ἀπὸ
3133 795 3238 850 τοῦ
3250 796 3570 864 ἐνεστῶτος
3579 797 3751 865 αἰῶνος

2228 883 2491 952 πονηροῦ
2511 901 2525 915 ο
2561 886 2654 938 καὶ
2677 886 2963 949 ἀνάπαλιν,
2985 886 3077 940 τὸν
3103 887 3278 942 αἰῶνα
3303 889 3491 960 χρόνον
3519 890 3666 960 λέγει,
3694 892 3753 956 ὡς

2227 973 2307 1027 τό.
2359 973 2496 1044 Ἐγὼ
2523 975 3067 1058 ἀνασττξσωλαὺτὸν
3092 979 3161 1031 ἐν
3200 977 3277 1048 τῇ
3303 981 3532 1050 ἐσχάτη
3568 983 3751 1052 ἡμέρᾳ·

2228 1067 2359 1121 αἰὼν
2390 1067 2518 1139 γάρ,
2554 1068 2667 1120 ἀλλ’
2699 1070 2796 1138 οὐχ
2829 1070 3029 1142 ἡμέρα,
3063 1071 3132 1124 τά
3163 1073 3221 1123 ὲν
3252 1075 3318 1144 τῇ
3353 1074 3649 1128 ἀναστάσειο
3681 1077 3756 1129 καὶ

2230 1159 2408 1212 πάλιν·
2448 1160 2543 1213 Ἐν
2571 1161 2659 1225 οἷς
2679 1164 2711 1214 ό
2727 1160 2870 1226 Θεὸς
2897 1163 3000 1216 τοῦ
3019 1162 3231 1230 αἰῶνος
3259 1166 3469 1219 τούτου
3484 1167 3756 1236 ἐτύφλωσε

2228 1252 2301 1304 τὰ
2323 1250 2588 1319 νοήματα
2614 1249 2731 1304 τῶν
2756 1253 3027 1306 ἀπίστων
3043 1270 3056 1283 ·
3089 1256 3180 1308 καὶ
3204 1254 3296 1308 τὸν
3320 1257 3510 1327 χρόνον
3539 1257 3590 1312 δὲ
3615 1259 3757 1312 αἰῶνά

2231 1358 2412 1413 φησιν,
2443 1342 2519 1405 ὡς
2548 1342 2639 1395 τό·
2674 1346 2742 1396 Αἰ
2773 1341 2980 1413 ἡμέραι
3009 1345 3114 1398 τοῦ
3141 1345 3374 1413 αἰῶνος,
3409 1349 3523 1402 καί’
3562 1352 3757 1403 Μωαϐί-

2229 1450 2338 1499 της
2364 1434 2461 1487 καὶ
2476 1435 2777 1503 Ἀμανίτης
2799 1436 2905 1490 οὐκ
2925 1437 3371 1492 εἰσελεύσονται
3393 1441 3481 1504 εἰς
3502 1440 3602 1492 τὸν
3618 1441 3759 1494 οἰκον

2230 1525 2450 1592 Κυρίου
2461 1525 2570 1591 ἕως
2581 1524 2830 1593 δεκάτης
2859 1523 3066 1594 γενεᾶς
3090 1529 3176 1592 εἰς
3196 1528 3302 1580 τὸν
3320 1529 3504 1583 αἰῶνα
3519 1547 3531 1560 ·
3549 1530 3641 1596 τὰς
3668 1533 3758 1604 γὰρ

2231 1617 2366 1671 δέκα
2410 1618 2601 1686 γενεὰς
2633 1617 2802 1672 αἰῶνά
2832 1635 3015 1688 φησιν.
3055 1620 3278 1684 Ἀλλως·
3325 1623 3398 1674 Οὺ
3433 1624 3560 1695 χρὴ,
3601 1625 3758 1695 φησὶν,

2231 1705 2357 1759 ἔνθα
2389 1707 2423 1779 ἠ
2452 1706 2641 1778 Γραφὴ
2675 1706 2884 1760 αἰώνιον
2915 1708 3078 1777 λέγει,
3115 1713 3329 1774 πάντως
3359 1711 3421 1764 τὸ
3455 1713 3592 1766 θεῖον
3621 1717 3755 1768 νοεῖν·

2229 1797 2389 1850 τοῦτο
2429 1796 2538 1867 γάρ
2571 1799 2685 1850 ἐστι
2729 1798 2792 1851 τὸ
2838 1799 3012 1872 πάντη
3059 1802 3152 1856 καὶ
3191 1802 3509 1872 άπολύτως,
3543 1808 3761 1862 τουτέστι

2228 1889 2368 1942 κατά
2400 1891 2579 1945 πᾶσαν
2610 1891 2837 1954 ἔννοιαν,
2853 1893 3141 1964 ἀγέννητον
3174 1897 3266 1949 καὶ
3296 1898 3460 1951 ἀΐδιον
3480 1915 3493 1928 ·
3529 1899 3654 1954 ἀλλὰ
3684 1905 3761 1956 καὶ

2225 1979 2486 2048 ἀγγέλους
2530 1984 2597 2054 τῇ
2643 1983 2867 2057 τοιαύτῃ
2913 1985 3053 2052 λέξει
3103 1988 3480 2058 σημαίνεσθαι,
3521 1992 3595 2056 ὡς
3625 1993 3679 2046 τὸ
3712 1995 3760 2046 ὲν

2225 2071 2510 2144 ταυτότητι
2537 2074 2808 2145 διαμένειν
2840 2076 3080 2148 ἔχοντας.

2290 2255 2513 2323 Αίῶνος
2546 2257 2838 2326 μεθέξειν.
2883 2261 3003 2314 Ὅτι
3036 2261 3128 2315 καὶ
3158 2257 3309 2328 οὗτος
3333 2265 3362 2317 ὁ
3392 2265 3582 2337 Πατὴρ
3609 2266 3761 2320 αἰῶνα

2220 2347 2482 2418 λαμϐάνει
2533 2349 2673 2404 κατὰ
2700 2351 2792 2405 τὸν
2825 2351 3066 2424 Θεολόγον
3111 2356 3437 2430 Γρηγόριον,
3470 2358 3565 2412 τοῦ
3607 2359 3761 2432 διηνε-

2220 2439 2367 2505 κοῦς,
2402 2441 2570 2511 ἤγουν
2600 2442 2694 2496 τοῦ
2724 2443 2815 2498 ἀεὶ
2841 2441 2980 2501 εἶναι
3011 2447 3110 2519 τὴν
3135 2447 3381 2520 δήλωσιν.

2288 2622 2398 2676 Καὶ
2425 2621 2709 2692 ἕτχρονος
2730 2625 2874 2678 αἰὼν
2895 2623 3213 2691 δοξάζεται.
3249 2628 3542 2699 Ἔγχρονος
3574 2629 3697 2683 αἰὼν
3713 2631 3764 2684 τὸ

2215 2716 2273 2768 ἐν
2299 2715 2532 2786 ψαλμοῖς
2551 2733 2564 2746 ο
2600 2716 2954 2771 Ἐκοπίασεν
2979 2720 3066 2784 εἰς
3084 2719 3192 2773 τὸν
3207 2719 3392 2774 αἰῶνα
3419 2722 3518 2774 καί
3547 2721 3762 2788 ζήσεται

2211 2809 2298 2874 εὶς
2315 2807 2508 2875 τέλος.
2523 2808 2746 2873 Δίὡνιος
2768 2809 2825 2863 δὲ
2853 2811 3038 2883 χρόνος
3067 2809 3137 2866 τὰ
3169 2812 3318 2884 παρὰ
3347 2815 3424 2884 τῷ
3453 2815 3761 2885 ’Δποστόλῳ,

2210 2894 2320 2953 οἷον
2331 2901 2410 2953 τό·
2432 2900 2553 2968 Πρὸ
2570 2901 2803 2970 χρόνων
2822 2902 3092 2968 αἰωνίων,
3119 2904 3228 2957 καίο
3254 2906 3504 2972 Χρόνοις
3524 2907 3765 2971 αἰωνίοις

2211 2987 2639 3059 σεσιγημένουο
2673 2991 2765 3045 καὶ
2797 2993 2854 3044 ὲν
2884 2992 3070 3046 Μωσεί
3098 2993 3178 3045 τόο
3217 2995 3431 3047 Ἔσται
3471 3009 3574 3049 σοι
3610 2995 3764 3047 κατό-

2211 3100 2380 3151 χιμος
2415 3085 2504 3149 εἰς
2539 3081 2649 3138 τὸν
2683 3082 2885 3138 αἰῶνα.
2922 3083 3230 3155 Σημείωσαι
3261 3085 3339 3151 δὲ,
3384 3086 3468 3139 ὅτι
3503 3085 3765 3160 ἄφθαρτος

2212 3174 2304 3227 καὶ
2335 3175 2422 3228 ἀεὶ
2451 3171 2709 3238 ὡσαύτως
2737 3174 2874 3246 ἔχων
2903 3177 2932 3227 ὁ
2959 3175 3164 3247 μέλλων
3193 3177 3341 3231 αἰών.

2286 3358 2362 3411 Ἦ
2386 3357 2481 3412 καὶ
2506 3356 2746 3428 μᾶλλον
2771 3361 2948 3431 ἴσμεν
2979 3362 3199 3428 αὐτοῖς.
3227 3363 3434 3427 -Αὐτοίς
3455 3367 3571 3427 τοῖς
3600 3366 3764 3434 ἁγίοις

2205 3451 2463 3523 δηλονότι.
2516 3453 2827 3524 Σημείωσαι
2860 3454 2937 3518 δὲ,
2981 3455 3062 3507 ὅτι
3099 3454 3165 3508 τὰ
3194 3456 3378 3526 νοητά,
3427 3455 3560 3509 ὄντα
3589 3457 3762 3519 καλεῖ,

2204 3541 2284 3609 οἷς
2317 3546 2409 3599 καὶ
2438 3545 2528 3597 τὸν
2560 3545 2731 3599 αἰῶνα
2765 3545 3106 3617 συναριθμεί·
3139 3547 3208 3602 τὰ
3238 3548 3294 3600 δὲ
3327 3548 3585 3620 αἰσθητά,
3621 3550 3764 3618 γένε-

2207 3653 2288 3689 σιν
2317 3636 2481 3704 λέγει,
2515 3629 2590 3688 ὧν
2621 3636 2715 3689 καὶ
2744 3635 2834 3687 τὸν
2863 3635 3047 3706 χρόνον
3089 3633 3224 3688 εἶναι
3268 3638 3544 3708 σημαίνει.
3590 3639 3766 3692 Ταῦτα

2202 3728 2422 3791 τελείως
2452 3728 2592 3798 ἔχεις
2625 3729 2681 3781 ὲν
2711 3728 2987 3798 κεφαλαίῳ
3020 3729 3271 3800 πέμπτῳ.

2299 3822 2420 3888 Οὐχ
2451 3819 2656 3884 ἁπλῶς
2676 3821 2949 3874 συναΐδια
2984 3820 3124 3886 Θεῷ.
3160 3822 3454 3892 Σοφώτατα
3487 3841 3764 3892 κατασφα-

2201 3910 2402 3976 λίζεται
2427 3911 2518 3964 τὸν
2550 3911 2822 3982 ἀκροατὴν
2842 3913 2919 3974 εἰς
2940 3913 3237 3976 εὐσέϐειαν,
3273 3915 3498 3984 φάσκων
3535 3917 3616 3986 μὴ
3636 3916 3762 3986 χρῆ-

2199 4019 2287 4057 ναι
2319 4003 2563 4055 ὑπονοεῖν
2611 4003 2678 4056 τὰ
2717 4003 2982 4074 λεγόμενα
3031 4003 3244 4068 αἰώνια,
3279 4006 3421 4060 κατὰ
3469 4007 3633 4061 τοῦτο
3679 4008 3762 4061 καὶ

2200 4095 2441 4148 ωναῖδια
2489 4089 2627 4149 εἶναι
2671 4095 2788 4167 Θεῷ
2830 4096 2908 4167 τῷ
2957 4097 3063 4169 πρὸ
3093 4096 3320 4152 αἰώνων.
3366 4101 3477 4154 Καὶ
3516 4101 3625 4173 ἤδη
3673 4103 3763 4172 μὲν

531 4189 749 4258 quidem
783 4205 950 4261 supra
995 4191 1254 4257 diximus,
1283 4174 1546 4245 aeternum
1571 4191 1790 4261 proprie
1810 4190 1950 4254 dici,
1984 4205 2093 4244 non

2228 4186 2304 4258 ’άρ
2331 4187 2444 4241 άνω
2467 4189 2762 4260 εἰρήκαμεν
2795 4187 3006 4242 αἰώνιον
3029 4188 3280 4258 λέγεσθαι
3309 4194 3514 4264 κυρίως
3547 4196 3652 4248 οὐκ
3681 4196 3761 4248 αὑ-

530 4279 704 4348 ipsam
731 4281 1113 4345 aaternitatem,
1161 4280 1256 4337 sed
1297 4283 1444 4352 quod
1471 4283 1828 4336 aeternitatem
1872 4281 2093 4352 partici-

2228 4277 2284 4331 ὸν
2309 4279 2401 4332 τὸν
2433 4278 2606 4332 αἰῶνα
2630 4319 2644 4344 ,
2680 4279 2814 4332 ἀλλὰ
2852 4280 2914 4333 τὸ
2941 4280 3132 4345 αἰῶνος
3174 4285 3428 4355 μετέχον·
3465 4287 3670 4341 οὐκοῦν
3698 4287 3761 4340 τά

529 4377 620 4439 pat
645 4389 657 4424 :
691 4387 820 4444 ergo
841 4388 961 4444 quae
990 4373 1348 4444 intelligibilia
1372 4374 1589 4444 proprie
1617 4381 1671 4428 et
1699 4374 1866 4437 entia,
1890 4380 1950 4426 ut
1972 4387 2093 4443 qua:

2228 4367 2357 4438 οητὰ
2387 4368 2588 4442 κυρίως
2623 4371 2715 4422 καὶ
2757 4370 2882 4424 ὅντα
2923 4373 2999 4435 ὠς
3037 4373 3280 4430 ἀθάνατα
3317 4378 3628 4450 γενόμενα,
3673 4382 3759 4435 καί

527 4459 719 4514 eﬂ'ecta
743 4471 875 4518 sunt
904 4463 1252 4527 immortalia,
1283 4475 1338 4519 et
1375 4473 1596 4529 arterna,
1631 4471 1691 4517 ut
1721 4478 1843 4534 qua
1871 4463 1966 4518 Dei
1995 4479 2092 4518 vo-

2233 4459 2383 4514 ἰώνια
2402 4462 2477 4525 ὡς
2507 4461 2838 4533 ἅτελεύτητα
2869 4463 3113 4537 βουλήσει
3135 4467 3267 4521 Θεοῦ
3301 4470 3631 4542 διαμένοντα
3659 4475 3756 4545 χρὴ

529 4551 737 4606 luntate
783 4553 901 4608 sine
944 4553 1048 4608 [ine
1076 4562 1418 4624 permanent,
1460 4554 1642 4609 dicere
1685 4562 1918 4624 oportet,
1966 4561 2089 4608 tan-

2228 4553 2385 4622 έγειν,
2421 4554 2516 4608 ἆτε
2547 4555 2642 4610 καὶ
2672 4555 3019 4628 παραχθέντα
3058 4558 3163 4611 ὑπὸ
3195 4560 3352 4625 Θεοῦ,
3394 4565 3458 4616 οὐ
3494 4543 3757 4637 πρότερον

527 4658 690 4714 quam
729 4653 782 4700 et
827 4660 857 4698 a
909 4646 1020 4701 Deo
1051 4647 1333 4716 producta,
1365 4661 1491 4702 cum
1535 4645 1688 4716 prius
1727 4661 1836 4701 non
1881 4657 2084 4702 essent.

2228 4663 2339 4699 ιτα·
2372 4648 2730 4719 κυριολεκτῶν
2761 4649 2817 4702 δὲ
2853 4650 3103 4720 μάλιστα,
3143 4651 3210 4704 τὰ
3237 4653 3343 4706 τῶν
3370 4659 3500 4729 παρ’
3534 4658 3756 4728 Ἕλλησι

529 4730 761 4786 Maxime
787 4748 916 4788 vero
946 4736 1185 4805 propriis
1217 4744 1375 4792 utens
1408 4735 1762 4801 dictionibus,
1797 4751 1918 4806 quae
1940 4737 2085 4807 apud

2233 4737 2488 4807 ιλοσόςρων
2533 4738 2704 4810 σεμνὰ
2742 4740 2964 4810 μετάγει
2997 4742 3088 4796 ἐπὶ
3125 4743 3223 4813 τὴν
3261 4745 3547 4800 εὐσέϐειαν
3579 4749 3753 4815 ἀσφαο

527 4821 878 4891 pbilosopbos
916 4839 1124 4893 graecos
1150 4839 1351 4879 arcana
1390 4825 1698 4881 veneranda
1721 4865 1738 4892 ,
1789 4827 1907 4881 siue
1937 4829 2086 4897 peri-

2228 4827 2309 4890 ὥς.
2339 4829 2506 4900 Φησὶν
2535 4825 2648 4893 οὖν,
2677 4831 2806 4884 ὄντα
2835 4833 2932 4902 μὲν
2959 4829 3096 4887 εἶναι
3129 4836 3222 4888 καὶ
3251 4835 3446 4891 αἰώνια
3478 4839 3583 4902 τὰς
3612 4840 3754 4892 ἀσω-

524 4910 648 4963 culo
689 4912 757 4975 ad
806 4914 1124 4984 religionem
1170 4913 1444 4969 traducit:
1495 4915 1631 4970 dicit
1678 4916 1884 4986 itaque,
1933 4919 2081 4974 entia

2230 4916 2450 4982 ατώδεις
2472 4920 2492 4951 ²
2536 4920 2793 5002 δυνάμεις
2824 4923 2928 4976 ὑπὸ
2973 4923 3108 4979 Θεοῦ
3139 4925 3660 5000 δημιουργηθείσας,
3694 4928 3751 4979 οὐ

523 5002 739 5071 quidem
769 5021 893 5060 esse
923 5020 987 5059 ac
1014 5012 1235 5070 aeterna,
1268 5006 1620 5078 incorporeas
1648 5009 1878 5066 virtutes
1913 5027 1943 5064 a
1973 5009 2084 5066 Deo

2229 5011 2294 5080 ὴν
2322 5011 2621 5075 συναῖδίους
2651 5013 2788 5085 Θεῷ,
2822 5015 2896 5078 ὡς
2925 5016 3181 5088 ’Έλληνες
3209 5018 3565 5091 ληρῳδοῦσιν,
3606 5022 3752 5091 Ἅμα

522 5103 753 5162 creatas,
777 5112 884 5152 non
915 5107 1096 5152 tamen
1119 5097 1226 5153 Deo
1256 5108 1578 5166 coaeternas,
1610 5102 1752 5158 sicut
1784 5101 1956 5158 Graeci
1979 5118 2082 5156 nu~

2229 5099 2335 5165 εὸς,
2370 5100 2484 5172 ἅμα
2514 5102 2709 5167 πάντα,
2743 5104 3009 5174 λέγοντες.
3041 5107 3160 5160 Εἰσί
3181 5109 3238 5162 δὲ
3265 5113 3360 5163 καὶ
3387 5111 3454 5164 τά
3489 5113 3750 5183 γινόμενα

520 5195 735 5257 gantur,
769 5187 942 5244 Simul
973 5189 1136 5255 Deus,
1170 5192 1334 5246 simul
1363 5194 1565 5259 omnia,
1606 5194 1850 5251 dicentes
1878 5212 1892 5260 ;
1952 5203 2081 5250 sunt

2228 5189 2370 5256 ιῦτα,
2405 5194 2557 5263 φησὶ,
2586 5194 2655 5249 τά
2682 5195 2944 5266 πρόσγεια
2974 5197 3220 5269 σώματα,
3248 5200 3284 5254 ἃ.
3305 5204 3398 5256 καὶ
3417 5203 3635 5272 γένεσιν
3657 5203 3748 5256 καὶ

519 5287 698 5334 autem
725 5297 846 5352 quae
873 5283 1170 5353 gignuntur
1191 5285 1325 5351 haec,
1357 5285 1553 5357 inquit,
1573 5295 1789 5343 terrena
1818 5302 2076 5358 corpora,

2228 5281 2385 5354 Βορὰν
2415 5286 2788 5356 ὀνομάζουσιν,
2827 5289 2903 5351 ὡς
2947 5291 3045 5361 τῆς
3085 5291 3437 5366 ὑποστάθμης
3482 5296 3618 5350 ὄντα
3649 5295 3747 5362 τῆς

519 5381 636 5436 quae
681 5377 736 5424 et
776 5374 1177 5437 generationem
1225 5381 1278 5428 et
1325 5375 1729 5444 corruptionem
1777 5374 2074 5444 appellant,

2228 5385 2329 5445 mc,
2379 5378 2471 5429 xui.
2504 5380 2784 5450 παχύτερα
2817 5381 2995 5436 πάντα
3037 5381 3104 5435 τὰ
3151 5383 3288 5456 μετὰ
3336 5387 3589 5460 σελήνην.
3626 5385 3747 5441 Εἰσὶ

1209 5510 1237 5592 ξ
1271 5511 1461 5592 Μσιιρ.
1520 5525 1706 5592 κχνιιι,
1730 5511 1825 5592 2οᾹ
1903 5513 1920 5552 ι
1952 5508 2130 5592 βίῃφι.
2163 5512 2303 5592 1,).

1359 5589 1382 5616 ο
1410 5579 1762 5646 Psal.xt.vm,
1794 5582 1848 5635 9.
1951 5591 1978 5629 Ρ
2001 5579 2106 5634 Tit.
2136 5597 2174 5646 ι,
2207 5581 2258 5638 2.

1420 5718 1652 5776 VARIA‘J
1691 5721 2072 5779 LECTIONES
2109 5725 2194 5781 ET
2235 5726 2784 5789 CORRECTIONES.

2384 5516 2411 5584 ιν
2433 5514 2590 5574 Joan.
2623 5535 2701 5584 vr,
2725 5521 2814 5575 55.

2895 5523 2913 5562 ι
2948 5522 2992 5579 ll
3021 5525 3144 5582 Cor.
3182 5543 3254 5596 tv,
3289 5529 3343 5586 4.
3422 5541 3462 5565 ··
3495 5531 3737 5588 Malach.

2354 5596 2380 5634 ς
2403 5583 2558 5643 Rom.
2598 5583 2708 5655 xvi,
2741 5592 2832 5646 25.

623 5505 647 5543 ⁸
677 5501 821 5559 Psal.
856 5523 1037 5571 Lxxvt,
1062 5506 1116 5564 6.

517 5585 596 5634 nt,
640 5573 694 5630 4.
772 5576 975 5632 nDeut.
1021 5594 1174 5644 mu,
1207 5580 1260 5636 5.

617 5809 638 5838 ³
658 5809 992 5882 ἀσωμάτους.
