3882 6556
121 403 213 458 389

861 405 918 456 S.
958 402 1204 458 MAXIMI
1242 401 1533 460 SCHOLIA
1565 401 1636 459 IN
1668 402 1796 459 LIB.
1840 401 1927 457 DE
1959 401 2210 476 DIVINIS
2245 398 2649 460 NOMINIBUS.

3266 402 3373 459 590

119 519 166 572 δὲ
198 517 336 587 μέσα
369 516 528 581 ὄντα,
557 517 676 588 ἦτοι
707 518 934 571 αἰωνίων
968 518 1062 571 καὶ
1091 517 1416 587 γενομένων,
1448 518 1566 588 ἦτοι
1587 534 1683 570 πα-

1797 516 1943 570 velut
1970 531 2034 572 ea
2061 531 2181 586 qua:
2208 516 2262 570 in
2292 516 2538 586 subjecta
2571 515 2846 572 exsistunt
2880 517 3107 573 materia
3129 532 3193 573 ac
3216 515 3373 575 cras-

121 607 350 682 χυτέρων
386 609 485 661 καὶ
520 609 826 677 προσγείων
854 609 1139 679 σωμάτων,
1167 607 1277 660 τῶν
1305 609 1602 678 γινομένων
1632 624 1693 660 τε

120 703 199 754 καὶ
241 699 664 769 ἀπογινομένων
697 699 912 763 πυκνῶς
944 702 1023 763 εἰς
1069 699 1281 768 γένεσιν
1325 701 1419 752 καί
1453 699 1690 771 φθορὰν,

119 794 259 846 ἆτινα
317 792 468 863 μέσα
491 792 698 845 τούτων
721 790 943 863 σώματα
975 792 1072 863 μέν
1103 794 1206 845 εἰσι
1239 792 1332 844 καὶ
1368 791 1529 855 αὐτὰ,
1555 791 1691 862 πλὴν

117 885 196 937 καὶ
220 884 420 947 αἰῶνος
449 883 758 953 μετέχουσι,
786 883 877 935 καὶ
897 883 1087 953 χρόνου
1127 883 1336 945 ποσῶς
1365 882 1431 934 τὰ
1461 881 1515 934 δὲ
1553 881 1691 952 μέσα

117 978 254 1040 εἰσὶν,
288 977 528 1048 οὐρανὸς
556 977 649 1029 καὶ
679 975 907 1047 ἀστέρες
938 975 1163 1036 πάντεςο
1199 973 1424 1045 σώματα
1455 974 1562 1048 γάρ
1598 974 1691 1027 καὶ

115 1069 285 1132 ταῦτα,
322 1071 375 1120 εἰ
413 1069 512 1121 καὶ
545 1067 1041 1138 λεπτομερέστερα,
1083 1067 1297 1136 καὶτῆς
1322 1066 1452 1136 ὕλης
1479 1066 1540 1118 τὸ
1563 1066 1692 1120 εἰλι-

117 1161 480 1230 κρινέστατον,
515 1158 591 1221 ὥς
623 1175 786 1228 φησιν
817 1161 845 1211 ό
873 1157 1208 1220 Ἀπόστολος,
1233 1157 1479 1227 Σώματα
1509 1158 1690 1212 ἐπου-

109 1252 266 1322 ράνια
309 1251 416 1304 καὶ
444 1250 692 1320 σώματα
726 1251 982 1320 ἐπίγειαο
1035 1246 1152 1302 εἶτα
1188 1249 1518 1320 σαφηνίζων,
1559 1249 1691 1303 ποῖά

113 1347 250 1407 εἰσιν,
285 1343 493 1411 ἐπάγει
509 1360 522 1372 ⁸
545 1344 742 1409 ’Ἄλλη
758 1342 905 1405 δόξα
920 1342 1118 1408 ἡλίου,
1135 1340 1399 1406 amictui?
1414 1339 1563 1403 δόξα
1592 1355 1691 1394 σε·

111 1435 308 1500 λήνης,
326 1433 429 1486 καὶ
456 1433 618 1500 ἄλλη
643 1433 794 1497 δόξα
822 1432 1108 1500 ἀστέρων.
1140 1433 1196 1485 '0
1233 1433 1330 1502 μὲν
1362 1428 1455 1484 οὖν
1488 1430 1689 1484 ἀνώτε-

113 1543 190 1598 po;
214 1525 452 1596 οὐρανὸς
488 1527 547 1576 ὲν
578 1527 693 1587 τοῖς
729 1523 887 1578 αἰῶσι
912 1525 1102 1593 γέγονε
1133 1524 1226 1576 καὶ
1259 1526 1290 1594 ἡ
1318 1523 1416 1593 γῆ·
1458 1523 1561 1595 πρὸ
1581 1523 1690 1595 γὰρ

113 1616 191 1668 τοῦ
229 1615 552 1678 κτισθέντος
599 1599 778 1685 φωτὸς
817 1614 911 1668 τοῦ
969 1616 1062 1669 καὶ
1111 1615 1324 1687 ἡμέρας
1377 1615 1685 1686 κληθέντος,

112 1705 637 1780 ἐδημιουργήθησαν,
673 1705 751 1769 ὥς
786 1723 914 1777 φησι
948 1706 1216 1776 Μωῦσῆςο
1254 1707 1310 1759 ἐν
1357 1707 1469 1767 τοῖς
1509 1722 1689 1776 χρονι-

1796 607 1945 663 siora
1980 608 2164 662 omnia
2215 606 2558 663 sublunaria.
2605 606 2745 662 Sunt
2773 624 2903 664 vero
2952 610 3129 665 media
3179 626 3368 666 eorum

1792 711 1912 764 qua:
1937 702 2088 756 sunt.
2120 695 2236 749 sive
2263 702 2592 748 aeternorum
2622 702 2676 751 et
2705 711 2892 751 eorum
2923 713 3044 768 quae
3073 698 3229 764 ﬁunt,
3256 704 3372 756 sive

1792 788 2125 841 crassiorum
2158 793 2212 840 et
2243 793 2587 841 terrenorum
2619 803 2931 858 corporum,
2977 805 3098 860 quae
3131 807 3372 848 nascun-

1791 883 1883 929 tur
1929 886 1982 930 et
2026 875 2404 931 denascuntur
2441 877 2754 948 frequenter
2801 880 2856 934 in
2906 882 3257 951 generatione
3304 901 3368 940 ac

1791 966 2183 1037 corruptione:
2215 983 2335 1038 quae
2360 970 2552 1024 horum
2585 971 2779 1036 media,
2811 979 2938 1028 sunt
2959 973 3176 1043 quidem
3203 976 3368 1030 etiam

1791 1074 2043 1128 corpora,
2092 1059 2226 1129 quin
2271 1061 2432 1114 etiam
2483 1064 2844 1118 teternitatem
2895 1066 3258 1135 participant,
3314 1075 3369 1122 et

1790 1152 2052 1222 temporis
2087 1168 2311 1223 parum;
2345 1152 2521 1207 media
2559 1170 2688 1209 vero
2729 1163 2877 1218 sunt,
2917 1156 3151 1225 malum,
3203 1157 3368 1230 214

1790 1251 1842 1297 et
1874 1252 2021 1298 astra
2057 1245 2312 1300 universa
2341 1264 2353 1299 :
2389 1254 2516 1300 sunt
2553 1249 2699 1301 enim
2746 1248 2912 1303 etiam
2959 1263 3192 1318 corpora
3214 1291 3227 1314 ,
3261 1253 3365 1305 etsi

1789 1335 2134 1390 tenuioribus
2164 1338 2723 1406 constent‘panibus,
2757 1340 2976 1408 sintque
3009 1340 3249 1395 inaterize
3271 1341 3366 1396 de-

1789 1426 2223 1494 fa-eatissimum,
2255 1436 2314 1482 ut
2352 1431 2593 1498 loquitur
2624 1430 2920 1500 Apostolus
2955 1451 2968 1486 :
3003 1430 3240 1502 Corpora
3265 1451 3366 1488 cae-

1791 1517 1941 1571 lestia
1962 1528 2008 1572 et
2037 1535 2260 1588 corpora
2286 1525 2556 1574 terrestria
2581 1531 2603 1558 τ
2634 1541 2646 1576 :
2676 1529 2866 1591 postea
2887 1505 3194 1589 declarans,
3231 1541 3366 1594 qua-

1793 1611 1862 1663 lia
1895 1612 2004 1666 sint
2036 1611 2227 1666 addit:
2260 1612 2382 1666 Alia
2410 1613 2586 1683 gloria
2618 1614 2769 1679 solis,
2801 1624 2851 1668 et
2873 1615 2982 1669 alia
3005 1615 3177 1686 gloria
3205 1617 3365 1686 lunre,

1787 1713 1833 1758 et
1872 1703 1980 1757 alia
2011 1704 2183 1774 gloria
2215 1705 2554 1762 stellarum".
2583 1705 2768 1778 Itaque
2795 1708 2993 1762 cmlum
3025 1724 3364 1779 supremum,

112 1800 210 1860 κοῖς
238 1797 603 1867 διαστήμασι,
639 1796 702 1849 τὸ
739 1796 1024 1868 στερέωμα
1053 1797 1146 1849 καὶ
1179 1798 1226 1849 οἰ
1261 1797 1510 1868 ἀστέρες,
1549 1796 1683 1866 πλὴν

1787 1803 1840 1849 et
1871 1803 2014 1849 terra
2046 1797 2099 1850 in
2129 1796 2530 1854 :eternitatibus
2562 1796 2786 1853 luerunt
2822 1817 2836 1865 ;
2867 1815 2994 1854 nam
3025 1808 3209 1855 creata
3239 1808 3369 1855 sunt

113 1891 198 1944 κᾶν
237 1864 476 1960 σώματα
512 1890 606 1944 καὶ
649 1864 914 1960 ἐγχρονοι⁹
951 1864 1074 1941 εἰσί
1117 1887 1226 1960 γὰρ
1271 1889 1366 1941 καὶ
1398 1864 1542 1940 ἀπτὰ
1595 1864 1683 1940 καὶ

1792 1889 2112 1958 priusquam
2151 1889 2355 1950 lumen,
2404 1890 2551 1959 quod
2595 1891 2759 1945 etiam
2801 1864 3054 1945 vocatum
3097 1902 3180 1946 est
3210 1891 3365 1960 dies,

111 1983 280 2053 ὁρατὰ,
314 1986 474 2056 ὅμως
508 1981 702 2034 αἰώνια
737 1981 971 2043 ἔσονται,
1001 1979 1292 2050 μεθέξοντα
1318 1979 1412 2054 καὶ
1435 1979 1570 2032 αὑτά
1589 1979 1684 2032 τοῦ

112 2069 302 2132 αἰῶνος,
337 2070 418 2134 ὡς
454 2070 550 2122 καί
580 2068 648 2121 τὰ
671 2067 898 2138 σώματα
919 2067 1074 2138 ἡμῶν
1107 2068 1686 2139 μετασχηματιζόμενα

113 2160 180 2220 εἰς
210 2158 529 2230 ἀςρθαρσίαν
549 2157 600 2188 ³·
630 2157 707 2219 ὼς
735 2156 828 2210 καὶ
857 2159 885 2209 ὁ
931 2156 1250 2220 Ἀπόστολος
1268 2157 1437 2228 δηλοῖ,
1468 2157 1529 2210 τὸ
1553 2159 1686 2228 σχῆ-

115 2267 180 2320 μα
218 2249 392 2318 λέγων
428 2249 707 2320 παράγειν
743 2247 836 2301 τοῦ
879 2248 1088 2318 κόσμου
1121 2249 1332 2314 τούτου,
1384 2249 1445 2301 οὐ
1475 2248 1565 2301 τὸν
1596 2248 1687 2301 κό-

114 2358 257 2412 σμον·
291 2343 375 2396 διὸ
410 2341 512 2395 καὶ
559 2341 691 2412 περὶ
718 2341 824 2394 τῶν
855 2341 1035 2412 μέσων
1063 2341 1268 2396 τούτων
1315 2343 1581 2413 σωμάτων
1610 2341 1686 2394 εἴ·

114 2451 255 2508 ρηται
285 2436 343 2486 ὲν
370 2433 642 2503 ψαλμοῖςο
684 2435 990 2499 Ἔστησεν
1021 2434 1174 2487 αὐτὰ
1220 2437 1306 2500 εἰς
1346 2434 1450 2486 τὸν
1476 2433 1682 2495 αἰῶνα,

112 2526 194 2579 καὶ
218 2529 301 2591 εὶς
337 2525 450 2578 τὸν
479 2524 669 2577 αἰῶνα
708 2523 812 2577 τοῦ
845 2523 1078 2591 αἰῶνοςο
1107 2527 1456 2594 πρόσταγμα
1492 2526 1679 2587 ἔθετο,

114 2617 196 2669 καὶ
229 2619 299 2670 οὺ
339 2616 807 2684 παρελεύσεται.
850 2615 1161 2686 Σημείωσαι
1202 2611 1292 2668 οὖν
1329 2617 1408 2667 ὅτι
1441 2616 1489 2667 οἱ
1520 2614 1682 2668 ἀστέ-

117 2723 212 2778 ρες,
253 2708 347 2760 καὶ
382 2708 412 2759 ὁ
445 2707 624 2776 ἥλιος,
661 2706 754 2759 καὶ
787 2708 820 2777 ἡ
857 2705 1072 2776 σελήνη,
1119 2705 1214 2758 καλ⁵
1243 2707 1272 2757 ό
1303 2703 1552 2776 οὐρανὸς,
1578 2702 1684 2756 σώ-

119 2820 243 2874 ματα
294 2804 396 2875 μέν
442 2805 553 2856 εἰσι
595 2802 1088 2876 λεπτομερέστερα,
1140 2802 1381 2856 ἀθάνατα
1430 2801 1486 2855 δὲ
1541 2800 1676 2854 Θεοῦ

119 2893 340 2966 βουλήσει
378 2895 653 2964 ἐγένοντο,
689 2893 763 2957 ὡς
785 2895 880 2947 καὶ
909 2893 974 2946 τά
1012 2892 1238 2964 σώματα
1259 2896 1291 2964 ἡ
1302 2893 1418 2964 μῶν
1443 2893 1679 2962 γίνονται

121 2986 239 3055 μετὰ
268 2989 366 3058 τὴν
405 2985 727 3040 ἀνάστασιν.
767 2984 974 3046 Ἀλλως
993 3001 1006 3014 ·
1035 2984 1191 3038 Μέσα
1215 2983 1382 3036 ὄντων
1415 2984 1508 3037 καὶ
1538 3000 1682 3052 γινο-

122 3079 273 3146 μένων
304 3078 578 3148 ἀγγέλους
607 3077 710 3146 ἕφη
743 3077 836 3130 καὶ
867 3075 1065 3146 ψυχάς,
1208 3075 1327 3145 μὲν,
1347 3079 1540 3140 ᾱίὧνος
1557 3083 1682 3142 μετ-

122 3171 314 3244 έχοντα,
371 3167 466 3221 διά
500 3167 564 3219 τὸ
594 3166 868 3237 ἄφθαρτον
903 3167 996 3218 καὶ
1043 3165 1328 3225 ἀθάνατον,
1361 3161 1439 3232 πὴ
1469 3164 1524 3209 οὲ
1555 3163 1681 3232 χρό-

119 3224 213 3325 vgo,
251 3224 338 3314 διά
369 3261 434 3314 τὸ
469 3262 530 3314 ὲν
575 3224 786 3328 γενέσει
827 3257 1087 3329 ὁρᾶσθαι·
1121 3256 1202 3310 διὸ
1239 3224 1681 3326 ταῦτα-ἐγχρονα
1707 3224 1750 3281 c

119 3356 194 3407 καὶ
222 3355 413 3410 αἰώνιά
449 3370 619 3426 φησι·
658 3355 882 3423 προεῖπε
909 3350 1018 3424 γὰρ
1041 3350 1112 3404 τὰ
1134 3349 1393 3420 μένοντα
1419 3349 1497 3421 τῷ
1526 3348 1679 3404 αἰῶνι

115 3444 402 3515 δηλοῦσθαι,
439 3444 724 3498 τουτέστιν
757 3444 858 3496 ὅσα
892 3443 1021 3514 περὶ
1052 3439 1186 3494 Θεοῦ
1227 3440 1472 3508 λέγεταιο
1521 3439 1588 3493 τὰ
1620 3442 1678 3495 δὲ

115 3539 160 3588 ἐν
188 3539 394 3607 γενέσει
430 3537 516 3608 τῷ
550 3535 754 3610 χρόνῳο
804 3537 851 3588 εἰ
885 3536 980 3588 καὶ
1024 3534 1318 3596 ἀκούοντας
1349 3534 1540 3587 αἰώνια
1588 3535 1681 3588 καὶ

113 3627 342 3700 ξγχρονα,
374 3631 478 3701 οὐχ
506 3627 693 3690 ἁπλῶς
716 3625 858 3678 οὕτω
889 3623 1063 3678 ταῦτα
1096 3625 1393 3696 λαμϐάνειν
1425 3627 1554 3698 χρὴ,
1588 3625 1682 3677 ἀλ-

113 3719 167 3771 λὰ
186 3723 318 3775 κατά
340 3722 474 3785 τοὺς
509 3717 987 3788 συνεγνωσμένους
1016 3716 1200 3779 αὐτοῖς
1225 3716 1456 3788 τρόπους
1497 3716 1679 3786 φησιν,

115 3810 258 3879 ἤγουν
289 3814 418 3877 τοὺς
454 3811 647 3880 σαφῶς
678 3809 1120 3879 πιστευομένους.

1787 1988 2089 2043 crearetur,
2132 1981 2275 2035 sicut
2309 1981 2446 2034 dicit
2498 1981 2746 2051 Moyses;
2794 1983 2849 2037 in
2896 1990 3199 2054 temporum
3234 1999 3366 2038 vero

1787 2071 1998 2140 spatiis,
2034 2071 2434 2125 ﬁrmamentum
2467 2081 2519 2126 et
2545 2073 2739 2138 stellae,
2776 2075 3028 2144 quamvis
3056 2090 3287 2144 corpora
3310 2081 3365 2130 et

1787 2163 2115 2231 temporaria
2148 2181 2160 2216 :
2196 2176 2324 2218 sunt
2354 2165 2497 2218 enim
2531 2166 2812 2235 tangibilia
2843 2181 2905 2220 ac
2929 2167 3188 2230 visibilia,
3216 2168 3366 2238 pari-

1785 2260 1869 2307 ter
1897 2261 2097 2309 aeterna
2124 2263 2308 2319 erunt,
2343 2271 2404 2310 ea
2437 2271 2656 2326 quoque
2687 2259 3093 2328 participabunt
3133 2260 3362 2315 aeterni-

1783 2353 1986 2408 tatem,
2035 2347 2177 2401 sicut
2238 2363 2471 2417 corpora
2513 2356 2742 2414 nostra,
2800 2349 2929 2403 dum
2988 2352 3044 2404 in
3107 2351 3362 2406 incorru-

1782 2437 2021 2506 ptionem
2086 2439 2589 2509 transligurantur,
2672 2441 3130 2511 quemadmodum
3193 2443 3358 2497 etiam

1783 2531 2076 2601 Apostolus
2124 2533 2385 2594 declarat.
2433 2533 2625 2590 dicens
2682 2535 2907 2604 ﬁguram
2961 2535 3125 2606 hujus
3169 2536 3361 2591 nmndi

1783 2623 2064 2692 prmterire
2088 2625 2130 2687 ί,
2166 2639 2274 2677 ηοη
2304 2624 2571 2678 mundum
2601 2643 2614 2678 :
2650 2623 2772 2678 ideo
2807 2625 2874 2678 de
2906 2624 3100 2680 mediis
3125 2625 3215 2681 his
3235 2640 3362 2679 cor-

1782 2713 2011 2784 poribus
2053 2713 2257 2769 dicitur
2289 2715 2344 2769 in
2373 2717 2638 2786 psalmis:
2671 2715 2873 2770 Statuit
2913 2733 2974 2770 ea
3015 2718 3069 2770 in
3106 2727 3361 2772 wternum

1781 2815 1830 2859 et
1851 2807 1907 2858 in
1926 2806 2176 2859 saeculum
2203 2809 2416 2870 surculi;
2441 2818 2758 2877 prtcceptum
2789 2811 2986 2878 posuit,
3011 2817 3061 2862 et
3092 2826 3194 2863 non
3218 2827 3360 2878 pra:-

1785 2896 1956 2950 teribit
1979 2909 2028 2952 ιι.
2051 2895 2188 2951 Nota
2214 2898 2376 2968 igitur
2395 2898 2538 2969 quod
2569 2900 2759 2964 stellaa,
2799 2907 2855 2954 et
2886 2900 2988 2964 sol,
3024 2900 3354 2970 atqueluna,

1781 3002 1883 3042 nec
1916 3003 2023 3042 non
2051 2989 2270 3054 etelum,
2309 2997 2440 3044 sunt
2474 2989 2694 3060 quidem
2745 3005 2974 3060 corpora
3017 2983 3358 3047 tenuioribus

1782 3081 2029 3150 partibus
2075 3083 2418 3147 constantia;
2475 3081 2569 3138 Dei
2631 3096 2811 3138 autem
2864 3084 3145 3138 voluntate
3213 3084 3356 3138 facta

1784 3177 1912 3224 sunt
1952 3171 2297 3235 immortalia,
2343 3173 2486 3228 sicut
2525 3176 2689 3228 etiam
2720 3187 2951 3243 corpora
3003 3181 3192 3229 nostra
3226 3173 3357 3230 ﬁent

1785 3269 1908 3333 post
1933 3264 2410 3318 resurrectionem.
2427 3265 2630 3320 Aliter:
2658 3266 2830 3321 Media
2851 3281 3038 3320 eorum
3062 3281 3182 3336 quae
3205 3271 3353 3330 sunt,

1785 3361 1840 3409 et
1886 3369 2004 3423 quae
2038 3355 2194 3416 ﬁunt,
2229 3355 2363 3410 dicit
2407 3358 2627 3426 angelos
2680 3372 2743 3411 ac
2781 3357 3016 3422 animas,
3065 3371 3186 3430 quae
3213 3371 3355 3426 quo-

1787 3443 2077 3500 dammodo
2099 3446 2318 3516 quidem
2340 3447 2593 3502 videntur
2612 3449 2972 3504 aeternitatem
2998 3448 3351 3518 participare,

1781 3536 1916 3605 quia
1964 3537 2186 3590 minime
2231 3540 2511 3608 corrumpi
2560 3555 2623 3594 ac
2664 3540 2890 3596 interire
2936 3548 3174 3611 queunt;
3219 3555 3360 3610 quo-

1783 3623 2077 3680 dammodo
2117 3632 2321 3690 autem,
2366 3636 2580 3698 tempus
2624 3631 2973 3699 participare,
3007 3631 3131 3700 quia
3169 3643 3356 3684 creau-

1783 3723 1873 3771 tur
1901 3737 1914 3771 :
1951 3717 2156 3772 idcirco
2183 3718 2299 3773 haec
2329 3728 2488 3774 vocat
2517 3722 2849 3792 temporaria
2886 3736 2950 3775 ac
2979 3729 3182 3776 arterna
3210 3739 3222 3774 :
3257 3735 3357 3772 an-

1789 3817 1872 3864 tea
1932 3811 2075 3866 enim
2119 3811 2256 3864 dixit
2304 3810 2374 3864 τά
2423 3811 2678 3882 μένοντα,
2735 3812 3126 3881 permanentia,
3171 3811 3224 3864 id
3273 3817 3356 3864 est

115 3920 219 3973 quze
237 3907 302 3962 de
330 3905 444 3960 Deo
466 3904 750 3965 dicuntur,
781 3899 1081 3971 signiﬁcari
1108 3913 1205 3969 per
1229 3897 1306 3969 τῷ
1339 3897 1492 3951 αἰῶνι
1531 3915 1545 3952 :
1595 3913 1718 3968 quae
1755 3907 1936 3954 autem
1977 3901 2277 3972 gignuntur
2332 3917 2430 3971 per
2476 3902 2552 3973 τῷ
2582 3905 2757 3974 χρόνῳ
2791 3922 2802 3958 :
2848 3903 2951 3959 etsi
2992 3903 3085 3972 qui
3126 3901 3355 3956 audiunt

115 3997 283 4051 αἰώνια
326 4000 422 4051 καὶ
457 3996 694 4066 ἔγχρονα
730 4001 934 4048 aeterna
993 4001 1047 4047 et
1079 3991 1444 4061 temporaria,
1514 4004 1642 4047 non
1671 3990 1903 4048 debeant
1949 3993 2269 4064 simpliciter
2333 3993 2449 4048 haec
2499 4009 2712 4065 capere,
2753 3995 2849 4050 sed
2903 3995 3059 4065 juxta
3103 3993 3351 4064 cognitos

117 4091 203 4146 sibi
232 4092 447 4154 modos,
480 4090 682 4160 inquit,
717 4104 814 4145 seu
843 4085 1134 4142 manifeste
1165 4084 1421 4140 creditos.

560 4203 671 4257 ΕΙΣ
709 4202 795 4256 ΤΟ
833 4201 1083 4255 ΚΕΦᾹΛ.
1123 4198 1228 4253 IA'.

175 4297 201 4369 ᾗ
247 4299 285 4353 1.
346 4295 874 4367 Ἀρχισυνὰγωγον
921 4291 1188 4362 εἰρήνην.
1237 4289 1549 4362 Σημείωσαι
1597 4289 1680 4342 ὅτι

116 4388 190 4441 τὸν
228 4389 358 4443 Θεὸν
404 4388 669 4442 ἐκάλεσεν
711 4385 1186 4458 ἀρχισυνάγωγονο
1227 4383 1288 4436 τὸ
1333 4382 1390 4435 δὲ
1427 4381 1680 4454 μεριστὸν

117 4480 296 4551 πλῆθος
326 4483 528 4552 νόησον
557 4478 620 4531 τὸ
649 4477 925 4548 αἰσθητόν.

1783 4261 1797 4276 ρ
2374 4192 2441 4247 1N
2480 4191 2632 4248 CAP.
2675 4191 2767 4248 x1.

1853 4285 1881 4358 ς
1920 4285 1960 4341 1.
2017 4285 2212 4341 Pacem
2262 4286 2650 4340 conciliationis
2679 4285 2987 4354 principem.
3032 4285 3169 4342 Nota
3206 4287 3352 4357 quod

1778 4387 1938 4434 vocet
1974 4376 2144 4432 Deum
2189 4377 2518 4432 conciliandi
2566 4375 2908 4446 principem:
2941 4391 3039 4446 per
3072 4375 3352 4433 dividuam

1781 4471 2186 4525 multitudinem
2219 4471 2460 4540 intellige
2490 4469 2543 4524 id
2570 4469 2719 4540 quod
2751 4468 3033 4533 sensibile.

176 4575 270 4638 Εἰς
292 4574 406 4640 τὴν
431 4572 591 4638 ὅλην
616 4569 886 4636 ἑνότητα.
915 4567 1086 4638 Ὅλην
1109 4565 1340 4634 ἑνότητα
1358 4565 1405 4617 οἰ
1439 4563 1535 4634 μὲν
1556 4561 1678 4614 ἕλα-

1857 4561 1940 4614 Ad
1993 4563 2254 4632 integram
2300 4563 2580 4616 unitatem.
2628 4560 2736 4614 Alii
2785 4559 3006 4630 quidem
3047 4574 3146 4630 per
3179 4566 3350 4615 totam

117 4662 194 4714 εον
221 4667 318 4735 τὴν
354 4663 539 4732 ἁπλῆν
571 4662 666 4715 καὶ
714 4659 894 4730 ἀμερῆ
931 4659 1040 4712 τῶν
1077 4657 1244 4710 ὅντων
1289 4656 1499 4717 αἰτίαν,
1539 4655 1674 4726 πρὸς

117 4751 172 4817 ἢν
200 4752 261 4805 τὰ
290 4754 472 4806 πάντα
508 4749 900 4820 ἐπέστραπται,
921 4746 996 4809 ὡς
1027 4747 1084 4798 ὲν
1116 4746 1252 4815 αὐτῇ
1282 4743 1669 4813 συνιστάμενα·

117 4842 156 4890 οἱ
182 4841 233 4894 δὲ
280 4843 376 4916 τὴν
421 4841 522 4896 τοῦ
569 4840 770 4918 παντὸς
815 4837 1079 4910 ἁρμονίαν
1114 4835 1171 4900 ἐξ
1217 4835 1525 4908 ἑτεροφυῶν
1565 4834 1676 4887 τῶν

119 4932 371 5000 στοιχείων
401 4929 889 5001 συγκεκραμένην
924 4927 1004 4980 διὸ
1033 4927 1124 4980 καὶ
1157 4927 1387 4997 πόλεμον
1420 4925 1678 4996 ἐμφύλιον

117 5018 342 5092 ὠνόμασε
383 5023 488 5094 τὴν
518 5020 628 5073 τῶν
660 5023 717 5073 ὲν
750 5020 931 5082 αὐτοῖς
959 5018 1258 5090 ποιοτήτων
1297 5019 1675 5090 ἐναντιότητα,

117 5109 300 5184 θερμοῦ
332 5115 472 5188 πρὸς
499 5114 729 5185 ψυχρὸν,
766 5113 860 5165 καὶ
887 5109 1054 5184 ὑγροῦ
1080 5110 1218 5182 πρὸς
1243 5109 1427 5183 ξηρὸν,
1453 5111 1676 5166 καὶτῶν

118 5201 267 5258 ἄλλων
311 5207 537 5278 ὁμοίως,
571 5206 712 5277 ειπερ
747 5205 826 5267 εἰς
867 5203 985 5266 ἑνὸς
1028 5203 1232 5272 κόσμου
1285 5203 1676 5274 συμπλήρωσιν

117 5294 321 5362 ἥνωται.
345 5301 368 5331 δ

182 5444 202 5472 τ
231 5435 397 5494 lCor.
423 5453 517 5500 xv,
539 5434 630 5491 40.
711 5442 735 5472 ⁸
766 5433 1036 5500 ιιιῑάηιι.
1122 5435 1138 5469 ⁸
1167 5431 1187 5486 l
1220 5432 1345 5489 Cor.
1387 5449 1482 5495 vn,
1512 5432 1602 5486 5i.

711 5442 735 5472 -
766 5433 926 5502 lbid.,
946 5433 1036 5490 tt.

1786 4655 2047 4708 unitatem
2079 4655 2465 4710 intellexerunt
2490 4653 2794 4723 simplicem
2819 4667 2883 4707 ac
2906 4652 3241 4706 individuam
3263 4667 3355 4708 re-

1779 4762 1902 4801 rum
1937 4761 2181 4811 causam,
2213 4745 2281 4800 ad
2309 4760 2473 4815 quam
2505 4745 2688 4800 omnia
2719 4758 2982 4799 conversa
3014 4750 3165 4807 sunt,
3200 4752 3260 4797 ut
3295 4743 3352 4798 in

1782 4837 1900 4907 ipsa
1931 4838 2324 4904 consistentia;
2366 4837 2456 4890 alii
2489 4851 2618 4890 vero
2647 4850 2964 4906 compagem
2997 4833 3251 4903 ‘universi
3285 4849 3352 4888 ex

1781 4931 2066 4986 elementis
2095 4929 2322 4984 diversae
2352 4935 2562 4982 naturae
2592 4927 2936 4982 commistam
2970 4945 2982 4980 :
3028 4925 3148 4981 ideo
3187 4924 3348 4980 etiam

1781 5023 2085 5077 nominavit
2122 5022 2324 5076 bellum
2357 5019 2701 5081 intestinum,
2733 5031 2922 5072 earum
2952 5031 3072 5086 qua:
3116 5015 3169 5069 in
3212 5013 3349 5082 ipsis

1779 5114 2101 5182 qualitatum
2135 5110 2296 5181 215
2326 5110 2790 5171 contrarietatem,
2817 5107 2978 5162 calidi
3005 5121 3127 5161 cum
3152 5103 3349 5174 frigido

1779 5212 1833 5260 et
1863 5203 2071 5257 humidi
2103 5217 2226 5256 cum
2258 5202 2436 5265 sicco;
2467 5207 2521 5254 et
2551 5199 2802 5253 similiter
2830 5197 3083 5262 aliorum,
3115 5208 3233 5264 quae
3276 5191 3344 5247 ad

1783 5296 1945 5350 unius
1974 5293 2164 5347 mundi
2195 5291 2651 5362 complementum
2683 5289 2968 5344 uniuntur.

1680 5441 1708 5471 ιι
1735 5428 1884 5484 Psal.
1917 5440 2139 5488 cnvm,
2174 5424 2227 5479 6.

1015 5567 1250 5626 vanu:
1280 5565 1666 5626 LECTIONES
1697 5566 1786 5622 ET
1820 5541 2383 5622 Connncrroxes.

172 5713 506 5800 ’ἀθανασὲινο
563 5712 598 5800 Ῐ
611 5712 703 5800 κὲῖ
725 5709 898 5800 ταῖῐτα
929 5711 1081 5800 τάρῄ
1097 5710 1296 5800 μεῖοκῖῑ
1323 5708 1593 5800 τῆς,θείσες
1625 5693 1856 5800 “Mitti
1871 5700 2168 5800 παςηιξίξέ
2189 5702 2364 5800 ἒξεὲῖἒῗ
2371 5688 3343 5800 ‘2‘:3;in3‘::.-,;".13$‘:§:::2'1::"

120 5763 956 5860 τδῐῷὖὲῖιὶἱῑῖτοῖξά.συ›θάτοιέ
983 5763 1116 5860 τὲρδὲ
1148 5763 1750 5860 τᾲῧκξκῖέτξείῐιενέίνῗ
1793 5763 3338 5860 Waccisaerara,“inriti?12?.“ﬁ’iﬂﬁi‘ﬁ‘:

120 5827 202 5904 ira!
1126 5827 1218 5905 xIx
1789 5827 2021 5914 πόλεμον
2038 5827 2222 5912 η’θέἐοί
2241 5827 2428 5913 ε’ἰρήνη
2454 5827 2589 5906 πρδᾷ
2631 5835 2826 5886 ἕνωσιν
2859 5833 2998 5886 ἄγει.
3033 5827 3343 5896 Πρέάσυτι-
