3882 6542
502 441 601 500 391

1248 435 1587 492 APPENDIX
1613 417 1703 492 AD
1739 433 1970 490 orsus
2005 431 2064 487 s.
2108 429 2407 486 DIONYSII
2440 427 2929 486 “summa.

3661 428 3759 485 392

574 554 657 610 Ad
678 552 984 610 concordem
1012 551 1126 606 unit
1153 553 1642 608 commorationem.
1668 549 1745 607 Ne
1769 549 2082 621 cogitessic-

2255 543 2550 614 Ἐνούσης
2577 548 2665 613 είς
2692 544 2927 615 ἐνοειδῆ
2943 543 3280 599 συνοικίαν.
3301 544 3391 615 Μὴ
3411 544 3502 617 vei;
3511 557 3611 616 σῃς
3620 543 3698 608 ῶς
3716 559 3764 610 οξ

506 663 568 708 ut
626 648 777 718 impii
817 635 1118 711 Manichzei,
1152 643 1301 716 quod
1331 645 1557 699 materia
1586 659 1771 699 secum
1804 639 2077 698 dissidens

505 740 776 813 pepererit
803 741 917 793 haec
939 739 1208 794 daemonia
1243 755 1256 793 :
1281 737 1376 793 sed
1403 736 1550 807 quod
1575 735 1860 791 humidum
1881 742 2077 788 natura

505 849 608 890 suo
636 835 784 888 sicco
812 830 1094 895 infestum,
1130 838 1184 886 et
1219 829 1478 898 frigidum
1511 828 1691 882 calido
1723 846 1736 881 :
1764 824 1909 881 Deus
1930 825 2078 879 enim

504 928 665 980 etiam
696 924 967 995 ejusmodi
998 923 1268 978 convertit
1299 922 1366 975 ad
1399 921 1697 975 amicitiam
1729 924 1782 974 et
1811 917 2081 972 constitu-

504 1021 705 1074 tionem
733 1018 975 1074 universi
1007 1037 1019 1071 ε
1058 1033 1188 1090 ergo
1221 1031 1318 1088 per
1353 1014 1700 1077 intestinum,
1725 1011 1966 1082 intellige
1995 1009 2079 1064 in-

504 1111 770 1184 genitum.

577 1203 778 1259 Prima:
808 1204 1002 1272 itaque.
1032 1201 1343 1271 Prtecipuas
1365 1199 1595 1255 virtutes
1621 1198 1774 1262 dicit,
1805 1212 1916 1252 non
1948 1197 2081 1254 sim-

503 1296 723 1368 pliciter
778 1295 1146 1364 principatum
1203 1293 1415 1348 ordinis
1465 1290 1926 1361 seraphinorum,
1983 1288 2081 1345 sed

503 1395 778 1457 quatenus
822 1387 878 1440 in
916 1385 1300 1455 conjungendo
1331 1400 1426 1438 seu
1459 1381 1831 1437 convertendo
1879 1381 2080 1436 divinis

506 1480 971 1536 illustrationibus
994 1479 1304 1539 inferiores,
1336 1477 1542 1546 primas
1563 1482 1743 1530 tenet:
1780 1475 1909 1544 ipsa:
1931 1475 2078 1529 enim

507 1573 738 1644 primam
770 1573 864 1628 Dei
895 1571 1160 1627 visionem
1201 1570 1477 1640 accipiunt
1504 1589 1517 1624 :
1551 1567 1818 1622 individue
1845 1582 1997 1632 vero,
2025 1566 2079 1622 id

505 1674 592 1721 est
619 1680 731 1720 non
763 1663 1040 1734 aliquibus
1073 1663 1127 1716 in
1159 1669 1334 1732 parte,
1367 1659 1461 1717 sed
1489 1659 1780 1714 confertim
1809 1661 1962 1714 totis.

580 1756 646 1811 In
677 1757 945 1826 inﬁnitum
975 1753 1227 1823 diffundi.
1259 1752 1452 1824 Arguit
1476 1751 1639 1806 modo
1670 1767 1895 1821 magnos
1929 1750 2080 1804 Grae-

505 1865 694 1906 corum
725 1849 1174 1921 philosophorum
1199 1862 1438 1910 errores,
1473 1853 1636 1916 atque
1678 1844 1747 1899 ad
1781 1845 1928 1915 pium
1959 1843 2078 1898 cul-

503 1949 620 1997 tum
649 1941 890 1996 traducit
915 1959 929 1995 :
958 1940 1146 1995 multis
1173 1940 1316 1994 enim
1340 1940 1482 1993 inter
1510 1938 1634 1993 illos
1657 1935 2075 2000 dissidentibus,

503 2044 558 2090 et
584 2035 672 2090 bis
699 2034 919 2105 quidem
949 2033 1264 2088 dicentibus
1298 2032 1484 2086 omnia
1526 2047 1592 2086 ex
1621 2030 2009 2085 contrarietate
2031 2034 2086 2083 et

504 2127 648 2182 bello
679 2143 775 2205 per
817 2127 1224 2182 contentionem
1267 2133 1321 2180 et
1352 2138 1590 2195 pugnam
1642 2121 1926 2193 generari;
1963 2121 2085 2175 aliis

505 2235 658 2283 vero,
689 2225 905 2273 tantum
936 2233 1002 2273 ex
1043 2216 1289 2271 amicitia
1317 2223 1372 2272 et
1409 2215 1707 2270 concordia
1738 2221 1938 2268 cuncta
1967 2228 2089 2284 proo

505 2310 656 2376 duci,
689 2312 756 2368 de
791 2310 902 2367 Deo
930 2318 1110 2366 autem
1139 2325 1250 2364 non
1277 2324 1377 2380 pro
1405 2308 1674 2378 dignitate
1711 2313 2088 2361 commentan-

505 2405 672 2469 tibus,
705 2404 794 2458 hic
824 2403 1044 2458 illorum
1085 2402 1371 2456 nominum
1418 2399 1667 2456 fictiones
1696 2399 1763 2452 ad
1809 2396 2088 2452 rectitudi-

503 2511 631 2551 ηοω
675 2494 1042 2559 transferens,
1077 2494 1318 2549 instituit
1357 2491 1527 2548 Deum
1561 2491 1804 2546 universi
1837 2488 2090 2544 condito-

503 2602 622 2644 rem
653 2595 708 2644 et
741 2594 1280 2658 coagmentatorem,
1331 2585 1655 2640 intestinum
1689 2584 1909 2654 quidem
1963 2583 2088 2638 uni-

504 2681 654 2736 versi
708 2679 911 2753 bellum
954 2680 1268 2751 intelligens
1308 2677 1756 2747 incorporeorum
1799 2685 1854 2756 et
1895 2675 2088 2730 imma-

505 2775 779 2830 terialium
835 2783 891 2830 et
946 2773 1373 2844 intelligibilium
1440 2787 1564 2826 cum
1635 2769 1958 2840 corporibus
2033 2759 2098 2824 et~

506 2866 884 2922 materialibus
939 2872 1102 2934 atque
1157 2864 1455 2920 sensilibus
1507 2863 1810 2918 naturalem
1869 2861 2087 2916 discor-

505 2959 651 3012 diam
695 2977 708 3013 :
739 2965 868 3014 sunt
903 2959 1049 3014 enim
1081 2959 1198 3012 haec
1241 2957 1536 3012 dissimilia
1570 2956 1833 3012 essentiis
1866 2969 1931 3008 ac
1978 2953 2088 3010 dis-

506 3060 769 3107 sentanea
797 3071 810 3105 :
845 3049 987 3107 Caro
1019 3053 1159 3105 enim
1186 3051 1509 3119 concupiscit
1542 3049 1789 3102 adversus
1817 3047 2086 3116 spiritum,

503 3150 554 3195 et
596 3143 817 3211 spiritus
862 3143 1114 3197 adversus
1161 3158 1374 3197 carnem
1399 3151 1468 3195 νε
1529 3156 1638 3194 non
1687 3141 1864 3195 solum
1905 3146 2086 3193 autem

2179 635 2326 695 ἄθεοι
2351 635 2661 710 Μανιχατοι,
2693 640 2774 693 ὅτι
2807 635 3172 702 στασιάζουσα
3200 637 3337 708 πρὸς
3369 637 3572 708 ἐαυτὴν
3597 638 3632 708 ἡ
3667 635 3758 709 ὕλη

2179 725 2459 806 ἆπεκύησε
2487 732 2556 787 τὰ
2586 719 2835 804 δαιμόνια
2861 731 3062 788 ταῦτα⁸
3090 730 3204 784 ἀλλ’
3225 731 3304 784 ὅτι
3339 729 3596 800 φύσειτῷ
3619 728 3758 802 ξηρῷ

2178 825 2240 880 τὸ
2298 826 2462 899 ὑγρὸν
2525 821 2803 897 πολέμιον,
2877 825 2972 878 καὶ
3033 823 3094 877 τὸ
3137 823 3343 896 ψυχρὸν
3399 823 3478 892 τῷ
3543 823 3755 894 θερμῷ·

2179 918 2312 982 Θεὸς
2333 919 2440 991 γὰρ
2470 918 2564 973 καὶ
2589 917 2660 972 τὰ
2692 915 2865 981 οὓτως
2895 917 3086 987 ἔχοντα
3120 917 3377 969 συνάπτει
3411 915 3551 988 πρὸς
3588 915 3759 985 φιλίαν

2181 1012 2275 1065 καὶ
2319 1011 2576 1065 σύστασιν
2607 1009 2702 1064 τοῦ
2736 1007 2956 1074 παντός.
2991 1009 3066 1062 Τὸ
3109 1007 3368 1080 ἐμφύλιον
3403 1005 3497 1062 οὖν
3529 1007 3758 1079 ἔμφυτον

2181 1102 2392 1174 νόησον.

2251 1211 2321 1262 Al
2347 1209 2494 1279 γοῦν
2520 1209 2934 1276 πρεσϐύτεραι.
2973 1205 3358 1279 Πρεσϐυτέρας
3389 1203 3655 1275 δυνάμεις
3671 1206 3760 1276 οὐχ

2181 1298 2368 1363 ἁπλῶς
2397 1301 2495 1372 τὴν
2514 1299 2621 1352 τῶν
2653 1296 2894 1370 σεραφὶμ
2920 1296 3241 1368 ταξιαρχίαν
3262 1295 3446 1366 φησὶν,
3469 1295 3610 1349 ἀλλὰ
3635 1296 3760 1366 πρὸς

2179 1381 2242 1446 τὸ
2276 1393 2548 1462 συνάγειν,
2580 1393 2746 1464 ἤγουν
2775 1390 3083 1452 συνάπτειν,
3114 1391 3236 1452 ταῖς
3264 1389 3438 1452 θείαις
3466 1388 3759 1458 ἐλλάμψεσι

2180 1483 2280 1547 τὰς
2311 1482 2610 1554 ὑφειμένας
2640 1483 2701 1535 τὸ
2733 1481 3021 1554 πρεσϐεῖον
3053 1480 3310 1551 ἔχουσανο
3344 1481 3444 1551 τὴν
3474 1481 3587 1551 γὰρ
3623 1479 3761 1552 πρώ-

2180 1591 2280 1644 την
2319 1575 2481 1628 αὐταὶ
2528 1567 2772 1644 δέχονται
2818 1573 3174 1642 θεοφάνειαν’
3208 1572 3438 1642 ἀμερῶς
3481 1573 3564 1636 δέ,
3612 1579 3759 1625 τουτ-

2183 1665 2330 1720 ἐστιν
2361 1667 2461 1720 οὐκ
2491 1666 2548 1719 ἐν
2585 1666 2741 1737 μέρει
2773 1665 2934 1730 τισὶν,
2969 1664 3084 1718 ἀλλ’
3112 1664 3322 1736 ἀθρόως
3347 1667 3459 1728 τοῖς
3496 1663 3641 1728 ὅλοις
3662 1707 3677 1721 .

2229 1756 2519 1828 -Χυθῆναι
2547 1757 2697 1825 πρὸς
2733 1758 2799 1812 τὸ
2828 1759 3092 1826 ἄπειρον.
3134 1757 3389 1824 Μεγάλας
3436 1756 3649 1820 πλάνας
3683 1774 3760 1824 φι-

2181 1852 2427 1919 λοσόφων
2471 1851 2740 1926 Ἐλλήνων
2816 1849 3080 1921 διελέγχει
3107 1849 3221 1914 νῦν,
3255 1849 3350 1903 καὶ
3386 1842 3526 1921 πρὸς
3561 1849 3662 1917 τὴν
3686 1849 3759 1901 εὐ.

2191 1946 2406 2001 σέϐειαν
2435 1944 2690 2016 μετάγειο
2730 1943 2940 1998 πολλῶν
2966 1943 3076 2018 γάρ
3108 1945 3166 1996 ἐν
3198 1942 3430 2006 ἐκείνοις
3451 1941 3762 2006 στασιαζόν-

2186 2053 2315 2104 των,
2350 2040 2444 2093 καὶ
2472 2031 2581 2092 τῶν
2607 2037 2705 2110 μὲν
2735 2037 2794 2102 ἐξ
2823 2035 3191 2100 ἐναντιώσεως
3215 2036 3309 2090 καὶ
3331 2035 3577 2106 πολέμου
3597 2037 3762 2091 πάντα

2187 2131 2253 2186 δι’
2283 2131 2456 2202 ἔριδος
2485 2125 2579 2185 καὶ
2614 2130 2792 2202 μάχης
2821 2127 3087 2197 λεγόντων
3122 2127 3430 2197 γεννᾶσθαν
3455 2127 3568 2180 τῶν
3593 2127 3673 2190 δὲ,
3705 2127 3762 2180 ἐκ

2188 2217 2370 2291 φιλίας
2389 2222 2483 2274 καὶ
2499 2221 2812 2292 συμφωνίας
2831 2219 2986 2289 μόνον
3003 2219 3068 2289 δη
3077 2217 3452 2292 μιουργέἶσθαι
3479 2216 3549 2269 τά
3569 2217 3760 2282 πάντα,

2187 2313 2324 2366 Θεοῦ
2357 2313 2412 2366 δὲ
2449 2313 2522 2384 μὴ
2556 2314 2674 2366 κατ’
2707 2308 2859 2374 ἀξίαν
2903 2309 2973 2381 δὴ
3007 2309 3420 2383 φροντιζόντων,
3460 2304 3640 2372 οὗτος,
3672 2309 3762 2373 τὰς

2189 2401 2413 2461 ἐκείνων
2465 2403 2884 2475 ὀνοματοποιίας
2928 2397 3010 2468 είς
3068 2402 3333 2474 ὀρθότητα
3401 2403 3760 2474 μεταφέρων,

2187 2499 2321 2553 Θεὸν
2353 2499 2602 2569 ἐφίστησι
2631 2497 2724 2551 τοῦ
2759 2495 2960 2559 παντὸς
2991 2495 3086 2549 καὶ
3127 2496 3357 2567 ποιητὴν
3395 2495 3492 2548 καὶ
3526 2511 3763 2564 συναγω-

2189 2586 2324 2661 γέα,
2373 2589 2633 2662 ἐμφύλιον
2684 2589 2784 2658 μὲν
2825 2588 3057 2658 πόλεμον
3102 2586 3197 2640 τοῦ
3235 2587 3435 2650 παντὸς
3464 2587 3622 2641 ινοῶν
3662 2585 3766 2640 τῶν

2189 2679 2496 2752 ἀσωμάτων
2529 2673 2622 2732 καὶ
2654 2679 2832 2732 ἀΰλων
2866 2679 2960 2732 καὶ
2991 2678 3196 2748 νοητῶν
3226 2678 3362 2750 πρὸς
3387 2677 3491 2748 τὴν
3522 2677 3634 2732 τῶν
3668 2695 3764 2731 σωκ

2193 2773 2378 2844 μάτων
2415 2771 2508 2825 καὶ
2545 2769 2742 2824 ὑλικῶν
2774 2771 2868 2823 καὶ
2917 2769 3188 2840 αἰσθητῶν
3223 2769 3459 2840 φυσικὴν
3502 2770 3764 2841 ἀσυμφω-

2190 2862 2335 2919 νίαν’
2367 2863 2596 2934 ἀνόμοια
2628 2861 2737 2934 γὰρ
2775 2861 2948 2915 ταῦτα
2978 2864 3098 2924 ταῖς
3130 2860 3334 2924 οὐσίαις
3377 2857 3474 2914 καὶ
3507 2859 3766 2932 ἀσύμφω-

2190 2975 2257 3012 να
2275 2976 2289 2989 -
2317 2956 2388 3012 Ἠ
2397 2961 2508 3026 γὰρ
2535 2956 2690 3025 σὰρξ
2715 2953 2985 3022 ἐπιθυμεῖ
3005 2955 3153 3007 κατὰ
3173 2953 3279 3007 τοῦ
3296 2954 3658 3023 πνεύματος,
3673 2953 3763 3007 καί

2191 3054 2256 3106 τὸ
2288 3053 2524 3120 πνεῦμα
2561 3052 2708 3105 κατὰ
2739 3050 2849 3117 τῆς
2881 3050 3126 3115 σαρκός.
3165 3046 3240 3100 Ού
3286 3048 3445 3118 μόνον
3490 3047 3551 3100 δὲ
3583 3047 3764 3110 τοῦτο,

2191 3143 2326 3198 ἀλλά
2376 3143 2471 3197 καὶ
2517 3143 2585 3195 τὰ
2621 3141 2855 3212 αἰσθητά
2890 3140 3086 3203 πάντα,
3117 3141 3236 3210 ἦτοι
3267 3123 3521 3210 σώματα,
3570 3138 3768 3209 ἄπειρα

507 3235 633 3299 hoc,
655 3235 751 3290 sed
778 3243 832 3290 et
872 3236 1096 3291 sensilia
1130 3235 1338 3298 omnia,
1362 3233 1478 3288 sive
1507 3248 1737 3303 corpora
1760 3231 2082 3302 quibusdam

2191 3233 2454 3304 λεγόντων
2487 3235 2644 3287 ἐνίων
2675 3232 2771 3287 καὶ
2804 3233 2883 3295 είς
2913 3230 3166 3302 ἀπειρίαν
3193 3229 3550 3302 φθείρεσθαι,
3587 3229 3681 3284 καὶ
3710 3225 3768 3280 τὺ

506 3326 822 3383 dicentibus
850 3328 1015 3382 etiam
1047 3328 1260 3382 inﬁnita
1292 3327 1348 3382 in
1379 3325 1652 3380 inﬁnitum
1688 3323 2000 3393 corrumpi,
2033 3330 2088 3378 et

507 3421 753 3474 onmium
784 3421 1117 3484 mistiouem,
1149 3419 1294 3490 quod
1319 3419 1453 3472 dicit
1482 3417 1826 3481 inﬁnitatem,
1858 3431 2088 3470 conver-

510 3527 626 3566 sam
678 3514 731 3567 in
763 3514 1061 3568 discrimen
1092 3529 1154 3568 ac
1197 3512 1601 3582 separationem
1643 3519 1698 3565 et
1725 3517 1933 3580 partes,
1973 3509 2088 3565 dis-

508 3604 660 3658 cerni
685 3612 738 3658 et
784 3607 1028 3674 separari
1072 3605 1128 3659 in
1162 3604 1632 3676 generationibus,
1680 3611 1844 3674 atque
1886 3617 1952 3656 ex
1984 3602 2087 3657 hoc

507 3695 740 3752 dissidio
783 3697 960 3767 magis
1008 3704 1362 3768 augescente,
1415 3704 1467 3751 et
1501 3711 1610 3749 non
1641 3702 1850 3749 tantum
1881 3709 2086 3764 expur-

507 3795 680 3856 gante'
714 3789 874 3843 mista
922 3805 952 3842 a
989 3805 1100 3843 non
1151 3789 1590 3845 coalescentibus
1632 3794 1686 3842 et
1735 3787 1949 3851 alienis,
1992 3787 2098 3842 sed-

507 3879 672 3933 etiam
709 3879 765 3934 in
817 3881 1117 3936 sectionem
1162 3889 1217 3936 et
1259 3880 1584 3935 fractionem
1615 3880 1727 3949 jam
1769 3880 2088 3935 coalescen-

508 3971 644 4026 tium
687 3973 852 4045 216
884 3975 1016 4038 lata,
1049 3983 1214 4045 atque
1246 3975 1304 4029 in
1341 3973 1842 4030 dissimilitudinem
1869 3987 2087 4028 omnem

507 4069 562 4118 et
589 4064 968 4131 diﬂ‘erentiam,
1003 4082 1123 4136 quae
1143 4074 1401 4121 concreta
1430 4075 1560 4121 sunt
1587 4065 1842 4132 ducente,
1872 4066 2008 4120 solvi
2034 4077 2089 4121 et

510 4157 785 4226 corrumpi
815 4159 1030 4222 omnia,
1057 4158 1300 4228 exceptis
1327 4158 1676 4228 simplicibus
1718 4172 1815 4212 seu
1848 4157 2089 4211 elemen-

510 4245 604 4309 tis,
649 4257 704 4301 et
740 4249 844 4302 hoc
889 4251 1090 4303 bellum
1123 4250 1455 4314 dicentibus,
1481 4251 1628 4321 quod
1662 4265 1774 4304 non
1809 4249 1941 4304 sinit
1973 4257 2088 4302 tota

513 4339 676 4393 uuiri.
707 4338 935 4410 Magnus
966 4342 1279 4412 Dionysius,
1305 4349 1564 4412 tanquam
1596 4342 1846 4398 veritatis
1877 4357 2085 4404 amans,

514 4429 639 4491 tale,
669 4429 811 4484 sicut
837 4431 973 4494 dixi,
993 4432 1241 4487 naturale
1276 4432 1636 4502 bellum,(hoc
1664 4431 1811 4486 enim
1841 4412 2090 4486 naturale

512 4527 691 4581 vocat,
722 4515 1019 4590 specum;
1036 4524 1179 4577 sicut
1226 4525 1390 4579 etiam
1424 4523 1722 4596 σύμφυλον,
1757 4526 1903 4595 quod
1935 4525 2080 4596 ejus-

514 4609 636 4663 dem
679 4621 762 4665 est
800 4614 1288 4685 generisgsolvere
1329 4617 1405 4669 ait
1446 4615 1635 4683 Deum,
1678 4632 1776 4686 pro
1819 4617 2085 4673 intestino

515 4699 678 4763 bello,
716 4717 905 4771 pacem
946 4717 1010 4757 ac
1052 4720 1370 4777 compagem
1412 4715 1575 4776 atque
1613 4707 2087 4778 conspirationem

515 4793 772 4848 universo
797 4794 1116 4859 donantem,
1165 4805 1220 4852 et
1249 4799 1304 4851 in
1341 4799 1527 4868 seipso
1565 4801 1750 4854 omnia
1792 4802 2083 4857 continens-

517 4893 624 4937 tem
652 4893 706 4939 et
735 4881 1204 4953 reconciliantem,
1236 4897 1296 4942 ut
1339 4890 1580 4960 loquitur
1613 4893 1916 4962 Apostolus
1942 4907 2002 4962 x;
2033 4905 2090 4950 et

517 4978 893 5032 reconciliabit
925 4979 1168 5037 cmlestia
1197 4982 1450 5046 terrenis,
1483 4999 1578 5053 per
1605 5001 1726 5054 quae
1756 4987 2083 5042 commissas

517 5069 749 5139 singulis
781 5072 1031 5134 virtutes,
1076 5080 1130 5128 et
1161 5076 1337 5130 instar
1371 5077 1753 5132 ministrorum
1800 5080 2082 5136 institutas

516 5163 857 5219 subditorum
913 5181 1099 5221 amore
1140 5168 1257 5222 unit
1290 5187 1304 5222 :
1353 5170 1536 5224 omnia
1566 5186 1696 5226 vero
1723 5172 1790 5226 ad
1834 5173 2078 5244 seipsum

513 5260 802 5325 convertit,
831 5259 1045 5315 clavum
1070 5267 1261 5314 tenens
1285 5269 1339 5316 et
1369 5267 1546 5323 omnia
1581 5266 1894 5324 continens.

621 5421 651 5454 ν
676 5413 853 5470 Galat.
887 5430 941 5481 ν,
972 5415 1072 5470 17..
1114 5411 1167 5458 ιι
1191 5412 1403 5472 Coioss.
1429 5431 1469 5484 ι,
1505 5418 1599 5474 20.

2193 3327 2370 3399 μίγμα
2381 3326 2489 3379 τῶν
2503 3326 2778 3388 ἀπάντων,
2794 3326 2930 3395 ὅπερ
2955 3324 3119 3394 φησὶν
3136 3323 3413 3395 ἀπειρίαν,
3434 3321 3767 3394 τρεπόμενον

2189 3419 2268 3484 είς
2284 3421 2546 3491 διαφορὰν
2565 3459 2580 3483 ,
2607 3423 2702 3474 καὶ
2728 3417 3024 3490 χωρισμὸν,
3061 3417 3156 3472 καὶ
3198 3409 3363 3489 μέρη,
3393 3412 3768 3487 διακρίνεσθαι

2189 3515 2284 3568 καὶ
2302 3511 2626 3586 χωρίζεσθαι
2640 3514 2720 3576 είς
2734 3512 2995 3582 γενέσεις,
3011 3511 3102 3564 καὶ
3113 3513 3176 3562 ἐκ
3198 3507 3386 3561 τούτου
3403 3506 3605 3577 μᾶλλον
3616 3503 3770 3568 αὐξα-

2188 3607 2417 3678 νομένης
2444 3606 2542 3676 τῆς
2562 3605 2910 3668 διαστάσεως,
2936 3601 3029 3656 καὶ
3065 3601 3138 3672 μὴ
3175 3599 3330 3671 μόνον
3360 3597 3428 3651 τὰ
3461 3596 3769 3667 μεμιγμένα

2187 3700 2294 3752 τῶν
2327 3698 2627 3770 ἀσυμφυῶν
2658 3691 2751 3751 καὶ
2782 3695 3076 3767 ἀλλοτρίων
3107 3690 3608 3761 ἀποκαθαιρούσης,
3633 3685 3767 3742 ἀλλά

2190 3792 2283 3846 καὶ
2316 3795 2394 3856 εἰς
2417 3791 2590 3862 τομὴν
2607 3792 2698 3844 καὶ
2715 3789 2940 3862 θραῦσιν
2963 3788 3062 3859 ἥδη
3079 3785 3189 3839 τῶν
3224 3783 3488 3853 συμφυῶν
3534 3780 3770 3853 φερομέ-

2190 3903 2306 3957 νης,
2357 3881 2450 3938 καὶ
2498 3886 2578 3947 είς
2633 3881 2992 3953 ἀνομοιότητα
3038 3880 3218 3931 πᾶσαν
3254 3877 3346 3929 καὶ
3393 3873 3664 3945 διαφορὰν
3702 3870 3770 3924 τὰ

2191 3979 2538 4051 συγκρίματα
2571 3977 2830 4047 ἀγούσης,
2852 3970 3072 4026 λύεσθαι
3103 3969 3195 4024 καὶ
3228 3965 3544 4036 φθείρεσθαι
3569 3965 3767 4022 πάντα,

2189 4073 2328 4144 πλὴν
2368 4069 2477 4123 τῶν
2509 4069 2716 4133 ἁπλῶν,
2750 4067 2868 4138 ἦτοι
2898 4063 3196 4134 στοιχείων,
3230 4062 3322 4115 καὶ
3352 4059 3511 4114 τοῦτο
3533 4057 3768 4128 πόλεμον

2188 4164 2473 4232 λεγόντων,
2506 4161 2568 4214 τὸ
2604 4159 2676 4231 μὴ
2711 4158 2814 4212 ἐῶν
2849 4156 3088 4228 ἡνῶσθαι
3113 4155 3181 4208 τὰ
3206 4153 3328 4206 ὅλα·
3364 4154 3393 4206 ὁ
3435 4150 3612 4222 μέγας
3644 4151 3768 4200 Διο-

2189 4258 2389 4320 νύσιος,
2412 4257 2508 4310 ἅτε
2527 4255 2629 4324 τῆς
2653 4252 2909 4324 ἀληθείας
2935 4249 3085 4320 φίλος
3102 4250 3122 4279 ⁵
3142 4248 3445 4319 τυγχάνων,
3470 4242 3564 4297 τὶν
3593 4239 3771 4294 τοιοῦ-

2188 4365 2299 4410 τον,
2323 4348 2396 4410 ὡς
2429 4347 2585 4418 ἔφην,
2618 4341 2842 4413 φυσικὸν
2877 4340 3110 4410 πόλεμον
3156 4337 3363 4406 (τοῦτον
3397 4334 3504 4406 γὰρ
3539 4329 3771 4402 φυσικὸν

2191 4440 2364 4504 καλεῖ,
2398 4439 2488 4492 τὸν
2523 4437 2804 4508 ἐμφύλιον,
2838 4434 2914 4498 ὡς
2941 4433 3036 4487 καὶ
3068 4428 3345 4500 σύμφυλον
3370 4427 3462 4479 τὸν
3499 4420 3768 4494 ὀμοφυᾶ),

2190 4531 2336 4586 λύειν
2368 4533 2500 4602 φησι
2530 4531 2620 4584 τὸν
2645 4530 2796 4591 Θεὸν,
2827 4527 2949 4580 ἀντὶ
2977 4524 3070 4578 τοῦ
3105 4520 3365 4594 ἐμφυλίου
3398 4515 3660 4586 πολέμου,
3696 4512 3773 4564 εί-

2191 4627 2359 4697 ρήνην
2392 4625 2484 4678 καὶ
2514 4622 2778 4696 ἁρμονίαν
2807 4619 2901 4674 καὶ
2924 4616 3225 4688 σύμπνοιαν
3254 4611 3332 4681 τῷ
3371 4607 3533 4663 παντὶ
3564 4602 3771 4697 δωρού-
3811 4641 3817 4649 .

2407 4717 2501 4770 καὶ
2521 4691 2580 4769 ἐν
2596 4691 2785 4785 ἐαυτῷ
2819 4711 3110 4781 συνέχοντα
3139 4708 3316 4761 πάντα
3348 4702 3442 4756 καὶ
3461 4691 3773 4755 ἀποκαταλ-

2189 4811 2471 4874 λάττοντα,
2507 4810 2582 4873 ὥς
2617 4825 2782 4879 φησιν
2825 4809 2854 4860 ὁ
2916 4798 3262 4863 Ἀπόστολος,
3316 4798 3409 4852 καὶ
3456 4789 3773 4849 ἀποκαταλο

2189 4903 2339 4970 λάξει
2370 4902 2439 4956 τὰ
2472 4900 2768 4974 ἐπουράνια
2798 4900 2912 4961 τοῖς
2955 4895 3236 4964 ἐπιγείοις,
3270 4891 3336 4944 δι’
3371 4883 3468 4951 ὧν,
3517 4884 3619 4946 τὰς
3670 4881 3774 4952 μὲν

2190 4991 2621 5066 ἐπιτεταγμένας
2643 4996 2756 5056 τοῖς
2789 4991 2908 5045 καθ’
2928 4990 3157 5042 ἕκαστον
3182 4984 3442 5054 δυνάμεις
3469 4980 3564 5032 καὶ
3589 4976 3777 5066 διακο-

2193 5089 2358 5152 νικῶς
2377 5065 2684 5149 διοικούσας
2708 5087 2774 5155 τῇ
2809 5082 2998 5153 ἀγάπῃ
3022 5079 3130 5133 τῶν
3151 5070 3603 5143 ὑποτεταγμένων
3624 5065 3770 5118 ἐνοῖο

2191 5179 2262 5232 τά
2291 5178 2348 5232 δὲ
2381 5179 2559 5232 πάντα
2605 5175 2740 5246 πρὸς
2779 5168 2968 5226 ἐαυτὸν
3017 5168 3352 5241 ἐπιστρέφει,
3395 5156 3776 5234 πηδαλιουχῶν

2193 5273 2287 5326 καὶ
2321 5271 2559 5341 συνέχων
2588 5267 2657 5322 τὰ
2688 5268 2883 5323 πάντα,

1436 5547 1668 5603 VARUE
1701 5543 2083 5607 LECTIONES
2118 5545 2207 5607 ΕΤ
2245 5549 2806 5609 CORRECTIONES.

555 5684 638 5731 ag,
658 5673 778 5740 etc.
820 5667 945 5722 Haec
975 5667 1116 5740 enim
1140 5666 1301 5740 etiam
1323 5671 1472 5740 pacis
1499 5668 1690 5740 divina:
1705 5671 2044 5739 ‘participatio
2073 5671 2142 5724 ad
2176 5671 2515 5728 condordiam
2538 5670 2753 5740 redigit,
2785 5679 2836 5724 et
2862 5667 3024 5740 simul
3053 5668 3340 5738 coniungit.
3386 5661 3477 5740 Yet
3512 5677 3604 5729 per
3639 5661 3764 5740 bei-

541 5755 627 5819 unt
649 5737 729 5819 hic
753 5739 988 5819 intelligo
1013 5735 1171 5819 illud,
1195 5731 1339 5819 quod
1357 5740 1507 5819 rebus
1535 5731 1854 5819 incorporei;
1884 5731 1953 5794 (id
1979 5743 2286 5796 materiatia
2315 5743 2636 5819 naturaliter
2657 5731 2855 5819 inestq
2893 5731 3200 5819 Caroenim
3223 5731 3458 5810 (inquit.
3481 5735 3762 5819 ,ςοζιειιρὶτ

517 5807 614 5884 scit
644 5809 889 5860 adversus
910 5803 1282 5884 spiritum,'et
1319 5809 1537 5884 spiritus
1563 5803 1818 5884 adversus
1850 5827 2105 5868 carnem:
2143 5833 2160 5863 ι
2203 5811 2625 5884 quandoquidem
2660 5821 2709 5865 et
2745 5809 3048 5878 hujusmodi
3089 5811 3279 5863 bellum
3323 5803 3432 5878 pax
3460 5803 3646 5856 divina
3688 5803 3765 5856 ad

518 5879 756 5930 unionem
776 5892 1052 5946 pacemque
1076 5876 1311 5930 adducit.
1411 5878 1431 5908 ⁸
1456 5877 1760 5945 φιλόσοφος.
