3882 6544
110 400 200 457 595

114 607 354 683 μείωσαι]
390 612 530 683 περὶ
577 610 834 676 Ἰούστου,
869 611 964 665 καὶ
992 612 1078 664 ὅτι
1109 611 1208 683 τὴν
1238 611 1333 666 τοῦ
1366 612 1513 666 θείου
1543 615 1696 686 είρή-

110 721 194 774 νην
228 703 542 773 ἀφθεγξίαν
588 703 680 758 καὶ
727 703 1019 776 ἀκινησίαν
1067 703 1343 775 ὀνομάζει.
1385 705 1590 760 Τούτου
1637 707 1696 762 δὲ

109 796 190 851 τοῦ
218 796 376 864 ἁγίου
413 796 659 851 Ἰούστου
698 797 998 869 μέμνηνται
1030 799 1086 852 αἱ
1120 796 1354 871 Πράξεις
1383 799 1494 853 τῶν
1522 800 1696 869 ἁγίων

109 887 431 952 ἀποστόλων,
484 891 792 959 φάσκουσαι
826 889 989 944 αὐτὸν
1022 890 1118 944 καὶ
1159 891 1354 962 Ἰωσῆν
1386 891 1691 946 καλεῖσθαι.

109 979 307 1034 Μᾶλλον
345 976 445 1034 οὖν
491 981 592 1034 καὶ
645 980 952 1054 συνέγραψε
1001 999 1076 1046 τι,
1112 980 1146 1054 ἢ
1179 981 1274 1036 καὶ
1318 983 1587 1055 ἀγράφοις
1617 983 1697 1037 δι-

83 1073 411 1138 οδασκαλίαις
445 1076 743 1146 ἐχρήσατο.
776 1073 886 1129 Καὶ
915 1074 1076 1130 τοῦτο
1097 1071 1192 1128 οὖν
1215 1074 1576 1148 παρατίθεται
1597 1074 1694 1130 τοῦ

109 1166 249 1236 ἁγίου
296 1167 589 1220 Διονυσίου
622 1167 722 1239 τὴν
753 1164 1113 1242 ἀρχαιότητα,
1158 1168 1254 1222 καὶ
1285 1169 1368 1222 ὅτι
1399 1170 1512 1232 τοῖς
1561 1169 1698 1222 ἀπο-

111 1259 304 1326 στόλοις
337 1261 530 1325 αὐτοῖς
565 1262 658 1315 καὶ
685 1260 1064 1324 ἀποστολικοῖς
1095 1261 1323 1332 ἀνδράσι
1349 1262 1693 1334 συνήκμασε.

108 1352 406 1422 Σημείωσαι
439 1352 500 1406 δὲ
541 1353 625 1406 ὅτι
657 1353 750 1406 καὶ
782 1353 831 1405 οἱ
873 1351 1010 1406 θεῖοι
1041 1353 1238 1405 ἐκεῖνοι
1263 1351 1457 1424 ἄνδρες
1483 1351 1696 1421 φιλοσό-

109 1460 215 1512 φοις
240 1443 456 1510 λέξεσιν
490 1444 756 1518 ἐχρῶντο,
797 1445 1098 1516 ἀφθεγξίαν
1140 1446 1234 1500 καὶ
1265 1444 1558 1517 ἀκινησίαν
1596 1444 1696 1518 τὴν

108 1535 188 1589 τοῦ
217 1536 351 1590 Θεοῦ
386 1539 622 1609 εἰρήνην
654 1536 1035 1610 ὀνομάζοντες.
1496 1546 1504 1551 ’

179 1629 522 1689 Ἀπολείπει
537 1630 654 1699 τὴν
670 1629 893 1701 ἑαυτῆς
921 1631 1165 1692 ἕνωσιν,
1205 1631 1441 1688 Ἐνωσιν
1461 1632 1696 1688 ἐνταῦθα

108 1720 159 1773 τὸ
184 1718 391 1774 ἁπλοῦν
425 1722 526 1775 καὶ
559 1723 782 1789 ὲνιαῖον,
823 1722 993 1796 ῆγουν
1023 1723 1355 1797 ἀδιαίρετον,
1391 1724 1574 1797 φησίν.

170 1811 386 1865 'Erd‘or
415 1811 535 1880 ὅλη
552 1812 852 1882 μένουσα.
884 1815 1147 1869 Τουτέστι
1175 1816 1277 1888 τὴν
1297 1815 1490 1874 ἑαυτοῦ
1515 1817 1536 1847 ⁶
1556 1835 1694 1889 κρυ-

107 1903 314 1976 φιότητα
348 1904 694 1977 παρεξιοῦσα
727 1907 824 1964 atat
853 1907 1244 1964 ἀπολείπουσα.

169 1999 274 2064 Τὰς
290 1998 519 2068 νοητὰς
549 1997 744 2069 αὐτῆς
779 2000 877 2056 καὶ
911 1995 1123 2070 ῥητής.
1146 2002 1367 2074 Νοητάς
1399 2003 1492 2057 καὶ
1525 2002 1694 2076 ῥητὰς

109 2090 384 2158 μετουσίας
421 2093 595 2164 φησὶν
641 2093 746 2148 ὅσα
776 2092 876 2150 διὰ.
897 2093 1010 2148 τῶν
1054 2094 1362 2174 εἰρημένων
1398 2099 1465 2168 τῇ
1500 2098 1690 2169 Γραφῇ

107 2183 305 2250 ἐφεῖται
334 2186 484 2237 νοεῖν
518 2185 686 2256 ἡμᾶς.

167 2380 194 2450 §
227 2378 284 2434 11.
321 2382 493 2437 Κατὰ
534 2381 652 2452 τὴν
674 2382 1027 2455 ἀσύτχυτον
1060 2381 1261 2440 αὐτῶν
1289 2386 1530 2448 ἕνωσιν.
1567 2388 1689 2444 Ὅτι

106 2475 185 2526 καὶ
212 2474 275 2528 τὰ
309 2476 391 2540 είς
426 2474 685 2530 σύνθεσιν
722 2476 868 2531 ἰόντα
894 2477 1091 2532 ἕνωσιν
1141 2479 1316 2543 καλεῖ,
1357 2475 1520 2552 κᾶνῇ
1561 2481 1687 2534 ἀνό-

107 2578 244 2636 μοια*
281 2569 376 2622 aut
405 2569 568 2623 ποῖόν
604 2569 856 2642 φησινὸν
889 2571 1104 2645 προὲφη
1135 2571 1398 2642 ἐμφύλιον
1427 2570 1680 2644 πόλεμον.

165 2747 351 2818 Ὅμως
396 2745 728 2816 ἀκραιφνῆ.
771 2747 836 2801 Ei
879 2747 976 2801 καὶ
999 2745 1070 2801 τὰ
1106 2748 1366 2818 στοιχεῖα,
1391 2746 1548 2818 φησὶ,
1583 2746 1682 2818 τὴν

104 2838 224 2910 πρὸς
257 2838 472 2912 ⁴ἀλληλα
523 2840 622 2895 καὶ
673 2839 820 2911 μίξιν
874 2839 970 2893 καὶ
1016 2838 1335 2910 συμπλοκὴν
1377 2838 1682 2910 ἀδιαίρετον

104 2931 318 3001 ἔχουσιν,
357 2933 487 2986 ,ἀλλ’
521 2933 674 3004 ὅμως
717 2935 772 2987 αἱ
816 2932 1024 2988 τούτων
1061 2932 1347 3005 ποιότητες
1378 2932 1479 3005 τὴν
1515 2931 1680 3004 ἀκρό-

104 3043 224 3097 τητα
237 3025 446 3096 αὐτῶν,
471 3027 537 3080 ού
561 3025 1081 3102 .παραπολλύουσιν,
1113 3021 1224 3080 οἷον
1266 3025 1328 3080 τὸ
1366 3024 1592 3098 θερμὸν,
1618 3025 1680 3078 τὸ

107 3115 268 3190 ξηρὸν,
303 3120 397 3174 καὶ
435 3117 509 3172 τὰ
554 3117 810 3173 λοιπά.ὲν
841 3119 907 3189 τῇ
942 3117 1052 3171 τῶν
1094 3117 1408 3191 ἑτεροειδῶν
1444 3117 1674 3189 κράσει,

105 3210 187 3283 τὴν
215 3214 269 3266 ἐν
298 3211 376 3284 τῷ
414 3209 584 3265 παντὶ
613 3209 1010 3284 θεωρουμένην.
1533 3225 1540 3232 ·

783 393 842 456 5.
883 394 1139 456 MAXIM!
1177 397 1476 458 SCHOLIA
1507 399 1575 460 ΙΝ
1611 400 1743 458 LIB.
1778 401 1867 456 DE
1907 401 2162 462 DIVINIS
2209 404 2612 478 NOMINIBUS.

174 517 345 584 "Hrd
440 519 610 586 ἱερὸς
669 517 931 584 Ἰοῦστος
969 517 1300 589 ἁφθεγξίαν
1336 519 1528 575 καλεῖ.
1567 519 1696 592 [Ση-
1721 528 1770 587 Α

3278 409 3387 466 304

1868 519 2044 588 Quam
2083 532 2299 578 sanctus
2334 522 2524 578 Justus
2567 531 2718 578 vocat
2743 523 3140 603 jnsonantiam.
3177 523 3390 598 [Nota]

1797 612 1866 670 de
1899 612 2080 680 Justo,
2105 625 2159 671 et
2187 615 2336 686 quod
2363 617 2609 672 numinis
2632 631 2846 686 pacem,
2880 615 3159 675 silentium
3185 629 3238 674 et
3269 635 3391 673 mo-

1795 715 1888 764 tus
1915 708 2246 764 vacuitatem
2293 709 2548 779 appellet.
2581 707 2756 780 Hujus
2791 717 2971 763 autem
3019 710 3198 765 sancti
3240 709 3389 767 Justi

1798 799 2166 855 meminerunt
2182 799 2665 870 Acta.sanctorum
2697 800 3096 870 apostolorum,
3129 816 3390 878 asseren-

1796 890 1876 944 tia
1933 889 2108 959 ipsum
2173 892 2338 948 etiam
2360 890 2528 948 Josen
2550 893 2754 966 vocari.
2777 891 2968 950 Potius
2988 893 3152 964 igitur
3175 894 3388 966 aliquid

1799 987 1965 1042 etiam
1996 987 2362 1058 conscripsit,
2397 997 2494 1042 aut
2525 988 2690 1050 etiam
2742 1003 2852 1046 non
2885 988 3111 1059 scriptis
3157 987 3386 1063 institu-

1797 1079 2044 1135 tionibus
2077 1095 2214 1135 usus
2245 1077 2376 1134 fuit.
2405 1079 2520 1135 Hoc
2545 1080 2711 1151 igitur
2741 1080 3124 1152 antiquitatem
3165 1097 3388 1157 quoque

1798 1171 1974 1226 sancti
2006 1171 2251 1243 Dionysii
2278 1170 2589 1236 conﬁrmat,
2625 1172 2854 1242 etquod
2895 1173 3060 1227 simul
3087 1189 3210 1229 cum
3245 1189 3385 1246 apo-

1799 1265 1958 1322 stolis
1988 1265 2126 1337 ipsis
2159 1274 2214 1322 et
2247 1267 2381 1323 viris
2412 1267 2734 1338 apostolicis
2765 1266 3012 1322 ﬂoruerit
3049 1286 3063 1322 :
3099 1276 3228 1322 nota
3256 1284 3389 1340 vero

1799 1359 2021 1416 divinos
2075 1361 2202 1418 illos
2255 1362 2408 1417 viros
2463 1360 2921 1431 philosophorum
2975 1360 3163 1418 verbis
3218 1362 3388 1418 ctiam

1797 1465 1950 1516 usos,
2017 1451 2320 1522 ἀφθεγξίαν
2362 1454 2459 1508 καὶ
2500 1453 2794 1524 ἀκινησίαν
2836 1451 2934 1514 Dei
2978 1468 3166 1525 pacem
3207 1454 3391 1510 nomi-

1795 1552 2014 1602 nantes.

1864 1636 2086 1692 Deserat
2131 1653 2285 1694 suam
2312 1639 2586 1705 unionem,
2613 1637 2708 1696 Gr.
2733 1638 2949 1695 ἕνωσιν.
3002 1640 3240 1704 Ἔνωσιν
3287 1640 3392 1694 hoc

1796 1729 1938 1794 loco,
1972 1731 2225 1800 simplex,
2257 1739 2313 1787 et
2342 1747 2514 1786 unum
2550 1747 2648 1787 seu
2683 1730 3027 1786 individuum
3068 1732 3228 1788 dicit.

1869 1823 2024 1878 Intus
2045 1833 2158 1879 tota
2174 1840 2413 1880 manens.
2443 1825 2500 1880 1d
2532 1832 2618 1880 est
2643 1841 2798 1882 suam
2827 1825 3226 1882 obscuritatem
3249 1841 3392 1896 pra:-

1726 1907 1766 1960 Β
1796 1917 2004 1974 teriens
2039 1926 2201 1988 atque
2227 1918 2510 1975 deserens.

1869 2007 2004 2075 Quae
2035 2009 2431 2080 intelliguntur,
2461 2026 2525 2064 ac
2551 2011 2896 2066 nominantur
2915 2011 3053 2081 ejus.
3080 2012 3389 2086 Participa-

1793 2102 1976 2158 tiones
1999 2118 2125 2173 quae
2148 2103 2379 2174 intelligi
2419 2102 2638 2174 dicique
2669 2113 2924 2175 possunt,
2955 2106 3092 2166 dicit
3122 2124 3388 2176 quaer-un-

1792 2210 1902 2266 que
1933 2195 2094 2252 nobis
2124 2211 2222 2266 per
2253 2211 2317 2252 ea
2353 2211 2474 2266 qum
2506 2196 2560 2251 in
2596 2195 2884 2268 Scriptura
2914 2198 3182 2265 dicuntur
3220 2202 3386 2261 intel-

1767 2325 1772 2328 -
1791 2287 1960 2358 ligere
1989 2289 2257 2358 permissa
2289 2296 2442 2344 sunt.

1861 2379 1888 2450 §
1923 2378 1986 2434 ll.
2025 2378 2246 2435 Minime
2273 2379 2498 2450 confusa
2535 2380 2771 2449 ipsorum
2799 2381 3384 2454 conjunCtion,e._Quod

1786 2472 1951 2528 etiam
1981 2487 2044 2527 ea
2073 2488 2195 2543 qua;
2220 2472 2276 2526 in
2306 2473 2763 2542 compositionem
2787 2474 3038 2539 veniunt,
3068 2472 3262 2538 ἕνωσιν
3285 2490 3384 2534 vo-

1785 2573 1914 2620 cat:
1944 2565 2049 2620 etsi
2079 2572 2209 2622 sunt
2240 2565 2534 2624 dissimilia
2567 2584 2580 2620 :
2615 2579 2681 2621 ac
2715 2567 2878 2637 quale
2907 2565 3044 2624 dicit
3079 2567 3224 2639 quod
3251 2575 3383 2625 ante

1786 2657 1926 2712 dixit
1956 2657 2278 2714 intestinum
2312 2658 2539 2714 bellum.

1859 2749 2058 2804 Tamen
2088 2765 2244 2819 pura.
2277 2749 2394 2806 Etsi
2424 2751 2718 2817 elementa,
2749 2751 2949 2823 inquit,
2982 2753 3295 2814 mistionem
3323 2765 3382 2816 et

1783 2843 2128 2914 complexum
2159 2843 2304 2899 inter
2331 2857 2391 2899 se
2431 2844 2658 2898 minime
2701 2843 3038 2902 divisibilem
3087 2847 3327 2904 habeant
3361 2868 3377 2904 :

1781 2941 1966 2991 tamen
2017 2935 2214 2990 horum
2253 2935 2550 3006 qualitates
2596 2950 2708 2992 non
2755 2938 2898 2992 male
2944 2939 3184 3009 perdunt
3219 2956 3379 2996 suam

1779 3025 2205 3093 extremitatem,
2235 3025 2404 3082 veluti
2426 3026 2701 3094 calidum,
2735 3028 2969 3094 siccum,
3001 3038 3056 3085 et
3080 3031 3292 3102 reliqua
3319 3033 3379 3089 iu

1767 3127 1972 3168 .eorum
2003 3115 2387 3184 quaediversre
2421 3115 2614 3172 forma:
2655 3127 2788 3174 sunt
2829 3121 3114 3190 temperie,
3150 3123 3207 3178 in
3252 3125 3378 3180 uni-
3469 3184 3471 3186 ,

1779 3221 1940 3268 verso
1972 3206 2403 3264 consideratam.

163 3303 305 3371 Πρὸς
326 3281 400 3357 τὰ
419 3281 833 3372 ἀντικείμενα
856 3281 1146 3370 κράσεως.
1196 3302 1411 3376 Κρᾶσιν
1442 3304 1679 3359 ἐνταῦθα

1851 3298 2012 3370 217
2058 3300 2161 3355 Per
2187 3303 2580 3358 contrariorum
2604 3308 3062 3376 temperationem.
3079 3309 3380 3381 Tempera-

105 3396 296 3465 νοητέον
323 3397 387 3450 ού
418 3394 525 3467 τὴν
552 3394 630 3458 ὡς
661 3395 755 3448 ἐπὶ
795 3393 891 3448 τοῦ
937 3393 1106 3466 ὑγροῦ
1143 3393 1401 3467 φύρασιν,
1455 3399 1550 3452 καὶ
1585 3400 1684 3471 τὴν

105 3487 450 3556 ἀφανίζουσαν
471 3487 544 3542 τὰ
575 3488 934 3560 ὑποκείμενα,
964 3487 1102 3542 ἀλλά
1129 3488 1227 3561 τὴν
1265 3489 1571 3562 σύμπνοιαν
1591 3493 1686 3549 καὶ

102 3579 436 3656 ἀλληλουχίαν
456 3622 472 3647 ,
517 3581 620 3653 τὴν
649 3584 708 3635 ὲν
747 3582 987 3654 ἁρμονίᾳ.
1031 3567 1404 3652 φυλάττουσαν
1449 3583 1518 3637 τὰ
1557 3587 1684 3654 ὲφε-

105 3674 260 3730 στῶτα
291 3679 310 3709 ⁷
342 3675 442 3732 καὶ
464 3675 538 3730 τὰ
567 3674 985 3747 ὑποτεταγμένα
1007 3693 1021 3706 ·
1061 3675 1231 3747 νοητά
1277 3693 1420 3748 φημι
1457 3677 1554 3733 καὶ
1599 3679 1685 3731 αἰ-

105 3766 276 3839 σθητὰ,
305 3770 567 3824 τουτέστι
595 3767 665 3821 τὰ
695 3770 752 3821 ὲν
776 3767 1010 3836 γενέσει,
1034 3769 1129 3822 καὶ
1156 3767 1296 3823 αὐτὰ
1329 3769 1389 3823 δὲ
1423 3768 1492 3823 τά
1524 3771 1683 3826 ὲναν-

105 3858 198 3928 τίιι,
224 3857 334 3920 οἷον
365 3861 725 3934 εἰρηνεύοντα
747 3861 884 3933 πρὸς
914 3860 1118 3932 ἄλληλα
1136 3901 1151 3927 ,
1181 3861 1258 3925 ὠς
1294 3861 1357 3916 τὸ
1395 3861 1540 3936 ὕδωρ
1587 3863 1684 3916 καὶ

103 3952 188 4022 τὴν
211 3956 331 4027 γῆν,
364 3948 414 4025 ᾧ
443 3953 893 4028 περιϐεϐλημένη
927 3955 960 4026 ὴ
995 3955 1066 4026 γῆ
1098 3954 1159 4007 οὐ
1191 3953 1398 4022 λύεται,
1421 3956 1514 4010 καὶ
1543 3956 1571 4009 6
1594 3956 1683 4009 οὐ-

105 4047 245 4115 ρανὸς
274 4049 336 4114 ἐξ
368 4048 567 4112 ὕδατος
599 4045 696 4113 ὢν,
728 4047 824 4100 καὶ
849 4049 878 4100 6
907 4045 1072 4118 αἰθὴρ
1097 4045 1158 4100 οὐ
1202 4046 1346 4100 λύων
1386 4047 1478 4101 τὸν
1517 4047 1682 4119 οὐρα-

102 4137 208 4190 νόν·
240 4142 335 4195 καὶ
363 4134 528 4204 οὗτός
554 4140 706 4194 ἐστιν
737 4139 766 4192 6
795 4138 1059 4210 ἐμφύλιος
1077 4137 1332 4210 πόλεμος,
1363 4139 1423 4194 ὃν
1442 4140 1500 4192 οὺ
1522 4139 1681 4211 μόνον

89 4231 132 4280 ὁ
158 4230 476 4307 δημιουργὸς
529 4230 712 4302 σοφῶς
757 4231 980 4306 ἐξεῦρεν
999 4272 1014 4297 ,
1048 4230 1184 4286 ἀλλά
1227 4233 1323 4286 καὶ
1357 4230 1680 4303 σοφωτέρως

105 4323 180 4385 εις
196 4325 366 4394 φιλίαν
401 4325 500 4382 καὶ
533 4324 798 4398 ἁρμονίαν
829 4325 953 4396 ἄγει
979 4325 1047 4379 τά
1069 4323 1246 4378 πάντα
1273 4324 1344 4378 δι’
1372 4323 1552 4378 αὐτῶν
1571 4323 1679 4376 τῶν

103 4413 269 4470 ἁπλῶν
296 4419 606 4490 στοιχείων,
635 4417 776 4473 κατά
802 4418 865 4471 τὸ
897 4417 1204 4489 εἰρημένον,
1240 4416 1422 4485 Θέρος
1449 4415 1545 4470 καί
1572 4415 1680 4484 ἔαρ

104 4503 181 4557 σὺ
199 4507 513 4578 ἐποίησας.

1787 3390 1992 3446 tionem
2025 3392 2129 3448 hoc
2157 3394 2278 3450 loco
2297 3395 2737 3467 intelligendum,
2770 3416 2880 3455 non
2902 3417 3022 3458 eam
3052 3419 3173 3473 qua:
3195 3405 3248 3458 in
3276 3405 3380 3460 hu-

1785 3483 1932 3539 mido
1964 3483 2022 3540 ﬁt
2054 3486 2260 3552 mistio,
2295 3495 2351 3543 et
2377 3489 2624 3559 subjecta
2651 3495 2990 3564 corrumpit;
3024 3497 3120 3552 sed
3149 3500 3378 3568 conspi-

1785 3576 2054 3634 rationem
2074 3584 2130 3632 et
2157 3579 2323 3636 unius
2354 3582 2425 3636 ab
2457 3581 2632 3638 altero
2651 3583 3100 3654 dependentiam,
3152 3605 3276 3660 quae
3317 3593 3378 3647 in

1767 3681 2051 3738 compage
2077 3669 2320 3724 custodit
2349 3685 2414 3725 ea
2436 3686 2560 3741 qua:
2588 3681 2852 3742 praesunt,
2888 3683 3084 3746 etquae
3114 3677 3376 3736 subsunt.

1783 3752 2152 3835 Intelligibilia
2177 3758 2405 3830 inquam
2426 3767 2481 3816 et
2505 3763 2751 3829 sensilia,
2786 3764 2841 3819 id
2872 3773 2956 3820 est
2981 3782 3104 3836 qua:
3140 3769 3380 3840 gignun-

1787 3857 1898 3915 tur,
1935 3859 1992 3906 et
2022 3851 2141 3920 ipsa
2165 3858 2347 3907 autem
2381 3855 2683 3918 contraria,
2723 3855 2890 3909 veluti
2924 3871 3112 3925 pacem
3143 3859 3286 3914 inter
3316 3876 3378 3916 se

1767 3949 1976 4013 agunt,
2009 3951 2071 3998 ut
2103 3957 2301 4013 aquam
2330 3951 2385 3998 et
2416 3952 2620 4000 terram
2641 3984 2657 4009 ,
2687 3961 2796 4015 qua
2847 3954 2994 4001 terra
3040 3948 3377 4006 circumcin—

1783 4040 1873 4090 cta
1903 4049 2015 4091 non
2033 4033 2298 4102 solvitur;
2328 4043 2384 4090 et
2413 4037 2615 4092 caelum
2663 4052 2729 4093 ex
2777 4053 2920 4108 aqua
2967 4048 3221 4108 constat,
3270 4058 3376 4099 nec

1759 4137 1968 4185 .tamen
1995 4129 2166 4184 aether
2190 4127 2660 4200 dissolviqcoelum
2680 4147 2694 4195 ;
2713 4138 2879 4201 atque
2895 4131 3000 4190 hoc
3030 4142 3116 4190 est
3148 4134 3375 4193 intesti-

1782 4236 1914 4278 num
1946 4221 2171 4286 bellum,
2197 4221 2343 4291 quod
2387 4230 2607 4277 creator
2663 4237 2774 4276 non
2831 4230 3067 4290 tantum,
3095 4228 3377 4297 sapienter

1782 4314 2016 4380 invenit,
2049 4314 2144 4370 sed
2193 4315 2360 4370 etiam
2391 4313 2700 4384 sapientius
2742 4315 2928 4370 omnia
2979 4315 3037 4371 in
3071 4318 3375 4376 amicitiam

1763 4417 1837 4464 .et
1890 4407 2421 4478 coagmentationem
2469 4420 2567 4476 per
2600 4405 2720 4476 ipsa
2774 4406 3049 4480 simplicia
3103 4410 3375 4467 elementa

1784 4501 1970 4567 ducit,
2024 4500 2327 4556 secundum
2381 4498 2757 4572 Scripturam:
2790 4497 3064 4569 Estotem
3091 4515 3140 4558 et
3194 4520 3282 4559 ver
3315 4513 3375 4560 tu

1785 4593 2076 4664 plasmasti
2109 4601 2162 4650 1.

171 4691 266 4744 Καὶ
290 4689 502 4760 ἀμιγῆ.
553 4689 752 4760 Ἀμιγῆ
779 4688 872 4744 καὶ
923 4687 1346 4762 συγκεκραμένα
1378 4683 1500 4742 είπε
1533 4687 1676 4744 κατά

1847 4686 2020 4759 Atque
2045 4684 2394 4758 impermista.
2428 4683 2748 4743 Non’mista
2787 4693 2858 4752 et,
2874 4693 3183 4759 temperata
3233 4688 3373 4746 dixit

97 4780 192 4852 τὴν
216 4784 572 4855 προτεθεῖσαν
601 4782 850 4853 ὲκδοχήν.

169 4877 236 4928 Δι’
263 4876 340 4944 ῆν
365 4879 427 4930 οι
448 4875 598 4931 θεῖοι
629 4876 768 4941 νόες
803 4874 1132 4945 ἐνούμεγοι.
1168 4874 1410 4948 Εἴπομεν
1438 4875 1535 4930 καὶ
1561 4873 1675 4929 ἀνω

98 4969 218 5033 τοὺς
241 4971 414 5035 θείους
442 4969 574 5032 νόας
593 4970 689 5023 καὶ
716 4969 944 5030 ἑαυτοὺς
975 4969 1138 5033 νοεῖν,
1179 4968 1276 5021 καὶ
1306 4969 1434 5034 τοὺς
1471 4971 1676 5023 ὲπανα-

99 5057 403 5132 ϐεϐηκότας,
430 5061 530 5117 καὶ
560 5061 630 5116 τὰ
663 5059 1024 5134 ὑποδεέστερα
1047 5076 1060 5090 ’
1116 5061 1210 5115 καὶ
1259 5060 1442 5133 μένειν
1477 5063 1577 5134 μὲν
1613 5064 1674 5118 ἐν

98 5153 316 5220 ἑαυτοῖς,
337 5157 468 5210 ὅταν
496 5153 568 5208 τὰ
590 5152 798 5208 ἑαυτῶν
824 5152 1090 5226 ἐνεργῶσι
1117 5156 1238 5218 ταῖς
1259 5154 1468 5208 ἑαυτῶν
1515 5154 1670 5209 ἑνού-

101 5262 246 5315 μενοι
270 5250 520 5321 νοήσεσιν
542 5265 556 5280 ο
589 5249 670 5312 εἰς
699 5247 756 5300 δὲ
782 5245 852 5300 τὰ
886 5245 992 5311 ἔξω
1021 5245 1199 5300 δοκεῖν
1239 5248 1508 5320 προϊέναι,
1541 5249 1672 5302 ὅταν

97 5336 156 5390 δὲ
190 5337 249 5391 τά
267 5337 645 5410 ὑποϐεϐηκότα
674 5336 858 5403 νοῶσι,
892 5337 987 5394 καὶ
1015 5335 1086 5390 τά
1123 5337 1530 5410 ὑπερκείμενα·
1577 5338 1672 5393 καὶ

95 5427 266 5494 οὕτως
285 5432 357 5497 ὡς
378 5431 604 5503 ἐφικτὸν
630 5432 710 5494 είς
727 5429 788 5484 τὸ
802 5432 964 5495 νοεῖν,
989 5429 1216 5484 καὶτῶν
1248 5431 1468 5485 πάντων
1499 5430 1672 5486 αἴτιον

97 5523 396 5578 ἐπανίωσιν.
453 5521 612 5577 Οὕτω
658 5521 715 5576 δὲ
745 5521 990 5586 νοοῦντες
1018 5522 1068 5576 oi
1111 5520 1244 5576 θεῖοι
1285 5523 1438 5590 νόες,
1485 5523 1674 5596 ὁμολο-

178 5672 207 5712 3
227 5661 358 5719 Psal.
380 5680 577 5728 tum,
612 5663 697 5718 17.

1781 4781 2088 4838 secundum
2126 4779 2469 4852 propositam
2495 4777 2658 4835 nobis
2680 4781 3077 4851 acceptionem.

1853 4871 1964 4928 Per
1984 4871 2122 4926 hanc
2153 4869 2347 4926 divina:
2374 4878 2572 4930 mentes
2627 4869 2912 4940 copulam.
2955 4870 3208 4929 Diximus
3233 4887 3370 4944 quo-

1781 4981 1888 5037 que
1919 4965 2176 5036 superius
2205 4964 2424 5020 divinas
2453 4969 2688 5028 mentes,
2711 4971 2764 5019 et
2792 4963 3007 5034 seipsas
3038 4964 3366 5036 intelligere,

1779 5067 1835 5115 et
1856 5058 2170 5128 superiores
2190 5065 2246 5110 et
2281 5055 2576 5122 inferiora;
2610 5063 2774 5127 atque
2803 5055 2860 5113 in
2887 5057 3088 5127 seipsis
3120 5072 3364 5122 manere,

1775 5165 1904 5206 cum
1939 5163 2040 5204 sua
2071 5155 2332 5204 exercent
2359 5148 2478 5203 suis
2503 5147 2672 5202 unita:
2699 5148 3161 5219 cogitationibus:
3191 5149 3363 5203 videri

1779 5251 1961 5297 autem
1998 5248 2153 5296 extra
2177 5237 2454 5310 progredi,
2504 5237 2726 5309 quando
2755 5239 2920 5296 etiam
2967 5238 3227 5295 inferiora
3265 5255 3362 5295 co.-

1779 5333 1956 5404 gitant
1981 5338 2037 5388 et
2081 5331 2403 5401 superiora;
2437 5339 2602 5401 atque
2629 5330 2706 5384 ita
2739 5345 2839 5400 pro
2880 5329 3091 5386 viribus
3142 5329 3210 5384 ad
3243 5345 3360 5386 om-

1777 5424 1929 5479 nium
1969 5429 2251 5477 auctorem
2307 5420 2724 5492 intelligendum
2772 5419 3029 5476 redeunt:
3058 5419 3141 5476 sic
3175 5429 3358 5478 autem

1776 5515 2148 5588 intelligentes
2169 5514 2369 5574 divina:
2401 5523 2650 5580 mentes,
2704 5511 2825 5568 sine
2866 5510 3035 5566 dubio
3089 5513 3358 5572 uniuntur

1001 5773 1238 5831 VARUE
1277 5770 1664 5830 LECTIONES
1701 5768 1790 5825 ET
1823 5767 2380 5828 CORRECTIONES.

163 5921 185 5946 ⁶
220 5937 298 5990 γρ.
333 5919 548 5989 ἑαυτῆς.
650 5919 671 5949 ⁷
699 5933 791 5988 γρ.
829 5916 1133 5984 ὑφεστῶτα.

416 6017 689 6075 Ρηιιοι..
735 6011 853 6072 Gn.
903 6010 1007 6070 ιν.

2965 5993 3039 6052 13
