3882 6534
550 426 669 490 395

1332 410 1680 471 ΑΡΡΕΝΒΙΧ
1710 412 1803 467 AD
1840 407 2073 468 OPERA
2107 405 2165 462 S.
2204 401 2507 462 DIONYSII
2545 397 3039 463 AREOPAGITA‘J.
3700 404 3788 463 596

555 544 820 615 objectis;
844 536 1166 612 quod'enim
1189 524 1469 601 intelligit,
1501 510 1987 600 per'cognitionem
2018 524 2142 580 uni—

2254 521 2524 594 γουμένως
2552 522 2800 577 ένουνται
2827 509 2942 585 τοῖς
2975 517 3310 591 νοουμένοις·
3342 518 3403 573 τὸ
3437 516 3547 590 γὰρ
3579 517 3707 575 νοοῦν
3730 520 3790 588 τῇ

554 648 648 693 tur
675 634 896 705 cognito
927 644 989 683 ac
1022 626 1328 686 intellecto,
1353 624 1499 680 sicut
1528 620 1980 690 etiam'ignorans
1996 617 2142 672 divi-

556 732 726 796 ditur,
781 740 893 780 non
932 716 1426 792 comprehenderis
1455 714 1604 786 quod
1645 711 1938 783 ignoravit.
1992 708 2141 763 Talis

557 821 726 891 igitur
755 798 910 871 mens
956 812 1088 867 dum
1123 809 1376 880 cogitans
1430 805 1774 891 in.seipsam
1821 799 2138 862 reﬂectitur,

555 926 666 966 non
684 907 859 963 divisa
888 911 1046 960 extra
1076 902 1340 971 seipsam,
1373 896 1471 953 sed
1498 896 1603 950 sibi
1633 893 1738 964 ipsi
1774 891 1925 945 unita
1956 904 2050 960 per
2078 903 2141 943 ea

553 999 836 1074 quibusin
862 997 1102 1067 seipsam
1135 991 1356 1048 redivit.
1409 988 1549 1042 Alia-
1575 1000 1704 1041 vero
1742 990 1827 1038 est
1851 982 1905 1036 in
1934 979 2142 1036 sanctis

553 1073 855 1157 mentibus,
904 1103 1028 1159 qua:
1073 1093 1160 1143 est
1215 1081 1548 1138 intellectiva
1585 1078 1784 1139 anima:
1834 1074 2037 1142 unitio;
2065 1073 2143 1127 illi

554 1186 704 1243 enim
736 1179 1140 1253 intelligibiles,
1198 1176 1315 1230 haec
1344 1187 1475 1228 vero
1521 1168 1854 1239 intelligens,
1885 1163 2143 1219 omnibus

555 1278 769 1348 angelis
799 1273 1049 1331 inferior.
1096 1268 1271 1324 Porro
1294 1274 1507 1321 tantum
1533 1269 1620 1318 est
1642 1259 1971 1329 intelligens,
2012 1270 2141 1326 pro-

554 1380 678 1443 pter
698 1380 898 1424 causas
934 1378 1074 1436 quas
1098 1359 1353 1432 superius
1389 1356 1651 1422 diximus,
1692 1353 1785 1408 ubi
1828 1352 1993 1407 etiam
2024 1349 2144 1404 fuse

552 1442 927 1520 disseruimus
963 1458 1033 1514 de
1082 1455 1155 1513 iis
1202 1468 1325 1526 qua:
1381 1450 1472 1506 hic
1512 1448 1797 1513 dicuntur,
1854 1445 1911 1501 in
1962 1442 2143 1515 capite

558 1571 759 1628 primo.

628 1649 738 1703 Per
761 1642 1189 1705 immaterialcm,
1217 1649 1372 1711 atque
1401 1634 1706 1692 indivisam.
1741 1631 1922 1687 Posse
1956 1630 2011 1685 in
2041 1644 2144 1684 no—

560 1740 694 1796 stris
726 1734 1188 1794 animis-inveniri
1213 1730 1558 1788 individuam
1587 1734 1642 1784 et
1670 1725 1918 1780 materia:
1950 1737 2145 1793 exper-

557 1839 672 1887 tem
704 1828 1147 1900 intelligentiam,
1197 1822 1422 1895 quando
1451 1836 1582 1906 suas
1607 1818 1855 1874 omnium
1883 1829 2142 1887 generum

2242 615 2441 686 γνώσει
2475 615 2688 669 ἑνοῦται
2718 615 2796 686 τῷ
2826 614 3125 684 γνωσθέντι
3156 614 3250 667 καὶ
3279 612 3524 685 νοηθέντι
3544 652 3559 677 ,
3589 609 3743 674 ὼςκαὶ
3765 613 3790 663 ό

2241 708 2452 778 ἀγνοῶν
2482 709 2857 769 σκεδάννυται,
2895 707 2968 779 μὴ
2996 704 3316 760 καταλαϐὼν
3347 705 3376 759 δ
3395 705 3639 776 ἠγνόησε.
3659 701 3790 756 Νοῶν

2214 798 2334 857 *οὖν
2365 800 2651 864 ὁτοιοῦτος
2681 800 2807 865 νοῦς
2847 803 2927 864 εἰς
2957 800 3146 854 ἑαυτὸν
3170 800 3519 870 ἀνακάμπτει
3538 839 3553 863 ,
3596 798 3649 852 οὐ
3688 813 3791 849 σκε-

2240 892 2535 965 δαζόμενος
2560 890 2664 957 ἔξω
2688 891 2906 954 ἑαυτοῦ,
2940 892 3054 946 ἀλλ’
3088 891 3378 963 ἑνούμενος
3409 888 3610 960 ἑαυτῷ,
3645 890 3706 943 δι’
3730 882 3794 944 ὧν

2244 988 2325 1051 εἰς
2354 984 2548 1040 ἑαυτὸν
2590 984 2940 1057 ἀνέστρεψεν.
2981 984 3148 1057 Ἀλλη
3192 984 3250 1037 δὲ
3282 982 3433 1054 παρὰ
3479 982 3603 1045 τοὺς
3633 981 3794 1052 ἁγίους

2242 1078 2390 1142 νόας,
2415 1078 2537 1149 ἥτις
2576 1076 2755 1148 ψυχῆς
2794 1078 2912 1130 ἐστι
2947 1075 3172 1148 νοητικὴ
3210 1076 3443 1139 ἓνωσις*
3487 1076 3536 1127 οἱ
3579 1074 3661 1146 μὲν
3703 1072 3792 1147 γὰρ

2243 1172 2421 1243 νοητοί
2444 1188 2457 1202 ·
2492 1170 2604 1243 ἠδὲ
2633 1170 2814 1242 νοερὰ,
2849 1170 3068 1225 πάντων
3109 1169 3484 1240 ὐποδεὸηκυῖα
3525 1167 3628 1225 τῶν
3652 1168 3793 1237 ἀγγέ-

2242 1265 2369 1319 λων.
2397 1263 2577 1337 Νοερὰ
2608 1264 2665 1319 δὲ
2696 1264 2856 1336 μόνον
2883 1263 3020 1328 ἐστὶ,
3053 1264 3120 1318 δι’
3149 1262 3216 1327 ἃς
3243 1264 3550 1337 εἰρήκαμεν
3576 1261 3796 1334 ἀνωτέρω

2243 1357 2440 1422 αἰτίας,
2476 1355 2603 1410 ἔνθα
2635 1358 2729 1411 καὶ
2766 1355 3012 1420 πλατέως
3050 1355 3402 1427 διεξήλθομεν
3440 1356 3570 1428 περὶ
3600 1353 3695 1408 τῶν
3725 1355 3797 1408 ὲν-

2241 1449 2415 1504 ταῦθα
2436 1449 2743 1521 λεγομένων
2776 1451 2834 1504 ὲν
2862 1446 3143 1521 κεφαλαίῳ
3172 1447 3394 1522 πρώτῳ.

2314 1627 2420 1682 Διὰ
2462 1624 2574 1695 τῆς
2613 1625 2806 1681 ἀῢλου
2845 1626 2944 1681 καί
2977 1625 3259 1697 ἀμεροῦς.
3296 1626 3421 1679 Ὅτι
3458 1624 3555 1679 καὶ
3591 1624 3675 1678 ἐπὶ
3706 1625 3795 1681 τῶν

2244 1720 2525 1794 ἡμετέρων
2541 1719 2727 1792 ψυχῶν
2752 1716 3021 1791 ἐνδέχεται
3053 1715 3233 1792 ἀμερῆ
3275 1720 3370 1773 καὶ
3400 1719 3564 1773 άῦλον
3604 1718 3796 1793 εὑρεθῆ-

2244 1827 2333 1867 ναι
2357 1813 2565 1884 νόησιν,
2597 1812 2727 1866 ὅταν
2760 1812 2891 1876 τοὺς
2922 1811 3301 1874 παντοδαποὺς
3328 1810 3513 1866 αὐτῶν
3543 1812 3798 1884 λογισμοὺς

560 1883 1011 1981 ratiocinationes
1055 1920 1125 1975 ad
1172 1883 1339 1974 unam
1396 1897 1791 1986 intelligentem
1846 1883 2143 1982 puritatem

2254 1907 2385 1980 πρὸς
2414 1906 2541 1978 μίαν
2571 1905 2767 1978 νοεράν
2817 1904 3169 1979 καθαρότητα
3213 1905 3491 1975 συνάγωσι
3511 1922 3526 1936 ⁸
3569 1904 3797 1979 τότεγὰρ

559 2018 858 2087 colligunt;
889 2022 1007 2069 tum
1032 2012 1180 2071 enim
1202 2010 1370 2066 etiam
1400 2008 1468 2063 ad
1499 2004 1806 2061 unitionem
1834 2002 2145 2072 intelligen-

556 2113 635 2166 tia
658 2109 999 2181 superiorem
1018 2112 1389 2177 congruenter
1421 2100 1528 2159 sibi
1550 2099 1640 2156 via
1682 2107 1739 2155 et
1776 2096 1970 2154 ordine
2010 2110 2144 2168 pro-

558 2205 905 2279 grediuntur.
966 2234 972 2249 ι

635 2296 876 2366 Perfecto
898 2299 1152 2348 concentu
1176 2298 1333 2361 atque
1368 2284 1681 2343 concordia.
1714 2282 1919 2340 Pacem
1963 2279 2146 2353 perfe-

558 2394 705 2442 ctam
746 2379 890 2441 dicit
913 2422 929 2452 ,
951 2382 1209 2439 omnium
1258 2380 1531 2436 bonorum
1575 2374 1907 2450 perfectam,
1944 2373 2007 2428 id
2061 2380 2147 2429 est

558 2477 763 2534 Deum.
814 2506 829 2517 η

629 2571 798 2642 218
825 2569 890 2624 Et
917 2577 1183 2624 extremas
1206 2573 1537 2621 connectcns.
1561 2562 1821 2618 Extrema
1850 2559 2013 2624 dixit,
2040 2557 2149 2611 vir-

559 2672 709 2721 tutes
743 2664 1057 2733 superiores
1082 2670 1138 2717 et
1168 2660 1485 2720 inferiores.
1539 2662 1705 2728 atque
1748 2652 1951 2717 media,
2001 2652 2146 2707 sicut

560 2764 722 2812 antea
744 2740 1006 2816 diximus.
1035 2770 1158 2826 quae
1190 2769 1256 2809 ex
1278 2751 1577 2823 purissima
1601 2747 1856 2812 materia,
1883 2746 2143 2801 nimirum

560 2848 732 2905 emtas
760 2854 818 2903 et
839 2847 1050 2911 stellas,
1075 2846 1295 2916 aliaque
1326 2849 1571 2899 extrema
1611 2850 1772 2895 terra:
1811 2837 2140 2908 adjaceutia,

552 2950 613 2996 et
635 2949 854 2996 terrena
891 2941 1043 3011 ipsa;
1077 2946 1323 2995 extrema
1354 2930 1501 2992 enim
1558 2948 1591 2988 a
1648 2931 2027 3002 superioribus
2075 2928 2145 2985 ad

559 3031 855 3096 inferiora,
904 3030 1308 3103 intelligibilia;
1354 3033 1551 3083 contra
1594 3038 1727 3080 vero
1777 3034 2023 3080 extrema
2073 3022 2145 3076 ab

561 3124 920 3180 inferioribus
943 3123 1012 3179 ad
1038 3122 1350 3193 superiora,
1379 3121 1497 3175 hac
1520 3126 1763 3185 terrena,
1791 3132 1913 3187 quae
1948 3115 2144 3172 mediis

2245 1999 2341 2052 καὶ
2374 1999 2467 2051 ὲπί
2492 1997 2590 2070 τὴν
2622 1998 2951 2071 ὐπερνόησιν
2991 1997 3186 2053 ἕνωσιν
3216 1998 3437 2063 οἰκείως
3474 1999 3684 2063 ἑαυταῖς
3714 1996 3797 2069 ὁδῷ

2243 2108 2349 2144 τινι
2366 2092 2461 2145 καὶ
2478 2091 2628 2158 τάξει
2660 2091 3036 2165 προϐαίνουσι.

2317 2272 2639 2342 Συμφωνίᾳ
2661 2270 2950 2327 παντελεῖ
2967 2271 3067 2326 καὶ
3103 2271 3369 2342 ὁμονοίᾳ.
3405 2270 3650 2342 Παντελῆ
3675 2270 3802 2343 εἰρή-

2244 2384 2345 2440 νην
2365 2364 2516 2434 λέγει
2535 2365 2634 2439 τὴν
2664 2366 2883 2423 πάντων
2913 2364 3129 2422 τελείαν
3155 2365 3267 2420 τῶν
3293 2364 3543 2435 ἀγαθῶν,
3588 2364 3801 2418 τουτέστι

2242 2460 2336 2515 τὸν
2367 2459 2522 2515 Θεόν.
3258 2488 3265 2495 ~

2313 2554 2426 2608 Kal
2455 2551 2810 2607 συνδέουσα
2851 2552 2925 2608 τὰ
2965 2552 3138 2623 ἄκρα.
3178 2553 3360 2624 ’Ἄκρα
3397 2550 3537 2623 φησί
3579 2549 3674 2614 τὰς
3709 2549 3802 2604 ἄνω

2242 2644 2501 2717 δυνάμεις
2520 2646 2613 2700 καὶ
2642 2644 2743 2709 τὰς
2759 2645 2931 2709 κάτω,
2964 2646 3061 2700 καὶ
3092 2645 3252 2717 μέσα,
3282 2645 3359 2706 ὡς
3392 2643 3723 2715 προέφημεν,
3748 2639 3805 2693 τὰ

2244 2740 2311 2793 ὲκ
2340 2738 2439 2810 τῆς
2453 2737 2852 2811 καθαρωτάτης
2878 2738 3032 2811 ὐλης,
3065 2733 3176 2792 οἷον
3204 2738 3471 2809 οὐρανοὺς
3493 2776 3509 2801 ,
3542 2736 3634 2790 καὶ
3667 2734 3803 2789 ἀστέ-

2249 2846 2369 2902 ρας,
2404 2831 2499 2884 καὶ
2528 2830 2598 2884 τὰ
2629 2831 2793 2904 ἔτερα
2824 2831 2972 2903 ἄκρα
3003 2830 3072 2885 τά
3104 2831 3326 2901 ἐπίγεια
3345 2832 3440 2885 καὶ
3469 2828 3644 2900 γεώδη
3669 2826 3801 2883 αὐτά⁸

2246 2921 2393 2995 ἄκρα
2428 2922 2526 2993 μὲν
2557 2922 2667 2996 γὰρ
2699 2923 2808 2977 ἀπὸ
2836 2923 2946 2977 τῶν
2975 2923 3091 2978 ἀνω
3118 2925 3211 2977 ἐπὶ
3238 2923 3308 2977 τὰ
3329 2923 3483 2978 κάτω
3520 2922 3590 2977 τὰ
3630 2919 3803 2993 νοητά·

2248 3015 2409 3069 πάλιν
2428 3014 2486 3068 δὲ
2511 3014 2658 3088 ἄκρα
2689 3015 2933 3069 κάτωθεν
2956 3017 3051 3071 ἐπὶ
3076 3016 3145 3070 τά
3179 3016 3292 3070 ἄνω
3322 3016 3393 3070 τά
3436 3017 3607 3088 γήϊνα
3638 3014 3803 3073 ταῦτα.

2245 3105 2282 3161 ἃ
2313 3106 2408 3161 καὶ
2437 3106 2799 3162 συνάπτονται
2834 3110 2950 3173 τοῖς
2969 3109 3173 3180 μέσοις.
3221 3109 3485 3181 ὀμόγνια
3516 3109 3579 3165 δὲ
3608 3108 3673 3164 τὰ
3702 3126 3807 3177 συγ-

564 3226 981 3274 convertuntur.
1017 3214 1278 3287 Ὀμόγνια
1297 3228 1430 3269 vero
1460 3218 1588 3268 sunt
1637 3226 1759 3282 quae
1786 3209 2034 3279 ejusdem
2058 3224 2144 3281 ge-

2254 3201 2401 3272 γενῆ,
2430 3201 2523 3255 κα¹ι
2550 3203 2617 3256 ὲκ
2645 3200 2741 3255 τοῦ
2769 3201 2989 3260 πάντων
3020 3203 3194 3257 αἰτίου
3218 3203 3577 3276 προελθόντα.

559 3312 735 3373 neris.
764 3317 929 3380 atque
957 3324 1024 3365 ex
1040 3306 1286 3363 omnium
1320 3312 1547 3359 auctore
1588 3302 1931 3373 prodierunt.

635 3404 710 3458 Et
743 3403 1015 3458 extremis.
1052 3399 1288 3455 Ultimos
1356 3396 1600 3452 universi
1664 3393 1820 3458 lines,
1876 3390 2146 3449 essentias

562 3496 761 3552 animae
785 3504 1039 3565 expertes
1059 3492 1213 3554 dicit,
1246 3490 1300 3544 id
1322 3496 1409 3545 est
1436 3488 1491 3543 in
1518 3488 1719 3559 quibus
1743 3485 1931 3542 nullus
1962 3493 2146 3541 motus

560 3586 911 3652 accretionis,
956 3589 1052 3638 aut
1081 3581 1404 3637 nutritionis
1434 3586 1531 3634 aut
1561 3578 1795 3633 aliorum
1826 3574 2148 3631 considera-

563 3693 674 3737 tur.
735 3679 995 3751 Ὀμόγνια
1024 3683 1230 3739 autem,
1261 3682 1392 3729 sunt
1417 3685 1678 3743 germana
1700 3678 1755 3724 et
1781 3666 2030 3738 ejusdem
2056 3681 2149 3721 or-

563 3774 742 3841 dinis;
769 3772 940 3827 distat
972 3783 1106 3825 vero
1131 3767 1319 3836 ἑνότης
1349 3763 1420 3819 ab
1447 3761 1668 3830 ὲνὼσει,
1692 3775 1817 3815 nam
1842 3758 2028 3829 ἑνότης
2050 3770 2148 3814 seu

560 3867 747 3920 unitas
770 3862 1182 3936 proprietatem,
1215 3866 1271 3914 et
1300 3855 1740 3926 uniuscujusque
1772 3858 1987 3907 natura?
2011 3850 2147 3906 sim-

562 3959 859 4031 plicitatem
891 3954 1165 4022 ostendit;
1196 3952 1392 4015 ἒνωσις
1430 3964 1562 4005 vero
1621 3962 1719 4003 seu
1775 3945 1970 4009 uuitio,
2021 3960 2146 4000 cum

560 4052 686 4107 aliis
742 4050 1182 4106 commistionem
1208 4051 1304 4100 aut
1334 4041 1659 4114 simpliciter
1681 4040 2145 4096 communionem.

634 4142 769 4197 Tota
800 4140 869 4196 ad
893 4150 1084 4195 totam.
1113 4136 1292 4193 Etiam
1330 4148 1480 4191 nunc
1526 4133 1853 4187 familiarem
1888 4132 1995 4188 sibi
2024 4131 2149 4186 dili-

561 4221 1099 4309 gentiamcustodit;
1133 4246 1258 4287 cum
1283 4229 1429 4284 enim
1453 4226 1685 4282 dixisset
1704 4224 1954 4295 ὁμόγνια,
1988 4224 2041 4278 id
2065 4230 2150 4280 est

560 4335 796 4401 cognata
827 4334 882 4384 et
909 4325 1155 4398 ejusdem
1186 4322 1426 4395 generis.
1457 4328 1626 4390 atque
1664 4319 1735 4372 ab
1757 4317 1948 4372 eodem
1980 4331 2145 4387 gene-

559 4422 641 4478 ris
668 4420 917 4493 principe
954 4418 1066 4474 Deo
1094 4414 1447 4489 prodeuntia,
1474 4412 1619 4468 sicut
1654 4408 1954 4480 Apostolus
1984 4423 2048 4464 ea
2065 4407 2151 4462 di-

560 4513 745 4569 ctione
774 4510 980 4566 utitur:
1018 4506 1198 4577 Hujus
1221 4506 1361 4561 cm'ni
1391 4514 1441 4559 et
1474 4519 1636 4574 genus
1668 4517 1852 4556 sumus
1884 4509 1908 4536 ι
1935 4517 1950 4565 ;
2000 4514 2147 4553 nunc

2318 3378 2429 3433 Καὶ
2453 3377 2581 3445 ταῖς
2604 3378 2910 3449 ἐσχάταις.
2958 3379 3219 3450 Ἐσχάτας
3260 3379 3356 3434 τοῦ
3395 3382 3601 3445 παντὸς
3626 3382 3807 3435 ἀποπε-

2251 3469 2516 3541 ρατώσεις
2544 3468 2645 3534 τάς
2674 3470 2914 3542 ἀψύχους
2947 3471 3139 3535 οὐσίας
3167 3472 3325 3542 φησί,
3350 3472 3631 3526 τουτέστιν
3659 3474 3713 3525 ἐν
3737 3465 3809 3533 αἷς

2248 3562 2473 3634 οὐδεμία
2505 3562 2719 3635 κίνησις
2750 3562 3039 3635 αὐξητικὴ,
3074 3563 3107 3635 ἢ
3141 3563 3436 3637 θρεπτικὴ,
3466 3566 3501 3636 ἢ
3537 3564 3812 3621 τῶνᾶλλων

2248 3669 2333 3717 τις
2361 3652 2668 3726 θεωρεῖται.
2688 3655 2950 3726 Ὀμόγνια
2981 3654 3039 3707 δὲ
3069 3652 3138 3707 τά
3158 3654 3366 3724 ἀδελφά
3397 3657 3494 3710 καὶ
3525 3657 3809 3727 όμόστοιχα.

2248 3748 2505 3820 Διαφέρει
2536 3748 2591 3802 δὲ
2624 3747 2810 3819 ἑνότης
2838 3746 3087 3812 ἑνώσεως
3109 3764 3123 3777 ·
3158 3750 3192 3819 ἡ
3229 3750 3329 3821 μὲν
3376 3750 3488 3824 γὰρ
3533 3750 3594 3804 τὸ
3643 3748 3813 3812 ἰδιάζον
3852 3774 3853 3777 η

2249 3843 2347 3896 κα)⁵
2374 3842 2575 3913 ἀμιγὲς
2602 3841 2705 3912 τῆς
2737 3840 2858 3895 καθ’
2888 3841 3122 3895 ἕκαστον
3144 3840 3390 3896 δείκνυσι
3427 3842 3675 3912 φύσεως·
3715 3839 3813 3912 ἠδὲ
3852 3860 3853 3865 η

2248 3935 2443 3998 ἓνωσις
2470 3934 2570 4008 τὴν
2601 3934 2738 4007 πρὸς
2762 3933 2926 4004 ἕτερα
2956 3931 3261 4007 σύγκρασιν
3284 3973 3300 4000 ,
3345 3934 3380 4006 ἢ
3412 3934 3605 4002 ἁπλῶς
3649 3948 3813 4006 μετου-

2228 4027 2391 4081 σίαν.

2322 4124 2468 4189 Ὄλη
2498 4120 2650 4190 πρὸς
2686 4120 2859 4189 ὅλην.
2892 4121 3004 4174 Καὶ
3031 4120 3127 4174 νῦν
3155 4120 3257 4193 τὴν
3302 4121 3516 4176 οἰκείαν
3560 4104 3814 4193 ἀκρίϐειαν

2249 4214 2505 4285 φυλάττει
2523 4230 2536 4243 ο
2573 4211 2740 4267 εἰπὼν
2773 4211 2883 4284 γὰρ
2904 4212 3153 4283 ὁμόγνια,
3179 4212 3706 4283 τουτέστισυγγενῆ,
3733 4209 3815 4262 καὶ

2247 4306 2341 4360 τοῦ
2366 4304 2532 4359 αὐτοῦ
2556 4303 2747 4373 γένους
2766 4345 2781 4369 ,
2828 4304 2924 4358 ἃτε
2955 4304 3108 4376 παρὰ
3134 4304 3230 4358 τοῦ
3278 4302 3486 4369 παντὸς
3509 4305 3763 4377 γενάρχου
3794 4301 3815 4328 ⁸

2249 4397 2384 4451 Θεοῦ
2410 4394 2837 4471 προεληλυθότα,
2867 4394 3011 4449 κατὰ
3043 4395 3133 4449 τὸν
3158 4396 3506 4468 χρησάμενον
3533 4396 3612 4467 τῷ
3637 4397 3817 4468 ῥήματι

2262 4490 2583 4543 Ἀπόστολον
2603 4507 2616 4520 ι
2665 4488 2775 4543 Τοῦ
2808 4488 2920 4558 γὰρ
2967 4489 3064 4542 καὶ
3118 4487 3294 4559 γένος
3334 4489 3557 4560 ἐσμέν·
3602 4490 3738 4557 λέγει
3766 4485 3817 4538 δὲ

563 4604 706 4658 dixit
738 4616 962 4658 causam
1002 4614 1099 4669 per
1117 4614 1281 4670 quam
1311 4597 1495 4651 omnia
1515 4602 1769 4664 cognata,
1804 4601 1969 4663 atque
1999 4588 2144 4661 quod

2254 4580 2345 4634 καὶ
2371 4580 2469 4651 τὴν
2500 4579 2700 4643 αἰτίαν,
2731 4578 2852 4633 καθ’
2876 4581 2941 4651 ἢν
2957 4580 3186 4651 ὁμόγνια
3203 4581 3272 4635 τά
3296 4582 3507 4636 πάντα”
3535 4582 3630 4636 καί
3652 4595 3816 4652 φησιν,

561 4691 710 4747 Deus
726 4691 890 4747 etiam
908 4687 1284 4758 intelligibilia
1309 4683 1633 4756 ἑνότησινίά
1663 4693 1750 4739 est
1777 4698 1874 4753 per
1896 4681 2144 4752 simplici-

2254 4675 2327 4727 ὃτι
2357 4672 2497 4736 τέως
2520 4672 2587 4725 τὰ
2614 4672 2785 4743 νοητά
2814 4675 2937 4736 ταῖς
2979 4673 3192 4744 ένότησι
3218 4714 3234 4738 ,
3279 4674 3531 4729 τουτέστι
3585 4673 3720 4729 κατὰ
3764 4670 3820 4721 τὸ

561 4788 730 4837 tatem
782 4787 839 4836 et
864 4776 1248 4834 ‘essentiarum
1300 4772 1723 4844 compositionis
1760 4771 2147 4843 privationem,

563 4882 730 4944 atque
774 4886 873 4942 per
920 4867 1414 4930 immortalitatem,
1475 4880 1638 4935 quam
1688 4863 1997 4936 ταύτότητα
2050 4878 2151 4919 seu

560 4962 909 5020 identitatem
920 4959 1116 5015 dicunt
1137 4958 1231 5032 qui
1251 4956 1319 5013 de
1350 4956 1437 5012 bis
1459 4955 1743 5013 disserunt
1754 4972 1778 5021 ',
1791 4955 2039 5027 ejusdem
2055 4970 2149 5027 ge-

561 5057 714 5113 neris
740 5070 804 5111 ac
819 5052 1032 5109 ordinis
1052 5050 1238 5107 faciat.
1272 5048 1429 5105 Sicut
1472 5049 1643 5121 igitur
1671 5048 1896 5106 sensilia
1943 5064 2012 5105 ex
2055 5047 2141 5103 di-

558 5144 1059 5204 versiselementis
1102 5142 1449 5199 unitionibus
1487 5124 1586 5198 seu
1637 5140 2138 5205 commistionibus,

562 5255 627 5297 ac
677 5241 869 5295 talium
897 5237 1218 5295 mistionum
1261 5234 1680 5290 collectionibus
1720 5230 2141 5304 dependentiam

562 5333 727 5392 unius
757 5334 827 5388 ab
859 5332 1033 5387 altero
1070 5329 1126 5383 in
1149 5314 1162 5324 ’Δ
1175 5326 1586 5398 generationem
1639 5326 1942 5383 adducens.
1970 5322 2143 5381 veluti

561 5425 919 5497 cognationes
942 5420 1210 5494 quasdam
1240 5417 1474 5490 perlicit,

647 5569 674 5599 ⁸
698 5528 820 5614 Act.
857 5573 990 5622 xv",
1023 5554 1117 5611 28.

2251 4764 2461 4819 ἁπλοῦν
2501 4765 2597 4818 καὶ
2623 4764 2918 4818 ἀσύνθετον
2968 4765 3076 4819 τῶν
3126 4767 3361 4833 οὐσιῶν,
3412 4769 3506 4822 καὶ
3559 4766 3699 4823 κατὰ
3734 4763 3822 4833 τὴν

2252 4856 2554 4912 ἀθανασίαν
2578 4896 2594 4920 ,
2635 4857 2702 4927 ῆν
2732 4857 3037 4929 ταυτότητά
3095 4857 3346 4927 λέγουσιν
3378 4861 3429 4914 οἰ
3466 4862 3599 4933 περὶ
3637 4858 3823 4914 τούτων

2250 4950 2624 5021 διαλεχθέντες
2643 4990 2659 5015 ,
2695 4950 2933 5021 συγγενῆ
2966 4952 3111 5003 ποιεῖ
3137 4952 3166 5002 ὁ
3196 4951 3365 5016 Θεὸς,⁶
3387 4954 3483 5007 καὶ
3520 4953 3821 5025 ὁμόστοιχα.

2254 5044 2468 5115 Ὠσπερ
2495 5038 2589 5097 οὖν
2623 5043 2718 5097 καὶ
2745 5041 2814 5096 τὰ
2843 5040 3080 5112 αἰσθητά
3131 5045 3254 5107 ταῖς
3309 5045 3377 5098 ὲκ
3419 5045 3531 5099 τῶν
3569 5043 3825 5114 διαφόρων

2253 5135 2533 5206 στοιχείων
2559 5133 2841 5198 ένώσεσιν,
2872 5134 2990 5206 ἦτοι
3020 5135 3381 5207 συγκρίμασι,
3405 5138 3502 5191 καὶ
3529 5140 3651 5201 ταῖς
3673 5150 3826 5188 cava-

2250 5229 2459 5297 γωγαῖς
2487 5226 2595 5281 τῶν
2620 5226 2876 5279 τοιούτων
2908 5226 3196 5298 μιγμάτων
3236 5229 3317 5293 εἰς
3340 5228 3557 5297 γένεσιν
3575 5229 3720 5298 ἄγων
3732 5223 3825 5288 τὰς

2250 5320 2628 5393 ἀλληλουχίας,
2662 5312 2775 5375 οἶόν
2796 5335 2946 5384 τινας
2978 5317 3303 5389 συγγενείας
3325 5320 3598 5377 ἀποτελεῖ.

1495 5684 1724 5749 ἻΛΚΙᾸΞ
1765 5681 2148 5747 LECTIONES
2184 5676 2271 5741 ET
2312 5670 2869 5740 COthECTlONES.

655 5882 681 5915 ⁸
702 5896 791 5953 γρ.
817 5880 1067 5956 ένάρχου.
