3882 6538
142 448 223 504 597
576 490 583 497 ,
805 440 862 497 8.
903 440 1150 497 MAXIM]
1187 440 1479 499 SCHOLIA
1518 444 1581 499 IN
1618 444 1745 501 LIB.
1781 444 1869 500 DE
1903 444 2157 501 DIVINIS
2189 440 2585 501 NOMINIBL‘S.
3225 440 3343 496 398'

195 564 334 639 ειη.
365 558 520 630 ’Πῶς
551 561 648 626 δὲ,
682 562 825 633 φαίη
871 581 980 631 τις.
1028 564 1322 627 Ἀντίθεσις
1367 564 1504 636 πρὸς
1549 565 1728 629 τοὺςΑ

1845 563 1985 637 9111.
2017 564 2119 621 Sed
2148 567 2427 634 quomodo,
2451 561 2587 615 dicet
2632 557 2846 629 aliquis.
2895 555 3178 632 Oppositio
3206 573 3334 629 pro-

139 656 361 724 λέγοντας
398 654 476 726 μὴ
506 652 750 723 ἐφίεσθαι
780 654 957 709 πάντα
998 654 1247 726 εἰρήνης·
1295 656 1389 708 καὶ
1432 655 1485 709 τί
1531 657 1672 710 ἐστιν

1799 663 1896 709 »ιον
1922 670 2019 710 eos
2047 654 2141 724 qui
2170 659 2371 723 negant
2400 650 2583 705 omnia
2621 661 2810 716 pacem
2842 662 3072 718 cupere,
3104 654 3158 703 et
3200 647 3332 718 quid

138 746 381 818 ἑτερότης.

1775 746 1849 803 sit
1874 746 2125 817 ἑτερότης
2147 760 2244 800 seu
2274 742 2582 798 diversitas.

196 836 302 891 Τῶν
343 837 539 891 ὄντων
587 836 862 905 ἰδιότητα.
907 836 1215 908 Σημείωσαι
1258 838 1311 889 τί
1350 853 1514 908 φησιν
1556 837 1677 891 ἰδιό-

1815 836 2039 892 ~Rerum
2065 836 2455 905 proprietatem.
2496 830 2633 886 Nota
2681 828 2810 900 quid
2839 830 2983 887 dicat
3027 830 3345 913 proprieta-e

138 944 271 999 τητα’
298 930 380 981 ὅτι
410 929 474 981 τὸ
501 925 640 983 εἶναι
657 929 905 995 ἕκαστον,
923 929 999 992 ῶς
1018 928 1130 999 ἔχει
1166 928 1397 997 φύσεως,
1417 930 1508 982 καὶ
1536 927 1671 981 κατά

1813 944 1915 995 3m;
1947 943 2161 998 nempe,
2194 923 2619 996 unumquodque
2645 939 2787 987 esse,
2819 922 2963 978 sicut
2992 922 3153 978 habet
3182 937 3212 975 a
3235 926 3346 995 na-i

136 1022 185 1075 τὸ
204 1022 317 1074 αὐτὸ
340 1022 418 1085 ῶς
441 1022 651 1091 γέγονε.
683 1021 865 1073 Ταῦτα
896 1020 1036 1073 κατὰ
1082 1019 1411 1089 Ἀκεφάλων,
1450 1020 1559 1073 τῶν
1582 1020 1669 1073 καὶ

1813 1036 1922 1089 ara,
1957 1028 2011 1077 et
2036 1021 2177 1076 idem
2205 1019 2353 1089 quod
2377 1017 2496 1072 fuit.
2533 1015 2657 1070 Haec
2686 1024 2875 1071 contra
2901 1013 3248 1084 Acepbalos,‘
3277 1022 3346 1099 et.

135 1112 467 1181 ἀγνοούντων,
497 1112 550 1165 τί
576 1115 725 1165 ἐστιν
759 1112 975 1183 ἰδιότης.
1012 1113 1141 1181 Ἑπί
1173 1111 1304 1165 πολὺ
1347 1112 1404 1164 δὲ
1454 1110 1668 1175 κατεξε-

1815 1129 1871 1169 os
1901 1112 1994 1183 qui
2044 1112 2301 1183 ignorant
2328 1110 2456 1180 quid
2514 1108 2742 1178 ἰδιότης;
2775 1106 3022 1176 pluribus
3052 1121 3181 1161 vero
3202 1106 3348 1183 εχει-ξ

133 1168 257 1268 τέξει
286 1203 385 1275 τὴν
417 1168 548 1277 περί
576 1203 677 1273 τῆς
698 1168 952 1274 ἰδιότητος
983 1177 1340 1275 κυριολεξίαν,
1369 1168 1666 1273 σαφηνίζωτ

1815 1168 1947 1260 linat
1968 1168 2099 1276 quid
2123 1168 2565 1273 proprie-lower};
2590 1168 2893 1269 significet,
2927 1197 3208 1269 ipsamque
3234 1168 3348 1253 de-J

134 1297 291 1365 αὐτήν.
786 1308 795 1316 '

786 1308 795 1316 θ
1776 1298 1966 1351 clarat.

200 1388 371 1441 Ἀλλὰ
402 1388 503 1441 καὶ
539 1389 763 1455 ταύτην
793 1385 1034 1455 εἰρήνης
1063 1388 1292 1455 ἔφεσιν.
1337 1382 1615 1439 Ἐντεῦθεν
1641 1386 1676 1456 ή

1848 1386 1953 1443 Sed
1981 1386 2299 1441 desiderium
2336 1384 2481 1452 pacis
2534 1381 2761 1451 idipsum
2789 1398 3007 1452 quoque.
3059 1379 3160 1435 Hic
3188 1373 3349 1465 solu-j

132 1479 276 1543 λύσις.
325 1479 451 1533 Τῶν
488 1480 694 1533 ἑαυτῶν
731 1479 787 1533 δέ
812 1495 976 1550 φησιν
1009 1478 1131 1531 ἀντὶ
1166 1476 1261 1531 τοῦ
1300 1476 1410 1530 τῶν
1451 1476 1665 1548 ἰδιωμά-

1822 1494 1891 1545 ο;
1940 1478 2086 1533 dixit
2104 1485 2285 1533 autem
2314 1474 2522 1529 ἑαυτῶν
2547 1490 2577 1529 a
2601 1490 2691 1539 se,
2721 1488 2823 1544 pro
2864 1473 3169 1544 ἰδιωμάτων
3210 1476 3351 1554 ριότ

133 1583 238 1619 τυν.
1650 1594 1651 1597 ‘

1650 1594 1651 1597 η
1774 1570 2119 1640 prietatibus.

197 1659 547 1726 Ἀκινησίαν.
594 1657 902 1729 ’Δκινησίαν
931 1659 1064 1729 φησί
1098 1656 1159 1711 τὸ
1198 1657 1273 1729 μὴ
1320 1657 1675 1729 μεταπίπτειν

1879 1662 2011 1733 ιιθ
2040 1661 2470 1716 Immobilitatem
2493 1698 2509 1723 ,
2546 1656 2641 1712 Gr.
2684 1657 2989 1728 ἀκινησίαν.
3032 1654 3340 1728 Ἀκινησίαν
3374 1700 3375 1703 η
3410 1730 3412 1732 η

131 1751 209 1821 τῆς
232 1752 435 1814 οἰκείας
468 1751 683 1821 φύσεως
711 1752 804 1804 καὶ
832 1751 1121 1821 κινήσεως.

1867 1757 1929 1817 it,
1968 1769 2079 1809 non
2107 1753 2288 1809 delabi
2308 1767 2339 1806 a
2365 1751 2587 1823 propria
2616 1758 2811 1805 natura
2842 1756 2897 1805 et
2917 1751 3201 1806 motione.‘
3364 1752 3395 1813 πθ

186 1840 315 1913 ειν.
356 1843 473 1896 Καὶ
523 1844 577 1897 εἰ
607 1843 679 1897 τὰ
722 1844 1040 1911 κινούμενα
1083 1841 1296 1898 πάντα.
1331 1842 1529 1907 Καλῶς
1556 1837 1679 1895 εἷπε

1845 1848 1871 1921 §
1898 1846 1986 1902 IV.
2013 1846 2073 1903 Si
2099 1855 2289 1901 cuncta
2318 1861 2475 1916 porro
2496 1860 2612 1915 qua:
2656 1853 2943 1898 morentur.
2995 1844 3163 1900 Recte
3199 1844 3340 1900 dixit
3372 1881 3376 1885 ι

130 1934 184 1987 τὰ
208 1936 375 1989 πάντα
408 1935 675 1989 κινεῖσθαι
697 1936 758 1988 οὐ
790 1935 917 2006 μίαν
949 1937 1159 2008 κίνησιν
1184 1976 1199 2001 ,
1240 1934 1353 1989 ἀλλ’
1384 1935 1516 1989 ἰδίαν
1557 1932 1663 1988 τινό

1855 1940 1961 1997 mia
1992 1939 2221 2002 moveri,
2246 1954 2354 1992 non
2385 1952 2495 1993 una
2525 1937 2787 2001 motione,
2819 1936 2915 1992 sed
2953 1937 3173 2007 prepria
3202 1953 3340 2007 qua-
3374 1923 3388 1973 ηῖ

131 1986 575 2099 meum;
600 1986 845 2101 Ms.
856 1986 936 2083 1a.
952 1986 1072 2101 με·
1082 1986 1199 2102 ,ἆρ’
1208 1986 1373 2101 ags
1388 1986 1498 2082 ...ι
1517 1986 1664 2101 νοερό

1807 1986 1960 1997 η......-
1992 1986 2221 2002 ..-.---.
2246 1986 2354 1992 ---η
2390 1986 2495 1993 -.η
2525 1986 2787 2001 -η------,
2820 1986 2915 1992 --μ
2954 1986 3173 2007 ,--r--_
3206 1986 3311 2007 τη

1807 2034 1902 2085 iam
1948 2041 2003 2087 et
2029 2029 2374 2086 convenienti
2410 2028 2683 2095 motione;
2713 2043 2839 2083 nam
2878 2028 3239 2099 intelligibilia
3287 2036 3340 2083 et

130 2117 307 2183 ἄλλως·
339 2118 413 2173 τά
444 2120 505 2173 δὲ
534 2119 763 2190 αἰσθητά
787 2122 887 2192 τὴν
910 2123 992 2185 εἰς
1019 2114 1233 2189 γένεσιν
1257 2160 1271 2186 ,
1322 2119 1355 2192 ἢ
1385 2119 1481 2174 καὶ
1521 2119 1663 2173 man

1810 2123 2133 2194 ntelligentia
2162 2122 2354 2188 aliter;
2381 2120 2659 2176 sensibilia
2677 2135 2826 2182 vero,
2853 2118 2908 2173 in
2938 2120 3343 2190 generationem

130 2227 227 2263 τινα
251 2210 465 2284 κίνησιν
507 2213 755 2278 κινεῖται,
784 2214 911 2285 περὶ
940 2206 1016 2268 ὧν
1054 2213 1113 2267 ὲν
1154 2212 1232 2285 τῷ
1268 2213 1473 2283 ὲννάτῳ
1511 2226 1663 2280 κεφα-

1814 2223 1873 2270 ut
1894 2216 2134 2287 aliquam
2160 2213 2394 2270 similem
2422 2212 2720 2267 motionem
2756 2221 3083 2279 moventur;
3116 2211 3184 2267 de
3222 2212 3347 2281 qui-

129 2300 239 2374 λαίῳ
266 2304 618 2377 διεξήλθομεν
651 2305 1001 2379 τελειότερον.

1779 2308 1883 2363 bus
1914 2308 1970 2362 in
2001 2322 2145 2362 nono
2173 2304 2353 2376 capite
2373 2303 2669 2375 perfectius
2695 2304 3099 2360 disseruimus.‘

184 2396 283 2452 Kal
316 2395 432 2464 τὴν
464 2395 708 2450 πάντων
724 2397 840 2451 τῶν
868 2396 1236 2467 κινουμένων
1256 2396 1539 2464 ἰδιότητα.
1557 2396 1679 2448 Ὅτι

1849 2400 2019 2470 Atque
2044 2414 2224 2454 eorum
2253 2398 2487 2451 omnium
2511 2412 2628 2467 qua:
2653 2406 2920 2450 moventur
2951 2396 3343 2465 proprietatem.

132 2486 302 2559 ἰδιότης
326 2488 449 2542 ἔστι
478 2489 572 2542 καὶ
599 2490 632 2559 ἠ
667 2489 917 2561 κινητική
948 2489 1060 2561 ζωή
1090 2488 1185 2542 τοῦ
1218 2489 1339 2542 καθ’
1359 2487 1609 2541 ἕκαστον.

1813 2491 2178 2565 ’roprietatem
2204 2505 2422 2562 quoque
2450 2504 2596 2557 esse,
2628 2489 2911 2544 matricem
2945 2489 3215 2561 cujusque
3264 2491 3346 2545 vi—

1780 2590 1913 2641 tam.

185 2665 210 2738 ᾗ
238 2665 300 2722 γ.
332 2669 405 2721 Εἰ
436 2666 508 2721 δὲ
539 2666 657 2735 τὴν
687 2668 813 2722 κατ’
844 2669 1161 2722 ἔκπτωσιν.
1179 2665 1323 2739 Πρὸς
1348 2667 1475 2730 τοὺς
1500 2664 1683 2735 λέγονρ

1854 2674 1973 2747 δν.
2009 2674 2270 2732 Craterum
2306 2674 2354 2729 si
2396 2675 2513 2746 quis
2549 2674 2957 2745 prolapsiouem.
3007 2675 3210 2731 Contra
3253 2691 3348 2732 eos

129 2776 210 2823 τας
228 2760 523 2831 ἑτερότητα
550 2755 690 2814 εἶναι
714 2760 811 2832 τὴν
834 2761 955 2815 κατ’
973 2760 1243 2814 ἔκπτωσιν
1273 2760 1295 2793 ⁹
1314 2760 1417 2831 τῆς
1438 2760 1660 2832 εἰρήνης

1812 2768 1876 2838 μή
1909 2767 2099 2824 dicunt
2118 2769 2474 2826 mutationem
2510 2785 2633 2825 esse
2673 2784 2704 2823 a
2761 2784 2894 2840 pace
2922 2770 3345 2840 prolapsionem,

130 2852 206 2904 καὶ
230 2851 481 2905 ἐντεῦθεν
510 2850 971 2925 ἰσχυριζομένους,
1006 2851 1080 2923 μὴ
1110 2854 1273 2906 πᾶσιν
1288 2851 1518 2924 ἐραστὴν
1546 2847 1662 2904 εἷνα

1817 2866 1837 2912 t
1870 2859 1999 2915 hinc
2020 2860 2367 2924 conﬁrmant,
2393 2876 2501 2916 non
2527 2876 2649 2917 esse
2676 2861 2931 2916 omnibus
2970 2876 3156 2932 pacem
3185 2877 3350 2932 expe-

128 2942 209 3013 τὴν
231 2947 474 3017 εἰρήνην.
509 2944 827 3017 Σημείωσαι
862 2944 961 3008 τὰς
1008 2945 1103 2998 δύο
1155 2939 1507 3016 ἑτερότητας·
1555 2942 1661 3013 μίαε

1905 2951 2021 3007 iam.
2047 2950 2184 3007 Nota
2210 2952 2347 3007 duas
2370 2952 2737 3007 mutationes:
2765 2966 2927 3006 unam
2955 2951 3195 3022 quidem,
3226 2968 3350 3022 pro-
3432 2938 3438 2949 ’

132 3035 210 3101 μὲν
233 3036 329 3106 τὴν
355 3038 478 3090 κατ’
505 3036 778 3090 ἔκπτωσιν
801 3036 1050 3109 εἰρήνης’
1093 3036 1188 3091 καὶ
1222 3036 1412 3109 ἑτέραν
1442 3034 1541 3107 τὴν
1577 3036 1665 3089 τῶι

1817 3041 2089 3112 apsionem
2133 3057 2163 3097 a
2216 3058 2374 3114 pace,
2414 3049 2469 3099 et
2511 3043 2737 3098 alteram
2788 3043 3221 3114 uniuscujusque
3270 3044 3350 3099 rei

130 3124 275 3182 ὄντων
306 3129 545 3183 ἑκάστου
588 3128 847 3199 ἰδιότητα.

662 3128 847 3199 ότητα.
1784 3135 2195 3207 preprietatem.

187 3222 248 3274 Τὸ
270 3221 381 3290 τὰρ
404 3221 602 3289 πάντη
619 3221 897 3275 ἄστατον.
917 3220 1247 3292 Θαυμασίως
1268 3219 1449 3276 ἀθετεῖ
1461 3220 1560 3285 τὰς
1577 3219 1686 3276 τῶν

1858 3224 1925 3281 Id
1946 3226 2084 3281 enim
2113 3224 2251 3297 quod
2289 3226 2491 3297 penitus
2523 3226 2770 3283 instabile
2799 3235 2897 3282 est.
2946 3223 3352 3281 Admirabiliter

137 3311 381 3387 Ἐλλήνων
411 3316 507 3370 καὶ
537 3315 645 3368 τῶν
670 3313 927 3370 τοιούτων
956 3316 1246 3388 αἱρετικῶν
1274 3315 1529 3388 γνώμας,
1573 3309 1670 3369 orm

1821 3315 2012 3389 brogat
2032 3317 2345 3373 Graecorum
2366 3325 2419 3373 et
2442 3318 2697 3373 similium
2722 3318 3100 3374 haereticorum
3132 3326 3354 3372 senten-

128 3404 569 3462 Οὐαλεντινιανῶν
600 3408 690 3461 καὶ
709 3406 1041 3478 Μανιχαίων,
1071 3408 1179 3462 τῶν
1198 3410 1297 3479 τὴν
1327 3408 1460 3480 ὕλην
1488 3407 1661 3462 ὑποθει

1819 3409 1915 3474 ias,
1940 3426 2135 3481 nempe
2164 3409 2671 3466 Valentinianorum
2703 3420 2756 3466 et
2778 3409 3226 3473 Manichaeorum,
3259 3409 3352 3477 qui

130 3496 283 3563 μένων
304 3499 505 3569 ἀρχὴν,
536 3498 604 3552 τά
632 3498 847 3552 ἐναντία
878 3500 1145 3571 φέρουσαν
1173 3500 1231 3553 ὲν
1261 3501 1425 3572 ἑαυτῇ
1464 3500 1663 3563 τοῖςτοὶ

1821 3502 2070 3557 lateriam
2093 3505 2432 3558 constituunt
2456 3503 2810 3574 principium,
2835 3504 3114 3560 contraria
3153 3494 3354 3558 divitiis

127 3593 271 3647 Θεοῦ⁸
294 3598 562 3651 ἀστασίαν
591 3597 662 3666 γά
670 3615 701 3669 ρ
718 3598 812 3651 καὶ
837 3599 1162 3670 περιφοράν,
1187 3600 1281 3654 καὶ
1303 3600 1579 3672 ἀπειρίαν,
1594 3618 1660 3654 κα

1821 3609 1845 3647 [ι
1878 3593 2059 3663 seipsa
2087 3592 2383 3658 ferentem;
2409 3594 2820 3651 instabilitatem
2851 3596 2995 3649 enim
3028 3602 3082 3650 et
3113 3594 3354 3649 circum—

128 3686 411 3759 ἀοριστίαν,
437 3690 534 3743 καὶ
570 3689 742 3743 ταῦτα
766 3691 945 3745 πάντα
985 3691 1208 3762 διηνεκῆ
1234 3692 1334 3764 τὴν
1376 3691 1508 3763 ὓλην
1555 3692 1657 3766 ἔφη

1819 3686 2111 3750 erentiam,
2151 3694 2205 3741 et
2226 3685 2573 3750 inﬁnitatem,
2620 3694 2674 3740 et
2706 3688 2924 3741 termini
2970 3687 3352 3757 privationem,

130 3794 231 3843 σαν,
263 3782 402 3853 ὅπερ
431 3782 813 3836 ἀποδείκνυται
838 3783 1031 3853 ψευδὲς
1067 3783 1280 3855 ἀληθῶς
1322 3783 1597 3850 παντελῶς
1619 3787 1661 3818 ¹⁰

1822 3784 1841 3830 t
1870 3777 1985 3832 brec
2007 3778 2189 3831 omnia
2213 3786 2528 3848 perpetuam
2555 3778 2839 3835 materiam
2872 3777 3161 3848 dicebant;
3210 3778 3355 3853 quod

127 3870 260 3925 οὐδὲν
291 3878 403 3945 γὰρ
432 3874 603 3937 ἐστὶν,
636 3875 757 3928 οὐδὲ
783 3874 1076 3943 γέγονεν,,δ
1100 3875 1174 3946 μὴ
1202 3875 1293 3943 ἀφ’
1325 3870 1387 3931 οὗ
1408 3878 1660 3949 παρήχθη

1824 3886 1915 3926 ere
1951 3869 2175 3926 omnino
2203 3868 2400 3925 falsum
2430 3870 2774 3938 ostenditur;
2800 3872 2931 3925 nihil
2957 3873 3101 3926 enim
3122 3880 3226 3936 est,
3260 3888 3357 3928 ne-

130 3960 209 4014 καὶ
223 3962 725 4035 διακεκοσμημένον
744 3966 848 4019 ὑπὸ
875 3966 1009 4019 Θεοῦ
1029 3966 1283 4038 παρήχθη
1324 3968 1404 4030 εἰς
1419 3963 1576 4034 εἶδος,
1595 3985 1663 4021 κα

1825 3977 1892 4017 ue
1916 3962 2040 4025 fuit,
2070 3962 2215 4031 quod
2246 3977 2355 4016 non
2386 3978 2453 4017 ex
2493 3977 2602 4032 quo
2632 3963 2955 4032 productum
2987 3973 3093 4029 est,
3122 3972 3177 4020 et
3196 3980 3358 4020 exor-

128 4051 207 4106 τοῦ
248 4055 423 4117 δντως
443 4055 590 4126 ἔχειν
632 4057 709 4122 ὡς
750 4058 1303 4131 παρήχθη,προνοίας
1343 4058 1530 4129 ἔτυχεν
1581 4060 1661 4114 ἀπ

1827 4061 1975 4109 atum
1999 4069 2029 4108 a
2060 4054 2168 4110 Deo
2210 4054 2534 4124 productum
2577 4054 2649 4110 sit
2675 4058 2727 4112 in
2752 4054 3002 4125 formam,
3039 4064 3093 4111 et
3115 4057 3355 4111 divinam

131 4143 266 4202 Θεοῦ,
1787 4147 2187 4219 providentiam
2237 4156 2595 4203 consecutum
2633 4147 2746 4213 sit,
2785 4154 2845 4202 ut
2896 4148 2971 4202 ita
3025 4163 3086 4204 se
3132 4149 3359 4206 haberet

1788 4239 1954 4295 sicuti
1992 4239 2317 4309 productum
2348 4237 2543 4294 fuerat.

202 4316 503 4385 Ἀμαυροῖς
551 4316 835 4386 εἰδώλοις.
887 4320 1032 4373 Ἀντί
1067 4319 1161 4373 τοῦ
1203 4320 1461 4391 ἀμυδροῖς
1492 4321 1687 4375 εἰκονί-

1862 4331 2111 4387 Obscuris
2157 4330 2480 4386 simulacris.
2533 4329 2636 4385 Pro
2687 4331 2938 4388 obscuris
2993 4334 3354 4406 imaginibus:

133 4420 349 4474 σμασιν·
399 4410 642 4479 ἐφίενται
696 4410 805 4483 γὰρ
852 4411 953 4481 τῆς
1000 4412 1137 4484 πρὸς
1184 4412 1283 4476 τὰς
1324 4410 1550 4483 ῥεούσας
1596 4430 1666 4466 κα

1877 4424 2116 4493 petebant
2152 4423 2296 4478 enim
2321 4422 2636 4477 fruitionem
2667 4429 2721 4478 et
2757 4425 3201 4493 conjunctionem
3232 4442 3361 4482 cum
3404 4422 3410 4429 ’

132 4496 476 4571 φθειρομένας
498 4502 850 4573 ἡδυπαθείας,
873 4504 1242 4569 ἀπολαύσεως,
1260 4505 1353 4557 καὶ
1372 4505 1665 4575 συναφείας

1828 4516 1951 4571 uxis
1981 4524 2035 4570 et
2056 4514 2503 4586 corruptibilibus
2530 4515 2922 4586 voluptatibus,
2955 4524 3118 4589 atque
3153 4520 3361 4591 eligen-

130 4588 213 4642 καὶ
251 4592 314 4645 τὸ
354 4593 495 4664 πρὸς
533 4594 736 4658 ταύτας
780 4595 1152 4658 ἀστασιάστως
1189 4596 1320 4667 όρᾷν
1356 4596 1663 4667 αἱρούμενοι

1829 4622 1873 4662 :s
1911 4607 2009 4662 bas
2047 4606 2167 4661 sine
2210 4606 2621 4675 perturbatione
2653 4606 2859 4673 videre,
2896 4624 2990 4665 seu
3024 4588 3111 4666 bis
3135 4588 3362 4682 partici-

130 4679 281 4748 ηγουν
304 4684 509 4738 τούτων
542 4685 811 4756 μετέχειν,
829 4686 916 4740 διὰ
932 4687 993 4741 τὸ
1024 4688 1099 4759 μὴ
1123 4686 1280 4742 τοῦτο
1307 4688 1511 4755 αὐτοῖς,
1532 4689 1663 4762 φησί

1825 4715 1942 4764 are,
1965 4699 2095 4769 quia
2123 4698 2247 4762 hoc,
2281 4699 2498 4769 inquit,
2526 4700 2662 4770 ipsis
2688 4701 2912 4757 minime
2933 4718 3000 4758 ex
3030 4704 3199 4759 animi
3230 4721 3358 4763 sen-

130 4772 258 4826 κατά
282 4774 405 4828 νοῦν
436 4779 653 4847 χωρεῖν,
680 4778 1126 4850 ὲκταράσσονται.

1791 4791 1965 4847 tentia
1990 4788 2257 4854 succedit,
2287 4791 2709 4846 conturbantur.

192 4866 298 4919 Kal
327 4868 511 4922 ταῦτα
542 4867 739 4935 ίστᾷν.
785 4870 941 4926 Οὕτω
969 4871 1049 4925 δεῖ
1075 4872 1136 4926 τὸ
1184 4874 1344 4945 ῥητὸν
1372 4875 1529 4928 τοῦτο
1570 4890 1692 4927 συν-

1862 4884 1933 4938 Et
1954 4884 2065 4940 haec
2086 4883 2288 4938 sedare.
2313 4882 2392 4937 Ita
2427 4890 2643 4955 oportet
2676 4884 3002 4940 sententiam
3037 4885 3179 4942 hanc
3207 4901 3357 4942 com-

128 4947 311 5019 θεῖναι,
343 4961 423 5013 ὅτι
444 4962 537 5016 καὶ
564 4962 614 5014 oi
650 4962 917 5035 φιλέριδες
960 4965 1055 5019 καὶ¹
1098 4965 1318 5020 ἀστατοι
1354 4967 1661 5040 ἀμαυροῖς¹

1822 4991 2013 5041 onere,
2045 4976 2334 5031 nimirum:
2368 4974 2722 5037 contentiosi,
2745 4985 2799 5030 et
2829 4976 3074 5033 seditiosi
3102 4976 3355 5034 obscuris

127 5046 215 5135 καὶ
243 5050 396 5104 αὐτοὶ
436 5053 675 5118 εἰδώλοις
704 5054 799 5108 τοῦ
837 5056 1056 5128 ἀγαπᾷν
1093 5058 1314 5130 εἰρήνην
1338 5059 1654 5129 κατέχονται

1826 5066 1955 5119 tiam
2011 5063 2339 5135 imaginibus
2392 5064 2664 5119 desiderio
2694 5064 2847 5133 pacis
2900 5073 3185 5133 tenentur;
3228 5080 3356 5121 nam

128 5134 228 5230 ιξλτιεδ
274 5142 382 5215 γὰρ
426 5145 615 5199 παθῶν
670 5148 1041 5220 ἐνοχλούμενοι
1066 5191 1081 5215 ,
1137 5151 1232 5203 καὶ
1264 5151 1331 5204 τὰ
1360 5150 1506 5221 πάθη
1549 5167 1661 5205 κατι

1821 5155 2296 5212 >erturbationibus
2322 5156 2533 5225 agitati,
2553 5163 2715 5224 atque
2734 5172 2801 5211 ex
2816 5157 3031 5212 inscitia
3048 5158 3354 5230 passiones,

126 5226 369 5319 ᾅτνοιαν,
399 5236 474 5300 ὼς
512 5237 651 5292 καλά
691 5237 935 5302 θέλοντες
968 5242 1148 5313 ίστᾷν,
1181 5240 1426 5296 δοκοῦσιν
1469 5243 1656 5315 εἰρήνη

1824 5260 2050 5316 anquam
2068 5246 2241 5300 bonas
2258 5244 2449 5300 sedare
2466 5245 3035 5315 cupientes,videntur
3048 5226 3244 5319 pacem
3260 5262 3357 5303 ex-

122 5318 425 5391 6ρέγεσθαι,
454 5329 725 5401 ἐφιέμενοι
752 5331 923 5396 ἀδεῶς
950 5332 1175 5396 ἑαυτοὺς
1190 5333 1483 5387 ἀπολαύειν
1511 5335 1551 5365 ’³
1579 5334 1655 5387 τῶ

1826 5344 1998 5400 etere,
2026 5336 2310 5402 cupientes
2337 5336 2458 5391 sine
2482 5346 2625 5391 metu
2647 5335 2806 5393 fluxis
2824 5346 2879 5393 et
2900 5318 3359 5408 malisipassioni-

129 5415 365 5483 ῥευστῶν
410 5422 505 5475 καὶ
535 5421 721 5475 κακῶν
757 5423 976 5491 παθῶν,
1024 5425 1547 5497 ὲκταραττομένους,
1592 5425 1662 5479 ἑὰ*

1821 5442 1894 5481 ius
1927 5426 2058 5490 frui,
2102 5427 2405 5496 perturbati
2440 5428 2487 5483 si
2522 5426 2854 5482 frustrentur
2880 5428 3143 5497 reputatis
3172 5428 3354 5494 bonis.

124 5504 433 5579 ἀποτύχωσι
460 5512 554 5566 τοῦ
590 5513 880 5569 ἀπολαύειν
916 5515 1026 5570 τῶν
1062 5516 1429 5588 νομιζομένων
1469 5515 1651 5571 καλῶν

1825 5518 1887 5574 ed
1905 5533 2091 5574 revera
2108 5519 2285 5574 malis.
2308 5517 2385 5574 Ex
2402 5519 2781 5575 subauditione
2798 5520 2876 5573 sic
2893 5534 3015 5573 cum
3033 5520 3259 5586 ἑαυτούς
3272 5532 3358 5581 est

124 5595 295 5654 ὖντων
317 5604 371 5657 δὲ
399 5605 583 5659 παθῶν
614 5606 679 5660 ¹³.
712 5606 866 5661 Κατά
889 5608 1067 5663 κοινοῦ
1096 5605 1188 5662 οὖν
1235 5609 1296 5662 τὸ
1332 5609 1556 5674 ἑαυτοὺς
1591 5626 1657 5663 τα

1825 5609 2244 5677 onstruendum,
2276 5618 2335 5664 ut
2364 5612 2436 5667 sit
2455 5627 2468 5663 :
2487 5617 2799 5682 expetentes
2827 5611 3061 5681 seipsos,
3092 5620 3354 5686 tanquam

1036 5768 1271 5825 VARUE
1305 5770 1688 5827 LECTIONES
1726 5769 1814 5826 ET
1853 5770 2401 5829 CORRECTIONES.

165 5892 190 5920 ²
230 5911 321 5958 γρ.
357 5904 449 5965 τὴν
482 5905 772 5965 ἔκπτωσιν.
844 5910 887 5945 ¹⁰
918 5928 1008 5977 γρ.
1043 5912 1235 5979 ψευδὲς
1270 5912 1566 5976 παντελῶς.
1637 5914 1675 5944 ¹¹
1705 5929 1795 5982 γρ.
1836 5912 2113 5982 ἀμυδροῖς.
2162 5914 2229 5987 _"
2264 5929 2354 5984 γρ.
2394 5909 2665 5964 ἀπολύειν.
2740 5907 2780 5937 ¹³
2814 5924 2902 5980 γρ.
2940 5908 3146 5983 κακῶν.
