3882 6536
543 430 653 507 399

1321 428 1668 497 APPENDIX
1699 439 1793 497 AD
1825 431 2055 500 OPERA
2092 438 2151 497 S.
2176 436 2478 497 DIONYSII
2512 432 2997 501 AREOPAGlT/E.

3694 440 3789 506 too

549 546 898 634 perturbatos
938 553 986 610 si
1050 550 1391 609 frustrentur
1468 554 1864 624 passionibus,
1926 562 2127 624 pacare

2241 553 2405 621 ιιτέον,
2429 554 2518 609 ἵνα
2542 549 2599 627 ᾗ,
2620 555 2893 628 ἐφιέμενοι
2909 553 3156 619 ἑαυτοὺς,
3173 555 3268 609 ἀτε
3288 549 3783 628 ἐκταραττομένους,

557 650 791 712 fruendo
816 647 1182 723 passionibus.
1207 645 1287 700 Ita
1311 644 1560 716 intelligo
1589 646 1755 716 220
1774 645 1940 701 etiam
1970 642 2124 709 illud,

549 763 740 808 omnes
773 758 962 817 pacem
993 746 1271 812 appetere,
1293 738 1350 795 id
1376 746 1463 795 est
1484 739 1715 796 bonum.

618 925 762 995 Quid
785 936 942 995 porro
966 921 1113 977 dic‘at
1136 921 1255 992 quis
1283 920 1349 975 de
1376 918 1606 976 Christi.
1645 917 1933 986 Quomodo
1966 916 2128 975 Jesus

545 1018 801 1077 Christus
840 1032 946 1089 pax
995 1023 1188 1070 nostra
1215 1021 1271 1069 et
1303 1013 1644 1084 angelorum,
1677 1010 1878 1067 sedans
1900 1011 2124 1077 bellum,

516 1136 521 1141 ·
546 1123 596 1170 et
619 1108 848 1168 medium
869 1110 1123 1181 parietem
1152 1106 1399 1161 maceria:
1420 1105 1624 1159 solvens
1654 1115 1704 1167 ι.
1734 1109 1790 1159 et
1814 1114 2007 1172 pacem
2037 1103 2128 1157 in-

546 1210 637 1263 ter
653 1206 759 1261 "nos
786 1196 1115 1274 dispensans
1137 1208 1192 1256 et
1236 1197 1447 1254 faciens
1479 1205 1713 1264 utraque
1742 1208 1949 1260 unum;
1979 1195 2128 1251 sicut

546 1299 768 1358 divinus
788 1296 1081 1369 Apostolus
1104 1295 1161 1349 in
1181 1292 1411 1364 epistola
1441 1289 1508 1345 ad
1536 1288 1804 1360 Ephesios
1834 1288 1988 1345 dicit.

620 1476 741 1547 Qua
770 1478 1019 1532 lacunar
1044 1486 1155 1530 non
1178 1472 1324 1527 ultra
1346 1471 1540 1527 bellum
1570 1482 1767 1542 genere.
1793 1469 1888 1527 Ille
1940 1468 2128 1525 secum

550 1588 660 1643 non
684 1580 913 1643 pugnat,
938 1568 1030 1639 qui
1091 1568 1230 1621 iram
1265 1572 1322 1622 et
1370 1563 1873 1635 concupiscentiam
1924 1560 2128 1617 rationi

550 1642 930 1732 subjeciLille
947 1673 1079 1714 vero
1111 1672 1301 1728 pacem
1325 1665 1451 1711 cum
1479 1655 1793 1711 hominibus
1824 1652 2007 1720 habet,
2031 1650 2127 1723 Qui

552 1769 721 1809 unam
771 1767 895 1808 cum
947 1750 1205 1806 omnibus
1242 1747 1570 1805 sententiam
1627 1744 1826 1813 habet;
1868 1745 1966 1816 qui
1986 1752 2129 1800 Vero

550 1830 787 1901 inmitem
828 1859 985 1901 suam
1027 1843 1346 1915 angelorum
1378 1840 1716 1896 motionibus
1734 1838 2128 1907 obsequentem

552 1938 772 2010 praebet,
807 1937 897 1993 hic
920 1936 1084 1992 etiam
1118 1950 1246 1991 cum
1276 1934 1483 2005 angelis
1501 1926 1703 2004 pacem
1720 1930 1980 1988 obtinuit.

621 2140 727 2207 Qui
746 2140 908 2193 etiam
926 2152 1045 2192 cum
1080 2135 1208 2206 ipsis
1237 2133 1440 2189 divina.
1481 2132 1542 2190 Id
1570 2146 1655 2189 est
1679 2174 1693 2199 ,
1730 2129 1978 2189 eamdem
2003 2147 2129 2189 cum

550 2224 684 2302 ipsis
721 2234 870 2286 eirea
894 2230 1135 2285 divinam
1166 2227 1508 2299 majestatem
1538 2226 1745 2282 cultum
1775 2231 1829 2283 et
1851 2216 2130 2281 adoratio-

549 2341 671 2379 nem
705 2323 1075 2395 perﬁciamus.

624 2414 687 2470 1η
719 2414 1046 2485 theologicis.
1078 2408 1220 2466 Nota
1252 2427 1374 2468 esse
1425 2410 1644 2481 aliquod
1667 2406 1844 2482 ipsius
1872 2422 2011 2486 opus
2060 2410 2130 2467 de

546 2508 754 2564 divinis
778 2505 1257 2571 institutionibus;
1282 2504 1390 2559 hoc
1410 2504 1576 2558 etiam
1610 2503 1663 2557 in
1696 2503 1969 2574 principio
1983 2503 2131 2574 capi-

547 2601 621 2655 tis
651 2599 811 2669 primi
845 2597 1002 2652 dicit.
1407 2654 1416 2663 ,

624 2691 652 2763 §
684 2686 774 2745 Vl.
810 2689 917 2745 Per
935 2689 1213 2759 epistolam
1236 2678 1598 2759 interrogasti.
1618 2684 2128 2754 Quomodointelli-

544 2793 662 2857 gat,
687 2774 858 2839 Deum
890 2799 1014 2839 esse
1042 2783 1217 2854 ipsam
1242 2782 1432 2847 vitam,
1457 2790 1511 2837 et
1528 2782 1703 2853 ipsius
1732 2772 1856 2836 vita:
1880 2780 2130 2836 condito-

438 2920 456 2937 .
550 2890 686 2939 rem,
710 2890 773 2928 ac
799 2874 1019 2929 simiiia.
1042 2872 1212 2929 Recte
1242 2881 1421 2928 autem
1454 2868 1590 2927 illud
1613 2870 1748 2937 dicit
1768 2872 1825 2925 in
1854 2869 2125 2942 epistolis,

547 2967 786 3021 maxime
812 2967 869 3020 in
901 2965 1161 3021 secunda.
1190 2963 1381 3037 [Nota,
1411 2979 1476 3019 es
1509 2963 1676 3019 rebus
1708 2965 1945 3027 creatis.
1974 2972 2028 3019 et
2060 2960 2131 3020 ab

540 3059 671 3130 ipso
702 3058 865 3114 l‘actis
888 3058 1059 3115 Deum
1091 3058 1387 3123 nominari,
1410 3071 1477 3112 eo
1506 3057 1652 3128 quod
1685 3057 1804 3127 ipse
1832 3056 1905 3111 sit
1939 3070 2127 3112 earum

545 3152 791 3218 omnium
827 3160 1022 3207 auctor
1044 3162 1095 3207 et
1114 3149 1356 3223 opifex]

622 3232 817 3298 Ex'iis
863 3241 981 3315 qua:
1030 3245 1199 3313 primo
1243 3251 1385 3298 sunt.
1420 3232 1673 3298 Arbitror
1708 3240 1889 3312 ipsum
1929 3238 2035 3313 ‘per
2063 3256 2126 3297 ea
2153 3281 2196 3340 ο

547 3350 668 3404 qua:
714 3334 892 3405 primo
947 3336 1067 3391 loco
1106 3341 1265 3399 sunt,
1298 3334 1604 3405 intelligere
1650 3334 2127 3403 supermundanas

547 3435 798 3494 naturas,
825 3435 1087 3499 tanquam
1122 3428 1302 3499 primo
1329 3428 1451 3482 loco
1478 3434 1535 3481 et
1572 3442 1709 3497 pure
1742 3424 1926 3479 divina
1956 3426 2128 3495 parti-

544 3514 797 3594 cipantes
820 3522 986 3586 dona,
1004 3522 1171 3577 vitam
1202 3528 1256 3577 et
1282 3521 1511 3592 reliqua.
1539 3519 1680 3590 Ergo
1712 3522 1776 3574 ὲκ
1803 3518 1911 3572 τῶν
1934 3518 2124 3581 ὄντων,

540 3610 601 3668 id
631 3620 716 3669 εει
742 3614 809 3669 ex
832 3612 900 3669 iis
921 3628 1041 3684 quae
1063 3611 1118 3667 in
1135 3613 1203 3668 iis
1220 3626 1341 3683 quae
1363 3621 1493 3669 sunt
1515 3608 1959 3676 considerantur,
1983 3607 2127 3666 Deus

536 3705 767 3772 dicitur,
795 3707 970 3778 ipsius
999 3707 1124 3762 vitae
1154 3722 1250 3762 seu
1302 3705 1475 3776 ipsius
1506 3703 1735 3761 ellectus
1768 3703 1956 3760 forma:
2005 3703 2127 3773 ejus

542 3792 795 3857 conditor
814 3809 869 3857 et
903 3800 1234 3872 productor;
1267 3814 1334 3854 ex
1359 3814 1470 3855 uno
1505 3798 1651 3854 enim
1682 3799 1803 3852 vita:
1836 3813 1938 3853 nos
1961 3797 2126 3851 etiam

541 3890 609 3947 de
632 3892 904 3949 similibus
931 3893 1184 3949 similiter
1220 3892 1464 3963 cogitare
1506 3898 1743 3962 oportet.
1783 3889 1917 3946 Cum
1943 3899 2126 3943 autem

538 3981 686 4041 Deus
710 3984 829 4057 ipse
857 3984 1075 4041 dicatur
1100 3985 1218 4056 ipsa
1247 3985 1360 4039 vita
1389 3991 1443 4040 et
1474 3984 1699 4050 similia,
1731 3990 1991 4053 tanquam
2030 3996 2127 4037 su-

530 4068 639 4151 'pra
660 4093 876 4134 omnem
899 4086 1153 4133 naturam
1178 4092 1242 4132 ea
1265 4076 1543 4132 exsistens
1572 4076 1795 4140 dicitur,
1830 4090 1926 4130 seu
1956 4086 2123 4145 supra

526 4170 785 4240 'angel'os,
818 4187 882 4226 ac
916 4184 1141 4227 omnem’
1158 4171 1457 4227 essentiam
1490 4166 1910 4242 intelligeutcm.

615 4348 788 4406 Exiis
810 4367 927 4421 quae
954 4351 1143 4420 primo.
1179 4350 1421 4423 Πρώτως
1479 4350 1610 4405 ὅντα
1656 4349 1790 4406 dicit
1840 4356 2125 4404 creaturas

530 4438 908 4511 'lntelligibiles
960 4456 1026 4496 ac
1076 4442 1431 4513 incorporeas
1453 4481 1469 4508 ,
1502 4440 1560 4496 id
1600 4450 1685 4497 est
1714 4441 1958 4513 angelos.
1984 4438 2123 4493 Nota

526 4528 601 4583 ’τὸ
624 4528 935 4602 ἀργέηγικῶς
948 4533 1075 4603 quia
1090 4534 1266 4602 primo
1287 4534 1411 4588 loco
1436 4533 1702 4599 substitit,
1718 4532 1851 4588 dicit
1870 4534 1932 4586 τὸ
1952 4533 2122 4604 ὑπερ-

2218 648 2325 703 ·ὲὰν
2358 643 2672 719 ἀποτύχωσι
2729 648 2838 702 τῶν
2892 647 3111 716 παθῶν,
3148 647 3472 723 [δοκοῦσιν]
3514 651 3788 723 εἰρηνεύειν

2228 742 2452 807 ἑαυτοὺς
2466 744 2546 807 εἰς
2559 742 2622 796 τὸ
2648 741 2940 797 ἀπολαύειν
2970 742 3080 797 τῶν
3093 741 3299 797 παθῶν.
3321 738 3481 797 Οὕτω
3503 738 3688 817 νόησον
3707 744 3788 799 καὶ

2222 830 2290 888 τὸ
2339 834 2547 898 πάντας
2581 828 2832 905 ὶφίεσθαι
2870 834 3124 907 εἰρήνης,
3158 834 3401 889 τουτέστι
3440 833 3537 890 τοῦ
3582 835 3784 905 ἀγαθοῦ.

2302 927 2364 981 Τί
2404 926 2493 1001 ,ἄν
2529 943 2619 993 τις
2667 926 2824 982 elato:
2874 925 3010 995 περὶ
3037 925 3149 996 τῆς
3198 926 3348 981 κατὰ
3378 927 3650 996 Χριστόν.
3679 927 3787 993 11ῶς

2228 1020 2418 1093 εἰρήνη
2461 1018 2671 1092 Ἰησοῦς
2697 1018 2934 1093 Χριστὸς
2961 1018 3121 1090 ἡμῶν
3141 1019 3238 1073 καὶ
3266 1016 3518 1089 ἀγγέλων
3538 1058 3556 1085 ,
3597 1019 3787 1084 παύσας

2220 1113 2321 1169 τὸν
2348 1114 2604 1185 πόλεμον,
2632 1113 2729 1168 καὶ
2759 1112 2823 1167 τὸ
2850 1110 3215 1183 μεσότοιχον
3252 1112 3360 1167 τοῦ
3399 1112 3670 1184 φραγμοῦ
3695 1115 3788 1168 .ιύ-

2215 1212 2365 1273 ’σας,
2400 1206 2495 1261 καί.
2520 1206 2743 1278 εἰρήνην
2776 1200 2980 1276 μεταξὺ
3016 1202 3173 1275 ἡμῶν
3216 1201 3548 1274 βραϐεύσας,
3574 1203 3662 1256 καὶ
3683 1212 3787 1256 ποι-

2232 1297 2367 1370 ήσας
2397 1297 2467 1353 τά
2505 1296 2789 1370 ἀμφότερα
2821 1296 2914 1363 ἓν,
2958 1293 3037 1359 ῶς
3067 1296 3101 1349 δ’
3122 1294 3263 1360 θεῖος
3296 1293 3619 1360 Ἀπόστολος
3651 1295 3707 1348 ὲν
3730 1295 3788 1367 τῇ

2228 1392 2370 1463 πρὸς
2410 1388 2693 1462 Ἐφεσίους
2719 1389 2906 1463 φησίν.

2300 1484 2442 1539 Καθ’
2470 1482 2551 1552 ῆν
2575 1485 2647 1538 οὐ
2672 1484 2760 1553 μὴ
2786 1481 3066 1554 μάθωμεν
3095 1482 3182 1537 ἔτι
3226 1478 3534 1551 πολεμεῖν.
3579 1474 3789 1541 Ἐκεῖνός

2228 1574 2378 1627 ἐστιν
2404 1576 2433 1628 6
2459 1575 2532 1646 μὴ
2572 1570 2750 1646 ἑαυτῷ
2790 1572 3043 1646 πολεμῶν
3067 1614 3082 1639 ,
3116 1575 3146 1627 6
3173 1572 3343 1645 θυμὸν
3385 1573 3479 1627 καὶ
3524 1569 3787 1641 ἐπιθυμίαν

2227 1664 2610 1732 καθυποτάξας
2636 1665 2715 1743 τῷ
2734 1665 2899 1739 λόγῳ.
2927 1667 3211 1741 Εἰρηνεύει
3231 1669 3290 1723 δὲ
3315 1666 3413 1723 καὶ
3441 1668 3583 1742 πρὸς
3607 1667 3789 1741 ἀνθρὼ-

2230 1776 2366 1823 πους
2396 1760 2425 1813 6
2446 1759 2544 1830 τὴν
2570 1757 2797 1830 γνώμην
2834 1758 2960 1830 μίαν
3006 1758 3146 1832 πρὸς
3186 1759 3397 1823 πάντας
3448 1759 3786 1833 κτησάμενος.

2242 1849 2301 1905 '0
2334 1852 2392 1907 δὲ
2424 1852 2518 1907 τὸν
2548 1851 2743 1906 ἑαυτοῦ
2771 1851 2899 1907 νοῦν
2933 1850 3070 1926 πρὸς
3090 1852 3159 1907 τὰ
3192 1852 3279 1908 διὰ
3312 1852 3423 1908 τῶν
3453 1854 3695 1924 ἀγγέλων
3722 1872 3790 1909 κι-

2162 1926 2469 2016 Βνούμενα
2518 1943 2818 2018 παρασχὼν
2865 1945 3163 2018 πειθήνιον,
3194 1939 3350 2010 οὗτος
3395 1947 3490 2001 καὶ
3538 1945 3670 2018 μετά
3700 1945 3789 2000 τῶν

2232 2038 2479 2107 ἀγγέλων
2506 2037 2605 2109 τὴν
2634 2038 2855 2111 εἰρήνην
2886 2038 3175 2111 ἐκτήσατο.

2316 2131 2494 2186 Ἀλλὰ
2525 2132 2623 2185 καὶ
2657 2130 2862 2200 αὐτοῖς
2908 2132 2982 2186 τὰ
3029 2133 3172 2188 θεῖα.
3219 2131 3477 2186 Τουτέστι
3516 2133 3618 2203 τὴν
3645 2131 3788 2204 αὑτὴν

2230 2224 2415 2288 αὑτοῖς
2438 2223 2567 2296 περὶ
2592 2224 2655 2278 τὸ
2673 2222 2818 2280 θεῖον
2847 2224 3014 2290 σέϐας
3040 2224 3299 2298 λατρείαν
3325 2226 3421 2280 καὶ
3446 2226 3788 2299 προσκύνησιν

2230 2318 2654 2391 ἐπιτελέσωμεν.

2316 2414 2412 2467 Ἐν
2435 2412 2564 2479 ταῖς
2587 2410 2974 2483 θεολογικαῖς.
3004 2412 3339 2485 Σημείωσαι,
3370 2413 3454 2468 δτι
3478 2414 3628 2467 ἐστὶν
3648 2406 3788 2466 αὑτοῦ

2229 2506 2325 2561 καὶ
2340 2504 2665 2575 θεολογικῶν
2681 2504 3087 2560 ὑποτυπώσεων
3116 2506 3403 2580 σύνταγμα
3419 2524 3433 2537 ·
3459 2505 3622 2562 τοῦτο
3638 2506 3724 2560 καὶ
3744 2507 3788 2560 ἰν

2229 2598 2370 2668 ἀρχῇ
2397 2595 2492 2649 τοῦ
2524 2598 2741 2668 πρώτου
2769 2597 3061 2667 κεφαλαίου
3091 2596 3244 2669 φησί.

2302 2689 2330 2761 §
2364 2685 2450 2742 Vl.
2481 2690 2562 2741 Δι’
2594 2687 2925 2757 ἐπιστολῆς
2964 2688 3208 2744 ἐπύθου.
3247 2689 3373 2754 Πῶς
3406 2692 3523 2744 νοεῖ
3558 2689 3645 2744 τὸν
3678 2688 3788 2745 Θεὸν

2230 2776 2511 2851 αὑτοζωὴν
2532 2773 2693 2844 εἶναι,
2721 2780 2817 2833 καί
2846 2778 3251 2852 τῆς¹αὑτοζωῆς
3282 2780 3716 2853 ὑποστάτην,καί
3734 2779 3789 2834 τὰ

2229 2872 2410 2944 ὅμοια.
2440 2871 2640 2936 Καλῶς
2668 2871 2725 2925 δὲ
2761 2872 2893 2926 αὑτό
2920 2886 3053 2943 φησι
3075 2872 3170 2927 καὶ
3193 2872 3334 2927 κατά
3363 2873 3425 2927 τὺ
3456 2874 3515 2927 ὲν
3543 2876 3660 2939 ταῖς
3687 2876 3787 2928 ἔπι-

2232 2963 2467 3027 στολαίς,
2500 2961 2734 3033 μάλιστα
2754 2965 2820 3034 τῇ
2854 2960 3097 3034 δευτέρᾳ.
3138 2961 3509 3035 [Σημείωσαμ
3535 2966 3616 3019 ὅτι
3634 2966 3718 3019 καὶ
3739 2966 3789 3019 ἐκ

2229 3055 2338 3109 τῶν
2362 3056 2531 3110 ὄντων
2564 3057 2659 3109 καὶ
2680 3056 2739 3122 ἐξ
2770 3055 2936 3110 αὑτοῦ
2962 3054 3351 3128 παραχθέντων
3389 3060 3418 3111 6
3448 3057 3586 3123 Θεὸς
3622 3058 3789 3129 ὀνομά-

2231 3146 2407 3211 ζεται,
2439 3147 2515 3210 ὡς
2542 3149 2715 3213 αῐτιος
2748 3149 2928 3203 αὐτῶν
2960 3147 3279 3222 ὑπάρχων.]

2315 3239 2408 3292 Ἐκ
2441 3236 2559 3292 τῶν
2590 3237 2829 3308 πρώτως
2862 3238 3070 3295 ὄντων.
3102 3239 3342 3308 Πρώτως
3369 3240 3504 3297 ὄντα
3537 3235 3683 3315 οἴμαι
3707 3239 3787 3294 αὑ-

2228 3330 2320 3385 τὸν
2342 3330 2622 3404 εἰρηκέναι
2651 3332 2752 3397 τάς
2785 3327 3188 3405 ὑπερκοσμίους
3236 3334 3449 3405 φύσεις,
3486 3334 3564 3400 ὡς
3587 3333 3789 3407 πρώτως

2229 3416 2666 3495 καίἀκραιφνῶς
2709 3424 2816 3479 τῶν
2855 3422 3015 3479 θείων
3037 3424 3254 3498 δωρεῶν
3288 3427 3640 3499 μετεχούσας,
3669 3426 3788 3497 ζωῆς

2229 3519 2324 3571 καὶ
2341 3517 2450 3570 τῶν
2474 3516 2695 3572 λοιπῶν.
2742 3518 2839 3573 Ἐκ
2864 3518 2974 3572 τῶν
3002 3518 3172 3573 ὄντων
3192 3520 3394 3587 τοίνυν,
3429 3521 3671 3575 τουτέστι
3697 3517 3789 3573 τῶν

2227 3611 2286 3663 ὲν
2313 3612 2428 3673 τοῖς
2449 3605 2569 3663 οὖσι
2603 3608 3011 3684 θεωρουμένων,
3039 3611 3257 3681 λέγεται
3284 3615 3315 3667 6
3350 3612 3489 3678 Θεὸς
3514 3614 3614 3686 τῆς
3653 3611 3787 3666 αὑτο-

2200 3700 2393 3775 ’ζωῆς,
2410 3702 2584 3773 ιῆγουν
2612 3702 2707 3757 τοῦ
2726 3702 2892 3758 αὑτοῦ
2920 3705 3245 3777 πράγματος
3269 3705 3366 3760 καὶ
3393 3706 3491 3760 τοῦ
3523 3705 3692 3768 εἴδους
3707 3702 3787 3757 αὑ·

2204 3793 2329 3864 τῆς
2351 3793 2666 3869 ὑποστάτης
2696 3797 2791 3850 καὶ
2818 3796 3184 3869 παραγωγεύς
3202 3814 3217 3829 ·
3246 3798 3305 3866 ἐξ
3321 3797 3444 3862 ἑνδς
3464 3797 3575 3871 γὰρ
3593 3794 3682 3851 τοῦ
3705 3793 3786 3865 τῆς

2228 3883 2375 3955 ζωῆς
2409 3885 2504 3938 καὶ
2538 3886 2668 3957 περί
2709 3885 2820 3940 τῶν
2859 3888 3059 3959 ὁμοίων
3104 3889 3253 3959 ἡμᾶς
3281 3888 3491 3959 ὁμοίως
3528 3890 3663 3943 νοεῖν
3702 3885 3782 3939 δεῖ.

2229 3976 2398 4032 Ὅταν
2418 3977 2477 4032 δὲ
2506 3978 2685 4043 ὁΘεὸς
2697 3978 2860 4043 αὐτὸς
2886 3981 3111 4051 λέγηται
3141 3980 3389 4054 αὑτοζωὴ
3421 3982 3520 4035 καὶ
3540 3980 3607 4034 τά
3634 3995 3784 4051 παρα-

2225 4070 2451 4144 πλήσια,
2474 4070 2551 4136 ὡς
2574 4071 2748 4126 ταῦτα
2776 4074 3037 4145 ὑπάρχων
3062 4077 3201 4147 ὑπὲρ
3236 4073 3407 4144 φύσιν
3452 4076 3633 4129 πᾶσαν
3652 4072 3783 4141 λέγε-

2223 4181 2335 4231 ται,
2369 4166 2540 4237 ἧγουν
2567 4164 2664 4218 καὶ
2705 4166 2845 4238 ὑπὲρ
2893 4166 3157 4237 ἀγγέλους
3183 4204 3199 4232 ,
3256 4167 3353 4222 καὶ
3387 4168 3571 4223 πᾶσαν
3617 4160 3784 4234 νοεράν

2223 4257 2432 4313 οὐσίαν.

2306 4350 2404 4406 Ἐκ
2437 4349 2554 4405 τῶν
2585 4349 2845 4421 πρώτως.
2867 4346 3108 4424 Πρώτως
3134 4351 3263 4405 δντα
3302 4350 3406 4416 τὰς
3447 4351 3643 4426 νοητάς
3671 4363 3783 4420 φησι

2223 4442 2603 4516 δημιουργίας,
2630 4442 2731 4508 τὰς
2752 4443 2847 4497 καὶ
2871 4442 3217 4516 ἀσωμάτους,
3252 4444 3504 4499 τουτέστι
3550 4446 3670 4509 τοὺς
3699 4443 3783 4510 ἀγ·

2224 4535 2434 4605 γέλους.
2477 4536 2519 4569 ¹¹⁵
2534 4536 2848 4609 Σημείωσαι
2879 4535 2939 4589 τὺ
2956 4535 3294 4607 ἀρχηγικῶς,
3320 4536 3404 4591 ὅτι
3427 4537 3655 4611 πρώτως
3671 4533 3781 4604 ὑφέ·

526 4619 721 4674 ὀύσιον
760 4634 857 4692 pro
896 4621 1079 4688 Deus,
1124 4624 1285 4679 solus
1312 4627 1458 4679 enim
1488 4626 1647 4694 221
1691 4624 2117 4695 intelligihilium

2241 4644 2414 4699 ιτηκε,
2443 4624 2694 4700 φησὶ,’τὺ
2726 4626 3047 4701 ύπερούσιον
3081 4626 3200 4681 ἀντὶ
3229 4627 3347 4701 τοῦ,
3382 4630 3411 4683 6
3438 4628 3602 4695 Θεός·
3644 4626 3781 4699 μόνος

528 4718 608 4766 "ac
638 4710 923 4767 sensilium
972 4720 1208 4769 creator.
1262 4713 1385 4770 Non
1436 4714 1583 4770 enim
1631 4723 1848 4787 oportet
1892 4714 2121 4771 credere

2241 4719 2336 4791 γὰρ
2365 4721 2593 4792 ποιητὴς
2618 4719 2826 4791 νοητῶν
2850 4721 2947 4774 καὶ
2974 4717 3249 4793 αἰσθητῶν
3268 4736 3282 4751 ·
3329 4720 3393 4774 οὑ
3425 4721 3537 4794 γὰρ
3575 4720 3653 4774 δεῖ
3682 4715 3782 4770 πεί-

542 4804 653 4859 illis
691 4806 785 4875 qui
816 4805 1008 4860 dicunt
1050 4807 1347 4863 creatrices
1400 4807 1496 4863 Dei
1532 4804 1767 4864 virtutes
1807 4808 1940 4864 deos
1969 4818 2115 4873 esse,

2241 4810 2416 4866 ὶεσθαι
2442 4813 2555 4875 τοῖς
2584 4809 2802 4881 λέγουσι
2836 4808 2935 4875 τὰς
2983 4808 3383 4882 δημιουργικὰς
3408 4810 3660 4883 δυνάμεις
3700 4804 3781 4859 τοῦ

526 4888 938 4967 ‘qiiod"falsuin
989 4906 1109 4954 est:
1154 4914 1278 4953 nam
1316 4899 1467 4955 solus
1497 4892 1643 4957 Deus
1699 4902 1939 4958 creator.
1980 4899 2118 4955 Nota

2241 4902 2378 4971 3:05,
2410 4903 2567 4967 θεοὺς
2590 4899 2751 4967 εἶναι,
2786 4901 2923 4974 ὅπερ
2966 4902 3067 4955 οὑκ
3099 4901 3215 4956 ἐστι
3235 4918 3249 4932 ’
3290 4902 3451 4973 μόνος
3476 4901 3585 4975 γὰρ
3618 4904 3645 4955 6
3669 4898 3780 4961 Θεὸς

530 4989 716 5045 solum
752 4982 926 5046 Deum
956 4996 1261 5049 creatorem
1302 4994 1723 5065 intelligihilium
1774 5009 1840 5051 ac
1881 4995 2119 5052 sensibi~

2241 4997 2571 5069 ἱημιουργός.
2632 4995 2944 5068 Σημείωσαι
2970 5036 2985 5061 ,
3046 4995 3131 5049 ὅτι
3176 4996 3339 5068 μόνος
3369 4996 3547 5061 ὁΘεὸς
3580 4989 3779 5063 ποιητὴς

528 5074 696 5138 Ίίιιῐῐι.
2200 5072 2437 5141 ’πάντων
2469 5085 2676 5160 νοητῶν
2708 5086 2800 5139 καί
2837 5084 3126 5156 αἰσθητῶν.

612 5172 945 5242 Cauterium,
976 5174 1071 5231 Gr.
1103 5178 1357 5246 ἀγκύλον.
1384 5179 1668 5239 lnliexum.

2305 5179 2608 5248 Ἀτκύλον.
2651 5178 2995 5251 Ἐπικαμπές
3010 5221 3025 5237 .

630 5363 657 5393 ι
688 5351 894 5425 Ephes.
919 5364 983 5420 li”,
1015 5352 1115 5407 14.

1455 5526 1692 5585 VARUS
1726 5524 2113 5587 LECTIONES
2141 5523 2233 5583 ET
2262 5525 2819 5589 CORRECTIONES.

607 5707 981 5795 "'oqpeiwoat
1001 5712 1054 5766 τί
1070 5716 1185 5768 ἐστι
1216 5714 1278 5768 τὸ
1314 5713 1650 5806 ἀρχηγικῶς
1676 5712 1834 5769 εἶναι·
1858 5716 2174 5840 ἀρὲηγικῶς
2213 5721 2311 5791 μὲν
2340 5721 2416 5786 ὡς
2443 5724 2662 5780 πάντων
2688 5726 2864 5790 αἴτιος
2883 5725 2993 5780 τῶν
3016 5722 3236 5797 ἀγαθῶν
3266 5727 3295 5780 6
3315 5724 3472 5793 Θεὸς,
3490 5717 3774 5797 petitam}?

607 5818 612 5838 μ
640 5795 717 5839 ως
744 5783 798 5834 αἰ
833 5785 1184 5840 ποονοητικαὶ
1217 5802 1330 5840 παο
1376 5802 1540 5839 αυτου
1565 5784 1903 5840 ὲκδιδόμεναι
1964 5805 2208 5840 υνααειε.
2245 5789 2380 5840 Nota
2411 5794 2541 5840 nnid
2576 5797 2648 5840 sit
2677 5797 2996 5840 ἀηντπνιγρτιε
3025 5795 3397 5840 nrineinalirn
3422 5814 3565 5840 ρςαρ-
3592 5804 3773 5840 nomne

536 5776 616 5859 δὲ,
640 5778 717 5859 ῶς
738 5776 1184 5873 αξπρονοηξκαὶ
1217 5776 1540 5873 παρ”άὺτοῦ
1565 5776 1910 5873 ὲκδιδόμενας
1931 5776 2129 5859 δύνάμε

2244 5789 2380 5873 Nota
2395 5776 2542 5873 'qujd
2564 5776 2652 5851 sit
2677 5776 2996 5873 ἇρέῆἰιέιῷξ
3018 5776 3773 5873 ῖὺἓῆοἶρᾳὶῖῑεῖὲέἆζῇέὼρὸ

540 5852 1377 5982 ἓεῶἓὲἓὲἱρζθῐιιι
1412 5870 1581 5914 causa
1606 5852 1853 5913 omnium
1894 5852 2200 5927 bonorum;
2240 5852 2539 5945 geﬁsx'téc
2578 5852 2726 5924 vero'
2750 5852 3093 5938 ἣάιίιίείρὶιὲε,
3135 5852 3411 5925 θέείειιωι
3434 5852 3445 5853 ί
3468 5852 3772 5941 provisoria
