3882 6596
184 416 286 478 ωι

955 414 1012 473 S.
1053 415 1304 474 ΜΑΧιΜι
1339 415 1633 478 SCH‘OLIA
1669 415 1740 472 IN
1773 415 1901 472 LIB.
1941 415 2028 472 DE
2058 416 2311 480 DlVlNlS
2347 414 2747 484 NOMINIBUS.

3357 382 3536 495 με

251 528 365 584 Καὶ
387 527 581 595 θεοὺς
631 530 747 584 τῶν
783 528 990 586 ὄντων.
1035 530 1155 583 Ὅτι
1200 527 1301 583 οὔκ
1342 532 1447 584 εἰσι
1482 531 1594 584 θεοὶ
1622 529 1660 602 ἢ
1685 531 1772 602 δη-

1957 527 2025 584 Ει
2063 529 2186 585 deos
2211 547 2413 585 eorum.
2444 527 2566 584 Non
2592 544 2717 585 esse
2747 527 2880 605 deos
2916 537 3008 585 aut
3044 535 3323 606 creatores
3357 544 3462 583 am

189 619 444 692 μιουργοὶ
475 620 734 689 ἄγγελοι,
753 621 870 674 οὐδὲ
897 621 1023 674 ἄλλο
1037 637 1089 674 τι
1112 619 1261 692 παρὰ
1286 620 1376 673 τὸν
1411 621 1565 676 Θεόν.

267 712 538 781 Ἀληθῶς
569 715 676 769 καὶ
707 715 938 784 κυρίως.
963 716 1293 786 Σημειωσαι,
1314 718 1394 771 ὃτι
1423 718 1543 771 οὑδὲ
1570 711 1726 781 οὗτος
1752 718 1782 773 ὁ

188 803 327 868 θεῖος
355 805 508 877 ἀνὴρ
561 805 825 880 διαφορὰν
858 803 966 860 οῐδε
1003 806 1097 861 τοῦ
1129 809 1346 876 κυρίως
1388 810 1482 868 καὶ
1520 808 1778 879 ἀληθῶς.

261 896 385 966 Τὴν
427 899 902 954 αὐτοουσίωονιν.
950 900 1036 954 Ἐν
1061 899 1273 964 τούτοις
1321 901 1650 974 σαφέστερον
1681 901 1781 974 τὴν

186 988 333 1048 λὺσιν
362 991 673 1062 ἐποιήσατο
704 990 795 1044 τοῦ
826 991 1179 1064 προτεθέντος
1206 992 1612 1068 προϐλήματος,
1633 995 1782 1068 ὅπως

186 1083 288 1154 χρὴ
317 1082 515 1136 λαϐεῖν
549 1085 634 1150 τὸ,
683 1084 812 1138 ποτὲ
859 1084 1110 1154 λέγεσθαι
1169 1086 1267 1157 μὲν
1304 1085 1468 1146 αὑτὸν
1501 1085 1780 1158 αὑτοζωὴν

185 1175 276 1228 καὶ⁸
305 1175 378 1228 τὰ
417 1177 523 1230 σὺν
553 1176 702 1248 αὺτῷ
737 1176 827 1230 τὸν
865 1177 1015 1241 Θεὸν,
1049 1177 1178 1248 ποτὲ
1205 1178 1262 1231 δὲ
1289 1177 1496 1232 τούτων
1521 1179 1782 1233 ὑποστά-

183 1283 300 1337 την,
339 1269 520 1338 ἤγουν
549 1267 722 1322 ταῦτα
741 1269 1152 1341 ὑποστήσαντα·
1188 1271 1268 1324 ὅτι
1299 1273 1328 1324 ό
1362 1273 1480 1342 μὲν,
1502 1272 1577 1336 ὡς
1604 1271 1780 1338 αἴτιος

183 1360 387 1415 τούτων
429 1363 535 1417 καὶ¹
565 1363 710 1434 ἀρχὴ
748 1364 1095 1436 ὑπεράρχιος,
1131 1364 1272 1418 οὑτω
1312 1364 1484 1419 ταῦτα
1523 1365 1775 1436 λέγεται·

183 1452 248 1506 τὰ
277 1452 338 1505 δὲ
365 1451 506 1516 ὄντα
553 1453 756 1509 τούτων
805 1455 1118 1526 μετέχοντα,
1167 1454 1458 1518 καλοῦνται
1497 1456 1564 1523 ἐξ
1597 1457 1779 1516 αὑτῶν

184 1542 382 1612 ζῶντα,
423 1545 536 1598 καὶ
571 1545 701 1600 ὄντα
747 1548 841 1601 καὶ
886 1546 1062 1602 ἔνθεα.
1098 1547 1210 1620 Τὴν
1239 1547 1452 1613 ζώωσιν
1483 1549 1636 1619 γοῦν,
1678 1549 1778 1624 τὴν

184 1635 442 1691 οὑσὶωσιν
505 1637 629 1692 ἀντὶ
682 1637 777 1692 τοῦ
836 1639 903 1696 τὰ
953 1641 1253 1716 πράγματα
1283 1643 1348 1707 ¹⁵,
1397 1643 1710 1715 ὑπέστησεν.
1746 1643 1777 1698 ὁ

185 1728 330 1792 Θεός.
363 1728 616 1804 Πρώτως
658 1727 752 1785 οὖν
800 1732 1128 1805 ἐννοούμεθα
1185 1733 1319 1788 αὑτὸ
1378 1735 1439 1788 τὸ
1501 1737 1772 1808 πρᾶγμα·

182 1815 276 1875 εἷθ’
305 1822 456 1876 οὑτω
482 1821 582 1894 τὴν
615 1823 904 1897 καθολικὴν
931 1823 1096 1886 αὑτοῦ
1125 1824 1335 1890 ἔννοιαν
1355 1844 1368 1856 ·
1396 1821 1506 1881 οἷον
1529 1827 1628 1899 τὴν
1648 1844 1778 1898 παν-

1880 621 2053 694 gelos,
2084 637 2262 692 neque
2283 622 2493 694 aliquid
2524 622 2672 676 aliud
2697 629 2893 692 praeter
2913 620 3105 698 Deum.

1889 705 1900 710 ’
1960 715 2091 772 Vere
2119 733 2181 769 ac
2207 717 2436 786 proprie.
2465 713 2606 770 Nota
2635 713 2782 784 quod
2809 729 2986 785 neque
3013 713 3236 770 divinus
3261 713 3352 768 hic
3377 712 3467 771 vin

1881 805 2244 880 differentiam
2269 809 2535 876 agnoscat
2566 803 2711 858 inter
2739 801 2945 874 κυρίως
2964 807 3018 856 et
3045 799 3280 870 ἀληθῶς.

1952 899 2057 954 Per
2077 915 2130 954 se
2162 915 2292 953 esse.
2328 896 2388 952 ln
2420 897 2508 952 his
2530 895 2825 968 perspicue
2865 895 3038 964 magis
3071 893 3234 948 solvit
3260 907 3472 974 propo-l

1881 993 2048 1049 situm
2061 989 2601 1066 dubium,quomodo
2625 986 3003 1058 accipiendum
3027 986 3119 1050 sit,
3135 973 3313 1056 ipsum
3335 978 3472 1055 qui-4

1879 1086 2003 1146 dem
2034 1084 2329 1156 aliquando
2360 1084 2475 1159 dici
2498 1085 2678 1158 ipsam
2708 1082 2897 1159 vitam,
2931 1089 2985 1134 et
3023 1093 3145 1149 quae
3181 1093 3306 1134 cum
3339 1077 3462 1147 ipso

1880 1176 2392 1248 Deum;aliquando
2420 1157 2604 1230 autem
2627 1157 2822 1227 horum
2853 1157 3191 1226 conditorem
3215 1181 3311 1222 seu
3344 1166 3461 1220 haec

1881 1269 2215 1326 condidisse.
2245 1266 2514 1322 Nimirum
2537 1281 2667 1321 eum
2692 1272 2953 1333 tanquam
2969 1261 3163 1315 horum
3179 1264 3460 1316 auctorem

1879 1368 1936 1440 et
1971 1359 2300 1434 principium
2360 1372 2527 1430 supra
2566 1356 2896 1427 principium
2928 1354 3002 1408 ita
3039 1349 3337 1414 nominari,
3368 1362 3459 1403 res

1878 1469 2009 1511 vero
2029 1469 2149 1525 qua:
2179 1450 2672 1522 haecfparticipant,
2713 1463 2778 1504 ex
2808 1446 2944 1518 ipsis
2970 1443 3157 1500 vocari
3185 1442 3455 1504 viventes,

1879 1546 2210 1604 exsistentes
2268 1557 2332 1598 ac
2371 1541 2610 1597 divinas.
2646 1539 2788 1610 Ergo
2819 1537 2966 1593 Deus
2993 1549 3095 1606 pro
3125 1533 3294 1589 rebus
3321 1532 3458 1602 ipsis

1879 1653 1976 1694 seu
2005 1621 2214 1693 ell‘ectis
2236 1633 2495 1706 produxit
2517 1631 2733 1687 vivendi
2767 1630 3065 1691 actionem,
3094 1633 3152 1681 et
3181 1624 3456 1682 actionem

1877 1728 2131 1786 essentia:
2174 1725 2461 1802 datricem.
2514 1723 2703 1793 Itaque
2747 1721 2925 1791 primo
2950 1719 3074 1772 loco
3100 1715 3460 1785 intelligimus

1877 1823 2058 1906 ipsum
2088 1819 2361 1896 effectum.
2391 1816 2590 1872 Postea
2619 1813 2982 1870 universalem
3015 1811 3138 1882 ejus
3167 1807 3462 1879 cogitatio-

183 1909 340 1973 τοίως
357 1909 749 1984 θεωρουμένην
781 1913 980 1986 ζωὴνῆ
1014 1915 1200 1972 οὐσίαν
1220 1934 1232 1946 ·
1267 1917 1362 1971 καὶ
1390 1921 1513 1974 τότε
1535 1904 1607 1973 τὰν
1627 1937 1772 1992 μερι-

1880 1900 2025 1980 nem,
2061 1911 2292 1978 scilicet,
2317 1908 2575 1965 omnibus
2605 1905 2782 1963 modis
2829 1903 3236 1961 consideratam
3285 1900 3459 1953 vitam

183 2001 272 2062 κά,
302 2002 560 2056 τουτέστι
585 2004 684 2084 τὴν
712 2004 805 2058 τοῦ
834 2005 955 2060 καθ’
988 2006 1218 2062 ἕκαστον
1247 2003 1388 2073 εἶδος
1417 2009 1625 2074 ἔννοιαν,
1641 2011 1775 2084 λαμ-

182 2095 448 2167 ὄάνομεν,
510 2091 624 2152 οἷον
675 2098 773 2169 τῆς
823 2099 1119 2172 ἀγγελικῆς
1180 2101 1213 2172 ἢ
1270 2102 1370 2174 τῆς
1423 2103 1776 2176 ἀνθρωπίνης

181 2186 344 2258 ζωῆς,
379 2188 478 2242 καὶ
530 2188 640 2252 τῶν
672 2189 878 2248 λοιπῶν,
907 2186 987 2255 οἷς
1024 2192 1415 2259 συνεισϐάλλει,
1457 2196 1549 2249 καὶ
1595 2195 1774 2250 αὑτῶν

179 2278 283 2331 τῶν
331 2279 676 2352 μετεχόντων
707 2284 766 2352 ή·
794 2284 1002 2356 μνήμη.
1053 2284 1377 2354 Ἐπαγαγὼν
1414 2285 1471 2339 δὲ
1499 2286 1628 2340 εἶτα
1654 2285 1774 2356 τῶν

180 2371 340 2427 ὅλων
383 2372 591 2428 αὐτῶν
627 2376 1020 2444 μετεχόντων,
1055 2376 1320 2449 ἐδήλωσεν
1367 2377 1442 2439 ὡς
1479 2379 1540 2431 οὑ
1592 2379 1772 2432 πάντα

181 2464 399 2519 πάντων
432 2465 756 2536 μετέχουσι·
783 2465 850 2519 τὰ
894 2467 991 2538 μὲν
1038 2466 1150 2539 γὰρ
1179 2467 1368 2532 οὐσίας
1403 2469 1592 2540 μόνης·
1629 2469 1772 2522 τὰδὲ

179 2553 324 2627 ζωῆς
346 2574 359 2586 ·
386 2556 458 2609 τὰ
497 2556 558 2608 δὲ
594 2557 691 2609 καὶ
734 2557 993 2629 νοήσεως,
1023 2558 1058 2630 ἢ
1097 2560 1191 2616 καὶ
1217 2560 1564 2632 νοερότητος·
1612 2561 1681 2615 τὰ
1713 2561 1771 2614 δὲ

179 2651 311 2724 πρὸς
337 2650 554 2714 τούτοις
583 2651 678 2704 καὶ
711 2649 977 2716 θεὼσεως.

248 2835 355 2887 Ὃν
381 2832 456 2886 τὰ
499 2831 649 2886 ὄντα
691 2834 920 2898 οἰκείως
958 2831 1214 2898 ἑαυτοῖς.
1245 2832 1319 2886 Τὸ
1341 2832 1530 2888 δοκοῦν
1563 2835 1769 2906 ἀσαφέ-

182 2940 369 2995 στερον
411 2922 777 2994 σαφηνιπέον
811 2922 987 2985 οὑτως
1006 2940 1018 2951 ·
1054 2925 1082 2976 ὁ
1111 2922 1242 2986 Θεὸς
1274 2922 1456 2976 πάντα
1486 2925 1568 2988 εἰς
1595 2942 1770 2998 σωτη-

183 3015 298 3086 ρῑαν
327 3016 387 3069 ὲν
418 3013 603 3084 ἑαυτῷ
648 3014 896 3086 προέχων
931 3013 1371 3086 ὑπερηνωμένως
1402 3014 1497 3068 καὶ
1544 3015 1770 3069 ἀσυνθέ-

176 3123 301 3173 τως,
335 3107 432 3161 καὶ
459 3107 539 3170 ὼς
567 3105 780 3177 πηγαία
803 3106 945 3178 ἁρχὴ
974 3105 1040 3158 δι’
1071 3105 1412 3175 ἀγαθότητος
1437 3107 1765 3180 ὑπερϐολὴν,

179 3199 270 3253 καὶ
300 3202 416 3263 τοῖς
445 3197 508 3264 ἐξ
537 3195 707 3264 αὑτοῦ
753 3195 1159 3269 δημιουργικῶς
1187 3197 1475 3271 ὑποστᾶσι,
1517 3187 1768 3271 καθάπερ

1877 2016 1972 2061 aut
1999 2006 2318 2067 essentiam,
2347 2010 2401 2058 et
2425 2010 2539 2056 tum
2569 1998 2947 2071 particularia,
2990 1996 3047 2050 id
3075 2003 3159 2051 est
3190 1993 3460 2063 cujusque

1876 2098 2076 2170 speciei
2120 2096 2541 2170 intelligentiam
2594 2093 2899 2164 accipimus
2941 2089 3203 2162 angelicae
3233 2095 3328 2140 aut
3355 2085 3462 2139 hit--

1875 2209 2051 2262 mana:
2077 2194 2220 2260 vitaa,
2261 2207 2326 2247 ac
2375 2190 2716 2260 reliquorum
2748 2186 2953 2257 quibus
2997 2183 3259 2239 memoria
3293 2179 3460 2236 simul

1875 2287 2166 2351 incumbit,
2199 2301 2262 2339 ac
2284 2299 2476 2340 eorum
2505 2297 2626 2353 quae
2678 2279 3032 2352 participant.
3084 2275 3220 2329 Cum
3273 2280 3459 2330 autent

1874 2379 2102 2443 addidit,
2148 2363 2258 2434 tum
2312 2391 2495 2431 eorum
2537 2389 2654 2445 qua:
2703 2371 2942 2426 omnibus
2983 2368 3333 2439 participant,
3380 2364 3460 2421 si-

1873 2473 2152 2546 gniﬁcavit
2197 2487 2310 2526 non
2367 2469 2552 2525 omnia
2611 2466 2870 2523 omnibus
2925 2462 3304 2536 participare;
3347 2458 3457 2512 alia

1871 2567 2016 2622 enim
2051 2567 2166 2622 sola
2197 2565 2460 2628 essentia,
2496 2563 2602 2615 alia
2644 2575 2774 2614 vero
2811 2560 2920 2612 vita
2951 2575 2968 2625 ;
3005 2553 3252 2626 qutedam
3291 2551 3456 2606 etiam

1870 2660 2245 2722 intellectione
2275 2673 2371 2712 seu
2410 2652 2796 2724 intelligentia,
2830 2651 3077 2722 quaedam
3110 2655 3290 2701 autem
3315 2659 3457 2714 prae-

1870 2757 1955 2804 ter
1981 2750 2070 2802 illa
2088 2749 2252 2804 etiam
2278 2746 2586 2801 divinitate.
3217 2727 3225 2734 ’

1941 2841 2073 2907 Qua:
2096 2857 2177 2894 res
2221 2848 2378 2910 prout
2407 2839 2594 2909 cuique
2637 2836 2900 2892 convenit.
2946 2831 3106 2899 Quod
3157 2826 3458 2885 obscurius

1869 2932 2106 2998 videtur,
2150 2933 2225 2986 ita
2254 2928 2644 2986 declarandum
2675 2936 2782 3002 est.
2817 2927 2962 2981 Deus
2991 2923 3175 2979 omnia
3207 2921 3275 2975 ad
3307 2919 3457 2975 salu-

1870 3032 1978 3078 tem
2010 3023 2068 3077 in
2095 3022 2276 3092 seipso
2309 3029 2435 3076 ante
2465 3003 2684 3075 habens
2705 3017 2872 3073 modo
2901 3011 3220 3071 unitissimo
3249 3020 3303 3065 et
3336 3009 3466 3065 sine.

1870 3109 2292 3179 compositione,
2327 3123 2392 3164 ac
2420 3092 2570 3164 velut
2610 3107 2817 3164 fontale
2853 3104 3187 3177 principium
3225 3109 3460 3172 propter

1868 3202 2135 3258 bonitatis
2173 3217 2485 3265 excessum,
2542 3209 2708 3272 atque
2754 3201 2826 3256 iis
2867 3214 2988 3270 qua:
3012 3198 3081 3251 ab
3105 3198 3226 3266 ipso
3255 3196 3458 3249 virtute

179 3292 401 3356 ἀκτῖνάς
437 3308 597 3357 τινας
629 3290 830 3361 ἀφιεὶς,
874 3290 1050 3361 μένων
1083 3288 1221 3351 ὅλως
1249 3269 1305 3341 ὲν
1335 3288 1515 3360 ἐαυτῷ
1549 3269 1767 3359 μεταδίζ

1880 3272 2328 3351 creandicondita
2343 3300 2494 3358 sunt,
2511 3281 2676 3347 veluti
2691 3269 3159 3361 radiosiquosdam
3173 3288 3454 3351 emittens,

177 3383 305 3440 δωσι
337 3382 626 3457 μεθεκτῶς
668 3382 883 3454 ἑκάστῳ
914 3380 1132 3445 οἰκείως
1162 3381 1272 3434 τῶν
1317 3380 1570 3452 μεγάλων
1601 3383 1767 3437 αὑτοῦ

179 3474 647 3548 προτερημάτων·
682 3473 741 3526 αἱ
779 3468 872 3526 οὖν
906 3472 972 3525 ἐκ
1017 3472 1126 3525 τῶν
1175 3471 1404 3526 ἐνόντων
1438 3473 1588 3545 αὑτῷ
1629 3473 1768 3542 ἁγα-

178 3567 280 3638 οῶν
317 3570 400 3634 εἰς
431 3566 723 3639 μετάδοσιν
765 3564 1059 3637 tumeat;
1097 3564 1472 3636 πρωτοτύπως
1497 3564 1766 3640 λέγονται,

179 3661 267 3715 καὶ
295 3663 579 3717 αὑτοεῖναι
599 3661 695 3730 καὶ
717 3657 1109 3724 αὑτοζωώσεις,
1155 3660 1247 3714 καὶ
1276 3658 1633 3724 αὑτοθεώσεις
1675 3660 1771 3712 καὶ

177 3753 270 3808 ὅσα
293 3752 525 3808 τοιαῦτα
553 3751 697 3807 κατὰ
730 3745 960 3824 μίμησιν
989 3749 1096 3804 τῶν
1135 3749 1338 3822 ἀρχῶν,
1387 3751 1632 3804 τουτέστι
1659 3752 1769 3807 τῶν

180 3843 335 3898 αὑτοῦ
368 3843 438 3916 δὴ
465 3843 566 3896 τοῦ
597 3841 736 3898 Θεοῦ
783 3841 975 3905 ὄντων,
1025 3840 1167 3913 φημὶ
1213 3842 1312 3912 τῆς
1358 3841 1767 3914 αὑτοθεότητος,

178 3936 265 3990 καὶ
294 3935 796 4006 αὑτοαγαθότητος,
831 3933 924 3987 καὶ
953 3929 1262 4004 αὑτοζωῆς·
1295 3933 1564 4006 δευτέρως
1595 3935 1653 3988 δὲ
1675 3934 1770 3988 καὶ

177 4029 266 4083 ὅλα
291 4030 431 4085 αὑτὰ
465 4029 771 4102 ὑποστῆναι
812 4026 1049 4095 λέγεται,
1083 4025 1170 4079 διὰ
1197 4025 1306 4079 τῶν
1353 4027 1492 4081 κατὰ
1547 4027 1771 4100 πρόοδον

179 4121 500 4176 ὑποστασῶν
530 4120 624 4174 ὑπ’
645 4116 808 4174 αὑτοῦ
840 4116 1057 4180 οὐσιῶν,
1093 4117 1248 4181 ζωῶν
1269 4119 1444 4171 οὐσῶν
1472 4120 1768 4186 οὑσιωδῶς,

180 4213 265 4267 καὶ
306 4213 606 4286 διδομένων
655 4208 932 4284 μεθεκτῶς
963 4209 1080 4270 τοῖς
1136 4208 1310 4276 ἀξίοις
1336 4209 1409 4241 ¹⁶·
1465 4209 1666 4282 τρίτως
1711 4211 1770 4265 δὲ

177 4305 279 4359 τῶν
303 4305 550 4378 μερικῶν
593 4305 798 4360 τούτων
829 4305 1202 4378 μεταδόσεων’
1251 4303 1374 4358 τινὰ
1406 4305 1517 4377 γὰρ
1554 4304 1770 4378 μετέχει

179 4397 440 4464 ζωώσεως
501 4398 692 4474 μόνης,
724 4398 848 4452 τινὰ
887 4398 946 4453 δὲ
981 4399 1075 4452 καὶ
1122 4397 1392 4464 θεώσεως,
1431 4393 1554 4452 τινὰ
1583 4399 1642 4453 δὲ
1675 4400 1771 4454 καὶ

179 4488 280 4542 τῶν
308 4490 449 4544 ὅλων
495 4489 637 4561 ὁμοῦ
692 4489 918 4556 τούτων,
1073 4491 1128 4543 αἱ
1161 4487 1436 4544 ἀνώταται
1465 4491 1654 4562 νοηταὶ
1678 4492 1771 4551 δυ·
1813 4512 1816 4517 '

1797 4565 1843 4621 D
1871 4589 1998 4645 dam
2028 4589 2176 4646 enim
2220 4591 2395 4646 solam
2443 4588 2569 4645 vita:
2624 4587 2994 4660 largitionem,
3042 4585 3294 4659 quaedam
3325 4597 3458 4639 vero

181 4581 385 4651 νάμετς.

1867 3395 2015 3444 totus
2090 3393 2147 3448 in
2197 3403 2257 3448 se
2305 3402 2560 3452 manens,
2621 3385 2921 3453 unicuique
2984 3395 3084 3453 pro
3141 3389 3300 3452 captu
3357 3369 3460 3448 per

1866 3479 2090 3536 modum
2119 3478 2639 3534 communicationis
2684 3491 2914 3548 magnas
2944 3488 3076 3531 suas
3105 3471 3460 3528 excellentiae

1866 3573 2257 3628 communicat.
2278 3570 2467 3642 Itaque
2490 3568 2888 3625 illustrationes
2909 3583 2975 3623 ex
3006 3567 3075 3623 iis
3097 3565 3221 3636 quae
3243 3564 3350 3636 ipsi
3373 3562 3460 3618 in-

1868 3674 1998 3724 Sunt
2023 3666 2180 3722 bonis
2216 3663 2775 3720 communicabilibus
2803 3662 2984 3732 primo
3025 3659 3150 3714 loco
3172 3650 3453 3723 dieuntur,

1867 3768 1923 3818 et
1945 3760 2123 3831 ipsum
2149 3774 2295 3822 esse,
2321 3758 2564 3828 etipsius
2583 3756 2708 3810 vitae
2729 3754 3070 3824 largitiones,
3094 3758 3148 3806 et
3169 3751 3345 3820 ipsius
3367 3750 3401 3804 d
3430 3777 3460 3791 -

1867 3851 2114 3909 vinitatis
2147 3850 2458 3923 largitiones
2479 3857 2532 3902 et
2547 3854 2816 3919 quotquot
2831 3847 2960 3908 talia
2976 3844 3278 3903 secundum
3293 3843 3457 3913 222

1868 3943 2226 4000 imitationem
2252 3941 2671 4012 principiorum,
2715 3937 2773 3992 id
2803 3945 2887 3993 est
2913 3953 3112 3992 eorum.
3132 3950 3257 4006 qua?
3283 3935 3458 4003 ipsius

1868 4033 1965 4090 Dei
1990 4043 2140 4098 sunt,
2157 4033 2332 4102 ipsius
2345 4015 2651 4086 divinitatis
2666 4031 2914 4100 inquam,
2931 4035 2986 4083 et
3000 4028 3176 4098 ipsius
3191 4025 3456 4080 bonitatis

1869 4133 2034 4196 atque
2068 4125 2241 4195 ipsius
2278 4125 2442 4192 vitre;
2479 4122 2722 4179 secundo
2769 4135 2902 4178 vero
2947 4121 3114 4178 etiam
3162 4125 3276 4173 tota
3334 4117 3458 4188 ipsa

1865 4217 2180 4274 condidisse
2201 4215 2428 4281 dicitur,
2460 4223 2683 4286 propter
2712 4214 2982 4271 essentias
3009 4212 3130 4283 ejus
3157 4225 3457 4284 progressu

1869 4311 1934 4366 ad
1968 4319 2122 4366 extra
2155 4310 2546 4375 subsistentes,
2576 4323 2698 4380 quae
2729 4307 3106 4364 essentialiter
3138 4314 3270 4362 sunt
3299 4305 3449 4370 vitae,

1867 4412 1923 4461 et
1955 4404 2138 4475 dignis
2167 4401 2626 4460 communicando
2659 4401 2861 4456 dantur
2889 4418 2904 4466 ;
2930 4401 3096 4455 tertio
3123 4408 3305 4454 autem
3327 4413 3456 4468 par-

1870 4497 2190 4560 ticularium
2219 4496 2416 4551 harum
2468 4494 3036 4551 communicationum
3077 4507 3266 4552 causa.
3295 4490 3458 4557 Qua":-

182 4675 336 4730 etiam
365 4675 678 4731 divinitatis
717 4675 1090 4748 largitionem,
1146 4678 1398 4747 quaedam
1423 4675 1664 4752 denique
1705 4680 1882 4744 simul.
1936 4685 2053 4740 haec
2085 4691 2196 4740 tota
2227 4725 2243 4752 ,
2291 4685 2438 4742 sicut
2479 4698 2750 4755 supremae
2800 4682 3176 4755 intelligibiles
3225 4683 3456 4737 virtutes

183 4767 536 4836 participant.

248 4859 370 4914 Τῶν
410 4860 694 4931 μερικῶν.
751 4864 972 4936 Μερικά
1029 4882 1162 4937 φησι
1212 4866 1314 4930 τὰς
1359 4866 1613 4940 διαδοχὰς
1657 4871 1765 4927 τῶν

181 4966 364 5018 γενων.

249 5045 356 5098 Καὶ
389 5044 505 5114 τῆς
521 5048 1062 5118 αὐτοαγαθότητος.
1100 5051 1222 5104 Ὅτι
1243 5053 1340 5106 καὶ
1366 5053 1468 5125 τῆς
1495 5054 1767 5124 αὐτοαγα-

182 5131 399 5206 Θότητος
425 5136 523 5189 καὶ
551 5136 806 5209 θεότητος
845 5139 1155 5209 ὑποστάτης
1185 5140 1334 5196 ἐστὶν
1361 5143 1391 5194 ό
1421 5141 1770 5213 ὑπεράγαθος

182 5226 272 5278 καὶ
315 5227 602 5301 ὑπέρθεος.
662 5230 976 5300 Σημείωσαι
1029 5226 1124 5285 οὖν
1175 5232 1259 5285 ὅτι
1298 5233 1400 5286 οὑκ
1431 5233 1580 5288 εστιν
1608 5232 1769 5295 οὐσία

181 5314 311 5368 Θεοῦ
341 5315 410 5371 τὰ
439 5317 686 5372 τοιαῦτα.
739 5319 1037 5389 Ἀνάγνωθι
1091 5322 1152 5375 ὲν
1192 5323 1262 5398 τῇ,
1327 5321 1371 5392 βε
1424 5323 1562 5394 πρὸς
1607 5323 1768 5377 Γάϊον

183 5406 458 5482 ἐπιστολῇ.

254 5501 544 5568 Προνοίας
571 5503 668 5556 καὶ
714 5504 1105 5573 ἀγαθότητας.
1151 5505 1417 5577 Προνοίας
1449 5507 1542 5560 καὶ
1570 5505 1770 5576 ἀγαθό-

1944 4868 2393 4924 Particularium.
2438 4865 2813 4925 Particularia
2854 4867 2990 4924 dicit
3033 4881 3294 4938 generum
3327 4881 3455 4922 suc-

1872 4961 2180 5040 sessiones.

1945 5053 2016 5110 Et
2048 5070 2141 5123 per
2177 5071 2232 5109 se
2263 5054 2536 5110 bonitatis.
2570 5051 2710 5107 Eum
2739 5065 2866 5108 esse
2886 5050 3062 5122 ipsius
3102 5047 3366 5104 bonitatis
3396 5057 3452 5104 et

1869 5145 2178 5203 divinitatis
2229 5146 2575 5202 conditorem
2607 5144 2702 5215 qui
2747 5151 2834 5199 est
2865 5157 3033 5212 supra
3067 5139 3364 5195 bonitatem
3394 5148 3452 5195 et

1869 5250 2040 5306 supra
2067 5235 2430 5290 divinitatem.
2463 5229 2621 5293 Nota
2647 5233 2835 5306 igitur,
2868 5233 2999 5288 talia
3047 5247 3158 5286 non
3203 5245 3326 5284 esse
3353 5228 3455 5286 Dei

1869 5327 2188 5385 essentiam.
2218 5326 2362 5398 Lege
2397 5326 2698 5384 secundam
2729 5327 2796 5382 ad
2825 5325 3018 5382 Caium
3059 5322 3374 5393 epistolam.

1943 5503 2316 5560 Providentia:
2363 5513 2413 5559 et
2449 5503 2726 5560 bonitates.
2767 5496 3150 5556 Providentias
3177 5502 3234 5550 et
3283 5494 3448 5559 belli:

1113 5687 1351 5750 VARle
1384 5686 1772 5746 LECTIONES
1804 5688 1892 5744 ET
1931 5685 2484 5747 CORRECTIONES.

260 5887 304 5923 "
330 5887 430 5954 τὴν
457 5887 672 5953 θέωσιν,
704 5886 870 5958 ἤγουν
897 5885 964 5940 αὑ
975 5883 1038 5939 τὰ
1061 5882 1130 5939 τὰ
1163 5883 1334 5956 πράγ.

1434 5887 1476 5920 ¹⁶
1509 5903 1599 5961 γρ.
1629 5886 1828 5958 ἁγίοις,
