3882 6584
148 481 244 536 405

903 478 961 535 S.
1004 476 1252 532 MAXIM!
1288 474 1583 533 SCHOLIA
1618 473 1683 529 IN
1722 475 1851 530 LIB.
1893 473 1981 527 DE
2014 472 2267 528 DlVlNlS
2304 473 2698 531 NOMINHIUS.

3300 478 3422 537 .406"

148 591 298 648 τοῦτο
329 591 696 662 ἐσχηκότων·
731 590 797 644 τά
828 591 936 660 γάρ
968 591 1146 644 πάντα
1190 591 1254 643 ἐκ
1298 588 1432 642 Θεοῦ
1466 591 1602 652 ἐστι,
1638 589 1732 642 καὶ

1840 589 1927 660 qui
1981 591 2072 644 illa
2141 591 2559 662 participatione
2620 589 2861 657 habent;
2918 590 3102 645 omnia
3145 593 3291 648 enim
3327 610 3410 650 .ex

148 683 377 751 λέγεται,
416 683 521 735 καὶ
555 683 696 753 ἔχει·
731 684 759 736 ὁ
789 682 916 746 Θεὸς
948 680 1008 748 ἐξ
1037 680 1265 745 οὐδενός.
1308 679 1429 751 [Διὰ
1459 679 1512 732 τί
1547 681 1732 748 ’Ἄγιος

150 776 332 843 ἁγίων,
379 776 482 830 καὶ
521 775 786 836 Βασιλεὺς
819 773 1227 844 βασιλευόντων,
1262 773 1356 826 καὶ
1389 772 1593 844 Κύριος
1622 772 1732 826 τῶν

153 867 368 936 κυρίων,
397 867 504 919 καὶ
539 866 674 931 Θεὸς
699 866 832 920 θεῶν
862 865 1124 938 λέγεται.]
1172 925 1176 931 ,

228 960 460 1028 Ἀγίους
481 959 557 1012 δὲ
576 959 673 1012 καί
694 957 991 1024 βασιλεῖς.
1027 958 1190 1021 Θείας
1221 956 1462 1020 ἐπινοίας
1493 958 1522 1009 ὁ
1557 955 1734 1027 μακά-

157 1069 260 1124 ριος
314 1044 484 1114 οὗτος
539 1050 857 1121 ἠξιωμένος,
913 1048 1154 1112 εὐσεὸῶς
1194 1047 1262 1102 τὰ
1297 1047 1449 1119 παρά
1478 1064 1621 1101 τισιν
1654 1048 1733 1111 είς

157 1140 440 1195 πολυθεῖαν
477 1140 781 1193 ἐκπεσόντα
814 1137 1073 1209 φιλοθέως
1109 1141 1474 1209 μυσταγωγεῖ,
1509 1137 1604 1191 καὶ
1633 1137 1733 1200 τὰς

155 1231 527 1303 ἐφεστηκυίας
558 1230 667 1284 τῶν
714 1229 1128 1302 ὑποϐεϐηκότων
1161 1229 1336 1302 ἀρχὰς
1368 1229 1510 1282 κατὰ
1543 1226 1732 1300 ἐξοχὴν

156 1326 351 1393 ἁγίους,
413 1325 517 1377 καὶ
571 1322 822 1392 βασιλεῖς,
873 1323 966 1375 καὶ
997 1321 1235 1393 κυρίους,
1273 1323 1366 1376 καὶ
1399 1321 1553 1384 θεοὺς
1583 1320 1733 1389 λέγε-

160 1416 271 1470 σθαί
303 1433 500 1486 φησιν,
540 1415 728 1487 ὥσπερ
773 1416 864 1467 καὶ
898 1416 953 1467 ἐν
987 1414 1294 1486 ἀνθρώποις
1325 1415 1374 1466 οἱ
1409 1412 1732 1484 ἐξοχώτατοι

157 1510 286 1562 οῦτω
346 1507 871 1580 προσαγορεύονται,
933 1507 1024 1559 καὶ
1082 1505 1271 1577 ὥσπερ
1323 1507 1380 1559 ἐν
1429 1509 1560 1576 ἡμῖν
1591 1506 1641 1558 οἱ
1674 1509 1733 1560 ἐν

157 1605 312 1675 ἀρετῇ
348 1601 685 1674 προῦχοντες
699 1600 1006 1658 διδάσκαλοι
1033 1600 1130 1671 τὴν
1165 1599 1363 1672 ἀρετὴν
1398 1601 1454 1652 ἐν
1486 1603 1552 1671 τῇ
1586 1599 1731 1670 ψυχῇ

159 1695 360 1758 ὲνιαίως
418 1693 888 1766 συνηθροισμένην
940 1692 1140 1764 ἔχουσι.
1198 1693 1296 1746 Διὰ
1345 1692 1403 1746 δέ
1452 1692 1550 1762 τῆς
1582 1691 1730 1744 διδα-

161 1788 373 1852 σκαλίας
407 1788 622 1860 ἐτέροις
652 1786 754 1850 τὰς
804 1786 1004 1858 ἀρετὰς
1051 1785 1422 1857 μεταδιδόντες
1468 1785 1604 1856 πρὸς
1634 1785 1732 1857 τὴν

158 1880 408 1950 διαφορὰν
439 1880 540 1934 τοῦ
575 1879 810 1952 πλήθους
841 1879 948 1932 τῶν
979 1879 1375 1949 διδασκομένων
1408 1878 1732 1950 πληθύνεται

1836 681 1947 738 Deo
1987 693 2115 738 sunt
2160 692 2214 738 et
2255 684 2514 741 dicuntur
2541 690 2596 739 et
2625 683 2874 750 habent;
2929 683 3074 740 Deus
3125 693 3310 743 autem
3340 702 3419 746 ex-

1835 776 2007 830 nullo.
2045 775 2250 847 [Quare
2289 775 2526 831 Sanctus
2549 785 2890 838 sanctorum,
2923 771 3038 830 Rex
3063 791 3273 848 regum,
3305 776 3412 832 Do-

1833 866 2021 922 minus
2043 867 2464 931 dominantium,
2496 874 2550 923 et
2573 867 2717 923 Deus
2746 867 2971 923 deorum
3005 868 3277 943 dicitur.]-

1839 1010 1842 1012 _
1906 957 2132 1013 Sancloa
2158 976 2274 1012 vero
2305 968 2357 1013 et
2380 975 2542 1029 reges.
2575 959 2778 1015 Beatus
2821 958 2913 1014 hic
2957 960 3141 1016 divina
3171 961 3414 1033 inspira-

1835 1049 1982 1104 tione
2020 1049 2218 1119 dignus
2244 1049 2495 1114 habitus,
2553 1064 2620 1104 ea
2659 1064 2778 1120 qua:
2843 1052 2986 1122 apud
3037 1052 3304 1121 quosdam
3352 1054 3411 1109 in

1835 1139 2058 1194 deorum
2086 1141 2437 1195 multitudine
2488 1141 2712 1212 delapsa
2735 1150 2926 1207 erant,
2960 1143 3212 1213 religiose
3241 1150 3296 1200 et
3321 1147 3413 1216 pie

1835 1231 2013 1296 docet,
2046 1239 2109 1294 et.
2137 1231 2476 1302 principatus
2527 1232 2887 1288 inferioribus
2947 1233 3258 1302 praefectos,
3315 1249 3414 1305 per

1834 1323 2212 1378 excellentiam
2261 1331 2504 1390 sanctos,
2542 1333 2598 1379 et
2647 1339 2824 1395 reges,
2873 1325 3149 1389 dominos,
3195 1334 3250 1380 et
3279 1325 3415 1387 deos

1835 1416 1942 1472 dici
1975 1415 2227 1480 allirmat,
2267 1417 2409 1472 sicut
2440 1417 2584 1473 inter
2615 1433 2717 1473 nos
2752 1418 3005 1488 magistri
3045 1419 3246 1474 virtute
3276 1433 3416 1488 prae-

1835 1515 2063 1575 stantes,
2108 1509 2362 1564 virtutem
2395 1511 2451 1567 in
2481 1511 2663 1564 anima
2695 1511 2848 1566 unite
2877 1510 3163 1565 collectam
3188 1510 3414 1568 habent.

1833 1598 2092 1656 Docendo
2120 1610 2301 1657 autem
2353 1602 2585 1659 virtutes
2626 1603 2749 1658 aliis
2799 1604 3294 1668 communicantes,
3327 1619 3417 1659 se-

1835 1693 2074 1748 cundum
2121 1694 2494 1750 diversitatem
2538 1695 2908 1752 multitudinis
2956 1711 3146 1752 eorum
3179 1696 3274 1765 qui
3311 1693 3418 1748 (ιο--

1835 1792 2030 1841 centur
2069 1786 2236 1841 etiam
2289 1786 2466 1842 virtus
2515 1787 2586 1841 ab
2622 1788 2757 1858 ipsis
2796 1787 3203 1844 communicata
3256 1785 3422 1859 224

1836 1877 2266 1948 multiplicatur:
2292 1879 2374 1934 sic
2414 1878 2628 1934 fortiori
2676 1879 2911 1950 quadam
2947 1879 3286 1937 etdiviniori
3325 1894 3420 1932 ra-

159 1973 244 2026 καὶ
297 1974 330 2044 ἡ
395 1972 792 2044 μεταδιδομένη
858 1973 986 2042 παρ’
1050 1971 1228 2025 αὐτῶν
1291 1971 1458 2042 ἀρετή
1486 1987 1497 2000 ο
1560 1969 1732 2034 οὕτως

1840 1971 1983 2026 tione
2013 1972 2069 2024 in
2100 1971 2438 2042 incorporeis
2486 1973 2782 2028 ordinibus
2811 1972 3294 2043 contemplandum
3323 1989 3338 2038 ;
3368 1982 3424 2027 et

162 2064 444 2136 ίσχνοτέρῳ
477 2066 587 2118 τινὶ¹
621 2065 716 2118 καὶ
749 2064 1002 2135 θειοτέρῳ
1034 2065 1221 2136 τρόπῳ
1261 2064 1379 2117 ἐστί
1420 2062 1528 2116 τῶν
1589 2063 1733 2116 ἀσω-

162 2157 334 2226 μάτων
364 2156 579 2223 τάξεων
611 2156 882 2228 θεωρητόν
903 2158 942 2190 ⁸⁷
959 2174 972 2188 ⁸
995 2157 1187 2211 καὶδιὰ
1202 2157 1309 2210 τῶν
1341 2156 1624 2225 άνωτέρων
1641 2156 1734 2209 καὶ

158 2250 553 2321 πλησιαιτέρων
614 2249 734 2321 Θεῷ
773 2253 827 2304 αἱ
870 2250 1266 2321 ὑποϐεϐηκυῖαι
1327 2249 1511 2316 τάξεις
1577 2249 1734 2319 μετέ-

159 2359 298 2410 χουσι
357 2343 470 2396 τῶν
533 2342 752 2414 δωρεῶν
790 2341 884 2396 τοῦ
934 2342 1090 2408 Θεοῦ,
1136 2343 1326 2415 ὥσπερ
1357 2344 1421 2396 ἐκ
1457 2343 1734 2414 κρατῆρος

160 2435 583 2509 ὑπερϐλύζοντος
617 2437 710 2489 καὶ
742 2434 1097 2506 πηγάζοντος,
1131 2435 1199 2489 τὰ
1238 2437 1333 2509 μὲν
1367 2433 1734 2508 πλησιάζοντα

163 2529 321 2599 σκεύη
361 2529 558 2601 πρῶτα
591 2529 941 2601 πληροῦνται,
976 2529 1238 2601 δεχόμενα
1269 2529 1330 2583 τὸ
1363 2529 1458 2582 ἐπὶ
1489 2528 1558 2582 τὰ
1592 2529 1732 2584 αὐτὰ

162 2623 477 2693 φερόμενον·
528 2617 666 2686 εἶτα,
712 2623 806 2675 καὶ
857 2621 1035 2677 αὐτῶν
1091 2621 1556 2693 ὑπερὸλυζόντων,
1618 2621 1734 2674 δια-

161 2716 319 2783 χεῖται
365 2715 446 2778 είς
491 2713 662 2786 ’ἐτερα
710 2715 1046 2786 ὑποκείμενα
1100 2714 1290 2786 σκεύη,
1338 2715 1433 2769 καὶ
1486 2715 1624 2786 πρὸς
1667 2715 1732 2768 τὸ

161 2804 348 2876 πλῆθος
377 2803 493 2859 τῶν
537 2805 865 2878 δεχομένων,
917 2809 1010 2861 καὶ
1053 2807 1152 2878 τὴν
1198 2808 1463 2878 διαφορὰν
1496 2807 1606 2860 εἴτε
1644 2826 1732 2880 μι-

163 2896 297 2967 κρῶν
328 2897 440 2951 είτε
477 2897 751 2969 μεγάλων,
785 2893 895 2952 οἷον
938 2899 1372 2971 διαρραντίζεται
1414 2900 1475 2953 τὸ
1517 2902 1582 2954 ἐκ
1636 2900 1730 2954 τοῦ

164 2992 423 3062 κρατῆρος
473 2990 777 3056 ἀναϐλῦζον
831 2992 941 3046 τῶν
986 2991 1217 3064 πρώτων
1267 2992 1476 3046 σκευῶν
1509 2995 1566 3047 ἐν
1600 2994 1730 3045 ἐαυ-

161 3089 261 3149 rei;
290 3087 521 3157 ἐχόντων
574 3085 714 3140 κατὰ
747 3085 844 3157 τὴν
878 3085 1105 3155 ἑνότητα
1147 3085 1242 3138 τοῦ
1277 3084 1639 3158 πληρώματος
1669 3087 1733 3140 τὸ

163 3177 376 3249 πρώτως
408 3181 475 3234 ἐκ
519 3179 616 3233 τοῦ
659 3179 931 3252 κρατῆρος
975 3177 1218 3249 ἐνεχθέν·
1255 3177 1399 3231 οὓτω
1431 3179 1729 3250 παχυτέρῳ

163 3269 288 3343 λόγῳ
316 3272 417 3345 τὴν
450 3271 715 3342 ἀφθονίαν
746 3272 846 3343 τῆς
881 3271 1217 3340 μεταδόσεως
1262 3270 1372 3324 τῶν
1423 3271 1584 3325 θείων
1629 3272 1731 3326 δω-

1837 2062 2125 2118 inferiores
2152 2063 2376 2119 ordines
2409 2080 2506 2135 per
2537 2065 2854 2135 superiores
2882 2071 2937 2119 et
2957 2063 3069 2129 Deo
3100 2063 3420 2130 viciniores,

1835 2155 1929 2210 Dci
1962 2155 2105 2212 dona
2130 2157 2484 2227 participant,
2512 2163 2655 2214 sicut
2681 2175 2748 2214 ex
2775 2166 2988 2214 cratere
3007 2158 3344 2214 exuberante
3367 2164 3425 2215 et

1836 2251 2193 2315 scaturiente,
2252 2251 2435 2306 vicina
2464 2252 2684 2322 quidem
2719 2267 2872 2317 vasa,
2908 2253 3084 2322 prima
3115 2251 3419 2320 replentur,

1833 2345 2162 2416 excipientia
2191 2343 2340 2414 quod
2383 2345 2439 2398 in
2475 2345 2593 2415 ipsa
2625 2343 2857 2412 decidit;
2889 2351 3081 2413 postea
3110 2343 3220 2397 illis
3253 2343 3422 2400 etiam

1834 2437 2269 2492 exuberantibus
2299 2435 2497 2493 diﬂluit
2526 2437 2581 2490 in
2622 2436 2728 2492 alia
2782 2437 3033 2506 subjecta
3065 2451 3216 2500 vasa,
3251 2445 3305 2490 et
3332 2452 3425 2492 se—

1834 2530 2072 2584 cundum
2098 2529 2503 2586 multitudinem
2536 2529 3009 2599 recipientium,et
3037 2529 3420 2582 diversitatem

1835 2623 1951 2678 sive
1984 2639 2278 2693 parvorum
2325 2623 2824 2694 sive-magnorum;
2859 2622 3068 2677 scilicet
3110 2621 3424 2692 aspergitur

1833 2715 1978 2786 quod
2005 2732 2071 2772 ex
2100 2724 2315 2771 cratere
2345 2717 2685 2770 exuberabat
2713 2715 2904 2786 primis
2929 2715 3077 2770 vasis
3118 2717 3174 2768 in
3207 2730 3265 2768 se
3286 2728 3424 2768 con-

1832 2809 2138 2864 tinentibus
2164 2826 2261 2880 per
2316 2809 2585 2864 unitatem
2636 2809 2995 2879 plenitudinis
3041 2807 3189 2878 quod
3244 2809 3424 2876 primo

1832 2921 1894 2960 ex
1925 2912 2140 2959 cratere
2170 2903 2446 2958 delatum:
2484 2904 2560 2958 ita
2591 2904 2803 2958 rudiori
2838 2917 3092 2958 sermone
3133 2901 3423 2956 abundan-

1834 2998 1964 3050 tiam
2015 2995 2534 3052 communicationis
2601 2996 2911 3050 divinorum
2966 2993 3238 3048 donorum
3277 2989 3423 3050 diri-

1833 3103 1951 3144 sam
1985 3087 2038 3142 in
2084 3104 2278 3144 omnes
2331 3089 2539 3158 primos
2593 3088 2817 3142 ordines
2870 3085 3307 3156 intelligendum.
3352 3079 3422 3136 Et

1830 3182 2126 3253 Apostolus
2144 3196 2243 3237 vas
2264 3181 2551 3236 electionis
2574 3181 2893 3235 nominatus
2912 3187 2993 3234 est
3017 3177 3066 3234 ἀ.
3096 3176 3259 3243 Nota,
3287 3191 3419 3230 eum

1834 3292 1981 3332 nunc
2000 3276 2186 3332 dicere
2215 3275 2387 3331 Deum
2420 3289 2530 3330 non
2562 3288 2725 3345 posse
2775 3271 3174 3328 communicari
3217 3283 3417 3325 secum

168 3341 289 3432 ρεῶν
319 3341 685 3438 μεριζομένην
717 3341 812 3430 είς
830 3366 1074 3430 ἅπαντας
1107 3365 1195 3419 διὰ
1226 3366 1336 3419 τῶν
1370 3365 1603 3438 πρώτων
1624 3367 1732 3420 δια-

1840 3369 1964 3424 dum
1995 3377 2204 3424 natura:
2229 3369 2522 3424 rationem.

164 3457 362 3528 κόσμων
393 3461 634 3532 νοητέον.
670 3461 781 3516 Καὶ
811 3462 840 3514 ό
886 3460 1205 3526 Ἀπόστολος
1251 3460 1446 3525 σκεῦος
1489 3461 1600 3533 γὰρ
1633 3463 1864 3535 ἐκλογῆς
1909 3464 2221 3536 ὠνομάσθη.
2273 3464 2586 3535 Σημείωσαι
2619 3463 2676 3519 δέ
2721 3463 2804 3519 ὅτι
2849 3463 3152 3534 ἀμέθεκτον
3198 3458 3294 3513 νῦν
3327 3456 3442 3522 τὸν

166 3551 284 3604 Θεὸν
313 3552 454 3607 κατὰ
486 3553 583 3608 τὸν
611 3555 713 3626 τῆς
744 3554 959 3624 φύσεως
990 3554 1145 3624 λόγον
1209 3554 1364 3626 φησι.

225 3643 508 3713 Διαφορὰς
571 3644 944 3712 πληθύουσι.
1012 3645 1270 3699 Τουτέστι
1335 3646 1553 3710 πλείους
1617 3645 1730 3698 δει-

167 3735 427 3791 κνύουσιν·
476 3738 602 3790 ὅσον
647 3736 757 3808 γὰρ
799 3737 1030 3809 διάφορα
1070 3737 1140 3791 τὰ
1192 3736 1512 3808 μετέχοντα,
1547 3738 1734 3792 τοσοῦ-

166 3843 245 3881 τον
273 3829 362 3884 καὶ
391 3831 449 3885 αἱ
481 3829 683 3900 δωρεαὶ
716 3829 1014 3893 πολυειδεῖς
1044 3830 1437 3901 διαφαίνονται.

605 3939 714 3991 ΕΙΣ
745 3940 832 3993 ΤΟ
866 3940 1117 3994 ΚΕΦΑΛ.
1167 3941 1266 3996 ΙΓ¹.

232 4026 256 4098 §
273 4031 314 4082 l.
343 4031 356 4051 '
369 4032 470 4100 Υφ’
491 4030 709 4085 ἑαυτοῦ
715 4031 1037 4101 μονοειδῶς
1052 4033 1494 4104 ἀφοριζόμενον.
1526 4034 1584 4086 Ὁ
1599 4035 1730 4098 Θεὸς

173 4122 344 4177 ἑαυτοῦ
376 4125 472 4180 καὶ
499 4125 626 4195 ὅρος
677 4126 772 4183 καὶ
812 4125 996 4190 τόπος,
1031 4127 1127 4180 καὶ
1159 4127 1310 4180 οὐδὲν
1345 4126 1729 4200 ὑπερεκτείνε-

171 4231 248 4267 ται
275 4217 362 4271 τοῦ
394 4217 530 4271 Θεοῦ
555 4235 568 4247 ·
617 4217 750 4271 ἀλλὰ
792 4218 886 4272 καὶ
916 4217 986 4272 τὰ
1031 4220 1236 4292 ἄπειρα
1267 4218 1430 4282 αὐτὸς
1462 4221 1690 4290 περατοί
1714 4236 1727 4248 ·

172 4309 282 4372 τοὺς
309 4310 415 4382 γὰρ
447 4310 651 4375 αἰῶνας
714 4311 976 4383 ἀπείρους
1021 4311 1184 4376 ὄντας
1237 4311 1378 4382 (οὐδὲ
1409 4311 1519 4383 γὰρ
1551 4311 1734 4382 έχουσι

177 4401 357 4472 πέρας)
422 4404 605 4468 αὐτὸς,
653 4404 732 4476 τῷ
774 4405 987 4478 ἀπείρῳ
1047 4403 1268 4475 μεγέθει
1333 4403 1615 4474 ὑπερέχων
1655 4402 1735 4474 τῷ

178 4491 346 4548 ἑαυτοῦ
396 4497 804 4568 ἀπειροπλασίῳ
870 4497 1132 4569 περιέχει·
1192 4497 1288 4550 καὶ
1349 4497 1528 4550 πᾶσαν
1579 4497 1735 4568 ἀορι-

179 4589 308 4641 στίαν
356 4591 519 4662 ζωῆς,
575 4592 652 4656 ὡς
702 4592 794 4645 ἐπὶ
844 4591 954 4645 τῶν
986 4589 1223 4662 νοητῶν·
1259 4591 1320 4643 οὐ
1353 4589 1464 4660 γὰρ
1499 4588 1732 4660 ὥρισται

176 4681 360 4747 τούτοις
389 4685 418 4738 ὁ
452 4659 585 4755 βίος,
621 4684 696 4749 ὡς
729 4684 820 4738 ἐπὶ
854 4659 1173 4756 ἀνθρώπων,
1207 4682 1322 4737 ἀλλ’
1355 4659 1614 4740 ἀθάνατοι
1672 4670 1729 4736 ἐι
1760 4659 1808 4714 'D

177 4773 467 4848 κτίσθησαν.
489 4779 547 4831 Ὁ
579 4779 634 4832 δὲ
682 4777 814 4842 Θεὸς
865 4779 922 4832 ἐν
968 4778 1043 4850 τῷ
1076 4777 1422 4850 ὑπεραιωνίῳ
1455 4778 1605 4842 ἐντὸς
1635 4777 1735 4847 τῆς

179 4863 290 4930 ιδίας
318 4871 611 4941 ἁίδιότητος
643 4872 881 4942 ὁρίζεται
901 4872 986 4926 ¹⁷’.

235 4959 348 5030 §ll.
388 4966 498 5018 ’Ἑν
528 4964 616 5028 δὲ,
669 4965 757 5018 ὅτι
803 4964 1021 5021 πάντα.
1078 4965 1256 5018 Πολλὰ
1287 4965 1367 5036 τῷ
1401 4965 1637 5037 ἀριθμῷ,
1674 4965 1732 5025 ἓν

175 5049 222 5102 δὲ
246 5053 318 5123 τῷ
348 5055 493 5122 εἴδει,
540 5056 610 5110 τὰ
655 5057 986 5128 νομίσματα,
1029 5059 1124 5111 καὶ
1156 5059 1223 5112 τὰ
1257 5060 1518 5132 ἀργύρια,
1555 5060 1648 5114 καὶ
1681 5061 1730 5112 οἱ

177 5141 354 5198 ὀϐολοίο
388 5149 448 5202 τὸ
479 5148 589 5221 γὰρ
636 5145 774 5214 εἶδος
807 5150 884 5214 ἓν,
913 5151 944 5221 ἢ
994 5151 1212 5223 χαλκὸς,
1247 5153 1280 5223 ἢ
1315 5154 1532 5225 χρυσὸς,
1568 5154 1599 5224 ἢ
1635 5154 1734 5225 ἄρ·-

178 5251 351 5308 γυροςο
384 5241 446 5294 τὸ
477 5242 535 5294 δὲ
577 5241 744 5295 πολλὰ
789 5244 1254 5315 ταῖςιδυνάμεσιν,
1287 5245 1363 5310 ὡς
1397 5248 1453 5298 αἱ
1489 5246 1638 5308 πόαι,
1674 5245 1733 5298 ἓν

177 5326 224 5381 δὲ
249 5329 319 5401 τῷ
348 5332 471 5386 εῐδει
491 5351 504 5364 ·
548 5335 718 5388 πᾶσαι
769 5335 880 5408 γὰρ
934 5338 1152 5408 χόρτοςο
1210 5338 1272 5391 τὸ
1321 5339 1378 5392 δέ
1411 5338 1580 5392 πολλὰ
1620 5342 1735 5403 τοῖς

179 5419 368 5488 εἴδεσιν,
400 5419 510 5479 οἷον
561 5427 745 5491 ἵππος,
783 5428 926 5499 βοῦς,
962 5430 1270 5502 ἄνθρωπος,
1305 5433 1400 5486 καὶ
1432 5433 1500 5486 τὰ
1533 5432 1724 5503 νοητὰ,

180 5509 227 5564 ἒν
252 5513 302 5566 δὲ
329 5517 404 5587 τῷ
449 5519 618 5586 γένει,
673 5520 754 5574 ὅτι
797 5522 970 5576 ταῦτα
1019 5524 1156 5589 ζῶόν
1202 5527 1340 5579 είσιο
1377 5525 1438 5579 τὸ
1469 5526 1526 5578 δὲ
1560 5525 1731 5578 πολλὰ

251 5670 277 5714 ἀ
297 5674 412 5729 Act.
448 5692 502 5730 ix
527 5715 543 5740 ,
574 5676 663 5730 15.

1907 3643 2256 3712 Di/j’erentias
2304 3643 2682 3713 multiplicant.
2745 3643 2799 3697 Id
2855 3650 2939 3698 est
2993 3643 3180 3712 plures
3231 3650 3420 3698 osten-

1835 3737 2004 3804 dunt;
2038 3744 2302 3807 quantum
2338 3739 2484 3792 enim
2513 3739 2732 3793 diversa
2757 3744 2888 3792 sunt
2911 3751 3034 3804 qua:
3066 3736 3416 3806 participant,

1833 3837 2046 3884 tantum
2070 3829 2237 3887 etiam
2265 3828 2410 3884 dona
2432 3828 2790 3882 multifariam
2816 3834 3101 3897 apparent.

2405 3941 2474 3996 IN
2515 3942 2669 3998 CAP.
2711 3939 2850 3996 Xlll.

1909 4038 1936 4109 §
1973 4038 2015 4093 Ι.
2059 4038 2099 4090 Α
2131 4054 2185 4092 se
2208 4037 2547 4106 uniformiter
2567 4035 2837 4104 deﬁnitus.
2875 4032 3026 4088 Deus.
3047 4031 3131 4085 sui
3155 4030 3328 4100 ipsius
3359 4029 3421 4082 ﬁ—

1837 4132 1926 4187 nis
1956 4139 2009 4187 et
2038 4131 2216 4197 locus,
2248 4130 2494 4200 nihilque
2520 4144 2686 4198 supra
2731 4127 2905 4182 Deum
2938 4123 3254 4181 extenditur
3281 4141 3295 4189 ;
3322 4122 3420 4178 sed

1835 4224 1952 4295 ipse
1984 4223 2198 4278 inﬁnita
2226 4223 2416 4278 deﬁnit
2435 4241 2458 4289 ;-
2476 4236 2602 4275 nam
2630 4219 2830 4274 saacula
2871 4233 2992 4288 quae
3029 4222 3159 4272 sunt
3183 4214 3418 4279 inﬁnita,

1835 4333 1943 4372 non
1983 4318 2128 4372 enim
2171 4314 2465 4370 terminum
2507 4313 2730 4378 habent,
2780 4311 3074 4380 multiplici
3107 4324 3206 4364 sua
3238 4308 3422 4361 inlini-

1835 4415 1946 4464 tate
1977 4408 2383 4478 complectitur,
2416 4413 2475 4461 et
2508 4420 2726 4460 omnem
2764 4404 2933 4458 vitam
2980 4401 3198 4456 termini
3226 4415 3422 4468 exper-

1836 4509 1968 4565 tem,
2002 4501 2146 4556 sicut
2179 4498 2702 4569 inintelligibilibus
2739 4497 2940 4550 habent
2971 4495 3154 4557 linem,
3177 4494 3303 4564 ipse
3338 4492 3425 4546 in-

1838 4592 2022 4655 finita;
2051 4609 2147 4648 seu
2193 4591 2423 4663 angelis,
2459 4607 2572 4645 non
2615 4590 2760 4646 enim
2796 4589 2883 4643 his
2917 4587 3246 4642 terminatur
3285 4586 3420 4650 vita,
3454 4584 3471 4596 ‘

1837 4684 2296 4756 quemadmodum
2329 4685 2385 4738 in
2414 4682 2749 4747 hominibus,
2782 4680 3236 4737 sedimmortales
3269 4694 3427 4734 crea-

1837 4780 1878 4833 ti
1900 4786 2049 4835 sunt.
2082 4778 2230 4834 Deus
2255 4793 2385 4834 vero
2432 4777 2488 4832 in
2531 4783 2900 4846 supermterna
2947 4774 3170 4847 propr-ia
3201 4773 3425 4829 acterni-
3464 4754 3474 4766 ’

1837 4879 1947 4926 tate
1977 4872 2329 4926 terminatur.

1908 4964 1935 5035 §
1973 4963 2040 5020 ll.
2070 4963 2242 5018 Unum
2273 4975 2470 5030 autem,
2493 4963 2620 5035 quia
2641 4971 2718 5018 est
2742 4961 2940 5016 omnia.
2969 4960 3137 5014 Multa
3167 4970 3418 5018 numero,

1837 5075 2007 5112 unum
2021 5075 2150 5114 vero
2161 5059 2362 5130 specie,
2380 5059 2728 5118 nuuiismata,
2744 5056 2977 5124 pecunia
2993 5061 3046 5108 et
3058 5051 3231 5116 oboli;
3252 5063 3421 5102 unum

1838 5151 1983 5205 enim
2010 5151 2215 5220 specie,
2234 5158 2329 5204 aut
2353 5165 2448 5213 ses,
2476 5156 2571 5202 aut
2591 5163 2811 5213 aurum,
2833 5154 2929 5201 aut
2951 5152 3233 5216 argentum
3253 5157 3269 5202 ;
3303 5140 3420 5194 vir-

1838 5251 1952 5297 tute
1977 5252 2156 5298 autem
2179 5243 2369 5306 multa,
2403 5249 2462 5297 ut
2487 5242 2690 5307 herbae,
2721 5241 2818 5296 sed
2846 5254 3014 5295 unum
3051 5233 3252 5306 specie,
3288 5246 3418 5286 nam

1836 5354 2027 5394 omnes
2046 5337 2228 5392 fenum
2252 5356 2264 5390 :
2300 5337 2472 5391 multa
2492 5351 2620 5392 vero
2640 5335 2949 5406 speciebus,
2982 5336 3040 5383 ut
3066 5341 3260 5398 equus,
3292 5325 3417 5388 bos,

1835 5433 2022 5496 homo,
2053 5437 2109 5485 et
2137 5429 2524 5500 intelligibilia,
2561 5444 2656 5484 seu
2706 5425 2919 5497 angeli;
2953 5434 3120 5476 unum
3154 5431 3286 5472 vero
3319 5432 3421 5487 ge-

1836 5539 1984 5588 nere,
2008 5523 2136 5593 quia
2167 5523 2284 5577 haec
2315 5528 2445 5578 sunt
2478 5520 2715 5582 animal;
2751 5515 2921 5571 multa
2953 5519 3134 5567 autem
3166 5522 3424 5582 progress

1082 5831 1319 5886 VAle
1355 5831 1742 5892 LECTIONES
1777 5831 1864 5890 ET
1906 5830 2434 5888 ίὛηῖΙὶΕϐἹΊΟΝΕς

242 5962 279 5996 ⁸⁴¹
305 5981 389 6038 γρ.
417 5966 738 6040 θεωρητέον.
825 5969 890 6040 ιζ’
927 5987 1016 6042 γρ.
1044 5967 1234 6041 ὁρίζει.
