3882 6588
378 6073 413 6102 ν(

475 461 583 526 to?

1272 463 1609 520 APPENDIX
1645 464 1734 519 AD
1765 462 1995 520 OPEBA
2030 465 2086 522 S.
2124 462 2424 522 DIONYSII
2460 463 2943 522 ABEOPAGlT/E.

3624 464 3730 522 408

477 589 729 643 sionibus
777 584 984 638 scilicet
1015 589 1044 638 a
1076 582 1205 645 Deo,
1237 592 1524 650 creaturae,
1557 583 1653 639 sed
1691 593 1860 638 unum
1893 583 2042 655 prin-

2153 587 2272 648 ταῖς
2333 575 2597 655 προόδοις,
2663 579 2720 636 αἱ
2777 581 3152 654 δημιουργίαι,
3197 578 3255 632 ἓν
3299 579 3356 634 δὲ
3385 580 3457 650 τῇ
3491 577 3664 650 ἅρχῇο
3699 581 3733 635 ὀ.

476 679 643 750 eipio.
676 677 818 733 Deus
844 675 988 731 enim
1024 676 1272 730 omnium
1310 682 1397 732 est
1426 684 1640 732 auctor.

546 769 653 826 Sed
677 768 1117 842 quemadmodum
1135 785 1384 824 numerus
1408 770 1603 826 omnis.
1627 767 1789 840 225
1819 767 2052 825 Pulchre

473 853 812 922 demonstrat
854 861 1001 932 quod
1043 855 1310 928 intendit;
1343 863 1472 918 huic
1518 863 1664 919 enim
1702 863 1891 919 divino
1931 865 2051 921 viro

470 947 673 1030 scopus
694 963 800 1022 est,
833 956 1160 1012 sententiam
1214 971 1370 1011 suam
1412 955 1578 1012 etiam
1614 971 1681 1011 ex
1711 957 1923 1012 ratione
1946 973 2051 1012 nu-

467 1047 719 1104 merandi
768 1047 1117 1104 conﬁrmare.
1164 1045 1308 1102 Dicit
1337 1047 1520 1118 itaque
1550 1048 1755 1102 nullam
1780 1063 1895 1103 rem
1925 1045 2049 1105 esse

468 1142 631 1198 unius
660 1151 962 1213 expertem,
993 1141 1048 1197 id
1076 1150 1160 1196 est
1199 1139 1332 1208 Dei;
1367 1141 1494 1212 quia
1548 1135 1730 1196 omnis
1782 1141 2048 1199 numerus

464 1233 734 1290 unitatem
764 1227 1093 1306 participat;
1121 1248 1247 1288 nam
1289 1233 1337 1288 si
1379 1231 1414 1288 a'
1433 1233 1650 1288 duobus
1680 1235 1805 1304 quis
1827 1234 2049 1306 incepea‘

464 1329 557 1394 rit,
600 1343 766 1383 unam
825 1325 1144 1382 dualitatem
1194 1327 1428 1399 primam
1475 1331 1749 1388 numerat.
1781 1333 1837 1381 et
1855 1342 1921 1382 ex
1952 1329 2047 1384 de-

464 1433 585 1474 cem
616 1418 892 1482 similiter,
926 1416 1161 1488 amplius
1194 1417 1348 1482 dicit,
1375 1415 1521 1488 quod
1562 1417 1669 1474 etsi
1699 1417 1899 1488 aliquis
1928 1419 2046 1489 pri-

462 1524 557 1565 mo
576 1508 846 1580 inceperit
879 1524 910 1563 a
943 1509 1208 1576 minimis,
1256 1515 1508 1564 numerat
1534 1508 1821 1564 dimidium
1850 1525 2043 1576 unum,

463 1607 519 1655 et
549 1615 719 1655 unum
756 1599 999 1668 tertium,
1025 1614 1194 1655 unum
1224 1598 1520 1664 decimum,
1555 1607 1607 1654 et
1645 1598 1722 1652 ita
1755 1599 2046 1669 deinceps;

463 1693 652 1764 itaque
682 1707 790 1748 non
812 1698 905 1750 est
927 1707 1212 1758 numerus,
1258 1692 1350 1763 qui
1383 1707 1492 1746 non
1542 1691 1833 1762 participet
1863 1691 2048 1745 unitao'

464 1792 575 1842 tem
629 1801 728 1842 seu
780 1786 1099 1841 monadem:
1130 1785 1234 1841 etsi
1276 1784 1420 1839 enim
1475 1783 1649 1854 partis
1704 1779 2044 1846 memineris,

463 1877 638 1945 dices,
672 1894 837 1935 unam
867 1877 1173 1943 dimidiam,
1195 1886 1250 1934 et
1270 1893 1434 1933 unam
1489 1878 1729 1940 tertiam,
1763 1892 1929 1932 unam
1951 1877 2047 1932 de-

2152 677 2284 741 Θεὸς
2315 677 2424 748 γὰρ
2455 669 2628 739 αἴτιος
2661 675 2899 730 πάντων.

2234 771 2384 826 Ἀλλ’
2412 761 2616 836 ὥσπερ·
2633 769 2792 836 ἄπας
2819 768 3082 838 ἀριθμός.
3119 764 3316 830 Καλῶς
3347 765 3728 822 ἀποδείκνυσιν

2150 866 2286 936 ὅπερ
2318 862 2410 917 καὶ
2445 861 2715 934 βούλεται.
2764 861 2976 924 Σκοπὸς
3005 858 3117 931 γὰρ
3146 858 3226 930 τῷ
3258 858 3388 930 θείῳ
3419 857 3604 928 τούτῳ
3635 858 3726 910 ἀνά

2147 939 2234 1030 δρὶ
2266 956 2359 1010 καὶ
2391 939 2500 1011 ἀπδ
2537 948 2652 1026 τῆς
2686 953 3058 1026 ἀριθμητικῆς
3104 953 3367 1025 συστῆσαι
3408 950 3480 1006 τὰ
3512 948 3727 1005 ἑαυτοῦ.

2148 1049 2310 1120 Λέγει
2342 1049 2493 1120 γοῦν,
2526 1049 2608 1102 ὅτι
2652 1047 2803 1102 οὐδέν
2848 1049 2965 1100 ἐστι
2997 1047 3107 1101 τῶν
3137 1045 3306 1100 ὄντων
3337 1044 3608 1117 ἀμέτοχον
3638 1041 3728 1096 τοῦ

2149 1137 2293 1207 ἑνὸς,
2320 1139 2571 1197 τουτέστι
2599 1140 2694 1195 τοῦ
2740 1139 2907 1194 Θεοῦ·
2942 1139 3075 1193 διότι
3107 1140 3202 1192 καὶ
3235 1139 3342 1201 πᾶς
3374 1136 3609 1209 ἀριθμὸς
3643 1151 3732 1206 μο-
3840 1211 3841 1216 η

2149 1235 2306 1300 νάδος
2338 1232 2573 1308 μετέχειό
2605 1234 2654 1288 εί
2684 1233 2794 1303 γὰρ
2825 1233 2891 1286 έκ
2933 1231 3043 1285 τῶν
3084 1231 3178 1285 δύο
3218 1230 3443 1302 ἄρξεται
3474 1246 3582 1293 τις,
3608 1228 3729 1300 μίαν

2147 1327 2312 1382 δυάδα
2345 1325 2568 1399 πρώτην
2613 1325 2856 1401 ἀριθμεῖ,
2891 1325 2984 1379 καὶ
3019 1325 3083 1377 ὲκ
3113 1322 3222 1377 τῶν
3253 1322 3385 1378 δέκα
3416 1321 3641 1392 ὁμοίως,
3673 1321 3730 1373 τὸ

2149 1419 2310 1474 πλέον
2343 1419 2528 1490 φησιν,
2574 1420 2656 1474 ὃτι
2696 1417 2798 1472 κᾶν
2847 1419 2912 1496 ὲκ
2946 1417 3057 1472 τῶν
3087 1415 3396 1488 λεγομένων
3432 1413 3728 1481 πολλοστη-

2151 1515 2356 1589 μορίων
2388 1513 2622 1587 ἄρξηταί
2649 1529 2735 1578 τις
2767 1510 3004 1583 πρῶτον,
3051 1510 3275 1584 ἀριθμεῖ
3317 1509 3491 1580 ἣμισυ
3527 1506 3609 1570 ἓν,
3643 1505 3730 1558 καὶ

2145 1607 2327 1680 τρίτον
2361 1605 2451 1674 ἓν,
2484 1606 2710 1660 δέκατον
2746 1602 2824 1669 ἐν,
2872 1603 2966 1658 καὶ
3013 1602 3185 1666 οὕτως
3217 1599 3436 1671 ἑφεξῆς,
3475 1598 3623 1652 ὥστε
3661 1596 3729 1669 μὴ

2147 1699 2285 1757 εἶναι
2318 1699 2546 1773 ἀριθμὸν
2583 1697 2658 1771 μὴ
2693 1697 2987 1769 μετέχοντα
3032 1695 3126 1749 τοῦ
3171 1694 3308 1758 ἑνὸς,
3343 1694 3463 1764 ἦτοι
3497 1691 3604 1762 τῆς
3639 1707 3729 1760 μο-

2146 1791 2334 1856 νάδοςο
2370 1790 2474 1846 κᾶν
2504 1788 2614 1861 γὰρ
2650 1787 2839 1860 μορίου
2873 1783 3233 1857 ὲπιμνησθῇς,
3270 1786 3415 1856 ἐρεῖς
3447 1776 3623 1853 ἥμισυ
3656 1779 3728 1846 ἓν,

2149 1885 2245 1940 καὶ
2276 1883 2456 1954 τρίτον
2489 1882 2567 1946 ἓν,
2603 1881 2697 1935 καὶ
2741 1879 2966 1933 δέκατον
3011 1877 3090 1941 ἓν,
3125 1876 3218 1930 καὶ
3253 1873 3488 1945 ἐφεξῆςο
3527 1873 3625 1926 καὶ
3655 1874 3729 1925 ὅτι

463 1942 686 2036 clmam,
720 1979 774 2027 et
820 1971 1108 2041 deinceps:
1150 1978 1315 2043 atque
1373 1985 1540 2026 unam
1600 1970 1940 2036 dualitatem,
1995 1976 2042 2026 et

2154 1975 2252 2047 μία
2281 1942 2431 2038 δυάς,
2467 1942 2563 2028 και
2596 1971 2696 2045 μία
2730 1969 2895 2034 δεκὰς
2924 1969 3164 2039 λέγεται,
3196 1967 3272 2032 ὠς
3297 1942 3650 2020 ’καὶ-τούτων
3677 1963 3730 2028 ἐξ

463 2059 630 2117 unam
664 2050 928 2119 decadem
979 2063 1122 2130 dici,‘
1149 2063 1296 2135 quod
1347 2066 1513 2120 etiam
1549 2065 1634 2121 hae
1673 2081 1743 2122 ex
1777 2081 1842 2121 ea
1899 2081 2049 2122 com-

461 2155 740 2226 pleantu‘r.

540 2245 717 2301 Unum
759 2247 896 2301 illud
936 2248 1078 2318 quod
1116 2263 1194 2304 est
1231 2251 1470 2305 omnium
1503 2269 1690 2308 causa.
1726 2253 2049 2312 Manifestus

460 2347 546 2396 est
571 2353 793 2410 scopus,
821 2335 1082 2396 nimirum
1115 2343 1350 2413 probare
1373 2343 1548 2400 Deum
1575 2344 1685 2401 dici
1720 2362 1911 2413 unum,
1938 2362 2049 2403 non

461 2432 716 2488 similiter
767 2447 832 2488 ac
861 2440 1059 2490 caetera
1114 2451 1238 2506 quae
1267 2447 1650 2493 numerantur.
1705 2435 1849 2495 Deus
1901 2441 2048 2495 enim

458 2537 630 2578 unum
663 2531 770 2591 est,
802 2517 1079 2596 quatenus
1129 2527 1364 2598 simplex
1413 2535 1468 2584 et
1520 2528 1857 2596 individuus,
1885 2538 2049 2602 atque

459 2613 781 2670 differentia:
810 2617 1082 2688 specilicze
1102 2633 1319 2688 expers,
1346 2620 1697 2692 omniumque
1727 2623 2047 2693 passionum

460 2715 517 2762 et
548 2706 920 2762 accidentium
967 2701 1216 2777 alienus;
1248 2710 1454 2766 dicitur
1489 2713 1653 2768 etiam
1690 2729 1885 2783 unum,
1915 2715 2047 2770 dum

457 2805 723 2869 tanquam
740 2800 1072 2873 principium
1086 2802 1306 2874 aliquod
1321 2810 1374 2859 et
1388 2804 1716 2862 elementum
1733 2799 2046 2864 futurorum

457 2889 807 2963 intelligitur.
832 2891 903 2947 At
925 2892 1094 2959 idem,
1129 2901 1224 2948 aut
1251 2895 1551 2962 diversum,
1590 2906 1686 2952 aut
1707 2899 1919 2970 majus,
1951 2906 2046 2954 aut

457 2985 662 3050 minus,
692 2985 920 3056 insuper
939 2985 1102 3041 etiam
1124 2988 1396 3058 integrum
1418 2989 1844 3047 autredundans
1858 2999 1953 3046 aut
1972 2994 2048 3047 εεέ

457 3076 619 3145 quale
657 3083 753 3134 aut
782 3076 1072 3146 inaequale,
1096 3077 1244 3148 quod
1266 3078 1323 3133 in
1349 3080 1596 3136 numeris
1634 3078 2043 3149 consideratur,

456 3167 647 3224 nullus
685 3184 812 3224 cum
859 3170 1077 3226 ratione
1121 3171 1180 3225 in
1241 3170 1571 3242 principium
1618 3170 1963 3242 transferat,3
1981 3183 2044 3228 ea

2151 2064 2322 2139 αὐτῆς
2355 2064 2574 2138 συμπλη
2584 2081 2674 2138 ρου
2683 2063 2881 2136 μένων.

2226 2247 2297 2304 Τὸ
2328 2245 2570 2303 πάντων
2609 2245 2804 2301 αἴτιον
2843 2241 2932 2299 ἓν.
2975 2241 3034 2295 Ὀ
3079 2239 3278 2304 σκοπὸς
3315 2239 3479 2310 δῆλος
3499 2275 3516 2305 ,
3553 2227 3638 2292 ὅτι
3677 2235 3729 2290 ἒν

2146 2342 2439 2416 λεγόμενος
2463 2340 2496 2394 ὀ
2523 2339 2675 2405 Θεὸς,
2701 2339 2801 2409 οὐχ
2824 2335 3028 2408 ὁμοίως
3061 2336 3174 2397 τοῖς
3203 2328 3534 2405 amomum,-
3563 2330 3622 2384 ἓν
3650 2329 3728 2383 λέ-

2147 2451 2324 2508 γεται·
2365 2435 2394 2488 ό
2422 2434 2520 2506 μὲν
2550 2431 2660 2505 γὰρ
2691 2429 2823 2493 Θεὸς
2857 2428 2917 2482 ἓν
2945 2423 3061 2480 εστι
3081 2465 3096 2492 ,
3129 2423 3264 2480 καθὸ
3310 2424 3518 2488 ἁπλοῦς
3545 2421 3610 2477 τε
3645 2421 3730 2476 καὶ

2147 2529 2388 2602 ἀμερὴς,
2421 2525 2518 2582 καὶ
2563 2526 2663 2597 τῆς
2704 2517 2829 2578 κατ’
2858 2516 2997 2585 εἶδος
3037 2521 3299 2592 διαφορᾶς
3341 2521 3613 2592 ἄμοιρος,
3647 2516 3730 2571 καὶ

2147 2625 2367 2680 πάντων
2419 2619 2760 2694 παθημάτων
2807 2617 2903 2672 καὶ
2949 2615 3371 2688 συμϐεϐηκότων
3427 2612 3727 2683 ἀλλότριος·

2147 2701 2364 2790 λέγεται
2409 2718 2505 2771 καὶ
2548 2715 2635 2780 ἓν,
2683 2714 2826 2787 ἀρχή
2847 2729 2933 2776 τις
2975 2707 3165 2782 ὥσπερ
3201 2709 3296 2764 καὶ
3325 2709 3594 2779 στοιχεῖον
3631 2703 3728 2758 τῶν

2148 2809 2422 2882 ἐσομένων
2453 2806 2760 2877 νοούμενος.
2793 2804 2868 2857 Τὸ
2904 2804 2962 2857 δὲ
3001 2797 3217 2867 ταύτὸν,
3249 2800 3282 2872 ἢ
3311 2791 3525 2870 ἕτερον,
3561 2798 3597 2870 ἢ
3629 2799 3732 2869 μεῖ-

2147 2901 2259 2970 ξον,
2303 2901 2338 2973 ἢ
2384 2900 2623 2964 ἔλαττον,
2665 2895 2834 2952 ἔτιδὲ
2874 2895 3060 2968 ἄρτιον
3099 2894 3136 2965 ἢ
3176 2891 3452 2963 περιττὸν,
3492 2887 3528 2961 ἢ
3565 2885 3729 2960 ῐσονῆ

2146 2999 2350 3063 ἄνισον,
2381 2995 2520 3066 ὅπερ
2543 2995 2601 3047 έν
2629 2994 2743 3056 τοῖς
2771 2989 3026 3063 ἀριθμοῖς
3066 2987 3374 3058 θεωρεῖται,
3409 2984 3515 3038 οὐκ
3547 2981 3616 3039 ἄν
3654 2997 3730 3046 τις

2146 3089 2382 3158 εὐλόγως
2409 3087 2502 3140 ἐπὶ
2526 3083 2623 3156 τὴν
2654 3081 2830 3156 ἀρχὴν
2869 3074 3152 3151 ἀναφέροι,
3175 3077 3349 3151 ἀρχὴν
3383 3073 3527 3132 αὐτὰ
3558 3073 3730 3130 ποιού-

2149 3183 2336 3254 μενος·
2379 3179 2450 3232 τὰ
2496 3176 2606 3249 γὰρ
2649 3175 2875 3229 τοιαῦτα
2921 3172 3069 3243 πάθη
3113 3172 3209 3226 καὶ
3247 3168 3638 3242 συμϐεϐηκότα
3677 3167 3732 3232 ἐξ

458 3257 794 3330 principium
809 3262 1158 3317 constituens
1175 3280 1189 3316 :
1205 3263 1338 3318 talia
1367 3264 1513 3318 enim
1534 3265 1848 3334 passiones,
1867 3272 1923 3321 et
1951 3279 2042 3321 ac-

2153 3273 2392 3344 άνάγκης
2427 3270 2553 3324 εἰσί.
2600 3268 2726 3323 Τῶν
2771 3267 2869 3339 μὲν
2902 3261 2996 3320 οὖν
3030 3269 3089 3319 ὲν
3129 3258 3384 3337 ἀριθμοῖς
3421 3261 3728 3334 διαιρέσεων

459 3349 700 3406 cidentia
729 3353 1047 3410 necessario
1075 3362 1227 3411 sunt.
1257 3355 1446 3426 Itaque
1473 3358 1532 3412 in
1557 3358 1803 3415 numeris
1825 3358 2046 3415 ﬁnisdi-

457 3439 735 3498 visionum
759 3444 814 3500 in
829 3446 1240 3503 multitudinem
1254 3447 1321 3502 ad
1337 3449 1601 3506 unitatem
1621 3449 1900 3506 reducitur
1921 3451 2046 3520 ;sed

459 3535 790 3607 principium
835 3539 908 3606 in,
947 3554 1278 3612 unoquoque
1327 3548 1534 3612 genere
1577 3542 2045 3614 simplicissimum

455 3634 577 3691 est;
601 3643 732 3701 ergo
752 3627 918 3686 etiam
949 3632 1006 3687 in
1039 3633 1108 3690 iis
1129 3636 1250 3704 qua;
1274 3643 1422 3699 sunt,
1462 3627 1578 3693 Sive
1602 3645 1771 3691 unum
1800 3636 1872 3693 sit
1898 3637 2044 3692 mul-

455 3727 538 3786 ta,
567 3721 684 3777 sive
731 3725 900 3778 multa
948 3727 1061 3782 sint
1103 3742 1298 3794 unum,
1350 3729 1680 3801 principium
1725 3731 1947 3802 aliquod
1990 3740 2044 3789 et

456 3813 790 3870 elementum
822 3817 1297 3889 simplicissimum
1339 3831 1454 3887 est,
1489 3829 1544 3878 et
1590 3839 1762 3880 unum
1795 3825 2042 3880 omnium

455 3920 675 3976 expers,
725 3925 793 3965 ex
841 3926 972 3982 quo,
1018 3921 1285 3985 tanquam
1334 3930 1403 3972 ex
1450 3917 1748 3988 exemplari
1796 3924 1852 3973 et
1895 3917 2041 3985 idea,

456 4011 629 4052 unum
659 4000 794 4056 illud
823 4005 970 4073 quod
1003 4006 1062 4064 in
1086 4007 1155 4064 iis
1177 4019 1300 4079 qua!
1330 4017 1482 4075 sunt,
1512 4009 1772 4065 nimirum
1817 4012 1922 4067 etsi
1952 4012 2042 4066 lu-

454 4105 582 4154 men
615 4095 877 4156 sensibile
906 4099 1081 4156 multa
1113 4100 1186 4157 sit
1217 4102 1500 4172 partibus,
1533 4118 1632 4174 pro
1655 4104 1831 4161 stellis
1863 4104 2043 4160 omni~

455 4180 584 4250 bus,
617 4187 765 4256 quod
811 4197 1055 4247 attamen
1096 4200 1272 4248 totum
1309 4194 1366 4250 in
1412 4211 1584 4250 unum
1631 4197 1928 4267 colligitur,
1957 4207 2044 4254 est

455 4290 630 4330 unum
665 4279 849 4338 lumen
899 4289 956 4338 et
996 4285 1172 4342 multa
1223 4287 1624 4357 accidentibus,
1669 4290 1840 4344 veluti
1871 4305 2041 4360 pavo;

456 4364 625 4423 habet
652 4372 799 4427 enim
842 4389 1011 4432 aurea
1031 4417 1046 4440 ,
1081 4385 1137 4434 et
1181 4381 1413 4436 caerulea
1433 4420 1448 4446 ,
1481 4389 1536 4438 et
1566 4382 1688 4438 alba
1711 4426 1725 4450 ,
1757 4399 1930 4438 unum
1959 4391 2045 4440 est

455 4461 706 4532 subjecto
737 4481 1006 4538 corpore:
1040 4471 1114 4528 ita
1142 4481 1198 4528 et
1227 4473 1295 4529 de
1321 4475 1536 4532 caeteris
1559 4475 1933 4548 cogitandum.

531 4552 716 4625 Neque
753 4560 894 4614 enim
943 4571 1022 4617 est
1065 4565 1376 4622 multitudo.
1411 4566 1529 4623 Hoc
1580 4569 1704 4623 loco
1749 4585 1816 4624 ex
1849 4585 2043 4626 nume-

2145 3368 2226 3431 εἰς
2253 3363 2456 3436 πλῆθος
2483 3362 2546 3416 τὸ
2571 3361 2747 3434 πέρας
2773 3361 2854 3423 είς
2900 3357 3104 3430 μονάδα
3131 3356 3412 3426 ἀνάγεται·
3443 3357 3482 3426 ὴ
3509 3354 3569 3407 δὲ
3598 3350 3728 3425 ἀρχὴ

2146 3461 2204 3514 ὲν
2234 3459 2450 3529 ἑκάστῳ
2481 3455 2631 3526 γένει
2658 3446 3030 3508 ἁπλούστατόν
3055 3449 3204 3505 ἐστι·
3233 3449 3330 3503 καὶ
3354 3451 3415 3503 έν
3443 3450 3562 3512 τοῖς
3592 3443 3727 3500 οὖσιν

2145 3549 2258 3621 οὖν,
2292 3550 2403 3605 εττε
2424 3550 2486 3604 τὸ
2517 3541 2575 3602 εν
2618 3545 2792 3603 πολλά
2819 3547 2989 3610 ἐστιν,
3021 3541 3134 3597 εἴτε
3160 3541 3230 3596 τά
3264 3539 3437 3596 πολλὰ
3469 3539 3565 3606 ἓνὸ
3598 3537 3725 3609 ἀρχή

2144 3661 2230 3710 τις
2262 3644 2358 3699 καὶ⁵
2403 3633 2667 3714 στοιχεῖον
2693 3635 2756 3693 τὸ
2789 3631 3162 3694 άπλούπατόν
3199 3636 3337 3700 ἐστι,
3386 3634 3486 3688 καὶ
3519 3631 3726 3686 πάντων

2145 3739 2412 3811 ἀμέτοχον
2465 3736 2545 3799 ἓν,
2580 3733 2641 3800 ἐξ
2685 3729 2770 3798 οὗ,
2819 3730 3010 3803 ὥσπερ
3053 3729 3120 3784 ὲκ
3163 3726 3610 3801 παραδείγματος
3647 3724 3724 3776 καί

2149 3832 2293 3896 ἰδέας
2335 3832 2431 3884 καὶ
2475 3827 2538 3881 τὸ
2570 3830 2630 3881 ὲν
2672 3828 2786 3890 τοῖς
2827 3819 2978 3878 οὖσιν
3006 3822 3087 3888 έν,
3118 3817 3231 3876 οἷον
3267 3819 3372 3875 κᾶν
3392 3819 3457 3873 τὸ
3478 3817 3724 3889 αἰσθητὸν

2145 3925 2263 3995 φῶς
2286 3920 2458 3977 πολλὰ
2487 3915 2522 3995 ᾖ
2548 3921 2662 3984 τοῖς
2692 3918 2936 3990 μέρεσιν,
2961 3916 3084 3970 ἀντὶ
3111 3913 3207 3968 τοῦ
3229 3917 3343 3977 τοῖς
3371 3912 3598 3984 ἄστροις
3628 3911 3722 3963 πεί-

2146 4037 2251 4088 σιν,
2274 4017 2390 4074 ἀλλ’
2415 4016 2536 4072 ὅλον
2568 4015 2984 4086 συλλεγόμενον,
3025 4009 3085 4066 ἓν
3115 4009 3232 4080 φῶς
3273 4011 3412 4064 ἐστι·
3437 4008 3536 4061 καὶ
3565 4002 3721 4062 πολλὰ

2141 4117 2256 4180 τοῖς
2286 4110 2708 4185 συμϐεϐηκόσιν,
2738 4104 2848 4162 οἷον
2877 4109 2905 4162 ὁ
2934 4104 3098 4169 ταώςο
3136 4103 3247 4174 ἔχει
3285 4101 3396 4174 γὰρ
3424 4100 3523 4154 καὶ
3550 4095 3722 4171 χρυσίςι

2144 4207 2326 4272 ζοντα,
2360 4205 2458 4258 καὶ
2488 4203 2732 4267 κυάνεα,
2779 4199 2877 4255 καὶ
2918 4195 3121 4261 λευκά,
3172 4195 3231 4250 έν
3262 4193 3340 4265 τῷ
3387 4189 3721 4262 ὑποκειμένῳ

2146 4297 2360 4371 σώματί
2387 4298 2555 4351 ἐστιν·
2587 4293 2731 4352 οὕτω
2761 4291 2856 4350 καὶ
2879 4289 2950 4347 τὰ
2979 4288 3106 4365 ἑξῆς
3131 4287 3372 4360 νοητέον.

2219 4567 2373 4624 οὺδὲ
2419 4563 2532 4637 γάρ
2575 4563 2710 4618 ἐστι
2760 4557 3018 4629 πλῆθος.
3063 4551 3193 4609 Ὧδε
3245 4553 3308 4619 εξ
3365 4549 3720 4626 ἀριθμητικῆς

455 4645 618 4730 randi
649 4647 879 4707 scientia
911 4654 1114 4710 evincit
1139 4658 1288 4728 quod
1328 4659 1568 4716 dicebat.
1592 4659 1732 4716 Nota
1769 4677 1894 4717 eum
1926 4677 2042 4717 me-

2153 4661 2484 4734 περιγίνεται
2529 4656 2625 4711 τοῦ
2682 4652 2998 4726 λεγομένου.
3057 4647 3371 4720 Σημείωσαι
3418 4645 3479 4698 δὲ
3525 4644 3607 4698 ὅτι
3638 4640 3721 4734 καὶ

455 4739 566 4794 rito
609 4739 794 4800 dicere
833 4743 1006 4802 Deum
1056 4763 1181 4806 esse
1231 4759 1359 4808 ante
1412 4767 1602 4819 unum,
1656 4755 1916 4824 quoniam
1955 4763 2042 4811 εει

452 4833 740 4902 omnium,
772 4853 944 4909 quare
990 4840 1157 4897 etiam
1205 4844 1426 4900 numeri
1498 4853 1837 4908 auctor,‘seu
1883 4847 2040 4904 adin-

450 4935 669 4985 ventor.

523 5019 628 5077 Sed
654 5024 796 5095 quod
823 5024 1030 5096 quidem
1061 5031 1256 5086 multa.
1288 5031 1735 5090 Subaudiendum
1768 5036 1933 5108 226
1952 5044 2038 5091 est

450 5112 506 5168 in
535 5130 872 5190 unoquoque
897 5124 1182 5189 exsistam,
1215 5133 1276 5180 ut
1305 5127 1390 5182 sit-
1403 5127 1528 5184 talis
1559 5127 1834 5184 sententia
1854 5147 1869 5187 :
1889 5128 2037 5199 quod

450 5207 620 5263 multa
651 5218 735 5265 est
775 5213 1057 5284 partibus,
1093 5223 1206 5273 toto
1243 5235 1412 5275 unum
1443 5230 1558 5286 est,
1588 5229 1648 5276 ut
1679 5237 1883 5292 corpus
1904 5261 1919 5287 ,
1955 5223 2036 5276 sic

449 5307 506 5356 ct
535 5303 769 5374 reliqua,
804 5321 977 5364 unum
1020 5319 1151 5366 sunt
1197 5313 1479 5384 subjecto,
1512 5331 1608 5372 seu
1632 5316 1906 5381 essentia;
1939 5314 2037 5370 sed

451 5396 827 5456 accidentibus
852 5403 1046 5469 multa,
1072 5413 1132 5459 ut
1155 5405 1339 5463 homo.
1370 5407 1689 5464 Accidentia
1718 5424 1869 5474 vero,
1898 5424 2045 5479 quae-

450 5486 577 5542 dam
618 5495 978 5563 separabilia,
1013 5506 1074 5552 ut
1128 5498 1342 5565 sedere,
1373 5501 1676 5566 ambulare,
1719 5510 1772 5557 ct
1803 5492 2036 5567 similia;

451 5583 699 5650 quaedam
721 5602 853 5642 vero
886 5589 1308 5661 inseparabilia,
1343 5600 1402 5647 ut
1435 5595 1728 5649 czeruleum
1758 5602 1813 5648 et
1861 5593 2037 5648 adun-

453 5691 576 5729 cum
599 5716 614 5739 ,
646 5686 702 5732 et
730 5680 929 5737 similia
961 5699 974 5734 :
1003 5692 1058 5740 et
1103 5694 1297 5741 contra
1340 5703 1510 5742 unum
1561 5687 1783 5759 quidem
1831 5686 2034 5760 specie,

2148 4730 2255 4827 πρδ
2288 4753 2382 4806 τοῦ
2424 4752 2562 4818 ἐνὸς
2599 4749 2746 4819 λέγει
2779 4742 2917 4800 εἶναι
2951 4743 3046 4798 τὸν
3082 4740 3215 4795 Θεὸν
3255 4737 3505 4802 εἰκότως,
3548 4730 3720 4827 ἐπειδὴ

2149 4825 2365 4900 πάντων
2394 4842 2662 4915 ὑπάρχει,
2691 4839 2815 4894 ὃθεν
2849 4837 2944 4891 καὶ
2971 4832 3069 4888 τοῦ
3104 4829 3340 4905 ἀριθμοῦ
3367 4825 3717 4906 δημιουργὸς,

2147 4942 2265 5013 ἦτοι
2297 4936 2596 5009 έφευρέτης
2621 4932 2786 4989 ἐστίν.

2229 5030 2406 5087 Ἀλλὰ
2434 5027 2502 5082 τὸ
2523 5027 2641 5098 μὲν
2667 5023 2888 5080 πολλὰ.
2923 5014 3446 5094 Προσυπακουστέον
3491 5016 3576 5085 ἐφ’
3604 5010 3719 5066 ἐκά-

2147 5142 2274 5183 στου
2309 5123 2512 5177 τούτων
2543 5120 2604 5174 τὸ
2618 5117 2914 5186 ὑπάρχον,
2945 5115 3032 5168 ἵνα
3137 5112 3198 5165 τὸ
3229 5109 3522 5181 λεγόμενον
3554 5104 3716 5159 τοιοῦ-

2143 5237 2257 5281 τον,
2300 5217 2363 5269 τὸ
2405 5214 2650 5286 ὑπάρχον
2688 5214 2802 5274 τοῖς
2841 5209 3029 5281 μέρεσι
3064 5204 3236 5259 πολλὰ
3266 5204 3326 5258 ἓν
3357 5205 3477 5258 ἑστι
3503 5200 3581 5271 τῷ
3600 5198 3715 5267 ὅλῳ,

2143 5309 2255 5367 οἷον
2278 5311 2341 5364 τὸ
2371 5309 2550 5380 σῶμα,
2575 5307 2717 5359 οὕτω
2741 5306 2836 5360 καὶ
2870 5303 2939 5357 τὰ
2976 5298 3138 5355 λοιπὰ
3167 5299 3225 5352 ἓν
3268 5295 3347 5373 τῷ
3385 5292 3716 5365 ὑποκειμένῳ

2142 5406 2290 5460 ἐστὶν
2329 5404 2450 5476 ἦτοι
2497 5400 2672 5473 οὐσίᾳ·
2724 5397 2860 5453 ἀλλὰ
2908 5393 3081 5449 πολλὰ
3127 5394 3242 5456 τοῖς
3297 5387 3712 5462 συμϐεϐηκόσιν,

2140 5494 2251 5554 οἷον
2279 5499 2308 5550 ὁ
2336 5495 2644 5567 άνθρωποςι
2689 5489 3079 5565 Συμὸεὸηκότα
3117 5487 3177 5541 δὲ
3215 5483 3284 5538 τὰ
3317 5486 3416 5556 μὲν
3462 5477 3710 5554 χωριστὰ,

2142 5593 2219 5655 ὼς
2257 5591 2319 5644 τὸ
2347 5586 2702 5652 καθέζεσθαι,
2740 5585 3082 5658 περιπατεῖν,
3125 5579 3221 5634 καὶ
3267 5578 3337 5632 τὰ
3373 5580 3538 5649 ὅμοια
3567 5575 3626 5608 ’⁸ο
3653 5570 3712 5626 τὰ

2143 5685 2202 5739 δὲ
2225 5683 2526 5755 ἀχώριστα,
2547 5679 2622 5743 ὡς
2647 5680 2709 5732 τὸ
2727 5676 2982 5749 γλαυκὸν,
3007 5673 3040 5746 ἢ
3061 5667 3292 5744 γρυπὸν,
3324 5671 3422 5724 καὶ
3448 5668 3520 5724 τά
3546 5669 3712 5741 δμοιιν

1379 5843 1616 5903 vitam
1657 5819 2044 5904 moriones
2071 5844 2160 5902 ET
2199 5835 2753 5901 CORRECTIONES.

525 5968 566 6043 έθ
600 5985 689 6042 γρ.
716 5973 956 6027 τοιαῦτα.
