3882 6532
138 466 206 526 £09
835 474 893 529 S.
938 474 1189 532 MAXIM!
1226 477 1523 535 SCHOLIA
1561 476 1627 532 ΙΝ
1668 477 1798 536 blB.
1834 477 1922 533 DE
1958 478 2216 536 DlVlNlS
2247 479 2646 538 NOMINIBUS.

3241 485 3302 542 41
3312 485 3354 542 0-

135 588 194 641 κιὶ
224 585 374 646 πάλιν
396 627 412 652 ,
449 588 510 643 ἓν
542 591 642 662 μὲν
669 588 827 657 εἶδος,
857 595 1053 659 ἵππος,
1083 596 1116 667 ἢ
1149 595 1304 667 βοῦς,
1337 596 1472 652 ἀλλὰ
1510 597 1646 651 τοῢτι

1768 605 2086 668 equus,.aut
2121 599 2242 665 bos,
2274 600 2369 655 sed
2400 599 2504 654 hoc
2552 598 2721 654 multa
2751 607 2835 654 est
2874 615 3105 656 numero
3141 615 3154 652 :
3186 603 3345 659 multi

131 679 252 732 πολλά
290 680 533 753 ὑπάρχει
577 684 655 756 τῷ
695 685 941 758 ἀριθμῷο
991 687 1175 741 πολλοὶ
1215 688 1325 761 γὰρ
1354 690 1536 754 ἵπποι,
1568 690 1664 744 καὶ

131 773 264 826 πολλοὶ
291 773 432 844 βόες.
480 775 644 832 Ἀλλὰ
674 779 768 831 καὶ
803 782 924 843 ταῖς
951 779 1214 851 δυνάμεσι
1255 785 1375 846 ταῖς
1409 785 1664 852 φυσικαῖς

129 864 252 920 πολλὰ
293 867 558 940 ὑπάρχει·
606 869 701 923 καὶ
748 866 906 934 αὖθις
934 871 1005 925 τὰ
1054 871 1228 926 πολλὰ
1253 874 1367 946 εἴδη
1387 914 1402 938 ,
1433 869 1544 928 οἷον
1570 873 1664 928 άν-

129 957 312 1029 θρωπος,
332 959 528 1025 ἵππος,
559 961 725 1027 κύων,
759 962 949 1016 καὶτὰ
975 963 1130 1028 ἀλλα,
1168 963 1227 1018 ἓν
1256 966 1363 1022 εἰσι
1393 964 1473 1037 τῷ
1493 964 1658 1033 γένει·

123 1048 221 1116 ζῶον
250 1051 351 1124 γὰρ
372 1052 586 1107 τούτων
614 1055 860 1109 ἕκαστον·
903 1054 1046 1110 οὕτω
1082 1055 1224 1126 γοῦν
1261 1057 1355 1112 καὶ
1393 1057 1454 1111 τὸ
1492 1055 1662 1111 πολλά

125 1142 314 1213 ὑπάρχον
347 1146 476 1208 ταῖς
526 1143 809 1216 περιόδοις,
846 1146 1011 1216 ἤγουν
1055 1149 1166 1210 τοῖς
1197 1146 1591 1219 βουλεύμασιν,
1624 1145 1659 1220 ἢ

122 1235 301 1299 καὶτοῖς
324 1234 536 1307 ἔργοις,
567 1236 627 1292 ἓν
651 1239 757 1290 εἰσι
784 1240 848 1308 τῇ
881 1238 1046 1310 ἀρχῇ.

166 1325 266 1397 δη.
295 1326 506 1382 Πάντα
534 1329 631 1384 καὶ
661 1328 776 1382 ὅλα
809 1328 1037 1383 mina.-
1060 1330 1246 1387 Πάντα
1270 1330 1506 1401 λέγεται,
1531 1329 1659 1385 ὅταν

118 1415 230 1487 εἴδη,
262 1419 350 1471 καὶ
386 1419 534 1491 μέρη
556 1461 571 1487 ,
612 1421 706 1474 καὶ¹
753 1421 1006 1492 διαφοραὶ
1047 1422 1106 1480 ὲν
1157 1423 1280 1485 ταῖς
1329 1421 1657 1500 διαιρέσεσιν

117 1509 224 1568 ὦσιν·
258 1515 373 1568 ὅλον
402 1515 486 1581 δὲ,
514 1516 644 1570 ὅταν
674 1515 743 1570 τὰ
775 1518 914 1589 μέρη
955 1515 1321 1588 συλλεγόμενα
1349 1515 1407 1569 ἓν
1431 1515 1655 1588 ὁλόκλη-

116 1622 176 1677 ρον
205 1605 558 1672 ἀποτελῶσιν,
587 1607 622 1679 ἡ
663 1607 731 1661 τὰ
761 1607 876 1679 εἴδη
913 1607 971 1661 ἓν
1003 1607 1180 1677 γένος,
1224 1603 1256 1678 ἢ
1287 1607 1382 1661 καὶ
1405 1606 1477 1667 τὰ,
1500 1607 1655 1663 ὲναν-

113 1698 170 1750 tia
191 1698 278 1778 nat
307 1698 667 1770 ἀντικείμενα
710 1701 792 1762 εἰς
835 1699 1136 1771 σύμπνοιαν
1181 1700 1276 1754 καὶ
1307 1700 1654 1772 συμπάθειαν

112 1788 327 1863 ἡσυχάζῃ,
373 1789 456 1854 ὡς
487 1789 634 1861 ὓδωρ
661 1791 819 1861 ὁμοῦ,
859 1792 953 1845 καὶ
998 1792 1110 1862 γῆ,
1140 1790 1234 1846 καὶ
1279 1791 1418 1864 ἀὴρ,
1463 1792 1558 1851 καὶ
1584 1792 1656 1852 τά

111 1881 282 1952 mser,
310 1881 526 1954 ἄστρα,
557 1881 651 1936 καὶ
684 1881 934 1954 οὐρανόςο
967 1881 1183 1951 λέγεται
1216 1881 1326 1956 γὰρ
1349 1883 1447 1937 ὅλα
1479 1881 1656 1944 ταῦτα

110 1975 281 2044 κόσμος.

151 2067 239 2120 Καὶ
262 2066 408 2122 ἄνευ
446 2067 570 2139 μὲν
596 2068 704 2124 τοῦ
739 2069 896 2136 ἑνός.
938 2068 1157 2141 Ἐπειδὴ
1184 2069 1246 2124 τὸ
1270 2069 1328 2124 ἓν
1354 2068 1503 2123 δοκεῖ
1535 2085 1651 2133 πως

105 2149 204 2228 ἔχειν
229 2160 406 2232 σχέσιν
442 2161 583 2232 πρὸς
603 2161 856 2234 ἀριθμὸν,
879 2161 1011 2216 ἄνευ
1042 2162 1161 2227 ἑνὸς
1181 2163 1282 2216 οὐκ
1307 2161 1374 2216 ἂν
1397 2161 1486 2234 εἴη
1512 2161 1649 2233 πλῆ-

105 2249 181 2315 eo;
215 2252 461 2317 σύνθεσις
490 2253 603 2325 γὰρ
642 2253 868 2325 μονάδος
900 2255 1040 2308 εἰσὶν
1086 2244 1262 2319 οἱέῑς
1293 2253 1496 2324 πλῆθος
1524 2255 1649 2326 ἀριε

103 2341 188 2412 θμοὶ
210 2384 224 2410 ,
264 2345 402 2418 ὅπερ
448 2341 607 2400 εἶπεν
649 2347 761 2401 ἀνω
781 2386 795 2412 ,
841 2345 930 2401 ὅτι
979 2344 1569 2406 πολλαπλασιὰζεται
1616 2349 1650 2400 ό

102 2436 222 2502 Θεὸς,
251 2438 324 2502 ὡς
366 2439 484 2492 ἀπὸ
530 2438 904 2511 ἀριθμητικῆς
930 2438 1241 2512 νοούμενος.
1277 2439 1352 2492 Τὸ
1384 2437 1443 2492 δὲ
1474 2437 1532 2493 ἒν
1556 2437 1650 2497 καὶ

99 2530 181 2583 καθ’
204 2531 355 2585 ἑαυτὸ
385 2533 673 2604 ὑφέστηκε
697 2533 792 2586 καὶ
821 2531 958 2590 ἐστι.

140 2625 229 2678 Καὶ
270 2627 320 2679 ei
349 2623 510 2681 πᾶσι
539 2625 612 2680 τὰ
655 2624 870 2680 πάντα.
905 2625 978 2679 Τὸ
1005 2623 1295 2681 ὺποθοῖτό
1322 2642 1436 2692 τις,
1467 2622 1561 2677 καὶ⁸
1587 2622 1649 2677 τὸ

96 2717 184 2768 καθ’
210 2716 506 2771 ὑπόθεσιν
546 2715 883 2788 λαμϐάνεται
940 2717 1034 2772 ἐπὶ
1079 2717 1190 2771 τῶν
1241 2714 1647 2791 πραγματικῶς

93 2807 159 2861 οὐκ
183 2809 370 2877 ὅντων,
402 2809 548 2864 ἀλλὰ
593 2810 736 2882 λόγῳ
781 2811 1157 2882 τυπουμένωνο
1191 2810 1425 2864 ἐνταῦθα
1463 2809 1649 2882 μέντοι

91 2899 157 2970 οὐχ
175 2900 303 2976 οὕτω
324 2902 566 2974 ληπτέον
583 2942 598 2969 ,
621 2901 756 2957 ἀλλὰ
784 2902 846 2956 τὸ
874 2903 1017 2958 κατά
1040 2903 1283 2961 ἐπίνοιαν
1313 2903 1457 2975 λόγῳ
1489 2903 1650 2958 τοῦτο

91 2990 254 3062 θετέον,
284 2995 376 3050 διὰ
404 2997 511 3068 τὴν
553 2993 651 3049 τοῦ
681 2995 930 3050 ἐκτίσθαι
958 2996 1286 3070 ταυτότητα,
1314 2997 1410 3051 καὶ
1439 2997 1501 3050 τὸ
1526 2997 1647 3058 ὅλον

89 3083 126 3138 ἐν
143 3089 246 3151 τοῖς
272 3088 468 3162 μέρεσι
499 3088 846 3162 θεωρεῖσθαι,
877 3090 1056 3172 καιὲν
1082 3091 1160 3163 τῷ
1189 3091 1302 3163 ὅλῳ
1327 3090 1396 3146 τὰ
1425 3091 1592 3163 μέρη,

1765 691 1910 745 enim
1936 699 2067 747 sunt
2091 693 2249 763 equi,
2275 698 2330 747 et
2361 693 2516 746 multi
2551 692 2738 748 boves.
2769 691 3081 759 Quinetiam
3113 693 3345 748 faculta-

1765 784 1913 840 tibus
1946 784 2296 840 naturalibus
2339 791 2423 839 est
2457 783 2658 847 multa,
2688 794 2743 838 et
2774 798 2970 839 rursus
3017 783 3190 838 multa
3221 799 3347 855 spe.-

1764 876 1976 940 ciebus,
2007 885 2067 931 ut
2096 877 2293 942 homo,
2330 891 2536 946 equus,
2569 877 2742 940 canis,
2772 885 2827 932 et
2853 877 2981 943 alia,
3012 892 3182 930 unum
3214 883 3346 934 sunt

1763 983 1981 1040 genere,
2007 968 2438 1039 unumquodque
2463 969 2609 1023 enim
2641 969 2834 1023 horum
2867 978 2953 1025 est
2976 969 3180 1024 animal
3215 989 3228 1025 :
3262 969 3345 1026 sic

1761 1060 1997 1132 denique
2025 1073 2081 1118 et
2122 1061 2270 1133 quod
2315 1060 2484 1114 multa
2528 1068 2613 1116 est
2643 1061 2930 1132 περιόδοις,
2966 1077 3063 1118 seu
3091 1061 3344 1120 consiliis

1761 1164 1854 1210 aut
1875 1153 2043 1210 etiam
2072 1153 2358 1224 operibus,
2398 1169 2566 1208 unum
2601 1162 2730 1209 sunt
2750 1154 3042 1226 principio.

1835 1332 1955 1406 §II.
1993 1332 2188 1389 Omnia
2229 1335 2477 1390 uni-versa
2529 1344 2641 1390 tota
2681 1336 2863 1390 etiam.
2916 1334 3108 1390 Omnia
3151 1335 3346 1392 dicun-

1758 1433 1868 1494 tur,
1894 1425 2112 1497 quando
2151 1427 2368 1493 species
2405 1435 2458 1483 et
2500 1434 2687 1498 partes
2715 1434 2768 1482 et
2798 1425 3117 1482 dill‘er-entiae
3151 1428 3206 1482 in
3260 1426 3345 1482 di-

1756 1517 2064 1574 visionibus
2105 1526 2258 1574 sunt.
2293 1517 2492 1574 Totum
2525 1535 2676 1584 vero,
2717 1518 2938 1590 quando
2965 1527 3148 1589 partes
3175 1518 3346 1574 colle-

1756 1618 1854 1664 ctae
1883 1625 2050 1665 unum
2080 1609 2356 1681 integrum
2401 1611 2664 1672 elliciunt,
2697 1616 2790 1664 aut
2814 1609 3026 1680 species
3058 1624 3225 1663 unum
3255 1623 3344 1680 ge-

1756 1719 1885 1768 nus,
1909 1714 2003 1759 aut
2034 1704 2314 1758 contraria
2345 1711 2400 1759 et
2445 1702 2698 1775 opposita
2744 1702 2800 1757 in
2851 1701 3264 1774 conspiratione
3293 1705 3353 1756 et

1755 1794 2052 1850 concordia
2079 1795 2396 1866 quiescunt,
2433 1802 2494 1849 ut
2520 1810 2659 1864 aqua
2687 1793 2855 1850 simul
2885 1800 2939 1849 et
2968 1799 3115 1849 terra
3145 1799 3199 1847 et
3228 1806 3345 1857 aer,

1755 1894 1808 1940 et
1841 1885 2012 1955 ignea:
2046 1886 2239 1955 stellae,
2274 1885 2557 1942 eternium
2587 1901 2601 1937 :
2635 1882 2876 1940 mundus
2910 1885 3056 1939 enim
3088 1882 3203 1937 hace
3231 1889 3344 1936 tota

1683 1956 1725 2012 Β
1754 1978 2042 2034 dicuntur.

1824 2070 1900 2124 Ac
1928 2070 2044 2125 sine
2078 2085 2186 2125 uno
2218 2067 2451 2140 quidem.
2479 2068 2754 2136 Quoniam
2799 2085 2964 2124 unum
2999 2068 3219 2126 videtur
3249 2068 3338 2122 ba-

1751 2163 1883 2220 bere
1988 2162 2381 2219 connexionem
2462 2163 2756 2233 quamdam
2839 2177 2964 2218 cum
3052 2173 3283 2216 numero
3311 2201 3328 2227 ,

1751 2255 1872 2310 sine
1919 2269 2031 2310 uno
2075 2268 2185 2310 non
2235 2260 2389 2311 esset
2438 2269 2744 2322 numerus;
2786 2268 2915 2309 nam
2960 2251 3179 2308 numeri
3217 2257 3346 2306 sunt

1751 2348 2078 2419 compositio
2106 2347 2337 2404 unitatis
2377 2347 2434 2402 in
2479 2346 2852 2414 multitudine,
2883 2345 3035 2416 quod
3063 2358 3230 2415 supra
3261 2342 3345 2396 di-

1749 2442 1852 2506 xit,
1884 2441 2055 2495 Deum
2083 2440 2452 2509 multiplicari,
2486 2440 2645 2510 quasi
2675 2455 2738 2494 ex
2765 2437 3110 2493 arithmetica
3143 2434 3346 2490 intelli-

1750 2545 1974 2611 geretur
2001 2555 2014 2592 :
2043 2550 2210 2591 unum
2232 2549 2362 2590 vero
2391 2540 2445 2590 ει
2467 2528 2652 2605 seipso
2690 2529 2940 2588 substitit
2975 2535 3030 2585 et
3059 2533 3167 2584 est.

1821 2626 1891 2682 Et
1931 2628 1980 2682 si
2025 2629 2142 2699 quis
2189 2625 2431 2682 omnibus
2479 2625 2680 2680 omnia.
2737 2621 2873 2678 lllud
2921 2619 3178 2675 ὑποθεῖτό
3224 2635 3348 2682 τις,

1749 2719 1944 2790 aliquis
1977 2728 2267 2789 supponat,
2292 2719 2376 2774 vel
2401 2719 2530 2773 illud
2556 2734 2622 2772 ea:
2651 2716 3013 2785 suppositione
3046 2717 3348 2782 usurpatur

1749 2813 1806 2867 in
1837 2813 1905 2868 iis
1949 2826 2072 2882 quae
2120 2811 2302 2882 reipsa
2349 2824 2474 2866 esse
2523 2814 2822 2878 nequeunt,
2864 2804 2960 2862 sed
2993 2804 3208 2858 ratione
3237 2799 3344 2856 lin-

1747 2910 1952 2976 guntur
1988 2923 2000 2959 :
2033 2885 2224 2958 verum
2272 2902 2377 2958 hoc
2425 2901 2548 2957 loco
2597 2916 2709 2955 non
2759 2900 2835 2954 ita
2867 2898 3193 2954 sumendum
3233 2901 3352 2962 est,

1748 3011 1876 3051 nam
1909 2995 2015 3050 hoc
2044 2995 2212 3052 verbo
2233 2995 2434 3052 mentis
2455 2993 2770 3066 ponendum
2796 2998 3019 3063 propter
3044 2989 3354 3046 creationis

1748 3087 2125 3152 identitatom,
2149 3095 2205 3145 et
2235 3087 2364 3158 quia
2412 3093 2590 3143 totum
2626 3086 2684 3142 in
2728 3085 2978 3158 partibus
3022 3082 3345 3141 considera-

1749 3189 1864 3246 tur,
1897 3190 1953 3237 et
1982 3188 2164 3253 partes
2193 3181 2247 3237 in
2274 3189 2412 3237 toto.

131 3263 242 3320 ὀτι
277 3266 432 3322 κατὰ
485 3264 556 3320 τὸ
597 3267 738 3336 ἐνὸς
777 3253 1044 3324 ἑκάστου
1073 3265 1642 3342 προεπινοούμενον.

1825 3271 1896 3329 Ut
1949 3278 2236 3329 secundum
2289 3272 2702 3344 uniuscujusque
2763 3271 2988 3343 speciem
3047 3285 3327 3342 pra'conce-

84 3352 124 3408 Εἰ
146 3358 216 3430 μὴ
243 3359 666 3433 προεπινοηθείη
688 3399 704 3425 ,
738 3361 895 3433 φησὶ,
938 3360 1002 3414 τὸ
1043 3361 1137 3416 τοῦ
1170 3359 1458 3432 ἀνθρώπου
1486 3354 1644 3426 εἶδος,

83 3444 216 3514 how
254 3451 290 3522 ἡ
335 3450 523 3522 φύσις,
573 3452 678 3508 οὐκ
721 3453 788 3508 ἄν
829 3470 915 3518 τις
966 3451 1116 3508 εἴποι
1145 3452 1274 3517 τοὺς
1326 3451 1648 3526 ἀνθρώπως

82 3537 287 3606 ἡνῶσθαι
313 3542 583 3616 ἀλλήλους
608 3543 673 3581 ⁸⁸η
703 3544 862 3616 δῆλον
889 3545 947 3604 δὲ
971 3546 1054 3600 ὅτι
1086 3547 1209 3600 κατ’
1239 3545 1402 3602 αὑτὸν
1429 3548 1522 3602 τὸν
1548 3548 1648 3620 τῆς

82 3634 264 3700 φύσεως
294 3634 479 3706 λόγονε

122 3727 223 3781 Καὶ
249 3730 302 3782 ei
331 3729 582 3798 ἀνέλοις
612 3731 680 3789 τὸ
725 3732 816 3787 ἐν.
858 3732 1017 3788 Οὕτω
1053 3733 1115 3787 τὸ
1149 3733 1310 3805 ῥητὸν
1340 3733 1642 3802 συνθετέον,

77 3815 132 3870 ὅτι
155 3821 391 3890 ἡνῶσθαι
432 3823 656 3893 λέγεται
685 3825 754 3881 τὰ
787 3826 1044 3898 ἡνωμένα
1086 3827 1208 3880 κατ’
1241 3821 1381 3891 εἶδος
1411 3843 1644 3898 προεπι-

77 3913 332 3985 νοούμενον
377 3917 502 3981 ἑνὸς
551 3918 804 3973 ἑκάστουο
857 3920 1193 3992 προείπομεν
1241 3919 1391 3993 γὰρ,
1442 3921 1526 3975 ὅτι
1573 3922 1644 3976 τά

77 4002 164 4074 εἴδη
191 4007 280 4060 καὶ
306 4007 381 4064 τὰ
415 4009 592 4064 πολλὰ
628 4012 890 4082 στοιχεῖόν
921 4029 975 4066 τι
1007 4012 1102 4066 καὶ
1134 4012 1310 4085 ἀρχὴν
1339 4013 1401 4068 τὸ
1432 4013 1491 4067 ἓν
1523 4014 1644 4069 έπιι-

75 4099 366 4168 γράφοντᾱι,
394 4104 480 4167 εἰς
527 4103 684 4173 γένος
717 4103 776 4158 ἓν
823 4106 1168 4178 ἀναγόμενα,
1200 4102 1264 4162 οὗ
1295 4109 1487 4179 γένους
1523 4108 1640 4180 εἴδη

73 4190 166 4242 εὶσίσ
194 4193 372 4250 ταῦτα
405 4195 522 4267 γὰρ
548 4195 806 4270 ἡνωμένα
830 4198 981 4269 αὐτῷ
1011 4198 1092 4277 τῷ
1131 4200 1284 4266 εἴδει,
1313 4185 1425 4255 οἷον
1459 4201 1638 4268 ἵπποι,

73 4279 180 4348 Vss.
213 4288 312 4341 καὶ
343 4288 416 4342 τὰ
450 4289 603 4360 ἑξῆς,
635 4289 780 4361 ἅπερ
814 4291 911 4355 εις
937 4292 1003 4352 ὲν
1041 4292 1201 4362 γένος
1228 4294 1551 4363 ἀνάγονται,
1579 4293 1642 4348 τὸ

71 4375 325 4437 καλεῖσθαι
357 4381 524 4447 ζῶον.

121 4559 232 4629 Τὴν
277 4561 441 4632 ὅλην
491 4566 797 4634 θεαρχίαν.
843 4565 976 4638 Ὄλη
1027 4567 1256 4639 θεαρχια
1309 4569 1343 4645 η
1395 4570 1640 4638 παναγία

1746 3365 2066 3435 ptam.Nisi,
2082 3367 2282 3438 inquit,
2301 3367 2456 3438 prius
2474 3361 2812 3435 intelligatur
2837 3364 3050 3435 species
3085 3359 3329 3417 hominis

1749 3473 1844 3513 seu
1874 3469 2092 3526 natura,
2128 3460 2314 3516 nullus
2361 3459 2563 3514 dixerit
2612 3457 2865 3512 homines
2916 3457 3060 3513 inter
3110 3470 3170 3511 se
3209 3468 3338 3509 con-

1742 3549 1989 3620 junctos,
2024 3551 2285 3607 nimirum
2321 3551 2510 3608 eadem
2540 3558 2752 3608 natura:
2781 3550 3016 3606 ratione.

1818 3731 1898 3786 Ac
1918 3733 1967 3788 si
1999 3732 2282 3788 sustuleris
2312 3733 2596 3790 unitatem.
2625 3731 2706 3788 Ita
2741 3732 3013 3790 sententia
3042 3730 3159 3787 haec
3192 3747 3340 3788 com.-

1745 3827 2019 3896 ponenda,
2067 3826 2329 3882 nimirum
2376 3841 2441 3882 ea
2496 3841 2620 3897 quae
2664 3826 2962 3898 conjuncta
3013 3834 3176 3890 sunt,
3210 3840 3327 3881 con-

1739 3918 1934 3989 juncta
1961 3919 2070 3973 dici
2103 3919 2541 3990 uniuscujusque
2569 3920 2774 3990 specie,
2806 3933 2928 3989 qua:
2957 3919 3108 3988 prius
3140 3917 3337 3972 intelli-

1743 4020 2136 4081 gaturumtea
2188 4011 2334 4065 enim
2385 4011 2650 4077 diximus,
2700 4011 2914 4082 species
2951 4018 3006 4066 et
3054 4010 3226 4064 multa
3270 4009 3340 4064 ad

1745 4120 1916 4160 llllllm
1965 4119 2140 4176 genus
2169 4104 2334 4176 227
2368 4103 2597 4160 reducta
2617 4139 2634 4170 ,
2683 4101 3007 4160 describunt
3035 4117 3200 4156 unum
3227 4100 3340 4156 ele-

1741 4206 1987 4253 mentum
2035 4197 2258 4269 aliquod
2292 4204 2347 4252 et
2377 4195 2737 4268 principium,
2770 4195 2934 4266 cujus
2959 4194 3179 4268 generis
3208 4202 3341 4250 sunt

1743 4290 2002 4362 species;
2027 4291 2142 4346 haec
2175 4291 2325 4351 enim
2359 4291 2479 4362 ipsa
2512 4291 2698 4362 specie
2735 4289 3067 4360 conjuncta,
3100 4296 3158 4342 ut
3185 4290 3336 4358 equi,

1739 4382 1932 4448 boves,
1959 4391 2015 4439 et
2037 4383 2271 4454 reliqua,
2306 4398 2428 4454 qua:
2455 4381 2524 4440 ad
2553 4399 2725 4439 unum
2771 4397 2947 4456 genus
2973 4381 3336 4447 reducuntur,

1741 4476 1871 4549 quia
1903 4483 2174 4532 vocantur
2205 4476 2432 4533 animal.

1815 4568 2006 4625 Totam
2042 4568 2408 4632 divinitatem,
2435 4567 2530 4624 Gr.
2578 4569 2679 4641 τὴν
2711 4567 2841 4640 ὅλην
2875 4567 3156 4640 θεαρχίαν.
3200 4565 3347 4639 Ὅλη.

67 4649 137 4700 καὶ
163 4655 526 4730 προσκυνητὴ
559 4656 748 4728 Τριάς·
784 4657 874 4711 διὰ
1003 4658 1103 4730 τὴν
1130 4637 1510 4732 ἀνέκφραστον
1537 4661 1638 4738 τῆς

1758 4661 1967 4734 νεαρχια
1987 4701 2002 4728 ,
2035 4669 2209 4718 totum
2241 4661 2548 4723 divinitatis
2584 4637 2950 4733 principium,
2983 4637 3338 4716 sanctissima

65 4739 250 4810 φύσεως
277 4746 504 4813 ἕνωσιν,
531 4751 562 4802 ὁ
593 4743 675 4814 εἷς
706 4750 801 4805 καὶ
834 4750 892 4806 ἓν
923 4751 1270 4823 χρηματίζει.

125 4926 234 4996 Ὑφ’
262 4925 344 5001 ἧς
374 4932 476 4986 και
511 4932 582 4998 ἐξ
608 4928 703 5003 ἧς.
739 4933 830 5005 Τῷ
859 4935 961 5004 ὑφ’
991 4935 1068 5005 ἧς
1095 4936 1352 5004 σύνταξον
1387 4938 1448 4992 τὸ
1481 4938 1635 5006 ἐστι,

60 5017 232 5088 καὶτῷ
264 5023 338 5089 ἐξ
372 5022 452 5092 ἧς
480 5025 541 5079 τὸ
569 5027 989 5095 συντέτακται,
1018 5030 1114 5084 καὶ
1135 5029 1214 5102 τῷ
1233 5031 1308 5085 δι’
1339 5028 1417 5102 ἧς
1447 5032 1510 5086 τὸ
1528 5031 1640 5103 μέ-

56 5124 147 5177 νει,
182 5116 282 5169 καὶ
307 5117 393 5189 τῷ
419 5119 492 5172 ἐν
513 5109 554 5187 ᾖ
599 5119 659 5172 τὸ
691 5120 1037 5190 συνέχεται,
1070 5124 1236 5194 ἤγουν
1278 5126 1633 5195 φυλάττεται,

57 5205 132 5264 καὶ
161 5208 242 5279 τῷ
270 5213 364 5277 εὶς
401 5210 485 5278 ἢν
522 5212 569 5242 ³⁸
607 5212 668 5265 τὸ
706 5214 1144 5284 ἐπιστρέφεται,
1177 5220 1226 5271 εἰ
1260 5219 1354 5273 καὶ
1383 5222 1412 5273 ὁ
1440 5217 1636 5292 Πατὴρ

57 5294 182 5363 ἰδίως
211 5302 310 5356 καὶ
341 5304 436 5374 ὑφ’
469 5303 529 5358 ἓν
570 5303 640 5358 τὰ
676 5305 894 5376 ῥήματα
926 5305 1104 5374 ἔταξε·
1137 5310 1230 5362 καὶ
1270 5311 1330 5364 τὸ
1350 5309 1547 5364 πάντα
1576 5309 1636 5364 δὲ

53 5387 143 5443 ἀπὸ
179 5397 392 5450 κοινοῦ.
428 5397 632 5462 Καλῶς
659 5399 715 5452 δὲ
763 5395 946 5465 εἶπεν,
983 5403 1066 5455 ὅτι
1097 5401 1194 5459 ἐὰν
1227 5403 1422 5476 ἀνέλῃς
1449 5403 1510 5456 τὸ
1541 5403 1634 5470 ἒν,

50 5481 158 5538 οὔτε
193 5489 424 5564 ὁλότη-ζδ
453 5491 583 5546 οὕτε
617 5493 1079 5568 πολλοστημόριον
1098 5537 1113 5562 ,
1143 5496 1267 5551 οὔτε
1301 5497 1429 5553 ἄλλο
1458 5498 1631 5553 οὐδέν’

48 5574 188 5633 τοῦτο
213 5582 334 5656 γάρ
367 5585 700 5659 προῃνίξατο
737 5587 830 5642 καὶ
860 5587 973 5643 ἄνω
1001 5587 1190 5654 εἰπὼν,
1223 5590 1315 5644 καὶ
1347 5591 1518 5661 ἥμισυ
1551 5588 1633 5656 ἓν,

1738 4763 1794 4810 ει
1821 4756 2104 4811 adoranda
2132 4755 2376 4813 Trinitas
2400 4772 2416 4822 ;
2454 4764 2679 4827 propter
2709 4753 3044 4812 ineffabilem
3075 4766 3209 4809 vero
3237 4768 3338 4807 na-

1740 4850 1875 4899 tum
1901 4845 2194 4910 unitatem,
2227 4861 2375 4901 unus
2396 4852 2452 4901 et
2479 4859 2648 4899 unum
2673 4843 3001 4916 appellatur.

1807 4938 1852 4992 A
1898 4953 2006 5009 qua
2051 4948 2100 4996 et
2146 4954 2212 4993 ea:
2246 4955 2374 5010 qua.
2406 4937 2545 4996 Cum
2583 4937 2673 5009 ὑφ’
2707 4931 2808 5008 ἧς,
2839 4953 2874 4991 a
2902 4952 3028 5007 qua,
3061 4933 3334 5004 conjunge

1733 5029 1888 5094 tari”,
1915 5044 2108 5088 etcum
2126 5029 2186 5096 ἐξ
2209 5026 2297 5103 ἧς,
2314 5046 2380 5086 ea:
2391 5047 2518 5101 qua,
2535 5029 2809 5101 conjunge
2826 5029 3200 5089 συντέτακται,
3219 5023 3332 5077 dis-

1735 5127 1910 5198 posita
1932 5134 2079 5188 sunt,
2099 5134 2262 5195 atque
2277 5139 2403 5178 cum
2420 5123 2486 5177 δι’
2499 5117 2587 5195 ἧς,
2601 5139 2694 5192 per
2711 5138 2894 5194 quam,
2910 5122 3134 5177 verbum
3154 5117 3328 5190 μένει,

1736 5228 1970 5284 manent,
1989 5233 2053 5272 ac
2076 5232 2201 5273 cum
2216 5219 2273 5270 ὲν
2289 5211 2345 5288 ᾖ,
2371 5218 2429 5270 in
2457 5233 2585 5288 qua,
2601 5216 2826 5272 verbum
2847 5214 3128 5285 συνέχεται
3155 5210 3328 5264 conti.

1737 5322 1929 5368 nentur
1955 5327 2051 5367 seu
2081 5308 2480 5372 custodiantur,
2507 5315 2564 5364 et
2589 5323 2717 5364 cum
2729 5306 3185 5380 elcijvmdquam,
3203 5318 3331 5357 ver.

1738 5405 1868 5460 bum
1899 5401 2313 5475 ἐπιστρέφεται,
2329 5410 2706 5459 convertuntur
2721 5416 2742 5466 ς
2755 5400 2857 5456 etsi
2870 5397 3033 5453 Pater
3045 5393 3326 5465 sigillatim

1739 5504 1795 5552 et
1817 5496 1984 5553 simul
1997 5495 2164 5551 verba
2176 5495 2488 5564 collocarit,
2501 5503 2560 5550 et
2573 5494 2750 5550 omnia
2763 5487 3050 5549 Subandiri
3063 5486 3322 5551 voluerit,

1742 5589 1917 5645 Porro
1937 5596 2084 5646 recte
2099 5589 2259 5656 dixit,
2279 5589 2422 5662 quod
2433 5590 2484 5646 si
2502 5601 2671 5644 unum
2684 5583 2995 5646 sustuleris,
3015 5595 3116 5637 nec
3135 5578 3326 5638 totalic

980 5761 1218 5818 VARIIE
1248 5763 1635 5822 LECTIONES
1665 5763 1753 5819 ET
1787 5763 2342 5822 CORRECTIONES.

95 5930 249 6011 "rp.
286 5941 565 6016 ἀλλήλοις.
636 5945 681 5978 ³ο
719 5961 809 6016 γρ.
851 5925 1312 6017 συμφυλάττεται,
1339 5951 1394 6003 ἐν
1429 5948 1577 6020 αὐτῷ
1602 5947 1709 6027 γὰρ
1744 5947 1944 6022 ζῶμεν·
1983 5951 2073 6005 καὶ
2099 5945 2269 6019 τῷεξς
2302 5946 2389 6018 ἤν.
