3882 6546
523 491 619 553 411

1323 485 1668 547 APPENDIX
1702 491 1792 546 AD
1825 488 2056 547 OPERA
2087 488 2146 543 S.
2184 485 2482 543 DlONYSlI
2513 483 2997 540 AREOPAGI'UE.
3651 485 3734 542 ιιι

473 636 485 652 ·
522 622 633 683 tas,
671 626 770 669 nec
800 609 1106 666 multesima
1143 622 1302 678 pars,
1333 624 1437 664 nec
1485 607 1694 679 aliquid
1727 607 1877 662 aliud
1906 621 2091 662 eorum

2198 603 2291 658 καὶ
2322 601 2523 674 τρίτον,
2555 602 2647 656 καὶ
2676 603 2930 665 δέκατον,
2959 598 3201 672 δηλονότι
3244 597 3338 652 καὶ
3371 596 3438 657 τά
3484 595 3628 669 μόρια
3657 595 3733 651 τοῦ

523 721 644 776 quae
673 711 798 760 sunt
813 703 918 757 erit
937 720 951 768 ;
969 701 1070 756 hoc
1083 701 1230 755 enim
1246 708 1406 756 antea
1420 700 1718 757 insinuavit
1732 715 1856 754 cum
1874 699 2097 763 dixerit,

521 807 577 853 et
606 795 887 851 dimidium
918 809 1109 858 unum,
1141 802 1198 848 et
1218 794 1381 849 tertia
1403 809 1554 864 pars,
1579 801 1633 848 et
1654 792 1878 847 'decima
1906 807 2095 857 unum,

524 889 732 944 scilicet
753 891 916 941 etiam
943 893 1128 955 partes
1158 902 1330 940 unum
1358 886 1708 956 participant.

591 978 837 1034 Omnium
861 993 1024 1031 unum
1049 977 1189 1048 quod
1219 987 1297 1032 est
1322 993 1508 1033 causa.
1532 977 1650 1030 Non
1675 978 1923 1032 absolute
1948 975 2100 1030 omni

518 1087 626 1126 uno
661 1069 845 1124 omnia
895 1070 1288 1134 constiterunt,
1318 1069 1413 1124 sed
1447 1069 1541 1123 illo
1581 1069 1699 1123 solo
1727 1084 1866 1132 uno,
1899 1083 2096 1123 secun-

515 1161 643 1216 dum
673 1162 821 1232 quod
845 1178 1036 1226 unum,
1064 1160 1209 1216 Deus
1235 1168 1289 1214 et
1317 1177 1461 1216 unus
1489 1170 1541 1215 et
1562 1176 1728 1214 unum
1751 1160 2092 1228 nominatur;

515 1256 634 1310 solo
663 1256 833 1319 enim,
865 1255 970 1309 hoc
1002 1271 1116 1309 uno
1147 1270 1236 1310 res
1283 1253 1573 1309 exsistunt.
1604 1252 1706 1318 Qui
1737 1252 1881 1307 enim
1912 1253 2094 1323 ipsum

514 1361 713 1401 nomen
744 1362 907 1399 unum
942 1345 1075 1400 dicit
1104 1345 1394 1416 negatione
1424 1342 1849 1414 multiplicitatis
1874 1343 1979 1398 hoc
2015 1345 2094 1399 si-

513 1438 770 1508 gniﬁcat;
805 1439 1066 1493 nimirum
1100 1453 1268 1492 unum
1297 1439 1476 1506 ipsum
1508 1437 1870 1510 principium,
1900 1445 1954 1493 et
1981 1439 2095 1508 pri-

513 1545 666 1584 mum
705 1537 791 1585 est
820 1529 1006 1595 alicui,
1039 1538 1099 1584 ut
1124 1531 1399 1601 quomodo
1425 1531 1694 1594 exsistat,
1727 1546 1852 1585 nam
1885 1532 2090 1586 multo-

513 1634 636 1673 rum
685 1635 806 1690 quae
852 1636 917 1675 ex
960 1637 1024 1676 eo
1073 1621 1377 1691 procedunt
1425 1623 1812 1694 cogitationem
1860 1625 2089 1680 inducit.

512 1709 640 1766 Hmc
688 1727 816 1766 vero
869 1713 1091 1768 minime
1133 1713 1243 1769 Deo
1296 1717 1651 1770 conveniunt.
1713 1715 1886 1773 Porro
1930 1735 2092 1772 unum

509 1803 656 1873 quod
691 1805 868 1859 solum
914 1805 1052 1868 tale,
1088 1821 1317 1875 prorsus
1357 1815 1441 1862 est
1476 1807 1782 1864 aliectionis
1826 1824 1920 1864 seu
1965 1825 2091 1880 pas-

2199 695 2316 759 ένὸς
2347 694 2650 766 μετέχουσι.

2271 982 2342 1036 Τὸ
2373 981 2614 1036 πάντων
2647 981 2847 1035 αἴτιον
2875 978 2977 1034 οέν.
3012 978 3126 1032 Οὐκ
3174 975 3456 1038 ἀπολύτως
3487 975 3561 1028 ἑνὶ
3599 975 3739 1027 naval

2193 1074 2261 1128 τὰ
2317 1075 2495 1129 πάντα
2545 1075 2892 1144 συνέστηκεν,
2945 1071 3058 1126 ἀλλ’
3107 1069 3300 1139 ἐκείνῳ
3351 1069 3495 1139 μόνῳ
3542 1067 3611 1138 τῷ
3655 1069 3771 1133 ἐνὶ,ι

2194 1167 2314 1220 καθ’
2345 1167 2374 1220 ὃ
2406 1167 2484 1231 ἓν,
2515 1169 2543 1220 6
2569 1166 2702 1229 Θεὸς
2743 1166 2836 1219 καὶ
2881 1158 2982 1227 εἷς,
3015 1165 3107 1216 καὶ
3143 1162 3200 1214 ἒν
3232 1160 3567 1231 ὀνομάζεται·
3592 1160 3739 1228 τούτῳ

2193 1259 2302 1330 γὰρ
2334 1259 2478 1331 μόνῳ
2521 1257 2598 1328 τῷ
2628 1258 2706 1311 ἐνὶ
2753 1257 2820 1310 τά
2848 1256 2977 1309 ὄντα
3008 1257 3174 1310 ἐστίν·
3210 1255 3340 1308 αὐτὸ
3378 1255 3487 1326 γὰρ
3517 1254 3570 1306 τὸ
3598 1255 3741 1324 ὄνομα

2191 1349 2252 1402 τὸ
2285 1349 2342 1402 ἓν
2377 1352 2406 1402 6
2452 1349 2625 1418 λέγων
2660 1349 2800 1402 κατὰ
2829 1348 3102 1417 ἀπόφασιν
3139 1346 3232 1400 τοῦ
3275 1346 3578 1399 πολλαπλοῦ
3607 1346 3742 1400 τοῦτο

2194 1440 2468 1512 σημαίνειο
2497 1441 2561 1494 τὸ
2588 1440 2768 1512 μέντοι
2796 1439 2854 1492 ἓν
2881 1439 3153 1510 αὑτοαρχὴ
3183 1439 3275 1492 καὶ
3307 1437 3521 1508 πρῶτόν
3551 1441 3655 1490 ἐστι
3680 1439 3743 1508 τῷ

2193 1533 2330 1604 πρός
2348 1533 2402 1585 τί
2431 1550 2547 1596 πως
2575 1532 2738 1603 ἔχειν’
2773 1531 2882 1584 τῶν
2906 1531 3014 1602 γάρ
3039 1529 3097 1595 ὲξ
3126 1529 3288 1584 αὐτοῦ
3331 1529 3538 1583 πολλῶν
3565 1530 3744 1582 ἔννοιαν

2192 1624 2422 1693 εἰσάγει.
2463 1623 2650 1678 Ταῦτα
2691 1624 2745 1676 δὲ
2785 1624 2886 1676 οὐκ
2913 1622 3189 1694 ἐπιτήδεια
3220 1623 3310 1674 ἐπὶ
3338 1620 3495 1674 Θεοῦ·
3538 1621 3745 1674 τοιοῦτον

2190 1712 2246 1766 δὲ
2272 1713 2332 1766 ὃν
2369 1713 2527 1784 μόνον
2557 1713 2618 1766 τὸ
2646 1713 2734 1777 ἓν,
2766 1712 3044 1776 παντελῶς
3077 1712 3301 1777 ἀπαθὲς,
3325 1713 3418 1767 Scal.
3450 1714 3742 1785 ἀδιαίρετον,

2192 1803 2284 1856 καὶ
2313 1803 2750 1875 αὐταρκέπατὸν
2800 1807 2936 1858 ὲστιο
2973 1804 3113 1858 κατὰ
3144 1805 3252 1876 γάρ
3285 1805 3382 1876 τὴν
3425 1806 3582 1859 αὑτοῦ
3609 1806 3746 1875 φύσιν

511 1895 684 1950 sionis
715 1911 934 1965 expers,
980 1903 1033 1950 et
1080 1897 1440 1965 individuum,
1479 1915 1540 1953 ac
1585 1915 1684 1968 per
1730 1915 1789 1955 se
1817 1899 2090 1956 subicien-

2197 1895 2363 1966 ἑτέρῳ
2398 1894 2806 1966 συμπλέκεσθαι
2834 1896 2898 1948 οὗ
2931 1897 3199 1966 πέφυκεν,
3234 1897 3422 1967 ῶσπερ
3461 1898 3520 1950 τὸ
3551 1900 3603 1952 ὲν
3643 1903 3747 1972 ἀρι-

507 1987 780 2043 tissimum
807 2005 822 2054 ;
857 2004 1035 2060 neque
1062 1991 1208 2045 enim
1233 1991 1346 2046 vult
1373 1992 1527 2046 alteri
1555 1992 1610 2046 in
1635 2000 1832 2047 natura
1863 2007 1971 2046 una
1997 2009 2091 2048 co-

2197 1964 2355 2057 θμοίς
2377 1986 2455 2040 ἔν’
2474 1964 2788 2040 ήάπωθεῖται
2822 1987 2931 2059 γάρ
2959 1964 3023 2041 τὸ
3052 1988 3272 2059 πλῆθος,
3302 1964 3401 2040 καί
3439 1991 3612 2044 πᾶσαν
3641 1964 3747 2044 σῦν-

507 2081 708 2148 pulari,
739 2082 882 2135 sicut
913 2097 1080 2136 unum
1105 2083 1161 2136 in
1204 2084 1481 2151 numeris;
1512 2083 1658 2154 quod
1699 2085 1843 2139 enim
1873 2085 2093 2156 pr0prie

507 2189 699 2236 unum,
731 2185 784 2228 et
832 2184 955 2231 ante
996 2191 1157 2231 omne
1196 2193 1390 2245 unum,
1417 2177 1628 2248 repellit
1663 2177 2090 2242 multitudinem,

506 2278 832 2338 omnemque
861 2270 1314 2339 compositionem
1347 2277 1401 2325 et
1429 2270 1790 2338 divisionem;
1820 2271 2093 2342 siquidem

506 2356 612 2412 hoc
643 2373 819 2427 neque
857 2374 1086 2429 parvum
1109 2399 1124 2423 ,
1156 2376 1332 2432 neque
1365 2363 1640 2419 mediocre
1676 2375 1923 2428 vocatur,
1959 2362 2093 2434 quin

505 2446 553 2503 si
582 2448 714 2518 quid
750 2450 1084 2516 audendum,
1107 2467 1284 2522 neque
1318 2454 1606 2523 pulchrum
1639 2455 2045 2526 neque_bonum
2073 2472 2086 2509 :

507 2538 592 2592 ha:
621 2540 766 2594 enim
813 2540 1149 2607 aﬂectiones,
1184 2544 1328 2599 sicut
1375 2546 1538 2600 etiam
1600 2555 1729 2603 sunt
1779 2547 1999 2604 habitus
2037 2556 2092 2606 et

506 2632 809 2686 accidentia
837 2652 852 2702 ;
877 2634 1058 2705 ipsum
1106 2652 1234 2691 vero
1276 2653 1446 2692 unum
1471 2655 1637 2709 supra
1663 2641 1846 2695 omnia
1875 2657 2092 2713 quoque

505 2723 858 2796 intelligitur;
883 2727 1199 2785 affectiones
1227 2745 1359 2786 vero
1381 2740 1440 2786 ut
1461 2747 1710 2803 parvum,
1744 2741 1796 2789 et
1818 2734 2093 2791 medium

506 2830 632 2869 cum
657 2817 765 2873 alio
793 2834 1014 2891 quoque
1043 2821 1483 2888 considerantur,
1516 2833 1570 2880 et
1605 2824 1726 2880 ideo
1755 2841 1935 2896 neque
1957 2827 2090 2883 sim-

502 2905 694 2974 plices,
713 2923 890 2980 neque
919 2910 1300 2968 elementares.
1323 2911 1465 2984 Ergo
1490 2931 1684 2980 unum,
1711 2916 1854 2970 sicut
1878 2914 2088 2972 dictum

500 3007 607 3064 est,
634 3002 780 3071 quod
810 3003 1039 3073 simplex
1065 3012 1119 3058 et
1143 3007 1263 3061 sine
1292 3004 1597 3073 affectione,
1625 3007 1853 3064 minime
1877 3008 2088 3066 habens

501 3106 566 3146 ea
600 3109 721 3162 qua:
769 3094 916 3150 dicta
966 3105 1115 3163 sunt,
1151 3113 1330 3169 neque
1377 3108 1638 3170 tanquam
1685 3117 1858 3172 genus
1903 3117 2088 3156 rerum

504 3185 816 3255 ponendum
839 3205 854 3254 ;
894 3204 1092 3259 genera
1115 3191 1263 3245 enim
1292 3191 1518 3247 omnino
1539 3191 1865 3254 dividuntur.
1884 3195 1941 3250 in
1964 3209 2089 3266 spe-

504 3273 642 3338 cies,
671 3275 839 3347 228
871 3277 965 3333 sed
1009 3294 1187 3350 neque
1218 3287 1486 3349 punctum
1521 3291 1616 3337 aut
1644 3285 1931 3339 monadem
1960 3300 2088 3355 pro-
2113 3311 2160 3374 ο

503 3367 625 3436 prie
671 3367 918 3433 habens;
947 3370 1039 3424 illa
1089 3372 1236 3426 enim
1289 3373 1686 3430 connexionem
1721 3375 1924 3432 habent
1963 3389 2088 3431 cum

503 3459 889 3529 sequentibus.
946 3458 1061 3517 Uoc
1107 3470 1290 3519 autem
1331 3471 1416 3521 est
1465 3465 1936 3536 simplicissimum
1991 3482 2094 3523 nec

504 3550 672 3604 ullam
712 3550 1074 3608 differentiam
1125 3554 1324 3623 habet;
1375 3570 1556 3626 neque
1601 3557 1747 3612 enim
1797 3559 2095 3613 motionem

503 3641 821 3711 quamdam,
867 3659 966 3699 seu
995 3645 1288 3702 stationem
1315 3654 1369 3703 et
1398 3647 1633 3718 quietem
1676 3648 1839 3704 habet
1867 3667 1880 3704 :
1905 3665 2096 3705 verum

503 3746 683 3803 neque
719 3735 1073 3790 statuendum
1104 3745 1190 3793 est
1220 3754 1392 3793 unum
1434 3755 1558 3795 esse
1599 3739 1653 3794 id
1688 3741 1835 3810 quod
1867 3749 1972 3806 εει,
1999 3742 2098 3797 sed

502 3825 836 3897 principium
867 3836 921 3884 et
949 3845 1134 3885 semen
1164 3831 1284 3902 ejus
1315 3832 1460 3902 quod
1494 3841 1610 3899 est;
1646 3848 1773 3886 nam
1801 3834 2096 3890 multitudo

500 3920 814 3976 necessario
868 3938 1040 3977 unum
1087 3925 1375 3996 sequitur,
1423 3925 1765 3980 multitudini
1808 3927 1956 3998 quod
2004 3933 2090 3983 est

501 4008 762 4078 adhaeret,
805 4013 950 4084 quod
978 4030 1115 4072 sane
1143 4017 1198 4071 in
1220 4015 1331 4072 Deo
1352 4031 1464 4072 non
1488 4017 1548 4072 ﬁt
1574 4033 1589 4071 :
1622 4031 1749 4072 nam
1772 4017 1834 4071 τὸ
1869 4018 1928 4072 ὅν
1953 4017 2094 4087 quod

501 4107 582 4152 est
609 4100 788 4166 οὐσία,
816 4105 1050 4159 essentia
1070 4112 1176 4173 est,
1208 4121 1238 4161 a
1265 4107 1434 4162 verbo
1458 4102 1598 4160 εἶναι
1619 4107 2091 4177 esse;Deusvero,

499 4199 555 4246 et
577 4207 742 4263 supra
765 4198 1088 4266 essentiam,
1119 4207 1174 4254 et
1215 4215 1382 4270 supra
1405 4201 1461 4255 id
1483 4202 1630 4272 quod
1657 4208 1762 4267 est,
1791 4210 1846 4257 et
1875 4203 2092 4268 ἑνικῶς,

499 4285 857 4356 singulariter
895 4304 996 4359 pro
1039 4291 1240 4348 eximie
1274 4299 1328 4347 et
1361 4294 1480 4348 sine
1505 4293 1811 4347 imitatione
1840 4308 2006 4362 supra
2038 4293 2094 4349 id

500 4378 645 4447 quod
671 4388 773 4436 est.
810 4380 955 4440 Deus
982 4385 1128 4439 enim
1162 4385 1368 4449 omnia,
1402 4393 1456 4441 et
1501 4401 1670 4456 super
1715 4387 1922 4441 omnia.
1954 4385 2091 4442 Cum

500 4469 809 4526 mirandum
839 4473 896 4528 in
926 4475 1145 4530 modum
1178 4477 1246 4532 de
1287 4485 1487 4532 natura
1530 4492 1887 4533 numerorum
1918 4477 2095 4532 disse-

2197 2078 2367 2145 θεσιν,
2421 2079 2515 2133 καὶ
2557 2080 2820 2152 διαίρεσιν
2864 2081 2994 2132 αὐτὸ
3043 2080 3104 2132 τὸ
3157 2081 3358 2151 κυρίως
3402 2080 3490 2146 ἓν,
3525 2084 3612 2135 καὶ
3659 2084 3748 2154 πρὸ

2195 2172 2398 2236 παντὸς
2429 2172 2564 2236 ἑνός.
2599 2172 2768 2226 Τοῦτο
2807 2173 2916 2245 γὰρ
2964 2172 3086 2225 οὔτε
3141 2173 3372 2243 μικρὸν,
3401 2171 3524 2226 οὔτε
3557 2172 3758 2243 μέτριον.

2195 2265 2457 2318 καλεῖται·
2491 2265 2539 2316 εί
2583 2264 2639 2317 δὲ
2686 2264 2768 2317 δεῖ
2806 2265 2899 2318 καὶ
2931 2265 3216 2336 τολμῆσαι,
3249 2264 3372 2317 οὗτε
3412 2265 3601 2326 καλὸν,
3645 2260 3749 2314 οὔτε

2194 2355 2414 2426 ἀγαθόν·
2439 2355 2612 2410 ταῦτα
2636 2355 2744 2428 γὰρ
2770 2355 2916 2428 πάθη
2953 2374 3094 2420 πως,
3137 2353 3247 2409 οἷόν
3290 2357 3396 2408 εἱσι
3440 2355 3534 2408 καὶ
3565 2354 3751 2425 σχέσεις

2193 2450 2288 2504 καὶ⁹
2328 2448 2728 2520 συμϐεϐηκότα.
2770 2448 2910 2501 Αὐτὸ
2951 2448 3008 2501 δὲ
3054 2447 3114 2500 τὸ
3156 2448 3214 2501 ἓν
3260 2449 3354 2501 καὶ
3400 2447 3542 2518 ὑπὲρ
3595 2447 3754 2499 πάντα

2192 2545 2410 2596 νοεῖταιο
2451 2541 2518 2594 τὰ
2547 2541 2603 2594 δὲ
2637 2541 2804 2611 πάθη,
2834 2540 2909 2605 ὼς
2934 2541 2995 2594 τὸ
3030 2541 3223 2612 μικρὸν
3243 2587 3256 2607 λ
3291 2541 3384 2594 καὶ
3418 2541 3650 2612 μέτριον,
3673 2538 3752 2592 καὶ

2194 2633 2291 2687 σὺν
2328 2633 2474 2705 ἄλλῳ
2507 2631 2774 2700 νοοῦντα,
2810 2649 2902 2687 κα.
2952 2630 3074 2686 οὔτε
3125 2633 3273 2686 απλᾶ
3311 2632 3398 2686 διὰ
3441 2632 3618 2695 τοῦτο,
3649 2630 3754 2683 οὔτε

2193 2725 2524 2798 στοιχειώδη.
2555 2726 2627 2778 Τὸ
2661 2725 2718 2779 ἒν
2741 2714 2853 2789 οὖν,
2885 2725 2961 2789 ὼς
2999 2725 3241 2798 εἴρηται,
3275 2726 3410 2795 ὅπερ
3454 2722 3651 2777 ἁπλοῦν
3676 2722 3755 2775 καὶ

2190 2819 2419 2884 ἀπαθὲς,
2459 2819 2532 2890 μὴ
2567 2817 2690 2890 ἔχον
2719 2818 2788 2872 τὰ
2816 2818 3108 2888 λεχθέντα,
3142 2817 3265 2872 οὔτε
3300 2817 3376 2878 ὡς
3402 2816 3557 2885 γένος
3597 2815 3756 2868 θετέον

2189 2911 2298 2965 τῶν
2345 2911 2532 2966 ὄντων·
2577 2911 2646 2964 τὰ
2692 2910 2748 2964 δὲ
2789 2912 2922 2983 γένη
2973 2911 3190 2974 πάντως
3243 2911 3532 2982 διαιρεῖται
3581 2910 3658 2970 εἰς
3697 2905 3757 2959 τὰ

2189 3004 2325 3076 εῐδη,
2352 3002 2603 3058 άλλόῦτε
2636 3003 2897 3075 στιγμὴν,
2925 3002 2958 3074 ἢ
2989 3003 3190 3074 μονάδα
3215 3001 3439 3073 κυρίως·
3473 2998 3770 3076 ηέσινγὰρ.

2189 3097 2300 3169 ἔχει
2327 3095 2500 3152 ταῦτα
2543 3094 2682 3168 πρὸς
2723 3096 2792 3150 τὰ
2823 3094 3038 3172 ἑφεξῆς.
3073 3095 3144 3148 Τὸ
3191 3095 3249 3148 δέ
3293 3097 3441 3148 ἐστιν
3470 3091 3757 3146 ἁπλούστα-

2188 3207 2300 3254 τον,
2331 3188 2425 3243 καὶ
2470 3187 2595 3242 οὔτε
2639 3189 2766 3260 μίαν
2801 3186 3064 3259 διαφοράν
3106 3186 3245 3257 έχον-
3282 3185 3405 3239 οὔτε
3431 3184 3541 3256 γάρ
3569 3182 3760 3254 κίνησίν

2189 3299 2330 3346 τινα,
2382 3281 2478 3336 καὶ
2529 3281 2739 3347 στάσιν,
2786 3275 2896 3334 οἷον
2933 3279 3171 3352 ἠρεμίαν
3217 3278 3348 3350 ἔχει’
3403 3277 3517 3332 ἀλλ’
3547 3275 3667 3332 οὔτε
3707 3274 3760 3326 ὸν

2191 3372 2372 3428 θετέον
2395 3373 2526 3428 αὐτὸ
2549 3373 2612 3426 τὸ
2637 3372 2725 3439 ἐν,
2759 3372 2894 3426 ἀλλὰ
2915 3373 3089 3443 ἀρχὴν
3119 3371 3271 3435 ὄντος
3293 3371 3388 3424 καὶ
3420 3370 3659 3442 σπέρμα.
3685 3366 3764 3437 Τῷ

2189 3466 2246 3520 δὲ
2273 3466 2386 3520 ὄντι
2414 3465 2620 3538 πλῆθος
2652 3465 2710 3532 ἐξ
2751 3465 2997 3536 ἀνάγκης
3028 3465 3355 3535 παρέπεται,
3385 3463 3466 3535 τῷ
3499 3462 3685 3534 πλήθει
3707 3459 3764 3512 τὸ

2190 3558 2250 3612 ὸν
2284 3560 2660 3632 προσγίνεται,
2693 3559 2831 3629 ὅπερ
2873 3559 2972 3611 οὐκ
3005 3557 3150 3610 ἔστιν
3178 3557 3271 3610 ἐπὶ
3301 3556 3459 3610 Θεοῦ.
3488 3556 3563 3609 Τὸ
3590 3555 3691 3626 γὰρ
3709 3552 3763 3606 ὃν

2191 3653 2350 3706 οὐσία
2387 3653 2557 3715 ὲστὶν,
2595 3651 2702 3705 άπὸ
2733 3650 2828 3705 τοῦ
2871 3646 3031 3705 εἶναι.
3074 3650 3133 3702 '0
3158 3649 3217 3702 δὲ
3256 3649 3392 3712 Θεὸς
3425 3649 3521 3701 καὶ
3553 3645 3768 3720 ὑπερθύ-

2195 3761 2329 3809 σιος,
2360 3745 2454 3798 καὶ
2481 3744 2620 3816 ὑπὲρ
2646 3743 2706 3796 τὸ
2733 3743 2793 3798 ὸν
2813 3783 2827 3807 ,
2854 3743 2947 3798 καὶ
2991 3741 3187 3806 ἑνικῶς
3216 3742 3338 3795 ἀντὶ
3365 3739 3462 3792 τοῦ
3490 3739 3768 3814 ἐξαιρέτως

2195 3836 2290 3889 καὶ
2339 3837 2633 3908 ἀμιμήτως
2681 3837 2820 3908 ὑπὲρ
2867 3836 2930 3889 τὸ
2983 3835 3061 3888 ὃν·
3103 3836 3132 3886 6
3179 3833 3289 3906 γὰρ
3337 3832 3472 3896 Θεὸς
3501 3832 3572 3885 τὰ
3607 3832 3770 3886 πάντα

2194 3929 2312 3982 ἐστὶ
2358 3929 2452 3982 καὶ
2497 3929 2638 4001 ὑπὲρ
2673 3929 2872 3983 πάντα.
2905 3928 3234 4000 Θαυμασίως
3260 3919 3354 3979 οὖν
3401 3924 3472 3978 τὰ
3506 3926 3634 3996 περὶ
3658 3924 3767 3995 ἀρι-

2194 4019 2346 4092 θμῶν
2379 4020 2798 4092 φυσιολογήσας,
2836 4019 2956 4075 Κᾶν
2985 4019 3164 4090 τριάς,
3201 4017 3400 4085 ἐπάγει
3420 4055 3435 4080 ,
3481 4016 3585 4070 κᾶν
3620 4012 3770 4086 μονὰς

2193 4115 2439 4186 ὑμνεῖται
2469 4117 2503 4188 ἡ
2537 4115 2678 4186 ὑπὲρ
2705 4114 2883 4168 πάντα
2906 4113 3126 4184 Θεότης,
3158 4110 3281 4164 οὔτε
3308 4108 3472 4182 τριὰς
3508 4107 3634 4162 οὗτε
3683 4122 3770 4177 μο-

2194 4208 2291 4271 νάς
2315 4208 2486 4272 ἐστιν,
2527 4210 2560 4279 ή
2591 4207 2719 4278 παρ’
2741 4205 2900 4278 ἡμῶν
2940 4205 3008 4258 δι’
3042 4202 3290 4276 ἀριθμῶν
3319 4199 3712 4273 γνωριζομένη,
3737 4196 3770 4266 ἢ

2196 4299 2326 4370 παρ’
2373 4299 2582 4372 ἐτέρου·
2635 4299 2751 4352 ἀλλ’
2790 4298 2932 4369 ὑπὲρ
2978 4295 3155 4351 πάντα
3203 4292 3330 4348 νοῦν
3382 4294 3480 4348 καὶ
3530 4293 3646 4345 ἐστι
3687 4288 3773 4343 καὶ

2194 4389 2517 4461 ὀνομάζεται
2567 4391 2596 4443 6
2642 4390 2793 4455 Θεόςο
2841 4389 2930 4443 διὰ
2977 4388 3088 4459 γὰρ
3127 4385 3222 4440 τοῦ
3271 4387 3447 4439 εἰπεῖν
3495 4386 3636 4455 ὅπερ
3682 4380 3775 4434 οὐκ

2194 4479 2332 4546 ἐστι,
2365 4482 2592 4554 νοοῦμεν
2620 4482 2649 4535 ὅ
2672 4482 2730 4534 τί
2756 4483 2905 4536 ἐστιν
2927 4481 2955 4533 6
2980 4479 3130 4543 Θεός.

500 4559 722 4624 ruisset,
769 4562 920 4618 addit
951 4584 966 4619 :
993 4565 1109 4620 Etsi
1141 4565 1384 4623 Trinitas
1411 4609 1426 4634 ,
1472 4567 1576 4623 etsi
1623 4568 1806 4623 unitas
1852 4567 2102 4623 laudetur
2145 4585 2268 4640 quae
2317 4587 2486 4643 supra
2554 4573 2738 4628 omnia
2779 4571 2977 4636 deitas,
3025 4585 3207 4641 neque
3247 4569 3520 4636 Trinitas,
3594 4579 3768 4636 neque

500 4650 687 4708 unitas
720 4666 824 4720 est,
867 4672 987 4726 quae
1017 4673 1048 4712 a
1073 4660 1231 4715 nobis
1260 4679 1315 4716 in
1348 4663 1593 4719 numeris
1618 4665 1959 4736 agnoscitur,
1984 4672 2077 4718 aut
2113 4667 2183 4722 ab
2244 4668 2388 4735 alio;
2431 4685 2526 4725 seu
2556 4684 2723 4741 supra
2763 4684 2982 4724 omnem
3031 4675 3271 4724 mentem
3323 4676 3430 4731 est,
3498 4674 3556 4723 et
3611 4660 3779 4719 nomi-

501 4750 666 4798 natur
695 4744 870 4811 Deus;
894 4749 1127 4806 dicendo
1156 4753 1301 4807 enim
1333 4753 1481 4824 quod
1525 4769 1638 4809 non
1684 4765 1769 4811 est
1788 4795 1802 4822 ,
1831 4755 2184 4828 intelligimus
2216 4761 2348 4831 quid
2378 4761 2451 4816 sit
2481 4761 2646 4817 Deus.

572 4835 744 4907 Atque
791 4855 954 4895 unum
1000 4844 1172 4912 ipsum
1220 4846 1360 4915 quod
1405 4854 1484 4900 est
1531 4844 1867 4904 determinat.
1915 4849 2086 4906 Deum

2263 4857 2373 4910 Καὶ
2404 4856 2550 4911 αὐτὸ
2580 4856 2646 4909 τὸ
2678 4855 2750 4910 ἓν
2781 4855 2856 4908 ὃν
2879 4855 3090 4924 ὀρίζον.
3126 4854 3248 4907 Ὀτι
3273 4853 3370 4907 καὶ
3407 4853 3551 4922 ὑπὲρ
3579 4850 3640 4904 τὸ
3665 4846 3722 4900 ὃν
3750 4845 3782 4898 6

500 4942 624 4984 esse
654 4944 822 4999 supra
854 4931 910 4985 id
943 4934 1087 5002 quod
1112 4943 1218 4996 εει,
1244 4951 1369 4990 cum
1393 4938 1467 4993 sit
1494 4939 1701 5005 omnia,
1731 4947 1894 5011 atque
1916 4939 2094 5012 ipsius

499 5019 713 5074 numeri
739 5021 992 5077 conditor
1019 5031 1073 5078 et
1100 5024 1448 5082 adinventor.

569 5110 654 5164 Ad
698 5129 974 5167 numerum
1007 5126 1242 5185 spectat,
1276 5121 1569 5194 ἐνάριθμὸν
1609 5124 1740 5177 ἐστι.
1779 5123 1920 5180 Nota
1964 5126 2091 5180 ἐνά-

501 5201 698 5274 ριθμον
747 5206 1250 5266 manifestationem
1296 5215 1512 5270 numeri
1565 5215 1904 5288 signiﬁcare;
1959 5233 2091 5289 ergo

502 5311 673 5350 unum
708 5298 765 5352 in
797 5300 985 5366 rebus,
1019 5301 1074 5358 id
1099 5311 1185 5359 est
1214 5303 1268 5359 in
1299 5309 1570 5365 creaturis
1600 5311 1860 5381 positum,
1891 5325 2090 5366 secun-

505 5388 634 5444 dum
661 5394 876 5449 numeri
900 5405 1226 5467 conceptum
1255 5415 1351 5456 seu
1380 5402 1651 5457 rationem
1683 5404 1925 5472 ponitur.

577 5479 701 5537 Non
728 5493 808 5539 est
827 5487 1028 5543 unitas.
1053 5486 1182 5544 Noli
1224 5491 1545 5562 simpliciter
1588 5509 1684 5548 seu
1733 5494 2086 5565 singulariter

505 5571 717 5642 audire,
767 5577 902 5634 illud
952 5596 1059 5635 non
1111 5590 1192 5635 est
1240 5583 1420 5636 unitas
1476 5599 1639 5652 neque
1686 5585 1942 5650 trinitas;
1987 5585 2085 5641 sed

507 5663 658 5721 illius
697 5686 800 5725 non
837 5681 915 5727 est
959 5681 1222 5730 construe
1268 5689 1394 5728 cum
1424 5673 1799 5748 διεγνωσμένη
1839 5679 2088 5746 cognita;

507 5770 692 5813 sermo
731 5763 875 5816 enim
935 5780 1049 5820 non
1103 5767 1219 5821 vult
1264 5765 1633 5822 condemnare
1678 5784 1801 5839 qua;
1859 5770 1934 5824 ita
1991 5787 2090 5842 pro

508 5849 766 5910 confesso
809 5855 1102 5926 habentur,
1153 5855 1249 5916 sed
1293 5855 1466 5913 Deum
1503 5872 1626 5916 esse
1653 5859 2088 5932 investigabilem

518 5939 665 5972 δικ-δικ.

2195 4946 2350 5012 Θεὸς,
2381 4948 2458 5010 ὡς
2485 4947 2665 5002 πάντα
2716 4948 3008 5020 ὑπάρχων,
3040 4947 3136 5002 καὶ
3179 4945 3346 5009 αὐτὸς
3394 4945 3490 4998 τοῦ
3550 4934 3783 5014 ἀριθμοῦ

2195 5039 2424 5111 ποιητὴς
2445 5041 2540 5094 καὶ
2572 5042 2872 5114 έφευρετὴς
2897 5040 3176 5113 ὑπάρχων.

2277 5131 2622 5203 Ἐνάρι-θμόν
2659 5134 2814 5188 ἐστι.
2860 5133 3174 5204 Σημείωσαι
3213 5132 3304 5185 ὄτι
3349 5131 3412 5184 τὸ
3468 5125 3786 5201 ἐνάριθμον,

2198 5223 2434 5296 ἀριθμοῦ
2480 5225 2712 5297 δήλωσιν
2757 5225 3031 5298 σημαίνει’
3079 5225 3171 5278 ἐπὶ
3217 5226 3327 5278 τῶν
3368 5223 3544 5276 ὄντων
3589 5217 3785 5274 τοίνυν.

2196 5318 2442 5371 τουτέστι
2487 5317 2596 5371 τῶν
2642 5318 2992 5388 κτισμάτων,
3037 5317 3097 5370 τὸ
3139 5316 3196 5374 ἓν
3246 5315 3600 5387 ἐντιθέμενον
3650 5302 3790 5363 κατὰ

2195 5409 2433 5482 ἀριθμοῦ
2465 5410 2674 5464 ἔννοιαν
2701 5410 2928 5465 τίθεται.

2267 5503 2389 5556 Οὐκ
2427 5503 2601 5557 ἐστιν
2642 5502 2787 5557 οὐδὲ
2825 5501 3037 5573 μονάς.
3068 5503 3160 5576 Μὴ
3201 5503 3391 5568 ἁπλῶς
3420 5502 3482 5558 τὸ
3531 5496 3791 5557 οὐκέστι

2186 5595 2400 5664 μονὰς,
2418 5594 2560 5649 οὐδὲ
2581 5594 2746 5664 τριὰς
2771 5594 3090 5669 ὲξακούσῃς,
3111 5594 3248 5648 ἀλλὰ
3272 5595 3412 5668 πρὸς
3437 5593 3527 5659 τὸ,
3553 5593 3795 5658 διεγνω-

2187 5688 2404 5757 σμένη,
2433 5686 2686 5753 σύνταξον
2706 5689 2768 5742 τὸ
2796 5690 2907 5744 οὐκ
2923 5690 3112 5744 ἐστιν’
3136 5689 3196 5742 οὐ
3217 5688 3329 5761 γὰρ
3353 5687 3571 5761 ἀνελεῖν
3600 5680 3672 5736 τὰ
3697 5674 3797 5745 τῆς

2189 5779 2447 5850 τοιαύτης
2479 5781 2790 5852 ὁμολογίας,
2826 5782 2961 5840 ἀλλὰ
3007 5783 3069 5838 τὸ
3116 5781 3531 5857 ἀνεξιχνίαστον
3574 5779 3606 5832 6
3640 5770 3798 5840 λάτθς

2191 5869 2398 5938 διδάξαι
2433 5873 2698 5946 βούλεται.
