3882 6586
122 517 191 574 415
786 516 844 573 S.
881 516 1135 572 MAXIM!
1169 515 1465 576 SCHOLIA
1504 518 1576 574 IN
1611 517 1740 574 LIB.
1774 518 1866 574 DE
1895 519 2152 577 DIVINIS
2183 520 2583 582 NOMINIBUSZ

3211 521 3316 579 ιιι

167 633 246 690 Kal
282 631 343 686 τὸ
377 633 668 704 θεογόνον
708 633 961 705 ἀληθῶς.
995 634 1066 688 Τδ
1103 634 1350 705 θεογόνον
1379 636 1512 707 φησὶ
1539 635 1632 706 δη-

1803 635 1902 691 Dei
1926 637 2299 706 fecunditatem
2327 649 2376 696 et
2420 657 2555 696 vere.
2602 638 2746 694 Dicit
2791 638 3030 694 divinam
3062 638 3314 695 Iccundi-

121 727 281 784 λοῦσθαι
304 726 364 780 ὲκ
391 726 499 797 τῆς
532 728 822 798 ὀνομασίας
847 727 949 798 τῆς
983 726 1227 797 Τριάδος*
1265 729 1354 783 ἵνα
1378 729 1488 801 γὰρ
1519 745 1630 783 πα-

123 821 245 892 ραστῇ
269 818 368 872 τῶν
408 818 792 889 ἀνεκλαλήτων
820 819 1190 886 ὑποστάσεων,
1215 822 1249 891 ἡ
1281 820 1630 892 προσκυνήτὴ

121 913 334 982 ἕκφανσις,
366 915 395 965 6
418 911 653 984 ἀριθμὸς
676 911 960 984 ἐπενοήθη,
996 911 1140 968 καθά
1169 930 1302 984 φησι
1332 913 1630 976 Βασίλειος,

121 1007 183 1059 καὶ
205 1007 244 1058 οἱ
267 1005 392 1058 θεῖοι
420 1005 729 1077 Γρηγόριοι.
761 1003 984 1076 Γόνιμον
1010 1004 1068 1057 δὲ
1096 1004 1187 1058 τὸν
1223 1005 1442 1077 Πατέρα
1471 1023 1636 1060 κατα-

119 1097 364 1170 χρηστικῶς
405 1097 694 1168 ὠνόμασεν
717 1136 733 1162 ,
784 1096 877 1150 ἅτε
930 1096 1023 1152 καὶ
1075 1096 1449 1169 προσκυνητώ
1500 1095 1633 1150 Υίοῦ

120 1190 309 1262 Πατέρα,
341 1189 434 1244 καὶ
481 1189 577 1242 τοῦ
612 1189 1096 1261 συμπροσκυνητοῦ
1149 1191 1326 1252 αὐτοῖς
1371 1188 1634 1258 παναγίου

120 1284 375 1353 Πνεύματος
404 1283 612 1354 πηγήν.
653 1281 948 1352 Γονιμότης
972 1277 1148 1352 οὖν,,ἢ
1171 1281 1358 1354 ἕτερόν
1388 1298 1440 1335 τι
1465 1281 1634 1351 ὄνομα

115 1374 191 1428 τῶν
226 1375 666 1446 συνεγνωσμένων
695 1372 1022 1446 ἀνθρώποις,
1071 1372 1104 1446 ἢ
1151 1373 1246 1427 καὶ
1290 1373 1478 1436 αὐταῖς
1515 1374 1637 1436 ταῖς

116 1469 281 1538 νοηταῖς
312 1465 624 1537 δυνάμεσιν,
655 1464 755 1518 οὐκ
802 1464 869 1518 ἂν
915 1464 1284 1535 παραστήσειε
1327 1461 1538 1534 τρανῶς
1567 1461 1637 1516 τὰ

117 1558 168 1621 ὣς
191 1559 309 1611 εἰσιν
349 1559 414 1611 ὲκ
460 1558 680 1611 πάντων
707 1555 1174 1627 ἀποκεκρυμμένα
1204 1552 1298 1607 τοῦ
1326 1552 1482 1606 Θεοῦ·
1519 1553 1639 1616 πῶς

116 1651 192 1721 γὰρ
229 1649 437 1704 δυνατὸν
484 1649 752 1720 ὀνομάσαι
799 1648 906 1702 ἀπό
960 1664 1105 1710 τινος
1158 1645 1265 1700 τῶν
1323 1646 1492 1700 όντων
1546 1644 1640 1697 τὸν

115 1743 225 1807 Θεὸν,
258 1746 384 1816 μήτε
408 1741 590 1803 τιτῶν
612 1741 827 1796 πάντων
854 1740 1003 1809 ὄντα,
1028 1740 1162 1795 ἀλλά
1182 1741 1275 1794 καὶ⁸
1301 1740 1441 1811 ὑπὲρ
1461 1737 1641 1792 πάντα

114 1837 160 1897 τὰ
179 1837 318 1903 ivra;

163 1927 292 1984 Οὐδὲ
326 1925 518 1998 ὄνομα
565 1925 754 1995 αὐτῆς
801 1925 954 1980 ἐστι.
1006 1925 1205 1989 Καλῶς
1236 1926 1264 1978 6
1297 1924 1442 1988 θεῖος
1487 1918 1642 1989 οὗτος

1731 737 1900 784 tatem
1924 729 2192 786 declarari
2219 748 2284 788 ex
2321 733 2688 804 appellatione
2728 731 3040 788 Trinitatis.
3067 731 3137 787 Ut
3168 732 3317 787 enim

1733 820 2010 877 adoranda
2034 823 2386 880 inell‘abilium
2415 826 2891 882 subsistentiarum
2918 825 3318 881 demonstratio

1733 923 2238 985 reprzesentarctur,
2283 934 2547 975 numerus
2602 919 2943 989 excogitatus
2991 924 3116 982 est,
3172 916 3320 974 sicut

1734 1006 1866 1061 dicit
1892 1006 2126 1066 Basilius
2152 1020 2207 1066 et
2232 1011 2401 1066 divini
2439 1010 2707 1082 Gregorii.
2730 1011 2945 1066 Patrem
2969 1024 3098 1065 vero
3126 1007 3321 1064 fecun-

1735 1095 1864 1151 dum
1893 1097 2119 1155 abusive
2151 1102 2463 1172 appellavit,
2501 1112 2758 1172 tanquam
2801 1100 3066 1157 adorandi
3096 1115 3319 1170 quoque

1736 1187 1859 1244 Filii
1884 1191 2206 1262 genitorem,
2240 1200 2293 1247 et
2337 1195 2505 1250 simul
2550 1209 2676 1248 cum
2726 1193 2861 1264 ipsis
2895 1193 3154 1247 adorandi
3192 1190 3318 1262 Spi-

1735 1282 1876 1338 ritus
1907 1285 2084 1338 sancti
2113 1283 2335 1342 fontem.
2360 1284 2687 1342 Fecunditas
2713 1286 2899 1356 igitur,
2927 1284 3072 1339 aliud
3096 1282 3316 1354 aliquod

1737 1391 1938 1434 nomen
1982 1377 2297 1434 hominibus
2345 1386 2566 1444 notum,
2607 1379 2894 1434 autetiam
2936 1378 3071 1448 ipsis
3118 1378 3321 1432 intelli-

1739 1465 1994 1536 gibilibus
2033 1466 2333 1524 virtutibus
2380 1483 2481 1524 seu
2522 1469 2756 1538 angelis,
2794 1484 2906 1522 non
2949 1477 3133 1538 posset
3173 1468 3322 1524 clare

1738 1555 1998 1612 exhibere
2022 1555 2115 1612 Dei
2142 1560 2463 1616 abscondita
2487 1561 2632 1616 sicut
2672 1569 2800 1616 sunt
2821 1578 2842 1627 ;,
2879 1561 3154 1630 quomodo
3174 1562 3319 1615 enim

1741 1645 1907 1713 Deus,
1938 1649 2037 1719 qui
2066 1649 2205 1705 nihil
2242 1667 2427 1707 rerum
2445 1661 2552 1719 est,
2568 1653 2663 1709 sed
2694 1669 2860 1724 supra
2891 1669 3084 1709 omnes
3113 1669 3222 1720 res,
3253 1668 3322 1708 ex

1741 1740 1922 1811 aliqua
1956 1756 2018 1798 re
2047 1757 2246 1798 nomen
2277 1745 2525 1815 accipere
2553 1747 2778 1816 posset?

1814 1916 1998 1992 Neque
2025 1919 2140 1990 ejus
2170 1937 2356 1976 nomen
2387 1933 2485 1978 est.
2516 1923 2748 1980 Divinus
2775 1925 2866 1980 hic
2893 1925 3056 1996 229
3077 1924 3161 1980 vir
3183 1925 3326 1981 bene

112 2020 214 2092 ἀνὴρ
240 2019 395 2089 λέγει,
427 1991 514 2074 ότι
543 2019 666 2076 οὐδὲ
803 2018 974 2088 ὄνομα
1002 2017 1170 2088 αὐτῆς
1201 2019 1348 2071 ἐστιν
1368 2058 1383 2084 ,
1415 2017 1534 2071 οὐδὲ
1556 2017 1640 2070 λό-

1746 2013 1915 2070 dicit:
1950 2031 2130 2086 neque
2174 2017 2294 2087 ejus
2338 2032 2537 2072 nomen
2581 2029 2686 2082 cst,
2718 2035 2895 2090 neque
2928 2021 3106 2087 ratio;
3138 2020 3231 2075 sed
3266 2019 3326 2076 in

109 2111 340 2186 mam
371 2113 430 2164 ἐν
475 2111 702 2174 ἀϐάτοις
748 2110 1030 2182 ἐξῄρηται,
1063 2111 1122 2162 οὐ
1173 2109 1377 2174 τόποις,
1431 2109 1506 2180 μὴ
1551 2109 1644 2178 τέ’

109 2207 251 2259 von-0!
294 2204 421 2259 ἀλλά
449 2205 734 2275 λογισμοῖς
762 2203 857 2257 καὶ
885 2202 1264 2274 ὲνΘυμήσεσιν·
1299 2200 1499 2264 ἄϐατος
1532 2201 1643 2273 τὰρ

107 2300 234 2352 παντὶ
258 2297 328 2368 νῷ
371 2298 466 2351 καὶ
517 2295 810 2368 ὲνΘυμήσει
853 2297 883 2350 ό
931 2295 1059 2367 περὶ
1090 2292 1230 2347 Θεοῦ
1269 2292 1444 2362 λόγος.
1478 2291 1552 2345 Τὸ
1586 2292 1644 2346 δὲ

108 2391 213 2460 μήτε
253 2390 411 2460 ὄνομα
454 2388 623 2443 αὑτοῦ
670 2384 806 2440 εἶναι
827 2427 842 2452 ,
879 2387 1060 2450 καλῶς
1101 2387 1194 2440 καὶ
1221 2384 1645 2448 εὐαπαλλάκτως

103 2483 277 2553 νόησονο
309 2481 374 2536 τὰ
405 2481 518 2554 γὰρ
552 2481 681 2535 ὄντα
716 2481 893 2534 πάντα
921 2481 1016 2534 καὶ
1041 2479 1108 2534 δι’
1133 2481 1411 2534 ὀνομάτων
1437 2479 1532 2532 καὶ
1556 2476 1644 2532 διὰ

103 2575 396 2645 πραγμάτων
444 2572 766 2643 γνωστικῶν
829 2572 1204 2644 σημαίνονται.
1253 2572 1413 2624 Ποῖον
1463 2570 1644 2624 τοίνυν

100 2666 235 2738 ὄνομα
259 2668 292 2739 ἦ
325 2669 555 2739 πρᾶγμα
585 2667 810 2720 δυνατὸν
841 2667 1109 2721 ἐπιθεῖναι
1139 2664 1218 2736 τῷ
1238 2664 1376 2736 Θεῷ,
1405 2663 1486 2735 τῷ
1507 2665 1646 2735 ὑπὲρ

99 2763 244 2817 πάντα
265 2762 332 2816 τά
360 2763 490 2817 ὄντα
520 2760 616 2834 ὲξῃ
626 2779 688 2834 ρη
698 2761 863 2833 μένῳ,
889 2763 982 2815 καὶ
1009 2757 1421 2831 πεποιηκότιτά
1441 2759 1640 2825 πάντα,

97 2854 171 2907 καὶ
196 2855 341 2927 αίτίῳ
366 2855 475 2909 τῶν
515 2855 766 2918 πάντων;
802 2853 892 2906 Διὸ
933 2854 1026 2906 καὶ
1052 2852 1150 2923 τὴν
1196 2850 1513 2921 ἁγαθότητα
1544 2850 1644 2903 αὐ-

97 2946 175 3017 τὴν
211 2949 243 3020 ἢ
288 2948 344 3001 τὸ
384 2948 550 3002 καλόν
597 2964 762 3018 φησιν
810 2949 839 3000 6
884 2946 1024 3009 θεῖος
1072 2939 1228 3008 οὗτος
1260 2942 1532 3005 Διονύσιος
1569 2941 1644 3013 μὴ

94 3040 269 3108 κυρίως
290 3040 599 3112 ἐφαρμόσαι
622 3039 772 3111 αῦτῷ
808 3038 885 3110 τῷ
917 3039 1058 3110 Θεῷ,
1087 3037 1278 3109 ἐπειδὴ
1309 3036 1404 3090 καὶ
1446 3037 1504 3088 ὲν
1532 3036 1646 3098 τοῖς

93 3125 215 3184 οὖσιν
237 3132 580 3204 εὑρίσκονται
625 3130 816 3185 ταῦτα.
851 3131 961 3186 Καὶ
990 3129 1248 3201 ἀνωτέρω
1285 3127 1460 3190 οὕτως
1485 3126 1646 3198 εὑρή-

93 3237 206 3287 σεις,
232 3225 318 3284 ὄντι,
335 3223 506 3283 ταῦτα
539 3222 608 3276 τὰ
632 3223 780 3296 πάθη
807 3224 902 3277 καὶ
927 3221 1310 3294 συμϐεϐηκότα
1339 3218 1646 3289 λογίζονται

91 3315 136 3366 ἐν
161 3319 263 3381 τοῖς
288 3311 461 3381 οὖσιν,
497 3317 637 3389 ὅπερ
661 3317 762 3371 οὐκ
783 3315 930 3370 ἐστιν
963 3317 1057 3369 ἐπὶ
1084 3313 1220 3369 Θεοῦ
1249 3313 1344 3367 τοῦ
1375 3313 1647 3385 ὑπερανα-
1672 3344 1715 3404 c

89 3406 352 3480 ϐεϐηκότος
383 3409 634 3469 πάντων,
1473 3440 1476 3442 ~

155 3501 319 3556 Ἀλλὰ
349 3504 516 3566 πόθῳ
556 3501 666 3559 τοῦ
701 3500 883 3556 νοεῖν.
920 3501 1264 3578 Σημείωσαι,
1297 3498 1500 3572 ὡραῖόν
1534 3513 1633 3568 φη·

87 3608 175 3657 σιν,
206 3596 282 3649 ὃτι
313 3596 401 3650 διὰ
431 3597 494 3650 τὸ
526 3595 664 3659 ὅλως
694 3599 835 3650 νοεῖν
865 3614 956 3661 τι,
991 3598 1086 3651 καὶ
1116 3596 1292 3665 λέγειν
1325 3595 1452 3666 περὶ
1483 3590 1641 3655 Θεοῦ,

85 3686 150 3758 τῷ
178 3690 298 3760 περὶ
328 3689 496 3744 αὐτὸν
530 3688 683 3760 πόθῳ
715 3689 1101 3760 κατεχόμενοι,
1135 3689 1196 3741 τὸ
1226 3686 1336 3756 τῆς
1357 3683 1645 3754 ἀγαθότη-

83 3795 171 3846 τος
197 3781 362 3854 ὄνομα
396 3781 670 3837 ἐπέϐαλον
718 3782 796 3853 τῷ
841 3781 960 3852 Θεῷ
1007 3783 1058 3840 αἱ
1091 3781 1328 3850 Θεολόγοι
1349 3820 1362 3844 ,
1398 3781 1519 3837 ἐπεὶ
1551 3804 1646 3840 κυ-
1672 3851 1676 3856 λ

82 3873 199 3938 pho;
237 3877 328 3929 καὶ
376 3874 729 3948 ὑπεράγαθος
761 3876 854 3929 καὶ
885 3875 1208 3948 ὑπερούσιός
1252 3877 1400 3930 ἐστιν
1431 3879 1460 3930 6
1492 3877 1641 3942 Θεός.

89 3962 144 4016 Ἡ
170 3966 221 4019 δὲ
244 3968 544 4038 ἀγαθότης
565 4007 582 4033 ,
611 3968 687 4032 ὥς
710 3985 875 4038 φησιν
900 3961 1054 4031 οὗτος
1073 4007 1087 4033 ,
1119 3970 1444 4040 σεμνότατον
1474 3971 1646 4041 ὅνομα

77 4056 172 4109 τῶν
203 4060 439 4116 πάντων.
494 4061 563 4113 At
611 4060 668 4114 δὲ
715 4061 1049 4131 ἀποφάσεις,
1083 4062 1203 4132 ήτοι
1251 4063 1506 4134 ἀρνήσεις
1549 4063 1646 4116 καὶ

79 4155 374 4225 στερήσεις,
413 4155 513 4208 ἐπὶ
545 4153 682 4208 Θεοῦ
715 4155 814 4226 οὐχ
845 4154 1032 4219 ἁπλῶς
1079 4155 1324 4226 εἴρηνται
1367 4156 1478 4218 τοῖς
1523 4153 1644 4207 θεο-

72 4239 233 4311 λόγοις
254 4265 266 4281 ⁸
301 4250 366 4302 οὐ
401 4248 537 4320 γὰρ,
573 4247 650 4312 ὡς
680 4247 959 4316 λέγονται,
993 4248 1278 4312 νοοῦνται,
1313 4247 1446 4302 ἀλλά
1478 4249 1646 4320 ὑπερ-

71 4336 477 4410 αναϐεϐηκότως
527 4340 890 4411 Θεωροῦνται·
937 4340 999 4395 τδ
1042 4341 1150 4413 γὰρ
1182 4339 1478 4406 ἀθάνατος
1503 4379 1518 4403 ,
1552 4341 1646 4393 καὶ

69 4426 328 4499 ἀόρατος,
348 4433 451 4487 καὶ⁵
482 4432 807 4502 ἄφθαρτος,
824 4433 917 4486 καί
947 4431 1258 4502 ἀνενδεὴς,
1278 4434 1371 4486 καὶ
1384 4431 1646 4503 ἀναμάρ-

67 4535 254 4589 τητος,
287 4527 393 4580 οὐκ
426 4526 494 4581 άν
527 4542 646 4590 τις,
684 4525 876 4596 σοφίας
915 4525 1188 4597 μετέχων,
1237 4525 1644 4597 δημωδέστερον

65 4612 316 4672 ὑπολάϐοι
338 4636 353 4650 ·
391 4618 522 4673 οὔτε
554 4619 656 4672 ὅσα
688 4619 782 4672 ἐπὶ
813 4618 949 4672 Θεοῦ
981 4619 1207 4672 τοιαῦτα
1239 4619 1476 4688 λέγεται,
1510 4619 1645 4674 ἀλλὰ

1742 2105 1821 2162 iis
1840 2107 1908 2161 ad
1935 2122 2058 2178 quae
2085 2108 2270 2164 aditus
2299 2124 2408 2163 non
2450 2117 2622 2179 patet,
2653 2119 2864 2166 secreta
2895 2120 3000 2176 est,
3019 2127 3124 2166 non
3159 2113 3320 2178 locis,

1742 2197 1925 2254 absit!
2000 2201 2097 2257 sed
2160 2201 2705 2258 ratiocinationibus.
2741 2211 2796 2259 et
2875 2205 3324 2275 cogitationibus.

1743 2287 1936 2345 Sermo
1966 2295 2108 2346 enim
2155 2292 2224 2348 de
2254 2292 2364 2348 Deo
2411 2293 2730 2350 inaccessus
2761 2305 2844 2350 est
2889 2297 3035 2350 omni
3069 2297 3236 2351 menti
3272 2303 3328 2351 et

1741 2383 2081 2454 cogitationi.
2131 2383 2304 2440 Porro
2356 2385 2510 2449 illud,
2557 2403 2735 2457 neque
2777 2387 2897 2457 ejus
2934 2403 3132 2442 nomen
3162 2403 3322 2452 esse,

1740 2474 1879 2530 bene
1904 2480 1958 2528 et
2001 2473 2260 2530 distincte
2313 2477 2586 2548 intellige;
2621 2493 2746 2532 nam
2794 2480 2978 2534 omnia
3007 2495 3130 2550 qum
3172 2488 3324 2546 sunt,

1742 2565 2059 2622 nominibus
2100 2574 2154 2621 et
2193 2568 2504 2625 actionibus
2551 2571 2939 2641 cogitationem
2988 2572 3329 2642 parientibus

1742 2657 2142 2728 signiﬁcantur.
2173 2659 2347 2726 Quale
2387 2661 2555 2731 igitur
2606 2677 2828 2727 nomen,
2884 2671 2979 2718 aut
3026 2665 3172 2719 actio
3221 2664 3330 2719 Deo

1743 2749 1949 2819 imponi
1981 2752 2199 2820 poterit,
2234 2752 2328 2823 qui
2359 2753 2429 2808 ab
2459 2753 2716 2808 omnibus
2739 2770 2861 2824 qua:
2894 2762 3023 2810 sunt
3055 2763 3327 2820 secretus,

1743 2848 1798 2896 et
1825 2843 2070 2896 omnium
2106 2844 2380 2912 conditor,
2414 2861 2478 2900 ae
2508 2847 2751 2900 omnium
2782 2855 2868 2904 est
2907 2856 3121 2903 auctor.
3149 2847 3330 2915 Quare

1743 2931 1962 2988 divinus
2011 2932 2098 2987 hic
2146 2932 2444 3006 Dionysius
2495 2935 2630 2990 dicit
2673 2937 2849 3007 ipsam
2885 2938 3181 2994 bonitatem
3234 2946 3330 2993 aut

1745 3024 2029 3095 pulchrum
2055 3041 2163 3081 non
2197 3027 2419 3099 pr0prie
2441 3027 2552 3084 Deo
2581 3030 2896 3096 convenire,
2929 3031 3187 3101 quoniam
3211 3031 3330 3086 haec

1745 3119 1910 3172 etiam
1954 3120 2007 3173 in
2040 3119 2202 3175 rebus
2238 3120 2632 3189 inveniuntur;
2665 3132 2720 3180 et
2750 3125 3006 3194 superius
3053 3123 3131 3178 ita
3170 3139 3330 3196 repe-

1744 3209 1879 3272 rias,
1927 3209 2244 3266 aﬂ‘ectiones
2289 3211 2387 3269 bas
2434 3221 2488 3268 et
2535 3214 2841 3269 accidentia
2890 3215 3232 3271 considerari
3274 3215 3332 3271 in

1746 3301 1946 3367 rebus,
1991 3305 2138 3374 quod
2167 3317 2278 3360 non
2318 3305 2447 3362 licet
2506 3307 2563 3362 in
2620 3307 2732 3364 Deo
2777 3309 2872 3379 qui
2927 3309 3109 3366 omnia
3173 3317 3331 3364 tran-

1748 3393 1984 3448 scendit.
2441 3442 2452 3466 ί

1816 3483 1920 3542 Sed
1943 3485 2204 3542 desiderio
2229 3489 2571 3561 intelligendi.
2596 3490 2759 3559 Nota,
2785 3502 3014 3550 venuste
3043 3495 3139 3560 ait,
3172 3495 3329 3550 theo-

1745 3577 1900 3650 logos
1944 3586 2005 3633 nt
2055 3581 2264 3650 aliquid
2310 3584 2537 3639 omnino
2580 3585 2989 3657 intelligerent,
3023 3595 3078 3642 et
3123 3587 3190 3642 de
3220 3587 3332 3644 Deo

1744 3670 2013 3736 dicerent,
2050 3674 2225 3744 ipsius
2273 3674 2548 3732 desiderio
2582 3688 2870 3749 correptos
2893 3719 2906 3742 ,
2937 3696 3134 3734 nomen
3167 3679 3330 3734 boni-

1744 3763 1876 3820 tatis
1899 3762 2010 3820 Deo
2040 3765 2392 3836 imposuisse,
2422 3771 2675 3839 quamvis
2703 3771 2926 3841 proprie
2963 3771 3104 3827 Deus
3137 3773 3210 3828 sit
3236 3788 3336 3828 su-

1745 3873 1845 3928 pra
1876 3859 2178 3915 bonitatem
2205 3871 2258 3916 et
2289 3876 2456 3932 supra
2497 3863 2819 3918 essentiam.
2854 3863 3100 3930 Bonitas,
3142 3871 3204 3919 ut
3237 3864 3330 3920 hic

1745 3951 1839 4014 ait,
1864 3966 2064 4007 nomen
2085 3952 2332 4007 omnium
2354 3954 2805 4024 augustissimum
2827 3971 2842 4021 ;
2875 3955 3179 4025 ἀποφάσεις
3198 3969 3337 4011 vero

1745 4058 1842 4098 seu
1873 4043 2191 4115 negationes
2213 4052 2266 4099 et
2288 4045 2646 4115 privationes,
2664 4045 2720 4100 in
2733 4045 2866 4112 Deo,
2884 4061 2992 4101 non
3006 4047 3334 4118 simpliciter

1746 4135 2058 4208 atheologis
2072 4135 2356 4202 dicuntur;
2388 4153 2497 4192 non
2529 4138 2674 4192 enim
2705 4138 2849 4194 sicut
2865 4138 3127 4194 dicuntur
3148 4140 3222 4196 ita
3241 4141 3330 4197 in-

1745 4229 2086 4299 telliguntur,
2113 4227 2208 4285 sed
2224 4229 2384 4284 modo
2400 4231 2866 4286 transcendentali
2881 4232 3326 4291 considerantur.

1743 4319 1881 4374 Nam
1918 4321 2239 4376 immortalis
2266 4322 2671 4377 etindivisibilis
2707 4331 2760 4377 et
2791 4324 3233 4394 incorruptibilis,
3273 4334 3328 4381 et

1745 4411 1944 4467 nullius
1972 4413 2204 4484 indigus,
2239 4414 2620 4483 impeccabilis,
2657 4416 2841 4471 nullus
2885 4417 3169 4486 sapientiae
3198 4433 3327 4488 par-

1745 4509 1921 4579 ticeps
1951 4507 2118 4565 modo.
2139 4508 2348 4580 vulgari
2372 4509 2630 4579 excipiet,
2647 4525 2747 4564 nec
2775 4510 2959 4564 omnia
2985 4509 3185 4565 similia
3208 4527 3330 4581 quae

1747 4599 1814 4656 de
1829 4599 1942 4656 Deo
1971 4600 2265 4668 dicuntur;
2299 4601 2416 4667 sed,
2442 4601 2511 4656 ab
2530 4601 2596 4656 iis
2610 4617 2731 4672 qua:
2745 4601 3100 4657 declarantur
3123 4603 3327 4658 abhor-

60 4704 164 4758 τῶν
208 4708 559 4783 δηλουμένων
609 4711 955 4782 ἐξιστάμενος
999 4713 1092 4765 ἐπὶ
1135 4712 1234 4776 τὰς
1281 4713 1640 4784 σεσιγημένας

1746 4709 1908 4760 rens,
1939 4695 1995 4749 in
2049 4695 2245 4750 tacitas
2283 4701 2338 4750 et
2390 4694 2691 4751 diviniores
2746 4696 3108 4768 cogitationes
3151 4699 3330 4768 suspi-

55 4803 150 4854 καὶ
183 4803 469 4879 θειοτέρας
502 4805 713 4862 ἐννοίας
757 4804 1039 4858 ἀνανεύσει
1062 4821 1076 4835 ·
1111 4804 1191 4858 διὸ
1227 4805 1321 4859 καὶ
1369 4805 1648 4876 θειοτέρας

58 4891 365 4967 Θεωνυμίας
400 4898 604 4970 ἐφεξῆς
635 4897 806 4962 αὐτάς
838 4897 1018 4962 καλῶς
1063 4897 1480 4971 προσαγορεύει.
1529 4895 1648 4963 Ἐξ-

51 4991 316 5062 ισταμένη
352 4992 469 5064 γὰρ
501 4993 536 5062 ὴ
567 4989 712 5061 ψυχὴ
745 4989 852 5044 τῶν
887 4989 1210 5061 σωματικῶν
1243 4990 1432 5044 πασῶν
1465 4989 1649 5061 αἰσθή-

50 5093 194 5132 σεων
225 5085 322 5137 καὶ
354 5083 668 5154 κοσμικῶν,
702 5081 874 5134 ταῦτα
906 5083 1014 5153 γὰρ
1047 5084 1212 5154 ἑαυτῇ
1247 5084 1470 5154 ἐποίησε
1506 5083 1646 5154 σύμ-

42 5171 193 5238 φυλα
212 5190 226 5203 ·
261 5175 415 5229 οὕτω
452 5175 780 5229 συνάπτεται
819 5173 897 5244 τῷ
929 5176 1221 5246 ἀκραιφνεῖ
1252 5174 1351 5245 τῆς
1383 5173 1643 5243 γνώσεως

42 5263 137 5316 τοῦ
174 5265 312 5321 Θεοῦ
338 5309 353 5332 ,
392 5269 520 5322 καθ’
544 5270 669 5321 ὅσον
699 5267 920 5322 δυνατόν
941 5269 1088 5320 ἐστιν
1111 5267 1424 5340 ἀνθρωπίνῃ
1459 5267 1640 5338 φύσει,

41 5353 113 5418 ὥς
163 5362 262 5414 καὶ
293 5362 326 5413 6
374 5360 704 5422 ’Δπόστολος
748 5360 1040 5413 αἰνίττεται
1085 5359 1290 5428 λέγων’
1337 5361 1447 5414 Καὶ
1492 5360 1644 5414 οὕτω

41 5449 306 5507 πάντοτε
338 5454 472 5508 σὺν
506 5453 705 5520 Κυρίῳ
738 5452 996 5522 ἐσόμεθα
1016 5469 1031 5483 ο
1056 5454 1150 5507 καὶ
1183 5453 1375 5508 πάλιν
1410 5453 1540 5508 Νῦν
1564 5453 1644 5518 ὠς

41 5536 98 5589 ἓν
131 5542 460 5614 αἰνίγματι
496 5545 596 5599 καὶ
644 5544 714 5596 ἐν
732 5543 1004 5613 ἐσόπτρῳ
1043 5544 1294 5617 ὁρῶμεν·
1319 5547 1451 5600 τότε
1473 5544 1542 5598 δὲ
1578 5546 1643 5599 τὸ

41 5631 381 5695 κρόσωπον
421 5635 576 5704 πρὸς
597 5635 920 5703 πρόσωπον
947 5635 1232 5705 ὀψόμεθα.
1542 5665 1546 5672 ν

105 5721 193 5774 Τὸ
232 5727 368 5782 τῶν
414 5728 730 5800 ὀνομάτων
771 5729 1160 5783 σεπτότατον.
1207 5728 1520 5800 Σημείωσαι
1563 5729 1646 5783 ὃτι

41 5811 266 5871 τάντων
303 5821 602 5892 ὀνομάτων
648 5821 974 5876 σεπτότατον
1005 5823 1044 5890 ἡ
1081 5822 1374 5890 ἀγαθότης
1393 5839 1408 5852 ·
1441 5822 1521 5875 διὸ
1552 5823 1647 5876 καὶ

41 5903 284 5974 rm;
313 5915 403 5985 τῷ
445 5913 562 5985 Θεῷ
591 5913 910 5985 ἀφιέρωται.

99 6029 130 6060 ⁸
161 6018 187 6075 Ι
219 6019 442 6085 Thess.
481 6041 569 6094 iv.
606 6024 698 6086 ιο..

1744 4785 1888 4854 ciet;
1921 4795 2209 4857 propterea
2237 4787 2402 4842 etiam
2446 4786 2720 4843 diviniora
2749 4787 2846 4843 Dei
2882 4788 3108 4845 nomina
3138 4799 3333 4858 postea

1745 4878 1894 4951 ipsas
1933 4882 2189 4952 appellat.
2230 4879 2365 4936 Nam
2408 4880 2590 4937 anima
2623 4882 2716 4935 ubi
2753 4881 3034 4951 corporeis
3069 4881 3328 4935 omnibus

1747 4973 2002 5029 sensibus
2029 4981 2082 5028 et
2104 4974 2268 5029 rebus
2293 4973 2586 5030 mundanis
2616 4990 2676 5029 se
2709 4973 3002 5037 abdicarit,
3034 4974 3150 5028 haec
3180 4972 3327 5026 enim

1747 5066 1851 5126 sibi
1885 5066 2177 5126 familiaria
2212 5067 2360 5132 fecit,
2388 5078 2502 5121 tum
2526 5067 2838 5138 purissime
2875 5065 2971 5121 Dei
3002 5063 3323 5135 cognitioni,

1745 5167 2013 5230 quantum
2045 5169 2258 5214 natura:
2287 5160 2542 5214 humana:
2588 5159 2738 5223 licet,
2771 5157 3146 5228 conjungitur,
3181 5155 3328 5209 sicut

1743 5253 2042 5324 Apostolus
2072 5251 2340 5317 insinuat,
2373 5250 2606 5308 dicens:
2645 5249 2716 5304 Et
2744 5251 2821 5304 sic
2845 5265 3045 5319 semper
3068 5263 3181 5301 cum
3213 5245 3325 5299 Do.-

1744 5347 1886 5402 mino
1910 5347 2107 5400 erimus
2129 5353 2173 5410 ‘,
2205 5352 2260 5400 et
2293 5345 2494 5400 iterum
2521 5363 2535 5399 :
2578 5343 2630 5396 Ν
2639 5359 2737 5397 unc
2769 5345 2905 5396 sicut
2953 5343 3007 5394 in
3047 5339 3333 5407 wiziginate

1745 5447 1796 5492 et
1815 5437 2028 5509 speculo
2048 5439 2286 5492 videmus
2313 5453 2334 5491 :
2361 5446 2475 5491 tum
2514 5447 2693 5492 autem
2727 5435 2866 5506 facie
2916 5433 2988 5487 ad
3015 5430 3215 5501 faciem
3244 5430 3328 5484 νῖ-

1745 5529 1982 5585 debimus
2018 5528 2064 5586 ι.

1820 5723 2110 5782 Nominum
2152 5727 2383 5783 maxime
2421 5725 2726 5783 venerabile.
2761 5723 2900 5780 Nota
2934 5720 3178 5778 omnium
3215 5735 3322 5781 no-

1752 5817 1960 5873 minum
1986 5819 2439 5888 augustissimum
2477 5835 2602 5876 esse
2628 5818 2857 5883 bonitas,
2890 5817 3120 5888 ideoque
3144 5815 3335 5887 primo

1754 5911 1866 5967 Deo
1883 5910 2179 5969 dedicatur.

803 6025 823 6066 ⁸
849 6025 1015 6085 lCor.
1059 6043 1180 6096 xm,
1220 6026 1469 6103 l2._\lidc
1501 6025 1634 6082 Nov.
1672 6024 1820 6084 Test.
1854 6025 2025 6086 Graec.
2061 6025 2196 6095 Aug.
2236 6023 2452 6081 Schutz.
