3882 6532
124 456 216 516 H7

804 453 861 512 ε.
897 451 1155 510 ΜΑΧιιιι
1196 448 1488 511 Scaeua
1521 453 1589 510 IN
1617 443 1760 512 LIB.
1795 452 1884 509 DE
1922 442 2234 513 Mts‘rtcs
2259 456 2673 516 THEOLOGIA.

3265 458 3372 523 λιι-8

124 571 361 643 ἀνοησίαν
390 569 660 624 ἐκάλεσεν
678 585 691 599 ·
722 569 952 624 ἐνταῦθα
979 570 1035 623 δὲ
1068 571 1467 626 σκοτεινότατον
1491 559 1681 642 γνόφος

1794 571 2052 644 ἀνοησίαν
2089 573 2440 645 cogitationis
2487 576 2858 642 vacuitatem;
2905 589 3052 634 nunc
3087 596 3218 637 vero
3249 603 3375 640 σκο-

123 666 202 722 κσὶ
229 664 464 735 ἀόρατον
498 661 644 717 κατά
667 661 764 715 τὸν
791 662 1092 733 Ψαλμῳδὸν
1112 703 1126 728 ,
1156 664 1392 734 Νεφέλη
1427 665 1524 720 καὶ
1554 666 1691 735 γνό-

124 774 220 827 φος
243 754 668 820 κύσωῑῳαὺτοῦ
687 770 701 785 υ
734 755 853 821 καὶ,
872 757 1079 810 Ἕθετο
1094 756 1312 822 σκότος
1332 755 1694 827 ἀποκρυφὴγ

123 847 310 904 αὑτοῦ.

184 1031 322 1106 Τοὺς
345 1031 738 1101 ἀνομμάτους
766 1031 931 1097 νόας.
951 1031 1026 1085 Οὐ
1051 1030 1160 1104 γὰρ
1185 1029 1461 1104 αἰσθητῶν
1491 1030 1692 1100 ὀφθαλ-

123 1111 222 1197 μῶν
251 1127 356 1178 εἰσι
389 1123 587 1196 μεστοῖ
605 1163 620 1188 ,
648 1113 764 1177 ἀλλ’
795 1125 943 1177 ἐστὶν
975 1123 1155 1178 αὐτῶν
1182 1127 1215 1196 ἠ
1246 1126 1402 1178 οὐσία
1421 1164 1436 1187 ,
1464 1125 1559 1179 ἆτε
1582 1124 1690 1190 ζῶν

120 1219 258 1283 νοῦς,
303 1216 404 1288 ὅλη
448 1217 733 1288 ὀφθαλμὸς
773 1215 1256 1289 ὁξυδερκέστατος·
1291 1216 1412 1272 ὅθεν
1454 1219 1546 1272 καὶ
1593 1235 1690 1271 πο-

121 1309 402 1382 λυόμματοι
431 1309 685 1379 λέγονται
717 1310 774 1362 ὲν
802 1313 869 1382 τῇ
900 1310 1109 1382 Γραφῇ.

176 1403 279 1456 Καὶ
330 1403 440 1470 τὰς
483 1401 804 1470 αἰσθήσεις
847 1403 1156 1460 ἀπόλειπε.
1204 1405 1298 1459 Ἐκ
1341 1403 1686 1478 παραλλήλου

120 1496 170 1550 τὸ
197 1496 324 1550 αὐτὸ
350 1495 612 1568 δηλοῦται
635 1513 649 1528 ·
681 1497 753 1550 τὰ
780 1495 894 1570 γὰρ
922 1497 1157 1570 αἰσθητά
1179 1496 1320 1551 αὐτὰ
1347 1497 1607 1553 καλοῦσιν
1634 1499 1684 1552 oi

121 1590 316 1643 παλαιοὶ
343 1589 436 1660 μὴ
485 1590 652 1654 ὄντα,
684 1589 781 1644 ἅτε
815 1589 1114 1662 μεταϐολῆς
1133 1590 1350 1662 ἀπάσης
1371 1589 1682 1663 μετέχοντα,

119 1683 199 1736 καὶ
228 1681 301 1754 μὴ
327 1682 600 1747 ὡσαύτως
630 1683 717 1736 ἀεὶ
745 1683 873 1736 ὄντα
893 1699 908 1713 ·
937 1682 1007 1736 τὰ
1035 1683 1090 1737 δὲ
1119 1682 1282 1754 νοητά
1303 1723 1317 1747 ,
1347 1683 1422 1746 ὡς
1449 1683 1535 1738 ἀεὶ
1556 1683 1684 1737 ὄντα

121 1773 340 1829 ἀθάνατα
375 1775 634 1847 βουλήσει
665 1774 761 1828 τοῦ
792 1777 1116 1847 ποιήσαντος
1148 1777 1250 1829 καὶ
1267 1774 1364 1846 τὴν
1383 1775 1570 1828 οὐσίαν
1606 1775 1682 1848 μὴ

127 1868 552 1940 μεταϐάλλοντα,
602 1867 852 1939 λέγουσιν
895 1869 1057 1923 Ma.
1094 1867 1280 1922 Ταῦτα
1326 1868 1382 1922 δὲ
1425 1868 1683 1934 πολλάκις

1785 666 2100 720 ’τεινότατον
2137 666 2356 737 γνόφον,
2388 669 2840 724 obscurissimam
2877 673 3167 745 caliginem
3198 693 3263 734 ac
3289 681 3375 737 iu-

1792 758 2100 824 visibilem;
2145 759 2304 829 juxta
2350 760 2684 832 psalmorum
2716 763 3009 820 Cantorem
3047 781 3060 818 :
3097 765 3279 826 Nubes
3321 782 3373 829 et

1794 849 1963 918 caligo
1991 849 2044 902 in
2076 849 2300 904 circuitu
2322 848 2438 919 ejus
2465 859 2524 917 8;
2557 859 2611 906 et
2643 867 2655 902 :
2683 850 2876 908 Posuit
2907 854 3146 912 tenebras
3173 857 3376 914 latibu-

1793 939 1902 993 lum
1935 956 2090 994 suum
2113 942 2164 996 ιι.
3344 963 3351 966 ’

1859 1031 2017 1102 231
2072 1031 2274 1089 Mentes
2313 1033 2481 1088 oculis
2513 1044 2720 1105 captas.
2747 1033 2868 1091 Non
2903 1037 3046 1093 enim
3076 1041 3373 1101 sensilibus

1790 1124 1966 1179 oculis
2012 1124 2158 1195 pleni
2204 1137 2353 1191 sunt,
2393 1128 2487 1183 sed
2523 1142 2714 1181 eorum
2765 1130 3008 1185 essentia
3050 1141 3169 1198 est,
3221 1137 3372 1191 velut

1789 1223 1946 1269 mens
1982 1216 2124 1279 viva,
2161 1223 2274 1270 tota
2309 1219 2502 1273 oculus
2547 1220 2852 1275 acutissimi
2888 1221 3079 1291 visus;
3111 1226 3256 1282 unde
3287 1228 3366 1281 di-

1789 1313 1992 1361 cuntur
2022 1307 2077 1362 in
2107 1308 2390 1380 Scriptura
2423 1312 2625 1367 multos
2657 1313 2858 1369 habere
2885 1316 3098 1373 oculos.

1858 1401 1930 1455 Et
1975 1421 2159 1459 sensus
2195 1407 2449 1478 relinque.
2489 1406 2604 1463 Hoc
2631 1424 2696 1464 ex
2729 1417 2921 1465 mutua
2960 1413 3404 1483 comparatione'

1788 1493 2130 1565 declaratur;
2164 1515 2289 1555 nam
2333 1502 2541 1573 antiqui
2595 1507 2862 1559 non-entia
2894 1519 3160 1563 vocarunt
3191 1509 3370 1566 sensi-

1788 1587 1894 1654 lia,
1937 1591 2064 1661 quia
2111 1608 2328 1648 omnem
2365 1597 2721 1653 mutationem
2763 1601 3130 1672 participant,
3165 1612 3218 1658 et
3256 1618 3368 1658 non

1786 1689 1917 1738 sunt
1950 1699 2166 1756 semper
2205 1685 2395 1742 eodem
2432 1688 2596 1744 modo
2635 1708 2649 1745 :
2683 1690 3045 1764 intelligibilia
3075 1711 3201 1750 vero
3225 1699 3367 1752 entia

1789 1775 1982 1832 dicunt
2028 1778 2156 1848 quia
2187 1778 2470 1836 voluntate
2514 1780 2797 1838 Creatoris
2844 1786 2995 1840 velut
3034 1785 3367 1843 immortalia

1787 1879 1917 1926 sunt
1944 1886 2048 1927 nec
2091 1872 2458 1928 substantiam
2505 1885 2741 1934 mutant.
2788 1873 2913 1934 Haec
2953 1880 3186 1951 saepein
3225 1880 3367 1937 libro

115 1961 586 2032 ’παρατεθείκαμεν
615 1963 673 2015 ἐν
703 1961 782 2032 τῷ
810 1961 950 2031 Περὶ
983 1962 1154 2016 θείων
1184 1961 1490 2031 ὀνομάτων
1519 1959 1681 2034 λόγῳ.

1794 1958 1865 2015 De
1901 1959 2092 2016 divinis
2119 1963 2421 2020 nominibus
2452 1968 2830 2038 exposuimus.

187 2055 349 2124 Ὑπὲρ
389 2054 603 2112 πᾶσαν
652 2055 894 2110 οὐσίαν.
937 2053 1047 2125 Τὴν
1089 2053 1367 2126 ἁπλότητα
1410 2055 1503 2107 καὶ
1543 2055 1684 2129 ὑπὲρ

113 2147 280 2202 ’πᾶσαν
307 2148 492 2203 Eva/Ba.
523 2148 651 2212 Πῶς
679 2149 737 2203 δὲ
763 2147 1055 2219 ἀγνώστως
1071 2147 1416 2203 ἀνατείνεταί
1439 2164 1522 2212 τις
1550 2148 1686 2220 πρὸς

122 2243 254 2308 Θεὸν,
293 2243 386 2296 καὶ
437 2243 498 2296 ὲν
525 2241 619 2314 ’τῷ
658 2242 796 2311 Περὶ
841 2241 1363 2311 θείωννὼιομάτων
1407 2239 1686 2312 κεφαλαίῳ

122 2336 335 2408 πέμπτῳ
361 2336 607 2410 εἴρηται,
623 2335 715 2390 καὶ
742 2335 976 2390 ἐνταῦθα
1006 2334 1144 2408 μετά
1170 2334 1376 2408 βραχέα
1399 2335 1670 2408 εὑρήσεις.

193 2514 434 2585 Ἁσχέτῳ
491 2516 591 2571 καὶ
623 2517 922 2582 ἁπολύτῳ.
955 2517 1216 2589 Ἀσχετον
1262 2516 1517 2572 ἔκστασίν
1549 2535 1681 2590 φησι

123 2606 206 2678 τὴν
231 2608 578 2680 ἀναχώρησιν
610 2609 791 2681 πάσης
824 2610 1089 2680 σχέσεως,
1119 2609 1241 2663 ἀντὶ
1270 2609 1364 2663 τοῦ
1395 2609 1480 2664 ἵνα
1515 2610 1681 2682 μηδε-

126 2701 522 2771 μιᾷκατέχοιτο
560 2701 777 2772 σχέσει,
812 2703 948 2774 μήτε
980 2702 1118 2774 πρὸς
1156 2701 1338 2768 αὐτὸν,
1377 2703 1514 2774 μήτε
1545 2703 1683 2776 πρός

121 2805 168 2842 τι
190 2791 288 2844 τῶν
311 2793 660 2865 κτισμάτων.

181 2885 433 2951 Σκότους
461 2884 697 2940 ἀκτῖνα.
730 2885 842 2939 Καὶ
869 2885 1106 2941 ἐνταῦθα
1122 2885 1312 2951 σκότος
1328 2883 1427 2958 τὴν
1444 2883 1678 2958 παντελῆ

122 2976 474 3048 ἀκαταληψίαν
505 2977 632 3048 ἔφη.

181 3069 205 3139 §
231 3071 293 3122 ll.
323 3069 548 3137 Μηδεὶς
576 3068 695 3123 τῶν
719 3069 1020 3140 ἀμυήτων.
1061 3071 1367 3142 Σημείωσαι
1395 3069 1681 3142 auditu!)-

122 3175 228 3223 τους
263 3163 394 3232 φησι
423 3163 555 3226 τοὺς
605 3162 842 3233 μὲν“τῶν
876 3162 1152 3233 μυστικῶν
1196 3163 1493 3235 ἀμετόχους
1516 3202 1532 3230 ,
1564 3164 1678 3226 τοῖς

123 3251 169 3357 δὲ
196 3253 466 3326 αἰσθητοῖς
496 3252 901 3326 ὲνειλουμένους
921 3294 937 3320 ,
978 3255 1072 3308 καὶ
1100 3253 1253 3308 οὐδὲν
1288 3256 1426 3328 ὑπὲρ
1454 3247 1678 3308 τάδντα
1704 3295 1749 3357 c

123 3338 241 3400 εἶναι
305 3346 769 3418 φανταζομένους.
835 3345 1048 3420 Ἀμέλει
1106 3349 1236 3420 περὶ
1285 3348 1394 3403 τῶν
1449 3349 1676 3404 καθόλου

123 3438 358 3512 ἀμυήτων
399 3440 567 3504 εὐθὺς
613 3440 966 3513 παρακατιὼν
1002 3459 1157 3513 φησι.
1208 3441 1322 3494 Καὶ
1373 3444 1679 3514 σημείωσαι

122 3528 190 3582 ὅτι
215 3531 399 3597 ἀλλους
422 3533 552 3597 τοὺς
580 3532 860 3605 ἀμυήτους
889 3533 1034 3603 λέγει
1060 3534 1152 3588 καὶ
1177 3533 1367 3598 ἄλλους
1393 3535 1520 3600 τοὺς
1539 3534 1680 3608 ἀμύ-

127 3636 264 3686 στους
283 3665 300 3690 ,
331 3626 500 3697 ἡγουν
527 3626 1048 3698 ἀμυσταγωγήτους.

181 3718 246 3770 Ei
270 3716 336 3770 es
359 3716 517 3786 ὑπὲρ
543 3718 793 3784 τούτους
818 3721 958 3776 εἱσι.
981 3719 1062 3773 Τά
1091 3721 1188 3792 μὲν
1217 3719 1324 3792 πρὸ
1349 3720 1553 3775 τούτων
1573 3721 1678 3795 ἔφη

125 3809 354 3880 περὶτῶν
379 3810 789 3866 πιστευσάντων
823 3814 920 3884 μὲν
944 3813 1022 3884 τῷ
1047 3814 1270 3885 ὀνόματι
1297 3815 1390 3868 τοῦ
1417 3813 1675 3888 Χριστοῦ,

127 3901 193 3971 μὴ
237 3902 336 3974 μὴν
377 3903 473 3958 ἐπὶ
503 3902 604 3974 τὴν
633 3905 976 3978 τελειοτέραν
1003 3905 1263 3960 ἐλθόντων
1295 3907 1515 3976 γνῶσιν,
1545 3908 1680 3964 ἀλλά

102 3995 562 4070 ,συμμετρούντων
589 3998 657 4067 τῇ
689 3997 864 4068 οἰκεία
890 3997 1017 4072 δόξῃ
1047 3997 1144 4070 τὴν
1170 3999 1448 4072 ἀλήθειαν,
1479 4001 1574 4055 καὶ
1603 3999 1679 4073 μὴ

123 4084 317 4164 εἰδότων
346 4089 613 4162 διαφορὰν
643 4090 811 4145 ὅντων
832 4092 1036 4165 κυρίως
1053 4094 1148 4147 καὶ
1165 4093 1468 4164 ὁμωνύμων
1487 4095 1677 4161 ὄντων,

124 4173 300 4232 ούσιῶν
330 4182 424 4234 καὶ
451 4180 619 4236 αὐτοῦ
662 4182 757 4235 τοῦ
803 4183 942 4256 ὑπὲρ
971 4181 1040 4237 τὰ
1074 4186 1198 4238 ὄντα
1218 4224 1233 4248 ,
1265 4185 1345 4238 διὸ
1375 4187 1470 4240 καὶ
1511 4187 1681 4260 ὑπερ-

123 4269 308 4328 ουσίου.
343 4275 405 4328 Οἱ
432 4273 568 4343 γοῦν
599 4273 830 4327 ¹τοιοῦτοι
851 4317 865 4342 ,
907 4273 987 4339 ὡς
1022 4274 1294 4346 ἀμύητοι,
1329 4276 1436 4329 τῶν
1481 4277 1679 4350 ὑψηλο-

123 4359 280 4430 τέρων
307 4365 746 4438 ὑπολαμϐάνουσι
775 4366 916 4420 κατὰ
944 4365 1200 4438 ἀλήθειαν
1232 4367 1421 4432 σκότος
1450 4363 1589 4424 εἶναι
1619 4369 1681 4423 τὸ

125 4454 340 4527 ἀφεγγὲς
381 4458 542 4513 τοῦτο
573 4459 636 4513 τὸ
666 4461 793 4531 παρ’
827 4461 956 4532 ἡμῖν
1000 4462 1242 4533 σκίασμα
1274 4459 1545 4515 καλύπτον
1587 4461 1680 4515 τὸν

125 4549 260 4614 Θεὸν,
289 4553 380 4606 καὶ
405 4552 758 4624 ἀποκρύπτον
776 4553 938 4608 αὐτὸν
958 4554 1058 4625 τῆς
1085 4555 1337 4609 ἁπάντων
1365 4553 1513 4620 θέας,
1543 4555 1680 4627 ὅπερ

1857 2051 2034 2124 Supra
2054 2072 2258 2110 omnem
2275 2059 2651 2118 substantiam.
2674 2061 3094 2135 Simplicitatem
3115 2076 3171 2125 et
3199 2083 3367 2140 supra

1785 2159 2001 2202 omnem
2026 2149 2312 2206 unitatem.
2334 2150 2619 2218 Quomodo
2642 2163 2822 2210 autem
2841 2158 3041 2228 aliquis
3064 2161 3367 2231 ignorando

1785 2233 2046 2293 ad'Deum
2071 2240 2336 2307 elevetur,
2366 2252 2480 2298 tum
2509 2245 2564 2300 in
2583 2245 2724 2301 libro
2746 2247 2824 2303 De
2847 2251 3040 2306 divinis
3065 2255 3366 2311 nominibus

1783 2329 1963 2399 capite
2002 2329 2198 2400 quinto
2228 2332 2438 2392 dictum
2469 2343 2587 2403 est,
2621 2344 2736 2392 tum
2770 2339 2860 2394 hic
2889 2349 3027 2412 post
3067 2346 3360 2414 paucain»

1781 2434 1990 2477 venies.

1854 2510 2199 2584 Perliberam
2225 2525 2275 2572 et
2297 2517 2619 2577 absolutam.
2651 2520 2911 2578 Liberum
2941 2525 3250 2584 discessum
3276 2529 3363 2584 di-

1781 2605 1857 2660 cit
1889 2623 2168 2666 secessum
2201 2611 2270 2666 ab
2300 2613 2453 2668 omni
2494 2613 2915 2692 aﬂ'ectu,pro,ut
2936 2620 3088 2676 nullo
3119 2620 3366 2679 detinea-

1781 2707 1875 2754 tur
1914 2701 2149 2772 aliectu,
2191 2720 2370 2778 neque
2415 2721 2544 2780 erga
2589 2722 2682 2774 se,
2725 2725 2905 2782 neque
2948 2728 3078 2786 erga
3122 2714 3365 2786 aliquam

1781 2803 2113 2852 creaturam.

1855 2887 2209 2942 Tenebrarum
2239 2889 2473 2947 radium.
2493 2891 2608 2948 Hoc
2629 2894 2754 2950 loco
2767 2895 3169 2955 dicittenebras
3192 2901 3366 2955 omni-

1779 2979 1999 3036 modam
2033 2981 2772 3052 incomprehensibilitatem.

1855 3071 1883 3144 §
1928 3071 1994 3129 Ii.
2043 3071 2215 3128 Nemo
2262 3092 2443 3130 eorum
2479 3079 2568 3149 qui
2610 3096 2711 3135 non
2749 3091 2871 3136 sunt
2914 3084 3184 3142 instructi.
3220 3084 3363 3141 Nota

1780 3179 1904 3219 eum
1934 3177 2136 3219 vocare
2165 3164 2447 3238 ἀμυήτους
2473 3183 2568 3222 eos
2597 3169 2690 3239 qui
2716 3172 2974 3242 mysteria
3003 3173 3224 3244 quidem
3251 3191 3364 3230 non

1779 3255 2213 3326 participarunt,
2248 3257 2342 3314 sed
2373 3259 2672 3316 sensilibus
2724 3261 3099 3331 involvuntur,
3131 3271 3185 3320 et
3226 3266 3365 3321 nihil

1781 3362 1902 3404 esse
1947 3363 2114 3418 supra
2156 3363 2219 3403 ea
2253 3364 2375 3418 qua:
2417 3350 2675 3405 videntur
2709 3351 3068 3408 arbitrantur.
3108 3352 3367 3411 Profecto

1781 3439 1850 3496 de
1881 3441 2106 3495 omnino
2133 3439 2384 3512 profanis
2416 3443 2602 3497 statim
2629 3443 2948 3516 subiungit;
2973 3452 3027 3501 et
3057 3456 3185 3502 nota
3218 3447 3365 3517 quod

1781 3533 1920 3588 alios
1947 3533 2096 3588 dicat
2122 3533 2402 3606 ἀμυήτους
2426 3543 2481 3590 et
2512 3535 2650 3592 alios
2674 3535 2970 3607 ἀμύστους,
3005 3553 3103 3594 seu
3138 3540 3366 3595 minime

1780 3625 2105 3681 instructos.

1851 3718 1914 3775 Si
1954 3729 2135 3775 autem
2155 3736 2319 3790 supra
2350 3719 2445 3775 hos
2477 3729 2620 3776 sunt.
2652 3720 2710 3778 In
2732 3723 3014 3793 prioribus
3035 3724 3258 3781 locutus
3282 3731 3371 3779 est

1780 3812 1849 3868 de
1886 3811 1956 3869 iis
1991 3813 2086 3884 qui
2110 3814 2457 3870 crediderant
2496 3815 2718 3885 quidem
2762 3816 2972 3871 nomini
3005 3817 3234 3880 Christi,
3260 3817 3366 3873 sed

1780 3906 1848 3960 ad
1875 3907 2186 3961 ulteriorem
2221 3907 2588 3976 cognitionem
2621 3925 2730 3964 non
2772 3919 3154 3979 pervenerant,
3191 3920 3247 3964 at
3273 3926 3367 3966 ve—

1780 3996 1999 4051 ritatem
2056 3998 2293 4066 propriae
2341 3999 2588 4067 opinioni
2641 4008 3137 4064 commcnsurant,
3185 4017 3366 4071 neque

1781 4087 1962 4144 sciunt
1991 4086 2357 4143 differentiam
2387 4090 2751 4144 essentiarum
2783 4092 3003 4146 illarum
3034 4109 3218 4149 rerum
3243 4094 3370 4165 qua:

1780 4176 2003 4249 proprie
2032 4187 2182 4242 sunt,
2211 4185 2266 4233 et
2291 4193 2479 4234 earum
2507 4195 2629 4249 qua:
2657 4187 2874 4234 tantum
2906 4181 3185 4251 aaquivoce
3209 4191 3361 4249 sunt,

1781 4278 1944 4341 atque
1973 4270 2094 4341 ejus
2126 4271 2220 4341 qui
2251 4271 2511 4327 omnibus
2540 4288 2661 4343 quae
2692 4282 2821 4328 sunt
2856 4270 3116 4345 praestat,
3143 4292 3207 4331 ac
3241 4277 3366 4334 ideo

1781 4365 2262 4434 superessentialis
2281 4371 2383 4419 est.
2414 4363 2573 4421 Tales
2596 4365 2784 4436 igitur,
2812 4375 3073 4438 tanquam
3103 4369 3364 4442 ἀμύητοι,

1781 4469 1878 4508 seu
1913 4451 2147 4508 necdum
2181 4452 2236 4506 in
2273 4452 2688 4510 sublimioribus
2719 4455 2956 4510 instituti
3002 4459 3364 4527 arbitrantur,

1779 4544 1887 4601 hoc
1922 4543 2101 4598 velum
2129 4544 2274 4614 quod
2311 4544 2455 4616 apud
2483 4560 2586 4600 nos
2631 4543 2803 4599 Deum
2831 4548 3100 4612 occultat,
3130 4565 3368 4622 eumque

124 4640 195 4702 ὡς
240 4643 445 4715 ἀληθῶς
511 4644 726 4700 νοσοῦσι
779 4645 965 4699 πολλοὶ
1021 4648 1115 4700 καὶ
1153 4649 1212 4701 ἐν
1255 4649 1386 4719 ἡμῖν
1407 4686 1423 4712 ,
1468 4647 1562 4701 ἆτε
1604 4647 1678 4719 μὴ

1794 4638 1852 4693 ab
1884 4637 2131 4693 omnium
2172 4645 2399 4709 aspectu
2428 4637 2745 4703 abscondit,
2779 4654 2903 4695 esse
2938 4655 3129 4696 revera
3170 4643 3368 4711 caligi-

124 4735 464 4802 γινώσκοντες
491 4738 554 4792 τδ
581 4738 986 4811 ἀνυπέρϐλητον
1015 4740 1131 4810 φῶς
1158 4741 1338 4794 πᾶσαν
1365 4739 1486 4811 ὄψιν
1508 4742 1683 4795 σκοτί-

125 4823 245 4887 ζειν.
273 4830 332 4884 Εἰ
372 4827 469 4885 οὖν
514 4832 623 4885 εἰσι
647 4870 662 4894 ,
712 4832 895 4902 φησὶν,
943 4833 1001 4885 ἐν
1043 4834 1176 4904 ἡμῖν
1211 4831 1480 4894 τοιοῦτοι,
1526 4833 1579 4886 τί
1611 4831 1678 4888 ἂν

122 4920 350 4993 εἴποιμεν
380 4924 509 4996 περὶ
535 4923 941 4996 βὶδωλολατρῶν
966 4921 1074 4977 τῶν
1102 4923 1414 4977 παντάπασι
1459 4922 1680 4978 πάντων

125 5016 380 5080 μυστικῶν
407 5015 690 5087 ἀμετόχων
733 5017 828 5070 καὶ¹
872 5013 1072 5088 [πρὸς]
1122 5013 1281 5080 ξόανα
1327 5014 1677 5086 τεθηπότων;

124 5103 327 5176 Κυρίως
357 5111 455 5180 μὲν
484 5105 580 5163 οὖν
607 5108 735 5162 ὄντα
760 5109 828 5162 τὰ
856 5109 1053 5180 νοητόν
1092 5109 1395 5180 ὁμωνύμως
1421 5108 1476 5161 δὲ
1501 5108 1568 5162 τά
1594 5110 1680 5162 al-

125 5195 304 5268 chst'z.
333 5202 404 5254 Τὸ
430 5201 488 5254 δὲ
518 5200 671 5268 ὑπὲρ
701 5201 949 5268 τούτους
993 5200 1119 5264 τοὺς
1156 5202 1379 5266 πιστοὺς
1419 5200 1681 5272 δηλονότι,

118 5290 242 5356 τοὺς
265 5294 318 5348 ἐν
344 5298 458 5359 τοῖς
485 5293 746 5365 φθαρτοῖς
771 5293 1172 5366 ὲνισχημένους.

197 5561 327 5617 Δέον
352 5565 442 5618 ἐπ’
471 5563 647 5631 αὐτῇ.
690 5564 775 5628 Ὠς
802 5563 979 5617 πάντα
1010 5561 1176 5632 οὔσης
1205 5559 1520 5632 θεοπρεπῶς
1538 5603 1553 5627 ,
1585 5561 1680 5614 καὶ

127 5653 282 5722 μηόὶν
309 5655 472 5728 οὔσης
500 5657 840 5727 ὑπερουσίως
863 5673 878 5686 ο
911 5654 1049 5725 αὕτη
1086 5655 1194 5725 γὰρ
1236 5655 1329 5706 καὶ
1374 5653 1521 5717 θέσις
1564 5653 1682 5706 ἐστὶ

122 5746 225 5799 καὶ
259 5749 556 5820 ἀπόφασις,
590 5750 711 5802 ἐπεὶ
750 5751 844 5802 καὶ
887 5750 1090 5820 κυρίως
1127 5747 1409 5818 ἀμφότερα
1449 5745 1543 5799 ἐπὶ
1571 5744 1683 5818 ,τῆς

231 5930 253 5970 ⁸
282 5929 419 5989 Psal.
459 5947 617 6002 xcvi,
640 5931 694 5986 2.
772 5929 983 6005 h_Psal.
1009 5944 1144 6000 xvii,
1182 5929 1267 5983 ιε.

1781 4745 1908 4786 nem
1939 4731 2322 4798 tenebrosam;
2363 4746 2473 4802 qua
2516 4732 2828 4802 ignorantia
2873 4732 3039 4788 etiam
3087 4734 3232 4788 inter
3267 4749 3367 4790 nos

1780 4824 1941 4878 multi
1995 4823 2271 4890 laborant,
2315 4833 2503 4896 utpote
2549 4826 2868 4897 ignorantes
2917 4826 3365 4898 c0piosissimum

1781 4914 1968 4969 lumen
2001 4915 2302 4971 obscurare
2337 4932 2556 4972 omnem
2587 4925 2893 4990 aspectum.
2931 4917 2987 4972 Si
3025 4920 3191 4990 igitur
3222 4918 3367 4972 inter

1777 5021 1880 5062 nos
1894 5007 2032 5063 tales
2066 5010 2198 5074 sint,
2229 5008 2359 5079 quid
2375 5009 2623 5066 dicemus
2650 5011 2720 5066 de
2750 5010 3081 5077 idololatris,
3116 5012 3233 5082 qui,
3269 5025 3362 5062 aro

1779 5116 2043 5156 canorum
2077 5100 2199 5156 ﬁdei
2225 5111 2502 5173 expertes,
2535 5105 2702 5159 etiam
2744 5106 3040 5161 simulacra
3077 5110 3364 5175 stupentes

1779 5194 2154 5248 venerantur?
2174 5193 2360 5264 Itaque
2392 5195 2757 5264 intelligibilia
2787 5199 2949 5269 232
2987 5207 3114 5252 sunt
3140 5197 3363 5266 proprie

1756 5279 1758 5282 ’
1785 5283 1938 5351 ὄντα,
1969 5301 2065 5340 seu
2082 5299 2144 5340 ea
2162 5302 2284 5356 quae
2316 5289 2770 5358 sunt,a:quivoce
2802 5307 2930 5346 vero
2963 5289 3218 5353 sensilia;
3255 5290 3361 5346 hoc

1783 5385 1965 5432 autem
1996 5392 2159 5446 supra
2181 5377 2299 5446 hos,
2330 5378 2582 5452 designat
2606 5379 2792 5437 ﬁdeles
2819 5382 2912 5453 qui
2943 5381 2996 5436 in
3026 5382 3361 5452 corruptibF

1761 5459 1924 5521 libus
1957 5465 2182 5523 haerent.

1851 5561 1986 5618 Cum
2031 5571 2269 5632 oporteat
2312 5564 2365 5618 in
2410 5581 2494 5622 ea.
2547 5563 2830 5636 Tanquam
2876 5578 2997 5633 quae
3038 5563 3224 5619 omnia
3273 5571 3359 5622 est

1781 5656 1942 5710 modo
1973 5655 2083 5710 Deo
2111 5657 2480 5719 convenienti,
2507 5663 2561 5710 et
2592 5654 2726 5708 nihil
2759 5661 2852 5710 est
2866 5655 3027 5708 modo
3055 5656 3359 5710 essentiam

1781 5753 2110 5816 superante;
2132 5748 2247 5802 hanc
2272 5748 2418 5805 enim
2447 5745 2738 5801 aﬂirmatio
2763 5755 2847 5804 est
2873 5761 2937 5803 ac
2961 5747 3200 5820 negatio,
3227 5763 3360 5822 quo-
