3882 6534
533 418 643 477 419

1347 417 1692 475 APPENDIX
1727 417 1817 473 AD
1853 415 2087 475 OPERA
2124 417 2184 474 S.
2219 411 2518 476 DIONYSII
2556 409 3043 476 ΑΒΕΟΡΑϐιἸΑς.

3689 410 3794 476 ιὲο

538 533 687 588 niam
731 539 963 602 utraque
1000 529 1068 586 de
1106 529 1292 585 divina
1340 531 1628 600 majestate
1657 531 1936 588 dicuntur.
1976 531 2111 598 Quid

2225 532 2368 596 θείας
2391 532 2641 601 λέγονται
2672 533 3109 604 μεγαλειότητος.
3141 529 3206 584 Τί
3239 518 3296 584 δέ
3325 529 3462 583 εἰσιν
3495 528 3553 582 αἱ
3585 527 3797 596 ἀποφά-

543 628 723 675 autem
765 621 875 676 sint
915 621 1234 690 negationes
1279 620 1614 675 ablationum
1639 629 1693 676 et
1732 620 2115 678 aliirmationes

542 713 897 783 positionum,
931 726 993 765 ac
1020 711 1154 780 quid
1181 711 1542 782 privationes,
1573 719 1688 766 tum
1728 712 1833 767 hoc
1868 712 1993 768 loco
2020 728 2115 768 ex-

539 805 792 874 plicatur,
824 810 944 856 tum
972 805 1210 860 maxime
1237 804 1483 862 in.tertio
1516 805 1692 874 capite
1723 804 1844 858 libri
1875 803 1953 859 De
1981 805 2115 859 divi-

536 896 618 947 nis
642 894 940 948 nominibus
973 895 1308 950 excellenter
1336 903 1392 950 et
1421 894 1540 951 fuse
1567 897 1940 966 exposuimus.

603 985 919 1040 Contrarias
951 1003 1084 1042 esse.
1105 986 1435 1059 Negationes
1451 1003 1558 1042 non
1578 989 1778 1058 opponi
1800 987 2114 1042 afﬁrmatio-

531 1080 768 1135 nibusin
791 1079 904 1136 Deo
929 1098 944 1146 ;
973 1095 1100 1134 nam
1126 1079 1271 1135 Deus
1294 1088 1516 1151 superat
1533 1096 1748 1135 omnem
1779 1081 2111 1136 ablationem

531 1182 586 1228 et
603 1174 954 1244 positionem.
987 1173 1128 1244 Lege
1154 1175 1318 1228 etiam
1344 1175 1399 1228 in
1431 1174 1569 1228 libro
1592 1173 1669 1227 De
1688 1175 1884 1228 caelesti
1904 1173 2110 1228 hierar-

531 1263 649 1316 chia
682 1264 844 1348 paulo
876 1270 1004 1333 post,
1028 1263 1380 1333 principium.

607 1435 634 1510 §
672 1437 761 1492 Ill.
807 1437 925 1491 Hae
964 1437 1141 1508 utique
1182 1438 1387 1492 ratione
1417 1435 1625 1490 divinus
1666 1434 2108 1492 Bartholomwus.

534 1529 676 1585 Hinc
707 1531 871 1586 etiam
901 1539 1029 1584 nota
1056 1529 1175 1586 sine
1199 1529 1417 1584 lictione
1446 1530 1560 1584 haec
1583 1527 1767 1582 divina
1794 1543 1960 1598 opera
1988 1543 2112 1583 esse

534 1621 715 1694 magni
745 1622 1020 1695 Dionysii;
1052 1631 1250 1696 praeter
1281 1620 1428 1694 quod
1465 1625 1612 1680 enim
1653 1623 1709 1678 in
1741 1621 2016 1692 prioribus
2046 1621 2114 1674 li-

534 1717 652 1773 bris
686 1719 1047 1788 quorumdam
1080 1717 1174 1788 qui
1205 1716 1472 1788 apostolis
1500 1717 1862 1774 convixerunt
1893 1721 2114 1770 senten-

533 1811 736 1864 tiarum
764 1809 1032 1878 meminit,
1056 1825 1204 1865 nunc
1228 1811 1413 1865 statim
1438 1810 1763 1866 sententiam
1788 1807 1956 1862 divini
1980 1806 2114 1860 Bar-

2217 642 2330 690 σεις
2345 624 2455 678 τῶν
2483 625 2828 696 ἀφαιρέσεων
2856 625 2950 679 καὶ
2974 624 3030 677 αί
3063 622 3398 692 καταφάσεις
3427 611 3540 674 τῶν
3573 620 3793 684 θέσεων,

2213 720 2308 775 καὶ
2333 720 2385 773 τί
2405 720 2462 772 αἱ
2485 720 2789 792 περήσεις.
2811 719 2903 771 καὶ
2923 715 3153 770 ἐνταῦθα
3171 711 3546 786 σαφηνίζεται,
3565 713 3659 766 καὶ
3691 714 3792 784 μά-

2211 811 2366 866 λιστα
2397 813 2456 866 ὲν
2490 810 2569 882 τῷ
2599 811 2766 882 τρίτῳ
2795 808 3070 878 κεφαλαίῳ
3088 847 3102 870 ,
3137 808 3230 860 καὶ
3257 809 3314 859 ὲν
3345 805 3423 876 τῷ
3452 805 3595 874 Περί
3627 807 3794 859 θείων⁸

2212 905 2517 974 ὀνομάτων
2543 903 2687 974 λόγῳ
2713 901 2980 972 διαφόρως
3007 901 3101 953 καὶ
3130 898 3374 962 πλατέως
3421 889 3788 970 παρεθέμεθα.

2293 995 2716 1068 Ἁντικειμιένας
2741 995 2911 1050 εἶναι.
2929 995 3050 1048 Ὅτι
3078 993 3171 1047 ἐπὶ
3188 991 3323 1046 Θεοῦ
3344 993 3790 1060 οὐκάντίκεινται

2211 1090 2266 1144 αί
2307 1088 2612 1160 ἀποφάσεις
2653 1089 2775 1151 ταῖς
2819 1085 3190 1158 καταφάσεσιν
3211 1101 3227 1118 ⁸
3278 1087 3420 1158 ὑπὲρ
3476 1088 3662 1140 πᾶσαν
3688 1088 3788 1158 γάρ

2211 1183 2358 1236 ἐστιν
2382 1184 2413 1236 δ
2434 1181 2570 1246 Θεὸς
2601 1179 2694 1236 καὶ
2718 1181 3006 1252 ἀφαίρεσιν
3039 1179 3134 1234 καὶ
3173 1177 3344 1235 θέσιν.
3381 1177 3682 1249 ’Δνάγνωθι
3706 1182 3790 1234 καὶ

2211 1277 2268 1328 ὲν
2282 1279 2393 1333 τοῖς
2415 1274 2554 1343 Περὶ
2583 1272 2694 1343 τῆς
2718 1273 3000 1342 οὐρανίας
3027 1273 3329 1342 ἱεραρχίας
3352 1275 3470 1346 μετ’
3497 1273 3681 1342 ὀλίγον
3699 1274 3792 1344 τῆς

2210 1367 2406 1439 ἀρχῆς.

2281 1459 2308 1531 §
2348 1461 2437 1515 lli.
2481 1460 2645 1514 Οὕτω
2689 1459 2838 1530 γοῦν
2883 1462 2916 1514 ό
2961 1459 3116 1525 θεῖος
3162 1459 3633 1528 Βαρθολομαῖος.
3658 1461 3787 1528 ,Ση-

2215 1553 2445 1623 μείωσαι
2466 1554 2560 1607 καὶ
2580 1552 2827 1607 ὲντεῦθεν
2844 1553 2888 1584 “
2906 1551 2967 1606 τὸ
2992 1551 3262 1607 ἄπλαστον
3287 1550 3382 1604 τοῦ
3401 1547 3541 1605 εἷναι
3560 1553 3605 1584 ⁸³
3631 1551 3787 1605 ταῦτα

2209 1643 2279 1698 τὰ
2305 1645 2426 1700 θεῖα
2458 1645 2810 1717 συντάγματα
2832 1643 2928 1699 τοῦ
2961 1645 3194 1716 μεγάλου
3221 1644 3520 1699 Διονυσίου.
3547 1644 3690 1716 Πρὸς
3716 1640 3787 1708 οἷς

2210 1736 2320 1809 γάρ
2362 1737 2420 1790 ὲν
2461 1741 2575 1802 τοῖς
2622 1734 2908 1810 προτέροις
2951 1737 3131 1807 λόγοις
3177 1737 3340 1790 τινῶν
3381 1736 3491 1790 τῶν
3533 1736 3787 1791 συνόντων

2210 1832 2324 1894 τοῖς
2371 1827 2689 1894 ἀποστόλοις
2743 1833 2965 1902 μνήμην
3019 1831 3268 1902 χρήσεων
3320 1829 3659 1900 ἐποιήσατο,
3701 1817 3786 1882 νῧν

534 1903 811 1957 tholomaei
833 1903 1081 1968 adducit,
1116 1904 1259 1959 sicut
1281 1903 1542 1968 declarat,
1567 1901 1827 1982 τδφησίν,
1852 1900 1963 1965 ait;
1988 1916 2110 1954 nam

2225 1921 2610 1993 παραπλησίως
2634 1900 3350 1994 τοῦθείου-Βαρθολομαίου
3393 1921 3595 1993 χρῆσιν
3635 1922 3779 1990 ἄγει,

537 1991 584 2046 si
620 1992 827 2063 absque
865 1995 1072 2062 scripto
1117 1993 1417 2057 docuisset,
1445 1993 1695 2064 profecto
1724 1991 1954 2046 dixisSet
1984 1990 2110 2062 ἔφη,

462 2107 464 2109 >
536 2083 730 2139 aiebat.
761 2082 901 2138 Nota
932 2101 1056 2140 eum
1090 2085 1285 2142 ali‘erre
1319 2085 1648 2141 sententiam
1678 2083 1854 2140 sancti
1883 2081 2114 2136 Bartbo-

536 2174 712 2230 lomazi
729 2215 744 2241 ,
772 2177 1047 2248 quomodo
1078 2177 1354 2250 theologia
1379 2179 1450 2234 sit
1472 2191 1668 2246 magna
1699 2183 1754 2232 et
1778 2176 2023 2231 minima.

605 2356 870 2424 Quoniam
897 2365 948 2412 et
975 2357 1178 2428 copiosi
1200 2363 1480 2420 sermonis,
1517 2347 1615 2412 Gr‘.
1649 2355 1961 2425 πολυλόγος.
2007 2355 2113 2408 Πο-

530 2448 756 2519 λυλόγος
805 2457 1039 2506 accentu
1086 2451 1141 2505 in
1193 2450 1528 2520 penultima,
1580 2450 1671 2520 qui
1724 2449 1892 2503 multa
1943 2446 2108 2510 dicit;

534 2536 825 2610 πολύλογος
856 2545 1086 2596 accentu
1116 2542 1172 2596 in
1199 2541 1644 2612 antepenultima,
1669 2541 1759 2611 qui
1786 2539 1967 2593 multis
1997 2554 2112 2593 uer-

535 2633 614 2687 bis
640 2634 878 2704 indiget;
909 2633 1052 2688 sicut
1092 2634 1257 2688 etiam
1299 2635 1644 2706 πρωτότοκος
1674 2639 1901 2689 accentu
1930 2632 1985 2686 in
2015 2647 2114 2686 an-

534 2724 913 2793 tepenultima,
937 2726 1028 2795 qui
1045 2725 1217 2792 primo
1245 2726 1484 2794 paritur;
1508 2706 1851 2794 πρωτοτόκος
1888 2735 2020 2775 vero
2057 2721 2111 2776 in

534 2815 856 2885 penultima,
890 2817 1082 2870 mulier
1118 2833 1236 2887 qua!
1267 2818 1436 2884 primo
1458 2819 1620 2884 parit.
1655 2811 1747 2868 Sic
1773 2811 2073 2867 Homerus:

605 2906 763 2962 Nunc
789 2910 1019 2978 primum
1043 2911 1255 2980 pariens
1292 2908 1504 2979 Cinyre,
1535 2907 1683 2976 prius
1714 2905 1881 2959 inscia
1901 2912 2109 2975 partus.

607 2999 794 3068 Utpote
816 3019 932 3072 quae
956 3019 1118 3072 neque
1138 3003 1416 3056 rationem.
1439 2986 1708 3054 Nimirum
1724 2997 1814 3068 qui
1834 2995 2111 3068 propriam

532 3103 788 3149 naturam
828 3101 1184 3164 repraesentet
1227 3095 1282 3148 in
1331 3091 1596 3150 externis.
1647 3089 1824 3146 Simili
1857 3091 2020 3146 modo
2043 3091 2112 3147 de

533 3184 888 3253 intelligentia
921 3185 1354 3256 intelligendum.

608 3274 801 3330 Divina
835 3278 1012 3330 omnia
1041 3277 1242 3330 lumina
1266 3285 1314 3330 et
1337 3289 1516 3330 sonos.
1551 3273 1730 3330 Sonos
1756 3281 1810 3331 et
1833 3289 2114 3332 sermones

533 3365 790 3421 cmlcstes
821 3365 954 3422 dicit
986 3383 1050 3422 ea
1099 3377 1221 3436 qua:
1254 3365 1322 3421 de
1368 3364 1478 3421 Deo
1510 3366 1565 3419 in
1595 3363 1895 3435 Scripturis
1919 3365 2115 3420 dicun-

534 3466 646 3522 tur,
696 3465 957 3529 tanquam
1008 3460 1252 3513 rationes
1309 3473 1418 3512 non
1468 3457 1768 3513 secundum
1815 3457 2114 3512 humanam

535 3558 590 3605 et
619 3559 898 3607 terrenam
935 3551 1350 3622 intelligentiam
1369 3591 1385 3615 ,
1414 3549 1509 3606 sed
1543 3549 1843 3606 secundum
1873 3549 2116 3605 divinam

539 3644 959 3714 intelligentiam
984 3643 1130 3698 dicta
1164 3650 1218 3697 et
1246 3640 1468 3697 tradita.

604 3735 827 3790 Divinas
877 3735 1105 3806 Moyses.
1145 3734 1285 3789 Not'a
1325 3735 1601 3806 quomodo
1633 3735 1699 3790 de
1727 3735 1912 3808 Moyse
1940 3733 2117 3792 disse-

532 3834 640 3890 rat,
693 3843 887 3899 nempe
916 3828 1007 3882 ubi
1051 3829 1106 3883 in
1147 3836 1386 3882 montem
1433 3827 1806 3893 ascendisset,
1850 3837 2013 3899 atque
2058 3827 2116 3882 in

532 3921 818 3990 caliginem
848 3921 1131 3991 ingressus
1177 3919 1404 3985 fuisset,
1449 3919 1654 3976 vidisse
1683 3927 1947 3991 quantum
1987 3921 2116 3975 licet

532 4015 766 4078 homini,
793 4013 984 4068 Deum.
1019 4013 1250 4074 Adverte
1287 4016 1452 4070 etiam
1495 4012 1745 4069 ordinem
1773 4029 1962 4070 eorum
1992 4028 2116 4084 quae

533 4109 588 4162 in
619 4107 804 4177 Moyse
830 4107 992 4178 233
1022 4108 1263 4178 perfecta
1293 4115 1442 4174 sunt,
1468 4116 1761 4180 antequam
1786 4108 1987 4179 dignus
2015 4108 2112 4162 ha-

532 4201 754 4255 beretur
779 4201 1020 4254 divinam
1049 4202 1337 4272 caliginem
1366 4202 1598 4270 ingredi.

606 4291 711 4346 Sed
739 4291 911 4344 locum
941 4290 1030 4344 ubi
1061 4294 1224 4346 stetit.
1256 4291 1390 4357 Quis
1422 4293 1493 4348 sit
1526 4294 1680 4347 locus
1715 4291 1770 4346 in
1818 4305 1929 4362 quo
1960 4291 2112 4346 stetit

532 4382 678 4438 Deus
705 4399 892 4438 coram
941 4383 1146 4454 Moyse,
1190 4384 1404 4455 et'quid
1437 4384 1547 4439 sint
1580 4383 1868 4438 cacumina
1910 4383 2113 4438 intelli-

533 4475 779 4543 gibilium
805 4481 860 4529 et
890 4475 1019 4545 quid
1045 4476 1354 4542 sensilium,
1385 4477 1741 4546 exposuimus
1764 4477 1822 4530 in
1856 4475 1998 4531 libro
2032 4475 2113 4532 De

534 4566 730 4619 cazlesti
758 4565 1058 4619 liierarcltia
1086 4568 1140 4620 in
1169 4567 1275 4622 line
1305 4568 1502 4636 capitis
1534 4566 1719 4638 primi.

607 4757 1006 4828 Ilypotheticas.
1052 4755 1438 4822 ’Υποθετικοὺς
1469 4757 1662 4826 λόγους
1689 4759 1822 4814 dicit
1869 4759 2112 4817 rationes
2196 4762 2207 4828 έ

534 4863 654 4916 quae
691 4863 779 4902 res
821 4845 1160 4911 describunt,
1195 4855 1248 4903 et
1284 4848 1440 4918 quasi
1485 4854 1945 4919 contemplantur,
1975 4866 2112 4922 quas

533 4941 610 4994 ait
638 4955 758 4994 esse
791 4938 901 4994 Deo
933 4941 1242 5010 subjectas;
1272 4957 1369 5012 per
1406 4942 1555 5013 ipsas
1585 4943 1732 4997 enim
1768 4959 1865 5000 seu
1898 4960 1995 5015 per
2022 4945 2114 4999 ha-

534 5049 653 5088 rum
693 5035 1157 5103 perseverantiam
1196 5045 1252 5092 et
1294 5037 1803 5103 conservationem,
1849 5039 2110 5095 docemur

533 5126 711 5196 ipsum
756 5126 1013 5183 omnibus
1067 5137 1422 5199 prmsentem,
1469 5144 1580 5184 non
1628 5131 1966 5185 transeundo
2009 5130 2106 5186 sed

532 5217 872 5289 providendo
910 5237 925 5276 :
959 5221 1232 5291 spiritalia
1277 5237 1411 5278 vero
1472 5223 1798 5286 cacumina,
1851 5224 2106 5279 cmlestes

533 5327 597 5367 ac
643 5301 1006 5383 intelligentes
1047 5315 1318 5369 essentias
1365 5331 1487 5386 quae
1529 5316 1678 5371 circa
1727 5314 1896 5371 Deum
1946 5321 2104 5382 sunt,

531 5412 711 5468 vocat,
736 5419 874 5474 quas
895 5403 1059 5459 etiam
1089 5404 1209 5459 lo'ca
1235 5406 1408 5475 ipsius
1430 5407 1774 5464 sanctissima
1803 5407 2106 5463 nominavit

531 5494 732 5564 quibus
781 5497 1169 5567 supereminet,
1207 5504 1301 5552 aut
1330 5512 1362 5551 a
1391 5498 1592 5568 quibus
1635 5498 1918 5564 liberatur,
1950 5498 2102 5553 nullo

534 5582 692 5639 modo
718 5601 946 5656 prorsus
975 5587 1109 5658 ipsis
1137 5587 1474 5645 inhabitans.

2214 2015 2289 2079 ὠς
2316 2015 2464 2088 δηλοῖ
2492 2015 2554 2070 τὸ
2584 2016 2793 2085 φησιν·
2827 2016 2875 2069 εί
2910 2013 3018 2086 γὰρ
3047 2013 3310 2087 ἀγράφως
3335 2009 3403 2086 ἦν
3430 2015 3648 2080 διδάξας
3666 2053 3681 2078 ,
3721 2004 3783 2067 εί-

2217 2110 2376 2181 ρήκει
2405 2108 2493 2172 ἂν,
2541 2109 2678 2177 ἔφη.
2718 2107 3026 2178 Σημείωσαι
3059 2106 3116 2160 δὲ
3167 2107 3248 2160 ὅτι
3276 2104 3373 2159 τοῦ
3403 2106 3563 2174 ἁγίου
3594 2105 3783 2177 Βαρθο-

2213 2199 2437 2271 λομαίου
2472 2199 2667 2271 χρῆσιν
2711 2199 2976 2272 προφέρει
3001 2237 3017 2264 ,
3049 2197 3166 2262 πῶς
3205 2197 3375 2269 πολλὴ
3404 2198 3501 2251 καὶ
3540 2197 3780 2269 ἐλαχίστη

2214 2293 2248 2363 ἡ
2288 2291 2555 2361 θεολογία.

2287 2385 2416 2438 Ὅτι
2455 2385 2552 2439 καὶ
2606 2385 2965 2454 πολυλόγος.
3012 2378 3314 2452 Πολυλόγος
3362 2378 3781 2456 παροξυτόνωςὸ

2214 2477 2385 2532 πολλὰ
2405 2478 2577 2548 λέγων
2601 2495 2614 2509 ο
2657 2475 2951 2546 πολύλογος
2978 2476 3034 2530 δὲ
3063 2476 3557 2550 προπαροξυτόνως
3600 2477 3629 2528 ό
3668 2475 3782 2528 πολ-

2212 2568 2320 2625 λῶν
2349 2570 2522 2639 λόγων
2564 2570 2845 2642 δεόμενοςο
2881 2571 2959 2634 ὼς
2994 2571 3089 2624 καὶ
3129 2570 3473 2641 πρωτότοκος
3517 2585 3780 2641 προπαρο-

2215 2661 2446 2728 ξυτόνως
2471 2664 2499 2716 ό
2534 2662 2767 2735 πρώτως
2814 2661 3028 2734 τεχθείς
3047 2679 3060 2692 ·
3108 2663 3453 2734 πρωτοτόκος
3479 2663 3537 2716 δὲ
3565 2660 3781 2732 παροξυι

2212 2755 2381 2820 τόνως
2409 2757 2443 2828 ἡ
2473 2755 2705 2828 πρώτως
2729 2755 2963 2810 τεκοῦσα
2995 2753 3153 2827 γυνὴ,
3180 2755 3256 2820 ὡς
3283 2756 3379 2810 καὶ
3414 2756 3661 2827 Ὄμηρος
3682 2771 3695 2786 ⁸

2212 2917 2597 2984 Πρωτοτόκος
2625 2916 2873 2984 Κινύρη,
2904 2916 2977 2970 οὐ
3007 2915 3150 2984 πρὶν
3179 2915 3372 2970 είδυῖα
3402 2916 3601 2969 τόκοιο
3632 2915 3709 2985 (·).

2291 3009 2396 3074 ⁸ος
2437 3011 2574 3062 οὔτε
2614 3009 2820 3077 λόγον.
2853 3007 3062 3079 Δηλαδὴ
3088 3007 3191 3078 τῆς
3219 3007 3425 3071 οἰκείας
3452 3007 3664 3078 φύσεως
3691 3017 3780 3059 πα-

2215 3100 2541 3172 ραστατικὸν
2571 3101 2628 3153 ὲν
2668 3103 2782 3164 τοῖς
2823 3100 3041 3168 ἔξωθεν.
3085 3100 3315 3172 Ὁμοίως
3360 3102 3456 3156 καὶ
3505 3101 3631 3172 περὶ
3669 3101 3778 3170 νοή-

2216 3207 2353 3256 σεως
2380 3192 2619 3263 νοητέον.

2286 3283 2490 3340 Πάντα
2519 3285 2644 3340 θεῖα
2672 3277 2836 3354 φῶτα
2864 3286 2961 3340 καὶ
3005 3283 3214 3355 ἤχους.
3259 3287 3464 3357 Ἥχους
3489 3287 3581 3340 καὶ
3607 3285 3778 3352 λόγους

2214 3373 2501 3449 οὐρανίους
2527 3379 2662 3451 φησὶ
2688 3379 2756 3432 τὰ
2787 3380 2916 3452 περὶ
2944 3378 3078 3432 Θεοῦ
3109 3381 3166 3434 ἐν
3196 3381 3316 3436 ταῖς
3355 3379 3602 3451 Γραφαῖς
3639 3380 3776 3450 εἰρη-

2220 3467 2357 3540 μένα
2377 3509 2391 3533 ,
2421 3469 2498 3534 ὼς
2527 3470 2604 3543 μὴ
2633 3471 2775 3525 κατὰ
2801 3471 2898 3542 τὴν
2940 3471 3286 3543 ἀνθρωπίνην
3327 3473 3419 3524 καὶ
3459 3473 3647 3543 γηῖνην
3672 3469 3778 3522 tario

2216 3579 2386 3627 νοιαν,
2414 3561 2550 3616 ἀλλά
2577 3563 2719 3618 κατὰ
2747 3564 2895 3616 θείαν
2930 3562 3174 3616 ἐπίνοιαν
3216 3562 3476 3634 λεχθέντα
3497 3564 3588 3616 καὶ
3615 3573 3776 3633 παρα·-

2215 3653 2456 3711 δοθέντα.

2299 3745 2360 3798 '0
2375 3745 2530 3815 θεῖος
2555 3746 2831 3817 Μωῦσῆς,
2849 3746 3161 3818 Σημείωσαι
3182 3785 3196 3810 ,
3227 3745 3346 3810 πῶς
3372 3745 3692 3814 διεξέρχεται
3715 3739 3775 3792 τὰ

2217 3836 2346 3908 περὶ
2371 3839 2651 3904 Μωῦσεος,
2679 3839 2759 3892 ὅτι
2779 3878 2794 3903 ,
2823 3841 2881 3892 ὲν
2909 3831 2989 3909 τῷ
3015 3838 3130 3909 ὄρει
3159 3837 3395 3891 ἀνελθὼν
3421 3839 3514 3890 καὶ
3542 3833 3774 3888 εἰσελθὼν

2214 3930 2295 3992 είς
2325 3928 2417 3982 τὸν
2449 3929 2642 3999 γνόφον
2673 3925 2832 3994 εἶδεν,
2858 3931 2933 3994 ὼς
2949 3929 3168 3999 ἐφικτὸν
3201 3929 3504 4000 ἀνθρώπῳ,
3525 3928 3611 3981 τὸν
3636 3926 3771 3978 Θεόν.

2213 4020 2635 4092 Σημείωσαικαὶ
2648 4024 2746 4077 τὴν
2762 4022 2912 4087 τάξιν
2939 4022 3048 4074 τῶν
3081 4021 3437 4074 τελεσθέντων
3466 4021 3556 4073 ἐπὶ
3582 4019 3772 4080 Μωσεῖ,

2211 4115 2349 4186 πρὶν
2372 4113 2666 4184 ἀξιωθῆναι
2694 4115 2950 4168 εἰσελθεῖν
2975 4115 3056 4177 είς
3083 4111 3172 4167 τὸν
3197 4113 3338 4166 θεῖον
3380 4113 3594 4183 γνόφον.

2295 4294 2474 4349 Ἀλλὰ
2504 4294 2611 4348 τὸν
2655 4294 2842 4347 τόπον
2901 4293 2972 4348 οὗ
3017 4294 3189 4362 ἔστη.
3234 4291 3333 4358 Τίς
3376 4296 3406 4349 ό
3445 4294 3606 4358 τόπος
3645 4294 3699 4346 ὲν
3733 4285 3774 4360 ᾧ

2210 4387 2341 4458 ἔστη
2372 4391 2400 4441 ό
2429 4386 2558 4450 Θεὸς
2588 4390 2680 4442 ἐπὶ
2720 4387 3026 4450 Μωῦσέως,
3070 4387 3163 4440 καὶ
3202 4386 3256 4440 τί
3294 4388 3444 4440 ἐστιν
3495 4385 3773 4458 ἀκρότητος

2209 4480 2438 4552 νοητῶν,
2482 4480 2576 4534 καὶ
2617 4480 2669 4533 τί
2715 4479 2945 4552 ὁρατῶν,
2985 4482 3042 4532 ὲν
3087 4478 3165 4550 τῷ
3205 4477 3348 4548 Περὶ
3379 4479 3488 4547 τῆς
3517 4479 3585 4533 ἐν
3612 4479 3769 4544 οἱφα-

2141 4575 2186 4631 D
2212 4574 2342 4640 νοῖς
2374 4574 2674 4644 ιεριιρχίας
2705 4575 2785 4637 είς
2810 4570 2872 4626 τὸ
2903 4571 3054 4636 τέλος
3093 4571 3190 4626 τοῦ
3231 4573 3450 4645 πρώτου
3493 4571 3766 4642 κεφαλαίου

2188 4694 2194 4701 -
2209 4665 2556 4737 διεξήλθομεν
3147 4683 3150 4685 λ
3776 4688 3784 4724 ι

2292 4756 2727 4822 ’Υποθετικούςκ
2778 4754 3164 4819 ’Υποθετικοὺς
3213 4754 3408 4824 λόγους
3453 4755 3611 4827 φησὶ,
3655 4753 3767 4814 τοὺς

2195 4826 2642 4920 δὺπογραφικοὺς,
2676 4847 2709 4918 ἢ
2738 4847 2814 4912 ὡς
2843 4846 3208 4940 θεωρητιξοὺς
3230 4846 3276 4880 ’⁸
3295 4846 3406 4902 τῶν
3433 4826 3614 4910 ὅντων,
3637 4843 3767 4914 άπερ

2209 4936 2626 5012 ὕποϐεόλήμένα
2673 4940 2774 5011 ἔφη
2821 4940 2899 5012 τῷ
2945 4940 3065 5013 Θεῷ
3108 4935 3275 4995 εἶναι·
3317 4940 3384 4994 δι’
3437 4940 3608 4996 αὐτῶν
3646 4935 3764 5006 γὰρ.

2207 5035 2377 5106 ἦγουν
2403 5034 2504 5104 τῆς
2530 5033 2734 5086 τούτων
2773 5033 3061 5105 διαμονῆς,
3103 5035 3198 5088 καὶ¹
3245 5036 3635 5106 συντηρήσεως,
3664 5032 3767 5091 τοῖς

2209 5129 2376 5181 πᾶσιν
2407 5126 2570 5180 αὑτὸν
2602 5129 2856 5198 παρεῖναι
2884 5125 3266 5196 διδασκόμεθα,
3295 5124 3356 5179 οὐ
3391 5121 3761 5198 μεταϐατικῶς,

2209 5218 2346 5273 ἀλλὰ
2373 5217 2774 5291 προνοητικῶςο
2806 5215 3003 5289 νοητὰς
3034 5217 3091 5270 δὲ
3135 5217 3444 5290 ἀκρότητας
3467 5216 3584 5280 ’τὰς
3615 5214 3763 5284 οὐρα-

2208 5312 2348 5376 νίας,
2379 5313 2474 5366 καὶ
2509 5310 2701 5382 νοερᾶς
2726 5309 2915 5373 οὐσίας
2945 5309 3044 5372 τὰς
3087 5309 3217 5381 περὶ
3245 5310 3378 5364 Θεὸν
3404 5310 3567 5372 οὔσας
3602 5305 3759 5367 καλεῖ,

2204 5403 2273 5468 ἃς
2298 5405 2393 5458 καὶ
2419 5403 2616 5466 τόπους
2649 5401 2814 5456 αὑτοῦ
2861 5401 3196 5471 ἁγιωτάτους
3235 5401 3541 5475 ὠνόμασεν
3571 5395 3636 5454 ὧν
3675 5397 3761 5452 καὶ

2207 5496 2386 5550 αὐτῶν
2423 5495 2764 5568 ὑπέρκειται,
2797 5493 2833 5566 ἦ
2870 5493 2949 5560 ὡς
2974 5493 3292 5562 ἀπολύεται,
3327 5495 3471 5552 κατά
3499 5493 3648 5567 μηδὲν
3674 5489 3761 5544 αὑ-

2207 5589 2318 5652 τοῖς
2343 5587 2479 5651 ὃλως
2505 5585 2857 5658 προσεοικώς.

1461 5725 1694 5783 VARle
1729 5725 2115 5784 LECTIONES
2147 5726 2236 5781 ET
2273 5723 2822 5782 CORRECTIONES.

639 5839 684 5872 ”
717 5857 806 5913 γρ.
842 5842 1093 5898 ἐνταῦθα.
1163 5847 1208 5877 ’³
1241 5862 1330 5919 γρ.
1370 5844 1718 5901 καθεστάναι.
1757 5848 1818 5918 (’)
1849 5847 1907 5901 n-
1943 5845 2111 5912 “WE

2225 5845 2258 5877 "
2293 5863 2382 5917 γρ.
2416 5845 2581 5915 ἤγουν
2605 5839 2996 5916 θεωρητικούς,
