3882 6536
179 429 276 487 421
906 430 964 488 S.
994 430 1246 489 MAXIM]
1287 432 1583 492 SCHOLIA
1610 434 1681 491 IN
1723 435 1854 494 LIB.
1903 436 1992 492 DE
2031 437 2338 496 MYSTICA
2371 440 2787 501 THEOLOGIA.
3357 453 3464 513 ‘92

243 547 358 602 Καὶ
389 551 528 604 τότε
552 547 658 602 καί
681 547 878 602 αὐτῶν
888 547 1233 604 ἀπολύεται.
1249 551 1360 623 Τὴν
1376 552 1518 607 κατὰ
1532 552 1724 606 σύνθεσ

1832 562 1853 616 ι
1953 551 2021 606 Et
2052 562 2175 608 tunc
2217 557 2378 610 etiam
2409 557 2473 610 ab
2513 559 2582 614 iis
2621 559 2915 617 absolutus.
2965 561 3280 623 Secundum
3330 587 3462 627 sen-

169 641 263 696 τοῦ
295 639 467 714 ρητοῦ
527 639 790 712 ἐξήγησιν
837 639 978 693 οὕτω
1024 642 1264 714 νοητέον,
1308 643 1389 696 ὅτι
1429 647 1458 698 ὁ
1500 644 1724 716 Μωῡσῆς

1875 645 2058 698 lentiae
2109 660 2172 699 ac
2219 647 2512 702 verborum
2559 653 3032 720 compositionem,
3082 657 3463 730 interpretatio

171 735 461 804 θεωρήσας
508 732 606 785 τὸν
662 732 822 785 τόπον
859 723 919 784 οὗ
955 733 1201 803 εἱστήκει
1240 733 1269 785 ὀ
1301 733 1466 798 Θεὸς,
1509 736 1604 788 καὶ
1649 735 1724 787 τόπ

1875 735 1953 790 ita
1979 744 2066 792 est
2102 738 2478 810 intelligenda,
2519 743 2726 798 scilicet
2759 746 2902 814 quod
2950 745 3169 819 Moyses.
3213 723 3462 808 contem-

168 825 463 888 ἀπολυθεὶς
520 823 634 878 τῶν
681 841 742 877 τε
793 824 1115 896 ὁρωμένων,
1175 827 1453 880 τουτέστιν
1499 825 1724 897 αἰσθητᾶ

1871 826 2054 896 platus
2085 828 2264 883 locum
2300 830 2392 885 ubi
2427 830 2571 888 Deus
2597 841 2840 900 steterat,
2867 845 3092 908 tumque
3128 843 3196 897 ab
3230 844 3298 899 iis
3337 827 3461 917 quis

167 915 447 978 ἁπάντων,
478 915 579 968 καὶ
607 913 716 967 τῶν
743 913 1014 986 ὁρώντων,
1047 916 1169 968 ἀντὶ
1195 916 1291 969 τοῦ
1335 917 1564 987 λογικῶν
1595 918 1724 973 ἁπάη

1867 917 2126 973 videntur
2156 919 2439 984 liberatus,
2485 923 2538 976 id
2565 933 2649 979 est
2676 927 2744 980 ab
2776 929 3030 984 omnibus
3074 913 3452 1002 sensibilibus,

165 1024 290 1070 των,
323 1007 542 1078 νοητῶν
564 1006 624 1059 τέ
658 1024 797 1078 φημι
825 1007 918 1062 κοιλ⁸
946 1009 1146 1079 νοερῶν
1174 1009 1390 1072 οὐσιῶν,
1425 1010 1541 1080 μεθ’
1567 1004 1640 1063 ὧν
1672 1027 1724 1063 κε

1867 1016 1922 1062 ει
1952 1011 2020 1062 ab
2052 1010 2121 1064 iis
2153 1027 2272 1080 qua:
2300 1012 2506 1079 vident,
2551 1030 2653 1085 pro
2683 1018 2750 1070 ab
2779 1019 3033 1074 omnibus
3063 1023 3451 1096 rationalibus,

163 1099 268 1152 τῶν
315 1100 611 1172 ἡμετέρων
661 1100 879 1171 ψυχῶν,
927 1100 1229 1171 τηνικαῦτα
1296 1104 1374 1164 εἰς
1432 1102 1520 1154 τὸν
1568 1103 1724 1171 γνόφε

1871 1101 2330 1173 intelligibilibus,
2352 1106 2596 1176 inquam,
2630 1117 2683 1162 et
2727 1109 3150 1181 intelligentibus
3175 1119 3454 1178 essentiis.

161 1190 400 1262 εἰσῆλθε,
431 1191 718 1245 τουτέστιν
744 1193 824 1256 εἰς
845 1192 942 1263 τὴν
971 1193 1099 1263 περὶ
1129 1191 1264 1246 Θεοῦ
1290 1193 1580 1262 ἀγνωσίαν,
1610 1192 1724 1247 ἔνθα

1866 1209 1988 1248 cum
2021 1195 2220 1265 quibus
2263 1198 2425 1252 etiam
2458 1199 2527 1253 ab
2565 1201 2854 1257 animabus
2894 1207 3118 1271 nostris,
3154 1216 3344 1278 postea
3391 1214 3451 1268 in

161 1286 340 1350 πάσας
378 1285 676 1356 ἀπομόσας
706 1285 807 1350 τὰς
836 1285 1144 1355 γνωπικάς
1179 1285 1505 1357 ἀντιλήψεις,
1546 1286 1724 1355 ἐγένετ

1876 1286 2163 1356 caliginem
2197 1287 2478 1358 ingressus
2500 1299 2604 1353 est,
2635 1291 2690 1344 id
2714 1305 2795 1347 est
2823 1295 2877 1347 in
2909 1294 3000 1350 Dei
3028 1298 3449 1368 ignorationem,

160 1379 214 1433 ὲν
245 1379 325 1451 τῷ
348 1379 555 1448 ἀναιρεῖ
584 1379 663 1451 τῷ
693 1377 773 1450 νῷ
801 1379 892 1432 καὶ
917 1379 1154 1450 ἀοράτῳ,
1188 1377 1380 1432 πασῶν
1420 1377 1724 1449 ἀντιλήψεω

1870 1377 1964 1431 ubi
2013 1393 2139 1432 cum
2184 1381 2362 1435 omnis
2399 1383 2731 1452 cognitionis
2784 1386 3029 1441 subsidia
3085 1390 3443 1457 exclusisset,

160 1471 479 1540 γνωστικῶν
518 1470 616 1524 τοῦ
650 1471 796 1542 πέρα
831 1471 1048 1525 πάντων
1084 1469 1241 1535 Θεοῦ,
1285 1471 1379 1525 καὶ
1414 1470 1635 1537 ἑνωθεὶς
1668 1471 1724 1525 δι.

1859 1469 1964 1523 fuit
1996 1471 2051 1524 in
2082 1479 2264 1527 mente
2295 1488 2416 1542 quae
2448 1489 2548 1528 nec
2587 1475 2734 1546 tangi
2767 1491 2866 1531 nec
2896 1478 3074 1533 videri
3116 1488 3312 1549 potest,
3349 1482 3445 1539 Dei

160 1563 248 1617 τοῦ
283 1563 540 1617 τοιούτου
587 1564 790 1635 τρόπου
839 1567 904 1636 τῇ
947 1565 1192 1636 ἀγνωσία
1234 1565 1329 1618 καὶ
1373 1565 1724 1638 ἀνενεργησίᾳ

1859 1563 2003 1617 ultra
2049 1579 2240 1618 omnes
2271 1566 2642 1636 cognoscendi
2692 1567 2981 1626 facultates
3009 1573 3318 1640 constituti,
3361 1584 3448 1631 ta-

157 1658 214 1710 οὐ
250 1657 398 1725 λέγω
439 1660 510 1730 τῇ
551 1657 684 1730 περὶ
728 1657 893 1712 αὐτοῦ
927 1658 1288 1730 ἀνενεργησίᾳ
1321 1655 1416 1711 τοῦ
1456 1658 1584 1711 ἰδίου
1636 1657 1724 1712 νοῦ

1858 1655 2005 1725 lique
2049 1656 2212 1712 modo
2256 1659 2589 1728 conjunctus
2637 1659 2970 1730 ignorationi
3017 1671 3071 1718 et
3118 1668 3443 1737 cessationi,

155 1747 275 1802 οὔτε
307 1753 376 1821 τῇ
417 1750 612 1822 ἐτέρου
642 1749 1001 1822 ἀνενεργησίᾳ
1031 1751 1088 1804 ὲν
1121 1749 1200 1820 τῷ
1232 1750 1367 1821 μήτε
1399 1749 1581 1812 αὑτὸν,
1616 1750 1722 1821 μήτ

1856 1761 1966 1800 non
1996 1746 2120 1802 dico
2163 1751 2386 1820 pr0prie
2415 1752 2615 1807 mentis
2646 1755 2965 1819 cessationi,
2999 1772 3177 1826 neque
3214 1759 3444 1816 alterius

156 1841 337 1912 ἕτερόν
377 1860 431 1895 τι
462 1846 629 1907 νοεῖν,
659 1843 774 1896 ἀλλ’
813 1843 1031 1908 ὲνωθεὶς
1070 1841 1148 1914 τῷ
1177 1841 1458 1906 παντελῶς
1487 1841 1724 1912 ἀγνώστι

1855 1839 2178 1906 cessationi,
2228 1856 2331 1896 nec
2387 1843 2665 1913 seipsum,
2717 1861 2821 1901 nec
2868 1847 2997 1916 quid
3043 1847 3191 1903 aliud
3238 1850 3443 1906 intelli-

157 1934 334 2007 πάσης
363 1934 628 2004 γνώσεως
651 1935 744 1989 τοῦ
769 1936 986 1990 πάντων
1013 1935 1272 1989 ἐπέκεινα
1301 1935 1420 1988 τότε
1457 1937 1521 2006 τῇ
1553 1935 1724 2004 ἁγνοί(

1851 1923 2049 1998 gendo,
2080 1931 2176 1986 sed
2207 1933 2538 2002 conjunctus
2572 1935 2989 2006 perfectissimae
3029 1943 3211 1998 omnis
3251 1945 3446 2014 cogni-

155 2026 214 2077 τὸ
234 2027 343 2078 πᾶν
368 2025 534 2095 ἔγνω.
565 2026 882 2098 Σημείωσαι
907 2027 981 2091 δὲ,
1011 2026 1087 2090 ὡς
1118 2021 1315 2097 γνόφον
1343 2026 1444 2097 τὴν
1474 2026 1724 2095 ἀγνωσία

1849 2019 2016 2074 tionis
2053 2022 2384 2093 ignorationi
2431 2026 2553 2096 ejus
2599 2029 2693 2098 qui
2741 2039 2964 2100 superat
3003 2034 3281 2101 universa,
3323 2046 3440 2093 tum

156 2119 340 2191 ἐνόησε
360 2121 430 2173 ⁸⁸.
474 2119 604 2183 Πῶς
629 2120 698 2173 δι’
729 2119 1004 2190 ἀγνωσίας
1034 2121 1062 2174 ὁ
1092 2120 1227 2184 Θεὸς
1271 2117 1614 2189 γινώσκεται,
1651 2121 1724 2174 κα

1847 2111 2193 2184 ignoratione
2261 2117 2444 2172 omnia
2493 2121 2666 2175 novit.
2725 2121 2864 2178 Nota
2933 2140 3084 2192 vero,
3119 2129 3265 2198 quod
3309 2131 3444 2186 cali-
3494 2129 3502 2138 ’

157 2206 252 2266 ὧδέ
289 2229 458 2282 φησι,
503 2213 600 2266 καὶ
644 2215 701 2266 ὲν
734 2212 812 2284 τῷ
849 2213 992 2282 Περὶ
1033 2214 1207 2268 θείων
1237 2211 1545 2283 ὀνομάτων
1579 2212 1722 2284 λόγῳ

1846 2205 2026 2276 ginem
2055 2208 2417 2279 ignorantiam
2462 2211 2812 2270 intellexerit.
2843 2215 3091 2282 Quanam
3125 2229 3307 2277 autem
3343 2237 3440 2277 ra-

154 2303 488 2377 πλατύτερον
521 2305 870 2376 διεξήλθομεν
905 2307 963 2360 ὲν
995 2304 1275 2377 κεφαλαίῳ
1311 2305 1373 2376 β’.
1416 2305 1536 2377 Χρὴ
1578 2305 1636 2360 δὲ
1670 2308 1724 2359 εἰ·

1847 2298 1996 2354 tione
2025 2298 2172 2357 Deus
2202 2317 2300 2372 per
2343 2301 2744 2372 ignorationem
2775 2295 3165 2378 cognoscatur,
3197 2319 3312 2368 tum
3345 2313 3438 2370 hic

154 2396 314 2461 δέναι,
342 2397 421 2461 ὡς
454 2399 516 2451 ὲν
546 2399 614 2468 τῇ
649 2396 863 2468 Ἐξὸδῳ,
892 2397 1021 2451 ἔνθα
1046 2385 1380 2473 γέγραπται,
1414 2398 1496 2451 ὅτι
1527 2397 1724 2469 είσῆλθι

1855 2389 2014 2457 dicit,
2078 2401 2191 2448 tum
2255 2393 2313 2448 in
2373 2394 2518 2450 libro
2568 2395 2647 2452 De
2694 2396 2885 2453 divinis
2923 2402 3218 2459 nominibus
3258 2407 3438 2476 capite

155 2489 390 2563 Μωῦσῆς
423 2492 505 2554 εἰς
535 2490 630 2544 τὸν
660 2489 859 2562 γνόφον
888 2485 950 2546 οὗ
980 2487 1048 2563 ἦν
1080 2491 1110 2544 ὁ
1132 2490 1286 2556 Θεὸς,
1312 2489 1375 2545 τὸ
1409 2490 1508 2562 μὲν
1536 2485 1724 2563 Ἐὄραῖ

1846 2483 2088 2540 secundo
2167 2483 2346 2543 fusius
2407 2488 2822 2558 explicabimus.
2903 2491 3078 2549 Porro
3145 2495 3432 2554 sciendum

155 2583 242 2636 κὸν
273 2584 389 2656 ἔχει
416 2583 654 2654 ἀραφέλ
675 2584 758 2657 (⁶)’
779 2587 826 2638 oi
857 2583 914 2636 δὲ
929 2583 1346 2656 Ἑϐδομήκοντα,
1362 2584 1456 2637 καὶ
1479 2583 1710 2648 Ἀκύλας

1843 2586 1950 2643 εει,
2011 2579 2066 2633 in
2111 2578 2325 2645 Exodo,
2368 2580 2462 2635 ubi
2503 2582 2771 2652 scriptum
2811 2593 2895 2638 est
2943 2583 3182 2657 Moysem
3218 2587 3434 2660 ingres-

154 2677 242 2728 καὶ
292 2677 594 2730 Θεοδοτίων
636 2676 697 2730 τὸ
741 2675 973 2747 ἀραεοὲλ
1019 2675 1214 2746 γνόφον
1260 2675 1548 2740 ἐξέδωκαν.
1595 2674 1724 2746 Σύμ-

1843 2680 1968 2723 5um
2036 2667 2209 2722 fuisse
2253 2668 2543 2739 caliginem
2593 2670 2650 2726 in
2694 2687 2801 2742 qua
2829 2680 2948 2727 erat
2978 2672 3120 2730 Deus
3148 2715 3164 2741 ,
3202 2676 3435 2733 Hebrai-

158 2786 320 2841 μαχος
357 2770 544 2842 μέντοι
579 2770 843 2841 ὀμίχλην
863 2770 925 2824 τὸ
949 2769 1182 2838 ἀραφὲλ
1205 2769 1558 2840 ἑρμήνευσεν.
1597 2765 1655 2822 ’0
1685 2768 1724 2822 δί

1843 2771 1970 2812 cum
2018 2756 2220 2814 habere
2247 2760 2467 2829 araphel
2491 2777 2510 2815 :
2545 2758 2899 2833 Septuaginta
2929 2781 3057 2820 vero
3087 2774 3140 2821 et
3168 2767 3426 2838 Aquilam

163 2859 405 2932 Ἐϐραῖος
436 2863 586 2931 λέγει
617 2863 678 2916 τὸ
710 2861 961 2931 ἀραςρὰλ,
994 2860 1164 2932 ὄνομα
1196 2855 1332 2914 εἶναι
1367 2857 1724 2932 στερεώματος

1843 2857 2006 2920 atque
2019 2847 2448 2906 Theodotionem
2468 2852 2778 2909 reddidisse
2807 2855 3046 2924 araplwl,
3083 2859 3302 2926 γνόφον,
3337 2876 3430 2914 ca-

153 2954 225 3016 εἱς
254 2952 282 3006 ὃ
312 2953 520 3023 ἔφθασε
553 2953 817 3023 Μωῦσῆς·
854 2953 992 3007 ἑπτὰ
1023 2953 1132 3026 γὰρ
1166 2950 1525 3025 στερεώματά
1553 2969 1724 3022 φασιν⁴

1841 2940 2053 3012 liginem
2063 2957 2084 3006 ;
2101 2951 2154 2999 at
2169 2939 2556 3014 Symmachum
2569 2943 2817 3016 ὁμίχλην,
2835 2945 3107 3014 nebulam,
3123 2949 3428 3005 esseinter-

153 3044 186 3098 ἃ
209 3047 297 3100 καὶ
319 3048 586 3118 οὐρανοὺς
614 3046 856 3106 καλοῦσι.
881 3047 975 3101 καὶ
1005 3047 1073 3100 τὰ
1094 3046 1331 3117 ὀνόματα
1361 3045 1608 3115 λέγουσιν
1623 3062 1638 3073 ·
1663 3039 1724 3100 ὧι

1840 3043 2134 3101 pretatum.
2155 3032 2421 3089 Hebraeus
2451 3049 2581 3090 vero
2636 3034 2769 3090 dicit
2796 3035 3014 3105 araphel
3043 3052 3166 3094 esse
3225 3054 3427 3095 nomen

158 3138 523 3211 μνημονεῦσαι
559 3138 654 3193 νῦν
699 3141 800 3194 οὐκ
831 3140 1142 3210 ἀναγκαῖον.
1189 3138 1454 3208 Ἀνέγνων
1486 3138 1544 3192 δὲ
1583 3137 1740 3192 τοῦτο
1841 3121 2241 3179 δτωίιπιθηιίίη
2261 3125 2406 3194 (ιιιοά
2422 3123 3286 3197 ΜοΥεθθΡθτνθηίιςάῘουηῑθηίω
3303 3147 3427 3188 esse

150 3231 292 3287 ἑπτὰ
347 3232 650 3302 οὐρανοὺς
700 3233 794 3287 καὶ
857 3234 915 3286 ὲν
957 3235 1025 3304 τῇ
1059 3229 1543 3306 σσυγγεγραμμένῃ
1586 3229 1724 3305 ’Δρί-

1841 3222 2051 3286 septem
2079 3215 2449 3283 ﬁrmamenta,
2481 3232 2603 3288 quae
2629 3217 2997 3288 etiampcelos
3017 3220 3180 3292 234
3201 3230 3422 3290 vocant,

155 3339 306 3378 στωνι
351 3325 431 3396 τῷ
480 3324 729 3396 Πελλαίῳ
771 3323 999 3390 διαλέξει
1031 3323 1316 3377 Παπίσκου
1361 3323 1454 3376 καὶ
1487 3322 1724 3386 Ἰάσονος,

1840 3306 2176 3379 nominaque
2198 3317 2508 3376 recensent,
2536 3325 2769 3380 quorum
2790 3326 2936 3366 nunc
2967 3314 3284 3371 meminisse
3311 3330 3424 3370 non

152 3411 213 3477 ἦν
244 3417 359 3489 Κλή
370 3419 521 3489 μηςὸ
558 3417 942 3489 Ἀλεξανδρεὺς
965 3419 1024 3471 ὲν
1054 3417 1196 3489 ἕκτῳ
1229 3416 1415 3488 βιϐλίῳ
1440 3415 1724 3470 τῶνὝὶττο-

1837 3410 1923 3457 est
1962 3401 2360 3457 necessarium.
2387 3400 2518 3473 Legi
2545 3411 2727 3458 autem
2759 3413 2955 3472 septem
2984 3405 3140 3460 caelos
3168 3406 3331 3462 etiam
3363 3408 3422 3464 in

151 3510 468 3564 τυπώσεων
519 3511 611 3565 τὸν
675 3512 830 3579 ἅγιον
887 3511 1101 3565 Λουκᾶν
1161 3529 1325 3583 φησιν
1398 3509 1724 3582 ἀναγράψαι.

1836 3491 2211 3563 disputatione
2242 3491 2462 3564 Papisci
2505 3501 2560 3548 et
2591 3492 2812 3550 Jasonis
2838 3496 3042 3566 scripta
3074 3497 3143 3551 ab
3164 3497 3422 3556 Aristone

154 3599 334 3670 Ὅμως
363 3604 425 3657 τὸ
458 3603 590 3677 περὶ
619 3602 712 3656 τοῦ
746 3600 966 3674 γνόφου,
1005 3605 1086 3668 είς
1278 3602 1427 3656 θείαν
1460 3581 1724 3670 ἀγνωσίαν

1833 3581 2062 3646 Pellaeo,
2132 3597 2298 3654 quam
2361 3581 2620 3642 Clemens
2665 3586 3073 3644 Alexandrinus
3139 3590 3197 3644 in
3260 3598 3419 3646 sexto

1834 3671 1978 3727 libro
2029 3671 2438 3743 Hypotyposean
2488 3675 2566 3730 ait
2630 3684 2885 3731 sanctum
2954 3677 3159 3734 Lucam
3203 3681 3418 3736 descri-

1832 3759 2031 3828 psisse.
2064 3758 2142 3815 De
2170 3760 2405 3832 caligine
2445 3762 2504 3818 in
2545 3762 2732 3820 divina
2778 3766 3120 3838 ignoratione
3167 3771 3420 3826 conside-

1831 3860 1973 3914 rata,
2014 3851 2071 3906 in
2109 3853 2225 3908 suis
2267 3870 2487 3926 quoque
2531 3858 2783 3928 epistolis
2832 3858 3034 3928 optime
3081 3872 3419 3916 commenta-

1831 3949 1924 3997 tur
1961 3963 1974 3998 :
2026 3944 2085 3999 in
2133 3944 2330 4014 quinta
2371 3961 2501 4002 vero
2547 3946 2789 4019 perfecte
2831 3949 2898 4004 de
2938 3947 3044 4002 boc
3090 3958 3415 4018 argumento

1831 4035 2044 4092 scribit.

208 4121 320 4190 Τῆς
376 4121 584 4189 πάσης
628 4120 903 4192 γνώσεως
945 4119 1362 4190 ἀνενεργησίᾳ.
1416 4117 1492 4188 Ση
1501 4117 1724 4189 μείωσαι

1903 4125 2088 4184 Omnis
2133 4127 2447 4197 cognitionis
2489 4128 2802 4183 cessatione.
2850 4126 2990 4182 Nota
3041 4135 3187 4198 quod
3231 4128 3412 4185 omnis

147 4211 223 4266 δτι
268 4218 335 4286 τῇ
384 4217 570 4287 πάσης
619 4213 872 4283 γνώσεως
931 4213 1294 4288 ἀνενεργησίᾳ
1339 4209 1417 4282 τῷ
1463 4209 1724 4283 ἀγνώστῳ

1832 4218 2161 4292 cognitionis
2189 4210 2520 4288 cessatione,
2549 4219 2737 4292 ignoto
2761 4221 3038 4277 uniamur.

148 4303 258 4359 ἕνού
267 4307 427 4378 μεθα.
625 4351 629 4354 ι
1019 4337 1022 4340 ~
1703 4326 1708 4331 '

152 3689 539 3767 θεωρούμενον,
591 3697 859 3769 θειότερον
914 3697 1341 3768 πεφιλοσόφηται
1386 3695 1479 3749 καὶ
1511 3696 1569 3748 ὲν
1613 3696 1732 3756 ταῖς

151 3785 451 3852 ἐπιστολαῖς
483 3787 650 3842 αὑτοῦ
670 3806 683 3818 ·
710 3791 766 3844 ὲν
791 3791 857 3862 τῇ
885 3788 1107 3861 πέμπτῃ
1138 3787 1195 3840 δὲ
1214 3786 1434 3850 τελείως
1458 3784 1587 3856 περὶ
1616 3783 1734 3838 τού-

150 3891 234 3930 του
270 3881 489 3954 γράφει.

611 4399 722 4452 ΕΙΣ
760 4400 846 4453 ΤΟ
885 4399 1134 4452 ΚΕΦΑΛ.
1171 4399 1245 4453 B’.

2439 4399 2508 4456 ΙΝ
2545 4398 2700 4457 CAP.
2734 4399 2802 4457 II.

211 4489 372 4544 Κατὰ
400 4490 619 4544 τοῦτον
648 4491 834 4559 ἡμεῖς.
871 4492 981 4545 Καὶ
1008 4491 1242 4546 ἐνταῦθα
1275 4493 1403 4568 περὶ
1434 4493 1579 4548 θείου
1610 4495 1724 4564 γνό-

1901 4491 1970 4548 In
2011 4493 2116 4547 hac
2146 4509 2261 4548 nos.
2313 4490 2414 4547 Hic
2461 4507 2680 4564 quoque
2722 4490 2792 4546 de
2841 4490 3026 4547 divina
3075 4493 3309 4564 caligine
3354 4503 3410 4552 et

149 4593 240 4644 φου
273 4581 368 4633 καὶ
406 4581 527 4648 τῆς
570 4581 845 4649 ἀγνωσίας
899 4581 1078 4650 λέγει.
1131 4583 1242 4636 Καὶ
1292 4583 1596 4655 σημείωσαι
1643 4586 1724 4640 ὅτι

1832 4583 2140 4655 ignorantia
2167 4582 2323 4639 dicit.
2349 4581 2487 4639 Nota
2521 4583 2682 4638 etiam
2713 4583 2860 4654 quod
2895 4583 2999 4638 hoc
3031 4583 3104 4640 sit
3134 4584 3188 4640 in
3218 4586 3407 4642 divina

147 4669 292 4724 τοῦτὸ
338 4674 454 4725 ἐστι
487 4673 548 4726 τὸ
585 4673 692 4725 ὑπὸ
737 4673 829 4726 τὸν
859 4672 1002 4727 θεῖον
1032 4674 1229 4744 γνόφον
1259 4675 1533 4744 γενέσθαι,
1565 4677 1628 4730 τὸ
1657 4677 1724 4730 δι’

1832 4679 2061 4750 caligine
2101 4693 2258 4743 esse,
2306 4685 2564 4748 aspectus
2608 4678 2915 4748 privatione
2960 4688 3013 4734 et
3058 4678 3410 4750 ignoratione

146 4762 398 4835 ἀΰλεψίας
442 4766 537 4820 καὶ
582 4765 852 4834 ἀγνωσίας
900 4765 1028 4819 ἰδεῖν
1075 4767 1178 4830 ,καὶ
1223 4766 1428 4835 γνῶναι
1472 4768 1534 4820 τὸ
1584 4769 1724 4844 ὑπὲρ

1832 4787 2054 4829 cernere
2086 4786 2151 4827 ac
2192 4785 2524 4847 cognoscere
2552 4787 2678 4826 eum
2719 4771 2814 4842 qui
2856 4786 3073 4826 omnem
3123 4781 3406 4843 aspectum

146 4851 263 4910 θέαν
284 4860 378 4912 καὶ
409 4859 633 4928 γνῶσιν,
666 4859 784 4912 κατ’
809 4858 938 4912 αὐτὸ
968 4858 1030 4911 τὸ
1064 4857 1137 4930 μὴ
1169 4859 1296 4912 ίδείν
1331 4859 1464 4932 μηδὲ
1492 4861 1723 4929 γνῶναιο

1832 4875 2014 4934 atque
2039 4863 2324 4918 scientiam
2354 4861 2546 4927 vincit,
2576 4862 2680 4916 hoc
2710 4863 2852 4933 ipso,
2882 4863 3024 4933 quod
3058 4863 3280 4918 minime
3323 4864 3405 4917 vi-

145 4947 290 5004 τοῦτο
319 4953 429 5026 γάρ
468 4951 821 5022 ὲστι,’φησὶ,
853 4951 915 5005 τὸ
961 4951 1128 5015 ὅντως
1175 4951 1304 5005 ίδείν
1360 4953 1454 5006 καὶ
1485 4952 1719 5020 γνῶναι·

1832 4956 2056 5010 deamus
2095 4961 2151 5009 et
2188 4954 2472 5010 sciamus:
2507 4953 2610 5008 hoc
2649 4955 2794 5009 enim
2835 4961 2948 5022 est,
2982 4955 3180 5026 inquit,
3211 4970 3400 5009 revera

144 5041 369 5115 οὐδαμοῦ
413 5044 472 5098 δὲ
516 5043 659 5097 οὕτω
719 5045 1002 5116 σαφηνίζει
1043 5044 1142 5116 τὴν
1190 5047 1249 5098 ὲν
1296 5045 1539 5116 ἀγνωσία
1581 5045 1723 5113 γνῶ-

1832 5049 2018 5103 videre
2045 5054 2100 5102 et
2128 5061 2480 5117 cognoscere.
2514 5045 2792 5116 Nusquam
2827 5055 3008 5102 autem
3041 5048 3122 5103 sic
3164 5046 3400 5115 explicat

147 5148 241 5187 σιν.
287 5135 589 5205 Ἀνάγνωθι
635 5134 692 5188 δὲ
745 5138 840 5190 καὶ
890 5136 988 5208 τὴν
1033 5143 1074 5189 ε’
1108 5136 1245 5211 πρὸς
1293 5137 1564 5209 Δωρόθεον
1597 5140 1720 5192 ἐπι·-

1832 5135 2195 5207 cognitionem
2242 5135 2297 5188 in
2343 5135 2715 5205 ignoratione;
2750 5137 2867 5207 lege
2905 5137 3071 5192 etiam
3111 5133 3397 5204 epistolam

148 5225 349 5298 στολήν.
497 5271 502 5274 .
1663 5261 1666 5264 ~

1832 5229 2072 5300 quintam
2097 5225 2166 5280 ad
2197 5224 2550 5282 Dorotheum.

209 5320 311 5373 Διά
358 5319 472 5389 τῆς
522 5317 768 5374 πάντων
805 5319 924 5373 τῶν
963 5317 1172 5372 ὄντων.
1205 5319 1464 5373 Τουτέστι
1505 5318 1592 5374 διὰ
1621 5319 1717 5374 τοῦ

1897 5320 2148 5377 Omnium
2172 5337 2290 5391 qua:
2323 5330 2465 5376 sunt.
2490 5319 2550 5375 Id
2584 5328 2688 5386 est,
2719 5320 3008 5392 cogitando
3038 5318 3174 5373 nihil
3203 5333 3394 5373 eorum

152 5411 303 5481 μηδὲν
329 5413 438 5466 τῶν
469 5411 641 5466 ὄντων
661 5411 707 5444 ²⁶
737 5410 1012 5484 προσφυὲς
1043 5409 1190 5482 αὐτῷ
1217 5413 1387 5465 νοεῖνο
1422 5409 1578 5465 τοῦτο
1608 5411 1718 5486 γὰρ

1832 5426 1943 5486 quae
1993 5416 2122 5466 sunt
2166 5409 2272 5479 ipsi
2312 5409 2618 5478 adhaerere;
2657 5411 2762 5466 hoc
2791 5410 2935 5466 enim
2980 5408 3264 5478 ἀφαίρεσιν
3294 5425 3396 5463 no-

149 5504 424 5578 ἀφαίρεσιν
454 5505 759 5576 ὠνόμασεν.
793 5505 1067 5573 Αὑτοφυὲς
1098 5505 1155 5558 δὲ
1197 5504 1420 5576 ἄγαλμά
1469 5521 1654 5576 φησιν,
1688 5504 1718 5557 ὃ

1832 5501 2071 5559 minavit.
2114 5497 2372 5556 Nativum
2426 5508 2605 5558 autem
2648 5503 2864 5572 signum
2897 5505 3086 5563 vocat,
3129 5499 3277 5569 quod
3320 5501 3392 5556 sit

149 5594 342 5661 γίνεται
372 5602 431 5653 ὲν
478 5597 579 5670 ὕλῃ
612 5597 857 5669 ἀτμήτῳ,
889 5590 998 5650 οἷον
1031 5598 1089 5649 ἐν
1121 5596 1300 5668 πέτρᾳ
1328 5594 1624 5668 ὁλοκλήρῳ,
1659 5598 1717 5649 ὲν

1832 5611 1874 5650 .n
1923 5592 2150 5647 materia
2197 5607 2310 5648 non
2357 5593 2605 5660 desecta,
2654 5594 2797 5650 sicut
2843 5593 2901 5647 in
2947 5597 3099 5661 petra
3143 5591 3391 5665 integra,

1061 5731 1294 5787 VARUE
1333 5731 1719 5788 LECTIONES
1753 5731 1840 5787 ET
1879 5730 2436 5798 CORRECTIONES.

209 5853 250 5884 ³⁸
269 5871 357 5926 γρ.
387 5854 636 5918 ὲκᾴλεσε.
677 5851 741 5923 (⁸)
777 5833 928 5926 θείην
957 5851 1056 5910 Ex.
1085 5870 1176 5920 xx,
1207 5853 1296 5909 21.
1367 5853 1411 5885 ’⁸
1441 5869 1532 5921 γρ.
1567 5851 1678 5906 τῶν
1711 5850 1947 5906 πάντων.
