3882 6534
143 422 242 479 625

835 415 895 475 8.
936 413 1185 474 MAXIM!
1221 411 1515 473 SCHOLIA
1547 413 1614 471 IN
1653 410 1782 469 LIB.
1817 409 1905 466 DE
1937 408 2241 469 MYSTICA
2279 409 2690 468 THEOLDGiA.

3270 407 3378 468 ιεσ

143 545 215 596 ὅτι
254 540 388 613 μονὴ
418 541 521 596 καὶ
552 543 739 609 στάσις
765 546 957 602 ταυτόν
1002 548 1139 603 εἰσι·
1175 547 1386 620 κίνησις
1415 547 1472 600 δὲ
1518 541 1700 616 ἕτερόν

1826 537 1919 592 .ine
1948 551 2188 609 egressu.
2227 533 2517 590 Sciendum
2551 549 2677 588 vero
2703 539 2802 598 est,
2817 534 2959 604 quod
2983 529 3118 604 μονή
3147 541 3200 588 et
3247 532 3376 588 στά-

144 640 250 693 ὲστι
275 636 376 708 τῆς
425 640 624 710 μονῆς.
674 641 838 714 Φησὶν
880 637 972 697 οὖν
1014 642 1095 697 ὅτι
1115 682 1130 708 ,
1163 644 1257 697 καὶ
1304 644 1362 695 ὲν
1413 642 1545 712 μονῇ
1589 639 1708 692 ἀκι-

147 729 278 803 νήτῳ
306 731 392 784 ἀεὶ
434 728 575 786 οὖσα
607 737 639 804 ή
673 733 790 788 θεία
832 733 1012 804 φύσις,
1043 736 1190 790 δοκεῖ
1232 732 1494 788 κινεῖσθαι
1537 732 1594 784 ὲν
1639 729 1704 800 τῇ

149 825 200 876 ἐν
222 823 466 895 ἀλλήλοις
500 827 762 898 χωρήσει.

208 997 309 1050 Kal
345 996 458 1067 τῆς
495 997 567 1052 ἐν
601 1001 761 1068 αὐτῷ
795 1002 892 1057 καὶ
945 1002 1016 1057 ἐν
1063 1001 1285 1067 αὐτοῖς.
1329 993 1496 1065 Οὗτος
1527 999 1556 1053 6
1586 1000 1707 1065 νοῦς

147 1089 240 1142 τῶν
279 1089 620 1162 εἰρημένων⁸
671 1094 956 1159 συνατδιος,
1009 1095 1206 1165 φησὶν,
1257 1095 1290 1165 ἡ
1337 1094 1567 1168 ὓπαρξις
1607 1096 1709 1166 τῆς

145 1181 287 1251 ἁγίας
315 1184 567 1256 Τριάδος,
603 1187 697 1240 καὶ
725 1187 822 1258 ούχ
853 1187 1053 1260 ἑτέρως
1087 1188 1185 1259 μὲν
1215 1187 1478 1260 ὑπῆρξεν,
1508 1188 1709 1261 ἑτέρως

143 1276 192 1330 δὲ
221 1276 350 1348 μετὰ
380 1278 558 1332 ταῦτα
591 1281 825 1353 κατέστη
845 1299 858 1311 ·
907 1282 939 1354 ἢ
974 1281 1248 1355 χωρισμόν
1271 1280 1444 1354 τιναῆ
1479 1283 1708 1354 μεταϐο-

142 1368 226 1440 λὴν
248 1370 501 1442 ἔσχηκεν,
528 1373 644 1426 ἀλλ’
683 1373 800 1444 ἅμα
825 1376 917 1428 καὶ
947 1375 1087 1429 κατὰ
1117 1375 1310 1428 ταυτὸν
1339 1375 1401 1428 τό
1428 1392 1488 1428 τε
1521 1376 1585 1428 ὲκ
1613 1373 1708 1427 τοῦ

141 1461 336 1534 Πατρὸς
382 1459 525 1518 εἶναι
555 1464 648 1518 τὸν
681 1464 809 1520 Υἰὸν
839 1466 934 1520 καὶ
960 1465 1022 1520 τὸ
1049 1466 1274 1539 Πνεῦμα
1303 1467 1363 1521 τὸ
1411 1467 1583 1537 ἅγιον,
1616 1468 1710 1522 καὶ

140 1555 192 1609 οὐ
225 1558 336 1626 μετ’
362 1556 548 1612 αὐτόν.
911 1554 916 1560 ’

199 1648 324 1715 Πῶς
355 1653 388 1703 ό
424 1652 792 1720 ὑπερούσιος
832 1649 1076 1721 Ἰησοῦς.
1100 1651 1411 1724 Σημείωσαι
1445 1651 1584 1706 κατὰ
1613 1652 1710 1704 Νε-

140 1741 428 1814 στοριανῶν
458 1743 554 1796 καὶ
600 1741 936 1812 ’Ᾱκεφάλων.

198 1833 326 1900 Πῶς
352 1834 600 1905 ἀγαθός.
620 1835 686 1889 Τί
721 1835 964 1909 περιέχει
981 1837 1010 1891 6
1039 1837 1181 1906 Περὶ
1203 1830 1378 1892 θείων
1405 1836 1710 1908 ὀνομάτων

139 1923 277 1994 λόγος

197 2019 299 2074 Καὶ
315 2018 426 2090 γὰρ
439 2019 650 2090 ἐχρῆν.
668 2021 765 2076 Διὰ
777 2020 828 2075 τί
843 2021 899 2076 αἱ
916 2022 1242 2094 θεολογικαὶ
1266 2023 1280 2041 '
1291 2021 1706 2088 Υποτυπώσεις

141 2112 222 2164 καὶ
248 2111 276 2164 6
306 2113 449 2182 Περὶ
496 2114 673 2167 θείων
704 2114 1007 2185 ὀνομάτων
1044 2114 1200 2185 λόγος
1246 2114 1568 2187 ὀλιγόπιχοι
1599 2115 1704 2168 εἰσι

143 2203 326 2273 μᾶλλον
356 2205 390 2276 ἢ
425 2208 460 2277 ἠ
493 2207 833 2276 Συμϐολικὴ
871 2209 1162 2278 θεολογία.

206 2298 314 2366 Τῆς
332 2297 727 2368 συμϐολικῆς.
748 2298 870 2354 Τῶν
889 2300 1119 2373 πρώτων
1134 2299 1201 2355 τὰ
1220 2301 1318 2373 τῆς
1335 2301 1709 2372 Συμϐολικῆς

142 2392 433 2460 θεολογίας
465 2391 621 2464 φησι.

207 2482 332 2549 Ταῖς
358 2483 669 2553 συνόψεσι
696 2483 816 2539 τῶν
858 2486 1106 2557 νοητῶν.
1141 2485 1396 2558 Συνόψεις
1443 2487 1551 2540 τῶν
1585 2504 1707 2556 von-

141 2573 238 2627 τῶν
263 2574 360 2640 τὰς
406 2579 474 2647 τῇ
509 2575 657 2648 ἁΰλῳ
695 2577 874 2630 αὐτῶν
917 2578 1178 2652 ἁπλότητι
1228 2579 1543 2652 πρεπούσας
1575 2579 1707 2633 θεω-

143 2665 252 2737 ρίας
279 2667 524 2721 ἐκάλεσε.
560 2667 634 2720 Τὸ
674 2668 731 2722 δὲ
778 2670 1272 2739 περιστέλλονται
1303 2672 1425 2726 ἀντὶ
1461 2671 1554 2724 τοῦ
1595 2688 1706 2727 συ·-

142 2759 487 2816 στέλλονται
518 2761 788 2818 τέθεικεν.

216 2854 358 2908 Ἀλλ’
395 2856 656 2927 ἀλογίαν
701 2857 994 2928 παντελῆ.
1044 2857 1289 2928 ’Λλογίαν
1339 2859 1470 2930 φησὶ
1518 2857 1580 2912 τὸ
1629 2858 1704 2930 μὴ

143 2943 381 3001 δύνασθαι
444 2947 592 3020 λόγῳ
651 2950 998 3023 παραστῆσαι
1039 2950 1109 3005 τὰ
1170 2952 1310 3022 ὑπὲρ
1371 2951 1528 3019 λόγον
1549 2966 1564 2982 ⁶
1613 2953 1707 3006 καὶ

145 3038 388 3113 ἀνοησίαν
433 3037 528 3095 οὖν
559 3040 620 3094 τὸ
667 3042 1004 3115 ἀνεννόητον,
1037 3044 1131 3099 καὶ⁵
1171 3045 1201 3097 ὃ
1233 3046 1307 3117 μὴ
1355 3044 1576 3100 δύναταί
1621 3061 1705 3109 τις

145 3132 336 3202 νοῆσαι,
367 3133 446 3199 ὼς
479 3133 620 3206 ὑπὲρ
647 3133 792 3188 νοῦν.

213 3379 388 3433 Κάκεῖ
427 3379 546 3449 μὲν
582 3378 700 3434 ἀπὸ
733 3379 838 3434 τοῦ
875 3379 1015 3433 ἅνω.
1063 3380 1276 3453 Ἐπειδὴ
1306 3379 1374 3434 τὰ
1418 3383 1581 3454 νοητὰ
1612 3384 1706 3438 καὶ

148 3469 271 3543 ὑπὲρ
299 3471 421 3526 νοῦν
453 3471 549 3524 τοῦ
583 3470 715 3524 Θεοῦ
749 3471 931 3536 ένάδες
960 3473 1087 3536 εἰσὶ,
1123 3473 1216 3527 καὶ
1246 3473 1305 3529 ἓν
1334 3476 1362 3526 6
1384 3474 1535 3540 Θεὸς,
1573 3477 1708 3547 μᾶλ-

145 3560 224 3614 λον
251 3563 304 3616 δὲ
347 3565 442 3618 καί
490 3563 629 3636 ὑπὲρ
660 3563 721 3616 τὸ
771 3563 830 3616 ἓν
854 3581 868 3594 ⁸
917 3564 1137 3630 εἰκότως
1187 3565 1567 3632 συνέσταλται,
1611 3569 1706 3623 ἆτε

147 3656 229 3709 καὶ
256 3658 455 3728 ἀμερὲς
493 3657 588 3711 καὶ
636 3657 990 3729 ἀπλήθυντον.
1024 3658 1104 3713 Τὰ
1134 3657 1191 3713 δὲ
1237 3659 1373 3731 μετὰ
1415 3659 1566 3727 Θεὸν,
1599 3662 1709 3732 ὅσῳ

150 3751 333 3820 μᾶλλον
379 3753 627 3806 κάτεισιν
665 3751 760 3805 ἐπὶ
801 3752 871 3806 τὰ
919 3753 1183 3825 αἰσθητὰ,
1217 3753 1458 3827 τοσούτῳ
1508 3753 1708 3826 μᾶλλον

146 3843 444 3914 ὁμιλοῦνται
473 3848 591 3908 τοῖς
651 3847 926 3917 μεριστοϊς
971 3847 1064 3900 καὶ
1096 3847 1438 3913 σκεδαστοῖς,
1473 3848 1565 3902 καὶ
1608 3864 1707 3901 πε-

148 3935 534 4008 πληθυσμενοις
567 3937 974 4009 συμπληθύεται
1021 3940 1202 4005 αὐτοῖς
1249 3940 1386 4013 πρὸς
1414 3940 1506 3994 τὸν
1555 3958 1708 4013 μερι-

149 4031 271 4102 σμὸν
319 4035 412 4088 καὶ
459 4033 523 4088 τὸ
570 4034 885 4106 πολυσχιδὲς
925 4033 1034 4089 τῶν
1090 4034 1380 4107 αἰσθητῶν.
1430 4035 1586 4103 Πρὸς
1636 4036 1709 4090 τὰ

147 4124 362 4193 ἔσχατα
394 4126 485 4192 δὲ,
535 4127 808 4181 τουτέστιν
857 4126 965 4183 ἀπὸ
1006 4129 1106 4199 τῆς
1150 4128 1460 4200 θεολογικῆς
1508 4127 1707 4182 61:016-

148 4217 382 4285 πώσεως.

222 4310 349 4364 Ἀπὸ
388 4312 511 4367 τοῦ·
534 4313 894 4382 πρωτίστου.
928 4312 1241 4386 Πρωτίστου
1272 4315 1406 4386 φησὶ
1435 4313 1529 4366 τοῦ
1577 4315 1710 4385 μᾶλ-

147 4399 229 4456 λον
255 4405 583 4479 οἱκειστέρου
617 4405 711 4459 καὶ
740 4409 806 4477 τῇ
853 4405 1030 4478 ἐννοίᾳ
1061 4405 1534 4479 προεισϐἀλλοντος
1553 4443 1567 4469 ,
1600 4400 1710 4460 οἷον

147 4493 218 4549 ὅτι
245 4495 318 4550 ὢν
347 4499 375 4551 6
397 4498 551 4563 Θεὸς,
573 4498 708 4570 ὅπερ
736 4497 924 4552 ἑαυτὸν
950 4497 1249 4571 ὠνόμασεν.

210 4686 325 4738 Ὅτι
373 4683 440 4737 τὸ
492 4681 646 4750 ὑπὲρ
690 4680 914 4737 πᾶσαν.
954 4681 1078 4745 Πῶς
1119 4679 1198 4734 δεῖ
1240 4677 1542 4750 κεχρῆσθαι
1589 4683 1712 4745 ταῖς

149 4776 315 4833 θέσεσι
358 4778 456 4833 καὶ
487 4778 610 4841 ταῖς
651 4772 1001 4848 ἀφαιρέσεσιν
1033 4773 1125 4827 ἐπὶ
1154 4772 1289 4827 Θεοῦ
1309 4789 1323 4804 ο
1359 4774 1453 4828 καὶ
1498 4774 1581 4827 ὅτι
1610 4773 1710 4838 τὰς

152 4870 238 4942 μὲν
267 4870 444 4934 Θέσεις
475 4866 584 4923 ἀπὸ
612 4865 706 4920 τοῦ
739 4865 1043 4941 πρωτίστου
1065 4866 1158 4920 καὶ
1193 4865 1391 4936 μᾶλλον
1414 4865 1708 4936 συγγενοῦς

147 4961 217 5033 τῷ
233 4962 347 5033 Θεῷ
380 4959 680 5032 ποιούμεθα
697 4976 710 4989 ·
745 4959 844 5023 τὰς
874 4957 928 5012 δὲ
951 4957 1264 5030 ἀφαιρέσεις
1285 4955 1391 5012 ἀπὸ
1410 4956 1517 5012 τῶν
1543 4957 1706 5029 ἐσχάο

148 5068 246 5107 των
276 5054 370 5109 καὶ
404 5052 606 5125 μᾶλλον
637 5049 800 5106 αὑτοῦ
832 5047 1209 5120 διεστηκότων.

217 5151 332 5220 Τὴν
379 5145 746 5214 ὑποθετικὴν
803 5144 1157 5214 κατάφασιν.
1208 5143 1531 5214 Κατάφασις
1595 5144 1711 5197 ἐστι

148 5238 292 5310 λόγος
324 5238 691 5308 ἀποφαντικὸς
722 5233 755 5308 ἦ
787 5235 881 5288 τοῦ
914 5233 1162 5299 καθόλου,
1195 5232 1345 5304 ἢτοῦ
1381 5233 1707 5306 μαχομένου,

151 5332 181 5405 ἦ
228 5329 674 5406 συμπλεκομένου
725 5328 888 5393 τινὸς,
924 5327 956 5398 ἢ
1005 5324 1428 5400 συγκρινομένου
1450 5343 1462 5354 ·
1509 5320 1639 5392 οἷον,
1684 5327 1713 5378 6

1811 643 1914 692 σις.
1946 629 2149 682 mansio
2177 633 2233 682 et
2281 636 2474 690 status,
2505 625 2644 680 idem
2675 625 2821 691 sint;
2858 624 2954 680 sed
2981 624 3146 680 motio
3193 623 3375 679 differt

1808 734 1840 774 a
1868 721 2169 775 mansione.
2201 718 2342 772 Dicit
2375 718 2554 786 itaque
2588 715 2822 770 divinam
2858 723 3106 770 naturam
3139 718 3194 770 in
3224 733 3377 770 mane

1809 812 1961 868 sione
2013 810 2237 864 immota
2282 807 2659 868 exsistentem,
2712 805 2881 860 videri
2929 805 3131 862 moveri
3183 818 3370 860 mutua

1807 902 2161 974 profectione.

1879 995 1949 1049 Et
1986 997 2040 1050 in
2076 996 2187 1065 ipso
2217 1011 2279 1049 ac
2317 994 2372 1048 in
2408 993 2612 1063 seipsis.
2651 988 2774 1047 Haac
2816 990 3083 1048 dictorum
3116 1002 3201 1048 est
3245 1008 3372 1046 sen-

1807 1089 2008 1152 tentia;
2044 1096 2338 1153 coacterna,
2372 1087 2568 1157 inquit,
2607 1084 2928 1142 cxsistentia
2960 1080 3161 1140 sanctae
3189 1081 3373 1136 Trinio

1809 1181 1956 1244 tatis,
1989 1196 2163 1251 neque
2193 1180 2355 1251 236
2379 1179 2535 1234 aliter
2560 1178 2778 1249 quidem
2805 1177 3031 1239 exstitit.
3061 1177 3214 1232 aliter
3242 1190 3374 1231 vero

1807 1285 1992 1343 postea
2043 1273 2314 1336 constitit,
2357 1279 2451 1326 aut
2499 1271 2895 1341 separationem
2937 1269 3224 1340 quamdam
3259 1268 3373 1323 sive

1808 1364 2166 1420 mutationem
2200 1363 2444 1434 accepit;
2474 1363 2570 1417 sed
2611 1363 2773 1417 simul
2801 1369 2856 1417 et
2882 1361 3070 1417 eodem
3099 1371 3373 1416 momento

1806 1455 1980 1512 Filius
2009 1463 2093 1513 est
2118 1472 2186 1512 ex
2219 1455 2396 1520 Patre,
2423 1463 2477 1510 et
2508 1453 2744 1524 Spiritus
2776 1460 3022 1517 sanctus,
3056 1467 3162 1506 non
3194 1462 3370 1508 autem

1809 1555 1930 1618 post
1962 1549 2162 1618 ipsum.

1880 1638 2153 1706 Quomodo
2194 1636 2350 1692 Iesus
2379 1636 2468 1707 qui
2497 1646 2574 1691 est
2609 1653 2776 1705 supra
2808 1633 3182 1688 substantiam.
3235 1630 3373 1687 Nola

1809 1739 1999 1784 contra
2026 1730 2379 1786 Nestorianos
2408 1738 2460 1785 et
2487 1729 2814 1799 Acephalos.

1880 1821 2153 1889 Quomodo
2201 1820 2386 1876 bonus.
2417 1821 2555 1888 Quid
2583 1819 2722 1874 liber
2749 1819 2825 1874 De
2853 1819 3043 1874 divinis
3075 1821 3372 1877 nominibus

1743 1903 1783 1960 Β
1811 1916 2225 1986 complectatur.

1877 2007 2104 2064 Decebat
2151 2010 2314 2064 enim.
2365 2007 2476 2062 Cur
2522 2005 2821 2076 theologica
2871 2003 3270 2071 Institutiones,
3322 2008 3376 2060 et

1806 2101 1946 2158 liber
1975 2100 2054 2156 De
2083 2100 2274 2155 divinis
2313 2097 2611 2154 nominibus
2640 2097 2927 2168 pauciores
2966 2112 3160 2152 versus
3200 2097 3376 2151 contio

1807 2200 1995 2258 neant,
2026 2208 2189 2264 quam
2224 2191 2528 2263 Symbolica
2560 2190 2859 2260 theologia?

1876 2282 2417 2354 Symbolicw.Primis
2463 2281 2756 2336 convenire
2804 2278 3131 2350 theologiam
3163 2296 3282 2350 qua:
3320 2281 3374 2333 in

1807 2375 1981 2448 signis
2012 2381 2286 2430 versatur.
2497 2437 2504 2442 _

1878 2467 2274 2523 Intellectilium
2318 2464 2632 2536 aspectibus.
2666 2464 3009 2535 Conspectus
3059 2460 3375 2532 intelligibi-

1805 2560 1977 2626 lium,
2025 2559 2234 2615 vocavit
2265 2556 2751 2628 contemplationes
2801 2555 3143 2610 immateriali
3185 2569 3376 2609 eorum

1807 2650 2139 2722 simplicitati
2186 2649 2614 2707 convenientesy
2633 2646 2824 2704 Posuit
2856 2655 3037 2702 autem
3089 2647 3374 2719 περιστέλ-

1805 2743 1987 2798 λονται
2013 2757 2115 2814 pro
2143 2742 2538 2806 συστέλλονται,
2565 2739 2986 2796 contrahuntur.

1882 2834 2054 2891 Unum
2093 2836 2253 2890 etiam
2305 2835 2360 2888 in
2412 2833 2678 2888 silentium
2723 2832 3046 2902 perfectum.
3094 2830 3191 2887 Gr.
3241 2832 3371 2886 ἀλο-

1805 2928 1948 2998 γίαν.
2008 2927 2253 2996 Ἀλογίαν
2302 2925 2436 2981 dicit
2486 2934 2597 2980 nun
2641 2939 2804 2996 posse
2865 2940 3117 2980 sermone
3168 2940 3373 2995 repraeo

1806 3030 2021 3077 sentare
2091 3034 2211 3090 quae
2285 3033 2588 3074 sermonem
2659 3017 2887 3071 vincunt
2935 3035 2948 3071 :
3005 3025 3060 3073 et
3120 3017 3374 3072 similiter

1805 3109 2060 3184 ἀνοησιαν
2113 3111 2326 3166 vocavit
2372 3109 2506 3164 illud
2555 3109 2701 3180 quod
2761 3108 2990 3180 intelligi
3043 3109 3266 3180 nequit,
3315 3116 3372 3165 et

1732 3245 1774 3304 ο
1806 3203 1952 3276 quod
2003 3203 2184 3259 nullus
2234 3202 2531 3275 intelligere
2575 3201 2778 3275 possit,
2822 3215 2946 3256 cum
2995 3209 3229 3257 mentem
3281 3216 3375 3258 su-

1879 3302 1978 3350 ret.

1879 3309 1978 3350 ret.

1807 3309 2045 3451 peAtque
2090 3387 2148 3440 in
2192 3386 2300 3442 illis
2333 3385 2542 3458 quidem
2571 3403 2603 3440 a
2646 3400 2909 3456 supremo.
2938 3385 3205 3454 Quoniam
3253 3387 3378 3441 uni-

1807 3485 1949 3534 tates
1974 3479 2064 3533 Dei
2089 3485 2218 3534 sunt
2237 3477 2306 3532 τὰ
2337 3478 2504 3550 νοητά
2524 3494 2620 3534 seu
2649 3494 2768 3549 qua:
2798 3479 3022 3534 minime
3047 3478 3149 3534 sub
3177 3490 3376 3533 sensus

1806 3569 2031 3632 cadunt,
2065 3575 2408 3639 mentemque
2453 3571 2711 3634 vincunt,
2752 3576 2806 3625 et
2838 3567 2985 3625 Deus
3035 3576 3123 3625 est
3167 3585 3375 3634 unum,

1806 3663 1893 3718 vel
1932 3663 2115 3733 potius
2161 3677 2326 3733 supra
2369 3679 2566 3728 unum,
2612 3665 2808 3720 merito
2841 3664 3204 3730 contrahitur,
3255 3673 3378 3718 tan-

1807 3770 1970 3828 quam
1999 3756 2334 3812 individuum
2364 3764 2417 3812 et
2446 3774 2554 3811 non
2586 3757 3016 3827 multiplicahile.
3042 3757 3172 3824 Quae
3197 3767 3378 3813 autem

1806 3854 1934 3918 post
1979 3845 2180 3912 Deum,
2223 3855 2431 3917 quanto
2477 3847 2651 3917 magis
2695 3847 3032 3902 descendunt
3078 3848 3146 3902 ad
3195 3848 3377 3903 sensi-

1806 3939 1973 4006 bilia,
2024 3945 2176 3994 tanto
2227 3938 2404 4009 magis
2457 3939 2864 4009 conjunguntur
2911 3938 3278 3994 divisibilibus
3321 3946 3378 3995 et

1809 4029 2222 4101 separabilibus,
2251 4033 2456 4082 etcum
2492 4028 2626 4098 ipsis
2672 4027 3042 4097 multiplicatis
3085 4027 3247 4082 simul
3279 4043 3378 4099 per

1807 4121 2128 4177 divisionem
2165 4118 2580 4190 multiplicatur,
2609 4127 2663 4174 et
2708 4119 2879 4173 multa
2928 4119 3213 4174 sensilium
3261 4121 3377 4178 dis-

1810 4215 1999 4271 sectio.
2022 4213 2102 4268 Ad
2127 4223 2384 4280 extrema,
2413 4211 2469 4269 id
2493 4219 2578 4268 est
2612 4226 2641 4266 a
2672 4210 2973 4284 theologica
3011 4213 3374 4271 institutione.

1880 4309 1920 4360 Α
1966 4307 2155 4376 primo.
2199 4306 2442 4362 Primum
2487 4305 2622 4360 dicit
2668 4304 2799 4360 illud
2840 4305 2983 4376 quod
3027 4306 3198 4376 magis
3247 4323 3378 4378 pro-

1810 4403 1989 4473 prium
2062 4400 2358 4456 intellectui
2414 4398 2536 4470 ejus
2583 4399 2675 4469 qui
2726 4398 2960 4468 primum
3019 4399 3374 4469 aggreditur:

1810 4510 2002 4564 nempe
2032 4494 2176 4564 quod
2226 4490 2368 4548 Deus
2415 4493 2488 4549 sit
2532 4492 2561 4544 6
2601 4490 2696 4554 t'ov,
2740 4489 2828 4559 qui
2871 4499 2983 4554 est,
3014 4489 3158 4560 quod
3180 4506 3380 4547 nomen

1739 4600 1785 4655 Ι)
1813 4588 1914 4644 sibi
1945 4587 2221 4657 imposuit.

1888 4679 2030 4747 Quia
2061 4677 2114 4732 id
2147 4677 2285 4749 quod
2314 4682 2525 4747 superat
2554 4689 2776 4730 omnem.
2803 4672 2937 4740 Quis
2967 4674 3038 4730 sit
3065 4689 3198 4730 usus
3235 4672 3382 4728 aﬂir-

1815 4774 2117 4827 mationum
2144 4778 2199 4826 et
2230 4771 2580 4842 negationum
2625 4768 2678 4822 in
2729 4765 2869 4835 Deo;
2913 4775 2966 4824 et
3001 4785 3103 4824 nos
3149 4766 3383 4822 affirma-

1815 4865 1989 4920 tiones
2037 4878 2068 4917 a
2114 4863 2292 4933 primo
2342 4862 2622 4933 magisque
2665 4856 2774 4916 Deo
2810 4867 3044 4931 cognato
3082 4858 3379 4925 edicimus;

1813 4964 1868 5011 at
1917 4956 2236 5027 negationes
2279 4954 2348 5009 ab
2393 4953 2653 5010 extremis
2689 4959 2744 5007 et
2793 4952 3078 5026 magisab
3121 4951 3242 5024 ipso
3289 4967 3379 5006 re-

1813 5050 1999 5102 motis.
3137 5109 3142 5112 .

1889 5135 2286 5208 Hypotheticam
2318 5132 2735 5204 aﬁirmationem.
2760 5132 3059 5188 Allirmatio
3086 5137 3170 5188 est
3199 5143 3380 5186 sermo

1816 5229 2191 5287 enuntiativus
2235 5227 2471 5298 alicujus
2513 5226 2657 5298 quod
2699 5235 2784 5282 est
2814 5227 2899 5282 vel
2939 5223 3264 5285 universale,
3295 5221 3381 5278 vel

1818 5333 2148 5393 repugnans,
2182 5317 2268 5373 vel
2315 5317 2662 5388 copulatum,
2706 5315 2912 5371 veluti:
2945 5312 3088 5368 Deus
3125 5318 3209 5367 est
3245 5311 3379 5376 vita,

150 5425 271 5491 Θεὸς
302 5426 414 5498 ζωή
449 5427 618 5488 ἐστιν,
651 5425 679 5476 6
708 5421 839 5486 Θεὸς
872 5420 1141 5494 ἁγαθότης
1173 5419 1343 5476 ἐστίν.
1390 5419 1707 5493 ’Υποθετικὴ

1826 5415 1962 5470 Deus
1994 5420 2078 5468 est
2106 5409 2343 5465 bonitas.
2381 5407 2701 5480 Ὑποθετική
2735 5421 2863 5462 vero
2891 5412 2974 5460 est
3004 5418 3185 5459 sermo
3214 5419 3385 5458 enun-

151 5517 201 5574 δέ
231 5523 342 5576 ἐστι
387 5494 548 5589 λόγος
590 5515 953 5587 ἀποφαντικὸς
983 5513 1016 5586 ἢ
1047 5513 1142 5568 τοῦ
1187 5512 1434 5578 καθόλου,
1468 5511 1502 5584 ἢ
1551 5529 1707 5584 μαχο-

1826 5507 2043 5564 liativus
2088 5503 2209 5576 ejus
2248 5501 2392 5575 quod
2434 5508 2518 5589 est
2566 5505 2660 5555 aut
2704 5497 3047 5559 universale,
3087 5502 3181 5551 aut
3217 5494 3380 5566 237

156 5613 304 5682 μένου
353 5579 542 5676 τινὸς..
582 5608 617 5681 ἢ
669 5579 1112 5681 συμπλεκομένου
1155 5605 1467 5679 δηλωτικός.
1491 5579 1579 5659 Ἦ
1623 5579 1707 5658 οῦν

1826 5611 2152 5669 repugnans,
2198 5600 2292 5649 aut
2325 5579 2562 5666 copulati
2601 5590 2980 5647 declarativus.
3028 5585 3217 5658 Itaque
3249 5587 3390 5644 61:0-

1065 5745 1303 5805 VARUE
1337 5739 1720 5802 LECTIONES
1758 5736 1844 5796 ET
1884 5734 2432 5796 CORRECTIONES.

242 5890 356 5924 ⁸¹σ⁸¹
389 5892 442 5946 τί
489 5888 733 5962 περιέχει
761 5889 789 5942 6
821 5887 920 5960 τῆς
952 5881 1328 5955 Συμϐολικῆς
1353 5879 1662 5950 θεολογίας
1691 5875 1866 5945 λόγος·

467 5984 744 6044 Ρηιιοι..
790 5981 909 6043 Gn.
943 5981 1049 6043 IV.

3069 5947 3144 6009 ιιι
