3882 6530
494 439 598 496 ΗῚ

1267 426 1603 485 APPENDIX
1639 426 1730 481 AD
1766 424 1995 483 OPERA
2032 426 2087 483 S.
2126 421 2422 482 DIONYSII
2454 422 2933 483 ΑΒΕΟΡΑΟΙΤΑΕ.

3608 418 3712 479 428

494 555 678 626 θετικὴ
715 550 1012 619 κατάφασις
1056 546 1111 600 in
1158 542 1289 610 Deo,
1322 543 1466 599 Deus
1507 551 1592 598 est
1641 542 1813 613 magis
1852 545 1963 596 vita
1993 552 2033 598 cl

2150 539 2441 611 ύποθετικὴ
2474 541 2778 609 κατάφασις
2808 542 2903 594 ἐπὶ
2932 536 3088 601 Θεοῦ,
3119 537 3201 592 ὅτι
3228 537 3258 590 6
3286 535 3419 599 Θεὸς
3451 534 3566 606 ζωή
3597 537 3714 592 ἔστι

490 646 706 702 bonitas
733 656 891 711 quam
922 653 1015 692 aer
1040 645 1095 691 et
1121 636 1299 707 lapis;
1328 634 1696 690 detractiones
1727 643 1905 688 autem
1948 651 2047 690 ne-

491 737 707 806 gatione
756 729 1034 784 contrario
1072 728 1236 781 modo
1279 725 1535 797 positioni
1581 725 1865 789 dicuntur;
1918 739 2045 777 nam

490 826 707 897 positio,
750 823 893 876 sicut
933 819 1138 874 dictum
1172 828 1273 883 est,
1321 817 1618 873 secundum
1662 814 2046 886 descriptivam

488 916 897 970 allirmationem
940 910 1283 976 enuntiatur;
1335 925 1528 979 nempe
1577 909 1720 963 Deus
1766 916 1851 962 est
1910 908 2043 970 vita,

485 1017 580 1062 aut
607 1023 726 1072 aer;
761 1014 815 1059 at
857 1007 1106 1073 negatiVa
1141 1002 1445 1057 detractio:
1481 1001 1623 1056 Deus
1661 1016 1769 1055 non
1807 998 2047 1053 inebria-

484 1107 594 1161 tnr,
629 1114 736 1153 non
776 1099 1063 1163 irascitur;
1110 1103 1164 1151 et
1209 1095 1264 1148 in
1301 1092 1662 1163 positionibus
1692 1107 1723 1145 a
1766 1091 2048 1160 cognatio-

485 1193 637 1246 ribus
668 1189 991 1259 incipimus;
1026 1186 1198 1257 magis
1225 1185 1369 1240 cnim
1402 1182 1512 1238 Deo
1546 1184 1823 1253 proprium
1851 1182 1963 1237 vita
1991 1188 2047 1237 et

482 1284 702 1339 bonitas
741 1296 905 1352 qnam
952 1293 1045 1334 aer
1069 1288 1122 1334 et
1161 1278 1318 1348 lapis.
1350 1274 1409 1330 In
1454 1274 1881 1330 detractionibus
1917 1288 2049 1328 vero

481 1377 551 1430 ab
580 1375 839 1429 extremis
884 1370 1248 1434 ascendimus,
1290 1367 1546 1422 ni‘mirum
1596 1365 1764 1420 Deum
1796 1380 1905 1419 non
1951 1364 2048 1419 de-

480 1466 681 1521 clarari
712 1478 981 1529 sermone,
1016 1477 1116 1516 nec
1149 1458 1426 1530 cognosci,
1456 1455 1630 1527 magis
1667 1464 1752 1510 est
1786 1454 1897 1509 Deo
1926 1469 2048 1524 pro-

478 1560 659 1630 prium
719 1571 879 1627 quam
948 1569 1057 1608 non
1107 1549 1380 1621 crapulari
1435 1557 1490 1602 et
1534 1563 1642 1602 non
1712 1547 1907 1612 irasci;
1983 1560 2047 1598 ac

479 1649 705 1704 omnino
747 1663 775 1700 a
819 1645 1057 1701 secundo
1104 1659 1199 1699 seu
1231 1641 1406 1695 viliori
1448 1639 1839 1693 detractionem
1897 1635 2048 1689 ordi-

477 1758 624 1801 mur,
657 1741 943 1795 videlicet:
988 1753 1097 1792 non
1153 1734 1451 1790 inebriatur
1495 1732 1637 1786 Dens
1685 1729 1857 1799 magis
1883 1744 2046 1798 quam

477 1850 589 1888 non
638 1833 859 1895 dicitur,
886 1839 982 1883 et:
1039 1844 1143 1881 non
1186 1827 1443 1881 irascitur
1474 1823 1614 1879 Deus
1664 1822 1837 1891 magis
1882 1834 2045 1890 quam

2145 636 2238 688 καὶ
2267 632 2537 703 ἀγαθότης
2571 630 2767 702 μᾶλλον
2813 631 2847 702 ἢ
2880 628 2987 699 ἀὴρ
3020 628 3114 681 καὶ
3158 626 3303 691 λίθος
3323 643 3336 658 ⁸
3370 627 3427 680 αἱ
3458 625 3518 679 δὲ
3550 625 3684 694 ἀφαι

2146 724 2323 796 ρέσεις
2356 722 2495 777 κατὰ
2526 722 2797 791 ἀπόφασιν
2826 720 3071 787 λέγονται
3121 718 3376 781 ἐναντίως
3416 718 3484 788 τῇ
3533 715 3707 769 θέσειο

2145 818 2179 887 ἡ
2212 817 2308 887 μὲν
2353 815 2461 887 γὰρ
2502 814 2667 878 θέσις,
2698 811 2838 866 κατά
2866 810 3210 881 ύποθετικὴν,
3244 809 3320 873 ὡς
3347 808 3586 881 εἴρηται,
3616 824 3689 861 κα

2143 909 2373 976 τάφασις
2396 907 2631 975 λέγεται,
2661 906 2742 958 ὅτι
2770 904 2882 976 ζωὴ
2910 906 2938 957 ὁ
2965 902 3095 966 Θεὸς
3120 902 3153 972 ἢ
3184 902 3293 974 ἀήρ
3312 918 3326 931 ’
3358 902 3391 971 ἡ
3418 900 3475 953 δὲ
3505 899 3711 968 ἀποφα-

2143 1002 2267 1072 τικὴ
2296 1000 2600 1074 ἀφαίρεσις,
2620 998 2681 1052 οὐ
2715 997 3038 1069 μεθύσκεται
3061 996 3090 1048 6
3109 994 3261 1057 Θεὸς,
3279 993 3380 1047 οὐκ
3400 990 3707 1065 ὀργίζεταιο

2145 1094 2238 1147 καὶ
2260 1091 2474 1146 ἐπὶτῶν
2496 1090 2694 1144 θέσεων
2718 1092 2784 1142 ὲκ
2801 1088 2909 1142 τῶν
2937 1084 3375 1157 συγγενεστέρων
3399 1082 3706 1156 ἀρχόμεθα·

2142 1184 2464 1257 οἰκειότερον
2487 1182 2597 1256 γὰρ
2616 1182 2734 1253 Θεῷ
2762 1183 2875 1254 ζωὴ
2904 1182 2997 1235 καὶ
3021 1178 3292 1250 ἀγαθάτης
3321 1176 3521 1249 μᾶλλον
3543 1176 3576 1248 ἢ
3603 1175 3710 1248 ἀὴρ

2144 1280 2239 1333 καὶ
2264 1277 2428 1341 λίθος.
2468 1276 2589 1330 Ἐπὶ
2610 1277 2665 1330 δὲ
2691 1276 2799 1329 τῶν
2829 1273 3174 1346 ἀφαιρέσεων
3207 1272 3301 1325 καὶ
3325 1269 3437 1324 τῶν
3468 1269 3711 1340 ἐσχάτων

2142 1370 2353 1441 ἀνιμεν,
2386 1364 2497 1423 οἷον
2528 1368 2590 1421 τὸ
2619 1368 2691 1439 μὴ
2729 1367 2870 1438 λόγῳ
2889 1365 3177 1437 δηλοῦσθαι
3206 1364 3299 1418 τὸν
3328 1362 3485 1426 Θεὸν,
3522 1361 3620 1415 καὶ
3650 1360 3711 1415 τὸ

2147 1463 2219 1533 μὴ
2261 1462 2526 1523 νοεῖσθαι,
2565 1460 2888 1530 οἰκειότερον
2935 1458 3130 1529 μᾶλλον
3165 1457 3243 1528 τῷ
3281 1454 3420 1527 Θεῷ,
3454 1455 3490 1527 ἦ
3532 1455 3597 1510 τὸ
3636 1454 3709 1527 μὴ

2144 1555 2468 1627 κραιπαλᾷν,
2495 1553 2627 1624 μηδὲ
2647 1551 2977 1624 ὀργίζεσθαι,
3010 1552 3103 1605 καὶ
3129 1551 3266 1614 ὅλως
3307 1553 3373 1604 ὲκ
3408 1548 3507 1602 τοῦ
3531 1547 3712 1602 δευτέ-

2146 1666 2238 1719 ρου
2262 1648 2364 1716 τῆς
2394 1646 2734 1718 ἀφαιρέσεως
2757 1643 3067 1716 ἀρχόμεθαο
3099 1638 3231 1708 οἷον,
3262 1643 3321 1696 ού
3356 1641 3545 1713 μεθύει
3577 1640 3685 1711 μᾶλ

2143 1739 2234 1792 λον
2262 1742 2291 1792 6
2312 1739 2442 1803 Θεὸς
2465 1739 2498 1810 ἢ
2524 1740 2587 1792 οὺ
2612 1738 2827 1807 λέγεται
2845 1754 2859 1767 ·
2892 1738 2988 1791 καὶ
3014 1737 3072 1790 οὐ
3100 1736 3271 1807 μηνιᾷι
3294 1733 3495 1807 μᾶλλον
3520 1736 3550 1788 6
3579 1733 3710 1797 Θεὸς

2144 1830 2176 1901 ἢ
2211 1831 2271 1883 οὐ
2310 1833 2531 1884 νοεῖται.
2575 1829 2867 1901 Κραιπάλη
2912 1829 3011 1899 μὲν
3037 1823 3130 1882 οὗν
3174 1830 3294 1881 ἐστι
3329 1828 3365 1897 η
3401 1824 3572 1897 πολλὴ
3620 1826 3707 1880 καὶ

478 1940 590 1980 non
627 1923 966 1992 intelligitur.
1015 1917 1306 1990 Κραιπάλη
1348 1915 1562 1985 quidem
1606 1922 1691 1969 est
1726 1912 1946 1983 copiosa
1989 1923 2033 1966 el

2143 1923 2476 1997 σφοδροτάτη
2521 1923 2678 1993 μέθη,
2701 1923 2862 1975 οἱονεὶ
2891 1921 3180 1993 καραπάλη
3211 1937 3294 1985 τις
3323 1915 3479 1983 οὖσα,
3492 1918 3533 2005 ρ
3564 1918 3710 1971 ἐστὶν

476 2013 956 2071 vehementissima
992 2010 1252 2071 ebrietas,
1298 2007 1463 2062 veluti
1494 2005 1810 2078 καραπάλη,
1856 2005 1911 2059 id
1955 2012 2040 2059 est

476 2109 539 2163 τὸ
571 2109 711 2179 κάρα
742 2122 834 2162 seu
871 2112 1026 2172 caput
1054 2101 1327 2156 πάλλουσα
1350 2100 1613 2171 quatiens,
1640 2097 2042 2169 plurimumque

480 2215 732 2265 movens;
770 2200 926 2270 μῆνις
960 2204 1140 2251 autem
1180 2201 1265 2250 est
1304 2209 1411 2247 non
1445 2207 1780 2263 quaecunque
1810 2190 1911 2252 ira,
1943 2188 2039 2244 sed

479 2307 824 2359 permanens.
874 2288 1058 2358 Itaque
1095 2302 1126 2341 a
1159 2284 1511 2341 sensibilibus
1562 2283 1629 2337 ad
1679 2280 2039 2350 intelligibilia

476 2382 855 2444 ascendentes,
887 2394 995 2433 non
1030 2378 1291 2433 debemus
1320 2390 1510 2430 omnes
1552 2374 1651 2428 has
1683 2372 2037 2442 incorporeas

474 2476 841 2529 detractiones
883 2470 1162 2526 humiliter
1192 2468 1513 2537 intelligere,
1554 2466 1650 2520 sed
1697 2466 1748 2517 in
1788 2479 2041 2533 unoquo-

474 2582 581 2635 que
628 2566 842 2619 illorum
889 2577 1011 2632 quae
1060 2561 1320 2615 dicuntur
1358 2554 1681 2618 subaudire,
1725 2551 1870 2623 quod
1919 2552 2038 2621 ipse

476 2661 669 2713 beatus
710 2654 1000 2727 Dionysius
1026 2652 1162 2706 dixit
1188 2670 1201 2705 :
1231 2649 1375 2705 Deus
1403 2649 1547 2703 enim
1590 2647 1725 2701 nihil
1752 2653 1834 2701 est
1860 2645 2036 2700 dicto-

477 2766 595 2805 rum
627 2764 745 2821 quae
786 2763 886 2803 nos
918 2744 1319 2816 cognoscimus,
1368 2751 1459 2795 aut
1496 2738 1870 2809 intelligimus,
1901 2737 2034 2808 quin

475 2858 575 2895 ncc
606 2842 820 2895 illorum
851 2853 971 2907 quae
1008 2834 1373 2905 intelligibiles
1400 2833 1627 2887 virtutes
1654 2830 1922 2884 universa!
1950 2844 2036 2884 co-

474 2939 763 3003 gnoscunt.
790 2929 983 2983 Omnia
1015 2929 1160 2983 enim
1185 2940 1306 2996 qua:
1333 2924 1476 2978 dicta
1506 2932 1654 2985 sunt,
1696 2936 1921 2991 prorsus
1965 2935 2033 2975 ex

475 3022 584 3076 Deo
617 3028 764 3083 sunt,
799 3036 862 3073 ac
893 3018 1014 3087 ejus
1043 3016 1183 3070 dona
1212 3034 1223 3069 :
1257 3025 1309 3069 et
1338 3011 1610 3083 quomodo
1654 3010 1868 3079 proprie
1916 3008 2034 3078 ipse

474 3131 540 3169 ex
569 3113 703 3183 ipsis
726 3112 819 3181 qui
851 3111 985 3180 ipsis
1020 3107 1265 3179 providet
1285 3104 1507 3159 ?0mnia
1542 3117 1668 3157 vero
1694 3100 1909 3155 diverse
1936 3115 2032 3152 ex-

475 3205 763 3275 plicuimus
794 3206 848 3256 in
878 3203 1014 3256 libro
1044 3200 1121 3254 De
1147 3198 1335 3252 divinis
1375 3192 1691 3249 nominibus.
1735 3191 1859 3247 Hac
1885 3192 2028 3245 enim

473 3299 655 3352 omnia
703 3304 830 3353 sunt
859 3294 1178 3355 accidentia,
1203 3299 1255 3345 et
1278 3289 1328 3343 in
1349 3285 1662 3343 substantiis
1677 3302 1864 3341 eorum
1912 3300 2032 3353 qua:

474 3396 597 3459 post
638 3386 837 3453 Deum;
869 3393 924 3437 at
958 3383 1101 3437 Deus
1148 3389 1260 3434 tum
1288 3377 1581 3433 essentiam
1631 3380 1873 3443 superat,
1919 3383 2032 3427 tum

474 3482 666 3535 horum
710 3486 795 3534 est
843 3485 1063 3539 auctor;
1115 3488 1243 3543 ergo
1285 3479 1341 3526 et
1387 3471 1471 3525 bis
1501 3468 1767 3538 superior.
1811 3466 2029 3520 Aliter:

472 3571 597 3627 Vita
641 3579 695 3627 et
728 3570 965 3630 bonitas,
1015 3564 1299 3620 allirmatio
1341 3576 1437 3617 seu
1486 3560 1710 3631 positio;
1757 3573 1863 3612 non
1910 3571 2033 3612 cra-

475 3668 710 3737 pulatur,
760 3677 871 3717 non
920 3659 1205 3724 irascitur;
1243 3669 1369 3709 ecce
1414 3653 1512 3707 tibi
1555 3649 1768 3722 negatio
1805 3664 1900 3706 acu
1937 3648 2028 3705 de-

474 3758 692 3812 tractio.

541 3850 711 3915 Quam
750 3863 840 3901 aer
869 3855 960 3899 aut
998 3844 1153 3913 lapis.
1182 3841 1291 3897 Aer
1318 3837 1560 3909 quidem,
1590 3836 1745 3906 juxta
1782 3835 2031 3905 Scriptu-

471 3959 585 3996 ram
614 3944 666 3996 in
698 3941 855 3995 libris
914 3936 1140 4007 Regum,
1167 3935 1221 3988 in
1254 3947 1386 3986 aura
1413 3930 1585 3986 tenui.
1614 3928 1869 4000 Lapidem
1900 3943 2033 3983 vero

473 4035 730 4104 propheta
755 4031 909 4086 vidit.
940 4028 1110 4099 Magis
1140 4025 1307 4096 igitur
1345 4023 1559 4093 proprie
1585 4037 1749 4091 quam
1781 4020 1897 4080 illa,
1924 4019 2033 4073 vita

467 4134 523 4179 et
554 4126 780 4189 bonitas,
814 4124 868 4177 in
921 4120 1029 4177 Deo
1078 4125 1375 4189 ponuntur,
1406 4124 1460 4170 et
1516 4115 1669 4168 illum
1726 4112 2027 4167 declarant.

471 4218 562 4272 Sic
592 4218 756 4273 etiam
784 4230 850 4270 ex
877 4212 1233 4274 detractione,
1266 4207 1544 4264 contrario
1593 4205 1773 4269 modo,
1823 4204 2031 4259 scilicet

472 4310 739 4378 crapulari
778 4316 832 4363 et
879 4306 1059 4369 irasci,
1089 4313 1294 4359 remota
1341 4308 1469 4355 sunt
1501 4313 1531 4351 a
1570 4296 1678 4351 Deo
1709 4304 1764 4350 et
1815 4295 2026 4363 aliena;

470 4403 564 4457 sed
598 4419 701 4456 non
724 4402 827 4455 dici
858 4400 1031 4469 magis
1054 4394 1309 4452 convenit
1338 4392 1449 4447 Deo
1477 4399 1530 4447 et
1552 4392 1774 4461 propius
1797 4387 2027 4454 accedit,

467 4495 630 4565 233
647 4496 772 4565 quia
803 4507 1022 4547 onmem
1057 4496 1289 4544 mentem
1315 4494 1370 4540 et
1404 4496 1713 4539 sermonem
1739 4480 1928 4537 vincit.

1045 4601 1111 4656 IN
1150 4599 1302 4655 CAP.
1345 4597 1433 4653 IV.
1820 4654 1823 4657 λ

541 4701 721 4771 Neque
773 4699 828 4750 in
892 4696 1003 4749 loco
1046 4703 1141 4746 est.
1198 4690 1356 4744 Pater
1402 4686 1713 4743 necessario
1764 4699 1860 4755 per
1912 4684 2025 4738 haec

2054 4575 2103 4634 D

2139 2017 2172 2086 ὴ
2217 2014 2281 2067 τὸ
2320 2013 2483 2086 κάρα,
2520 2016 2639 2085 ἦτοι
2681 2015 2780 2085 τὴν
2829 2013 3069 2085 κεφαλὴν
3119 2012 3394 2068 πάλλουσα
3427 2010 3523 2066 καὶ
3567 2012 3707 2066 πάνυ

2140 2104 2380 2159 κινοῦσα.
2404 2105 2579 2176 Μῆνις
2607 2104 2663 2158 δὲ
2696 2105 2794 2176 οὐχ
2834 2106 2867 2177 ἡ
2903 2104 3140 2176 τυχοῦσα
3177 2105 3335 2177 ὀργὴ,
3378 2105 3497 2170 ἀλλ’
3526 2104 3560 2175 ἡ
3589 2104 3709 2158 ἐπί-

2142 2215 2317 2268 μονος.
2371 2197 2502 2252 Ἀπὸ
2550 2197 2681 2266 γοῦν
2720 2196 2830 2251 τῶν
2879 2196 3151 2269 αἰσθητῶν
3207 2197 3454 2261 ἀνιόντας
3496 2199 3593 2252 ἐπὶ
3642 2197 3708 2253 τά

2137 2290 2321 2361 νοητὰ,
2352 2292 2528 2353 πάσας
2554 2288 2756 2354 ταύτας
2791 2288 2890 2354 τάς
2926 2290 3247 2360 ἀσωμάτους
3284 2290 3607 2362 ἀφαιρέσεις
3635 2291 3705 2363 μὴ

2135 2382 2402 2446 ταπεινῶς
2432 2386 2572 2436 νοεῖν
2603 2381 2726 2455 χρὴ,
2759 2381 2872 2435 ἀλλ’
2904 2383 2991 2450 ἐφ’
3021 2382 3235 2453 ἑκάστῳ
3263 2381 3371 2436 τῶν
3401 2382 3708 2454 εἰρημένων

2136 2473 2604 2546 προσυπακούειν,
2644 2474 2783 2546 ὅπερ
2830 2473 2992 2536 αὐτὸς
3035 2476 3064 2527 6
3113 2474 3382 2547 μακάριος
3434 2474 3706 2539 Διονύσιος

2132 2560 2319 2619 εἶπεν·
2362 2564 2515 2619 οὐδὲν
2557 2566 2667 2637 γάρ
2704 2569 2852 2619 ἐστιν
2882 2568 2910 2619 6
2959 2564 3090 2629 Θεὸς
3123 2566 3234 2618 τῶν
3268 2566 3599 2639 εἰρημένων,
3632 2560 3706 2621 ὧν

2131 2658 2293 2728 ἡμεῖς
2329 2655 2753 2729 γινώσκομεν,ἢ
2788 2657 3045 2729 νοοῦμεν
3095 2658 3210 2711 ἀλλ’
3254 2656 3381 2711 οὔτε
3426 2652 3506 2713 ὦν
3544 2658 3703 2728 γινώ-

2135 2765 2352 2801 σκουσιν
2393 2750 2449 2802 αί
2491 2750 2677 2819 νοηταλ⁵
2718 2750 2974 2821 δυνάμεις
3022 2752 3224 2803 πᾶσαν
3259 2749 3438 2804 πάντα
3486 2750 3598 2824 γὰρ
3637 2748 3705 2804 τά

2132 2840 2395 2914 εἰρημένα
2425 2841 2674 2909 καθάπαξ
2707 2845 2771 2896 ἐκ
2801 2841 2933 2896 Θεοῦ
2963 2844 3071 2896 εἰσι
3119 2843 3213 2897 καὶ
3259 2842 3427 2897 αὐτοῦ
3469 2842 3700 2915 ﬁumi-

2132 2933 2229 2986 καὶ
2262 2931 2379 2995 πῶς
2412 2933 2574 2997 αὐτὸς
2608 2934 2667 3000 ἐξ
2699 2934 2875 2987 αὐτῶν
2905 2936 2934 2987 6
2978 2935 3365 3007 προνοούμενος
3397 2933 3581 2988 αὐτῶν
3609 2952 3706 2988 xu-

2134 3025 2295 3096 ρίωςς
2324 3025 2507 3080 Πάντα
2544 3025 2600 3080 δὲ
2621 3025 2666 3057 ³³
2684 3025 2950 3097 διαφόρως
2976 3025 3319 3097 διεξήλθομεν
3356 3029 3416 3080 ὲν
3453 3025 3535 3097 τῷ
3563 3025 3701 3096 Περὶ

2132 3120 2303 3172 θείων
2346 3117 2677 3187 ὀνομάτων·
2716 3117 2893 3172 πάντα
2929 3115 3038 3191 γὰρ
3065 3116 3255 3182 ταῦτα,
3294 3118 3369 3181 ὡς
3412 3116 3692 3189 συμϐεϐη-

2131 3212 2283 3275 κότα,
2318 3211 2411 3265 καὶ
2441 3214 2500 3264 ὲν
2531 3210 2738 3273 οὐσίαις
2768 3209 2875 3262 τῶν
2909 3208 3045 3280 μετά
3075 3209 3226 3265 Θεόν.
3262 3210 3318 3263 ’0
3347 3210 3404 3263 δὲ
3434 3209 3569 3274 Θεὸς
3611 3208 3702 3264 καὶ

2136 3303 2275 3375 ὑπὲρ
2325 3302 2532 3367 οὐσίαν,
2576 3302 2902 3356 καὶτούτων
2950 3301 3151 3365 αἴτιος,
3198 3301 3391 3356 οὐκοῦν
3422 3302 3519 3356 καὶ
3565 3301 3701 3372 ὑπὲρ

2134 3395 2292 3449 αὑτά,
2318 3397 2552 3460 Ἀλλως
2574 3409 2592 3426 ο
2614 3393 2734 3465 Ζωὴ
2767 3394 2859 3446 καὶ
2883 3393 3171 3464 ἀγαθότης,
3209 3392 3367 3466 [ἰδοὺ]
3401 3392 3698 3463 κατάφασις

2134 3490 2251 3559 ἢτοι
2292 3487 2460 3551 θέσις·
2504 3487 2564 3540 ού
2599 3485 2895 3558 κραιπαλᾷ,
2928 3485 3047 3538 οὐδὲ
3080 3487 3263 3558 μηνιᾷ,
3296 3484 3404 3539 ἰδοὺ
3433 3485 3697 3555 ἀπόφασις

2131 3579 2246 3649 ἤτοι
2278 3578 2583 3652 ἀφαίρεσις.

2196 3842 2270 3894 ’Ἰι
2293 3838 2409 3908 ἀὴρ
2440 3840 2535 3893 καὶ
2564 3840 2750 3907 λίθος.
2798 3841 2928 3914 Ἀὴρ
2953 3842 3068 3913 μὲν,
3101 3841 3239 3896 κατά
3268 3842 3328 3894 τὸ
3357 3842 3416 3894 ὲν
3451 3842 3696 3897 Βασιλεί-

2131 3951 2216 3996 αις
2247 3931 2551 4003 εἰρημένον,
2575 3934 2632 3987 ὲν
2656 3933 2801 4006 αὔρᾳ
2843 3933 3011 4005 λεπτῇ
3032 3951 3045 3964 ·
3080 3933 3223 3987 λίθον
3252 3934 3309 3988 δὲ
3353 3936 3383 3987 6
3416 3940 3695 4008 προφήτης

2130 4020 2255 4078 εἶδε.
2290 4024 2505 4079 Τούτων
2525 4021 2616 4079 οὖν
2634 4026 2959 4099 οἰκειότερον
2993 4025 3188 4097 μᾶλλον
3215 4024 3392 4089 θέσεις
3412 4026 3511 4079 καὶ
3538 4026 3696 4100 δηλώ-

2130 4134 2242 4180 σεις
2257 4118 2302 4149 ⁸⁵
2332 4117 2425 4170 ἐπὶ
2454 4117 2587 4171 Θεοῦ
2623 4119 2663 4186 ἠ
2691 4118 2801 4187 ζωὴ
2834 4119 2930 4174 καὶ
2960 4120 2997 4186 ἡ
3027 4118 3339 4188 ἀταθότης.
3364 4118 3577 4190 ’Ὠσπερ
3604 4115 3694 4173 οὖν

2130 4211 2221 4263 καὶ
2253 4212 2315 4264 ὲκ
2352 4210 2451 4280 τῆς
2467 4211 2513 4243 ³⁵
2544 4213 2883 4284 ἀφαιρέσεως
2911 4214 3002 4265 ἐπὶ
3031 4212 3125 4265 τοῦ
3156 4211 3399 4265 ἐναντίου
3412 4212 3479 4279 ⁸⁸,
3512 4207 3619 4267 οἷον
3634 4213 3695 4267 τὸ

2130 4299 2466 4369 κραιπαλᾷν
2494 4304 2587 4355 καὶ
2618 4301 2861 4373 μηνιᾷν,
2900 4304 3083 4375 πόρρω
3114 4303 3248 4356 Θεοῦ
3281 4304 3373 4369 καὶ
3404 4304 3650 4378 ἀλλότρια
3671 4321 3686 4334 ·

2129 4393 2190 4446 τὸ
2216 4393 2271 4446 δὲ
2292 4392 2443 4463 μήτε
2469 4394 2747 4465 λέγεσθαι
2764 4396 2804 4426 ’τ
2832 4396 3026 4467 μᾶλλον
3058 4395 3265 4469 πρέπον
3282 4396 3403 4467 Θεῷ
3421 4398 3517 4451 καὶ
3534 4399 3694 4466 ἐγγυ-

2127 4484 2290 4557 τέρω,
2323 4486 2410 4540 διά
2441 4486 2502 4541 τὸ
2534 4488 2671 4559 ὑπὲρ
2700 4488 2878 4541 πάντα
2907 4487 3029 4540 νοῦν
3058 4504 3119 4540 τε
3151 4492 3245 4541 καὶ
3270 4487 3445 4557 λόγον.

2488 4664 2497 4671 ,
2608 4602 2714 4653 ΕΙΣ
2745 4602 2831 4653 Τυ
2868 4601 3115 4654 ΚΕΦΑΛ.
3146 4600 3217 4655 A'.

2201 4690 2350 4744 Οὐδὲ
2374 4692 2435 4745 ἐν
2479 4694 2636 4757 τόπῳ
2690 4693 2874 4746 ἐστίν.
2928 4693 3258 4761 Ἀναγκαίως
3301 4695 3329 4748 6
3360 4694 3549 4767 Πατὴρ
3602 4693 3688 4747 διὰ

468 4793 769 4847 auditorem
819 4800 976 4841 suum
1014 4782 1322 4841 conﬁrmat,
1356 4795 1422 4833 ne
1462 4785 1683 4847 pr0ptcr
1736 4783 2024 4847 sequentes

2140 4781 2323 4834 τούτων
2355 4784 2825 4854 προσησφαλίσατο
2852 4784 2943 4837 τὸν
2983 4783 3273 4856 ἀκροατὴν,
3296 4784 3435 4839 ὥστε
3472 4785 3545 4856 μὴ
3573 4788 3691 4847 ταῖς

467 4882 785 4954 negationes
813 4877 1108 4930 arbitretur
1127 4873 1463 4925 divinitatem
1489 4882 1714 4938 prorsus
1734 4883 1842 4927 non
1866 4882 2019 4934 esse;

467 4978 564 5032 sed
608 4976 662 5028 in
712 4971 797 5024 his
846 4968 1090 5037 quidem,
1125 4966 1269 5017 illam
1301 4977 1422 5016 esse
1465 4959 1785 5030 supposuit;
1816 4960 1869 5025 in
1918 4959 2026 5015 illis

465 5083 619 5127 vero,
644 5065 852 5117 nullum
890 5076 1012 5117 esse
1038 5074 1225 5114 eorum
1254 5070 1373 5126 quae
1405 5062 1553 5118 sunt,
1589 5053 1683 5109 sed
1727 5052 2022 5119 essentiam

468 5170 749 5229 superare.
1454 5206 1459 5209 _

1059 5262 1125 5317 IN
1168 5262 1319 5317 CAP.
1365 5259 1428 5317 V.

541 5359 688 5430 Quod
725 5374 816 5413 nec
866 5359 1046 5410 anima
1077 5356 1166 5417 sit,
1195 5370 1355 5423 neque
1402 5369 1563 5406 mens.
1614 5350 1737 5405 [hcc
1778 5352 1920 5404 inter
1961 5364 2021 5404 se

469 5456 779 5524 discrepant
814 5452 980 5517 (sicut
1033 5448 1286 5519 superius
1331 5446 1661 5500 declaratum
1706 5445 1850 5516 est):
1884 5444 2022 5496 ima-

468 5547 691 5620 ginatio,
737 5544 941 5614 opinio,
977 5540 1136 5608 ratio,
1158 5537 1530 5608 intelligentia,
1577 5548 1692 5605 quae
1739 5535 1796 5589 in
1841 5541 2021 5591 mente

2126 4872 2254 4943 ἑξῆς
2301 4876 2635 4944 ἀποφάσεσιν
2683 4876 2887 4930 οἴεσθαι
2928 4876 3064 4939 ὅλως
3110 4877 3183 4948 μὴ
3227 4875 3362 4931 εἶναι
3413 4878 3475 4931 τὸ
3521 4878 3686 4930 θεῖον

2126 4965 2239 5018 ἀλλ’
2272 4967 2328 5018 ὲν
2357 4966 2564 5030 τούτοις
2586 4968 2760 5038 μὲντὸ
2789 4964 2923 5021 εἶναι
2953 4968 3083 5021 αὐτὸ
3113 4967 3360 5032 ὑπέθετο,
3391 4970 3448 5022 ὲν
3470 4969 3692 5029 ἐκείνοις

2125 5056 2183 5109 δὲ
2244 5057 2305 5109 τὸ
2366 5058 2459 5110 καὶ
2527 5059 2692 5131 μηδὲν
2732 5058 2839 5111 τῶν
2880 5059 3047 5113 ὄντων
3090 5055 3249 5126 εῖναι,
3308 5060 3424 5115 ἀλλ’
3458 5058 3688 5134 ὑπερούο

2129 5160 2162 5196 σ
2166 5159 2262 5199 ιον.

2606 5263 2713 5315 ΕΙΣ
2743 5262 2829 5316 ΤΟ
2858 5264 3108 5319 ΚΕΦΑΛ.
3140 5263 3218 5319 Ε’.

2205 5352 2301 5418 Ὦς
2327 5353 2464 5407 οὔτε
2484 5352 2651 5421 ψυχή
2672 5353 2860 5417 ἐστιν,
2888 5354 3025 5409 οὔτε
3050 5355 3213 5422 νοῦς.
3238 5355 3493 5429 Διαφέρει
3520 5356 3689 5411 ταῦτα

2126 5445 2388 5518 ἀλλήλων,
2421 5445 2496 5509 ὡς
2526 5445 2584 5496 ὲν
2628 5447 2738 5507 τοῖς
2766 5445 3017 5517 ἀνωτέρω
3053 5445 3340 5519 δεδήλωται
3356 5486 3373 5512 ,
3406 5448 3689 5517 φαντασία,

2126 5535 2249 5600 δόξα
2271 5577 2283 5599 ,
2317 5535 2491 5604 λόγος,
2534 5533 2745 5604 νόησις,
2776 5532 2813 5587 ἃ
2857 5535 2995 5589 κατά
3015 5536 3059 5568 ³⁸
3088 5536 3177 5591 τὸν
3221 5536 3344 5592 νοῦν
3388 5538 3688 5610 θεωρεῖται.

1374 5692 1607 5747 νΑιιιιιΕ
1648 5689 2027 5746 LECTIONES
2059 5688 2144 5743 ET
2171 5686 2728 5745 CORRECTIONES.

577 5835 625 5872 ³³
646 5836 817 5892 ταῦτα
866 5836 939 5890 δέ.
1002 5904 1005 5905 ν
1037 5835 1079 5868 ³⁸
1112 5834 1380 5905 δυ.ἁμεις.
1449 5832 1492 5863 ³⁵
1523 5831 1614 5883 ἐπὶ
1646 5831 1767 5899 τῆς.

1864 5831 1908 5862 ³⁸
1943 5832 2006 5881 ἐκ
2036 5825 2129 5881 τοῦ
2164 5825 2427 5881 ἐναντίου.
2497 5824 2541 5857 ³⁷
2582 5823 2716 5896 μήτε
2746 5826 3002 5880 νοεῖσθαι.

3106 5824 3150 5854 ⁸⁸
3184 5824 3331 5894 περί.
