3882 6554
160 480 237 538 ιῖθ
809 475 867 535 8.
907 473 1156 534 MAXIM]
1188 471 1478 532 SCHOLIA
1515 471 1584 531 IN
1619 469 1748 531 LIB.
1767 473 1872 528 ’ΒΕ
1905 470 2208 530 MYSTICA
2245 469 2658 531 THEOLOGIA.

3279 469 3387 527 450

160 593 612 675 Προσεπινοητέον
650 597 705 648 δὲ
746 595 806 648 τὸ
848 593 986 648 κατὰ
1015 593 1107 647 τὸν
1149 591 1416 664 ἡμέτερον
1447 590 1603 659 λόγον
1636 589 1710 661 μὴ

1815 587 2250 644 considerantur.
2294 586 2464 643 Porro
2508 594 2692 644 mente
2735 585 3102 658 supplendum
3127 593 3234 654 est,
3275 605 3388 645 non

159 695 268 764 ἔχειν
294 690 465 759 λόγον
487 707 502 721 ο
539 689 742 760 ὁμοίως
771 688 864 741 καὶ
892 687 1074 758 νόησιν
1105 683 1246 740 κατὰ
1275 683 1371 755 τὴν
1391 685 1449 737 ὲν
1478 686 1590 747 τοῖς
1610 700 1718 737 νοε-

159 786 242 856 poi;
265 783 543 852 κτίσμασι
561 796 575 810 ·
594 779 688 832 καὶ
715 777 782 830 τὰ
812 776 939 847 ὲξῆς
967 777 1024 830 δὲ
1053 773 1223 838 οὕτως
1241 773 1552 845 ἐκδέχεσθαι
1577 772 1714 846 χρή.

160 877 369 940 Ἄλλως
388 891 402 903 ⁸
443 872 561 927 Καὶ
591 873 682 925 ἐπὶ
699 869 897 924 τούτων
919 869 1120 941 ὁμοίως
1149 867 1212 922 τὸ
1237 868 1313 932 ὡς
1345 869 1491 938 ἡμᾶς
1520 867 1717 920 εἰδέναι

156 969 302 1023 θετέον
325 983 341 999 ο
372 965 495 1021 τῶν
531 966 650 1038 μετ’
677 964 842 1037 αὐτὴν
872 963 950 1028 δὲ,
981 962 1180 1035 δηλαδὴ
1211 961 1308 1033 τὴν
1343 960 1494 1014 θείαν
1522 961 1714 1030 φύσιν,

153 1063 366 1118 τουτέστι
395 1061 518 1115 τῶν
548 1059 862 1132 κτισμάτων
901 1057 1000 1122 τὰς
1032 1057 1210 1119 θέσεις
1245 1054 1514 1108 ποιεῖσθαι
1553 1053 1717 1123 φησὶν

154 1158 196 1209 ὲν
218 1155 288 1227 τῷ
313 1155 504 1224 λέγειν
537 1153 683 1225 ζωὴν
713 1152 746 1223 ἢ
785 1151 900 1222 φῶς
929 1149 1067 1205 κατὰ
1096 1149 1165 1203 τὰ
1194 1148 1252 1200 ὲν
1283 1151 1395 1211 τοῖς
1437 1146 1716 1217 γεννητοῖς

153 1247 502 1321 θεωρούμενα,
517 1246 581 1311 ἐξ
603 1239 676 1300 ὧν
695 1245 783 1299 τὸν
801 1244 969 1298 ταῦτα
995 1242 1374 1315 ὑποστήσαντα
1403 1240 1712 1313 ἐννοοῦμεν,

154 1344 222 1396 καὶ
247 1344 303 1395 οὐ
332 1341 440 1411 τῆς
474 1339 647 1393 αὐτοῦ
679 1337 890 1409 φύσεως
910 1337 998 1392 διὰ
1014 1335 1215 1391 τούτων
1241 1336 1388 1391 θέσιν
1412 1336 1534 1390 τινὰ
1561 1336 1713 1390 είσά-

152 1446 290 1505 γομεν
307 1451 319 1465 ⁶
355 1433 456 1488 καὶ
490 1431 658 1486 πάλιν
687 1432 972 1504 ἀφαίρεσιν
997 1430 1255 1502 ποιοῦμεν
1275 1428 1353 1502 τῷ
1373 1428 1516 1486 κατὰ
1547 1429 1714 1502 μηδὲν

152 1527 327 1582 τούτων
357 1522 507 1581 εἶναι
538 1525 718 1594 λέγειν
743 1523 804 1578 τὸ
837 1522 998 1577 θεῖον.

209 1793 348 1850 θὺδὲ
384 1793 480 1858 ἐν,
513 1791 661 1845 οὐδὲ
703 1789 933 1858 ἑνότης,
961 1789 1318 1862 Διαφέρουσιν
1362 1787 1606 1860 ἀλλήλων
1638 1787 1710 1842 ἓν

149 1889 227 1942 καί
247 1886 465 1954 ἑνότης
484 1904 498 1916 ·
527 1884 593 1938 τὺ
622 1885 718 1955 μὲν
747 1883 855 1955 γὰρ
880 1882 1030 1953 δηλοῖ
1044 1882 1105 1935 τὸ
1125 1883 1539 1956 ὑπερκείμενον,
1569 1881 1630 1935 τὸ
1654 1881 1710 1936 δὲ

1820 681 2023 736 habere
2087 680 2357 736 rationem
2415 679 2716 735 secundum
2769 687 3016 736 nostram
3065 683 3333 736 rationem
3369 699 3385 714 ο

1820 774 2068 829 similiter
2113 774 2277 830 etiam
2325 772 2739 844 intelligentiam
2784 772 3088 828 secundum
3116 788 3235 829 eam
3268 790 3392 844 quae

1817 876 1901 924 est
1957 867 2010 920 in
2060 866 2330 922 creaturis
2373 873 2556 921 mente
2599 863 2873 935 praeditis;
2924 873 2980 920 et
3028 866 3238 937 reliqua
3284 866 3393 922 isto

1819 959 1981 1014 modo
2021 959 2360 1030 accipienda.
2393 959 2604 1020 Aliter;
2635 956 2701 1014 Et
2747 958 2836 1014 his
2881 959 3156 1026 similiter,
3198 969 3258 1015 ut
3290 976 3395 1017 nos

1818 1051 2076 1116 sciamus,
2117 1052 2450 1123 ponendum,
2473 1067 2666 1108 eorum
2697 1067 2818 1122 qua:
2850 1068 2971 1109 eam
3009 1052 3221 1108 scilicet
3251 1053 3394 1107 divi-

1818 1160 1942 1199 nam
1973 1154 2227 1200 naturam
2259 1150 2591 1215 sequuntur,
2627 1143 2678 1198 id
2713 1152 2799 1200 est
2831 1151 3207 1198 creaturarum
3245 1145 3395 1214 posi-

1816 1239 1993 1292 tiones
2046 1237 2162 1292 tieri
2213 1237 2312 1305 ait,
2347 1251 2473 1291 cum
2525 1235 2729 1292 dicitur
2760 1235 2870 1290 vita
2899 1243 2994 1290 aut
3026 1235 3207 1292 lumen
3236 1236 3395 1306 juxta

1815 1329 1908 1384 illa
1951 1343 2072 1400 quae
2111 1329 2168 1384 in
2216 1329 2625 1401 generabilibus
2675 1329 3055 1395 advertuntur,
3085 1343 3156 1384 ex
3191 1330 3394 1400 quibus

1815 1435 1938 1474 eum
1969 1421 2061 1492 qui
2090 1420 2207 1476 hac
2234 1421 2478 1476 condidit
2504 1420 2863 1492 intelligimus
2899 1440 2912 1476 :
2945 1437 3056 1477 non
3088 1431 3268 1478 autem
3296 1439 3395 1495 per

1814 1511 1928 1566 haec
1955 1513 2244 1584 quamdam
2273 1520 2483 1568 natura:
2520 1513 2640 1583 ejus
2669 1513 2998 1585 positionem
3045 1513 3391 1583 inducimus;

1813 1617 2118 1672 rursusque
2155 1601 2547 1657 detractionem
2579 1600 2812 1657 facimus
2867 1602 3101 1660 dicendo
3139 1602 3395 1658 divinita-

1815 1702 1921 1750 tem
1955 1695 2010 1749 in
2045 1695 2198 1749 nullo
2231 1695 2425 1750 horum
2457 1711 2600 1751 esse.

1890 1785 2002 1840 Nec
2036 1804 2219 1852 unum,
2257 1803 2350 1841 nec
2386 1789 2585 1843 unitas.
2613 1785 2885 1844 Diﬂerunt
2938 1785 3084 1845 inter
3125 1803 3187 1846 se
3230 1803 3396 1846 unum

1813 1884 1865 1933 et
1898 1879 2120 1944 unitas;
2156 1879 2290 1934 illud
2321 1880 2466 1935 enim
2493 1879 2763 1952 signiﬁcat
2795 1880 3232 1951 subjectum,illa
3262 1898 3397 1938 vero

151 1979 229 2050 τήν
250 1977 510 2048 τοιαύτην
541 1975 823 2047 ποιότητα,
849 1973 1038 2046 ὥσπερ
1069 1973 1257 2027 λευκὸν
1289 1974 1381 2027 καὶ
1431 1973 1710 2044 λευκότης,

1819 1969 1981 2025 talem
2029 1972 2376 2042 qualitatem,
2423 1973 2568 2028 sicut
2613 1973 2796 2028 album
2852 1974 3068 2040 albedo,
3104 1974 3307 2030 bonum
3339 1981 3398 2031 et

151 2071 329 2141 ἀγαθὸν
358 2069 460 2124 καὶ
490 2068 783 2139 ἀγαθότης.
837 2066 1146 2138 Σημείωσαι
1175 2065 1231 2119 δὲ
1263 2067 1346 2120 ὅτι
1373 2065 1494 2119 οὔτε
1523 2067 1557 2136 ή
1605 2064 1714 2119 θεό-

151 2182 231 2234 της
249 2164 405 2217 οὐσία
440 2163 564 2217 ἐστὶ
593 2161 688 2214 τοῦ
726 2159 883 2224 Θεοῦ,
913 2158 1099 2231 ὥσπερ
1126 2159 1247 2213 οὐδὲ
1271 2159 1330 2212 ἓν
1354 2174 1406 2211 τι
1434 2157 1542 2212 τῶν
1564 2160 1714 2231 εἰρη-

152 2258 326 2328 μένων,
360 2255 486 2310 οὐδὲ
530 2254 641 2308 τῶν
686 2253 939 2307 ἐναντίων
981 2251 1162 2316 αὐτοῖς
1182 2269 1194 2283 ·
1227 2251 1306 2305 διδ
1352 2249 1503 2304 οὐδὲν
1532 2249 1713 2305 αὐτῶν

150 2351 295 2403 ἐστιν.
327 2348 406 2403 Οὐ
463 2347 579 2419 γάρ
639 2347 754 2400 ἐστι
795 2345 968 2399 ταῦτα
1010 2344 1166 2398 οὐσία
1201 2342 1389 2408 αὑτοῦ,
1421 2343 1557 2397 ἀλλὰ
1586 2341 1713 2408 δόξα

151 2445 260 2516 περὶ
284 2441 468 2496 αὐτόν.
501 2438 660 2494 Οὕτω
691 2438 782 2493 καὶ
811 2438 1002 2504 Σέξτος
1028 2439 1056 2490 ὁ
1085 2436 1533 2508 ὲκκλησιαστικδς
1570 2434 1716 2506 φιλό-

150 2552 290 2604 σοφος
311 2531 454 2600 εἶπε,
473 2531 571 2587 καὶ
598 2531 626 2586 ὁ
653 2530 898 2600 θεολόγος
922 2529 1217 2603 Γρηγόριος
1237 2530 1294 2582 ὲν
1317 2529 1394 2600 τῷ
1419 2529 1586 2600 τρίτῳ
1604 2529 1713 2582 τῶν

154 2627 510 2700 Θεολογικῶν
523 2623 793 2688 αὐτοῦ,ὼς
809 2621 930 2676 οὔτε
947 2621 1029 2694 [ἡ]
1051 2620 1258 2693 θεότης,
1301 2618 1425 2674 οὔτε
1456 2618 1518 2674 τδ
1551 2621 1711 2690 ἀγέν-

149 2735 306 2790 νητον,
337 2716 465 2771 οὔτε
495 2719 529 2788 ὴ
564 2715 837 2788 πατρότης
858 2715 1041 2769 οὐσίαν
1070 2713 1391 2784 σημαίνουσι
1414 2712 1568 2766 Θεοῦ.

209 2809 356 2864 Οὐδὲ
381 2809 614 2876 θεότης,
642 2807 680 2877 ἣ
705 2807 1012 2876 ἀγαθότης.
1072 2805 1383 2876 Σημείωσαι
1408 2805 1466 2858 δὲ
1494 2802 1596 2859 καὶ
1629 2805 1713 2860 δτι

149 2901 256 2958 οὐδὲ
275 2899 504 2973 Πνεῦμὰ
533 2903 702 2966 ἐστιν,
721 2899 795 2964 ὡς
825 2901 969 2971 ἡμᾶς
1000 2898 1213 2962 ειδέναι,
1230 2896 1353 2950 οὔτε
1367 2897 1571 2970 υίότης,
1588 2897 1711 2952 οὔτε

147 2997 424 3070 τοατρότης.
456 2994 570 3048 Καὶ
600 2992 661 3047 τὸ
680 2994 761 3059 ὠς
788 2991 942 3062 ἡμᾶς
966 2991 1185 3046 ειδέναι
1211 2991 1304 3044 ἐπὶ
1330 2990 1509 3062 πάσης
1530 2990 1632 3061 τῆς
1654 2992 1712 3046 ὲν

148 3090 248 3154 τοῖς
298 3087 678 3162 προκειμένοις
745 3085 1069 3156 ἀποφάσεως
1130 3083 1293 3140 λαϐέ·
1351 3084 1499 3156 δηλοῖ
1535 3084 1592 3138 δὲ
1650 3083 1713 3138 τὸ

148 3179 287 3238 αατᾶ
335 3181 452 3252 τὴν
482 3170 774 3251 ἡμετέραν
808 3179 1061 3248 εἴδησιν.

213 3274 362 3330 οὐδὲ
427 3274 502 3328 τὰ
561 3273 707 3327 ὄντα
765 3271 1058 3341 γινώσκει.
1112 3272 1203 3342 Μή
1270 3287 1329 3324 σε
1394 3269 1712 3343 ταρασσέτω

148 3366 203 3420 τὸ
261 3365 554 3436 κεφάλαιον
602 3363 759 3418 τοῦτο
815 3362 910 3417 καὶ
966 3361 1191 3435 νομίσῃς
1243 3342 1576 3435 βλασφημεῖν
1622 3364 1713 3418 τὸν
1739 3342 1782 3400 C

147 3459 279 3513 θεῖον
319 3457 507 3512 τοῦτον
554 3456 720 3530 ἄνδρα
742 3473 758 3487 ο
789 3455 991 3520 σκοπὸς
1036 3455 1144 3530 γὰρ
1193 3455 1342 3527 αὐτῷ
1393 3455 1560 3521 δεῖξαι
1618 3453 1712 3510 τὸν

142 3551 266 3606 Θεὸν
310 3551 470 3624 μηδὲν
504 3549 613 3605 τῶν
656 3549 824 3604 όντων
854 3549 1002 3616 ὅντα,
1040 3549 1154 3603 ἀλλ’
1185 3549 1324 3623 ὑπὲρ
1352 3549 1420 3602 τὰ
1459 3550 1587 3603 ὄντα
1612 3565 1625 3580 ’
1660 3550 1710 3604 εί

144 3645 246 3718 γὰρ
293 3646 363 3700 τὰ
414 3645 596 3699 πάντα
624 3642 787 3707 αὐτὸς
813 3642 1223 3717 δημιουργήσας
1251 3644 1559 3717 παρήγαγε,
1593 3642 1711 3708 πῶς

145 3739 251 3811 ἔχει
288 3739 577 3812 εὗρεθῆναι
603 3736 663 3791 εν
700 3753 753 3791 τι
790 3735 901 3790 τῶν
925 3735 1120 3803 ὅντωνς
1157 3732 1277 3790 εἷπε
1307 3735 1446 3808 γὰρ,
1479 3736 1561 3790 ὅτι
1590 3736 1710 3790 οὐδὲ

144 3833 207 3887 τὰ
236 3835 361 3888 ὅντα
403 3833 663 3902 γινώσκει
686 3830 778 3884 τὸν
810 3829 1028 3884 πάντων
1059 3830 1230 3885 αίτιον
1260 3828 1392 3884 Θεόν
1415 3847 1427 3860 ’
1463 3829 1621 3883 τοῦτο
1651 3820 1711 3882 δὲ

147 3926 379 3979 ἀπώλεια
409 3925 610 3996 σαφὴς,
642 3922 703 3976 τὸ
731 3923 805 3995 μὴ
830 3922 1117 3992 γινώσκειν
1144 3923 1274 3977 Θεόν
1295 3937 1308 3954 ³
1339 3922 1475 3977 ἀλλὰ
1497 3923 1708 3994 ταχέως

145 4016 270 4070 αὐτὸ
299 4017 641 4088 ἐσαφήνισεν,
670 4013 834 4067 εἰπὼν
871 4008 906 4088 ᾗ
936 4013 1096 4077 αὑτός
1131 4015 1265 4080 ἐστι,
1292 4014 1588 4081 τουτέστιν,
1619 4015 1708 4067 οὑ-

142 4105 226 4160 δὲν
268 4106 372 4160 τῶν
419 4107 590 4160 ὄντων
625 4103 878 4172 γινώσκει
917 4105 1070 4171 Θεδν,
1116 4104 1237 4159 καθ’
1279 4106 1308 4158 ὃ
1341 4106 1501 4171 αὐτός
1537 4107 1704 4168 ὲπιν,

143 4199 258 4253 ἀντὶ
277 4199 366 4253 τοῦ
391 4200 494 4274 τὴν
518 4198 832 4270 ἀνεννόητον
855 4197 951 4251 καὶ
971 4195 1289 4268 ὑπερούσιον
1309 4196 1494 4251 οὐσίαν
1517 4196 1702 4261 αὐτοῦ,

143 4287 176 4359 ἢ
209 4287 433 4363 ὓπαρξιν
491 4287 614 4342 καθ’
647 4287 714 4358 ήν
763 4286 1029 4359 ὑπάρχειο
1083 4287 1294 4359 εἴρηται
1325 4287 1434 4360 γάρ
1454 4303 1468 4317 ’
1499 4287 1707 4356 Οὐδεὶς

142 4381 409 4450 γινώσκει
433 4381 544 4436 τὸν
571 4378 709 4436 Iter
726 4382 779 4436 εί
802 4379 882 4448 μὴ
906 4383 940 4434 ό
955 4379 1176 4449 Πατὴρ,
1200 4378 1340 4434 οὐδὲ
1361 4379 1467 4434 τὸν
1476 4379 1708 4448 Πατέρα

143 4491 230 4542 τις
258 4474 657 4547 ἐπιγινώσκει,
678 4475 730 4529 el
755 4471 842 4543 μὴ
873 4476 906 4527 ό
943 4473 1093 4540 Υἱός.
1121 4472 1231 4526 Καὶ
1253 4475 1317 4526 ὲκ
1341 4471 1436 4526 τοῦ
1467 4471 1704 4528 ἐναντίου

142 4566 330 4634 ἐπάγει
355 4569 384 4620 ό
411 4565 586 4639 μέγας
613 4564 899 4626 Διονύσιος,
935 4564 1027 4618 καί
1058 4580 1240 4635 φησιν,
1273 4561 1390 4635 [καὶ
1423 4564 1503 4618 ὅτι
1532 4564 1706 4628 οὐδεὶς

1813 2061 2052 2119 bonitas.
2079 2061 2220 2118 Nota
2242 2080 2371 2120 vero
2398 2065 2545 2136 quod
2579 2081 2680 2122 nec
2708 2065 2967 2123 divinitas
2993 2067 3064 2123 sit
3084 2065 3181 2124 Dei
3213 2084 3399 2125 essen-

1812 2156 1911 2221 tia;
1940 2157 2081 2212 sicut
2111 2174 2280 2213 unum
2314 2174 2503 2214 eorum
2530 2174 2652 2230 quae
2689 2159 2833 2216 dicta
2862 2171 3012 2227 sunt,
3045 2176 3145 2217 nec
3187 2163 3420 2234 aliquid,

1813 2247 2032 2303 illorum
2084 2266 2206 2320 quae
2257 2251 2393 2320 ipsis
2429 2251 2744 2319 contraria;
2785 2268 2905 2322 quae
2944 2254 3156 2309 nullum
3203 2271 3398 2322 eorum

1812 2348 1916 2396 est.
1953 2342 2074 2411 lpsa
2104 2343 2249 2397 enim
2293 2357 2404 2398 non
2453 2351 2583 2399 sunt
2629 2344 2749 2415 ejus
2781 2346 3043 2412 essentia,
3081 2347 3176 2402 sed
3206 2346 3397 2418 Opinio

1811 2433 1962 2488 circa
2003 2435 2204 2504 ipsum.
2260 2434 2352 2491 Sic
2396 2436 2558 2491 etiam
2596 2435 2794 2494 Sextus
2827 2439 3182 2512 philosophus
3209 2443 3396 2497 eccle-

1813 2524 2073 2581 siasticus
2103 2527 2262 2591 dixit,
2298 2535 2353 2583 et
2379 2526 2676 2600 Gregorius
2717 2530 3020 2602 theologus,
3054 2549 3156 2589 nec
3195 2534 3398 2590 divini-

1809 2621 1975 2671 tatem
2025 2632 2124 2672 nec
2177 2619 2497 2690 ingenitum,
2525 2637 2626 2678 nec
2654 2625 3036 2694 paternitatem
3082 2627 3399 2698 signiﬁcare

1812 2705 1910 2762 Dei
1943 2712 2260 2766 essentiam.

1810 2808 1836 2868 β
1881 2799 2061 2872 Neque
2115 2804 2385 2869 divinitas,
2416 2822 2579 2878 neque
2644 2805 2872 2866 bonitas.
2925 2807 3067 2867 Nota
3112 2828 3237 2870 eum
3291 2831 3397 2873 nec

1811 2904 1932 2946 esse
1967 2891 2233 2962 Spiritum
2276 2904 2335 2950 ut
2366 2912 2467 2952 nos
2505 2899 2768 2964 sciamus,
2802 2917 2904 2957 nec
2934 2904 3201 2961 rationem
3244 2906 3397 2977 Filii,

1812 2999 1913 3040 nec
1957 2989 2222 3042 rationt‘m
2275 2987 2454 3046 Patris
2509 3007 2604 3048 seu
2638 2996 3055 3064 paternitatem,
3101 3006 3156 3053 et
3203 2997 3265 3050 τὸ
3316 2997 3394 3063 ὡς

1810 3079 1958 3150 ἡμᾶς
2003 3079 2198 3135 ειδέναι
2229 3091 2456 3154 usurpat
2494 3083 2551 3140 in
2589 3089 2738 3143 omni
2766 3091 3022 3160 praesenti
3073 3092 3388 3164 negatione.

1813 3170 2096 3244 Signiﬁcat
2125 3191 2254 3230 vero
2283 3179 2569 3233 secundum
2605 3192 2842 3238 nostram
2880 3185 3176 3242 scientiam.

1888 3266 2066 3340 Neque
2094 3286 2210 3341 qua:
2240 3280 2360 3325 sunt
2390 3276 2670 3343 cognoscit.
2707 3276 2872 3347 239
2892 3276 3011 3333 Non
3038 3286 3092 3334 te
3113 3280 3394 3350 perturbet

1813 3358 1919 3414 hoc
1941 3371 2124 3431 caput,
2153 3369 2206 3416 et
2235 3379 2336 3419 nec
2364 3365 2608 3420 divinum
2630 3367 2777 3424 hunc
2806 3371 2982 3425 virum
3016 3371 3397 3444 blasphemarc

1811 3460 2005 3523 putes;
2047 3471 2245 3526 scopus
2273 3457 2420 3512 enim
2461 3457 2582 3530 ejus
2609 3467 2695 3516 est
2723 3463 3017 3521 ostendere
3057 3463 3230 3522 Deum
3257 3467 3398 3525 nihil

1809 3559 1933 3601 esse
1977 3562 2167 3602 eorum
2198 3565 2320 3620 qum
2359 3558 2510 3617 sunt,
2543 3551 2640 3609 sed
2679 3569 2979 3626 superare;
3025 3558 3075 3615 si
3103 3560 3248 3616 enim
3278 3561 3399 3632 ipse

1810 3639 1995 3693 omnia
2055 3643 2294 3698 creando
2354 3645 2696 3715 produxerit,
2749 3650 3026 3720 quomodo
3085 3655 3398 3710 invenietur

1808 3743 1931 3785 esse
1977 3747 2146 3786 unum
2193 3749 2382 3789 eorum
2423 3752 2546 3807 qua:
2599 3739 2762 3794 sunt?
2785 3741 2922 3796 dixit
2948 3743 3118 3810 enim,
3147 3747 3296 3816 quod
3325 3763 3395 3804 ea

1809 3836 1932 3892 quae
1974 3833 2104 3879 sunt
2132 3827 2358 3884 minime
2389 3828 2558 3886 Deum
2593 3833 2838 3889 omnium
2874 3844 3155 3893 auctorem
3186 3855 3396 3912 cogno-

1809 3923 1998 3983 scant;
2027 3918 2348 3976 manifestus
2393 3931 2574 3978 autem
2628 3923 2904 3991 interitus,
2944 3927 3113 3983 Deum
3144 3945 3256 3985 non
3289 3946 3388 3986 co-

1806 4017 2069 4075 gnoscere
2117 4027 2131 4062 :
2183 4017 2239 4062 at
2284 4025 2411 4065 mox
2467 4013 2706 4084 seipsum
2758 4014 3058 4072 declaravit
3119 4034 3247 4075 cum
3303 4022 3391 4077 di-

1806 4095 1907 4163 xit,
1966 4107 2236 4169 quatenus
2296 4109 2410 4170 est,
2469 4103 2525 4159 id
2591 4112 2675 4160 est
2741 4106 2952 4161 nullum
3011 4124 3203 4166 eorum
3269 4128 3394 4184 quae

1807 4197 1935 4244 sunt
1993 4188 2163 4245 Deum
2202 4192 2484 4264 cognoscit
2529 4201 2802 4265 quatenus
2840 4206 2948 4265 est,
2995 4215 3120 4271 pro,
3161 4204 3387 4264 minime

1808 4280 2200 4352 intelligibilem
2260 4292 2316 4340 et
2364 4287 2601 4344 essentia
2657 4290 2994 4361 superiorem
3060 4310 3185 4353 esse
3243 4298 3394 4356 illius

1805 4377 2134 4441 essentiam,
2194 4378 2277 4434 vel
2327 4381 2701 4439 exsistentiam
2759 4400 2866 4456 qua
2910 4387 3132 4444 exsistit
3181 4408 3196 4446 :
3253 4392 3394 4449 dicit

1805 4469 1948 4523 enim
2011 4469 2294 4538 Scriptura
2331 4489 2345 4526 :
2386 4470 2552 4527 Nemo
2599 4477 2740 4530 novit
2787 4474 3009 4547 Filium,
3047 4481 3154 4537 nisi
3207 4483 3390 4555 Pater,

1806 4575 1965 4631 neque
2022 4559 2237 4616 Patrem
2313 4565 2429 4635 quis
2472 4567 2614 4621 novit
2652 4568 2756 4622 nisi
2788 4566 2963 4626 Filius
2994 4573 3107 4642 MK;
3141 4581 3307 4646 atque
3357 4592 3392 4634 ι

141 4653 388 4722 γινώσκει
420 4655 513 4709 τὸν
564 4653 694 4708 Θεὸν
796 4652 994 4726 ὲστὶν,]
1013 4652 1130 4706 οὐδὲ
1155 4654 1315 4718 αὐτὸς
1336 4655 1366 4706 ὁ
1391 4654 1522 4718 Θεὸς
1545 4653 1706 4723 γινὼ-

1815 4653 2085 4709 contrario
2125 4655 2276 4710 addit
2322 4673 2552 4730 magnus
2607 4660 2934 4734 Dionysius,
2971 4665 3154 4736 aitque
3197 4667 3391 4741 [Nemo

141 4762 260 4798 σκει
299 4745 367 4800 τὰ
402 4747 535 4801 ὄντα
661 4742 790 4798 ὅντα
814 4743 950 4807 ἐστὶ,
977 4743 1252 4799 τουτέστιν
1279 4746 1379 4799 οὐκ
1414 4741 1552 4799 οἶδεν
1583 4747 1704 4800 ἐπι-

140 4833 349 4889 Βάλλειν
385 4837 500 4899 τοῖς
539 4834 816 4905 αἰσθητοῖς
857 4833 1204 4905 αἰσθητῶς,ἢ
1237 4835 1357 4899 ταῖς
1379 4833 1590 4899 οὐσίαις
1634 4837 1711 4902 ὡς

138 4926 341 4991 οὐσίαις
360 4944 374 4958 ο
406 4926 672 4981 ἀνοίκειον
710 4925 818 4995 γὰρ
845 4924 1002 4978 τοῦτο
1032 4923 1150 4996 Θεῷ
1169 4941 1181 4954 ·
1209 4921 1260 4978 οἱ
1291 4924 1400 5000 γὰρ
1431 4925 1709 5000 ἄνθρωποι

136 5025 208 5070 τά
248 5017 476 5090 αίσθητὰ
517 5017 553 5089 ἢ
592 5016 679 5071 διὰ
721 5015 866 5081 Θέας,
895 5016 928 5087 ἢ
956 5013 1216 5084 γεύσεως,
1245 5014 1278 5088 ἢ
1311 5016 1456 5088 ἁφῆς
1485 5015 1715 5090 νοοῦμεν

133 5110 190 5161 τί
233 5111 334 5163 είσί
355 5128 368 5142 ·
395 5110 466 5165 τὰ
497 5109 556 5163 δὲ
593 5108 758 5180 νοητὰ
797 5109 905 5162 ἀπὸ
946 5107 1310 5180 μαθήσεως,ἢ
1343 5108 1718 5190 διδασκαλίας,

135 5197 169 5267 ἢ
199 5197 507 5270 ἐλλάμψεως
542 5196 1030 5268 καταλαμϐάνομεν
1050 5197 1114 5249 ⁸⁹.
1156 5195 1214 5250 Ὀ
1239 5196 1295 5250 δὲ
1344 5197 1474 5261 Θεὸς
1504 5199 1622 5252 οὐδὲ
1651 5199 1713 5266 ἐξ

135 5290 254 5356 ἑνὸς
279 5294 475 5366 τρόπου
511 5289 752 5345 τοιούτου
783 5287 889 5344 οἶδε
921 5290 989 5344 τὰ
1019 5291 1164 5353 ὅντα,
1203 5289 1338 5344 ἀλλὰ
1362 5291 1560 5359 γνῶσιν
1597 5293 1708 5363 ἔχει

131 5382 234 5453 τὴν
261 5385 404 5458 αὐτῷ
427 5384 744 5458 πρέπουσαν
767 5399 781 5413 ο
815 5381 973 5436 τοῦτο
997 5382 1104 5453 γὰρ
1138 5381 1429 5435 αἰνίττεται
1458 5383 1519 5436 τὸ
1546 5385 1708 5456 ῥητὸν

132 5475 198 5526 τὸ
219 5476 386 5545 λέγον,
402 5479 465 5532 '0
489 5476 664 5542 εἰδὼς
688 5475 760 5530 τὰ
778 5474 971 5528 πάντα
996 5475 1140 5542 πρὶν
1175 5473 1466 5543 γενέσεως
1487 5475 1705 5541 αὐτῶν,

131 5567 271 5640 ὅπερ
299 5572 443 5643 δηλοῖ
488 5573 574 5624 ὅτι
604 5571 666 5623 οὐ
698 5567 838 5623 κατὰ
861 5568 951 5622 τὸν
990 5567 1144 5634 λόγον
1172 5568 1274 5636 τῆς
1303 5569 1569 5637 γενέσεως
1594 5568 1703 5623 τῶν

211 5699 290 5740 "li
325 5701 511 5758 Matth.
547 5718 625 5765 ιι,
658 5700 748 5755 27.

1809 4747 2092 4817 cognoscit
2126 4747 2295 4805 Deum
2340 4766 2446 4822 qua
2477 4748 2717 4826 est],nec
2766 4754 2884 4826 ipse
2924 4755 3069 4814 Deus
3099 4761 3392 4831 cognoscit

1811 4852 1876 4894 ea
1908 4857 2030 4912 quae
2060 4853 2186 4899 sunt
2212 4851 2483 4915 quatenus
2505 4857 2656 4914 sunt,
2679 4849 2732 4904 id
2767 4857 2874 4919 est,
2901 4853 3078 4908 nescit
3107 4854 3394 4912 intendere

1816 4931 2111 4989 sensilibus
2134 4936 2296 4991 modo
2317 4939 2585 5003 sensibili,
2617 4948 2711 4993 aut
2733 4943 2990 5001 essentiis
3011 4951 3070 4999 ut
3099 4929 3390 5015 essentiis;

1818 5023 1951 5078 iliud
1985 5025 2131 5079 enim
2152 5025 2262 5082 Deo
2293 5045 2402 5083 non
2434 5030 2690 5085 convenit
2720 5050 2734 5086 :
2765 5047 2867 5088 nos
2894 5035 3115 5106 quidem
3138 5036 3392 5094 homines

1820 5114 2104 5170 sensilium
2151 5125 2399 5172 naturam
2453 5127 2547 5174 aut
2596 5122 2737 5187 visu,
2767 5132 2860 5179 aut
2893 5135 3074 5198 gustu,
3106 5135 3200 5182 aut
3236 5135 3389 5184 tactu

1817 5203 2174 5278 intelligimus
2209 5227 2223 5264 :
2257 5217 2314 5264 at
2375 5212 2734 5286 intelligibilia
2792 5218 2996 5284 studio,
3041 5227 3136 5274 aut
3175 5220 3390 5276 instru-

1816 5297 1996 5352 ctione
2012 5306 2108 5352 aut
2136 5299 2500 5359 illustratione
2529 5307 3064 5378 comprehendimus.
3083 5308 3226 5365 Deus
3254 5325 3389 5366 vero

1814 5389 1966 5443 nullo
1989 5390 2184 5444 horum
2212 5392 2498 5448 modorum
2527 5397 2676 5451 novit
2697 5411 2760 5452 ea
2792 5414 2913 5468 quae
2935 5406 3081 5461 sunt,
3103 5398 3200 5452 sed
3222 5399 3390 5457 habet

1813 5480 2181 5550 cognitionem
2231 5483 2334 5538 sibi
2390 5489 2885 5553 accommodatam;
2918 5487 3018 5542 hoc
3053 5489 3198 5542 enim
3230 5487 3388 5545 Scri~

1812 5580 1970 5643 plura
2003 5572 2247 5629 insinuat
2271 5591 2393 5631 cum
2424 5578 2582 5634 dicit:
2608 5578 2713 5646 Qui
2740 5579 2881 5634 novit
2901 5579 3075 5633 omnia
3103 5591 3388 5654 antequam

1044 5814 1279 5874 VARUE
1320 5815 1697 5876 LECTIONES
1721 5816 1808 5874 ET
1847 5815 2398 5876 CORRECTIONES.

244 5933 286 5964 ³⁹
320 5936 852 6011 καταλαμϐάνονται.
