3882 6578
561 492 622 546 73!
1309 485 1654 546 APPENDIX
1692 489 1783 545 AD
1820 482 2052 546 OPERA
2090 486 2148 547 8.
2181 487 2484 548 DION'YSII
2515 489 2998 548 AREOPAGITE.

3651 493 3744 549 452

522 607 708 676 ﬁerent
740 603 780 668 ι,
814 601 959 674 quod
986 601 1234 657 dcclarat
1267 588 1434 658 Deum
1479 620 1585 660 non
1633 621 1964 677 cognoscere
2013 607 2089 662 illa

2205 609 2372 664 ὄντων
2395 601 2534 663 οἶδεν
2559 607 2700 663 αὐτὰ
2730 611 2759 662 ὁ
2781 608 2912 673 Θεὸς
2933 607 3094 680 [ὅπερ
3117 609 3265 662 ἐστὶν
3288 606 3575 679 αἰσθητῶς,
3596 605 3741 682 ἀλλὰ]

521 712 643 774 quae
688 703 816 753 sunt
855 693 1156 750 secundum
1200 695 1468 751 rationem
1516 698 1882 768 generationis
1911 713 2102 754 eorum

520 792 649 864 [hoc
679 799 763 846 cst
817 789 1196 863 sensibiliter],
1241 791 1334 847 sed
1370 791 1671 847 secundum
1719 793 1882 845 alium
1914 792 2103 862 cogni-

519 885 684 938 tionis
716 881 958 936 modum".
1019 881 1209 952 Angeli
1244 884 1462 953 quidem
1493 884 1584 937 illa
1623 894 1960 952 cognoscunt
1999 897 2102 938 ιιοι

516 975 703 1033 secndi
740 954 1000 1030 facultate
1031 983 1085 1029 et
1111 975 1274 1030 modo
1302 977 1672 1038 immateriali,
1695 993 1799 1030 non
1829 977 1971 1031 sicut
2000 988 2100 1029 nos

515 1065 786 1132 sensibili;
807 1065 887 1119 sic
917 1065 1083 1134 igitur
1103 1065 1268 1119 etiam
1300 1064 1444 1120 Deus
1467 1066 2101 1138 absquecomparatione

510 1165 565 1214 et
595 1157 1168 1223 transeendentaliter,
1195 1173 1305 1212 non
1353 1165 1535 1213 autem
1586 1162 1840 1216 essentiis
1890 1164 2102 1214 incuru-

508 1252 647 1308 liens
699 1252 852 1306 novit
897 1266 960 1306 ea
991 1265 1112 1321 qua:
1143 1257 1290 1305 ‘sunt.
1320 1251 1491 1306 Aliter
1511 1269 1530 1307 :
1555 1253 1636 1305 Τὰ
1666 1253 1790 1306 ὄντα
1818 1269 1913 1306 seu
1945 1265 2102 1306 crea-

510 1345 650 1400 turae
690 1360 803 1399 non
843 1351 1077 1414 possunt
1105 1344 1565 1400 intellectionibus
1598 1361 1763 1416 supra
1823 1345 2098 1416 propriam

507 1448 766 1495 naturam
810 1437 1028 1494 extendi
1093 1456 1106 1491 :
1161 1437 1360 1492 merito
1419 1437 1588 1509 igitur
1648 1439 1860 1510 seipsas
1921 1437 2098 1508 inSpi-

508 1534 738 1598 cientes,
765 1533 1007 1588 divinam
1063 1533 1319 1604 ignorant
1366 1539 1640 1597 naturam,
1683 1539 1953 1603 quatenus
1983 1531 2100 1602 ipsa

507 1635 614 1682 est.
641 1623 735 1680 Sic
777 1625 944 1696 igitur
974 1624 1160 1679 divina
1196 1631 1394 1690 natura
1428 1623 1680 1694 ,seipsam
1713 1624 1952 1687 intuens,
1989 1637 2098 1676 non

507 1718 662 1773 novit
686 1718 740 1773 in
774 1734 833 1774 se
861 1719 951 1772 illa
968 1733 1090 1788 quae
1119 1724 1247 1773 sunt
1267 1701 1568 1771 secundum
1594 1717 1849 1772 essentia:
1882 1716 2099 1769 illorum

506 1810 807 1876 rationem;
841 1811 944 1866 hoc
976 1810 1122 1865 enim
1158 1809 1457 1864 declaravit
1483 1823 1610 1862 cum
1647 1808 1806 1872 dixit,
1828 1815 2100 1878 quatenus

507 1910 638 1960 sunt
667 1903 835 1969 entia,
874 1903 1137 1973 quoniam
1185 1907 1411 1971 superat
1459 1900 1643 1954 omnia
1691 1914 1813 1970 quae
1855 1906 2004 1961 sunt,
2042 1904 2104 1953 et

2207 701 2328 756 καθ’
2361 701 2548 774 ἕτερον
2579 701 2834 770 γνώσεως
2871 703 3093 774 τρόπον.
3123 703 3186 756 Οἱ
3215 702 3435 771 ἄγγελοι
3465 702 3524 756 δὲ
3549 719 3744 772 γνωστι-

2205 793 2317 858 κῶς
2359 793 2497 846 αὐτὰ
2543 794 2640 847 καὶ
2679 793 2858 856 ἀΰλως
2898 795 3284 862 γινώσκουσιν,
3332 793 3431 864 οὐχ
3492 793 3563 857 ὡς
3611 797 3749 866 ἡμεῖς

2204 884 2496 958 αἰσθητῶς.
2549 883 2736 949 Οὕτως
2794 881 2887 938 οὖν
2942 885 3037 939 καὶ
3085 887 3114 939 ὁ
3143 884 3276 949 Θεὸς
3315 885 3640 958 ἀσυγκρίτως
3667 887 3747 940 καὶ

2206 976 2784 1051 ὑπεραναῦεϐηκότως,
2817 977 2878 1030 οὐ
2914 977 3021 1049 μὴν
3068 979 3188 1042 ταῖς
3238 977 3446 1041 οὐσίαις
3478 976 3747 1032 ἐπιϐάλλων

2204 1063 2310 1120 οἶδε
2344 1065 2414 1120 τὰ
2443 1066 2594 1120 ὄντα.
2623 1067 2861 1130 Ἄλλως
2879 1082 2892 1095 ·
2925 1065 3006 1118 Τὰ
3029 1065 3178 1131 ὄντα,
3214 1067 3381 1137 ῆγουν
3411 1065 3483 1120 τὰ
3509 1067 3748 1138 κτίσματα

2206 1161 2344 1232 ὑπὲρ
2376 1161 2476 1232 τὴν
2506 1159 2713 1212 ἑαυτῶν
2745 1158 2905 1228 φύσιν
2941 1159 3237 1230 ἐκταθῆναι
3277 1161 3398 1224 ταῖς
3428 1161 3660 1232 νοήσεσιν
3695 1163 3746 1214 οὐ

2204 1252 2455 1306 δύναται⁹
2485 1251 2709 1315 εἰκότως
2741 1247 2836 1305 οὖν
2873 1253 2952 1315 εις
2985 1251 3153 1306 ἑαυτὰ
3174 1251 3439 1322 βλέποντα
3477 1253 3645 1321 ἀγνοεῖ
3666 1254 3747 1324 τὴν

2204 1345 2354 1398 θείαν
2401 1345 2584 1416 φύσιν,
2635 1345 2755 1400 καθ’
2788 1345 2817 1399 ὃ
2875 1347 3012 1418 αὐτή
3067 1347 3235 1400 ἐστιν.
3276 1343 3463 1410 οὕτως
3491 1343 3576 1400 οὖν
3613 1347 3746 1420 καὶή

2203 1436 2322 1491 θεία
2373 1438 2552 1508 φύσις,
2585 1434 2710 1509 [εἰς]
2740 1437 2939 1508 ἑαυτὴν
2961 1435 3248 1506 βλέπουσα,
3280 1436 3382 1489 οὐκ
3406 1431 3544 1489 οἶδεν
3572 1437 3624 1489 ὲν
3645 1438 3750 1490 ἑαυ-

2200 1533 2268 1600 τῇ
2301 1525 2438 1584 εἶναι
2465 1529 2536 1584 τὰ
2566 1519 2696 1584 ὄντα
2729 1529 2868 1584 κατὰ
2892 1529 2984 1583 τὸν
3007 1529 3105 1600 τῆς
3129 1528 3314 1592 οὐσίας
3340 1527 3565 1602 [αὐτῶν]
3583 1528 3718 1599 λόγον
3735 1546 3748 1561 ο

2199 1622 2357 1676 τοῦτο
2377 1623 2485 1696 γὰρ
2509 1623 2773 1695 ἐδήλωσεν
2797 1624 2984 1686 εἰπὼν,
3084 1623 3209 1676 ὄντα
3235 1621 3405 1690 ἐστὶν,
3429 1623 3608 1695 ἐπειδὴ
3633 1623 3748 1697 ὑπὲρ

2201 1716 2378 1769 πάντα
2414 1717 2483 1770 τὰ
2538 1717 2666 1769 ὄντα
2696 1717 2787 1769 καὶ
2815 1715 2948 1768 αὐτὸ
2981 1713 3041 1767 τὸ
3081 1709 3218 1767 εἶναι
3256 1715 3518 1784 κέκτηται
3547 1715 3750 1786 ὐπερουο

2203 1807 2333 1872 σίως
2354 1823 2369 1838 ο
2423 1807 2623 1882 ἑτέρως
2652 1807 2760 1878 γὰρ
2786 1807 2885 1860 οὐκ
2912 1805 2976 1860 ἄν
2998 1824 3085 1870 τις
3105 1805 3248 1860 εἴποι
3279 1807 3494 1876 ἀγνοεῖν
3527 1805 3618 1860 τὸν
3638 1807 3750 1861 Θεὸν

2200 1901 2270 1954 τὰ
2300 1901 2494 1955 ἑαυτοῦ
2525 1902 2817 1971 κτίσματα.
2849 1902 2954 1966 Εἰς
2973 1899 3041 1953 τὸ
3074 1900 3243 1955 αὐτό.
3278 1901 3400 1954 Ὀτι
3429 1900 3598 1964 οὐδεὶς
3621 1899 3754 1969 γινώ-

505 1994 668 2049 modo
725 1994 1022 2048 essentiam
1049 1992 1303 2047 vincente
1348 1991 1584 2051 exsistit,
1624 1989 1868 2060 alioquin
1904 1989 2088 2043 nullus

2191 2009 2310 2047 σκει
2338 1995 2438 2066 τὴν
2468 1995 2734 2068 ἄχραντον
2782 1993 3022 2065 Τριὰᾶα,
3060 1993 3179 2047 καθ’
3215 1991 3245 2046 ὃ
3285 1995 3424 2065 αὐτή
3453 1996 3618 2061 ἐστιν,
3643 1995 3748 2049 ἀντὶ

505 2087 707 2144 dixerit
746 2086 918 2142 Deum
962 2087 1216 2158 ignorare
1263 2099 1392 2140 suas
1437 2091 1742 2138 creaturas.
1788 2081 1872 2135 Ad
1924 2082 2082 2136 idem.

502 2179 723 2238 Nullum
747 2196 913 2238 nosse
942 2177 1292 2253 purissimam
1322 2179 1669 2247 Trinitatem,
1687 2187 1959 2250 quatenus
1978 2186 2083 2243 est,

503 2291 626 2346 pro,
656 2276 793 2329 nihil
840 2281 926 2330 est
976 2257 1117 2329 sicut
1164 2274 1278 2338 illa,
1303 2279 1362 2327 ut
1385 2288 1507 2328 eam
1547 2280 1863 2343 cognoscat,
1895 2286 2087 2344 quem-

503 2368 797 2424 admodum
841 2368 961 2438 ipsa
1002 2376 1115 2432 est;
1161 2382 1266 2422 nos
1319 2366 1464 2421 enim
1525 2366 1914 2437 cognoscimus
1959 2365 2087 2436 qui-

501 2461 625 2518 dem
663 2461 796 2532 quid
840 2461 912 2516 sit
935 2459 1274 2523 humanitas,
1297 2459 1557 2528 qubniam
1591 2458 1839 2514 homines
1869 2473 2083 2526 sumus;

502 2545 558 2608 at
576 2552 948 2609 exsistentia'm
976 2550 1284 2622 purissimae
1309 2549 1600 2606 Trinitatis
1651 2550 1927 2605 nescimus
1951 2547 2085 2619 quid

503 2645 608 2711 sit;
637 2660 748 2699 non
781 2644 927 2698 enim
958 2656 1150 2698 sumus
1181 2657 1246 2697 ex
1279 2640 1443 2717 240
1477 2642 1664 2696 eadem
1699 2640 1973 2695 essentia:
2000 2639 2082 2694 sic

501 2751 680 2806 neque
707 2734 849 2790 Deus
877 2733 1028 2788 novit
1045 2748 1108 2788 ea
1131 2749 1253 2804 qua:
1271 2741 1419 2797 sunt,
1435 2741 1707 2803 quatenus
1721 2740 1870 2795 sunt,
1889 2747 2084 2803 quem-

500 2825 795 2880 admodum
848 2840 978 2892 nos;
1014 2824 1143 2895 quia
1212 2840 1322 2880 non
1377 2835 1460 2880 est
1497 2823 1714 2893 aliquod
1746 2839 1934 2878 eorum
1963 2837 2088 2893 qua:

498 2925 651 2984 sunt,
680 2924 773 2971 aut
805 2917 859 2970 in
892 2915 1051 2987 ipsis.
1077 2915 1194 2970 Etsi
1219 2915 1364 2971 enim
1390 2915 1534 2972 Deus
1559 2917 1631 2972 sit
1661 2916 1907 2986 spiritus,
1930 2913 2086 2985 equi-

497 3009 622 3065 dem
670 3016 896 3065 sanctus
953 2994 1201 3079 Spiritus
1231 3007 1306 3062 ita
1341 3010 1691 3074 nominatur;
1733 3007 1828 3063 sed
1860 3023 1968 3061 non
2002 3013 2086 3062 est

497 3105 727 3177 spiritus
760 3105 918 3159 nobis
957 3105 1229 3175 cognitus,
1255 3112 1349 3158 aut
1381 3104 1612 3175 angelis.
1644 3102 1756 3158 Cur
1778 3118 1928 3166 vero,
1957 3118 2084 3157 cum

499 3200 755 3271 superius
784 3200 1035 3265 dixisset,
1067 3214 1181 3255 non
1201 3207 1287 3256 est
1320 3201 1525 3266 lumen,
1554 3215 1655 3256 nec
1675 3202 1897 3265 veritas,
1923 3200 2084 3270 paulo

2183 2086 2302 2150 τοῦ,
2331 2083 2480 2140 οὐδὲν
2502 2088 2652 2140 ἐστιν
2680 2086 2755 2149 ὡς
2784 2086 2945 2156 αὐτὴ,
2977 2087 3063 2139 ἴνα
3093 2087 3186 2140 καί
3215 2085 3470 2162 γινώσκῃ
3501 2088 3662 2160 αὐτὴν
3688 2089 3750 2150 ὼς

2184 2179 2324 2248 αὐτή
2376 2181 2560 2235 ἐστιν’
2611 2182 2775 2252 ἡμεῖς
2828 2180 2927 2249 μὲν
2966 2178 3076 2250 γὰρ
3126 2177 3470 2250 γινώσκομεν
3506 2179 3559 2233 τί
3625 2182 3750 2233 ἐστιν

2185 2275 2560 2346 ἀνθρωπότης,
2589 2273 2774 2344 ἐπειδὴ
2807 2272 3085 2344 ἂνθρωποι
3115 2273 3281 2344 ἐσμεν
3303 2288 3319 2303 ·
3341 2272 3442 2343 τὴν
3467 2272 3525 2326 δὲ
3547 2271 3752 2345 ὓπαρξιν

2185 2368 2284 2438 τῆς
2314 2367 2582 2439 ἀχράντου
2624 2365 2854 2437 Τριάδος
2884 2366 2987 2418 οὐκ
3030 2366 3192 2435 ἴσμεν
3235 2364 3288 2417 τί
3328 2366 3520 2418 ἐστιν·
3553 2366 3612 2418 οὐ
3659 2365 3752 2435 γάρ

2184 2462 2354 2531 ἐσμεν
2410 2462 2474 2513 ἐκ
2531 2460 2630 2531 τῆς
2673 2457 2859 2522 οὐσίας
2914 2457 3085 2528 αὐτῆς
3111 2456 3191 2488 ⁸⁰’
3221 2456 3396 2519 οὕτως
3440 2457 3560 2515 οὐδὲ
3586 2459 3614 2510 ὁ
3641 2455 3754 2520 Θεὸς

2184 2549 2289 2606 εἶδε
2321 2552 2393 2608 τὰ
2419 2553 2550 2606 ὄντα
2639 2551 2773 2616 ἐστὶ,
2797 2549 2980 2614 καθὼς
3004 2550 3167 2622 ἡμεῖς
3218 2551 3282 2604 οὐ
3306 2555 3414 2622 γάρ
3448 2548 3566 2604 ἐστί
3588 2566 3638 2602 τι
3663 2548 3753 2602 τῶν

2185 2645 2352 2700 ὄντων
2385 2646 2418 2718 ἢ
2467 2647 2586 2699 κατ’
2615 2645 2756 2699 αὐτά
2790 2659 2806 2676 '
2835 2644 2940 2698 κᾶν
2971 2642 3080 2715 γὰρ
3110 2641 3272 2706 αὐτὸς
3315 2641 3536 2714 πνεῦμα
3563 2644 3592 2695 ὁ
3620 2640 3752 2705 Θεὸς,

2186 2741 2280 2794 καὶ
2331 2737 2393 2794 τὸ
2446 2739 2601 2808 ἅγιον
2657 2722 2842 2810 μέντοι
2913 2735 3138 2807 Πνεῦμα
3199 2735 3371 2800 οὕτως
3437 2735 3754 2806 ὠνόμασται,

2187 2831 2302 2884 ἀλλ’
2360 2829 2504 2902 [οὐκ]
2557 2829 2673 2883 ἔστι
2721 2827 2937 2900 πνεῦμα
2993 2827 3268 2899 γνώριμον
3320 2829 3473 2897 ἡμῖν,
3519 2825 3553 2897 ἦ
3611 2823 3756 2894 ἀγγέ-

2185 2919 2313 2984 λοις.
2345 2920 2410 2972 Τί
2440 2919 2496 2972 δὲ
2538 2918 2795 2991 ἀνωτέρω
2820 2917 3005 2982 εἰπὼν,
3030 2919 3132 2970 οὐκ
3161 2917 3276 2970 ἔστι
3311 2916 3446 2986 φῶς,
3484 2915 3606 2969 οὐδὲ
3638 2915 3752 2985 ἀλή-

2185 3010 2324 3075 θεια,
2357 3010 2704 3074 ὑποκαταϐὰς
2737 3009 2894 3064 πάλιν
2926 3008 3094 3078 λέγει,
3127 3010 3231 3062 οὐκ
3251 3009 3366 3062 ἐστι
3393 3008 3605 3073 σκότος,
3646 3006 3752 3061 οὐδὲ

2186 3105 2320 3175 φῶς,
2357 3105 2477 3158 οὐδὲ
2510 3105 2714 3176 πλάνη,
2749 3103 2869 3156 οὐδὲ
2907 3103 3165 3175 ἀλήθεια;
3193 3101 3423 3156 Δυνατδν
3450 3096 3544 3155 οὖν
3570 3102 3756 3170 ἐπιχει-

2189 3197 2388 3270 ροῦντα
2411 3198 2605 3261 εἰπεῖν,
2631 3197 2714 3250 ὅτι
2745 3197 2806 3250 τὸ
2829 3197 2926 3268 μὲν
2960 3196 3174 3268 πρῶτον
3204 3193 3332 3266 περὶ
3362 3191 3459 3246 τοῦ
3490 3191 3753 3252 ἀπολύτως

498 3300 623 3363 post
654 3292 995 3348 contrarium
1037 3291 1195 3359 dicit,
1226 3308 1337 3348 non
1386 3301 1470 3349 est
1502 3294 1740 3349 tenebrae
1787 3309 1964 3363 neque
1998 3293 2085 3347 lu—

2191 3299 2364 3369 φωτὸς
2403 3297 2570 3367 λέγει,
2612 3287 2731 3351 οὐδὲ
2763 3296 2936 3367 πλάνη
2972 3295 3047 3360 ὡς
3074 3297 3141 3348 ’ὲν
3161 3294 3372 3359 οὐσίαις
3393 3294 3438 3327 δι
3467 3293 3579 3347 τῶν
3608 3289 3757 3361 ἀγγέ-

498 3401 645 3451 men,
676 3399 779 3440 nec
827 3400 1004 3448 error,
1060 3379 1163 3441 nec
1212 3385 1689 3443 veritas?Posset
1747 3388 1928 3456 itaque
1963 3382 2081 3456 'qui

2191 3393 2310 3459 λων,
2339 3393 2432 3446 καὶ
2464 3391 2725 3462 ἀλήθειαν
2757 3391 2856 3462 τὴν
2893 3388 3439 3460 αὐτοαπολελυμένως
3468 3387 3566 3441 καὶ
3615 3387 3752 3440 ἀναι-

497 3477 652 3533 illum
694 3486 882 3534 tuetur
925 3463 1130 3545 dicere,
1167 3479 1319 3534 illum
1355 3479 1532 3550 primo
1569 3477 1636 3534 de
1671 3479 1874 3534 lumine
1920 3479 2082 3533 abso-

491 3566 613 3628 luto
643 3571 815 3644 loqui,
847 3586 948 3626 nec
983 3587 1106 3628 esse
1137 3569 1404 3639 errorem,
1433 3571 1576 3626 sicut
1609 3572 1663 3626 in
1701 3571 1954 3627 essentiis
1985 3587 2083 3626 au-

498 3663 767 3732 gelorum,
809 3669 863 3717 et
910 3662 1193 3718 veritatem
1241 3661 1436 3718 ear‘um
1468 3678 1589 3734 quae
1617 3678 1713 3733 per
1742 3678 1800 3718 se
1832 3663 2081 3718 absoluta

495 3759 549 3808 et
581 3754 700 3809 sine
732 3769 898 3809 causa
925 3761 1009 3810 est
1034 3755 1258 3810 veritas.
1277 3748 1603 3822 Qua‘autem
1627 3764 1951 3826 sequuntur,
1977 3771 2080 3811 nec

497 3860 684 3900 eorum
708 3861 831 3916 quae
856 3846 922 3900 ad
950 3845 1156 3915 aliquid
1191 3847 1450 3900 nimirum
1480 3863 1546 3902 ex
1573 3847 1816 3902 tenebris
1839 3855 2078 3903 mutatus

493 3936 552 3992 in
585 3937 784 4005 lumen,
819 3937 976 4009 quasi
1003 3951 1068 3991 ex
1094 3936 1298 3994 lumine
1335 3938 1479 4009 quod
1510 3946 1722 3993 tantum
1750 3947 1834 3994 est
1853 3939 2076 4006 virtute,

493 4039 736 4088 mutatus
767 4031 822 4087 in
848 4047 969 4089 esse
998 4033 1180 4088 lumen
1205 4030 1349 4102 quod
1374 4040 1498 4087 actu
1521 4040 1606 4088 est
1635 4031 1840 4088 lumen.
1871 4030 2079 4087 Lumen

491 4133 545 4179 et
575 4124 814 4180 tenebrae
845 4133 974 4180 sunt
1007 4141 1072 4181 ex
1100 4126 1170 4182 iis
1202 4141 1323 4197 qua:
1352 4125 1497 4182 inter
1532 4141 1590 4182 se
1623 4126 1947 4196 dependent.
1972 4141 2079 4181 nec

495 4212 640 4265 enim
680 4220 764 4268 est
808 4215 1000 4286 caligo,
1026 4230 1130 4270 nec
1162 4215 1345 4271 lumen
1377 4215 1698 4287 copiosum;
1732 4217 1810 4271 sic
1844 4233 2019 4287 neque
2048 4232 2079 4270 a

2181 3483 2311 3546 τίως
2342 3481 2596 3553 ἀλήθειαν
2619 3496 2633 3512 ⁸
2678 3480 2746 3534 τὰ
2775 3481 2832 3533 δὲ
2875 3479 3090 3551 ἐφεξῆς,
3128 3479 3210 3532 ὃτι
3237 3477 3362 3531 οὐτε
3388 3476 3498 3530 τῶν
3534 3475 3666 3548 πρός
3686 3490 3754 3535 τι,

2183 3573 2294 3629 οἷον
2332 3575 2395 3627 ὲκ
2431 3573 2653 3637 σκότους
2683 3572 3028 3644 μεταϐάλλων
3065 3571 3198 3640 φῶς,
3225 3569 3426 3624 ὡσανεὶ
3444 3555 3522 3622 ’ὲκ
3553 3565 3646 3621 τοῦ
3669 3566 3757 3618 δυο

2183 3666 2346 3737 νάμει
2379 3665 2554 3735 φωτὸς
2579 3667 2659 3728 εἰς
2692 3665 2752 3718 τὸ
2775 3664 3020 3735 ἐνεργείᾳ
3053 3664 3169 3732 φῶς
3193 3661 3544 3734 μεταϐάλλων
3568 3661 3631 3712 ὲκ
3649 3656 3757 3710 τῶν

2187 3756 2448 3827 σχετικῶν
2491 3757 2570 3819 εἰς
2602 3755 2805 3825 ἄλληλα
2839 3755 2953 3824 φῶς
2978 3754 3072 3808 καὶ
3105 3753 3292 3817 σκότος
3310 3770 3323 3783 ·
3352 3751 3478 3804 οὔτε
3505 3750 3616 3821 γὰρ
3637 3746 3756 3816 γνό-

2186 3867 2284 3920 φος
2317 3849 2479 3913 ἐστὶν,
2497 3847 2617 3900 οὐτε
2639 3847 2771 3900 πολὺ
2800 3847 2932 3916 φῶς,
2947 3845 3120 3908 οὕτως
3141 3843 3264 3899 οὔτε
3290 3845 3356 3896 ὲκ
3379 3841 3474 3896 τοῦ
3498 3837 3753 3899 ἐναντίου,

2183 3941 2248 3994 ὲκ
2270 3940 2364 3993 τοῦ
2400 3938 2541 3993 κατὰ
2569 3938 2796 4010 δύναμιν
2819 3937 3022 4007 πλάνην
3057 3932 3193 3990 εἶναι
3219 3937 3298 4000 εἰς
3322 3933 3580 4006 ἀλήθειαν
3608 3932 3752 4000 ὲνερ-

2179 4033 2305 4104 γείᾳ
2330 4030 2590 4103 μετέϐαλε
2611 4047 2625 4061 ·
2661 4031 2835 4084 πάντα
2882 4027 2991 4099 γὰρ
3030 4025 3218 4089 ταῦτα,
3243 4025 3469 4096 δεύτερα
3498 4019 3682 4080 αὐτοῦ,
3700 4016 3757 4082 ἐξ

2181 4123 2345 4178 αὐτοῦ
2374 4121 2743 4196 προνοητικῶς
2768 4122 3177 4191 ὲκφοιτήσαντα.
3201 4119 3369 4174 Οὐδὲν
3399 4114 3491 4172 οὖν
3512 4117 3626 4169 ἐστι
3648 4109 3754 4165 τῶν

2181 4216 2240 4282 ἐξ
2271 4215 2456 4271 αὐτοῦ.

483 4303 793 4367 contrario,
839 4320 903 4359 ex
938 4320 1125 4361 errore
1173 4307 1268 4376 qui
1315 4315 1434 4362 erat
1479 4307 1679 4362 virtute
1720 4306 1925 4362 veritas
1989 4315 2232 4363 mutatus
2287 4309 2456 4364 estin
2503 4307 2785 4362 veritatem
2833 4307 3120 4363 actualcm.
3174 4303 3300 4359 Hmc
3360 4302 3504 4358 enim
3569 4293 3752 4351 omnia

489 4401 622 4449 sunt
675 4393 794 4468 ipso
849 4397 1177 4467 posteriora,
1206 4413 1332 4453 cum
1361 4399 1429 4454 ab
1455 4398 1577 4469 ipso
1617 4395 1934 4468 providendi
1989 4397 2249 4458 facultate
2290 4401 2659 4473 processerint
2698 4399 2884 4458 :nihil
2916 4400 3081 4473 igitur
3122 4408 3206 4458 est
3247 4413 3438 4456 corum
3498 4407 3620 4467 qua
3687 4387 3759 4442 ιδ

489 4483 632 4554 ipso.
720 4511 726 4514 ν

570 4601 587 4643 ι
618 4601 757 4660 Dan.
790 4621 912 4675 xm,
934 4606 1022 4661 42.
1123 4585 1127 4589 ’

1444 4733 1672 4790 VARl/E
1713 4735 2100 4800 LEGTIONES
2137 4738 2226 4798 ET
2269 4739 2828 4803 CORRECTIONES.

594 4879 638 4912 “
663 4852 735 4949 is.
767 4873 939 4948 αὐτῆς
984 4873 1105 4947 τῆς.
1207 4877 1247 4908 ⁸¹
1273 4878 1347 4942 ὡς
1369 4880 1422 4933 αξ
1465 4879 1665 4934 οὐσίαι.
