3882 6542
197 456 292 514 655

910 455 1354 514 ΡΑΟΗΥΜΕΒᾸΞ
1390 455 1870 513 PARAPHRASIS
1908 457 1975 529 lN
2021 457 2170 513 EPP.
2216 456 2274 516 S.
2318 455 2638 540 DIONYSII.

220 630 3404 666 Μ

307 787 435 961 Γ
447 782 1401 966 ΕΩΡΓΙΟΥ
1475 791 1913 965 ΤΟΥ
1989 793 3254 973 ΠΑΧΥΜΕΡΗ

1262 1067 2330 1207 ΠΑΡΑΦΡΑΣΙΣ
2400 1083 2402 1086 ’

625 1312 792 1400 ΕΙΣ
826 1311 1032 1401 ΤΑΣ
1067 1315 1293 1402 ΤΟΥ
1327 1315 1664 1403 ΑΓΙΟΥ
1701 1312 1748 1405 Δ

1850 1317 2306 1408 )ΝΥΣΙΟΥ
2342 1317 2970 1410 ΕΠΙΣΤΟΛΑΣ

732 1635 1528 1800 GEORGII
1618 1650 1748 1840 Β

1850 1644 2859 1810 .CHYMERAE
2906 1714 2910 1720 ·

658 2090 665 2099 ι
1021 1956 1023 1959 ι
1241 1931 2334 2070 PARAPHRASIS

625 2183 774 2300 IN
847 2186 1628 2308 EPISTOLAS
1714 2195 2241 2312 SANCTI
2327 2199 2986 2314 DIONYSII

186 2417 260 2478 Et
300 2424 728 2493 interpretatione
773 2426 1047 2502 Gadcfridi
1098 2433 1387 2503 Tilmauni,
1433 2434 1735 2564 Cgr:hutsliw

1512 2525 1539 2561 ε
1564 2524 1622 2562 ro
1664 2565 1671 2566 ί
1702 2526 1748 2563 αι

1850 2441 2101 2566 ilrisienﬁs
2149 2442 2414 2509 monachi,
2455 2460 2574 2499 cum
2625 2442 2810 2499 Graeco
2836 2441 3127 2513 exemplari
3171 2457 3354 2496 rursus
3385 2459 3421 2498 α

1850 2528 1929 2565 διο
1970 2530 2028 2566 co
2076 2523 2188 2566 ata.

1512 2523 1622 2562 ειτο
1652 2523 1929 2592 ganssetto
1970 2523 2188 2572 collata.

545 2780 658 2835 ΕΙΣ
686 2783 830 2838 ΤΗΝ
867 2784 1259 2841 ΕΠΙΣΤΟΛΗΝ
1283 2788 1363 2841 A'.

255 2869 576 2939 Ἐπιὸάλλω,
608 2875 740 2947 φησί
773 2893 857 2941 τις
886 2877 994 2933 τῶν
1027 2878 1271 2932 παλαιῶν
1305 2878 1406 2950 (1),
1441 2879 1599 2936 Γάϊον
1621 2881 1745 2936 τοῦ·

180 2977 263 3017 τον
289 2960 444 3028 εἶναι,
470 2959 516 3034 ᾧ
537 2971 640 3038 τὴν
669 2967 859 3041 τρίτην
890 2971 1178 3042 ἐπιστολὴν
1209 2972 1447 3044 ἔγραψεν
1483 2977 1513 3028 6
1541 2974 1748 3030 θειότα-

180 3067 261 3118 τος
287 3055 582 3120 ἀπόστολος
602 3059 697 3112 καὶ
725 3059 1112 3134 εὐαγγελιστὴς
1143 3061 1391 3135 Ἰωάννης
1421 3065 1448 3117 6
1469 3063 1741 3134 θεολόγος·

179 3149 600 3220 τεκμαιρόμενος
630 3153 725 3205 καὶ
757 3152 821 3207 ἐκ
846 3153 953 3208 τῶν
973 3153 1146 3210 ἄλλων
1177 3149 1258 3218 οἷς
1287 3155 1576 3225 συγγέγονε
1611 3155 1748 3228 μετά

178 3237 274 3290 τῶν
303 3241 616 3296 ἀποστόλων
655 3246 683 3297 6
724 3242 865 3308 θεῖος
899 3239 1052 3310 οὗτος
1095 3247 1253 3320 ἀνήρ.
1297 3248 1651 3320 Θεραπευτάς
1689 3248 1748 3303 δὲ

178 3331 292 3393 τοὺς
319 3335 589 3405 μοναχοὺς
619 3335 801 3405 ἔλεγεν
834 3339 891 3392 ἐν
919 3337 998 3408 τῷ
1022 3339 1169 3408 Περὶ⁴
1196 3337 1304 3408 τῆς
1325 3340 1749 3409 ἐκκλησιαστι-

178 3420 283 3490 κῆς
312 3427 616 3496 ίεραρχίιις
651 3429 986 3501 συντάγματι
1019 3431 1117 3502 (2),
1153 3431 1322 3485 εἰπὼν
1353 3433 1469 3485 ἐκεῖ
1500 3432 1594 3486 καὶ
1631 3430 1748 3495 πῶς

178 3516 524 3577 καθίστανται
578 3521 653 3591 μὴ
699 3520 848 3586 ὄντες
880 3523 1150 3596 κληρικοὶ,
1195 3525 1308 3581 ἀλλ’
1345 3524 1608 3597 ἀνώτεροι
1652 3525 1746 3580 τοῦ

175 3604 314 3662 λαοῦ.
346 3611 587 3675 Τούτους
617 3613 675 3667 δὲ
707 3613 851 3668 ἔοικε
895 3615 1191 3688 θαυμάζειν
1218 3617 1389 3670 Φίλων
1419 3619 1447 3671 6
1499 3617 1749 3681 Ἰουδαῖος

175 3700 228 3753 ὲν
264 3701 340 3773 τῷ
359 3704 503 3779 Περί
558 3707 912 3775 θεωρητικοῦ
958 3709 1102 3772 ,βίου
1134 3707 1172 3777 ἢ
1225 3707 1471 3764 οικετῶν
1501 3708 1577 3780 (5)
1621 3725 1748 3761 συν-

175 3793 426 3866 τάγματι,
461 3797 804 3869 θεραπευτὰς
837 3799 1033 3864 αὐτοὺς
1057 3795 1259 3866 καλῶν,
1298 3801 1394 3857 καὶ
1415 3801 1517 3872 τὴν
1541 3800 1748 3856 δίαιταν

175 3887 344 3941 αὐτῶν
378 3889 768 3962 διηγούμενος·
803 3891 864 3944 ού
910 3895 1090 3964 χεῖρον
1129 3893 1187 3946 δὲ
1233 3894 1328 3948 καὶ
1373 3893 1648 3959 αὐτολεξεὶ
1681 3891 1750 3946 τὰ

174 3980 260 4033 τοῦ
308 3981 543 4050 Φίλωνος
589 3981 760 4048 θεῖναι
801 3983 900 4054 (4).
929 3985 1066 4055 Φησὶ
1103 3985 1282 4038 τοίνυν
1320 3986 1378 4040 ὲν
1410 3984 1488 4057 τῷ
1526 3983 1748 4056 τοιούτῳ

177 4074 511 4146 συντάγματι
531 4092 544 4107 ο
585 4096 602 4128 ‹
627 4075 900 4146 Πολλαχοῦ
928 4077 1026 4147 μὲν
1044 4072 1135 4131 οῦν
1159 4077 1258 4149 τῆς
1284 4077 1608 4148 οἰκουμένης
1634 4076 1750 4129 ἐστὶ

1770 2799 1820 2877 Α

2251 2787 2409 2860 241
2447 2786 2518 2844 IN
2554 2783 2946 2844 EPISTOLAM
2975 2782 3016 2838 1.
3201 2843 3220 2849 _

1916 2879 2184 2951 Equidem
2211 2895 2323 2934 non
2356 2881 2566 2937 levibus
2594 2878 2932 2952 coniecturis
2963 2875 3098 2931 mihi
3125 2874 3317 2931 videor
3346 2889 3429 2928 as-

1847 2983 2070 3032 secutus
2113 2973 2212 3044 (ait
2239 2989 2383 3029 unus
2413 2973 2692 3044 quispiam
2725 2968 3103 3041 antiquorum)
3129 2969 3275 3022 hunc
3295 2982 3430 3022 esse

1845 3063 2078 3132 Caium,
2141 3065 2232 3120 cui
2291 3065 2672 3122 divinissimus
2741 3064 3023 3136 apostolus
3095 3059 3429 3132 evangelista

1845 3158 2109 3223 Joannes,
2145 3157 2398 3229 idemque
2423 3158 2714 3230 theologus
2743 3157 3000 3220 eximius,
3033 3154 3250 3208 tertiam
3283 3151 3428 3207 scri-

1849 3251 1958 3322 psit
1994 3250 2307 3321 epistolam.
2341 3248 2422 3304 Ex
2466 3251 2590 3306 aliis
2636 3265 2768 3306 sane
2809 3263 2974 3318 quam
3005 3246 3193 3301 multis
3215 3244 3361 3315 cepit
3382 3244 3432 3299 is

1801 3390 1804 3394 .
1848 3339 2220 3410 conjecturam
2261 3339 2464 3410 quibus
2517 3341 2796 3412 colligitur
2853 3337 3228 3396 admirabilem
3286 3336 3433 3390 hunc

1849 3432 2027 3498 virum
2057 3448 2220 3487 usum
2250 3449 2376 3490 esse
2398 3432 2656 3490 familiari
2697 3434 3071 3504 apostolorum
3105 3443 3428 3501 congressu.

1850 3522 2223 3598 Therapeutas
2267 3534 2452 3584 autem
2501 3526 2689 3582 docuit
2734 3527 2927 3583 beatus
2955 3525 3116 3580 Pater
3156 3539 3252 3578 eos
3286 3537 3431 3588 esse,

1847 3619 1945 3689 qui
1971 3627 2025 3674 et
2054 3620 2328 3684 monachi,
2361 3622 2420 3676 in
2448 3635 2740 3691 eo.opere,
2774 3617 2922 3690 quod
2954 3617 3030 3672 De
3069 3614 3434 3672 ecclesiastica

1848 3711 2146 3779 Itierarchia
2186 3714 2452 3783 scriptum
2485 3713 2728 3785 reliquit.
2756 3710 2872 3770 Illic
2903 3709 3121 3764 abunde
3147 3707 3431 3777 explicuit,

1849 3819 1958 3874 quo
2001 3811 2162 3874 pacto
2204 3805 2420 3861 institui
2466 3805 2725 3870 debeant,
2755 3805 2849 3876 qui
2899 3802 3089 3858 clerici
3138 3817 3246 3854 non
3279 3805 3431 3863 sunt,

1852 3897 2051 3966 populo
2082 3898 2281 3968 alioqui
2312 3899 2646 3967 superiores.
2688 3896 2998 3964 Quiistius
3041 3894 3167 3948 vitae
3212 3891 3435 3946 institu-

1853 3997 1962 4042 tum
2005 3989 2419 4057 proﬁtebantur,
2447 3988 2548 4043 hos
2590 3989 2763 4044 visus.
2785 3995 2868 4042 est
2897 3985 3054 4039 Philo
3087 3983 3177 4038 ille
3207 3981 3433 4036 Iudaeus

1851 4080 2102 4136 miraculi
2146 4080 2268 4136 loco
2309 4079 2680 4149 depraedicare
2724 4078 2781 4134 in
2835 4091 2999 4147 Opere
3025 4075 3114 4130 cui
3149 4073 3434 4142 inscriptio

172 4163 231 4218 τὸ
251 4168 405 4236 γένος
427 4186 441 4200 ο
475 4169 587 4222 ἔδει
614 4169 722 4241 γάρ
750 4169 955 4238 ἀγαθοῦ
982 4169 1185 4224 τελείου
1221 4172 1510 4240 μετασχεῖν
1535 4169 1628 4223 κα)⁸
1651 4168 1748 4238 τὴν

1851 4181 1955 4238 est,
1982 4170 2058 4225 De
2100 4173 2209 4227 vita
2252 4171 2562 4236 theoretica,
2591 4170 2697 4225 hoc
2728 4177 2814 4226 est
2845 4166 3288 4238 contemplativa,
3319 4165 3435 4220 sive

186 4257 402 4313 Ἐλλάδα
435 4261 532 4314 καὶ
556 4259 654 4332 τὴν
678 4260 948 4334 βάρϐαρον
967 4280 980 4292 υ
1012 4261 1294 4327 πλεονάζει
1322 4262 1378 4316 δὲ
1407 4263 1465 4315 ὲν
1489 4261 1760 4338 Αἰγύπτῳ-

172 4351 289 4404 καθ’
342 4351 574 4406 ἕκαστον
614 4352 723 4405 τῶν
771 4354 1213 4426 ἐπικαλουμένων
1247 4355 1447 4426 νομῶν,
1499 4357 1591 4410 καὶ
1643 4355 1747 4426 μάι-

172 4439 322 4497 λιστα
352 4445 478 4517 περὶ
504 4444 606 4517 τὴν
653 4443 1056 4518 Ἀλεξάνδρειαν
1095 4448 1194 4519 (5).
1231 4449 1293 4502 Οἱ
1326 4448 1383 4501 δὲ
1419 4448 1748 4519 πανταχόθεν

175 4535 402 4607 ἄριστοι,
429 4537 684 4609 καθάπερ
718 4540 798 4602 είς
825 4539 1079 4608 πατρίδα,
1112 4539 1462 4612 θεραπευτῶν
1492 4540 1748 4594 ἀποικίαν

174 4631 498 4696 στέλλονται,
550 4632 687 4703 πρός
731 4649 785 4684 τι
845 4631 1040 4702 χωρίον
1096 4633 1562 4704 ἐπιτηδειότατον,
1611 4633 1749 4705 ὅπερ

173 4722 314 4776 ἐστὶν
342 4724 486 4795 ὑπὲρ
533 4723 727 4795 λίμνης
770 4724 1020 4794 κείμενον
1054 4724 1304 4795 Μαρείας
1350 4727 1442 4778 ἐπὶ
1473 4725 1746 4795 γεωλόφου

171 4813 595 4887 χθαμαλωτέρου
614 4815 816 4887 σφόδρα
841 4812 1130 4888 εὐκαίρως,
1148 4817 1447 4886 ἀσφαλείας
1483 4835 1544 4887 γε
1587 4817 1748 4874 ἕνεκα

173 4907 268 4961 καὶ
295 4909 458 4980 ἀέρος
479 4908 802 4980 εὐκρασίας.
827 4928 847 4960 ι
881 4910 990 4966 Καὶ
1009 4909 1166 4962 πάλιν
1193 4912 1256 4962 ὲκ
1277 4909 1370 4963 τοῦ
1384 4911 1548 4964 αὑτοῦ
1565 4911 1744 4979 λόγου·

171 5018 188 5050 ι
215 5001 304 5054 Ἑν
319 5003 528 5074 ἑκάστῃ
555 5001 614 5054 δὲ
647 5001 824 5072 οἰκείᾳ
865 5001 1010 5055 ἔστιν
1039 5001 1243 5075 οἴκημα
1265 5001 1435 5074 ἱερὸν
1456 5003 1486 5058 ὃ
1504 5003 1748 5058 καλεῖται

163 5097 414 5161 σεμνείον
447 5095 543 5148 καὶ
577 5094 962 5165 μοναστήριονο
997 5094 1056 5146 ἐν
1100 5087 1145 5163 ᾧ
1181 5095 1524 5166 μονούμενοι,
1553 5095 1623 5149 τά
1653 5093 1748 5148 τοῦ

171 5187 368 5258 σεμνοῦ
403 5186 522 5258 βίου
570 5187 841 5258 μυστήρια
870 5184 1166 5250 τελοῦνται,
1199 5187 1364 5258 μηδὲν
1408 5187 1748 5258 εἰσκομίζον-

165 5294 280 5343 τες,
325 5281 398 5353 μὴ
437 5278 628 5342 σιτίον,
663 5279 737 5350 μὴ
772 5279 951 5344 ποτὸν,
989 5278 1111 5350 μηδ’
1144 5278 1202 5332 ἓν
1233 5297 1286 5334 τι
1315 5278 1422 5332 τῶν
1449 5279 1623 5335 ἄλλων
1648 5279 1748 5332 ὅσα

168 5372 304 5442 πρὸς
343 5372 446 5436 τάς
486 5371 585 5425 τοῦ
638 5372 888 5443 σώματος
925 5372 1114 5446 χρείας
1151 5374 1421 5443 ἀναγκαῖα
1442 5387 1458 5403 ο
1494 5372 1629 5426 ἀλλά
1663 5371 1750 5426 νό-

171 5482 305 5535 μους
355 5467 453 5520 καὶ
503 5464 660 5535 λόγια
719 5463 1074 5518 θεσπισθέντα
1125 5464 1213 5520 διὰ
1267 5463 1596 5537 προφητῶν,
1653 5464 1748 5516 καὶ

169 5557 388 5628 ὕμνους,
406 5559 503 5612 καὶ
516 5557 706 5622 τᾶλλα,
738 5553 818 5621 οἷς
847 5558 1123 5631 ἐπιστήμη
1157 5560 1250 5614 καὶ
1279 5557 1530 5612 εύσὲὁεια
1558 5574 1748 5611 συναυ-

170 5648 387 5714 ξάνεται
417 5653 516 5705 καὶ
535 5649 852 5704 τελειοῦται.
881 5669 898 5702 ι
933 5651 1045 5705 Καὶ
1078 5650 1236 5704 πάλιν
1260 5652 1324 5704 ὲκ
1351 5649 1444 5703 τοῦ
1469 5649 1632 5704 αὑτοῦ
1665 5650 1752 5702 λό-

166 5758 266 5810 γου
290 5761 302 5774 ·
339 5763 362 5797 ι
391 5743 467 5796 Τὸ
498 5743 556 5796 δὲ
587 5742 646 5809 ἐξ
694 5741 915 5796 ἑωθινοῦ
967 5741 1158 5824 μέχρις
1206 5743 1444 5813 ἑσπέρας
1480 5734 1751 5814 διάστημα

171 5835 391 5906 σύμπαν
439 5836 626 5898 αὐτοῖς
671 5836 816 5887 ἐστιν
865 5825 1132 5904 ἄσκησις·
1181 5833 1597 5903 ἐντυγχάνοντες
1641 5832 1758 5906 γὰρ,

169 5929 282 5992 τοῖς
312 5917 480 6004 ἱεροῖς
507 5927 817 6000 γράμμασι,
847 5924 1192 5998 φιλοσοφοῦσι
1215 5927 1312 6000 τὴν
1345 5924 1572 6000 πάτριον
1602 5926 1750 5999 φιλο-

1776 5517 1836 5580 C,

1849 4265 1917 4320 de
1959 4264 2331 4335 supplicibus;
2374 4264 2513 4321 tales
2558 4276 2764 4319 vocans
2808 4261 3182 4330 therapeutas.
3233 4255 3340 4312 Sed
3380 4262 3436 4311 et

1850 4360 1973 4414 vita:
2004 4358 2166 4413 istius
2195 4359 2516 4414 monastica:
2545 4356 2838 4417 formulam
2880 4353 3130 4424 pluribus
3173 4350 3430 4421 explicat.

1850 4449 2033 4520 Neque
2056 4451 2260 4505 malum
2285 4450 2449 4507 fuerit
2479 4465 2710 4522 prorsus
2737 4447 2899 4520 242
2925 4447 3101 4518 ipsam
3136 4445 3437 4512 dictionem

1848 4543 2094 4600 Philonis
2133 4545 2256 4599 loco
2299 4543 2558 4616 praesenti
2599 4543 2847 4598 intexere
2891 4560 2906 4597 :
2956 4540 3236 4607 enimvero
3270 4554 3336 4595 eo
3373 4540 3436 4604 in

1847 4652 2010 4707 opere
2039 4636 2108 4691 ad
2137 4636 2286 4692 hunc
2307 4637 2502 4694 scribit
2530 4635 2774 4701 modum,
2809 4636 2867 4691 in
2895 4634 3257 4706 pluribusque
3282 4633 3435 4688 orbis

1849 4729 2163 4800 regionibus
2208 4729 2314 4785 hoc
2362 4745 2535 4802 genus
2583 4727 3275 4798 monachorum‘reperire
3325 4733 3430 4780 est.

1849 4821 2147 4891 Oportebat
2177 4836 2311 4878 sane
2338 4822 2468 4878 boni
2492 4821 2655 4878 istius
2681 4821 2762 4878 sic
2793 4820 3020 4892 perfecti
3052 4819 3170 4874 fieri
3204 4817 3433 4888 partici-

1850 4929 1971 4983 pem
2013 4928 2124 4968 non
2158 4913 2426 4968 Graeciam
2461 4915 2662 4978 solum,
2697 4913 2790 4969 sed
2830 4920 2883 4968 et
2924 4912 3261 4982 reliquarum
3299 4925 3435 4980 gen-

1850 5007 1986 5060 tium
2017 5006 2347 5061 barbariem.
2381 5005 2638 5062 Abundat
2683 5020 2812 5062 vero
2844 5005 2899 5060 in
2936 5004 3171 5075 IEgypto
3214 5002 3268 5055 in
3311 5001 3431 5056 sin-

1847 5097 1990 5167 gulis
2031 5097 2348 5167 regionibus
2392 5097 2604 5153 vocatis
2649 5097 2852 5161 nomis,
2901 5104 2954 5151 et
2996 5095 3233 5149 maxime
3278 5093 3431 5146 circa

1848 5189 2255 5244 Alexandriam.
2285 5187 2358 5244 Ut
2397 5188 2542 5243 enim
2577 5188 2758 5245 ubivis
2779 5188 3042 5260 gentium
3071 5185 3304 5256 quisque
3345 5193 3432 5238 est

1849 5281 2120 5352 Optimus,
2162 5280 2219 5334 in
2246 5294 2367 5336 eam
2409 5282 2692 5337 concurrit
2739 5281 3076 5351 demigratve
3130 5277 3426 5339 coloniam,

1850 5372 2073 5444 perinde
2097 5379 2261 5442 atque
2290 5371 2347 5426 in
2369 5373 2614 5444 .patriam
2656 5374 3097 5442 therapeutarum
3120 5409 3133 5430 .
3168 5369 3429 5422 nimirum

1850 5465 1903 5520 in
1933 5466 2204 5536 regionem
2222 5481 2549 5537 magnopere
2568 5464 2975 5521 accommodant
2995 5469 3050 5517 et
3067 5468 3434 5531 peropportu~

1851 5572 2010 5623 nam;
2043 5572 2164 5626 qua)
2188 5557 2409 5627 quidem
2442 5559 2688 5612 imminet
2726 5565 2920 5627 stagno
2954 5553 3044 5607 cui
3075 5569 3275 5608 nomen
3315 5553 3432 5607 Ma-

1851 5651 1966 5715 riae,
1999 5648 2054 5716 in
2085 5651 2224 5705 colle
2252 5650 2450 5704 declivi
2479 5665 2542 5704 ac
2567 5649 2863 5702 humiliore
2893 5644 3023 5708 sita,
3056 5643 3262 5713 alioqui
3317 5660 3429 5699 non

1852 5745 2185 5814 importuno,
2215 5759 2338 5799 cum
2371 5741 2682 5798 securitatis
2714 5737 2910 5809 gratia,
2942 5744 3058 5791 tum
3095 5737 3164 5791 ob
3191 5751 3431 5790 comnm-

1837 5835 1974 5908 _dam
2005 5835 2148 5892 aeris
2175 5834 2514 5905 temperiem.
2544 5831 2761 5886 Rursus
2787 5845 2856 5886 ex
2891 5827 3079 5884 eodem
3120 5844 3284 5899 opere
3319 5847 3331 5882 :
3369 5826 3426 5881 ιιι

1853 5941 2179 6000 unaquaque
2213 5925 2440 5993 familia,
2472 5924 2618 6000 aedes
2661 5937 2768 5978 una
2812 5926 3134 5978 consecrata
3167 5927 3270 5984 est,
3304 5932 3429 5988 quae
