3882 6538
540 479 611 535 35
1290 460 1624 523 APPENDIX
1660 459 1752 517 AD
1789 455 2015 516 OPERA
2049 455 2106 513 S.
2142 452 2445 512 DlONYSll
2473 450 2957 510 AREOPAGITE.

3647 446 3762 503 436

505 591 630 648 istis
659 588 902 660 σεμνεῖον
923 582 1145 644 dicitur,
1178 582 1294 637 sive
1324 577 1706 651 μοναστήριον,
1733 575 1790 630 in
1819 589 1928 644 qua
1955 571 2076 629 τεοιί

2182 569 2395 642 σοφίαν,
2417 567 2861 643 ἀλληγοροῦντες,
2888 562 3076 636 ἐπειδὴ
3106 561 3170 617 σύ
3178 556 3348 636 μῦολα
3364 561 3434 617 τὰ
3453 562 3554 635 τῆς
3584 564 3764 636 ῥητῆς

503 683 612 754 ipsi
643 697 672 736 a
701 681 861 750 vulgo
900 690 1148 734 seorsum
1187 673 1467 744 degentes,
1495 668 1755 741 mysteria
1786 672 2071 738 peragunt,

503 788 626 843 qua:
666 769 976 840 religiosam
1013 765 1283 821 addeeent
1309 778 1374 819 ac
1404 762 1654 819 emlibem
1684 761 1868 814 vitam.
1904 756 2076 812 Nemo

499 877 569 918 eo
619 859 916 932 quidquam
967 859 1312 916 esculentum
1343 856 1637 928 importat,
1683 851 1765 908 vel
1812 850 2073 922 poculen-

499 959 639 1018 tum,
674 959 766 1005 aut
805 965 996 1006 eorum
1032 950 1240 1020 aliquid
1294 963 1414 1018 quae
1451 947 1517 1000 ad
1547 942 1912 1002 sublevandas
1945 957 2074 1000 cor-

497 1043 650 1116 poris
684 1043 1046 1099 necessitates
1075 1049 1388 1098 noseuntur
1431 1039 1738 1111 pertinere;
1767 1037 1913 1106 leges
1955 1045 2076 1089 tan-

497 1144 639 1204 tum,
671 1151 878 1208 perque
898 1134 1272 1205 diviniloquos
1293 1132 1584 1204 prophetas
1616 1128 1826 1184 reddita
1849 1127 2075 1182 oracula

497 1244 566 1286 eo
595 1228 931 1292 convehunt,
968 1226 1225 1298 hymnos,
1258 1226 1362 1279 alia
1393 1226 1520 1280 item
1565 1221 1844 1293 pleraque,
1872 1218 2075 1290 quibus

497 1318 758 1382 eruditio,
789 1317 954 1389 inque
989 1317 1159 1374 Deum
1192 1317 1365 1386 pietas
1402 1311 1744 1386 quotidianis
1768 1312 2077 1368 incremen-

498 1409 573 1465 tis
619 1409 936 1464 coaleseunt
985 1415 1040 1464 et
1083 1405 1462 1477 perﬁciuntur.
1513 1403 1726 1459 Rursus
1775 1418 1843 1458 ex
1883 1402 2075 1457 eodem

501 1515 668 1569 opere
717 1498 810 1554 :A
839 1499 1112 1554 matutino
1157 1503 1336 1551 autem
1377 1495 1511 1550 solis
1556 1500 1751 1550 exortu
1793 1491 1860 1546 ad
1902 1507 2076 1561 usque

503 1607 808 1662 vesperam,
855 1592 1036 1647 omnis
1062 1605 1127 1646 ea
1157 1588 1508 1660 intercapedo
1535 1586 1658 1643 istis
1683 1585 1828 1642 cedit
1857 1584 1913 1642 in
1943 1599 2075 1642 con-.

503 1683 763 1738 tinentem
795 1680 1200 1755 Seripturarum
1224 1679 1655 1734 meditationem.
1679 1675 1924 1745 Cumque
1952 1690 2078 1748 per-

501 1773 667 1827 tinaci
696 1772 878 1828 studio
908 1786 1096 1826 sacras
1122 1769 1336 1840 litteras
1359 1769 1548 1838 legunt
1581 1785 1594 1821 :
1637 1767 1718 1830 fit,
1753 1771 1810 1818 ut
1852 1763 2079 1833 pulchre

499 1863 794 1939 admodum
829 1863 1306 1934 philosophentur,
1332 1877 1434 1932 pro
1463 1874 1615 1914 more
1644 1858 1918 1928 majorum
1948 1856 2074 1930 phi-

2174 662 2464 736 ἑρμηνείας
2512 662 2818 734 νομίζουσιν
2875 657 3370 730 ἀποκεκρυμμένης
3421 656 3640 726 φύσεως
3701 658 3764 711 ὲν

2175 758 2451 821 ὑπονοίαις
2479 755 2828 828 δηλουμένης.
2863 753 3022 806 Ἔστι
3050 751 3107 805 δὲ
3136 751 3319 815 αὐτοῖς
3341 749 3436 804 καὶ
3469 749 3761 821 συγγράμ-

2177 866 2325 921 ματα
2354 847 2597 904 παλαιῶν
2628 845 2857 918 ἀνδρῶν,
2889 845 2942 902 οἱ
2985 844 3085 915 τῆς
3118 843 3384 914 αἱρέσεως
3425 841 3608 896 αὐτῶν
3657 843 3764 913 ἀρ-

2175 939 2402 1012 χηγέται
2432 936 2734 1008 γενόμενοι,
2760 935 2929 990 πολλά
2961 937 3199 1008 μνημεῖα
3228 935 3327 1004 τῆς
3359 935 3417 986 ὲν
3449 934 3562 996 τοῖς
3594 931 3772 1002 ἀλληέ

2173 1020 2524 1102 γορουμένοις
2585 1026 2730 1089 ίδέας
2787 1023 3240 1096 ἀπολειπόμενοι,
3300 1022 3557 1094 καθάπερ
3616 1023 3768 1075 τισὶν

2174 1117 2504 1192 ἀρχετύποις
2526 1115 2815 1188 χρώμενοι,
2842 1114 3130 1186 μιμοῦνται
3152 1115 3251 1184 τῆς
3272 1112 3648 1184 προαιρέσεως
3667 1111 3766 1164 τὸν

2173 1211 2426 1280 τρόπον.»
2451 1210 2561 1263 Kal
2588 1211 2703 1281 μετ’
2727 1209 2882 1278 ὀλίγα
2898 1207 2971 1278 (6)
2997 1226 3010 1240 ο
3038 1227 3056 1259 ι
3093 1208 3253 1272 Ὥστε
3282 1207 3342 1259 ού
3371 1205 3638 1278 θεωροῦσι
3674 1204 3771 1276 μό-

2174 1316 2286 1364 νον,
2315 1298 2452 1356 am
2483 1299 2578 1354 καὶ
2611 1297 2854 1365 ποιοῦσιν
2895 1295 3117 1370 ᾅσματα
3155 1295 3248 1349 καὶ
3293 1292 3494 1364 ὕμνους
3539 1291 3622 1354 είς
3670 1289 3768 1343 τὸν

2174 1391 2306 1446 Θεὸν
2334 1390 2422 1446 διὰ
2453 1390 2720 1446 παντοίων
2762 1387 2975 1460 μέτρων
3021 1387 3116 1442 καὶ
3165 1383 3340 1456 μελῶν
3383 1383 3639 1456 ἀριθμοῖς
3685 1397 3768 1435 σε-

2171 1481 2455 1555 μνοτέροις
2485 1479 2794 1548 ἀναγκαίως
2820 1477 3234 1550 χαράσσοντεςδ
3253 1475 3364 1529 Kal
3383 1474 3542 1530 πάλιν
3562 1489 3575 1503 ·
3598 1490 3617 1523 ι
3641 1472 3767 1541 Ὲγο

2175 1574 2436 1646 κράτειαν
2465 1572 2523 1626 δὲ
2562 1570 2752 1643 ὥσπερ
2781 1567 2907 1623 τινὰ
2951 1568 3200 1640 θεμέλιον
3241 1563 3767 1638 προκαταδαλλόμεο

2175 1682 2258 1719 νοι
2318 1667 2388 1739 τῇ
2439 1663 2609 1736 ψυχῇ,
2663 1661 2763 1726 τὰς
2818 1660 2984 1725 ἄλλας
3032 1658 3475 1730 ἐποικοδομοὼιν
3534 1654 3765 1728 ἀρετάς.

2176 1755 2352 1810 Σιτίον
2396 1756 2454 1810 δὲ
2501 1756 2536 1826 ἢ
2592 1754 2755 1810 ποτὸν
2801 1754 2978 1818 οὐδεὶς
3009 1752 3147 1806 αὐτὰ
3172 1751 3570 1824 προεινέγκατο
3653 1748 3768 1821 πρὸ

2176 1848 2328 1921 ἡλίου
2361 1848 2566 1912 δύσεως
2589 1863 2604 1881 ·
2645 1846 2770 1900 ἐπεὶ
2807 1845 2868 1900 τὸ
2915 1844 3013 1918 μὶν
3055 1844 3361 1914 φιλοσοφεῖν
3403 1841 3554 1907 ἀξιον
3587 1838 3764 1910 φωτὸς

501 1925 808 2025 losophiam
831 1919 913 2010 ὀᾶ
939 1919 1254 2026 allegoriam
1278 1951 1700 2010 transferentes.
1731 1948 2076 2019 Quandoqui-

2180 1919 2456 2012 κρίνουσιν
2497 1935 2636 1995 εἶναι
2654 1957 2668 1970 ·
2709 1938 2926 2002 σκότους
2955 1937 3015 1992 δὲ
3055 1937 3154 2001 τὰς
3183 1933 3280 1990 τοῦ
3313 1933 3566 2006 σώματος
3595 1932 3765 1999 ἀνάγ-

500 2049 624 2104 dem
674 2049 886 2104 litteras
944 2046 1414 2118 interpretationis
1467 2043 1800 2115 conspicuae,
1853 2046 2080 2096 censent

500 2155 624 2196 esse
649 2141 896 2211 symbola
929 2155 1029 2196 seu
1055 2139 1210 2211 signa
1241 2153 1456 2194 arcanae
1480 2136 1769 2207 cujusdam
1810 2143 1864 2191 et
1886 2149 2081 2191 recon-

499 2229 718 2285 ditioris
738 2237 949 2286 naturae
965 2229 1304 2299 eonjecturis
1319 2226 1699 2298 probabilibus
1716 2224 2075 2295 explicandae.

502 2319 611 2376 Sed
664 2329 720 2377 et
760 2323 1156 2378 commentaria
1200 2323 1404 2378 habent
1448 2323 1778 2392 priscorum,
1823 2319 1920 2391 qui
1967 2334 2082 2376 sua:

445 2434 448 2435 '
499 2425 662 2474 secta:
677 2416 922 2487 primarii
941 2418 1200 2473 exstitere
1220 2415 1410 2473 duces.
1429 2414 1534 2483 Qui
1556 2415 1726 2470 multa
1741 2415 2081 2470 monimenta

498 2507 751 2565 formulae
777 2509 834 2563 in
862 2507 1120 2564 eruendis
1152 2509 1430 2580 allegoriis
1460 2508 1817 2564 observandae
1844 2509 2080 2579 relique-

499 2607 654 2666 runt,
684 2599 887 2670 quibus
917 2601 1076 2670 quasi
1108 2599 1389 2670 primariis
1419 2599 1826 2669 exemplaribus
1866 2609 2080 2661 utentes

501 2692 793 2748 imitantur
823 2693 1093 2765 propositi
1121 2709 1218 2748 seu
1259 2691 1426 2748 studii
1455 2693 1743 2748 rationem.
1775 2691 1921 2747 Idem
1957 2700 2080 2763 post

500 2798 677 2854 pauca
721 2803 734 2838 :
776 2784 965 2854 Itaque
993 2798 1107 2837 non
1143 2782 1239 2837 uni
1274 2783 1452 2838 solum
1498 2783 1946 2852 contemplationi
1987 2799 2082 2838 va-

499 2884 660 2943 cant,
707 2876 804 2934 sed
853 2877 1070 2931 cantica
1109 2876 1453 2948 hymnosque
1499 2875 1555 2930 in
1597 2875 1770 2930 Deum
1814 2876 2068 2932 scribunt

499 2971 791 3040 omnigena
826 2969 1222 3024 numerositate
1253 2977 1554 3024 metrorum
1585 2983 1649 3022 ac
1687 2969 2078 3034 membrorum,

498 3063 717 3119 decenti
744 3077 809 3119 ea
830 3069 1159 3118 exornantes
1182 3061 1554 3132 graphieoque
1575 3060 1910 3116 charactere.
1938 3059 2082 3114 Rur-

501 3170 601 3210 sus
642 3155 784 3210 idem
831 3174 845 3211 :
892 3152 1331 3224 Temperantiam
1383 3153 1610 3223 insuper
1652 3153 1877 3222 perinde
1918 3163 2080 3222 atque

2177 2067 2278 2114 κσς
2303 2067 2316 2082 ⁸
2353 2051 2476 2105 ὅθεν
2514 2050 2596 2122 γε)
2641 2051 2740 2122 μὶν
2769 2049 3005 2120 ἠμέραν,
3043 2048 3164 2110 ταῖς
3207 2046 3263 2100 δί’
3297 2044 3468 2118 βραχύ
3496 2061 3551 2096 τι
3599 2043 3766 2115 μέρος

2177 2141 2371 2206 νυκτὸς
2395 2142 2634 2213 ἔνειμαν.
2667 2141 2842 2195 Ἔνιοι
2871 2140 2928 2194 δὲ
2960 2139 3056 2196 καὶ
3084 2137 3172 2192 διὰ
3195 2137 3364 2208 τριῶν
3391 2135 3618 2208 ἡμερῶν
3641 2135 3764 2186 ὑπο-

2180 2235 2576 2306 μιμνήσ·;ον··ι;ι
2605 2233 2829 2304 τροφῆς,
2861 2226 2936 2296 οἷς
2971 2231 3170 2284 πλείων
3197 2233 3229 2284 ὁ
3253 2227 3414 2291 πόθος
3454 2226 3767 2297 ἐπιστήμης

2179 2328 2446 2398 ἐνίδρυται
2474 2343 2488 2357 ι
2518 2327 2664 2390 τινὲς
2693 2327 2752 2381 δὲ
2778 2325 2951 2390 οὕτως
2979 2322 3418 2396 Γηνευφραίνονται
3440 2320 3539 2374 καὶ
3558 2318 3767 2393 τρυφῶ-

2179 2436 2264 2474 σιν
2296 2419 2404 2474 ὑπὸ
2445 2419 2636 2488 σοφίας
2687 2417 3028 2489 ἑστιώμενοι,
3067 2414 3338 2478 scito-asia);
3379 2412 3476 2467 καὶ
3516 2410 3764 2483 ἀφθόνως

2176 2510 2247 2568 τὰ
2290 2510 2532 2581 δόγματα
2575 2509 2939 2582 χορηγούσης,
2987 2509 3064 2572 ὡς
3092 2507 3189 2563 καὶ
3227 2504 3549 2564 διπλασίονα
3577 2501 3768 2574 χρόνον

2175 2603 2440 2674 ἀντέχειν,
2472 2603 2566 2657 ι-αὶ
2605 2603 2759 2674 μόλις
2795 2603 2862 2657 δι’
2894 2601 2957 2666 ἓξ
2988 2600 3211 2673 ἡμερῶν
3243 2596 3615 2668 ἀπογεύεσθαι
3643 2611 3769 2667 τρο-ι

2179 2697 2284 2766 φῆς
2308 2695 2610 2764 ἀναγκαίας
2629 2695 2951 2760 ὲθ·σθέντες.
2977 2713 2996 2748 ι
3034 2695 3142 2749 Καὶ
3173 2693 3334 2748 πάλιν
3360 2711 3372 2724 ο
3401 2709 3420 2744 ι
3442 2691 3570 2746 Εἰσὶ
3590 2689 3648 2744 δὲ
3674 2689 3767 2744 καὶ

2176 2790 2434 2858 γυναῖκες
2482 2788 2882 2860 θεραπευτίδες,
2924 2780 3000 2840 ὧν
3044 2788 3139 2842 καὶ
3186 2785 3433 2840 πλεῖσται
3475 2782 3763 2856 γηραλέαι,

2178 2879 2434 2950 τςαρθένοο
2470 2879 2817 2950 τυγχάνουσι,
2846 2879 2946 2950 τὴν
2997 2879 3220 2947 ξ’γνεὲεν
3250 2879 3350 2932 οὐκ
3395 2878 3634 2949 ἀνάγκη,
3663 2893 3764 2930 κα-

2179 2971 2356 3042 θάπερ
2385 2970 2523 3029 ἔνιαι
2555 2972 2665 3026 τῶν
2707 2974 2838 3044 παρ’
2875 2971 3131 3042 Ἕλλην-γ)
3184 2970 3419 3042 ῗερειῶν,
3468 2969 3766 3042 φυλάττου-

2179 3080 2270 3117 σαι
2321 3062 2584 3134 μᾶλλοδῆ
2630 3063 2753 3118 καθ’
2800 3064 3046 3118 ἑκούσιον
3092 3063 3319 3134 γνώμην
3360 3063 3451 3117 διὰ
3483 3063 3643 3133 ζῆλον
3673 3059 3768 3116 καὶ

2180 3155 2347 3209 πόθον
2381 3155 2592 3224 σοφίης,
2711 3155 2976 3227 συμϐιοῦν
3033 3156 3437 3222 τπουδάζουσαι,
3482 3155 3594 3210 τῶν
3640 3156 3767 3224 περὶ

500 3246 698 3302 stabile
742 3245 1017 3316 quoddam
1057 3244 1474 3299 fundamentum
1519 3245 1713 3299 anima:
1754 3246 2076 3300 exornandre

2179 3245 2242 3299 τὸ
2280 3246 2438 3318 σῶμα
2476 3246 2667 3301 δεινῶν
2695 3248 2827 3318 ηλόγ
2851 3266 2989 3320 Ισαν,
3025 3249 3086 3302 νύ
3119 3247 3328 3320 θνητῶν
3363 3249 3623 3316 ἐκγόνων,
3653 3247 3768 3301 ἀλλ’

499 3338 775 3392 collocant
816 3337 872 3390 in
902 3336 1116 3407 primis,
1149 3352 1276 3390 mox
1318 3343 1637 3391 exterarum
1669 3336 1929 3392 virtutum
1961 3352 2078 3393 mo-

500 3428 607 3485 lem
658 3437 1134 3499 superexstrutmt.
1164 3428 1326 3485 Prius
1347 3430 1642 3501 siquidem,
1669 3445 1833 3500 quam
1863 3430 1945 3486 sol
1984 3446 2078 3486 oc-

500 3521 744 3586 cumbat,
798 3521 855 3576 in
907 3521 996 3576 his
1041 3537 1202 3577 nemo
1247 3522 1394 3577 ausit
1439 3521 1737 3592 quidquam
1787 3521 1947 3594 243
1992 3524 2080 3578 vel

499 3614 768 3671 eseulenti
815 3615 901 3670 vel
943 3623 1106 3686 potus
1150 3613 1233 3668 ori
1282 3613 1603 3681 admovere;
1637 3613 2078 3686 quandoquidem

497 3708 911 3763 meditationem
963 3707 1311 3778 philosophia
1359 3707 1584 3779 dignam
1630 3722 1753 3762 esse
1795 3706 2076 3779 iudicant,

497 3817 622 3872 qua:
652 3801 759 3855 luci
789 3806 1139 3873 comparetur
1163 3818 1178 3868 ;
1202 3808 1398 3855 contra
1431 3801 1679 3872 corporis
1716 3802 2077 3860 necessitates

497 3894 762 3949 addicunt
799 3895 1060 3951 tenebris.
1100 3894 1219 3961 Quo
1249 3894 1338 3960 fit,
1368 3903 1430 3949 ut
1457 3895 1814 3966 philosophia:
1855 3895 2076 3966 quidem

495 3985 675 4042 lucem
723 3985 1005 4052 diurnam,
1053 3987 1300 4057 corporis
1347 4003 1475 4059 vero
1526 3988 1840 4044 necessitati
1895 3989 2078 4045 suble-

494 4079 686 4134 vanda:
712 4095 962 4149 exrguam
987 4079 1283 4134 admodum
1309 4079 1634 4150 dispertiant
1665 4081 1844 4136 noctis
1875 4081 2078 4152 postie-

495 4186 642 4226 nem.
674 4172 734 4226 In
765 4173 854 4227 his
889 4172 1190 4227 etiamnum
1228 4173 1480 4228 nonnulli
1519 4173 1683 4227 tertio
1712 4173 1937 4227 vixdum
1964 4172 2074 4238 die,

454 4281 456 4284 '
497 4264 778 4319 sumendae
813 4265 1087 4320 alimoniae
1129 4266 1530 4331 meminerunt,
1563 4265 1823 4320 nimirum
1858 4266 1897 4320 ii
1938 4281 2076 4337 quos

451 4382 456 4387 -
496 4363 643 4412 totos
689 4358 981 4428 occupavit
1036 4358 1319 4414 ardentius
1372 4357 1705 4412 desiderium
1766 4358 2078 4413 obtinendae

496 4449 757 4505 scientia.
805 4449 1040 4516 Quidam
1087 4467 1282 4506 rursus
1322 4456 1474 4504 tanta
1523 4449 1806 4506 alacritate
1850 4449 2078 4506 delibuti

495 4541 580 4596 sic
611 4541 1040 4608 exhilarescunt,
1073 4542 1403 4599 deliciantur
1430 4543 1616 4599 verius
1649 4543 1807 4612 quasi
1837 4544 2077 4599 luculen-

2180 3339 2467 3395 ἀθανάτων
2493 3342 2820 3413 ὀρεχθεῖσιιι,
2851 3341 2887 3396 ἃ
2917 3342 3052 3412 μόνη
3083 3341 3286 3396 τίκτειν
3314 3342 3407 3411 ἀφ’
3443 3343 3644 3413 ἑαυτῆς
3683 3342 3769 3398 οἵα

2177 3432 2238 3485 τέ
2265 3435 2410 3487 ἐστιν
2431 3436 2466 3505 ἡ
2488 3433 2737 3506 θεοφιλὴς
2767 3433 2932 3504 ψυχή.
2961 3451 2975 3484 ι
3000 3434 3110 3487 Καὶ
3132 3431 3294 3487 πάλιν
3315 3449 3327 3462 ⁸
3356 3453 3370 3472 τ
3395 3434 3463 3486 Αἱ
3490 3433 3549 3486 δὲ
3571 3433 3766 3505 ἐξηγή-

2180 3541 2292 3588 σεις
2329 3525 2438 3581 τῶν
2489 3525 2652 3597 ἱερῶν
2681 3525 3025 3597 γραμμάτων
3049 3524 3287 3595 γίνονται
3325 3524 3514 3589 αὐτοῖς
3542 3525 3608 3578 δι’
3639 3527 3770 3580 ύποι

2179 3616 2338 3671 νοιῶν
2363 3617 2423 3674 ἵεν
2457 3617 2837 3687 ἀλληγορίαιςο
2871 3617 3059 3671 ἅπασα
3090 3615 3198 3687 γὰρ
3226 3618 3262 3688 ἠ
3295 3615 3589 3686 νομοθεσία
3627 3615 3770 3674 δοκεῖ

2177 3712 2292 3773 τοῖς
2332 3708 2558 3780 ἀνδράσι
2598 3708 2808 3772 τούτοις
2847 3707 3082 3761 ἑοικέναι
3126 3705 3282 3778 {due
3325 3708 3422 3761 καὶ
3470 3707 3627 3777 σῶμα
3670 3707 3771 3778 μὲν

2179 3799 2324 3870 ἔχειν
2351 3799 2452 3862 τὰς
2490 3796 2659 3870 ῥητὰς
2685 3797 2958 3862 διατάξεις
2983 3813 2999 3827 ο
3027 3795 3173 3868 ψυχὴ
3205 3796 3261 3849 δὲ
3289 3795 3385 3848 τὸν
3415 3795 3768 3866 ²ενιιποκείμεε-

2176 3908 2266 3946 νον
2304 3893 2423 3953 ταῖς
2465 3886 2762 3952 διαλέξεσιν
2812 3888 3042 3961 ἀόρατον
3067 3886 3214 3954 νοῦν,
3245 3886 3305 3940 ὃν
3345 3886 3554 3957 ἤρξατο
3583 3887 3765 3957 διαφε-

2179 3981 2379 4055 ρόντως
2416 3982 2483 4052 τῇ
2533 3979 2707 4050 οἰκείᾳ
2746 3979 2889 4051 αὐγῇ
2937 3979 3183 4052 θεωρεῖν,
3221 3978 3299 4042 ὡς
3334 3977 3424 4032 διὰ
3461 3979 3764 4050 κατόπτρου

2177 4072 2285 4126 τῶν
2308 4071 2582 4144 ὀνομάτων
2604 4071 2814 4136 ἐξαίσια
2835 4069 3008 4142 κάλλη
3023 4069 3395 4142 ἐμφαινόμενα
3405 4069 3714 4124 κατιδοῦσα.
3736 4088 3758 4125 ι

2191 4165 2348 4220 Ἀλλὰ
2391 4163 2562 4218 ταῦτα
2604 4165 2704 4235 μὲν
2745 4165 2815 4219 τὰ
2855 4164 2954 4218 τοῦ
2983 4163 3237 4228 Φίλωνος,
3270 4163 3307 4218 ἃ.
3337 4163 3402 4236 δὴ
3439 4164 3567 4234 περὶ
3607 4163 3768 4236 θερα-

2180 4258 2390 4314 πευτῶν
2423 4259 2682 4331 ἔγραψεν,
2706 4251 2780 4312 ὧν
2807 4253 2887 4321 εἷς
2915 4259 3031 4311 ἐστι
3057 4258 3152 4312 καλ⁵
3180 4257 3358 4322 Γάϊος,
3393 4258 3533 4330 πρὸς
3559 4257 3616 4310 ὃν
3644 4259 3761 4310 επις

2183 4352 2387 4410 στέλλει
2430 4354 2460 4407 6
2498 4352 2673 4421 ἅγιος.
2714 4351 2886 4419 λέγων
2912 4351 2994 4403 ὅτι
3041 4350 3154 4420 Ἐφ’
3215 4352 3346 4421 ἡμῖν
3390 4351 3511 4424 μὲν,
3545 4349 3665 4402 ἐπεὶ
3703 4348 3764 4404 τὸ

2181 4444 2372 4508 σκότος
2421 4443 2675 4517 στέρησίς
2715 4443 2855 4508 ἐστι,
2898 4443 2959 4495 τὸ
3001 4443 3059 4497 δὲ
3105 4442 3218 4512 φῶς
3257 4443 3407 4510 ἕξις,
3453 4443 3516 4498 ού
3560 4442 3760 4512 γίνεται

2176 4536 2381 4606 ἀφανὲς
2415 4537 2478 4589 τὸ
2522 4535 2638 4607 φῶς
2664 4534 2742 4606 τῷ
2773 4536 2973 4600 σκότει,
3003 4533 3138 4587 ἀλλὰ
3165 4533 3228 4587 τὸ
3260 4535 3451 4598 σκότος
3478 4535 3556 4606 τῷ
3587 4533 3758 4604 φωτί·

495 4631 715 4687 tissimo
741 4635 994 4689 convivio
1017 4635 1086 4689 ab
1115 4636 1231 4706 ipsa
1263 4643 1491 4705 accepto
1523 4634 1814 4704 sapientia,
1845 4636 2076 4706 opulcn-

2177 4629 2414 4682 ἀπουσία
2464 4627 2574 4700 γὰρ
2618 4626 2712 4680 τοῦ
2771 4627 2945 4697 φωτὸς
2984 4627 3046 4679 τὸ
3095 4626 3281 4690 σκότος
3328 4627 3510 4680 ἐστίν·
3555 4627 3616 4679 ού
3659 4624 3761 4698 μὴν

494 4731 582 4780 ter
611 4740 678 4779 ac
703 4725 842 4780 citra
866 4719 1129 4780 invidiam
1155 4742 1255 4781 sua
1289 4727 1546 4797 dogmata
1579 4725 1981 4796 suppeditante,
2014 4737 2076 4783 ut

494 4817 662 4887 dupla
703 4817 1112 4890 intercapedine
1155 4819 1420 4890 temporis
1473 4819 1744 4883 restiterit,
1788 4819 1880 4874 vix
1921 4827 2076 4876 sexto

493 4907 714 4963 demum
755 4909 864 4978 die,
899 4927 996 4982 per
1041 4911 1425 4967 necessitatem
1474 4910 1681 4966 assueti
1729 4926 1948 4968 sumere
1991 4913 2076 4968 ei-

492 5003 645 5058 bum.
678 5001 922 5073 ltemque
953 5023 966 5059 :
1001 5003 1142 5059 Sunt
1165 5014 1219 5060 et
1251 5007 1466 5062 femina:
1497 5006 1744 5076 quaedam
1781 5005 2074 5078 therapeu-

491 5096 637 5151 tides
657 5136 672 5161 ,
712 5112 946 5169 quarum
975 5112 1103 5167 pars
1131 5099 1305 5153 multo
1331 5099 1527 5155 melior
1549 5097 1760 5153 defecta
1778 5097 1894 5169 jam
1917 5107 2076 5155 aetate

493 5190 774 5257 incanuit;
800 5190 1040 5260 virgines
1071 5191 1369 5246 etiamdum
1397 5206 1478 5247 ea:
1508 5201 1879 5262 perseverant,
1907 5189 2076 5246 casti-

457 5309 460 5316 -
493 5284 733 5339 moniam
758 5284 1078 5355 virginalem
1104 5285 1426 5341 intemerato
1448 5286 1657 5356 pudore
1679 5285 2072 5352 custodientes,

495 5391 606 5431 non
637 5377 826 5448 utique
855 5386 916 5432 ut
962 5377 1105 5448 apud
1153 5378 1382 5448 gentiles
1411 5378 1626 5434 aedituas
1659 5378 1906 5450 quaedam
1951 5393 2077 5448 pas-

495 5470 598 5524 sim
631 5471 1011 5536 inveniuntur,
1045 5469 1252 5525 adactae
1299 5472 1628 5528 necessitate
1673 5472 1878 5536 verius,
1910 5485 2077 5541 quam

499 5562 748 5619 ultronea
790 5563 959 5619 animi
996 5561 1305 5619 devotione.
1344 5563 1478 5617 Nam
1525 5561 1838 5617 admirabili
1867 5562 1985 5618 zelo
2013 5577 2077 5619 ac

496 5654 771 5712 desiderio
843 5657 1214 5728 percipienda:
1275 5657 1557 5728 sapientia:
1625 5657 2036 5726 praegestientes
2059 5697 2074 5721 ,

496 5763 659 5817 quam
708 5759 766 5803 ut
807 5751 941 5807 viris
985 5751 1361 5814 eonviverent,
1392 5748 1597 5803 nullam
1631 5763 1861 5818 prorsus
1906 5747 2079 5804 iniere

499 5839 766 5896 rationem
805 5857 1085 5914 corporeae
1115 5842 1444 5914 voluptatis;
1477 5847 1536 5894 ut
1562 5856 1682 5911 quae
1730 5840 1946 5896 avidius
1981 5855 2077 5902 ex-

498 5933 791 6008 petiverint
841 5935 1222 6011 posteritatem
1272 5932 1379 5990 sibi
1421 5932 1656 6006 relinqui
1698 5947 1810 5991 non
1854 5930 2077 6006 quidem

2176 4718 2411 4774 ἀπουσία
2457 4717 2551 4771 τοῦ
2605 4717 2828 4781 σκότους
2866 4719 2930 4769 τὸ
2977 4717 3111 4788 φῶς.
3159 4717 3330 4773 Τοῦτο
3376 4718 3511 4772 λάϐε
3547 4719 3640 4771 καὶ
3672 4718 3761 4770 ἐπὶ

2173 4813 2272 4884 τῆς
2285 4811 2564 4882 γνώσεως·
2592 4811 2754 4886 ήγάρ
2781 4810 3001 4880 γνῶσις,
3029 4811 3141 4878 ἕξις
3161 4828 3172 4840 ·
3201 4813 3235 4882 ἡ
3265 4811 3321 4864 δὲ
3350 4811 3614 4879 ἀγνωσία,
3645 4809 3759 4863 στέ-

2177 4921 2336 4975 ρησις
2376 4901 2648 4972 γνώσεως.
2704 4902 2814 4956 Καὶ
2856 4903 2978 4955 ἐπεὶ
3023 4902 3056 4974 η
3103 4901 3340 4955 ἀπουσία
3381 4903 3483 4973 τῆς
3509 4900 3759 4970 γνώσεως

2177 4997 2610 5067 παρυφίσταται,
2641 4995 2741 5065 τὴν
2780 4994 3054 5064 ἀγνωσίαν
3085 4998 3245 5060 ποιεῖ,
3288 4995 3365 5058 ὡς
3405 4995 3474 5048 τὸ
3509 4995 3698 5058 σκότος
3726 4994 3756 5064 ἡ

2175 5087 2270 5142 τοῦ
2303 5087 2479 5157 φωτὸς
2503 5087 2850 5159 ὑποχώρησις
2872 5105 2884 5116 ·
2918 5086 3134 5150 πάντως
3167 5088 3263 5140 καὶ
3284 5089 3318 5158 ἡ
3355 5085 3631 5159 παρουσία
3662 5086 3758 5156 τῆς

2177 5178 2431 5250 γνώσεως
2481 5179 2684 5235 διαλύει
2734 5179 2835 5251 τὴν
2885 5180 3158 5249 ἀγνωσίαν
3182 5197 3196 5210 ·
3257 5180 3352 5234 καὶ
3400 5181 3511 5251 ὅσῳ
3562 5177 3756 5251 μᾶλλον

2178 5284 2340 5340 πλέον
2375 5283 2439 5338 τὸ
2478 5283 2614 5356 φῶς,
2655 5282 2897 5354 τοσούτῳ
2943 5283 3006 5337 τὸ
3049 5285 3236 5349 σκότος
3269 5285 3622 5359 ἀφανίζεται’
3662 5281 3755 5336 καὶ

2176 5379 2299 5432 ὅσον
2326 5376 2546 5442 πλείους
2573 5379 2629 5430 al
2653 5375 2906 5446 γνώσεις,
2933 5376 3186 5431 τοσοῦτον
3216 5379 3250 5452 ἡ
3293 5378 3537 5446 ἀγνωσία
3564 5374 3756 5446 ἀφανί-

2178 5469 2347 5535 ζεται.
2403 5469 2512 5522 Καὶ
2551 5469 2672 5539 ὅρα,
2701 5469 2785 5521 ὅτι
2829 5467 2996 5521 πολλὰ
3029 5466 3184 5536 φῶτα
3225 5467 3324 5522 οὐκ
3357 5463 3499 5534 εἶπε,
3539 5467 3672 5522 πολὺ
3700 5466 3754 5519 δὲ

2178 5559 2323 5632 φῶςο
2368 5560 2426 5614 ἓν
2453 5559 2562 5631 γὰρ
2587 5560 2648 5612 τὸ
2679 5559 2817 5628 φῶς,
2848 5559 2960 5614 εἴτε
2986 5559 3268 5630 ἀνιέμενον
3297 5559 3409 5612 εἴτε
3451 5559 3756 5630 ἐκτεινόμε-

2176 5670 2287 5707 νον.
2317 5654 2425 5707 Kal
2459 5654 2641 5718 πάλιν,
2679 5653 2881 5727 πολλὴν
2913 5654 3012 5725 μὲν
3036 5652 3236 5724 γνῶσιν
3262 5655 3363 5710 οὐκ
3386 5649 3527 5718 εἷπε,
3554 5652 3752 5715 πολλὰς

2175 5743 2232 5798 δὲ
2275 5742 2506 5812 γνώσεις
2545 5740 2728 5801 εἷπεν·
2778 5745 2965 5817 ἐπειδὴ
3025 5745 3133 5817 γὰρ
3175 5746 3208 5821 ἡ
3251 5744 3454 5813 γνῶσις
3495 5740 3749 5813 γνωστῶν

2175 5838 2410 5908 γνῶσις,
2432 5839 2502 5894 τὰ
2533 5839 2590 5895 δὲ
2612 5841 2828 5911 γνωστὰ
2859 5840 3030 5896 πολλὰ
3062 5843 3154 5894 καὶ
3183 5840 3407 5912 ἄπειρα,
3435 5839 3543 5911 ἄρα
3571 5835 3666 5890 καὶ
3692 5835 3749 5889 αι

2177 5929 2408 6010 γνώσεις
2438 5932 2630 5992 πολλαὶ
2675 5934 2768 5990 καὶ
2810 5933 3046 6012 ἄπειροι.
3092 5931 3297 6007 Πολλὴν
3326 5933 3386 5990 δὲ
3425 5930 3623 6005 γνῶσιν
3648 5927 3747 5991 οὐκ
