3882 6536
198 467 292 524 85Ἱ

938 461 1388 518 PACHYMERE
1429 461 1909 518 PARAPIIRASIS
1943 462 2008 518 IN
2049 463 2194 518 EPP.
2235 464 2294 520 S.
2329 462 2642 520 DIONYSII.

3329 465 3434 519 ‘53

197 574 365 640 εἶπεν,
418 576 608 648 ἐπειδὴ
665 575 897 647 μεσότης
937 576 1084 629 ἐστὶν
1127 577 1160 646 ὴ
1209 573 1410 643 γνῶσις
1431 615 1444 637 ,
1491 575 1584 629 καὶ
1636 577 1760 647 παρ’

1875 577 2037 631 morti
2067 577 2382 641 obnoxiam,
2415 580 2510 633 sed
2541 577 2924 642 immortalem,
2952 592 3114 648 quam
3143 579 3260 633 sola
3287 595 3352 634 ex
3376 598 3436 636 se

198 672 420 742 ἑκάτερα
467 670 581 740 ἔχει
627 669 706 732 ὡς
747 669 946 731 κακίας
969 669 1069 740 τὴν
1101 669 1282 723 ἄνεσιν
1312 669 1406 721 καὶ
1434 669 1533 740 τὴν
1572 669 1762 721 ἐπίτα-

199 781 274 818 σιν
305 764 378 833 (7)
400 781 413 792 ν
452 763 604 816 ἔνθεν
637 761 736 832 μὲν
761 761 859 832 τὴν
893 762 1130 829 ἄγνοιαν,
1158 760 1364 814 ἐκεῖθεν
1392 761 1448 814 δὲ
1479 761 1578 832 τὴν
1611 761 1768 832 περί-

198 871 354 917 νοιαν,
383 854 416 924 ἢ
444 854 510 922 δὴ
542 872 636 906 και
663 853 831 924 πολλὴ
854 853 1054 921 γνῦσις
1079 852 1270 922 λέγοιτ’
1293 853 1358 906 ἄν
1521 853 1610 916 Ὡς
1635 851 1766 920 γοῦν

197 951 248 1004 αἱ
277 948 468 1002 πολλαὶ
498 946 731 1016 γνώσεις
769 948 844 1011 ὡς
875 947 1164 1017 μεσότητες
1191 947 1290 1016 τὴν
1333 947 1591 1018 φρόνησιν
1625 963 1767 999 συνι-

199 1039 408 1103 στῶσιν,
446 1037 626 1102 οὕτως
657 1041 712 1091 αί
741 1037 930 1091 πολλαὶ
955 1037 1167 1106 ἄγνοιαι
1191 1037 1288 1108 τὴν
1324 1039 1553 1110 μωρίαν,
1587 1039 1680 1092 καὶ
1711 1041 1765 1091 αἱ

197 1132 378 1186 πολλα)⁸
418 1133 689 1202 περίνοιαι
729 1133 830 1202 τὴν
874 1130 1134 1202 πονηρίαν
1175 1130 1271 1200 (9).
1314 1131 1403 1201 Μὴ
1432 1130 1590 1183 τοῦτο
1615 1130 1765 1200 γοῦν,

195 1226 338 1296 φησὶ,
370 1224 514 1278 κατὰ
543 1223 645 1287 τὰς
667 1223 852 1287 κοινὰς
883 1223 1090 1284 ἐννοίας
1120 1222 1413 1294 ὑπολάϐῃς,
1448 1224 1548 1288 ὃτι,
1582 1223 1768 1296 ὥσπερ

194 1317 248 1371 τὸ
269 1319 456 1381 σκότος
486 1317 674 1370 λύεται
707 1318 864 1386 φωτὶ,
893 1316 987 1369 καὶ
1021 1315 1252 1387 μάλιστα
1275 1315 1481 1386 πολλῷ·
1514 1315 1546 1386 ἢ
1581 1315 1769 1388 ὥσπερ

193 1413 223 1481 ἠ
265 1410 536 1479 ἀγνωσία,
591 1411 713 1481 ἥτις
763 1409 858 1462 καὶ
903 1409 1038 1480 αὐτὴ
1091 1409 1279 1471 σκότος
1329 1408 1466 1471 ἐστὶ,
1513 1408 1766 1475 παύεται,

191 1500 438 1569 γνὼσεων
488 1501 584 1554 καὶ
633 1501 867 1572 μάλιστα
908 1499 1115 1553 πολλῶν
1151 1501 1582 1570 ἐπιγενομένων⁶
1629 1499 1771 1553 οὕτω

191 1595 279 1646 καὶ
320 1596 352 1666 ἡ
398 1593 542 1647 κατὰ
582 1593 714 1646 Θεὸν
759 1593 1000 1661 ἀγνωσία
1046 1591 1188 1644 ἔοικε
1225 1594 1292 1662 τῇ
1339 1589 1480 1644 κατὰ
1534 1590 1770 1662 ἀμαθίαν

193 1687 448 1757 ἀγνωσία,
495 1687 573 1749 ὡς
615 1685 846 1757 ἔφημεν.
892 1685 1026 1738 Ἀλλ’
1051 1685 1159 1754 ὅσῳ
1192 1684 1480 1752 φωτίζεταί
1509 1700 1593 1746 τις
1622 1683 1771 1755 παρὰ

189 1777 340 1844 Θεοῦ,
357 1779 449 1831 καὶ
477 1779 590 1850 ὅσῳ
616 1796 700 1842 τις
728 1777 945 1847 συνάγει
972 1777 1171 1844 γνῶσιν
1189 1777 1297 1830 τῶν
1320 1777 1510 1840 ὄντων,
1529 1775 1770 1830 τουτέστι

189 1868 281 1940 τὴν
328 1871 456 1940 περὶ⁵
501 1869 616 1923 τῶν
661 1870 830 1924 ὄντων
877 1870 970 1924 καὶ
1015 1869 1242 1942 νοερῶν,
1288 1869 1522 1940 τοσούτῳ
1574 1867 1771 1938 μᾶλλον

1867 669 2029 724 edere
2057 670 2206 723 novit
2238 669 2442 733 anima,
2474 684 2594 739 qua:
2625 685 2683 724 se
2715 674 3005 740 gratiosam
3041 670 3275 724 reddidit
3302 669 3432 734 Deo,

1837 769 2030 832 atque
2067 763 2377 818 amabilem.
2423 761 2570 818 Idem
2607 777 2802 818 rursus
2832 779 2846 818 :
2888 761 3124 818 Proinde
3164 763 3234 818 ab
3271 763 3339 819 iis
3378 765 3435 818 in

1870 869 2060 910 sacras
2101 856 2314 910 litteras
2353 856 2840 911 commentationes
2872 856 3106 911 eduntur
3136 856 3436 925 tigurativis

1867 948 2141 1018 allegoriis
2166 949 2460 1019 adopertas.
2487 948 2749 1005 Universa
2774 949 3040 1020 siquidem
3065 950 3275 1004 sanctio
3301 949 3436 1020 legis

1866 1055 1977 1094 non
2006 1041 2274 1095 absimilis
2300 1057 2423 1097 esse
2449 1041 2570 1097 istis
2613 1050 2866 1098 censetur
2908 1042 3144 1112 cuipiam
3189 1040 3433 1104 animali,

1866 1132 2012 1202 quod
2043 1134 2294 1202 corporis
2328 1134 2446 1188 vice
2476 1133 2671 1188 habeat
2700 1135 3012 1190 sanctiones
3032 1133 3230 1205 positae
3267 1134 3433 1204 legis;

1869 1224 2104 1278 animam
2133 1233 2312 1279 autem
2361 1225 2783 1294 interpretantur
2829 1224 3148 1280 invisibilem
3182 1239 3431 1285 sensum,

1869 1316 1973 1371 sub
1997 1316 2280 1370 involucro
2303 1315 2604 1370 dictionum
2635 1316 2751 1372 sive
2779 1317 2973 1371 litterae
3001 1316 3268 1371 introrsus
3300 1317 3434 1370 deli-

1868 1414 2190 1471 tescentem,
2224 1423 2384 1478 quem
2414 1409 2504 1463 ubi
2535 1409 2772 1479 primum
2806 1409 2971 1479 erepit
3000 1423 3259 1479 generose
3303 1409 3440 1464 emi-

1870 1507 2171 1570 nenterque
2207 1500 2566 1570 contemplari
2591 1500 2844 1555 familiari
2872 1501 3105 1572 quadam
3135 1509 3188 1556 et
3216 1499 3318 1556 sibi
3345 1515 3439 1554 co—

1869 1601 2032 1664 gnata
2073 1594 2227 1660 luce;
2260 1593 2487 1665 perinde
2521 1601 2629 1662 est,
2659 1608 2725 1648 ac
2769 1593 2816 1649 si
2848 1593 3141 1664 perspiciat
3184 1593 3439 1648 eximiam

1871 1686 2045 1756 ipsam
2083 1686 2472 1742 sententiarum
2505 1685 2962 1756 pulchritudinem
2999 1701 3121 1740 sese
3152 1700 3246 1754 per
3273 1685 3441 1738 nomi-

1871 1794 2000 1833 num
2024 1779 2185 1832 veluti
2212 1779 2490 1849 speculum
2516 1786 3010 1849 reprarsentantem.
3032 1777 3096 1831 Et
3120 1778 3201 1832 Ine
3221 1777 3441 1848 quidem

1872 1887 1939 1927 ex
1966 1871 2214 1937 Philone,
2243 1887 2365 1942 qua:
2402 1871 2468 1926 de
2497 1871 2834 1941 therapeutis
2866 1871 3073 1940 scripto
3097 1869 3355 1940 prodidit,
3385 1869 3442 1924 in

188 1963 492 2018 ἀναὸαίνων
530 1965 662 2036 περὶ
688 1965 787 2037 τὴν
826 1965 1029 2035 γνῶσιν
1061 1966 1158 2037 τὴν
1210 1965 1338 2036 περὶ
1376 1964 1530 2028 Θεὸν,
1563 1963 1760 2033 γνώσε-

1869 1965 2071 2034 quibus
2103 1980 2248 2020 unus
2288 1965 2378 2019 hic
2406 1964 2574 2020 Caius
2600 1971 2920 2019 numeratur
2948 1965 3018 2017 ad
3043 1978 3202 2032 quem
3231 1963 3440 2033 episto-

185 2071 268 2108 ται
302 2056 400 2128 τὴν
432 2055 842 2128 ἀκαταληψίαν,
871 2057 988 2128 ἦτοι
1016 2057 1290 2126 ἀγνωσίαν
1316 2056 1414 2129 τὴν
1445 2057 1572 2129 περὶ
1613 2056 1769 2122 Θεὸν,

188 2147 299 2217 φῶς
335 2141 479 2200 εἶναι
527 2149 622 2200 καὶ⁸
671 2147 873 2216 γνῶσιν
915 2149 1055 2220 ὑπὲρ
1101 2148 1278 2202 πάντα
1307 2147 1378 2202 τὰ
1415 2147 1726 2217 γνωσθέντα
1750 2165 1767 2181 ·

185 2241 274 2292 καὶ
317 2239 507 2293 λοιπὸν
549 2243 674 2312 σιγῇ
721 2242 856 2312 τιμᾷ
896 2242 991 2311 τὴν
1025 2241 1152 2314 περὶ
1182 2241 1314 2295 Θεὸν
1343 2241 1601 2310 ἀφασίαν.
1627 2241 1767 2293 Οὐκ-

186 2331 271 2386 οῦν
309 2333 370 2386 οὐ
412 2337 560 2387 κατά
593 2336 847 2407 στέρησιν
881 2334 1136 2404 γνώσεως
1161 2334 1377 2403 λέγεται
1409 2317 1605 2405 η’περὶ
1629 2331 1762 2386 Θεοῦ

186 2423 444 2491 ἀγνωσία,
479 2424 620 2478 ἀλλὰ
659 2427 780 2480 καθ’
823 2427 1094 2498 ὑπεροχὴν
1135 2426 1314 2496 πάσης
1359 2425 1637 2494 γνώσεως,
1683 2425 1761 2476 ὅτι

185 2513 317 2581 ἔγνω
344 2533 429 2578 τις
465 2517 530 2569 τὸ
580 2518 714 2570 πᾶσι
753 2520 846 2571 καὶ
891 2518 1065 2589 ἐαυτῷ
1097 2518 1372 2586 ἄγνωστόν
1399 2534 1455 2570 τε
1488 2517 1580 2569 καὶ
1628 2518 1763 2570 ἀκα-

183 2603 470 2675 τάληπτον.
507 2606 697 2660 Ταῦτα
740 2609 832 2660 καὶ
873 2610 929 2660 ἐν
976 2608 1053 2680 τῷ
1092 2608 1327 2680 δευτέρῳ
1360 2606 1638 2677 κεεραλαίῳ
1666 2605 1759 2658 τοῦ

182 2699 312 2765 Περὶ
341 2700 521 2753 θείων
550 2699 856 2770 ὀνομάτων
883 2700 1118 2772 εἴρηται.

1869 2055 1978 2110 lam
2002 2063 2324 2127 praesentem
2346 2056 2672 2112 transmittit
2701 2063 2944 2122 sanctus,
2964 2056 3184 2110 dicens:
3213 2054 3442 2122 Quando

1871 2148 2172 2204 secundum
2204 2164 2327 2215 nos,
2361 2151 2596 2206 tenebrae
2624 2150 2756 2219 ipsa:
2788 2149 3022 2220 privatio
3049 2149 3294 2218 quaedam
3321 2154 3440 2216 est;

1872 2248 2089 2308 contra,
2121 2243 2233 2306 lux,
2271 2243 2494 2298 habitus
2540 2261 2554 2297 :
2586 2259 2927 2313 consequens
2952 2250 3037 2298 est
3060 2242 3235 2296 lucem
3266 2240 3442 2311 ipsam

1872 2350 1980 2388 non
2013 2351 2340 2391 evanescere
2374 2337 2719 2392 tenebrarum
2752 2337 3008 2399 adventu,
3035 2336 3145 2389 imo
3167 2333 3440 2388 infusione

1871 2426 2012 2481 lucis
2042 2427 2172 2497 ipsa:
2202 2428 2492 2498 disparent
2535 2429 2775 2483 tenebrae
2820 2448 2832 2483 :
2884 2426 3149 2498 siquidem
3193 2427 3438 2480 absentia

1870 2517 2012 2573 lueis
2043 2533 2162 2574 sese
2210 2519 2658 2573 circumfundunt
2697 2519 2971 2584 tenebraa;
3015 2531 3126 2573 non
3165 2517 3292 2571 item
3344 2531 3441 2584 per

1871 2610 2173 2664 absentiam
2218 2611 2566 2676 tenebrarum
2625 2612 2870 2666 succedit
2926 2611 3037 2667 lux.
3081 2609 3225 2665 Idem
3277 2603 3442 2680 244

1869 2719 2101 2772 prorsus
2128 2705 2226 2758 tibi
2261 2705 2671 2776 intelligendum
2705 2705 2771 2760 de
2800 2704 3105 2776 ignorantia
3127 2711 3179 2758 et
3210 2703 3440 2758 scientia

179 2791 261 2845 vel
291 2791 635 2862 cognitione.
667 2793 921 2864 Cognitio
957 2795 1101 2849 enim
1136 2794 1356 2848 habitus
1395 2802 1498 2860 est,
1552 2794 1784 2866 privatio
1818 2804 1999 2850 autem
2054 2797 2381 2868 cognitionis
2438 2798 2765 2868 ignorantia.
2800 2796 2918 2851 Jam
2947 2797 3164 2867 quando
3193 2795 3440 2850 absentia

182 2885 510 2955 cognitionis
539 2887 714 2956 ipsam
737 2887 1117 2958 quadantenus
1147 2889 1548 2958 ignorationem
1601 2897 1976 2959 reprmsentat,
2020 2891 2162 2946 sicut
2214 2898 2264 2945 et
2299 2892 2431 2962 ipsa:
2483 2890 2720 2944 tenebrat
2749 2890 2986 2944 secessio
3020 2887 3156 2942 lucis
3181 2896 3263 2942 est
3310 2901 3442 2951 ;se-

181 2979 361 3048 quitur
395 2979 628 3034 omnino
677 2981 966 3051 praesentia
1025 2982 1352 3048 cognitionis
1379 2982 1604 3037 dissolvi
1650 2982 2017 3050 ignorantiam
2051 3001 2066 3049 ;
2105 2989 2418 3054 quantoque
2453 2998 2510 3037 se
2547 2981 2824 3052 copiosius
2855 2983 2946 3034 lux
2973 2979 3233 3040 eﬂ‘undit,
3283 2987 3438 3032 tanto

181 3085 396 3140 pessum
439 3077 579 3126 eunt
608 3072 782 3144 magis
811 3073 1052 3128 tenebra:
1071 3081 1124 3128 et
1172 3074 1583 3130 exinaniuntur.
1652 3073 1894 3131 Similem
1944 3075 1999 3129 in
2031 3075 2273 3139 modum,
2326 3089 2435 3146 quo
2487 3074 2708 3130 uberior
2767 3074 2923 3128 adest
2968 3088 3124 3145 seges
3169 3071 3438 3142 cognitio-

179 3181 324 3227 num,
379 3165 486 3220 hoc
539 3165 715 3236 magis
761 3165 1074 3221 exinanitur
1124 3167 1419 3238 ignoratio.
1451 3166 1570 3221 Jam
1619 3167 1751 3220 mihi
1781 3165 1927 3230 vide,
1974 3167 2101 3238 quia
2135 3183 2244 3222 non
2298 3169 2499 3222 multas
2531 3167 2670 3222 dixit
2710 3167 2882 3231 luces,
2937 3167 3032 3221 sed
3091 3165 3314 3218 multam
3351 3163 3438 3217 lu-

177 3273 320 3326 cem;
355 3275 466 3314 una
511 3259 789 3329 siquidem
813 3259 923 3319 lux.
961 3260 1075 3316 sive
1107 3277 1166 3316 se
1197 3261 1288 3315 illa
1321 3262 1614 3326 remiserit,
1642 3262 1758 3318 sive
1803 3276 1863 3317 se
1906 3261 2200 3318 intenderit
2241 3262 2436 3319 fusius.
2467 3260 2691 3328 Contra,
2751 3277 2859 3316 non
2909 3261 3133 3314 multam
3166 3257 3435 3329 cognitio-

178 3367 316 3412 nem.
360 3353 457 3410 sed
514 3355 719 3410 multas
770 3353 907 3409 dixit
949 3354 1310 3426 cognitiones.
1358 3354 1488 3431 Nam
1538 3357 1756 3426 quando
1801 3357 2042 3427 cognitio
2092 3366 2392 3411 esteorum
2447 3371 2568 3426 quae
2605 3355 2664 3409 vi
2715 3354 3083 3425 cognoscitiva
3133 3349 3440 3421 apprehen-

175 3443 396 3511 duntur,
432 3445 712 3516 ejusmodi
762 3454 942 3501 autem
993 3448 1072 3502 sic
1113 3449 1282 3501 multa
1323 3457 1470 3511 sunt,
1514 3456 1572 3502 ut
1605 3449 1754 3512 nullo
1794 3457 1997 3520 queant
2053 3449 2432 3504 circumscribi
2488 3449 2594 3502 line
2633 3462 3022 3516 :consequens
3051 3445 3211 3499 fuerit
3237 3443 3436 3496 multas

172 3550 292 3592 esse
321 3537 698 3609 cognitiones,
729 3539 840 3594 imo
871 3539 1133 3595 infinitas.
1162 3538 1242 3594 Ad
1295 3540 1432 3605 haec,
1490 3541 1806 3611 neutiquam
1861 3542 1997 3596 dixit
2037 3544 2264 3596 multant
2315 3543 2705 3614 cognitionem,
2758 3541 2902 3610 quod
2945 3539 3186 3608 cognitio
3231 3534 3438 3590 medio-

173 3632 336 3688 critas
385 3632 644 3703 quaedam
686 3632 776 3696 sit,
819 3643 873 3688 et
923 3635 1197 3705 utrimque
1249 3635 1446 3689 habeat
1492 3642 1751 3703 tanquam
1805 3635 1936 3701 vitia
1979 3637 2362 3690 remissionem
2429 3643 2483 3689 et
2536 3635 2922 3689 intensionem.
2951 3633 3016 3686 Et
3046 3632 3173 3687 hinc
3216 3629 3436 3699 quidem

172 3726 565 3796 ignorantiam,
634 3725 786 3780 illinc
826 3741 954 3780 vero
1001 3726 1365 3798 dispescimus
1408 3727 1784 3783 curiositatem
1839 3729 2069 3792 sciendi,
2118 3744 2238 3799 qua:
2276 3728 2440 3781 multa
2479 3728 2664 3798 utique
2708 3727 2950 3797 cognitio
2992 3727 3097 3780 dici
3143 3724 3334 3794 possit.
3365 3720 3436 3778 Ut

171 3815 333 3888 igitur
363 3820 557 3874 multa:
591 3820 935 3890 cognitiones
965 3821 1122 3891 quasi
1179 3820 1583 3876 mediocritates
1632 3835 1796 3874 unam
1843 3822 2182 3875 constituunt
2228 3799 2571 3891 prudentiam
2594 3860 2607 3882 ,
2660 3818 2740 3874 sic
2771 3819 3082 3888 complures
3118 3815 3438 3887 ignorantiae

172 3915 454 3968 stultitiam
496 3914 724 3985 pariunt
759 3929 919 3969 unam
940 3959 954 3982 ,
983 3922 1036 3970 et
1067 3915 1249 3969 multa;
1279 3915 1628 3969 curiositates
1658 3913 1964 3972 vafriciem.
1991 3915 2144 3981 Quod
2182 3915 2344 3984 igitur
2373 3913 2622 3983 praesenti
2660 3912 2780 3965 loco
2813 3909 3022 3965 inducit
3067 3910 3249 3976 Pater,
3301 3923 3434 3978 pro-

169 4007 308 4072 vide,
345 4025 415 4064 ne
442 4007 611 4078 juxta
642 4019 985 4061 communem
1020 4007 1435 4078 intelligentiam
1468 4006 1743 4075 acceperis
1769 4005 1997 4060 dictum.
2029 4005 2492 4071 Quemadmodum
2523 4006 2666 4060 enim
2709 4005 2947 4060 tenebrze
2988 4003 3262 4056 inlusione
3295 4003 3434 4058 lucis

169 4102 574 4164 dissolvuntur,
610 4100 775 4170 idque
805 4102 1062 4168 maxime,
1099 4102 1144 4157 si
1176 4103 1638 4174 quamplurimum
1671 4101 1808 4156 lucis
1834 4100 2118 4156 emicuerit
2155 4118 2165 4153 :
2201 4108 2311 4163 aut,
2346 4100 2486 4154 sicut
2527 4099 2831 4169 ignorantia
2864 4097 3004 4167 (quae
3035 4106 3090 4150 et
3116 4095 3230 4164 ipsa
3278 4101 3434 4149 tene-

169 4196 280 4251 bris
313 4193 591 4253 assimilis
633 4193 737 4265 est)
767 4193 969 4251 desinit
999 4209 1122 4250 esse
1153 4194 1388 4250 adventu
1417 4193 1812 4264 cognitionum,
1838 4194 2139 4264 praesertim
2168 4192 2212 4247 si
2248 4191 2525 4246 cumulate
2557 4191 2858 4262 ingruerint
2890 4209 2902 4244 :
2951 4189 3018 4243 ad
3055 4203 3177 4243 eum
3211 4187 3433 4242 modum

167 4302 285 4358 quae
311 4287 630 4346 secundum
671 4285 840 4340 Deum
880 4294 965 4343 est
997 4288 1289 4358 ignoratio,
1322 4289 1370 4343 ei
1404 4287 1618 4343 videtur
1647 4304 1756 4342 non
1787 4288 2091 4352 dissimilis,
2129 4296 2186 4341 ut
2205 4286 2316 4355 jam
2348 4285 2554 4341 dictum
2593 4285 2753 4340 nobis
2784 4293 2886 4345 est,
2918 4285 3038 4353 qam
3069 4298 3166 4354 per
3208 4280 3434 4352 imperi-

168 4381 297 4436 tiam
329 4388 523 4452 atquev:
543 4378 836 4433 ruditatem
869 4378 977 4434 dici
1009 4379 1148 4435 solet
1171 4379 1502 4451 ignorantia.
1533 4379 1801 4434 Caaterum
1831 4387 2038 4450 quanto
2064 4381 2188 4450 quis
2218 4395 2248 4433 a
2279 4378 2390 4434 Deo
2413 4379 2722 4433 illustratur
2755 4377 3052 4445 copiosius,
3096 4374 3436 4430 uberiorem-

167 4487 270 4545 que
298 4473 408 4529 sibi
437 4471 703 4527 conciliat
730 4485 920 4526 eorum
950 4485 1071 4542 quae
1098 4480 1227 4526 sunt
1255 4471 1620 4542 cognitionem
1659 4491 1671 4528 :
1705 4471 1772 4527 de
1804 4472 1890 4527 his
1921 4472 2178 4526 nimirum
2209 4487 2329 4542 quae
2368 4469 2694 4534 subsistunt,
2751 4485 2938 4540 quaeve
2998 4468 3273 4524 intellectu
3302 4483 3430 4538 per-

164 4565 496 4635 cipiuntur:
546 4563 594 4618 is
638 4577 748 4636 quo
795 4563 1086 4619 sublimius
1118 4562 1186 4617 ad
1233 4565 1517 4620 scientiam
1553 4565 1801 4620 ascendit
1830 4581 2020 4620 eor-um
2077 4580 2198 4636 quae
2229 4563 2297 4619 ad
2329 4563 2424 4618 Dei
2453 4563 2821 4633 cognitionem
2864 4561 3169 4632 provehunt
3215 4579 3228 4614 :
3277 4566 3433 4617 tanto

164 4656 552 4729 perspicacius
595 4653 862 4724 intelliget
904 4654 1247 4723 majestatem
1292 4653 1385 4710 Dei
1419 4654 1555 4710 nulli
1585 4656 2134 4728 comprehensibilem
2165 4670 2288 4712 esse
2316 4662 2602 4713 creaturae.
2641 4652 2786 4708 Idem
2823 4669 3017 4708 rursus
3045 4668 3162 4708 eam
3208 4652 3432 4723 ignora-

162 4752 392 4816 tionem,
430 4765 556 4820 qua:
605 4747 671 4802 ad
719 4747 1080 4818 perfectiones
1130 4748 1197 4804 de
1233 4747 1342 4804 Deo
1391 4750 1568 4806 dictas
1604 4750 1843 4807 refertur
1869 4796 1884 4820 ,
1910 4751 2195 4807 verissime
2240 4765 2363 4806 esse
2405 4749 2587 4806 lumen
2640 4749 2924 4819 percipiet,
2955 4743 3432 4818 cognitionemque

161 4855 361 4901 caetera
391 4841 797 4914 cognoscibilia
837 4839 1334 4897 transcendentem.
1365 4840 1612 4914 Denique
1654 4844 1797 4900 hanc
1827 4861 1981 4900 suam
2005 4844 2073 4899 de
2103 4843 2194 4898 Dei
2221 4841 2650 4916 perfectionibus
2680 4841 3103 4912 ineloquentiam
3132 4855 3314 4896 secum
3347 4849 3433 4893 ta-
3495 4875 3498 4878 ~

159 4941 306 4997 citus
338 4940 559 4994 honore
591 4935 867 5007 prwcipuo
910 4935 1128 5004 dignam
1158 4934 1327 4990 ducit.
1359 4933 1680 4991 Nullatenus
1711 4938 1876 5008 igitur
1914 4938 2182 5007 ejusmodi
2213 4938 2280 4992 de
2320 4936 2430 4992 Deo
2473 4935 2775 5007 ignorantia
2825 4933 3174 5003 intelligenda
3217 4939 3299 4985 est
3341 4932 3429 4987 hic

157 5031 289 5099 diei,
323 5029 480 5103 quod
529 5029 828 5100 privatoria
859 5027 930 5083 sit
977 5028 1337 5098 cognitionis;
1374 5031 1546 5100 magis
1608 5045 1736 5085 vero
1792 5041 2014 5104 propter
2039 5031 2296 5086 eximiam
2345 5038 2506 5100 atque
2548 5037 2965 5100 exsuperantem
3017 5025 3429 5097 praerogativam

155 5127 328 5182 totius
365 5122 636 5186 scientiae,
672 5137 779 5193 qua
807 5122 930 5192 quis
958 5135 1121 5176 nosse
1152 5123 1455 5192 promeruit
1489 5122 1563 5188 id,
1595 5123 1739 5195 quod
1769 5125 2023 5180 omnibus
2048 5124 2263 5193 sibique
2287 5122 2626 5193 incognitum
2669 5129 2852 5177 manet
2881 5129 2934 5176 et
2962 5116 3428 5187 incomprehensi-

156 5217 282 5274 bile.
313 5217 385 5270 Et
419 5215 536 5271 haec
563 5214 783 5284 quidem
813 5215 989 5284 capite
1012 5216 1252 5270 secundo
1283 5215 1593 5270 Divinarum
1627 5219 1894 5272 nominum
1926 5217 2193 5287 eXplicata
2224 5222 2371 5272 sunt.

225 5310 420 5365 Ταῦτα
451 5307 651 5372 τοίνυν,
689 5305 752 5360 τὸ
795 5307 982 5371 σκότος
1023 5308 1164 5379 φημὶ
1194 5309 1284 5361 καὶ
1325 5309 1422 5380 τὴν
1459 5310 1747 5378 ἀγνωσίαν,

1929 5309 2090 5380 245
2130 5308 2256 5364 Haec
2284 5310 2470 5380 igitur,
2496 5308 2754 5364 tenebras
2781 5307 2906 5362 dico
2930 5313 2983 5360 et
3017 5301 3424 5374 ignorationem

156 5400 532 5477 ὑπεροχικῶς,
578 5398 713 5452 ἀλλὰ
757 5399 830 5470 μὴ
875 5401 1008 5471 μετὰ
1048 5400 1299 5472 στέρησιν
1339 5401 1618 5466 ἐκλαϐὼν,
1651 5404 1740 5456 ὅτε

155 5498 286 5567 περὶ
327 5494 472 5550 Θεοῦ
517 5493 876 5564 ἐκλαμϐάνεις
911 5493 1111 5559 ταῦτα,
1149 5495 1426 5564 ἀπόφησον
1467 5495 1742 5568 ὑπεραλη-

156 5589 284 5654 θῶς,
308 5587 562 5660 δηλονότι
601 5587 720 5640 εἰπέ
754 5587 984 5660 τρανῶς.
1045 5588 1259 5659 Ἐπειδὴ
1302 5587 1410 5660 γὰρ
1439 5588 1609 5642 ταῦτα
1647 5591 1741 5643 καὶ

157 5683 300 5753 ὑπὲρ
329 5683 360 5735 ὃ
393 5679 633 5735 ἐνταῦθά
656 5681 782 5745 εἰσι,
806 5681 1050 5735 νοοῦνται
1081 5681 1278 5734 ἐκεῖσε
1301 5683 1396 5736 καὶ
1416 5683 1444 5734 ὁ
1476 5697 1540 5734 πε
1550 5683 1602 5753 pl.
1621 5681 1744 5735 τού-

153 5775 454 5843 των-λόγος
477 5773 578 5842 οὐχ
605 5771 790 5835 ἁπλῶς
825 5773 1072 5845 ἀληθινὸς
1100 5772 1254 5840 λόγος
1281 5771 1452 5837 ἔσται,
1485 5773 1619 5826 ἀλλὰ
1650 5774 1744 5827 καὶ

158 5867 300 5938 ὑπὲρ
330 5865 501 5921 τοῦτο
519 5865 580 5919 τὸ
602 5866 848 5936 ἀληθινὸν
883 5867 1214 5940 μιμουμένου
1243 5865 1336 5920 τοῦ
1365 5867 1521 5936 λόγου
1550 5867 1610 5920 τὸ
1641 5866 1746 5919 τῶν

159 5958 517 6031 πραγμάτων
561 5957 880 6030 ὑπεροχικόν
902 5977 914 5991 ο
947 5957 1102 6015 τοῦτο
1135 5958 1241 6031 γάρ
1273 5959 1388 6014 ἐστι
1423 5956 1482 6012 τὸ
1526 5959 1745 6027 ὑπερσ-

1851 5405 2478 5477 ειιρετειηίηοηῑθτευω
2514 5402 2880 5465 intellexeris,
2922 5414 3027 5452 non
3069 5398 3196 5449 item
3240 5396 3424 5466 priva-

1845 5498 1985 5554 toric
2027 5497 2096 5552 de
2137 5497 2248 5552 Deo
2283 5495 2421 5551 dici:
2453 5495 2732 5566 ἀπόφησον
2777 5487 3170 5563 ὑπεραληθῶς,
3223 5488 3276 5542 id
3337 5496 3426 5543 est

1845 5589 2067 5646 enuntia
2139 5587 2463 5654 verissime,
2511 5585 2602 5642 dic
2653 5583 2862 5638 scilicet
2906 5577 3148 5650 τρανῶς,
3190 5577 3294 5632 hoc
3337 5585 3424 5633 est

1852 5680 2106 5744 .lilucide,
2131 5681 2438 5753 perspicue.
2468 5679 2602 5735 Nam
2631 5675 2852 5748 quando
2875 5673 3010 5735 hac,
3036 5686 3200 5741 supra
3227 5671 3424 5726 etiam-

1849 5788 1978 5828 num
2007 5788 2170 5842 quam
2202 5773 2291 5827 hic
2314 5780 2463 5836 sunt,
2496 5771 2878 5839 intelliguntur
2907 5781 2967 5822 se
2995 5765 3107 5818 illic
3137 5763 3422 5819 verissime

1849 5865 2084 5932 habere;
2117 5865 2319 5936 quique
2363 5864 2432 5919 de
2481 5863 2568 5918 his
2613 5875 2793 5916 sermo
2839 5865 2943 5924 est,
2982 5871 3092 5912 non
3143 5864 3425 5924 utcunque

1847 5972 2011 6015 νει-ηε
2039 5957 2111 6017 sit
2139 5971 2352 6024 sermo;
2385 5955 2513 6030 quin
2554 5960 2748 6026 praeter
2775 5952 2902 6019 hoc,
2931 5951 3214 6007 veritatem
3242 5961 3420 6018 quam-
