3882 6532
1169 441 1510 499 APPENDIX
1548 441 1641 496 AD
1677 439 1905 498 OPERA
1953 441 2008 496 S.
2053 440 2345 498 DlONYSIl
2382 436 2860 498 AREOPAGITA‘I.

3627 430 3735 498 ιω

501 568 832 630 tamcunque
859 557 1034 615 nostri
1063 556 1321 613 imitatitii
1351 555 1629 612 sermonis.
1647 556 1765 627 ipsa
1796 555 2045 626 praecellil

2155 554 2353 622 ληθῶς
2383 555 2732 623 ἀπόφησον·
2767 548 2951 618 ἐπειδὴ
2985 548 3106 600 ὅσον
3139 563 3220 609 τις
3248 545 3378 616 ἔχει,
3423 543 3579 613 φησὶ,
3619 541 3733 595 τῶν

498 664 683 708 rerum
725 646 1055 718 magnitudo.
1097 643 1211 700 Hoc
1253 646 1455 702 etenim
1495 644 1737 700 insinuat
1777 645 2053 716 άπόφησον

498 738 869 812 ὑπεραληθῶς.
918 736 1134 804 Quanto
1166 739 1313 794 enim
1352 737 1478 809 quis
1521 738 1748 795 sortitus
1803 745 1887 794 est
1939 754 2054 793 am-

496 831 724 906 pliorem
757 844 938 886 rerum
968 830 1216 885 notitiam
1234 871 1250 897 ,
1282 830 1567 903 lucemque
1595 829 1903 886 elfusiorem
1932 830 2052 903 (ait)

494 921 912 992 intelligentiam
934 921 1188 978 videlicet
1215 924 1483 989 veritatis,
1508 924 1558 980 is
1590 931 1744 978 tanto
1777 923 2054 992 perspica-

492 1013 614 1069 cius
636 1012 897 1084 intelliget
919 1013 1189 1084 ignotiora
1215 1029 1358 1080 esse,
1391 1031 1512 1086 qua:
1531 1015 1600 1071 de
1625 1014 1736 1069 Deo
1771 1014 2049 1069 dicuntur.

489 1103 611 1162 Non
641 1105 789 1160 enim
830 1105 916 1161 vel
958 1107 1161 1163 lumine
1202 1108 1478 1178 quopiam,
1523 1107 1608 1163 vel
1652 1105 1962 1176 cognitione
1988 1119 2053 1158 ea

489 1195 830 1260 eluceseunt,
853 1195 986 1266 quin
1004 1211 1191 1252 eorum
1218 1197 1398 1267 potius
1425 1197 1636 1267 fugiunt
1661 1195 2048 1265 cognitionem,

492 1286 586 1354 qui
617 1285 809 1341 talium
856 1285 1293 1357 qualemcunque
1355 1287 1605 1343 notitiam
1650 1285 1857 1357 indepti
1901 1293 2048 1342 sunt.

490 1375 613 1447 Ipsa
645 1392 863 1451 quoque
895 1379 1231 1448 quantalibet
1261 1378 1532 1450 promotio
1564 1389 1618 1435 et
1654 1379 2051 1434 incrementum

493 1471 547 1525 in
571 1470 677 1532 bis,
714 1470 920 1526 lumine
943 1471 1066 1528 dico
1093 1479 1147 1527 et
1175 1472 1501 1542 cognitione,
1526 1471 1765 1528 divinam
1798 1471 2052 1542 majesta-

490 1571 599 1619 tem
631 1563 917 1633 perspicue
958 1564 1236 1620 declarant
1279 1564 1602 1619 invisibilem
1645 1579 1787 1631 esse,
1817 1574 1870 1620 et
1916 1561 2052 1620 nulli

489 1662 756 1711 creatura:
805 1669 1192 1726 usquequaque
1253 1654 1614 1725 cognobilem.
1657 1653 1842 1725 Neque
1904 1655 2051 1710 enim

488 1745 879 1800 exinaniuntur
915 1745 1182 1814 ejusmodi
1212 1746 1450 1805 tenebrae
1483 1745 1540 1803 in
1573 1753 1684 1802 tam
1725 1746 1900 1804 multa
1931 1745 2052 1802 luce

488 1835 648 1892 istius
677 1838 817 1908 (quae
850 1837 995 1892 circa
1015 1853 1216 1892 numen
1237 1837 1341 1910 est)
1370 1837 1639 1902 veritatis,
1659 1853 1848 1895 verum
1880 1836 2053 1893 unde-

2154 645 2320 700 ὄντων
2363 645 2460 717 τὴν
2513 643 2734 713 γνῶσιν,
2765 642 2861 696 καὶ⁵
2909 639 2971 692 τὸ
3016 638 3074 691 ὃν
3123 636 3258 706 φῶς,
3295 634 3437 688 τοῦτ’
3464 634 3582 688 ἔστι
3628 633 3733 705 τῆς

2153 737 2404 808 ἀληθείας
2421 735 2519 806 τὴν
2539 734 2742 805 νόησιν,
2761 731 3010 787 τοσοῦτον
3038 727 3106 782 τὰ
3127 727 3253 799 περὶ
3273 724 3365 780 τοῦ
3380 724 3517 779 Θεοῦ
3537 724 3732 794 ὅψεται

2151 832 2428 900 ἀγνωσταο
2463 827 2524 881 οὑ
2553 825 2662 898 γὰρ
2686 823 2763 895 τῷ
2789 824 2924 894 φωτὶ
2946 821 2980 892 ἢ
3007 823 3075 893 τῇ
3109 817 3303 889 γνώσει
3346 816 3726 888 φανεροῦνται,

2151 921 2287 979 ἀλλά
2316 919 2508 992 μᾶλλον
2538 919 2666 981 τοὺς
2690 916 2859 970 ταῦτα
2889 914 3111 986 ἔχοντας
3140 911 3418 977 λανθάνει,
3462 912 3559 964 καὶ
3600 913 3635 983 ἡ
3669 912 3729 964 ὲν

2150 1012 2355 1075 τούτοις
2383 1008 2619 1072 ἐπίδοσίς
2657 1024 2716 1062 τε
2760 1007 2853 1060 καὶ⁵
2895 1004 3137 1075 αὔξησις,
3165 1004 3244 1076 τῷ
3283 1002 3426 1073 φωτί
3455 1019 3600 1072 φημι
3633 1003 3728 1058 καὶ

2150 1109 2218 1179 τῇ
2245 1103 2460 1175 γνώσει,
2507 1102 2569 1156 τὸ
2603 1101 2744 1154 θεῖον
2789 1099 3020 1154 δεικνύει
3051 1097 3275 1152 ἀθέατόν
3316 1113 3376 1150 τε
3415 1095 3512 1149 καὶ
3551 1095 3728 1163 ἀγνω-

2155 1215 2297 1252 στον.
2334 1195 2465 1252 Οὐδὲ
2494 1195 2600 1266 γὰρ
2630 1193 2832 1264 ἀφανὲς
2853 1191 3058 1260 γίνεται
3084 1189 3145 1242 τὸ
3164 1187 3402 1244 τοιοῦτον
3449 1186 3640 1249 σκότος
3668 1187 3727 1238 ὲν

2150 1289 2228 1361 τῷ
2253 1287 2429 1359 πολλῷ
2450 1288 2589 1359 φωτὶ
2609 1286 2709 1359 τῆς
2734 1285 2864 1356 περὶ
2889 1282 3048 1338 τοῦτο
3075 1280 3327 1352 ἀληθείας
3344 1297 3358 1313 ο
3399 1278 3538 1332 ἀλλά
3569 1294 3728 1349 περι-

2152 1379 2500 1444 καλύπτεται,
2537 1378 2630 1432 καὶ
2665 1375 2862 1448 μᾶλλον
2893 1372 3238 1443 γινώσκεται,
3271 1371 3353 1425 ὅτι
3382 1368 3597 1432 σκότος,
3632 1367 3727 1421 καὶ

2149 1472 2554 1545 ἀποκρύπτεται
2587 1473 2765 1526 πᾶσαν
2795 1469 3022 1540 γνῶσινο
3049 1466 3210 1545 ῷστε,
3240 1465 3367 1520 ὅταν
3398 1461 3726 1518 συνέλθωσιν

2149 1569 2206 1620 αἱ
2247 1566 2374 1638 περὶ
2405 1564 2513 1619 τῶν
2562 1563 2764 1636 νοερῶν
2805 1561 3068 1633 γνώσεις,
3111 1559 3212 1612 ούκ
3259 1556 3646 1626 ἀποδιδράσκει
3690 1555 3725 1626 ἡ

2150 1658 2408 1726 ἀγνωσία,
2426 1655 2559 1711 ἀλλά
2587 1656 2734 1728 μένει
2763 1650 3219 1726 ἀποκρυπτομένη
3239 1649 3332 1705 καὶ
3355 1645 3724 1716 διαφεύγουσα

2149 1751 2329 1805 πᾶσαν
2355 1748 2580 1820 γνῶσιν·
2620 1749 2718 1820 οὐχ
2761 1742 3116 1817 ὑποχωροῦσα
3133 1783 3149 1812 ,
3186 1739 3298 1796 ἀλλ’
3326 1735 3462 1792 οὖσα
3489 1737 3586 1792 καὶ
3630 1737 3726 1808 μέ-

2151 1859 2332 1908 νουσα,
2370 1842 2464 1897 καὶ
2502 1840 2707 1897 νικῶσα
2751 1838 2850 1902 τὰς
2886 1836 3133 1907 γνώσεις,
3183 1833 3336 1888 οὐδὲν
3381 1830 3509 1886 ἄλλο
3557 1845 3729 1883 καταρ-

488 1944 703 2001 eunque
752 1930 872 1985 luce
922 1930 1039 2000 ipsa
1085 1931 1437 2002 Operiuntur;
1495 1937 1657 2001 atque
1705 1931 1835 1987 hinc
1875 1932 2045 1989 scitur

2149 1933 2556 2006 λαμϐανούσας·
2606 1932 2643 2004 ἦ
2688 1933 2769 1985 ὅτι
2817 1927 3156 2001 ύπεροχικῶς
3191 1925 3466 1997 ἄγνωστόν
3501 1926 3620 1978 ἐστι
3663 1922 3726 1975 τὸ

486 2019 692 2083 verius,
721 2021 849 2091 quia
880 2022 1115 2077 tenebras
1139 2030 1288 2087 sunt,
1322 2019 1541 2092 quando
1580 2036 1796 2077 omnem
1824 2021 1892 2077 de
1938 2020 2046 2078 Deo

486 2111 848 2180 cognitionem
895 2113 1243 2169 obumbrant.
1292 2112 1396 2168 Ubi
1431 2113 1596 2186 igitur
1633 2113 1868 2184 primum
1910 2129 2045 2168 con-

485 2204 759 2259 currerint
784 2220 878 2268 ea,
907 2221 1027 2276 quae
1057 2206 1124 2261 de
1155 2207 1527 2278 intelligentiis
1572 2207 1872 2272 habentur,
1903 2207 2046 2261 noti-

485 2292 592 2358 tiae,
616 2308 726 2350 non
750 2295 1012 2350 continuo
1041 2295 1251 2367 aufugit
1272 2297 1604 2367 ignorantia,
1635 2297 1730 2352 sed
1766 2304 2045 2366 permanet

481 2398 680 2441 arcana
707 2402 966 2458 prorsus,
995 2403 1320 2461 omnemque
1355 2389 1618 2460 ell‘ugiens
1653 2389 2042 2461 cognitionem,

480 2493 754 2547 nusquam
786 2479 1070 2544 secedens,
1097 2481 1192 2535 sed
1228 2481 1506 2545 restitans,
1537 2497 1601 2536 ac
1641 2482 1898 2536 evincens
1927 2495 2046 2534 om-

479 2566 630 2623 nium
669 2568 1054 2640 cognitionem,
1077 2571 1222 2626 aliud
1243 2572 1465 2628 omnino
1485 2572 1621 2628 nihil
1647 2587 1745 2643 pro
1769 2569 2063 2642 comperto'

477 2657 787 2724 habentem,
803 2674 968 2732 quam
985 2661 1129 2731 quod
1143 2665 1610 2734 supereminenter
1628 2663 1680 2717 id
1697 2671 1878 2719 manet
1894 2663 2047 2718 inco—

478 2750 709 2822 gnitum,
729 2751 872 2823 quod
905 2753 1202 2824 inquiritur
1236 2756 1486 2812 maxime.
1523 2754 1732 2811 Idcirco
1749 2756 1844 2826 qui
1875 2756 2045 2811 Deum

476 2841 701 2908 vidisse,
733 2852 788 2899 et
831 2845 976 2915 quod
1008 2845 1162 2911 vidit,
1186 2847 1520 2902 intellexisse
1547 2848 1894 2920 praedicatur,
1930 2863 2043 2902 non

478 2931 665 3001 utique
689 2933 871 3003 ipsum
889 2934 977 2991 hic
1027 2935 1163 2994 vidit
1186 2935 1353 2992 Deum
1376 2937 1564 3008 (Deum
1584 2938 1721 2993 enim
1747 2954 1894 2994 nemo
1917 2935 2046 2993 vidit

475 3038 706 3093 unquam
727 3025 826 3096 ω),
861 3026 958 3082 sed
989 3042 1178 3082 eorum
1210 3028 1512 3099 quidpiam,
1545 3046 1664 3100 quae
1691 3029 1838 3085 circa
1868 3030 2045 3100 ipsum

478 3117 628 3174 sunt,
660 3121 852 3182 aptave
893 3115 1226 3184 apprehendi
1257 3117 1424 3171 ductu
1453 3125 1695 3187 naturae;
1727 3119 1946 3189 quando
1975 3119 2043 3175 iis

2145 2026 2489 2098 ζητούμενον.
2531 2023 2628 2080 Διά
2665 2023 2820 2080 τοῦτο
2857 2021 2952 2076 καὶ
2993 2022 3022 2075 ό
3064 2019 3194 2074 Θεὸν
3237 2016 3589 2090 θεασάμενος,
3629 2015 3723 2068 καὶ

2144 2121 2339 2190 νοήσας
2378 2118 2406 2172 ὸ
2438 2113 2598 2184 εἶδεν,
2641 2116 2802 2171 αὑτὸν
2842 2114 2940 2187 μὲν
2983 2113 3080 2184 οὐχ
3126 2110 3335 2182 ἑώρακε
3373 2112 3390 2177 (
3413 2107 3564 2162 Θεὸν
3616 2107 3721 2176 τύρ

2144 2207 2340 2274 οὐδεὶς
2379 2205 2595 2274 ἑώρακε
2621 2204 2917 2272 πώποτε)’
2957 2201 3092 2258 ἀλλά
3136 2218 3191 2254 τι
3218 2201 3326 2253 τῶν
3378 2197 3510 2268 περὶ
3558 2197 3722 2250 αὑτὸν

2143 2298 2310 2354 ὄντων
2361 2296 2451 2350 καὶ
2492 2295 2811 2365 πεφυκότων
2868 2288 3404 2363 καταλαμϐάνεσθαι,
3453 2286 3550 2340 καὶ
3600 2286 3719 2343 τότε

2142 2392 2255 2451 τοῖς
2281 2387 2451 2456 ἀξίοις
2475 2386 2562 2442 διὰ
2593 2385 2910 2458 καθάρσεως
2947 2383 3270 2456 γινομένοις.
3303 2379 3475 2442 Δύτὸς
3497 2379 3554 2431 δὲ
3583 2377 3722 2449 ὑπὲρ

2143 2481 2322 2535 πάντα
2366 2478 2510 2542 νοῦν,
2560 2478 2656 2533 καὶ
2710 2479 2888 2534 πᾶσαν
2930 2476 3116 2529 ούσίαν
3168 2471 3629 2545 ὑπεριδρυμένος,
3664 2472 3718 2527 ἐν

2143 2573 2291 2644 αύτῷ
2321 2573 2418 2645 μὲν
2463 2571 2540 2643 τῷ
2590 2569 2665 2643 μὴ
2711 2570 2935 2627 καθόλου
2985 2567 3376 2638 γινώσκεσθαι,
3411 2566 3556 2636 ὑπὲρ
3596 2561 3718 2617 νοῦν

2143 2663 2498 2734 γινώσκεται,
2546 2663 2628 2717 ὅτι
2655 2663 2794 2735 ὑπὲρ
2844 2663 3022 2717 πάντα
3065 2661 3242 2717 ἐστίν·
3304 2660 3362 2714 ὲν
3405 2658 3464 2713 δὲ
3509 2656 3591 2727 τῷ
3644 2656 3714 2728 μὴ

2144 2754 2282 2812 εἶναι
2311 2756 2533 2815 καθόλου
2563 2755 2753 2811 πάλιν
2787 2755 2849 2808 τὸ
2872 2754 2981 2826 γὰρ
3009 2749 3144 2808 εἶναι
3176 2751 3284 2806 τῶν
3330 2751 3570 2806 κτιστῶν
3600 2751 3715 2803 ἐστι

2144 2851 2237 2906 καὶ
2266 2848 2372 2902 τῶν
2401 2847 2658 2904 ἐλθόντων
2696 2848 2776 2910 είς
2808 2845 3058 2918 ὓπαρξιν.
3093 2845 3150 2898 '0
3175 2844 3232 2900 δὲ
3273 2843 3406 2906 Θεὸς
3443 2843 3540 2897 καὶ
3577 2841 3714 2912 ὑπὲρ

2142 2941 2204 2995 τὸ
2242 2937 2410 2995 εἶναι·
2447 2939 2535 2997 διὰ
2576 2939 2754 3004 τοῦτο,
2786 2938 2901 2993 εστι
2931 2938 3048 3008 μὲν,
3081 2936 3192 2992 ἀλλ’
3221 2933 3584 3008 ὑπερουσίως,
3625 2934 3715 2988 καὶ

2144 3035 2178 3106 ἡ
2215 3032 2356 3090 κατά
2399 3031 2461 3086 τὸ
2510 3034 2754 3106 κρεῖττον
2803 3028 3070 3101 παντελὴς
3111 3028 3372 3099 ἀγνωσία.
3411 3029 3564 3098 Ὄσῳ
3609 3026 3716 3098 γὰρ

2143 3126 2399 3198 ἀνάγεταί
2456 3144 2576 3190 τις,
2632 3125 2711 3187 εις
2767 3122 3042 3194 ἀγνωσίαν
3093 3122 3375 3194 κρείττονα
3436 3123 3710 3192 καταντᾷ·

477 3214 595 3263 tum
627 3209 846 3266 demum
875 3213 1162 3283 contingit,
1197 3214 1290 3284 qui
1316 3229 1411 3284 per
1442 3229 1500 3270 se
1541 3215 1808 3270 sinceram
1845 3215 2044 3271 mentis

2146 3217 2288 3291 αὕτη
2327 3218 2456 3288 γοῦν
2506 3219 2541 3289 ἡ
2596 3215 2838 3284 ἀγνωσία
2880 3215 2941 3268 ού
2991 3214 3246 3286 στέρησίς
3286 3214 3404 3267 ἐστι
3433 3212 3715 3283 γνώσεως,

477 3303 926 3370 expurgationem
948 3305 1320 3376 praestiterunt
1342 3306 1555 3378 dignos.
1575 3305 1695 3377 Ipse
1723 3323 1850 3362 vero
1881 3323 2045 3379 supra

2145 3310 2279 3367 ἀλλά
2329 3309 2526 3381 γνῶσις
2583 3307 2919 3378 ὑπερέχουσα
2967 3305 3062 3360 καὶ
3107 3303 3601 3375 καταλαμεὼουσα
3643 3303 3715 3366 ὡς

477 3404 696 3448 omnem
726 3402 983 3462 mentem,
1017 3411 1343 3468 omnemque
1393 3398 1756 3452 substantiam
1801 3399 2045 3454 eminen-

2144 3403 2362 3471 ἐφικτὸν
2412 3403 2502 3455 τὸν
2549 3399 2714 3465 Θεὸν,
2749 3400 2831 3456 ὅτι
2873 3397 3014 3473 ὑπὲρ
3042 3396 3217 3455 πάντα
3267 3395 3386 3453 ἐστὶ
3438 3395 3511 3454 τὰ
3560 3411 3715 3465 γινω·

479 3479 690 3537 tissime
727 3485 996 3553 residens,
1028 3502 1092 3542 eo
1123 3486 1341 3558 quidem
1387 3491 1652 3544 astruitur
1694 3489 1842 3543 nullo
1885 3497 2046 3562 pacto
2147 3492 2404 3564 σχόμενοι.

476 3571 607 3628 8ρὶΓὶ
645 3589 837 3646 posse,
894 3576 1039 3647 quod
1089 3588 1322 3634 mentem
1369 3587 1609 3635 creatam
1654 3580 2037 3638 transcendere
2081 3582 2432 3656 intelligatur.
2461 3583 2676 3641 Rursus
2712 3599 2821 3656 qua
2871 3580 3142 3638 universis
3169 3595 3292 3654 qua:
3333 3588 3486 3642 sunt,
3524 3595 3713 3651 super-

477 3663 703 3729 eminet,
747 3666 878 3723 hinc
936 3684 1059 3724 esse
1099 3670 1323 3725 omnino
1363 3679 1610 3743 negatur.
1653 3671 1951 3728 Commune
2011 3675 2276 3746 siquidem
2334 3677 2498 3734 rebus
2527 3675 2728 3731 creatis
2774 3683 2878 3738 est,
2911 3684 2964 3730 et
3020 3673 3086 3730 iis
3117 3687 3238 3742 qua:
3279 3673 3348 3726 ad
3391 3672 3711 3728 substantiae

476 3760 826 3832 participium
874 3777 1161 3831 venerunt,
1195 3773 1254 3821 ut
1291 3767 1434 3834 sint;
1467 3767 1611 3824 Deus
1660 3777 1840 3823 autem
1872 3785 2088 3828 omnem
2135 3774 2411 3850 conditam
2435 3773 2730 3830 essentiam
2772 3772 3142 3838 transcendit;
3169 3777 3455 3843 propterea
3485 3777 3569 3822 est
3593 3766 3709 3836 quia

477 3853 601 3908 dem
629 3852 790 3918 Deus,
816 3855 911 3910 sed
941 3857 1374 3914 eminentissimo
1403 3874 1600 3930 genere
1632 3861 1904 3916 essentizn.
1959 3861 2086 3918 Haec
2145 3881 2276 3921 sane
2314 3864 2583 3937 ignoratio
2618 3865 2780 3935 juxta
2825 3864 3255 3937 prmstantiorem
3299 3861 3704 3932 acceptionem,

476 3945 640 4022 246
681 3947 829 4002 omni
857 3963 924 4002 ex
967 3959 1118 4018 parte
1161 3949 1413 4004 absoluta
1441 3958 1494 4006 et
1525 3949 1767 4020 perlecta
1817 3953 2038 4010 dicitur.
2084 3953 2298 4021 Quanto
2357 3957 2502 4012 enim
2533 3956 2844 4012 sustollitur
2898 3956 3022 4028 quis
3054 3952 3122 4008 ad
3163 3951 3258 4007 Dei
3293 3950 3709 4022 contemplatioe

474 4054 622 4102 nem,
652 4047 802 4095 tanto
849 4041 1074 4112 propius
1122 4041 1170 4098 is
1201 4043 1444 4098 occurrit
1488 4043 1578 4099 isti
1627 4045 2091 4115 praestantissimae
2136 4047 2486 4119 ignorationi.
2539 4047 2597 4103 Si
2648 4049 2868 4120 quidem
2917 4048 3043 4102 talis
3088 4045 3354 4118 ignoratio
3395 4046 3707 4115 neutiquam

475 4130 708 4203 privatio
757 4131 1083 4202 cognitionis
1138 4140 1243 4199 est,
1286 4133 1459 4205 magis
1511 4149 1637 4189 vero
1687 4137 1926 4206 cognitio
1970 4145 2054 4193 est
2111 4138 2473 4208 praecellentis
2527 4138 2818 4208 cujusdam
2871 4137 3274 4209 praerogativae,
3315 4135 3497 4206 ipsum
3544 4134 3706 4192 Deum

475 4221 768 4296 (quatenus
815 4225 1004 4298 attingi
1061 4227 1257 4299 potest)
1319 4227 1752 4301 apprehendens,
1806 4247 1913 4302 qua
1945 4232 2196 4304 intelligit
2229 4234 2406 4305 ipsum
2437 4233 2651 4290 cunctis
2685 4231 2946 4296 eminere,
2985 4244 3106 4301 qua:
3136 4230 3194 4285 in
3215 4228 3584 4302 cognitionem
3614 4241 3704 4284 ca-

475 4317 631 4376 dunt.

948 4407 1017 4463 1N
1055 4409 1438 4466 EPISTOLAM
1481 4413 1545 4472 ll.

2508 4417 2617 4471 ΕΙΣ
2653 4416 2796 4470 ΤΗΝ
2831 4414 3223 4472 ΕΠΙΣΤΟΛΗΝ
3255 4413 3330 4469 Β’.

542 4498 608 4557 Εῑ
637 4500 752 4556 base
783 4502 968 4558 multis
997 4501 1131 4557 adeo
1163 4503 1296 4560 locis
1315 4543 1331 4570 ,
1371 4507 1700 4563 excellenter
1727 4508 1943 4580 quidem
1979 4507 2035 4564 in

2211 4508 2394 4563 Ταῦτα
2422 4508 2682 4572 πολλάκις
2715 4508 2814 4580 μὲν
2847 4509 2902 4560 ὲν
2926 4506 3005 4577 τῷ
3031 4507 3169 4574 Περὶ
3202 4507 3374 4560 θείων
3408 4504 3705 4576 ὀνομάτων

473 4606 634 4662 opere
667 4593 981 4652 Divinorum
1018 4595 1298 4651 nominum
1332 4611 1623 4656 exsecutus
1654 4608 1758 4665 est,
1790 4599 2032 4655 omnium

2144 4601 2280 4674 λόγῳ
2305 4601 2573 4673 διαφόρως
2600 4597 2780 4662 εἶπεν,
2803 4597 3094 4669 ἐξαιρέτως
3119 4597 3176 4650 δὲ
3203 4595 3342 4652 αύτά
3367 4599 3704 4669 ἡρμήνευσεν

471 4683 708 4741 maxime
759 4685 874 4755 ipsa
923 4685 1037 4741 haec
1087 4687 1473 4758 interpretatus
1519 4691 1696 4760 capite
1748 4691 2034 4745 undecimo

2144 4696 2196 4750 ὲν
2243 4693 2320 4764 τῷ
2365 4692 2630 4763 ἑνδεκάτῳ
2687 4691 2961 4760 κεφαλαίῳ
2989 4689 3095 4759 (10)
3143 4688 3269 4760 περὶ
3314 4689 3374 4742 τὸ
3420 4689 3574 4753 τέλος
3620 4687 3701 4742 λέ-

475 4775 579 4832 Sub
609 4775 768 4846 linem
793 4776 980 4833 dicens
1009 4797 1021 4833 :
1061 4777 1308 4845 Quonam
1339 4789 1532 4852 pacto,
1559 4782 1650 4852 qui
1679 4781 1920 4837 omnium
1950 4789 2034 4836 est

2144 4803 2250 4856 γων
2297 4785 2442 4857 (11)’
2466 4784 2592 4847 Πῶς
2640 4784 2670 4836 ὁ
2704 4783 2920 4837 πάντων
2956 4781 3127 4844 αἴτιος
3167 4781 3261 4834 καὶ
3306 4780 3581 4852 ἀγαθότης
3615 4779 3701 4834 καὶ

473 4876 684 4932 auctor,
719 4867 828 4923 imo
863 4868 979 4939 ipsa
1021 4870 1272 4939 bonitas,
1319 4871 1438 4943 ipsa
1475 4872 1685 4938 deitas,
1742 4871 1885 4927 idem
1913 4889 2036 4928 esse

2144 4878 2347 4949 θεότης,
2385 4877 2694 4948 ὑποστάτης
2723 4875 2839 4928 ἐστὶ
2868 4875 2961 4928 καὶ
3005 4873 3334 4944 ἀγαθότητος
3378 4875 3473 4929 καὶ
3521 4875 3698 4945 θεότη-

469 4959 645 5034 possit
704 4960 1006 5016 subsistens
1052 4976 1217 5018 causa
1269 4963 1529 5019 bonitatis
1584 4972 1747 5033 atque
1795 4963 2032 5030 deitatis,

2144 4989 2228 5034 τος
2259 4971 2391 5042 (12),
2432 4969 2524 5024 καὶ
2561 4968 2700 5042 ὑπὲρ
2749 4966 2920 5022 ταῦτά
2973 4969 3154 5033 ὲστιν;
3185 4963 3342 5020 Οὕτω
3368 4965 3426 5019 δὲ
3463 4967 3700 5035 ἀναγνω-

471 5067 597 5104 eum
637 5051 721 5107 his
767 5051 929 5106 etiam
979 5054 1361 5124 praeemineat?
1412 5055 1646 5111 Proinde
1698 5055 1932 5111 arbitror
1975 5057 2033 5112 in

468 5140 619 5198 hunc
689 5143 908 5199 modum
964 5144 1069 5216 lcgi
1112 5144 1359 5201 debere:
1412 5145 1664 5217 Rogasne
1717 5147 1809 5217 qui
1860 5147 1918 5202 ﬁt
1972 5155 2032 5203 ut

469 5231 616 5290 Deus
652 5251 815 5305 supra
848 5237 1174 5307 principium
1205 5238 1440 5293 emineat
1469 5248 1522 5293 et
1543 5240 1758 5296 deitatis
1783 5247 1836 5296 et
1872 5241 2030 5295 boni-

467 5326 640 5382 tatis?
685 5327 808 5381 Mox
853 5329 1156 5383 sciscitanti
1201 5329 1826 5402 respondeUSiqnidem
1869 5333 2030 5388 intel~

469 5417 604 5486 liges
630 5418 885 5475 deitatem
934 5420 1203 5491 ejusmodi
1234 5421 1436 5475 donum
1489 5438 1634 5488 esse,
1679 5426 1822 5496 quod
1863 5442 1892 5482 ο
1921 5425 2032 5481 Deo

470 5509 526 5566 in
563 5526 660 5564 nos
689 5512 987 5578 derivatur,
1013 5527 1121 5584 quo
1139 5512 1335 5566 divinae
1374 5514 1745 5582 quadantenus
1773 5518 2034 5574 eilicimur

467 5612 752 5660 eontsortcs
808 5615 1044 5670 naturze;
1094 5619 1194 5659 nec
1232 5614 1410 5661 tamen
1442 5606 1495 5661 id
1527 5609 1669 5678 quod
1727 5611 1842 5681 ipse
1889 5611 2030 5667 Deus

469 5701 581 5756 est,
620 5698 984 5768 assequimur.
1028 5695 1152 5754 Hac
1200 5696 1246 5753 si
1293 5701 1615 5773 expenderis
1645 5709 1850 5772 tecum,
1883 5721 2030 5779 quae-

510 5963 514 5966 i
608 5870 764 5932 szan.
803 5873 952 5938 1,18.

2139 5059 2322 5113 στέον·
2367 5059 2625 5130 Ἐρωτᾷς,
2660 5055 2777 5120 πῶς
2821 5060 2850 5111 ὁ
2895 5057 3026 5120 Θεὸς
3060 5057 3200 5128 ὑπὲρ
3237 5055 3492 5128 θεότητος
3534 5055 3708 5138 ἀρχὴν,

2136 5153 2228 5207 καὶ
2256 5153 2396 5226 ὑπὲρ
2429 5153 2760 5224 ἀγαθότητος
2791 5152 2962 5224 ἀρχήν
2982 5153 3160 5217 ὲστιν;
3195 5145 3326 5203 Εἶτα
3353 5150 3696 5223 ἀποκρίνεται

2135 5247 2226 5302 καί
2279 5263 2472 5318 φησιν’
2519 5247 2583 5300 Εἰ
2626 5248 2834 5318 νοήσεις
2875 5245 3018 5316 ὅτιή
3062 5243 3250 5314 θεότης
3300 5241 3432 5295 αὐτὸ
3468 5243 3532 5296 ὲκ
3569 5239 3692 5294 Θεοῦ

2135 5340 2302 5412 δῶρόν
2331 5341 2441 5392 εστι
2467 5338 2599 5392 καθὸ
2623 5337 2908 5408 θεούμεθα,
2942 5337 3002 5389 ού
3029 5335 3132 5407 μὴν
3161 5333 3321 5398 αὐτὸς
3349 5335 3377 5386 ὁ
3404 5334 3537 5397 Θεὸς
3565 5333 3688 5403 (15),

2135 5431 2274 5496 ἕξεις
2299 5431 2359 5483 τὸ
2407 5429 2752 5501 ζητούμενον.
2798 5428 2871 5482 Οὐ
2915 5427 3023 5498 γὰρ
3063 5425 3229 5495 αὑτήν
3274 5441 3408 5495 φησι
3447 5426 3544 5495 τὴν
3582 5422 3691 5476 κατ’

2133 5523 2319 5575 οὐσίαν
2348 5521 2572 5593 θεότητα
2613 5521 2707 5574 καὶ
2742 5517 3071 5588 ἀγαθότητα,
3095 5517 3124 5569 ὃ
3165 5519 3221 5571 τί
3260 5515 3392 5568 ποτέ
3438 5517 3573 5579 ἐστι,
3610 5510 3688 5566 Zi-

2133 5612 2365 5684 γω(14),
2394 5612 2528 5666 ἀλλὰ
2569 5611 2666 5682 τὴν
2710 5607 3032 5680 ἀγαθοποιὸν
3077 5605 3170 5665 καὶ
3202 5605 3444 5658 θεοποιὸν
3491 5601 3684 5675 δωρεὰν

2132 5703 2225 5762 τοῦ
2255 5703 2388 5760 Θεοῦ
2429 5702 2521 5760 τοῦ
2549 5703 2714 5768 ὅντως
2742 5702 2835 5759 καὶ
2877 5697 3080 5773 ἀγαθοῦ
3141 5696 3298 5757 τοῦτο
3343 5695 3452 5773 γὰρ
3486 5699 3518 5772 ἠ
3553 5693 3680 5772 ἁρχὴ
