3882 6532
145 462 223 519 ιιι

858 453 1840 512 ΡΑΕΗΥΜΕΒΛΕῬΑΒΑΡΗΒΑΞΙΒ
1873 455 1939 510 ΙΝ
1977 455 2126 513 ΕΡΡ.
2170 456 2228 512 S.
2272 454 2592 512 DIONYSII.

3257 461 3354 518 ΜΞ

143 575 218 630 καὶ
240 569 376 625 αἰτία
412 568 506 622 τοῦ
543 568 827 631 θεοῦσθαι,
855 563 947 621 καί
990 565 1372 635 ἀγαθύνεσθαι·
1415 567 1510 622 καὶ
1547 569 1683 623 κατὰ

1793 569 1988 625 stionis
2015 570 2114 625 abs
2145 579 2199 626 te
2234 575 2528 642 proposita:
2558 571 2829 629 obtinebis
2863 572 3210 628 solutionem.
3251 572 3356 630 Ne-

140 663 302 717 τοῦτον
334 661 424 714 τὸν
448 660 655 731 τρόπον
684 659 814 729 φησὶ
847 657 1098 724 λέγεσθαι
1128 657 1267 728 ὑπὲρ
1306 655 1562 728 θεαρχίαν
1589 661 1682 713 καὶ

142 756 257 825 mp
283 752 639 824 ἀγαθαρχίαν,
668 751 766 822 τὴν
805 749 946 802 οὕτω
983 749 1181 820 δηλαδὴ
1214 750 1506 821 νοουμένην
1547 751 1679 823 (15).

141 849 192 901 Ei
213 845 329 914 γοῦν
356 843 416 896 τὸ
449 844 516 896 ὲκ
541 842 678 896 Θεοῦ
704 842 870 914 δῶρον
898 843 1039 914 ἀρχὴ
1078 841 1284 910 γίνεται
1307 843 1402 896 τοῦ
1434 843 1684 902 θεοῦσθαι

141 943 263 1011 ἡμᾶς
287 936 545 1010 δηλονότι,
581 936 762 1005 πάσης
789 935 961 1006 ἀρχῆς
989 933 1157 996 αἴτιος
1182 933 1278 986 καὶ
1304 934 1446 1008 ἀρχὴ
1475 937 1504 988 ὁ
1530 936 1680 1000 Θεόςο

139 1033 256 1086 οὕτω
282 1031 336 1084 δὲ
361 1029 457 1084 καὶ
500 1030 602 1100 τῆς
632 1028 924 1098 λεγομένης
953 1025 1199 1098 θεότητος
1231 1027 1484 1082 ἐπέκεινα
1513 1030 1680 1082 ἐστιν.

149 1126 195 1177 Ὀ
221 1124 309 1194 μὲν
347 1121 458 1192 γὰρ
490 1119 626 1184 Θεὸς
651 1120 712 1178 ού
749 1118 888 1172 κατά
909 1119 1121 1188 σχέσιν,
1164 1118 1240 1182 ὡς
1266 1121 1446 1190 ἡμεῖς,
1488 1121 1684 1176 κτᾶται

139 1216 186 1268 τὸ
209 1214 416 1282 ἀγαθὸν,
446 1211 563 1266 ἀλλ’
593 1211 834 1282 ἀσχέτως
863 1211 974 1282 ἔχει
991 1210 1234 1283 (16)·καὶ
1257 1212 1319 1264 ού
1346 1211 1488 1267 κατά
1523 1229 1684 1284 μετο-

138 1310 248 1378 χήν⁸
271 1309 428 1378 ἡμεῖς
455 1305 514 1360 δὲ
559 1305 819 1375 σχετικῶς
837 1322 850 1336 ο
883 1306 1041 1376 ἡμεῖς
1067 1303 1176 1376 γὰρ
1199 1305 1451 1376 τρεπτοὶ,
1481 1307 1685 1370 ἐκεῖνος

136 1400 180 1454 δὲ
213 1400 488 1472 ἄτρεπτος.
527 1399 826 1470 Ἀμίμητον
862 1397 921 1452 δὲ
963 1396 1187 1470 μίμημά
1234 1415 1367 1470 φησι
1407 1397 1503 1452 τοῦ
1545 1399 1681 1453 Θεοῦ

135 1493 214 1564 τὴν
240 1491 391 1563 ἡμῶν
430 1491 509 1554 ὡς
541 1490 760 1560 ἐφικτὸν
796 1489 1007 1544 θέωσιν.
1053 1488 1204 1548 Ἐπεὶ
1253 1489 1362 1563 γὰρ
1391 1491 1452 1545 ού
1503 1491 1684 1557 καλῶς

135 1585 391 1656 θωύμεθα,
415 1586 465 1637 εί
495 1585 571 1657 μὴ
601 1585 657 1639 ὲν
684 1583 762 1656 τῷ
788 1581 1070 1655 μιμεῖσθαι
1104 1582 1164 1636 τὸ
1202 1583 1386 1652 Θεῖον,
1413 1582 1504 1638 διά
1526 1585 1684 1640 τοῦτο

137 1677 327 1748 μίμημα
353 1676 578 1746 λέγεται
603 1674 744 1747 (17)·
789 1675 912 1730 ἐπεὶ
938 1674 995 1729 δὲ
1022 1674 1122 1730 οὐκ
1149 1676 1518 1750 ὲφικνούμεθα
1547 1678 1684 1750 πρὸς

133 1767 182 1822 τὸ
208 1770 524 1841 ἀρχέτυπον,
556 1767 666 1822 οὐδ’
695 1764 964 1832 ὁπωσοῦν,
995 1766 1270 1840 ἀμίμητον
1298 1767 1544 1840 λέγεταιο
1572 1771 1683 1824 τοί-

134 1879 210 1915 νυν
234 1861 319 1914 καὶ
349 1860 584 1929 μίμησις
616 1858 714 1931 μὲν
741 1858 833 1912 καὶ
858 1858 1041 1929 σχέσις
1067 1859 1385 1925 ὲστὶν,αύτά
1416 1860 1487 1917 τὰ
1540 1863 1682 1953 πράτ

1784 678 1890 732 que
1937 663 2083 717 enim
2116 664 2294 734 ipsam
2333 665 2588 721 deitatem
2625 674 2787 735 atque
2827 664 3122 718 bonitatem
3156 665 3246 720 hic
3275 667 3360 720 in-

1785 753 1950 824 telligi
1995 751 2196 809 debere
2249 756 2524 826 signiﬁcat
2556 756 2855 812 secundum
2909 755 3126 812 deitatis
3169 774 3360 814 essen-

1785 846 1934 909 tiam,
1967 846 2189 902 etiamsi
2237 848 2439 903 alicubi
2473 849 2627 904 visus
2666 849 2735 904 sit
2775 849 2827 902 id
2858 848 3094 903 voluisse
3133 848 3358 919 dicere;

1780 937 1878 992 sed
1914 939 2228 992 muniﬁcam
2279 940 2513 1009 gratiam
2554 941 2796 996 insinuat
2832 955 2932 994 nos
2963 940 3150 1010 utique
3185 940 3360 997 bonos

1780 1031 1947 1087 simul
1969 1039 2023 1087 et
2050 1032 2183 1087 deos
2212 1033 2818 1102 constituentem,ejus,
2848 1032 3356 1104 inquam,gratiam,

1781 1123 1877 1192 qui
1907 1138 2033 1180 vere
2057 1122 2206 1179 Deus
2234 1139 2469 1194 vereque
2495 1133 2580 1180 est
2609 1125 2806 1179 bonus.
2833 1121 2947 1178 Hoc
2975 1124 3122 1178 enim
3155 1123 3358 1179 donum

1783 1226 1837 1271 et
1860 1217 2015 1288 origo
2037 1225 2121 1273 est
2139 1223 2194 1272 et
2215 1232 2406 1282 causa,
2439 1217 2644 1288 quibus
2681 1216 2758 1272 dii
2789 1215 3053 1271 eﬂicimur
3084 1216 3286 1286 pariter
3305 1225 3360 1272 et

1785 1309 1937 1374 boni,
1967 1318 2020 1364 et
2062 1310 2221 1380 juxta
2261 1309 2406 1364 hanc
2445 1310 2715 1364 rationem
2747 1309 2823 1362 ait
2845 1307 2953 1362 dici
2999 1324 3164 1378 supra
3204 1310 3360 1380 prin-

1784 1401 1985 1471 cipium
2027 1401 2366 1466 divinitatis,
2397 1409 2454 1456 et
2499 1415 2666 1471 supra
2710 1400 3038 1470 principium
3069 1400 3357 1465 bonitatis,

1782 1493 1889 1549 ista
1925 1493 2134 1550 scilicet
2162 1495 2375 1551 ratione
2413 1502 2711 1564 conceptae.
2755 1491 2812 1548 Si
2847 1493 3014 1564 igitur
3038 1491 3144 1548 hoc
3181 1508 3212 1546 a
3253 1492 3361 1550 Deo

1783 1600 2114 1656 promanans
2159 1587 2364 1642 donum
2405 1585 2735 1656 principium
2771 1591 2858 1641 est
2901 1592 3102 1641 nostra:
3141 1583 3364 1640 deiﬁca-

1780 1679 1970 1744 tionis,
2012 1677 2276 1734 nimirum
2323 1688 2514 1733 auctor
2553 1678 2697 1734 idem
2741 1685 2827 1734 est
2868 1678 3038 1733 totius
3081 1676 3357 1747 principii,

1783 1769 1892 1825 imo
1921 1770 2250 1841 principium
2304 1771 2421 1840 ipse
2453 1770 2632 1838 Deus;
2666 1753 2831 1842 at'que
2880 1771 2952 1824 ita
3000 1770 3114 1839 jam
3156 1768 3362 1826 dictam

1783 1861 2045 1919 deitatem
2074 1862 2345 1919 asseritur
2376 1863 2786 1919 transcendere.
2817 1862 3003 1932 Neque
3035 1862 3180 1918 enim
3217 1860 3366 1918 Deus

133 1969 328 2023 γματα,
365 1954 400 2022 ἡ
453 1952 648 2024 θεάτης
688 1951 781 2005 καὶ
813 1953 849 2023 η
894 1950 1166 2023 ἀγαθότης
1193 1950 1304 2024 (18)
1325 1971 1338 1986 ·
1374 1950 1683 2026 μετέχοντες

1789 1955 1906 2025 ipse
1933 1956 2189 2012 eximiam
2216 1954 2365 2010 illam
2395 1954 2719 2020 bonitatem,
2749 1954 3205 2026 quemadmodum
3236 1967 3362 2018 nos,

131 2046 174 2099 δὲ
196 2047 277 2099 καὶ
307 2045 635 2118 μιμούμενοι
658 2046 706 2097 oi
734 2043 972 2114 ἄγγελοι,
996 2045 1089 2099 καὶ
1110 2045 1220 2101 τῶν
1245 2045 1545 2118 ἀνθρώπιον
1568 2049 1678 2121 (19)

132 2139 236 2211 περὶ
263 2138 351 2204 οὓς
376 2137 554 2193 ταῦτα
589 2137 841 2210 ὁρῶνται.
873 2138 945 2191 Τὸ
967 2137 1023 2192 δὲ
1068 2137 1220 2192 Θείον
1249 2138 1361 2211 (20)
1407 2141 1680 2212 ἀμίμητόν

130 2231 225 2284 ἐστι
271 2232 360 2285 καὶ
417 2231 649 2300 ἄσχετον
679 2229 824 2302 (21)*
882 2229 966 2285 ὅτι
1017 2231 1128 2302 ὅσῳ
1161 2248 1248 2295 τις
1284 2232 1420 2304 πρὸς
1454 2233 1682 2306 μίμησιν

132 2323 204 2374 καὶ
230 2323 407 2392 σχέσιν
449 2322 588 2377 Θεοῦ
621 2323 918 2393 προκόπτει
945 2321 1078 2394 (22),
1122 2323 1360 2394 τοσούτῳ
1400 2327 1682 2398 καταλαμ-

129 2413 318 2468 6ἀνεται
337 2415 399 2467 τὸ
419 2414 709 2483 ἀνέφικτον
737 2414 838 2484 τῆς
869 2415 1152 2486 μιμήσεως
1179 2415 1275 2470 καὶ
1299 2417 1396 2487 τῆς
1424 2417 1680 2487 σχέσεως.

138 2505 404 2577 ’Υπερέχον
452 2505 742 2577 τοιγαροῦν
793 2507 855 2560 τὸ
903 2507 1056 2561 Θείον
1099 2507 1207 2561 τῶν
1257 2511 1541 2581 μιμήσεων
1585 2511 1679 2563 καὶ

127 2597 216 2650 τῶν
241 2599 491 2668 σχέσεων,
531 2597 775 2669 δηλονότι
821 2599 922 2669 τῆς
955 2599 1208 2670 θεότητος
1254 2601 1347 2654 καὶ
1391 2601 1493 2671 τῆς
1540 2602 1677 2670 ἀγαο

128 2685 344 2759 θότητος·
371 2688 510 2742 ἀλλὰ
538 2687 634 2741 καὶ
663 2687 840 2742 αὐτῶν
875 2688 984 2742 τῶν
1021 2689 1368 2760 μιμουμένων
1396 2690 1490 2744 καὶ
1522 2707 1679 2762 μετε-

126 2779 320 2849 χόντων,
357 2780 610 2833 τουτέστι
638 2779 747 2832 τῶν
777 2779 917 2834 κατά
960 2781 1120 2851 χάριν
1159 2781 1296 2834 θεῶν
1323 2798 1383 2835 τε
1426 2782 1520 2835 καὶ
1549 2783 1683 2850 ἀγα-

127 2869 453 2938 θιῖιν,είκότως
469 2871 588 2943 (25)
603 2871 744 2944 ὑπὲρ
755 2872 854 2943 τὴν
867 2871 1120 2945 θεαρχίαν
1132 2873 1224 2928 καὶ
1235 2873 1331 2945 τὴν
1343 2873 1681 2944 ἀγαθαρχίαν

124 2964 264 3018 ἐστίν.

1783 2047 2084 2104 secundum
2117 2047 2492 2104 habitudinem
2527 2049 2632 2104 sibi
2665 2047 2909 2106 vindicat
2934 2087 2949 2113 ,
2985 2047 3079 2104 sed
3111 2047 3230 2103 sine
3264 2046 3365 2100 ba-

1784 2140 2030 2196 bitudiue
2077 2156 2175 2196 seu
2215 2140 2480 2210 qualitate
2530 2141 2714 2206 habet,
2766 2155 2868 2196 nec
2899 2141 3026 2210 jure
3061 2137 3360 2210 participii;

1785 2247 1886 2288 nos
1910 2239 2124 2295 contra,
2151 2233 2307 2301 juxta
2336 2232 2710 2288 habitudinem
2737 2271 2752 2295 ,
2787 2232 3056 2302 siquidem
3086 2229 3365 2286 vertibiles

1784 2338 1997 2390 sumus,
2026 2325 2118 2380 ille
2147 2324 2292 2392 nulli
2341 2324 2616 2379 obnoxius
2649 2323 2866 2379 vicariae
2907 2321 3218 2377 mutationi.
3253 2319 3364 2373 lni-

1783 2416 2082 2472 mitabilem
2123 2416 2368 2472 insinuat
2397 2416 2493 2472 Dei
2519 2416 2904 2480 imitationem,
2936 2422 3180 2471 nostram
3213 2414 3364 2483 ipso-

1781 2523 1905 2562 rum
1934 2522 2056 2563 esse
2091 2507 2511 2573 deiﬁcationem,
2537 2514 2813 2578 quatenus
2849 2521 2970 2562 eam
3014 2504 3234 2574 assequi
3264 2503 3366 2557 da-

1785 2610 1894 2664 tur,
1930 2599 2374 2671 quandoquidem
2419 2599 2565 2655 enim
2607 2614 2719 2654 non
2765 2599 2902 2654 bene
2931 2597 3006 2652 dii
3035 2596 3362 2659 efﬁciamur,

1784 2694 1896 2749 nisi
1938 2709 2141 2749 numen
2170 2693 2420 2748 divinum
2464 2692 2750 2757 imitando,
2786 2693 2908 2748 ideo
2943 2691 3103 2763 247
3133 2688 3368 2746 imitatio

1785 2785 2009 2840 dicitur.
2048 2784 2185 2840 Cum
2222 2795 2402 2840 autem
2427 2783 2495 2839 ad
2531 2784 2854 2856 primarium
2892 2784 3027 2839 illud
3058 2779 3367 2837 divinitatis

1785 2877 2064 2946 exemplar
2082 2891 2151 2931 ne
2174 2875 2283 2930 ulla
2309 2875 2529 2946 quidem
2559 2891 2624 2931 ex
2654 2883 2807 2946 parte
2835 2875 3217 2946 pertingimus,
3239 2873 3368 2942 jure

1786 2967 1946 3023 nobis
1974 2967 2318 3024 inimitabilis
2360 2967 2648 3024 astruitur.
2690 2966 2825 3037 Ipsa:
2864 2967 3029 3038 igitur
3066 2981 3156 3022 res
3186 2965 3366 3021 deitas

125 3066 170 3113 et
210 3059 415 3116 bonitas
445 3057 726 3130 (nostrai)
779 3063 908 3114 sunt
963 3056 1197 3113 imitatio
1249 3065 1304 3114 et
1345 3057 1568 3116 habitus
1615 3075 1713 3116 seu
1771 3062 1984 3133 gratiae,
2041 3062 2191 3117 circa
2243 3076 2384 3131 quos
2435 3061 2568 3115 talia
2616 3060 3078 3132 conspiciuntur;
3130 3058 3365 3129 partici-

125 3161 290 3222 pantes
315 3169 446 3210 vero
473 3161 530 3210 et
554 3153 835 3209 imitantes
861 3152 1059 3224 angeli,
1081 3160 1138 3208 et
1160 3152 1198 3206 ii
1223 3153 1504 3208 hominum
1540 3154 1689 3210 circa
1725 3171 1864 3226 quos
1916 3156 2048 3210 talia
2107 3154 2568 3226 conspiciuntur;
2613 3153 2798 3210 divina
2841 3167 2969 3208 vero
3030 3159 3230 3208 natura
3271 3159 3360 3208 est

126 3245 436 3304 inimitabilis
465 3256 522 3302 et
564 3247 842 3304 habilibus
887 3262 1107 3304 carens.
1139 3246 1278 3303 Nam
1314 3257 1522 3320 quanto
1555 3250 1681 3321 quis
1726 3250 1797 3306 ad
1851 3251 2290 3322 qualemcunque
2339 3249 2726 3314 imitationem,
2773 3257 2936 3318 atque
2975 3246 3041 3302 ad
3091 3244 3362 3317 (efﬁctam

125 3337 236 3412 Dei)
282 3341 605 3411 qualitatem
667 3342 1047 3410 promoverit:
1099 3347 1256 3396 tanto
1302 3341 1569 3412 intelliget
1623 3342 1672 3398 is
1701 3342 1886 3400 verius
1937 3343 2091 3398 nulla
2133 3343 2221 3400 vel
2259 3342 2564 3398 imitatione
2592 3341 2677 3396 vel
2712 3339 3066 3404 habitudine,
3109 3338 3355 3395 numinis

123 3434 438 3504 majestatem
467 3433 664 3504 attingi
716 3447 898 3504 posse.
929 3431 1087 3489 Unde
1123 3433 1203 3499 ﬁt,
1255 3440 1316 3489 ut
1355 3434 1726 3491 omnimodam
1783 3436 2144 3491 imitationem
2199 3444 2364 3505 atque
2410 3433 2901 3505 apprehensionem
2970 3445 3173 3486 numen
3231 3429 3366 3484 illud

122 3519 259 3601 longe
302 3534 635 3599 exsuperet,
680 3541 782 3582 sua
838 3528 1100 3584 nimirum
1146 3528 1351 3586 deitate
1416 3531 1580 3586 simul
1634 3537 1689 3585 et
1718 3530 1966 3586 bonitate
2011 3550 2024 3585 :
2061 3529 2172 3583 imo
2223 3542 2415 3584 omnes
2445 3527 2692 3582 omnium
2739 3525 3074 3582 imitantium
3133 3520 3366 3596 partici-

123 3625 452 3697 pantiumqne
474 3628 624 3683 vires
652 3629 711 3684 in
759 3629 1089 3684 immensum
1127 3630 1505 3698 transcendit;
1558 3643 1749 3684 eorum
1784 3628 2072 3693 videlicet,
2127 3626 2223 3699 qui
2266 3626 2506 3700 gratuito
2549 3624 2647 3681 Dei
2691 3637 2918 3681 munere
2961 3622 3071 3688 dii,
3126 3622 3368 3694 bonique

123 3717 461 3788 appellantur.
483 3719 620 3776 lure
657 3722 826 3794 igitur
866 3737 1035 3794 supra
1061 3722 1282 3779 deitatis
1334 3729 1392 3778 et
1421 3723 1684 3778 bonitatis
1726 3722 2059 3793 principium
2091 3729 2196 3778 est.

461 3835 578 3889 ΕΙΣ
615 3837 758 3890 ΤΗΝ
798 3837 1194 3892 ΕΠΙΣΤΟΛΗΝ
1234 3837 1308 3890 Γ’.

180 3947 280 4020 Τὴν
331 3947 427 4003 τοῦ
484 3950 766 4021 προφήτου
816 3951 1096 4022 Μαλαχίου
1142 3950 1298 4022 ῥῆσιν
1356 3950 1414 4004 ὲν
1474 3948 1684 4012 τούτοις

125 4035 349 4106 βούλεται
375 4041 611 4108 διδάξαι,
643 4042 921 4112 λέγοντος·
955 4043 1278 4114 Ἐξαίερνης
1303 4043 1436 4112 ἣξει
1463 4046 1551 4112 είς
1580 4043 1685 4098 τὸν

124 4133 310 4201 καιρὸν
355 4133 546 4189 αὑτοῦ
586 4136 825 4204 Κύριος,
868 4135 942 4192 ὃν
987 4136 1158 4206 ὑμεῖς
1208 4133 1458 4204 ζητεῖτε’
1508 4135 1607 4190 καὶ
1650 4137 1684 4190 d

123 4221 356 4295 ἀπελος
414 4226 528 4294 τῆς
595 4226 886 4297 διαθήκης
910 4267 928 4294 ,
988 4227 1060 4283 ὃν
1113 4226 1285 4298 ὑμεῖς
1331 4225 1680 4282 ἐπιποθεῖτε.

125 4309 273 4387 οἶμαι
301 4319 359 4372 δὲ
387 4317 450 4372 τὸ
483 4319 648 4390 ῥητὸν
675 4320 832 4374 τοῦτο
868 4320 1020 4394 παρά
1060 4321 1208 4392 Γαΐῳ
1250 4319 1579 4393 ἐρωτᾶσθαι,
1623 4318 1685 4373 τὸ

123 4409 238 4475 γοῦν
260 4412 389 4482 παρ’
426 4412 620 4470 ἐλπίδα
638 4453 654 4478 ,
688 4413 782 4467 καὶ
820 4412 914 4468 τοῦ
945 4413 1083 4477 τέως
1111 4412 1350 4482 ἀφανοῦς
1385 4413 1465 4476 είς
1491 4410 1554 4465 τὸ
1583 4411 1685 4482 ὲμο

124 4503 270 4570 φανὲς
299 4503 642 4575 ἐξαγόμενον,
671 4505 960 4576 ἐξαίφνης
979 4507 1145 4572 ἐστὶν,
1164 4507 1239 4570 ὡς
1258 4505 1338 4569 τὸ,
1369 4503 1685 4573 Ἐξιιιφνης

124 4593 354 4665 γέγονεν
381 4599 420 4666 ἠ
445 4598 742 4665 ἀστραπή.
765 4600 962 4657 Λοιπὸν
987 4601 1080 4656 καὶ
1102 4600 1193 4652 ἐπὶ
1215 4599 1315 4670 τῆς
1339 4595 1686 4668 ἐνανθρωπή-

122 4699 252 4751 σεως
279 4687 372 4741 τοῦ
397 4687 535 4741 Θεοῦ
559 4688 754 4757 Λόγου,
779 4691 845 4763 ἢν
871 4692 937 4764 δὴ
965 4693 1058 4748 καὶ
1077 4689 1486 4763 φιλανθρωπίαν
1509 4689 1682 4754 καλεῖ,

122 4777 268 4832 τοῦτο
284 4781 434 4852 δηλοί
457 4780 522 4834 τὸ
549 4780 857 4851 ἐξαίφνης.
889 4784 953 4837 Τί
974 4785 1082 4857 γὰρ
1113 4783 1479 4854 ἀφανέστερον
1511 4779 1682 4846 Θεοῦ;

122 4869 176 4926 τὸ
200 4873 326 4942 γοῦν
369 4874 442 4928 ἐκ
470 4872 576 4927 τοῦ
606 4875 858 4942 κρυφίου
883 4877 982 4947 τῆς
1016 4876 1266 4949 θεότητος
1325 4892 1340 4906 ο
1370 4874 1434 4928 τὸ
1460 4872 1688 4946 κρύφιος

123 4963 222 5036 7&9
267 4964 529 5029 πολλάκις
571 4965 693 5019 ἀντὶ
723 4965 816 5019 τοῦ
854 4967 984 5032 Θεὸς
1034 4969 1223 5040 εέληφε
1250 4985 1264 4999 ο
1317 4967 1686 5039 κρυφιότητα,

121 5056 212 5128 τὴν
254 5057 513 5130 θεότητα’
567 5057 798 5129 κρύφιος
829 5059 955 5127 γοῦν
1009 5061 1104 5116 καὶ
1147 5058 1378 5115 ἐνταῦθα
1425 5059 1546 5114 ἀντὶ
1591 5056 1687 5111 τοῦ

2265 3832 2329 3887 IN
2369 3829 2760 3887 EPISTOLAM
2799 3828 2888 3882 Ill.

1857 3948 2036 4004 Dictio
2083 3955 2325 4014 repente,
2355 3945 2487 4014 quid
2541 3945 2595 3996 in
2640 3943 2728 3997 his
2767 3941 3046 3996 Malachiaa
3089 3938 3367 4010 praphetae

1783 4043 1966 4100 verbis
2011 4038 2304 4110 signiﬁcet,
2337 4037 2534 4091 docere
2564 4036 2679 4088 vult
2716 4033 2916 4087 Pater:
2950 4031 3172 4101 Repente
3201 4031 3370 4084 veniet

1784 4135 1854 4190 ad
1899 4132 2148 4203 templum
2191 4145 2347 4185 suum
2386 4127 2666 4189 Dominus,
2692 4141 2842 4196 quem
2883 4140 2972 4178 vos
3008 4122 3284 4194 quwritis:
3317 4131 3369 4175 et

1785 4227 2002 4297 angelus
2039 4222 2359 4285 testamenti,
2401 4236 2551 4290 quem
2580 4235 2666 4272 vos
2691 4217 3004 4272 desideratis
3022 4226 3070 4272 ιι.
3104 4214 3366 4286 Equidem

1783 4320 2024 4376 arbitror
2053 4315 2378 4372 sententiam
2410 4312 2552 4366 hanc
2591 4309 2658 4364 ab
2687 4309 2807 4380 ipso
2837 4308 2970 4364 Caio
3011 4304 3065 4362 in
3105 4306 3368 4378 quaestio-

1785 4427 1908 4467 nem
1935 4409 2170 4481 primum
2202 4405 2463 4477 positam.
2509 4401 2796 4472 Ἐξαίφνης
2824 4400 2990 4471 igitur
3011 4414 3126 4454 rem
3161 4398 3369 4454 indicat

1783 4504 2063 4573 inSperato
2093 4498 2440 4560 emicantem,
2475 4503 2529 4549 et
2573 4493 2730 4564 quasi
2761 4507 2792 4548 e
2843 4490 3064 4548 latebris
3104 4489 3158 4544 in
3210 4503 3374 4560 aper-

1783 4604 1898 4651 tam
1937 4594 2113 4649 lucem
2143 4605 2268 4646 sese
2313 4589 2538 4659 inopine
2581 4591 2916 4657 repenteque
2957 4581 3367 4654 proferentem:

1785 4696 1846 4744 ut
1876 4685 2008 4743 illud
2041 4693 2146 4750 est,
2175 4684 2434 4758 ἐξαίφνης
2466 4681 2734 4752 γέγονενή
2755 4678 3029 4750 ἀστραπή,
3059 4675 3115 4732 id
3144 4683 3250 4742 est,
3284 4691 3380 4730 re-.

1785 4790 1948 4852 pente
2003 4779 2148 4834 facta
2179 4784 2263 4832 est
2320 4773 2653 4831 coruscatio.
2713 4769 2960 4840 Denique
3006 4769 3076 4825 de
3129 4768 3370 4823 humana

1787 4889 1954 4929 carne
2002 4888 2034 4926 a
2074 4870 2186 4926 Deo
2215 4869 2395 4926 Verbo
2434 4873 2747 4936 assumpta,
2794 4877 2959 4934 quam
3008 4869 3169 4917 vocat
3211 4859 3372 4915 Pater

1789 4963 2229 5039 φιλανθρωπίαν,
2256 4961 2362 5015 hoc
2391 4961 2690 5015 etiamnum
2723 4955 2932 5012 dictum
2959 4967 3083 5010 esse
3126 4951 3369 5007 declarat

1789 5057 1976 5123 dictio,
2008 5055 2287 5125 ἐξαίφνης.
2332 5050 2468 5106 Nam
2518 5049 2683 5121 quid,
2731 5062 2956 5120 quaeso,
3004 5059 3235 5116 usquam
3286 5051 3372 5099 est

123 5147 274 5215 Θεὸς,
316 5153 392 5215 ὡς
430 5151 661 5224 ἀόρατος
681 5192 696 5217 ,
746 5149 956 5222 εἴρηται
993 5153 1126 5224 (24).
1169 5153 1242 5206 Τὸ
1269 5153 1402 5223 γοῦν
1453 5152 1547 5206 ἐπὶ
1593 5149 1683 5205 τοῦ

1790 5147 1902 5206 Deo
1932 5147 2243 5204 occultius?
2281 5142 2420 5198 illud
2471 5145 2638 5213 igltur
2666 5141 2732 5194 ὲκ
2773 5139 2870 5194 τοῦ
2900 5137 3152 5210 κρυφίου,
3191 5133 3247 5224 id
3284 5139 3372 5191 est

124 5243 340 5312 κρυφίου
384 5223 512 5315 τῆς
538 5242 792 5313 θεότητος
833 5243 925 5296 τὸν
974 5243 1294 5315 ὑπερούσιον
1339 5245 1420 5308 εἰς
1460 5244 1522 5296 τὸ
1563 5242 1683 5297 καθ’

1787 5259 1856 5299 ex
1887 5241 2103 5298 occulto
2130 5279 2146 5303 ,
2177 5234 2484 5293 divinitatis
2528 5232 2738 5288 indicat
2790 5244 3069 5285 arcanum.
3118 5223 3368 5297 Κρύφιος

122 5335 260 5404 ἡμᾶς
309 5335 644 5392 ούσιωθέντα
675 5335 934 5406 φανῆναιο
970 5335 1125 5389 τοῦτό
1151 5338 1267 5390 ἐστι
1313 5337 1375 5390 τὸ
1408 5336 1684 5405 ἐξαίφνης.

125 5425 184 5479 Τί
218 5427 290 5492 δὲ,
321 5428 410 5482 διὰ
448 5428 645 5492 τοῦτο,
692 5426 772 5480 διὸ
801 5428 895 5480 καὶ
937 5426 1315 5500 ὲξεφάνη,ἧδη
1355 5429 1417 5482 τὸ
1464 5426 1692 5497 κρύφιον

123 5517 446 5586 anesum;
490 5517 776 5589 ούδαμῶςο
807 5517 942 5573 ἀλλὰ
975 5519 1070 5572 καὶ
1111 5519 1248 5590 μετά
1280 5519 1378 5590 τὴν
1419 5517 1692 5590 σάρκωσιν

124 5610 338 5680 κρύφιός
374 5615 556 5666 ἐστιν’
596 5613 625 5664 ὁ
653 5611 762 5681 7&9
799 5609 1006 5682 Ἰησοῦς
1037 5612 1266 5681 Χριστὸς
1305 5611 1437 5676 Θεὸς
1467 5610 1691 5672 τέλειος,

124 5703 213 5754 καὶ
237 5705 522 5776 ἄνθρωπος
563 5701 787 5764 τέλειος.
821 5702 929 5756 Καὶ
969 5705 1070 5774 ὅρα
1101 5702 1241 5757 κατὰ
1281 5701 1688 5774 Νεστοριανῶν’

133 5794 315 5864 μᾶλλον
334 5798 410 5863 δὲ,
434 5799 524 5850 ἵνα
552 5794 614 5847 τὸ
653 5793 920 5868 θειότερον
961 5795 1132 5851 εἷπωο
1162 5795 1318 5851 τοῦτο
1347 5795 1456 5868 γάρ
1489 5782 1694 5850 ὲστίτὸ

197 5947 219 6011 9
247 5938 366 6012 Mal.
401 5954 486 6008 ιιι,

1791 5336 1958 5398 enim,
1983 5330 2238 5394 occultus,
2263 5328 2585 5399 plerumque
2608 5324 2844 5382 sumitur
2861 5320 3012 5377 Patri
3028 5333 3128 5390 pro
3147 5318 3369 5374 nomine

1795 5424 1926 5486 Θεός
1949 5462 1966 5488 ,
2014 5420 2071 5477 id
2107 5427 2192 5476 est
2224 5418 2387 5488 Deus,
2415 5426 2470 5475 et
2511 5434 2609 5490 per
2660 5415 2998 5488 κρυφιότητα
3024 5409 3368 5466 divinitatem

1793 5516 1968 5588 ipsam
1999 5515 2137 5570 solet
2164 5513 2492 5585 exprimere.
2519 5511 2708 5582 itaque
2733 5507 2960 5582 κρύφιος
2995 5519 3094 5576 pro
3133 5503 3245 5560 Deo
3278 5504 3370 5563 hic

1792 5607 2053 5680 ponitur:
2093 5604 2550 5677 quemadmodum
2569 5602 2818 5674 ἀόρατος,
2850 5589 3150 5662 invisibilis,
3183 5594 3371 5652 dictus

1794 5709 1899 5756 est.
1947 5697 2053 5755 Sed
2097 5706 2152 5754 et
2198 5696 2365 5761 illud,
2406 5711 2473 5751 ex
2507 5693 2725 5749 occulto
2767 5687 2974 5744 scilicet
3021 5685 3364 5752 divinitatis,

1796 5791 1943 5865 quod
1988 5786 2534 5860 srp:rsubstantialis
2584 5785 2676 5841 ille
2713 5781 2859 5838 Deus
2901 5780 3262 5853 conspicuum
3304 5792 3367 5842 se
