3882 6536
549 459 656 517 445
1284 460 1625 518 APPENDIX
1664 461 1756 518 AD
1796 462 2020 519 OPERA
2059 462 2091 517 ε

2198 460 2453 518 lONYSIl
2485 459 2968 517 ΑΒΕΟΡΑΟΙΤᾸΞ.
3678 455 3784 516 αι

545 572 854 628 exhibuerit
877 573 1058 630 trabea
1082 579 1281 628 nostras
1303 577 1487 633 carnis
1518 577 1749 632 amictus
1778 577 1914 632 :hoc
1937 578 2091 648 ipsun

2218 573 2679 648 θαυμασιώτερον,
2729 576 2809 629 ὅτι
2863 574 2920 628 ὲν
2968 572 3108 644 αὐτῇ
3152 572 3531 644 τῇὲκφάνσει,
3587 575 3685 627 καὶ
3727 578 3784 631 ὲν

549 665 754 719 indicat
788 665 1065 736 ἐξαίφνης,
1090 665 1142 719 id
1180 673 1265 720 est
1295 669 1522 736 inopine,
1564 661 1857 737 improvise,
1890 679 2091 738 repente

2221 667 2369 739 αὐτῷ
2404 667 2483 738 τῷ
2505 667 2804 736 φαίνεσθαι,
2844 667 2905 719 τὸ
2937 665 3162 736 κρύφιον
3199 665 3340 735 ἔχει’
3369 667 3398 718 6
3433 664 3544 736 γὰρ
3581 667 3782 738 Κύριος

547 752 690 818 Ouid
720 756 970 810 tandem?
1023 755 1210 812 Hacne
1239 759 1413 829 gratia
1441 767 1534 814 aut
1579 759 1700 815 ideo
1727 760 2091 830 augustissim:

2212 759 2367 831 ἡμῶν
2406 757 2612 829 Ἰησοῦς
2664 757 2895 828 Χριστὸς
2941 758 3034 810 καὶ
3075 759 3135 810 ὲν·
3186 758 3321 828 αύτῇ
3362 760 3427 828 τῇ
3468 757 3592 811 καθ’
3639 759 3781 828 ἡμᾶς

543 844 641 898 Dei
693 847 951 916 majestas
1002 849 1155 918 prius
1192 849 1250 903 in
1301 851 1669 906 secretissimo
1705 866 1925 906 secessu
1978 851 2091 905 deli

2211 851 2469 919 ὲκφάνσει
2499 849 2771 918 ἄγνωστον
2804 849 2989 918 ἕχειτὸ
3010 849 3108 918 τῆς
3129 850 3434 920 οἰκονομίας
3463 852 3774 920 μυστήριον·

541 943 779 1002 tescens,
814 948 1036 1008 repente
1062 941 1322 996 inclaruit
1361 943 1501 1008 orbi,
1539 957 1708 1012 seque
1729 943 1812 996 vel
1843 942 2004 1012 vulgo
2029 941 2091 996 vi

2210 944 2294 1006 τίς
2317 943 2425 1015 γὰρ
2452 944 2638 1014 ὲνόησε
2676 942 2792 1004 πῶς
2828 942 2960 1004 Θεὸς
2995 942 3360 1013 συνανεκράθη
3400 942 3594 1015 capiti;
3623 942 3778 996 Ὅθεν

540 1030 764 1086 sendam
797 1030 1034 1101 dejecit?
1061 1032 1222 1088 Nullo
1262 1035 1445 1090 modo.
1478 1033 1621 1100 Quin
1651 1041 1774 1104 post
1803 1035 2091 1104 susceptio-

2212 1035 2306 1088 καὶ
2334 1035 2622 1105 λεγόμενον
2663 1033 2898 1104 ἇρρητον
2930 1034 3109 1104 μένει,
3155 1035 3246 1086 καὶ
3285 1033 3570 1104 νοούμενον
3604 1035 3777 1104 ἄγνω-

538 1137 660 1176 nem
701 1123 886 1179 carnis
934 1132 1246 1194 perseverat
1291 1127 1588 1181 etiamnum
1621 1126 1888 1180 occultus.
1923 1125 2110 1196 Siqui-
2215 1143 2357 1181 στον.

535 1214 660 1270 dem
695 1213 856 1271 Iesus
884 1216 1138 1273 Christus
1171 1217 1446 1287 perfectus
1489 1217 1652 1284 Deus,
1684 1215 1960 1286 perfectus
1989 1217 2131 1272 idem
2182 1218 2348 1290 248
2374 1225 2428 1273 et
2470 1218 2632 1272 homo
2681 1223 2783 1272 est.
2830 1215 2957 1270 Mihi
2988 1217 3142 1281 vide,
3191 1226 3251 1271 ut
3297 1217 3562 1275 adversus
3591 1218 3774 1276 Nesto-

535 1306 723 1361 rianos
758 1306 873 1376 jam
926 1315 1040 1362 tum
1095 1309 1572 1378 congrediebatur.
1626 1309 1799 1378 Magis
1842 1324 2005 1374 vero,
2049 1316 2110 1362 ut
2167 1310 2424 1380 quiddam
2473 1309 2715 1364 divinius
2745 1310 3128 1378 pronuntiem;
3183 1310 3286 1364 hoc
3341 1311 3486 1365 enim
3536 1313 3772 1367 admira-

535 1398 701 1454 bilius
756 1405 862 1461 est,
906 1400 1048 1469 quod
1099 1401 1155 1454 in
1188 1401 1288 1454 hac
1332 1415 1430 1454 sua
1482 1416 1742 1472 perquam
1784 1402 1986 1457 illustri
2021 1401 2480 1465 manifestatione,
2526 1403 2584 1456 in
2629 1417 2694 1456 eo
2729 1402 2849 1471 ipso
2880 1401 3024 1471 quod
3067 1402 3341 1472 apparuit,
3379 1417 3646 1458 arcanum
3687 1420 3776 1460 re-

534 1488 701 1543 tinet.
728 1487 995 1545 Dominus
1031 1492 1178 1546 enim
1217 1499 1404 1546 noster
1454 1492 1615 1547 Jesus
1658 1493 1914 1547 Christus
1970 1493 2027 1546 in
2062 1493 2179 1563 ipsa
2211 1505 2502 1563 assumpta:
2539 1493 2724 1548 carnis
2776 1499 2978 1547 nostrae
3027 1495 3390 1559 revelatione,
3441 1495 3775 1568 incognitum

533 1589 719 1635 servat
759 1589 1162 1636 sacramentum
1205 1582 1616 1652 dispensatoris:
1653 1584 1813 1639 istius
1847 1584 2264 1639 incarnationis.
2301 1584 2437 1650 Quis
2483 1583 2629 1638 enim
2655 1582 2920 1636 intellexit
2966 1583 3232 1648 omnium,
3295 1600 3404 1655 quo
3442 1596 3605 1657 pacto
3656 1602 3775 1643 sese

535 1669 680 1725 Deus
735 1672 1110 1742 attemperarit
1153 1674 1348 1730 carni?
1424 1675 1568 1731 unde
1611 1675 1672 1730 ﬁt
1730 1683 1792 1730 ut
1847 1675 1954 1731 hoc
1995 1673 2128 1730 dum
2185 1675 2388 1730 dicitur
2430 1713 2447 1742 ,
2522 1672 2796 1728 ineﬁ‘abile
2842 1693 2854 1728 :
2896 1672 3026 1728 dum
3065 1676 3413 1749 intelligitur,
3457 1687 3647 1736 manet
3687 1681 3770 1736 in-

531 1763 834 1835 cognitum.

1001 1857 1070 1912 IN
1111 1854 1499 1912 EPISTOLAM
1536 1855 1626 1914 IV.

603 1954 738 2009 Aliis
758 1955 962 2025 aliquot
985 1954 1120 2008 locis
1149 1953 1438 2007 antevertit
1464 1961 1690 2008 sanctus
1713 1951 1880 2008 dehis
1896 1951 2096 2007 dicere.

528 2045 664 2100 Nam
711 2047 872 2117 paulo
903 2054 1028 2101 ante
1060 2047 1114 2100 in
1140 2061 1304 2116 opere
1331 2045 1642 2099 Divinarum
1669 2046 1938 2098 nominum
1965 2044 2102 2098 dixit

529 2137 730 2201 fusius,
768 2137 911 2207 quod
944 2138 1011 2191 ab
1037 2139 1184 2192 omni
1215 2153 1274 2193 re
1306 2137 1450 2193 Deus
1480 2138 1946 2193 nomenclaturam
1981 2152 2102 2193 sor-

527 2229 719 2292 tiatur,
739 2229 1106 2298 omnibusque
1125 2229 1286 2282 adsit.
1303 2226 1439 2282 lllud
1461 2229 1700 2298 quidem,
1724 2229 1882 2299 quasi
1911 2235 2102 2284 auctor

527 2334 557 2372 a
596 2319 760 2374 rebus
795 2321 1066 2386 causalis;
1115 2320 1220 2374 hoc
1256 2331 1439 2379 autem
1486 2335 1583 2390 per
1608 2319 1783 2389 ipsius
1828 2319 2101 2390 contingit

522 2409 920 2478 providentiam
948 2450 964 2476 ,
1023 2419 1085 2464 ut
1129 2411 1221 2480 qui
1269 2411 1524 2464 omnibus
1571 2409 1873 2480 provideat.
1930 2408 2099 2466 Caius

523 2501 692 2571 igitur
724 2503 780 2556 in
831 2503 1105 2572 ejusmodi
1153 2503 1453 2557 sententias
1493 2501 1834 2556 succedanea
1863 2503 2100 2558 lectione

521 2595 834 2658 devolutus,
870 2595 963 2650 ubi
995 2596 1201 2650 nomini
1252 2595 1330 2649 illi
1372 2595 1718 2660 thearchico,
1742 2594 1922 2661 Jcsus,
1964 2597 2099 2652 alte-

524 2700 647 2738 rum
694 2683 1018 2755 adjunctum
1070 2686 1318 2748 invenit.
1365 2695 1496 2756 puta
1545 2685 1858 2758 ἄνθρωπος,
1905 2685 1962 2740 id
2014 2693 2098 2740 est

521 2776 696 2841 homo,
729 2786 787 2831 ut
811 2785 918 2842 est,
952 2775 1122 2832 Filius
1147 2777 1406 2833 hominis.
1435 2776 1570 2832 Illud
1597 2779 1725 2833 item
1756 2778 2092 2848 expressius:

518 2865 662 2932 Quid
690 2882 778 2922 me
805 2869 1049 2938 quaeritis
1073 2867 1378 2923 interﬁcere
1404 2869 1674 2923 hominem
1695 2868 1789 2938 qui
1812 2868 2095 2923 veritatem

518 2957 630 3012 dixi
686 2959 875 3015 vobis?
918 2960 1010 3013 Ait
1057 2975 1188 3030 ergo
1242 2968 1434 3016 sancto
1476 2960 1617 3029 patri
1657 2959 1823 3015 Caius
1863 2958 1932 3030 (a
1961 2959 2095 3014 Caio

518 3051 665 3104 enim
711 3058 860 3106 mota
917 3055 1147 3121 quaestio
1172 3054 1327 3124 est):
1377 3052 1519 3119 Quid
1567 3052 1756 3122 utique
1802 3051 2094 3107 dicendum

519 3141 680 3196 nobis
710 3141 776 3196 de
800 3143 920 3212 ipso
943 3142 1094 3206 Jesu,
1117 3145 1213 3215 qui
1239 3145 1386 3198 omni
1411 3153 1662 3198 creatura
1697 3143 1946 3214 superior
1972 3148 2090 3210 est;

2575 1853 2686 1909 ΕΙΣ
2721 1855 2864 1909 ΤΗΝ
2902 1856 3293 1910 ΕΠΙΣΤΟΛΗΝ
3329 1862 3402 1911 Δ’.

2277 1944 2550 2014 Ἔφθασεν
2595 1948 2768 2001 εἰπεῖν
2813 1950 2841 2001 6
2887 1947 3041 2016 ἆγιος
3075 1949 3167 2002 καὶ
3205 1951 3262 2002 ὲν
3299 1950 3513 2014 ἄλλοιςο
3553 1952 3690 2014 τέως
3720 1954 3774 2008 δὲ

2203 2035 2532 2108 πλατύτερον
2559 2039 2616 2091 ὲν
2637 2037 2716 2108 τῷ
2743 2040 2880 2108 Περὶ
2917 2041 3088 2093 θείων
3121 2040 3444 2109 ὀνομάτων,
3479 2044 3563 2096 ὅτι
3594 2046 3688 2096 καὶ
3713 2046 3774 2098 ἐκ

2202 2129 2416 2182 πάντων
2446 2129 2556 2199 (25)
2587 2131 2615 2183 6
2655 2131 2786 2196 Θεὸς
2818 2133 3160 2203 ὀνομάζεται,
3205 2134 3296 2186 καὶ
3339 2136 3472 2187 πᾶσι
3511 2137 3770 2208 πάρεστι·

2199 2220 2261 2272 τὸ
2295 2221 2411 2291 μὲν,
2447 2221 2524 2285 ὡς
2547 2221 2718 2286 αἴτιος
2743 2224 2807 2276 ὲκ
2844 2223 2954 2277 τῶν
2988 2225 3275 2278 αἰτιατῶνο
3309 2226 3369 2278 τὸ
3411 2226 3467 2279 δὲ
3490 2267 3504 2290 ,
3543 2231 3612 2298 τῇ
3646 2246 3772 2300 προ-

2201 2313 2352 2383 νοίᾳ,
2407 2313 2483 2376 ὼς
2537 2315 2836 2386 προνοητὴς
2890 2317 3124 2372 πάντων.
3164 2318 3287 2380 Τοῖς
3341 2319 3606 2383 τοιούτοις
3649 2321 3771 2389 γοῦν

2199 2405 2458 2474 νοήμασιν
2494 2406 2522 2456 6
2557 2406 2714 2468 Γάϊος
2743 2408 3170 2473 κατακολουθῶν,
3203 2409 3323 2461 ἐπεὶ
3374 2409 3430 2462 ἓν
3465 2412 3770 2482 εὑρίσκεται

2198 2495 2290 2550 ἐπὶ
2323 2497 2414 2550 τοῦ
2445 2495 2752 2568 θεαρχικοῦ,
2783 2500 3019 2567 Ἰησοῦς
3050 2500 3213 2571 ὄνομα
3238 2503 3414 2554 καὶτὸ
3441 2503 3766 2571 ἄνθρωπος,

2197 2587 2274 2652 ὡς
2302 2588 2382 2652 τὸ,
2415 2590 2443 2642 6
2472 2589 2598 2652 Υἱὸς
2623 2589 2717 2643 τοῦ
2749 2590 3056 2662 ἀνθρώπου,
3076 2592 3170 2645 καὶ
3203 2593 3280 2646 ἐτι
3310 2595 3676 2663 σαφέστερον
3709 2596 3768 2649 Τί

2198 2682 2408 2753 ζητεῖτέ
2441 2699 2506 2752 με
2537 2683 2871 2747 ἀποκτεῖναι,
2903 2683 3207 2755 ἄνθρωπον,
3243 2683 3301 2747 ὃς
3328 2681 3483 2738 εἶπον
3516 2687 3647 2756 ύμῖν
3676 2687 3768 2758 τὴν

2196 2773 2480 2846 ἁλήθειανς
2520 2774 2649 2846 φησὶ
2680 2775 2857 2829 τοίνυν
2887 2777 2914 2828 6
2947 2776 3104 2839 Γάϊος
3143 2775 3279 2848 πρὸς
3312 2777 3404 2829 τὸν
3444 2778 3602 2846 ἆγιον
3643 2778 3764 2849 (ἀπ’

2195 2867 2402 2921 ἐκείνου
2431 2865 2540 2938 γὰρ
2568 2867 2600 2936 ἡ
2629 2864 2942 2938 ὲρώτησις)’
2969 2868 3034 2919 Τί
3061 2867 3282 2939 λέξομεν
3315 2870 3443 2940 περὶ
3470 2870 3567 2923 τοῦ
3600 2870 3766 2942 Ἰησοῦ

2194 2956 2288 3011 τοῦ
2335 2959 2550 3013 πάντων
2594 2958 2878 3012 ὲπὲκειναο
2922 2959 3009 3013 ὅτε
3054 2963 3174 3013 κατ’
3201 2961 3386 3014 οὐσίαν
3442 2962 3767 3034 βλεπόμενος

2194 3049 2476 3122 ἄνθρωπος
2510 3052 2862 3106 συντέτακται
2904 3052 3066 3106 πᾶσιν
3098 3052 3386 3119 ούσιωδῶς,
3435 3056 3529 3109 καὶ
3561 3057 3764 3129 ἄνθρω-

2195 3157 2296 3205 πος
2327 3141 2561 3211 λέγεται,
2603 3143 2698 3196 καὶ⁵
2750 3143 2807 3196 ὲν
2867 3144 2980 3205 τοῖς
3018 3142 3319 3214 ἀνθρώποις
3354 3145 3470 3198 ἐστὶ
3491 3146 3761 3220 ,πάντωςς

521 3233 768 3301 quicum
804 3235 1106 3290 secundum
1153 3243 1493 3306 assumptam
1535 3236 1898 3291 substantiam
1936 3234 2090 3291 visus

2195 3233 2266 3288 Οὐ
2303 3231 2377 3304 μὴ
2408 3234 2652 3304 φήσομεν
2684 3233 2778 3287 καὶ
2803 3233 3057 3298 ἐνταῦθα,
3089 3235 3170 3288 ὅτι
3200 3233 3483 3305 ἄνθρωπος
3520 3235 3760 3305 λέγεται,

522 3325 707 3389 homo,
734 3326 791 3380 in
816 3327 1066 3383 ordinem
1095 3329 1324 3383 allectus
1353 3335 1436 3383 est
1466 3328 1682 3383 caeteris
1700 3366 1716 3394 ,
1751 3329 2091 3382 communio-

2195 3324 2270 3388 ὡς
2301 3322 2471 3388 αῐτιος
2504 3324 2831 3398 ἀνθρώπων
2875 3326 3063 3397 ὥσπερ
3101 3325 3298 3396 δηλαδὴ
3337 3327 3431 3380 καὶ
3473 3328 3643 3399 ἥλιος,
3676 3330 3762 3382 καὶ

522 3433 593 3473 ne
626 3417 984 3474 substantiae:
1028 3419 1173 3475 idem
1215 3419 1484 3474 astruitur
1510 3420 1696 3486 homo,
1729 3428 1784 3476 et
1814 3421 1870 3476 in
1915 3421 2091 3476 homi-

2195 3413 2342 3481 φῶς,
2392 3414 2468 3478 ὡς
2523 3414 2690 3478 αἴτιος
2737 3416 2886 3486 ἡλίου
2939 3417 3030 3469 καὶ
3075 3417 3283 3486 φωτός;
3326 3418 3433 3471 Καὶ
3468 3419 3661 3474 πάλιν
3690 3419 3763 3475 Οὐ

521 3523 655 3562 num
683 3511 825 3564 serie
850 3519 1171 3566 numeratur
1199 3519 1258 3566 ut
1283 3528 1411 3568 vere
1434 3513 1634 3567 homo?
1669 3511 1807 3567 Num
1836 3513 1925 3568 hic
1953 3528 2091 3584 quo-

2197 3505 2271 3576 μὴ
2323 3506 2564 3576 φήσομεν
2607 3507 2698 3558 ἐπὶ
2745 3507 2930 3560 τούτου
2959 3508 3091 3580 (‘26),
3142 3510 3222 3562 ὅτι
3271 3514 3509 3564 συνεῖναι
3557 3513 3759 3582 λέγεται

529 3615 639 3672 que
667 3600 990 3668 dixerimus,
1018 3603 1145 3672 quia
1178 3603 1340 3658 homo
1365 3603 1586 3668 dicitur,
1608 3611 1878 3674 quatenus
1900 3613 2091 3661 auctor

2195 3599 2307 3662 τοῖς
2328 3599 2656 3671 ἀνθρώποις,
2677 3601 2753 3667 ὡς
2776 3603 3079 3675 προνοητὴς
3099 3606 3322 3669 τούτων,
3339 3604 3525 3668 καθὼς
3549 3606 3640 3658 καὶ
3659 3607 3765 3665 τοῖς

519 3700 607 3749 est
628 3692 941 3759 hominum;
967 3696 1444 3766 quemadmodum,
1459 3697 1690 3765 exempli
1719 3696 1916 3767 gratia,
1940 3695 2083 3752 idem

2195 3688 2371 3754 ἄλλοις
2393 3690 2566 3746 ἅπασι
2585 3693 2818 3748 συνεῖναι
2835 3693 3050 3764 λέγεται
3069 3695 3178 3766 (27)
3195 3713 3209 3760 ;
3227 3695 3441 3748 Ἐνθὰδε
3467 3695 3593 3767 γὰρ,
3606 3696 3762 3766 ἧγουν

525 3794 754 3840 vocatur
789 3793 844 3840 et
873 3787 955 3842 sol
982 3795 1036 3842 et
1066 3789 1158 3842 lux
1177 3830 1191 3854 ,
1238 3788 1381 3858 quod
1410 3789 1579 3843 solem
1604 3789 1778 3858 ipsum
1805 3789 2089 3860 lucemque

2195 3780 2252 3834 ἐν
2272 3784 2338 3854 τῇ
2362 3784 2662 3856 οἰκονομίᾳ,
2691 3785 2849 3854 λόγον
2875 3786 3004 3840 τινὰ·
3023 3786 3150 3841 ῐδιον
3177 3786 3507 3858 ζητήσομεν,
3534 3787 3655 3839 ἐπεὶ
3675 3785 3761 3838 καὶ

520 3875 866 3932 condiderit?
895 3875 960 3931 Et
981 3893 1174 3934 rursus
1205 3877 1454 3948 nunquid
1491 3877 1558 3932 de
1588 3876 1692 3931 hoc
1736 3875 1907 3949 (Jesu)
1939 3877 2090 3933 dice—

2195 3873 2321 3945 δίχα
2357 3874 2579 3947 ταύτης,
2609 3878 2703 3931 καὶ
2733 3878 2809 3942 ὼς
2845 3879 3019 3941 αίτιος
3049 3879 3348 3950 ἀνθρώπων
3392 3878 3488 3933 καὶ
3519 3878 3758 3950 ποιητὴς,

519 3983 644 4022 mus
670 3968 816 4038 quod
848 3968 1044 4024 adesse
1085 3969 1401 4024 hominibus
1428 3968 1665 4033 dicatur,
1697 3975 1955 4039 tanquam
1985 3969 2086 4024 ho-

2195 3965 2412 4038 κληθείη
2454 3966 2521 4021 ἂν
2564 3967 2868 4041 ἄνθρωπος.
2905 3971 3074 4024 Τοῦτό
3102 3988 3264 4043 φησιν
3306 3972 3365 4026 ὲν
3409 3975 3530 4036 ταῖς
3557 3973 3761 4040 Χρονο-

517 4075 640 4115 rum
664 4061 935 4132 provisor,
962 4063 1106 4116 sicut
1133 4068 1187 4117 et
1209 4061 1334 4116 aliis
1357 4061 1612 4118 omnibus
1633 4061 1827 4118 adesse
1848 4062 2091 4118 dicitur?

519 4149 620 4205 Hic
642 4151 786 4206 enim
819 4152 1072 4208 videlicet
1112 4153 1169 4207 in
1195 4152 1605 4222 dispensatione
1639 4153 1820 4209 carnis
1847 4169 1879 4207 a
1901 4151 2087 4209 Verbo

521 4252 811 4314 susceptae,
830 4245 1099 4300 rationem
1132 4245 1369 4316 aliquam
1408 4245 1736 4316 peculiarem
1779 4228 2087 4316 quaeramus

519 4343 764 4404 oportet;
793 4351 916 4391 cum
947 4345 1144 4408 praeter
1161 4337 1624 4407 dispensationem
1649 4354 1866 4408 quoque
1889 4339 2084 4408 ipsam,

520 4428 707 4482 vocari
737 4429 913 4499 possit
948 4429 1130 4496 homo,
1167 4429 1326 4498 quasi
1356 4439 1546 4486 auctor
1577 4430 1858 4485 hominum
1887 4436 1943 4485 et
1971 4431 2088 4499 opi-

520 4515 630 4573 fex.
658 4515 959 4573 Conﬁrmat
987 4519 1089 4575 hoc
1114 4520 1170 4574 in
1206 4519 1673 4593 Chronographiis
1702 4536 1800 4577 seu
1841 4521 1899 4576 in
1930 4522 2085 4578 libris

2189 4055 2468 4124 τραφιαις
2501 4057 2614 4128 (28)
2662 4060 2756 4114 καὶ
2790 4059 3132 4132 ’Δφρικανὸς,
3164 4061 3240 4126 ὡς
3276 4062 3496 4115 παλαιοὶ
3529 4062 3754 4131 λέγουσι·

2188 4148 2401 4219 λέγεται
2423 4148 2530 4220 γὰρ
2548 4149 2850 4220 ὁμωνύμως
2871 4151 2898 4201 6
2915 4146 3046 4210 Θεὸς
3066 4148 3201 4200 πᾶσι
3223 4150 3336 4210 τοῖς
3358 4147 3417 4212 ἐξ
3445 4147 3608 4200 αὐτοῦ
3627 4147 3749 4216 (29),

2189 4240 2377 4313 ἐπειδὴ
2410 4243 2468 4294 ὲν
2494 4240 2661 4294 πᾶσίν
2688 4241 2834 4292 ἐστιν
2867 4238 3004 4309 (50)·
3032 4240 3090 4292 ἐν
3121 4239 3178 4292 δὲ
3215 4241 3280 4310 τῇ
3313 4240 3592 4310 οἰκονομίᾳ
3616 4239 3752 4291 δοκεῖ

2188 4335 2287 4404 οὐχ
2321 4333 2397 4395 ὡς
2423 4332 2591 4396 αἴτιος
2631 4329 2950 4403 ἀνθρώπων,
2992 4330 3066 4396 ὡς
3095 4329 3238 4384 κατὰ
3274 4331 3371 4402 τὴν
3414 4330 3600 4384 οὐσίαν
3631 4331 3749 4400 ὃλην

2187 4421 2486 4488 οὐσιωθεὶς,
2513 4422 2798 4493 ἄνθρωπος
2820 4421 3032 4491 λέγεται
3055 4421 3188 4493 (51).
3217 4420 3359 4493 Πρὸς
3384 4421 3558 4474 ταῦτα
3574 4420 3696 4491 γοῦν
3719 4420 3748 4473 6

2189 4514 2382 4586 Πατὴρ
2395 4513 2843 4586 ἀπολογούμενος,
2865 4514 2956 4568 καὶ
2973 4514 3112 4585 ἔχων
3134 4513 3231 4586 μὲν
3251 4514 3427 4566 εἰπεῖν
3451 4513 3578 4568 ἴδιον
3602 4513 3749 4583 λόγον

517 4607 597 4663 De
642 4617 930 4677 temporum
985 4611 1117 4665 serie
1171 4591 1500 4677 Africanus,
1530 4591 2006 4684 quemadmodum
2054 4626 2087 4666 a

2195 4608 2442 4673 ἐνταῦθα,
2462 4609 2544 4662 ὅτι
2575 4609 2650 4672 ὡς
2669 4606 2882 4679 ἀληθῶς
2909 4607 3206 4678 ςαρκωθεὶς
3224 4605 3506 4677 ἅνθρωπος
3523 4607 3745 4677 λέγεται,

517 4699 821 4770 majoribus
881 4703 1085 4758 nostris
1132 4704 1404 4773 proditum
1454 4714 1540 4761 est
1595 4705 1890 4760 memoriae.
1942 4703 2086 4759 Deus

2195 4696 2388 4768 καὶμὴ
2431 4697 2771 4770 λυμήνασθαι
2812 4695 2910 4768 τὴν
2952 4696 3204 4768 ἀλήθειαν
3227 4695 3368 4766 (52)’
3411 4697 3550 4762 τέως
3577 4698 3632 4750 δὲ
3659 4698 3744 4750 καὶ

517 4791 663 4846 enim
685 4791 874 4848 eodem
903 4795 1122 4849 nomine
1143 4811 1250 4865 quo
1281 4811 1369 4850 res
1395 4796 1462 4849 ab
1484 4796 1604 4865 ipso
1627 4795 1879 4859 conditae,
1902 4795 2087 4864 appel-

2195 4789 2344 4842 τοῦτο
2388 4790 2554 4843 θέλων
2601 4789 2741 4842 κατὰ
2774 4788 2863 4842 τὸν
2906 4789 3058 4857 λόγον
3100 4786 3205 4839 τῶν
3234 4787 3433 4859 ἐτέρων
3481 4789 3743 4861 ὀνομάτων

515 4885 700 4939 latur:
745 4887 1184 4958 quandoquidem
1234 4890 1288 4942 in
1335 4889 1566 4959 singulis
1591 4889 1849 4955 exsistat;
1879 4890 1933 4943 in
1974 4889 2086 4946 dis-

2195 4878 2572 4948 ἐξηγήσασθαι,
2604 4878 2841 4948 δἀτλονότ.
2884 4877 3020 4929 κατὰ
3073 4875 3132 4928 τὸ
3170 4874 3341 4930 αἴτιον
3375 4876 3564 4948 (τοῦτο
3589 4880 3690 4950 γὰρ
3715 4881 3742 4932 6

517 4979 841 5045 pensatione
898 4986 1078 5032 autem
1115 4978 1383 5048 assumpti
1417 4979 1653 5034 hominis
1688 4995 1796 5034 non
1827 4987 2086 5050 tanquam

2195 4971 2430 5039 σκοπὸς),
2465 4970 2655 5040 φησίν·
2700 4970 2886 5035 Ἡμεῖς
2934 4968 3045 5037 (55)
3081 4967 3137 5020 δὲ
3167 4967 3256 5020 τὸν
3293 4968 3499 5039 Ἰησοῦν
3524 4971 3619 5024 οὐκ
3649 4971 3739 5024 ἁν-

514 5073 708 5122 auctor
729 5067 1034 5133 hominum,
1067 5086 1256 5125 verum
1289 5081 1546 5139 tanquam
1583 5071 1880 5125 secundum
1915 5080 2084 5126 totam

2195 5062 2473 5134 θρωπ.>ιῷς
2500 5063 2842 5133 ἀτξυρίζεμειπ
2870 5061 3006 5114 τοῦτ’
3029 5060 3170 5112 ἔστιν
3200 5062 3260 5113 ού
3286 5061 3446 5132 μόνον
3471 5063 3740 5136 ἄνθρωπον

515 5159 878 5214 substantiam
895 5161 1060 5233 249
1084 5162 1318 5214 humana
1341 5162 1712 5218 circumdatus
1733 5179 1898 5217 carne
1919 5163 2082 5216 homo

2195 5154 2432 5223 λέγομεν.
2477 5154 2600 5216 11C;
2647 5153 2749 5224 γὰρ
2797 5151 3081 5221 λέγοιμεν,
3129 5151 3452 5224 ύπερούσιος
3503 5154 3738 5226 Ἰησοῦς;

517 5251 864 5320 praedicatur.
908 5253 988 5306 Ad
1046 5252 1162 5305 haec
1208 5251 1378 5321 igitur
1409 5249 1570 5305 Pater
1617 5252 1981 5322 respondens,
2030 5260 2085 5308 et

2195 5245 2358 5316 Εἴπερ
2383 5241 2451 5323 ἦν
2487 5246 2643 5316 μόνοιι
2679 5244 2979 5313 inﬁgam;
3009 5242 3124 5305 πῶς
3147 5243 3361 5312 ἐλέγετο
3392 5246 3736 5318 ὑπερούσιοςς

516 5357 642 5398 cum
671 5351 858 5413 posset
911 5342 1188 5413 pr0priam
1223 5341 1314 5396 hic
1365 5343 1628 5397 rationem
1667 5344 1893 5412 dixisse,
1936 5344 2084 5414 quod

2199 5335 2357 5389 ’Λὶιῖλὰ
2395 5331 2673 5406 ἄνθρωπος
2719 5336 2816 5405 μὲν
2863 5334 3075 5405 ἀληθῶς
3114 5336 3142 5388 6
3175 5334 3292 5387 λίαν
3336 5336 3735 5410 φιλάνθρωποςο

433 5463 464 5507 η
515 5441 779 5502 tanquam
804 5448 927 5488 vere
954 5432 1193 5486 humana
1221 5445 1384 5486 carne
1406 5432 1637 5487 vestitus
1663 5433 1824 5488 homo
1846 5433 2080 5498 dicatur,

2195 5425 2339 5479 ιλῦτο
2365 5426 2472 5496 γάρ
2495 5426 2610 5476 ἐστι
2647 5424 2701 5476 τὸ
2739 5423 3148 5490 διαφερόντως,
3195 5421 3436 5493 δηλονότι
3473 5427 3502 5478 6
3533 5424 3736 5478 πάντων

518 5537 698 5592 neque
728 5521 1010 5576 veritatem
1033 5518 1348 5588 corrupisse
1367 5518 1470 5589 (sic
1487 5517 1906 5589 respondendo).
1924 5517 2082 5574 Prius

519 5629 651 5669 vero
677 5614 866 5669 volens
897 5613 1060 5668 etiam
1105 5611 1210 5665 hoc
1237 5607 1492 5679 (nomen)
1532 5608 1685 5678 juxta
1716 5607 2082 5666 deﬁnitionem

519 5706 754 5760 aliorum
815 5702 1053 5776 (Christi
1103 5701 1359 5756 nimirum
1403 5699 1702 5756 secundum
1754 5715 1974 5756 causam
2031 5709 2084 5755 et

523 5796 850 5868 principia);
881 5795 986 5850 hoc
1012 5795 1158 5849 enim
1179 5793 1282 5848 sibi
1311 5791 1585 5863 proponit,
1618 5791 1692 5846 ait
1720 5811 1734 5847 :
1763 5790 1872 5847 Nos
1900 5801 2080 5846 autem

521 5890 709 5946 Jcsum
759 5887 1070 5958 neutiquam
1122 5887 1356 5942 humana
1395 5883 1635 5941 ﬁnitione
1676 5884 2084 5941 circumscribi-

2183 5425 2339 5479 τλῦτο
2365 5426 2472 5496 γάρ
2495 5426 2610 5476 ἐστι
2647 5424 2701 5476 ὠ

2183 5516 2452 5588 ἱμοιφζρων
2483 5515 2622 5568 κατὰ
2644 5515 2701 5567 ’ὠ
2742 5514 3110 5586 ιςιέἀνθρωπον
3295 5513 3608 5587 Ἀνθρωπος
3630 5515 3737 5568 τοί-

2184 5625 2278 5662 νυν
2311 5607 2521 5678 ἀληθῶς
2556 5608 2582 5658 ὁ
2623 5604 2968 5677 ύπερούυιος,
2997 5603 3324 5674 ούσιωμένος
3351 5605 3446 5659 ἐπὶ
3496 5606 3599 5660 τῶν
3643 5607 3736 5659 ἀν-

2183 5698 2436 5767 θρώπων,
2465 5695 2681 5761 οὐσίας,
2728 5697 2819 5750 καὶ
2871 5699 2989 5749 κατ’
3040 5695 3395 5767 ἀνθρώπους,
3456 5697 3548 5751 καὶ
3599 5696 3735 5767 ὑπὲρ

2182 5777 2528 5862 ἀνθρώπους
2580 5790 2700 5842 κατ’
2753 5784 3070 5858 ἀνθρώπους
3127 5787 3245 5857 μὲν,
3296 5785 3385 5839 διὰ
3443 5787 3504 5840 τὸ
3535 5787 3589 5840 ὲν
3631 5787 3734 5856 μή-

2181 5901 2285 5956 τρᾳ
2317 5880 2650 5954 χωρηθῆναι,
2696 5879 2893 5953 καὶιὲκ
2921 5878 3393 5958 τῶν-παρθενικῶν
3437 5881 3526 5934 καὶ
3565 5877 3732 5948 ἁγίων
