3882 6532
180 465 277 522 M5

920 465 1364 524 PACHYMERAS
1401 463 1887 522 PARAPHRASIS
1923 462 1990 519 lN
2025 463 2174 519 EPP.
2219 461 2275 518 S.
2313 459 2632 518 DIONYSII.

3320 461 3424 518 μϐ

183 581 418 652 αἱμάτων
443 581 712 654 συστῆναι
736 582 826 635 καὶ
846 582 1032 653 χρόνον
1055 583 1378 654 ἐννεάμηνον
1403 583 1460 635 ἐν
1485 585 1550 653 τῇ
1574 579 1745 652 κοιλίᾳ

1850 593 2012 634 mus:
2045 577 2148 632 hoc
2194 583 2298 640 est,
2349 591 2458 630 non
2493 575 2767 629 hominem
2817 572 2993 628 solum
3037 572 3421 644 praedicamus.

179 676 247 738 ὼς
272 675 435 744 ἄρτος
471 673 692 746 πλήρης
716 674 963 744 οὐράνιος
988 676 1046 726 ἐν
1079 673 1210 745 ἁγίᾳ
1230 673 1476 746 τραπέζῃ
1505 671 1750 726 διαϐιϐά-

181 783 281 830 σαι,
319 765 414 817 καὶ
451 764 546 818 διὰ
582 765 652 818 τὰ
681 765 810 819 ἄλλα
855 764 1000 836 ἆπερ
1031 765 1345 837 ᾡκονόμησε
1390 765 1510 819 κατ’
1541 762 1749 836 ἀνθρώ-

179 873 330 919 πουςο
379 857 528 929 ὑπὲρ
577 857 894 930 ἀνθρώπους
936 856 992 909 δὲ
1039 857 1126 911 διὰ
1169 858 1230 910 τὸ
1269 858 1522 929 ἀσπόρως
1559 855 1752 926 συλλη-

177 949 388 1018 φθῆναι,
426 951 525 1004 καὶ
557 952 623 1004 ἐκ
669 952 937 1024 παρθένου
968 952 1324 1024 γεννηθῆναι,
1354 951 1450 1004 καὶ
1481 949 1751 1012 ἀνωδενως

176 1041 550 1112 ἁποτεχθῆναι.
593 1041 911 1114 Ἀνθρωπος
943 1042 1232 1114 τοιγαροῦν
1259 1045 1288 1096 6
1333 1039 1712 1112 φιλάνθρωπος
1731 1055 1746 1069 ·

174 1132 277 1186 ἀλλ’
329 1133 489 1188 οὐδὲν
530 1129 692 1206 ἦττον
739 1135 830 1189 καὶ
875 1133 1234 1210 ὑπερπλήρης
1278 1134 1749 1208 ὑπερουσιότητος,

173 1224 402 1292 δηλονότι
421 1225 696 1297 θεότητος,
719 1227 861 1282 κατὰ
876 1228 938 1282 16
959 1229 1264 1302 εἰρημένονο
1297 1228 1400 1282 Ἑν
1425 1227 1472 1293 ᾧ
1496 1225 1753 1282 κατοικεῖ

172 1315 285 1369 πᾶν
313 1317 377 1369 τὸ
408 1316 704 1388 πλήρωμα
737 1319 847 1390 τῆς
877 1322 1153 1390 θεότητος
1179 1319 1541 1390 σωματικῶς.
1581 1316 1752 1372 Τοῦτο

170 1407 220 1461 δὲ
240 1402 360 1460 εἶπε
382 1409 476 1463 διὰ
503 1408 564 1464 τὸ
594 1411 930 1484 ὑπερϐάλλον
954 1415 1052 1486 τῆς
1067 1413 1252 1477 οὐσίας
1269 1413 1363 1466 καὶ
1380 1410 1628 1479 ἐξουσίας
1655 1409 1752 1464 καὶ

169 1499 463 1571 δυνάμεως,
498 1502 689 1574 ἀμέλει
713 1505 770 1557 ἐν
802 1506 868 1576 τῇ
899 1506 998 1576 τῆς
1029 1504 1280 1575 θεότητος
1306 1503 1610 1576 περιουσίᾳ,
1657 1501 1750 1556 καὶ

170 1589 376 1660 ἀληθῶς
405 1593 700 1664 γενόμενος
723 1594 1008 1666 ἄνθρωπος
1032 1595 1168 1668 (35),
1210 1593 1443 1666 οὐσιώθη
1481 1594 1598 1666 μὲν,
1633 1592 1748 1648 ἀλλ’

170 1683 304 1755 ὑπὲρ
331 1684 551 1738 οὐσίαν*
577 1687 625 1740 εἰ
644 1686 754 1758 γὰρ
775 1687 870 1741 καὶ
891 1689 954 1742 ἐκ
973 1688 1248 1757 γυναικὸς,
1273 1687 1389 1743 ἀλλ’
1424 1688 1518 1742 ἐπὶ
1543 1685 1747 1758 παρθέ-

168 1790 281 1831 νου·
311 1775 404 1828 καὶ
439 1776 584 1848 ὑπὲρ
614 1777 897 1849 ἄνθρωπον
937 1781 1154 1851 ἐνήργει
1192 1779 1262 1834 τὰ
1289 1778 1596 1851 ἀνθρώπου.
1639 1779 1749 1832 Καὶ

165 1867 337 1939 δῆλον,
386 1865 449 1933 ἐξ
489 1861 567 1922 ὧν
617 1868 710 1921 ἐπὶ
752 1868 943 1934 ὓδατος
967 1911 982 1935 ,
1025 1871 1100 1934 ὡς
1134 1868 1226 1924 ἐπί
1261 1887 1407 1934 τινος
1451 1869 1707 1940 στεγανοῦ
1730 1909 1745 1934 ,

1851 669 2067 740 Alioqui
2097 685 2203 740 qua
2252 668 2470 724 subnixi
2499 668 2710 722 ratione
2751 667 3263 736 pronuntiaremus,
3293 669 3426 737 quia-

1851 758 2396 829 supersubstantialis
2425 765 2510 814 est
2542 756 2734 812 Iesus?
2769 755 2903 810 Nam
2938 757 2984 811 si
3018 758 3180 811 homo
3209 766 3425 814 tantum

1850 856 2112 923 erat,'qul
2142 853 2250 907 dici
2302 859 2516 922 poterat
2544 865 2710 922 supra
2751 850 3112 908 substantiam
3143 852 3425 909 eminere?

1850 943 1919 998 At
1974 942 2216 1014 profecto
2267 959 2393 998 vere
2423 943 2587 996 homo
2629 948 2745 997 erat
2793 941 2884 996 ille
2933 941 3090 996 valde
3139 942 3423 996 hominum

1851 1053 2080 1094 amans:
2124 1038 2229 1093 hoc
2257 1039 2402 1093 enim
2455 1036 2766 1092 excellenter
2806 1044 2913 1099 est,
2943 1051 3139 1105 nempe
3167 1037 3424 1092 omnibus

1849 1130 2121 1186 creaturis
2175 1130 2452 1185 excellens
2522 1128 2900 1183 benevolentia
2962 1144 3088 1199 erga
3151 1129 3422 1185 homines.

1851 1224 2024 1280 Homo
2057 1224 2223 1294 igitur
2258 1239 2386 1278 vere
2422 1221 2676 1291 idemque
2726 1221 3272 1290 supersubstantialis
3325 1221 3428 1274 hu-

1850 1332 2010 1373 mana
2035 1315 2487 1371 circumamictus
2524 1315 2832 1371 substantia
2870 1321 2956 1368 est
2991 1314 3290 1368 secundum
3329 1314 3428 1368 ho-

1850 1409 2047 1470 mines,
2075 1408 2169 1462 sed
2203 1415 2257 1461 et
2305 1422 2469 1476 supra
2502 1406 2772 1461 homines.
2825 1403 3138 1460 Secundum
3180 1404 3428 1460 [nomines

1848 1497 2092 1567 quidem,
2125 1496 2272 1568 quod
2301 1496 2575 1567 angustiis
2601 1494 2834 1549 materni
2864 1495 3006 1550 uteri
3040 1502 3302 1563 exceptus
3333 1495 3424 1558 sit,

1848 1588 1992 1658 quod
2032 1586 2384 1642 concretione
2424 1586 2658 1656 virginei
2707 1600 2773 1640 ac
2817 1585 3099 1654 purissimi
3146 1586 3428 1656 sanguinis

1849 1679 2024 1749 ipsius
2061 1693 2264 1748 corpus
2311 1675 2607 1732 conﬂatum
2651 1677 3122 1746 constitutumque
3151 1677 3246 1741 sit,
3281 1683 3334 1730 et
3373 1676 3431 1729 in

1848 1771 1970 1824 alvo
2003 1770 2230 1840 perinde
2277 1786 2340 1824 ac
2374 1769 2531 1840 panis
2561 1769 2774 1839 integer
2799 1779 2854 1823 et
2883 1769 3128 1822 caelestis
3171 1768 3228 1821 in
3273 1781 3432 1822 sacra

1849 1878 2038 1918 mensa
2065 1865 2361 1932 repositus,
2391 1877 2586 1916 novem
2618 1861 2888 1916 mensium
2930 1868 3146 1928 tempus
3169 1859 3428 1930 exegerit.

167 1961 483 2033 ἐπορεύετω
514 1961 569 2015 τι
595 1961 660 2015 ἄν
684 1978 766 2024 τις
798 1961 934 2034 λέγῃ
965 1961 1034 2015 τὰ
1068 1961 1230 2016 λοιπὰ
1258 1939 1559 2033 πάμπολλα
1593 1963 1742 2026 ὅντα,

1846 1955 2077 2024 Propter
2126 1958 2424 2010 etiamnum
2470 1954 2730 2024 pleraque
2777 1953 2914 2015 alia,
2973 1967 3094 2022 quae
3145 1950 3433 2016 hominum

166 2053 229 2108 δι’
250 2047 326 2109 ὧν
353 2056 381 2107 6
403 2055 732 2126 θεοπρεπῶς
761 2054 1026 2122 ἐξετάζων
1049 2054 1188 2126 ὺπέρ
1207 2054 1332 2108 νοῦν
1360 2053 1624 2123 γνώσεται
1651 2057 1748 2109 καὶ

169 2146 235 2197 τὰ
278 2145 370 2197 ἐπὶ
410 2147 480 2217 τῇ
514 2145 798 2217 οἰκονομίᾳ
853 2143 948 2198 τοῦ
977 2144 1230 2216 Σωτῆρος
1269 2146 1745 2216 καταφασκόμενα,

165 2235 386 2308 δύναμιν
425 2236 624 2307 ἔχοντα
663 2237 997 2309 ὓπεροχικῆς
1047 2236 1404 2306 ἁποφάσεωςς
1435 2236 1500 2291 Τί
1536 2236 1594 2290 δέ
1629 2238 1748 2292 ἐστι

167 2328 487 2397 κατάφασις,
522 2327 616 2381 καὶ
647 2326 697 2380 τε
717 2327 1006 2396 ἀπόφασις,
1040 2326 1268 2397 εἴπομεν
1294 2325 1404 2380 ἄνω
1425 2327 1483 2377 ἐκ·
1511 2325 1590 2398 τῷ
1619 2329 1750 2399 περὶ

171 2413 965 2491 μνστικῆςθεολογίαςτρίτῳ
982 2416 1275 2488 κεφαλαίῳ.
1311 2415 1435 2480 Πῶς
1461 2417 1520 2470 δὲ
1560 2417 1617 2471 αι
1647 2432 1748 2469 κα-

165 2501 417 2569 ταφάσεις
456 2502 696 2557 ἐνταῦθα
736 2503 964 2575 δὼδαμιν
996 2506 1212 2576 ἔχουσιν
1245 2506 1577 2579 ὑπεροχικῆς
1606 2507 1747 2564 ἀπο-

167 2591 408 2661 φάσεωςς
452 2591 670 2656 οῦτωςτ
703 2595 765 2647 El
795 2594 901 2665 7&9
928 2597 1023 2649 καὶ
1050 2598 1474 2668 γαταφάσκομεν
1502 2597 1749 2666 λέγοντες

164 2682 439 2756 ἄνθρωπον
477 2680 645 2752 εἶναι,
677 2686 772 2740 καὶ
799 2688 863 2740 ἐκ
890 2687 1159 2759 παρθένου
1186 2689 1392 2760 μητρὸς
1420 2689 1540 2743 κατ’
1563 2689 1747 2744 οὐσίαν

162 2775 329 2846 ἡμῶν,
360 2775 504 2831 ἀλλὰ
534 2777 923 2848 κεκρυμμένην
951 2777 1064 2848 ἔχει
1095 2779 1187 2836 καὶ
1209 2779 1349 2847 ὑπὲρ
1375 2778 1498 2831 νοῦν
1531 2777 1628 2849 τὴν
1649 2778 1750 2848 τῆς

161 2867 483 2938 ἀποφάσεως
513 2868 766 2939 δύναμιν
797 2871 915 2940 ἐρεῖ
940 2869 1048 2941 γὰρ
1072 2873 1102 2925 6
1130 2871 1368 2925 ἀκούων·
1402 2871 1514 2924 Οὐκ
1544 2869 1750 2942 ἄνθρω-

163 2976 256 3025 πος
282 2961 491 3027 ἁπλῶς,
525 2961 719 3034 ἐπειδὴ
735 2964 800 3017 ἐκ
830 2963 1116 3034 παρθένου,
1143 2963 1256 3017 ἀλλ’
1279 2963 1418 3034 ὑπὲρ
1441 2961 1747 3034 ἄνθρωπον,

160 3055 205 3106 εἰ
217 3054 385 3110 καὶτὰ
398 3054 542 3108 ἄλλα
553 3054 652 3108 ἄνθ
661 3071 858 3126 ρωπος.
876 3055 1005 3109 ’Υπε
1013 3055 1235 3128 ροχικῆς
1252 3055 1307 3108 δὲ
1322 3050 1442 3108 εἷπε
1458 3054 1592 3127 πρὸς
1607 3055 1723 3109 ἀντι
1734 3084 1750 3095 ο

159 3143 428 3217 διαστολὴν
453 3144 568 3200 τῶν
607 3146 748 3211 κατὰ
788 3147 1042 3220 στέρησιν
1089 3147 1511 3218 λαμϐανομένων
1539 3145 1754 3217 ἀποφά-

161 3254 315 3292 σεωνθ
332 3241 429 3294 καὶ
442 3239 580 3312 7&9,
593 3241 682 3294 ἵνα
699 3241 1008 3308 συνελόντες
1039 3241 1299 3313 εἴπωμεν,
1319 3242 1455 3296 Οὐδὲ
1469 3242 1565 3297 ἄνθ
1571 3258 1753 3313 ρωπος

157 3325 238 3401 ἦν,
255 3333 409 3404 φησι.
441 3332 734 3403 Συντόμως
748 3333 804 3387 δὲ
825 3335 1012 3390 ἐαυτὸν
1027 3335 1337 3407 σαφηνίζων
1359 3335 1608 3408 ὁΠατὴρ,
1628 3336 1749 3387 ἐπι-

160 3424 323 3496 ,αέρειο
347 3426 464 3496 Οὐχ
479 3425 558 3488 6-;
575 3425 651 3496 μὴ
664 3425 760 3479 ἄνθ
770 3443 969 3497 ρωπος,
988 3426 1099 3483 ἀλλ’
1118 3427 1193 3490 ὼς
1215 3426 1517 3499 ἀνθρώπων
1533 3427 1749 3480 ἐπέκει-

158 3533 236 3580 να,
271 3518 367 3570 καὶ
421 3517 566 3588 ὑπὲρ
600 3517 886 3589 ἄνθρωπον
929 3518 1146 3590 ἀληθῶς
1179 3519 1465 3591 ἄνθρωπος
1490 3519 1745 3588 γεγονώς.

161 3609 466 3680 Σημείωσαι
497 3611 558 3665 δέ
573 3612 750 3664 πᾶσαν
763 3611 860 3683 τὴν
875 3613 1163 3684 ἐπιστολὴν
1178 3613 1322 3666 κατά
1336 3612 1713 3685 Νεστοριανῶν
1729 3629 1744 3645 θ

158 3703 458 3772 σημείωσαι
483 3702 541 3758 δὲ
569 3703 663 3756 καὶ
685 3704 782 3776 τὴν
805 3705 1058 3776 ὑπερφυῆ
1090 3706 1184 3758 καὶ
1210 3706 1486 3776 ἄφραστον
1509 3705 1604 3759 τοῦ
1633 3708 1747 3760 Κυ-

161 3794 266 3864 ρίου
295 3796 516 3859 ἕνωσιν,
548 3797 631 3850 ὅτι
669 3798 730 3850 οὗ
767 3798 908 3852 κατὰ
942 3799 1076 3852 Θεὸν
1111 3799 1182 3852 τὰ
1228 3798 1348 3853 θεῖα
1389 3798 1646 3870 ἔδρασεν·
1675 3795 1745 3871 ἦν

155 3881 259 3954 γὰρ
308 3884 640 3956 ἄνθρωπος’
687 3886 809 3940 οὔτε
862 3890 980 3941 κατ’
1020 3889 1306 3961 ἄνθρωπον
1349 3888 1421 3944 τὰ
1468 3889 1745 3961 ἀνθρώπι-

155 3993 217 4029 να
242 3976 385 4049 (56)’
421 3973 492 4049 ἦν
520 3978 633 4052 γὰρ
673 3979 821 4045 Θεός.
860 3980 1021 4036 Ὅθεν
1067 3981 1397 4052 θαυμαστῶς
1438 3983 1466 4034 6
1501 3981 1746 4048 θεολόγος

155 4069 450 4142 Γρηγόριός
504 4088 674 4142 φησι·
722 4073 1078 4145 Κιρναμένων
1120 4073 1308 4145 ὥσπερ
1351 4074 1460 4127 τῶν
1491 4074 1742 4144 φύσεων,

155 4160 292 4215 οὕτω
344 4161 410 4234 δὴ
459 4164 555 4216 καὶ
600 4163 710 4218 τῶν
763 4165 1009 4238 κλήσεων
1060 4166 1156 4219 καὶ
1197 4166 1618 4238 περιχωρουσῶν
1665 4168 1746 4232 εις

154 4252 388 4325 ἀλλήλας
432 4253 511 4325 τῷ
553 4253 697 4326 λόγῳ
746 4255 848 4327 τῆς
902 4257 1178 4328 συμφυΐας
1221 4255 1354 4327 (57).
1385 4255 1510 4320 Πῶς
1547 4257 1605 4311 δέ
1650 4257 1745 4312 καὶ

156 4345 294 4399 κατὰ
355 4347 491 4401 Θεὸν
548 4346 620 4401 τὰ
665 4340 799 4402 Θεοῦ
848 4349 985 4422 ἔργα
1026 4351 1320 4423 ἐποίησεν;
1367 4352 1616 4424 ἐννόησον
1662 4353 1744 4407 ὅτι

157 4440 490 4508 σωματικοῖς
529 4439 691 4493 ποσὶν
732 4439 824 4493 ἐπὶ
864 4441 1132 4514 θαλάττης
1169 4442 1419 4496 ἐϐάδισε·
1461 4441 1596 4495 Θεοῦ
1646 4442 1742 4515 μὲν

155 4529 262 4601 7&9
287 4531 350 4584 16
390 4530 731 4603 συμπιλῆσαι
772 4532 914 4604 ὕδωρ
934 4551 946 4565 ·
985 4534 1146 4589 πάλιν
1173 4534 1250 4599 δὲ,
1299 4533 1436 4606 σὰρξ
1467 4535 1559 4587 καὶ
1584 4534 1740 4599 ὀστᾶ,

1849 2062 2001 2102 more
2029 2046 2338 2101 admirabili
2367 2046 2781 2116 dispensatione
2801 2045 2992 2115 gessit.
3035 2044 3212 2099 Porro
3262 2059 3431 2114 supra

1847 2139 2098 2194 homines
2145 2137 2315 2202 dixit,
2359 2137 2503 2208 quod
2566 2138 2686 2192 sine
2737 2136 2945 2193 semine
2993 2137 3206 2207 copulae
3255 2136 3433 2191 virilia

1847 2236 2143 2298 conceptus
2174 2236 2584 2299 prognatusquc
2628 2229 2698 2284 sit
2739 2245 2807 2284 ex
2836 2230 3079 2299 virgine,
3113 2228 3259 2298 quod
3291 2228 3432 2282 citra

1847 2319 2014 2374 ullius
2045 2319 2254 2373 doloris
2295 2335 2519 2373 sensum
2557 2319 2630 2374 sit
2666 2318 2872 2376 editus.
2912 2319 3086 2373 llomo
3125 2319 3290 2389 igitur
3335 2319 3429 2374 be-

1847 2411 2049 2484 nignus
2083 2411 2174 2465 hic
2205 2418 2419 2466 amator
2443 2411 2748 2477 hominum,
2781 2419 2836 2465 et
2857 2427 2983 2465 vere
3028 2390 3213 2464 homo.
3248 2409 3437 2465 Nihilo

1848 2512 2031 2556 tamen
2059 2501 2246 2557 minus
2277 2502 2802 2572 supersubstantiali
2833 2519 2933 2559 sua
2956 2504 3260 2573 majestate,
3290 2503 3436 2559 divi-

1848 2595 2019 2648 nitate
2051 2593 2302 2648 videlicet
2338 2609 2602 2665 perquam
2635 2595 2851 2665 plenus,
2882 2605 3064 2651 manet
3087 2597 3245 2666 juxta
3276 2595 3434 2652 Pauli

1846 2687 2093 2740 dictum:
2131 2685 2197 2740 In
2226 2703 2327 2757 quo
2360 2686 2566 2741 habitat
2607 2690 2779 2742 omnis
2821 2688 3095 2757 plenitudo
3135 2689 3432 2743 divinitatis

1847 2781 2192 2848 corporaliter
2212 2788 2258 2834 ο.
2303 2777 2419 2833 Hoc
2452 2794 2588 2835 sane
2615 2779 2755 2833 dixit
2797 2791 3022 2850 propter
3057 2781 3436 2836 eminentissio

1849 2889 1994 2928 mam
2025 2875 2134 2929 vim
2160 2874 2506 2938 substantiae,
2543 2862 2850 2944 potestatis,
2880 2875 3207 2945 virtutisque
3235 2874 3435 2944 ipsius,

1849 2966 2098 3022 videlicet
2155 2967 2210 3020 in
2257 2965 2557 3022 divinitatis
2605 2967 2918 3037 opulentia,
2973 2975 3028 3022 et
3081 2982 3207 3022 vere
3253 2966 3441 3022 factus

1852 3061 2048 3126 homo,
2095 3066 2338 3116 nostram
2397 3059 2619 3130 quidem
2665 3075 2889 3114 carnem
2939 3061 3274 3130 assumpsit;
3336 3059 3435 3115 sed

1852 3169 2019 3222 supra
2063 3153 2313 3207 humanae
2359 3152 2679 3208 substantia:
2735 3152 3038 3207 modulum.
3079 3151 3305 3207 Etiamsi
3356 3167 3425 3206 ex

1855 3246 2100 3308 muliere,
2133 3260 2242 3300 non
2273 3256 2453 3300 tamen
2475 3259 2541 3301 ea
2564 3243 3068 3316 qualicunque,sed
3095 3243 3346 3314 virgine:
3379 3250 3435 3299 et

1852 3352 1972 3408 qua:
2004 3337 2241 3394 hominis
2270 3345 2428 3393 erant
2457 3337 2700 3407 propria,
2730 3350 2896 3406 supra
2936 3336 3228 3389 humanam
3264 3335 3441 3389 imbe-

1851 3429 2133 3484 cillitatem
2183 3429 2376 3500 gessit.
2404 3428 2601 3499 Liquet
2629 3445 2696 3484 ex
2724 3445 2811 3496 eo,
2843 3429 2991 3500 quod
3039 3442 3205 3498 super
3234 3440 3433 3496 aquam

1851 3521 2133 3592 ingressus
2165 3522 2260 3585 sit,
2293 3521 2452 3592 quasi
2497 3522 2641 3575 alius
2669 3520 2888 3591 quidvis
2929 3519 3165 3576 solidum
3210 3516 3431 3587 suppri-

1848 3619 2022 3668 meret
2052 3619 2106 3668 et
2130 3612 2567 3683 impenetrabile.
2603 3611 2748 3677 Quid
2789 3611 2902 3681 jam
2938 3624 3165 3666 necesse
3219 3608 3434 3675 reliqua

1849 3712 1910 3760 ut
1940 3719 2315 3773 percenseam,
2357 3713 2465 3758 tam
2498 3705 2667 3757 multa
2713 3718 2838 3757 cmn
2877 3702 3025 3756 sint?
3058 3699 3163 3755 Per
3207 3713 3350 3770 quat,
3383 3697 3432 3752 si

1847 3796 1974 3866 quis
2024 3780 2242 3850 tandem
2284 3809 2348 3850 ea
2402 3795 2700 3848 etiamnum
2756 3796 3014 3848 decenter
3058 3808 3122 3845 ac
3176 3790 3443 3860 religioseg

1845 3885 2187 3955 expenderit,
2224 3899 2346 3955 qua:
2377 3884 2444 3938 de
2481 3882 2895 3952 dispensatione
2937 3879 3246 3935 Servatoris
3286 3877 3432 3931 aﬂir—

1847 3980 2047 4034 malive
2090 3978 2516 4049 pronuntiantur
2547 3977 2809 4046 percipiet
2843 3976 2953 4030 vim
3001 3975 3056 4027 in
3090 3989 3149 4028 se
3193 3973 3436 4028 retinere

1846 4073 2058 4130 eximiae
2085 4069 2394 4142 negationis
2424 4068 2724 4124 efﬁcacem.
2756 4066 2991 4122 Proinde
3015 4065 3144 4137 quid
3176 4064 3248 4119 sit
3277 4063 3430 4118 affir-

1848 4165 2040 4230 matio,
2083 4171 2276 4218 contra
2312 4159 2444 4232 quid
2493 4160 2733 4230 negatio,
2766 4160 3022 4229 superius
3067 4157 3229 4213 nobis
3257 4156 3435 4226 expli-

1845 4265 2029 4312 catum
2064 4263 2174 4321 est,
2217 4253 2394 4324 capite
2441 4251 2606 4307 tertio
2636 4249 2878 4321 Mysticte
2921 4250 3083 4320 250
3132 4247 3422 4318 theologia.

1846 4349 1955 4406 Sed
2000 4363 2111 4421 quo
2157 4349 2374 4404 demum
2427 4356 2588 4416 pacto
2627 4344 3005 4414 intelliguntur
3035 4341 3428 4396 afﬁrmationes

1844 4441 2102 4511 pratsenti
2129 4440 2248 4493 loco
2279 4439 2387 4492 vim
2428 4437 2485 4490 in
2515 4451 2574 4491 se
2591 4435 2841 4490 obtinere
2886 4432 3204 4503 praestantis
3235 4432 3429 4502 cujus-

1844 4535 1990 4606 piam
2023 4529 2370 4604 negationis?
2427 4527 2543 4585 lloc
2571 4544 2705 4584 sane
2735 4527 2900 4584 modo
2927 4547 2940 4583 :
2972 4525 3214 4582 Tametsi
3240 4523 3432 4580 Jesum

160 4622 251 4675 καὶ
272 4623 434 4687 πόδες
456 4624 518 4677 οὐ
553 4623 821 4696 θεότητος.
843 4625 976 4679 Θεοῦ
1007 4626 1189 4691 πάλιν,
1221 4625 1488 4699 παρθένον
1517 4624 1742 4696 ποιῆσαι

1849 4625 2170 4698 proﬁtemur
2201 4627 2474 4684 hominem
2516 4640 2663 4690 esse,
2686 4623 2872 4693 idque
2898 4637 2964 4677 ex
3004 4619 3213 4691 virgine
3253 4625 3434 4674 matre

155 4713 332 4768 κύειν
365 4713 427 4768 τὸ
463 4713 519 4770 δὲ
548 4714 1033 4788 διαμεμορφῶσθαι
1071 4717 1191 4787 ὄψει
1240 4716 1333 4771 καὶ
1370 4718 1482 4782 τοῖς
1539 4715 1744 4779 λοιποῖς

163 4806 380 4876 μέλεσιν
420 4807 482 4860 οὐ
519 4807 788 4878 θεότητος,
825 4807 981 4862 Οῦτω
1013 4809 1105 4862 καὶ
1149 4809 1214 4862 ἐκ
1249 4808 1343 4863 τοῦ
1388 4807 1633 4862 ἐναντίου
1673 4807 1744 4862 τὰ

153 4899 320 4956 αὐτά·
373 4900 437 4952 οὐ
489 4900 601 4971 7&9
655 4901 776 4954 κατ’
826 4902 1111 4974 ἄνθρωπον
1164 4901 1275 4974 (58)
1323 4901 1394 4956 τὰ
1441 4901 1744 4972 ἀνθρώπων

152 4991 438 5062 ἐποίησεν·
486 4992 772 5064 ἄνθρωπος
813 4995 909 5065 μὲν
957 4994 1068 5067 γὰρ
1100 4990 1169 5067 ἦν
1197 4997 1260 5048 ἐκ
1293 4995 1394 5067 τῆς
1435 4995 1738 5067 παρθένου·

153 5083 264 5138 ἀλλ’
294 5085 357 5137 οὐ
401 5084 524 5138 κατ’
573 5084 857 5155 ἄνθρωπον
886 5085 1043 5140 τοῦτο
1064 5104 1077 5117 ⁸
1119 5090 1270 5150 ποῖος
1307 5086 1416 5159 7&9
1459 5086 1742 5158 ἄνθρωπος

153 5175 215 5230 ἐκ
241 5176 552 5248 παρθένου;
604 5177 790 5243 Πάλιν,
841 5178 902 5231 τὸ
953 5179 1080 5232 ποσὶ
1132 5178 1367 5248 βαδίζειν
1415 5178 1736 5251 ἀνθρώπου⁸

153 5268 241 5320 ἐπὶ
269 5268 326 5321 δέ
352 5267 547 5333 ὓδατος
574 5267 675 5322 οὐκ
715 5267 1031 5341 ἀνθρώπουο
1077 5273 1227 5334 ποῖος
1267 5269 1378 5340 γὰρ
1414 5268 1699 5343 ἄνθρωπος
1719 5316 1735 5342 ,

154 5360 284 5414 καθὸ
329 5359 641 5431 ἄνθρωπος,
690 5361 782 5415 καὶ
832 5362 988 5435 εἰμὴ
1037 5362 1142 5416 τινὶ
1183 5362 1300 5434 θείᾳ
1342 5363 1604 5434 δυνάμει,
1647 5362 1739 5416 ἐπὶ

155 5453 357 5506 ὑδάτων
407 5453 662 5520 ἐϐάδισε;
696 5454 802 5507 Τοῦ
847 5454 982 5508 Θεοῦ
1030 5455 1140 5527 γὰρ
1183 5454 1735 5527 ἐνανθρωπήσαντος’

155 5541 328 5610 (τοῦτο
371 5542 483 5615 γὰρ
524 5544 642 5596 ἐστι
694 5542 755 5596 16
807 5545 1212 5614 ἀνδρωθέντος
1229 5547 1270 5616 ο)
1293 5547 1432 5619 ἀνὴρ
1484 5546 1595 5619 γὰρ
1643 5545 1739 5600 καὶ

156 5632 434 5706 ἄνθρωπος
466 5634 618 5699 ἰδίως
646 5634 880 5704 λέγεται·
913 5638 942 5690 6
968 5639 1033 5691 ἐκ
1055 5638 1164 5692 τῶν
1189 5637 1282 5692 δύο
1304 5637 1520 5708 φύσεων
1549 5636 1739 5709 φανεὶς

169 5725 368 5799 Ἰησοῦς
406 5727 478 5786 τὰ
516 5728 620 5801 τῆς
667 5729 987 5804 θεανδρικῆς
1035 5731 1314 5804 ἐνεργείας
1347 5733 1479 5806 ἡμῖν
1524 5732 1736 5788 ἐπεδεί-

223 5925 494 5987 QCelines.
523 5941 592 5999 ιι,
617 5927 676 5986 9.

1849 4727 1904 4776 et
1932 4729 2135 4776 nostrae
2159 4721 2482 4776 substantiae
2510 4718 2872 4790 participem;
2900 4712 2998 4769 sed
3030 4720 3085 4768 et
3111 4711 3431 4781 adopertam

1845 4811 1901 4866 in
1923 4827 1981 4868 se
1997 4811 2267 4881 ejusmodi
2298 4810 2701 4874 allirmationis,
2717 4805 3209 4875 arcanamquevim
3228 4803 3431 4859 retinet

1844 4905 2176 4975 negationis,
2210 4919 2331 4975 quae
2379 4911 2581 4961 nostrae
2629 4901 2796 4959 etiam
2853 4899 3052 4954 mentis
3088 4894 3430 4952 transcendit

1842 4998 2036 5054 aciem.
2063 4995 2324 5067 Quisquis
2353 4997 2499 5052 enim
2533 4993 2687 5050 audit
2717 4994 2821 5047 hoc
2844 5032 2858 5057 ,
2906 5006 3032 5046 mox
3079 4986 3373 5057 respondet
3406 5001 3429 5040 ι

1841 5088 1962 5143 Νοη
2012 5091 2335 5160 simpliciter
2373 5089 2562 5154 homo,
2591 5084 3038 5158 quandoquidem
3094 5097 3159 5135 ex
3217 5077 3432 5148 virgine

1841 5189 2140 5254 prognatus
2184 5190 2290 5249 est,
2341 5181 2438 5238 sed
2488 5195 2658 5252 supra
2711 5181 2963 5234 humana:
3024 5181 3232 5229 natura:
3290 5184 3429 5225 con-

1839 5276 2100 5332 ditionem
2132 5313 2148 5340 ,
2188 5273 2404 5330 etiamsi
2444 5282 2643 5329 caetera
2685 5273 2759 5329 sit
2793 5271 2976 5325 homo.
3012 5265 3181 5320 Porro
3225 5263 3438 5334 ὑπερο-

1838 5364 1999 5435 κικῆς
2036 5363 2272 5435 adjecit,
2307 5364 2363 5419 id
2395 5373 2481 5420 est
2516 5363 2890 5434 prwcellenlis,
2919 5358 2986 5413 ad
3011 5353 3430 5411 distinctionem

1838 5471 2048 5522 08mm.
2079 5471 2200 5528 quae
2227 5457 2525 5528 privatorie
2551 5462 2866 5516 sumuntur,
2896 5447 3264 5520 negationum.
3289 5442 3423 5500 Ete-

1837 5547 1952 5602 nim
1978 5586 1995 5612 ,
2024 5556 2084 5603 ut
2137 5554 2337 5603 cuncta
2392 5546 2744 5603 absolvamus
2781 5539 3029 5596 breviore
3067 5529 3424 5603 compendio,

1835 5641 2024 5712 Neque
2062 5641 2227 5698 homo
2255 5650 2408 5708 erat,
2455 5638 2654 5710 inquit.
2701 5635 2917 5688 Rursus
2965 5625 3232 5684 concisim
3271 5624 3426 5680 velut

1838 5732 2080 5808 seipsum
2131 5732 2415 5805 explicans
2455 5729 2645 5798 Pater,
2685 5726 2800 5798 jam
2846 5719 3010 5778 dictis
3059 5716 3254 5774 addit:
3298 5713 3427 5771 Non
