3896 6538
503 440 612 499 467
1296 443 1645 500 APPENDIX
1681 443 1774 500 AD
1812 441 2040 500 OPERA
2070 440 2128 496 S.
2167 439 2467 496 DlONYbll
2505 436 3000 497 AREOPAGITIE.
3672 438 3768 496 με

505 564 667 632 quasi
721 580 830 620 non
866 565 1042 632 homo,
1078 564 1264 622 verius
1300 568 1459 636 quasi
1507 581 1854 622 communem
1910 564 2088 620 homi-

2201 563 2339 630 Ξατο.
2375 563 2689 635 Σημείωσαι
2729 561 2786 614 δὲ
2834 561 2920 615 ὅτι
2947 558 3042 614 νῦν
3081 558 3179 630 μὲν
3203 559 3232 611 6
3273 557 3427 628 ἅγιος
3448 555 3550 627 τὴν
3583 555 3768 628 μικτὴν

509 671 641 710 num
699 665 948 711 naturam
990 657 1428 724 transcenderis,
1480 666 1535 714 et
1588 673 1754 729 supra
1809 658 2086 712 hominem

2201 656 2470 729 ἐνέργειαν
2524 652 2840 726 θεανδρικὴν
2879 652 3136 708 ἐκάλεσεν
3178 650 3326 722 (59)·
3355 651 3629 721 ἐνήργησε
3672 649 3769 719 γὰρ

509 765 637 804 vere
661 749 841 804 editus
869 750 1054 805 homo.
1080 749 1269 805 Obiter
1300 750 1459 804 velim
1502 757 1658 804 notes
1691 749 1917 804 solidam
1946 748 2087 801 hanc

2201 749 2286 802 καὶ
2337 748 2413 810 ὡς
2476 747 2610 811 Θεὸς
2677 747 2856 819 μόνον,
2915 745 3004 801 ὅτε
3055 741 3212 797 ἀπὼν
3251 741 3344 796 τὸν
3400 741 3497 795 τοῦ
3561 743 3770 796 ἑκατον-

506 839 792 910 epistolam
840 840 1051 894 intendi
1106 840 1376 894 adversus
1420 838 1795 896 Nestorianos.
1857 837 2085 892 Notabis

2201 841 2390 912 τάρχου
2441 840 2613 894 ’παῖδα
2653 840 2839 894 ἰάσατο
2887 835 2998 909 (40)
3018 853 3032 867 '
3084 835 3179 891 καὶ
3237 836 3313 899 ὡς
3346 835 3637 907 ἄνθρωπος
3687 836 3773 906 μό-

505 931 730 1002 insuper
777 933 1203 988 Inenarrabilem
1256 932 1505 1002 nullique
1561 929 1937 999 explicandam
1979 928 2086 983 Do-

2201 950 2300 997 νον,
2329 935 2379 987 εἰ
2408 933 2502 987 καὶ
2536 933 2670 997 Θεὸς
2696 928 2786 1006 ἦν,
2821 935 2878 987 ἐν
2907 931 2985 1004 τῷ
3015 931 3216 987 ἐσθίειν
3251 930 3346 984 καὶ
3375 929 3686 984 λυπεῖσθαι.
3722 930 3772 984 '0

507 1027 641 1081 mini
676 1025 805 1081 Jesu
843 1027 1123 1090 unionem,
1153 1026 1283 1096 quia
1322 1041 1434 1081 non
1481 1032 1540 1080 ut
1586 1022 1730 1080 Deus
1756 1030 1969 1078 tantum
2001 1023 2089 1078 di-

2201 1023 2248 1078 δὲ
2294 1025 2468 1095 ἅγιος,
2513 1025 2615 1099 τὴν
2649 1024 2944 1099 θεαρχικὴν
2984 1022 3152 1078 εἰπὼν
3199 1023 3498 1095 ἐνέργειαν,
3544 1021 3771 1092 δηλονότι

506 1118 634 1174 vina
684 1118 944 1190 perfecit:
984 1124 1103 1174 erat
1145 1119 1293 1174 enim
1345 1119 1527 1174 homo.
1587 1115 1827 1199 Rursum
1886 1131 1995 1172 non
2029 1123 2090 1173 ut

2201 1116 2313 1171 καθ’
2343 1117 2410 1189 ἢν
2456 1119 2677 1191 ἐνήργει
2721 1118 2790 1172 τὰ
2842 1117 3094 1189 θαύματα
3124 1115 3268 1188 (41),
3313 1115 3408 1168 καὶ
3449 1112 3658 1184 τυφλοῦ
3685 1114 3770 1184 μὲν

503 1211 670 1266 homo
700 1218 913 1265 tantum
940 1211 1178 1265 humana
1209 1211 1412 1280 gessit;
1442 1209 1728 1264 eratenim
1752 1207 1910 1264 Deus.
1938 1206 2090 1263 Unde

2201 1209 2502 1283 ὀφθαλμοὺς
2547 1211 2637 1267 διὰ
2663 1212 2897 1285 κρίσεως
2943 1209 3326 1282 ἐδημιούργει,
3375 1209 3488 1280 ἁφὴ
3539 1207 3597 1263 δὲ
3644 1224 3768 1279 κρα-

503 1309 559 1358 et
593 1301 892 1374 Gregorius
923 1302 1208 1373 theologus
1245 1301 1644 1357 admirabiliter
1689 1301 1842 1365 dicit,
1875 1301 2088 1356 naturis

503 1392 672 1449 veluti
705 1392 1036 1457 commistis,
1079 1393 1160 1448 sic
1188 1392 1446 1446 nimirum
1476 1392 1934 1462 appellationibus
1967 1408 2089 1445 mu-

505 1492 602 1538 tuo
662 1499 882 1554 quoque
934 1485 1350 1540 recurrentibus
1405 1483 1620 1540 ratione
1677 1483 2088 1554 conjunctionis

504 1585 850 1633 naturarum.
875 1575 1140 1632 Caeterum
1173 1576 1446 1645 quomodo
1486 1584 1545 1631 ut
1573 1576 1716 1632 Dens
1745 1577 1937 1648 gessit,
1967 1591 2088 1646 qua:

505 1667 692 1723 divina
720 1675 879 1723 erant
914 1669 1163 1740 proprie?
1209 1666 1411 1724 Recole
1440 1669 1588 1739 quod
1623 1669 1854 1740 pedibus
1891 1685 2090 1740 corpo-

2194 1304 2390 1357 σπέδου
2413 1304 2515 1376 τὴν
2545 1303 2950 1378 αἱμοῤῥοοῦσαν
2983 1305 3120 1367 ἰᾶτο,
3149 1301 3251 1366 τὰς
3276 1302 3369 1354 ἐπὶ
3407 1298 3650 1372 Χριστοῦ
3689 1299 3773 1352 δύο

2187 1397 2466 1468 ἐνεργείας
2516 1398 2772 1469 ἐδήλωσε.
2799 1398 3100 1467 Συνάγεται
3131 1397 3239 1467 ἄρα
3279 1396 3344 1448 ἐκ
3371 1393 3576 1447 τούτων
3611 1393 3772 1447 ἀπάν-

2185 1507 2316 1552 των,
2344 1491 2425 1543 ὅτι
2454 1491 2545 1544 καὶ
2566 1491 2852 1562 ἄνθρωπος
2876 1492 3032 1562 εἴπερ
3052 1490 3262 1558 λέγοιτο
3285 1489 3360 1552 ὡς
3380 1487 3555 1550 αἴτιος
3575 1488 3672 1540 καὶ
3692 1487 3771 1539 ἀνι

2189 1580 2423 1652 θρώπων
2445 1582 2509 1654 δη
2519 1599 2642 1653 μιου
2651 1581 2797 1654 ργὺς,
2814 1580 2997 1644 καθὼς
3015 1580 3272 1652 ἐλέγομεν
3301 1579 3394 1634 καὶ
3417 1579 3510 1632 ἐπὶ
3526 1581 3642 1642 τοῖς
3665 1578 3770 1632 ἐτέ-

2190 1691 2306 1746 ροις
2323 1673 2602 1745 ὀνόμασιν,
2633 1673 2756 1726 ἐπεὶ
2777 1673 2916 1743 ὑπὲρ
2942 1672 3226 1744 ἄνθρωπον
3251 1671 3321 1726 τὰ
3348 1673 3458 1725 τῶν
3479 1669 3772 1741 ἀνθρώπων

507 1761 618 1817 reis
647 1776 814 1831 super
845 1776 998 1817 mare
1027 1762 1311 1831 ingressus
1344 1761 1436 1816 sit.
1478 1760 1684 1816 Divina:
1724 1767 1910 1817 autem
1956 1777 2088 1833 ope-

2201 1765 2428 1836 ὲνήργει,
2449 1765 2551 1820 οὐκ
2573 1763 2640 1820 ἂν
2665 1763 3053 1835 διαλυμανθείη
3082 1763 3310 1818 καθόλου
3339 1766 3373 1837 ὴ
3398 1763 3629 1836 ἀλήθεια
3647 1763 3767 1834 (ιε).

508 1855 740 1910 rationis
803 1855 1018 1926 insigne
1061 1863 1148 1910 est
1193 1855 1498 1925 astringere
1547 1854 1776 1910 ﬂuidum
1846 1871 2002 1926 aqua:
2051 1857 2415 1926 elementum;
2485 1867 2714 1924 contra,
2763 1872 2926 1925 caro,
2973 1872 3102 1913 ossa
3147 1865 3203 1913 et
3248 1857 3443 1928 pedes,
3486 1873 3602 1913 non
3657 1857 3771 1912 huic

505 1948 706 2004 divinae
734 1949 1026 2004 tribuenda
1062 1955 1294 2004 naturas.
1341 1946 1556 2003 Rursus
1584 1947 1730 2018 quod
1767 1949 1921 2018 virgo
1957 1949 2108 2004 salva
2159 1951 2475 2022 integritate
2521 1951 2798 2022 concipiat
2819 1975 2853 2014 ,-
2888 1952 3014 2019 quis
3078 1951 3183 2005 hoc
3238 1949 3451 2005 dubitet
3505 1951 3772 2006 ascribere

504 2040 704 2096 divina:
728 2040 1069 2111 operationi?
1105 2057 1135 2095 e
1165 2039 1404 2104 diverso,
1431 2039 1576 2109 quod
1608 2039 1745 2094 facie
1780 2041 2098 2113 reliquaque
2149 2044 2521 2097 membrorum
2563 2043 2850 2098 harmonia
2878 2042 3197 2097 eﬂormatus
3226 2042 3316 2106 sit,
3355 2041 3771 2112 haudquaquam

504 2135 779 2189 divinitati
812 2136 1061 2189 noscitur
1087 2141 1422 2203 competere.
1453 2132 1533 2188 Ad
1571 2133 1822 2189 eumdem
1875 2133 2121 2200 modum,
2157 2134 2348 2191 eadem
2390 2151 2559 2205 opera
2584 2176 2602 2202 ,
2661 2151 2692 2189 a
2743 2136 3060 2202 contrario;
3125 2149 3236 2189 non
3274 2135 3419 2188 enim
3471 2133 3768 2188 secundum

507 2229 761 2284 humana:
807 2237 1018 2282 natura:
1067 2228 1210 2282 vires
1265 2227 1436 2295 gessit
1483 2243 1604 2296 ηυδε
1656 2227 1896 2281 humana
1926 2235 2092 2294 sunt;
2127 2227 2292 2283 homo
2335 2230 2558 2300 quidem
2591 2235 2731 2294 erat,
2775 2227 2938 2298 idque
2989 2243 3057 2283 ex
3088 2227 3323 2298 virgine.
3353 2225 3452 2280 sed
3506 2233 3562 2280 et
3605 2221 3774 2280 neuti-

505 2338 671 2392 quam
696 2325 944 2382 humana:
975 2327 1338 2392 conditionis;
1364 2342 1490 2380 nam
1551 2341 1712 2395 quem
1743 2325 1875 2378 mihi
1931 2324 2148 2380 dederis
2181 2326 2272 2395 qui
2303 2341 2368 2382 ex
2389 2326 2603 2396 virgine
2647 2332 2950 2396 prognatus
2983 2324 3056 2379 sit
3095 2323 3296 2378 homo?
3326 2320 3569 2384 Rursus,
3632 2319 3749 2390 pedi

507 2415 611 2470 bus
667 2417 960 2480 incedere,
1022 2421 1124 2473 hoc
1184 2413 1423 2473 hominis
1478 2433 1602 2472 esse
1654 2418 1864 2488 liquet:
1925 2433 2092 2488 super
2146 2433 2343 2488 aquam
2394 2417 2646 2489 ingredi,
2700 2433 2810 2472 non
2852 2417 2967 2488 jam
3014 2415 3252 2471 hominis
3296 2423 3403 2470 est.
3463 2413 3603 2480 Quis
3633 2413 3769 2468 enim

507 2509 802 2578 aliquando
857 2512 1139 2565 hominum
1189 2518 1460 2581 quatenus
1522 2509 1724 2574 homo,
1783 2510 1890 2565 nisi
1947 2511 2092 2566 idem
2136 2511 2322 2564 divina
2379 2511 2638 2582 quapiam
2675 2509 2881 2566 virtute
2932 2508 3225 2571 subnixus,
3273 2521 3440 2577 super
3475 2519 3654 2576 aquas
3694 2505 3769 2558 in-

507 2601 660 2670 gredi
691 2604 908 2672 potuit?
960 2603 1055 2658 Dei
1110 2605 1258 2660 enim
1297 2605 1542 2674 operatio
1572 2605 1732 2669 talis,
1767 2606 1862 2660 sed
1920 2606 2013 2676 qui
2057 2607 2162 2661 sibi
2204 2607 2499 2661 humanam
2546 2605 2788 2662 induerit
2840 2611 3118 2660 naturam.
3168 2601 3285 2657 Hoc
3351 2603 3514 2673 plane
3572 2600 3771 2656 indicat

505 2691 679 2746 dictio
709 2695 1094 2765 ἀνδρωθέντος,
1130 2697 1212 2750 vir
1238 2697 1383 2749 enim
1415 2697 1576 2750 simul
1619 2703 1672 2749 et
1727 2695 1892 2750 homo
1921 2697 2138 2766 signate
2174 2695 2408 2762 dicitur;
2440 2703 2500 2750 ut
2542 2696 2638 2766 qui
2677 2711 2744 2750 ex
2795 2695 3010 2750 duabus
3045 2697 3203 2770 251
3253 2699 3465 2753 naturis
3510 2696 3770 2753 conflatus

507 2795 888 2856 apparensque
933 2785 1196 2842 Dominus
1234 2787 1416 2849 Jesus,
1461 2802 1653 2842 eorum
1681 2827 1696 2852 ,
1745 2802 1866 2857 qua:
1915 2786 2272 2850 theandricte,
2323 2786 2427 2841 hoc
2485 2793 2571 2841 est
2615 2783 2711 2840 Dei
2752 2784 2930 2843 virilis
2983 2796 3140 2842 erant
3179 2786 3539 2858 operationis,
3596 2785 3768 2840 multi-

507 2879 632 2948 plex
693 2883 973 2951 specimen
1017 2885 1175 2940 nobis
1232 2884 1485 2940 ediderit.
1517 2877 1660 2939 Nota‘
1704 2885 1960 2956 insuper,
2012 2886 2274 2956 quoniam
2333 2891 2564 2941 sanctus
2613 2882 2756 2938 hanc
2804 2881 3009 2940 Christi
3052 2879 3460 2936 miscellaneam
3506 2877 3769 2948 Operatio-

507 2985 633 3024 nem
665 2973 965 3028 vocandam
1015 2978 1232 3032 censuit
1291 2982 1612 3054 θεανδρικήν
1639 3024 1653 3047 ,
1717 2982 1824 3037 hoc
1864 2988 1950 3038 est
1996 2981 2092 3037 Dei
2135 2982 2372 3037 virilem.
2402 2980 2673 3052 Operatus
2733 2979 2879 3035 enim
2924 2985 3030 3041 est,
3079 2984 3134 3033 et
3175 2977 3336 3046 quasi
3380 2973 3526 3029 Deus
3576 2973 3764 3035 solum,

509 3064 730 3131 quando
763 3067 962 3122 absens
1005 3068 1173 3124 filium
1233 3073 1572 3128 centurionis
1615 3072 1849 3129 sanavit.
1897 3071 2124 3139 Contra,
2171 3079 2233 3127 ut
2279 3071 2444 3127 homo
2497 3071 2713 3138 solum,
2758 3068 2904 3124 Deus
2955 3067 3161 3136 alioqui
3220 3066 3362 3120 idem
3413 3079 3542 3117 cum
3591 3069 3764 3127 esset;

510 3151 731 3221 quando
783 3169 1028 3213 comesse
1082 3163 1289 3226 voluit,
1324 3173 1376 3217 et
1426 3163 1572 3218 affici
1625 3177 1884 3219 mmrore.
1936 3163 2109 3218 Porro
2139 3171 2366 3219 sanctus
2421 3162 2510 3217 hic
2564 3160 2866 3234 θεαρχικήν
2897 3174 3025 3214 cum
3054 3158 3213 3222 dixit,
3258 3155 3353 3210 Dei
3383 3153 3601 3210 virilem
3631 3153 3768 3207 vide-

511 3241 641 3297 licet
671 3244 818 3302 illam
850 3247 944 3303 Dei
974 3256 1369 3322 operationem,
1403 3273 1500 3328 per
1550 3273 1716 3328 quam
1760 3259 2115 3328 suspicienda
2167 3259 2323 3330 signa
2375 3257 2566 3313 edebat
2607 3277 2621 3314 :
2684 3264 2847 3329 puta,
2879 3269 2989 3326 qua
3031 3254 3159 3310 caeci
3205 3252 3396 3309 oculos
3445 3251 3565 3307 sola
3619 3250 3768 3305 inun-

512 3337 696 3395 ctione
741 3342 979 3412 refinxit,
1043 3349 1160 3403 solo
1211 3351 1336 3406 item
1379 3361 1585 3408 attactu
1639 3354 1871 3410 fimbriae
1922 3357 2137 3411 curavit
2169 3355 2660 3417 lizemorrhousam,
2695 3354 2833 3409 duas
2867 3351 2919 3406 in
2950 3351 3172 3408 Christo
3225 3350 3397 3404 fuisse
3432 3347 3767 3419 Operationcs

513 3428 619 3486 hoc
651 3435 869 3492 nomine
926 3439 1232 3497 luculenter
1289 3444 1581 3514 expressit.
1638 3445 1718 3501 Ex
1779 3448 1866 3503 his
1903 3465 2034 3503 sane
2074 3449 2333 3504 omnibus
2386 3446 2712 3517 compendio
2761 3445 3056 3515 colligitur,
3107 3445 3235 3514 quia
3289 3441 3546 3495 Christus
3607 3437 3766 3494 asseri

512 3527 679 3582 etiam
712 3539 928 3600 poterat
984 3535 1146 3591 homo
1177 3547 1450 3610 quatenus
1493 3550 1685 3596 auctor
1717 3554 1770 3598 et
1809 3542 2095 3598 hominum
2137 3551 2352 3598 creator
2399 3549 2553 3609 erat;
2589 3538 3076 3611 quemadmodum
3114 3535 3170 3589 in
3215 3533 3445 3586 aliorum
3494 3529 3764 3584 nominum

513 3619 880 3688 explicatione
923 3628 1138 3685 abunde
1192 3637 1352 3691 nobis
1391 3638 1600 3693 dictum
1631 3649 1734 3696 est.
1790 3639 1978 3712 Neque
2004 3641 2114 3696 ullo
2147 3640 2308 3696 modo
2337 3645 2599 3710 corrupta
2627 3637 2822 3695 fuisset
2859 3637 3062 3692 veritas
3119 3649 3133 3687 :
3190 3629 3410 3702 quando
3442 3642 3565 3698 qua:
3606 3624 3766 3680 homi-

515 3721 646 3760 num
681 3720 860 3778 erant,
888 3717 1087 3774 virtute
1118 3720 1357 3778 humana
1385 3727 1688 3796 superiore,
1727 3728 1980 3800 perfecit.

1007 3811 1077 3867 IN
1108 3814 1497 3874 EPISTOLAM
1533 3820 1599 3877 V.

2548 3821 2656 3874 ΕΙΣ
2713 3817 2856 3871 ΤΗΝ
2903 3815 3302 3872 ΕΠΙΣΤΟΛΗΝ
3341 3815 3424 3868 E'.

589 3893 664 3951 De
696 3897 876 3954 divina
910 3905 1143 3976 caligine
1201 3910 1356 3979 prius
1387 3912 1609 3982 quidem
1663 3912 1828 3970 Pater
1882 3915 2096 3972 edisse-

516 3989 650 4079 ruit,
710 3995 888 4064 capite
928 3998 1187 4055 nimirum
1247 4001 1492 4074 Mystica:
1554 4006 1830 4079 theologia:
1893 4009 2091 4078 primo.

516 4076 615 4133 Est
667 4096 849 4137 autem
887 4085 1056 4143 dictio
1106 4091 1222 4146 haec
1272 4109 1341 4148 ex
1397 4095 1492 4150 illo
1549 4076 1857 4154 admirabili
1895 4076 2096 4156 Davide

514 4168 824 4241 desumpta.
866 4174 1144 4248 Siquidem
1196 4183 1242 4238 is
1288 4188 1398 4248 ait,
1461 4188 1569 4239 Καὶ
1601 4188 1798 4258 γνόφος
1836 4190 1940 4242 ὑπὸ
1971 4192 2097 4256 τοὺς

517 4261 685 4349 πόδας
723 4265 906 4333 αὐτοῦ,
941 4270 992 4324 id
1019 4287 1104 4326 cst
1137 4293 1148 4328 :
1208 4275 1274 4329 Et
1306 4279 1477 4348 caligo
1517 4279 1610 4332 sub
1653 4279 1870 4348 pedibus
1902 4282 2014 4349 ejus
2045 4294 2090 4337 Ρ.

516 4347 600 4404 Ob
641 4351 691 4407 id
732 4357 878 4410 enim
923 4361 1073 4415 addit
1118 4363 1278 4420 Pater
1310 4386 1323 4421 :
1359 4347 1425 4420 In
1468 4384 1578 4438 qua
1625 4347 1934 4427 inhabitare
1959 4371 2098 4426 diei-

518 4450 610 4498 tur
640 4445 803 4505 Deus.
856 4451 992 4508 Nam
1039 4457 1086 4511 si
1145 4461 1249 4515 sub
1303 4461 1423 4529 ejus
1470 4462 1701 4533 pedibus
1733 4465 1932 4537 caligo,
1989 4484 2096 4522 non

519 4538 816 4597 obscurum
842 4554 926 4601 est
957 4556 1071 4602 tota
1098 4566 1161 4605 ea
1199 4553 1432 4622 caligine
1485 4555 2096 4626 incomprehensibilem

519 4628 726 4718 alioqui
789 4641 844 4689 et
910 4636 1240 4695 invisibilem
1291 4645 1722 4716 circumquaque
1795 4648 2093 4718 adoperiri.

518 4717 761 4776 Rursum
813 4724 982 4784 Isaias
1038 4733 1345 4802 propheta:
1410 4735 1479 4788 Et
1523 4738 1736 4806 impleta
1775 4749 1854 4793 est
1906 4717 2096 4797 domus

519 4811 668 4882 fumo
693 4825 740 4868 ς.
793 4815 1070 4876 Dorotheo
1101 4826 1269 4895 igitur
1314 4827 1612 4902 λειτουργῷ
1641 4831 1875 4888 diacono
1903 4835 2098 4890 videli-

521 4913 607 4960 cet
634 4905 735 4976 (sic
757 4909 900 4963 enim
940 4911 1128 4968 docuit
1157 4914 1267 4970 diei
1303 4917 1596 4975 diaconum
1628 4921 1684 4976 in
1717 4921 2098 4980 Ecclesiastica

521 4995 842 5072 hierarchia)
872 5004 1200 5073 sciscitanti,
1240 5025 1491 5080 quaenam
1551 5013 1667 5070 hmc
1718 5024 1865 5071 esset
1897 5017 2093 5088 caligo,

2268 3915 2404 3986 Περὶ
2429 3912 2520 3968 τοῦ
2552 3912 2698 3966 θείου
2727 3911 2926 3981 γνόφου
2983 3911 3078 3963 καὶ
3125 3908 3388 3979 πρότερον
3443 3906 3664 3978 εἴρηκεν
3714 3903 3767 3955 ἐν

2197 4007 2274 4078 τῷ
2305 4006 2505 4078 πρώτῳ
2553 4001 2737 4076 βιϐλίῳ
2775 4004 2884 4075 (45)
2925 4001 3020 4056 τοῦ
3062 4002 3205 4070 Περὶ
3245 3997 3550 4070 μυστικῆς
3579 3999 3764 4054 θεολο-

2196 4100 2347 4169 γίας.
2385 4100 2540 4153 Ἔστι
2566 4098 2621 4150 δὲ
2652 4099 2686 4168 ἡ
2723 4098 2878 4169 ῥῆσις
2921 4097 2986 4150 ἐκ
3039 4094 3134 4148 τοῦ
3179 4092 3467 4146 θεσπεσίου
3498 4090 3662 4144 Δαυὶδ
3687 4089 3764 4142 λέ·

2197 4208 2408 4260 γοντος·
2429 4191 2537 4244 Καὶ
2554 4190 2775 4260 γνόφος
2787 4189 2903 4244 ὑπὸ
2921 4188 3061 4254 τοὺς
3073 4187 3261 4252 πόδας
3275 4184 3480 4239 αὑτοῦ.
3509 4185 3605 4239 Διά
3623 4181 3767 4236 τοῦτο

2197 4283 2305 4356 γὰρ
2334 4283 2510 4356 τίθησι
2545 4283 2638 4336 καὶ
2670 4283 2729 4336 τό
2748 4299 2760 4312 ·
2830 4282 2918 4334 Ἐν
2950 4274 2994 4349 ᾧ
3022 4281 3294 4335 κατοικεῖν
3327 4278 3600 4346 λέγεταιώ
3626 4275 3761 4338 Θεός.

2199 4377 2260 4429 Et
2290 4377 2399 4450 γάρ
2431 4377 2535 4430 ὑπὸ
2563 4377 2690 4440 τοὺς
2719 4375 2885 4437 πόδας
2943 4373 3093 4428 ἐστὶν
3125 4375 3153 4427 6
3197 4373 3414 4442 γνόφος,
3451 4370 3667 4442 εὔδηλον
3689 4370 3764 4422 ὅτι

2197 4467 2256 4520 ἐν
2285 4469 2479 4539 ἐκείνῳ
2507 4468 2668 4520 παντὶ
2711 4463 3173 4538 περικαλύπτεται
3199 4464 3227 4515 6
3265 4460 3636 4534 ἀπερίληπτος
3683 4457 3767 4512 καὶ

2197 4551 2440 4625 ἀθέατος.
2473 4562 2582 4614 Καὶ
2615 4559 2773 4614 πάλιν
2792 4561 2820 4612 6
2844 4552 3098 4620 Ἡσαΐας·
3115 4555 3226 4610 Καὶ
3243 4553 3527 4623 ἐπλήσθη
3549 4548 3766 4607 καπνσῦ

2199 4657 2231 4709 ό
2265 4653 2448 4719 οἶκος.
2494 4652 2796 4724 Ἐρωτῶντι
2826 4651 3008 4704 τοίνυν
3037 4649 3116 4721 τῷ
3170 4646 3490 4719 λειτουργῷ,
3541 4642 3765 4716 δηλονότι

2196 4743 2446 4814 διακόνῳ,
2491 4743 2653 4814 (οὕτω
2687 4744 2796 4815 γὰρ
2829 4743 3010 4811 ἔλεγεν
3058 4743 3116 4795 ἐν
3159 4743 3226 4812 τῇ
3271 4731 3764 4806 Ἐκκλησιαστικῇ

2199 4834 2488 4906 ιεραρχίᾳ)
2549 4835 2830 4906 Δωροθέῳ,
2889 4834 2975 4897 τίς
3031 4835 3176 4886 ἐστιν
3212 4833 3241 4886 6
3268 4829 3513 4893 τοιοῦτος
3563 4828 3763 4898 γνόςξος,

2199 4926 2394 4998 φησίνο
2446 4919 2614 4990 Οὗτός
2670 4927 2817 4980 ἐστιν
2877 4925 2936 4979 ὃν
2983 4924 3172 4986 σκότος
3220 4923 3470 4994 οἰήσαιτό
3539 4937 3655 4983 τις,
3711 4917 3766 4970 τὸ

2200 5019 2492 5092 ἀπρόσιτον
2541 5019 2691 5089 φῶςο
2741 5019 2790 5071 εἰ
2821 5019 2930 5090 γὰρ
2969 5018 3062 5070 καὶ
3119 5016 3234 5086 φῶς
3277 5017 3428 5068 ἐστιν
3482 5013 3616 5083 (44),
3647 5009 3764 5065 ἀλλὰ

521 5094 819 5162 respondet
857 5115 869 5150 :
913 5097 1098 5169 Caligo
1132 5117 1264 5158 sane
1314 5113 1419 5169 est,
1467 5122 1631 5176 quam
1687 5109 1946 5165 tenebras
1973 5127 2090 5168 esse

2202 5111 2295 5165 καὶ
2328 5111 2644 5183 ἀπρόσιτον·
2701 5110 2795 5163 καὶ
2819 5107 2909 5163 διὰ
2938 5107 3097 5162 τοῦτο
3135 5107 3196 5161 τὸ
3254 5105 3350 5161 τοῦ
3379 5105 3578 5175 γνόφου
3611 5105 3766 5172 ὄνομα

523 5183 749 5239 credere
781 5186 904 5255 quis
960 5191 1155 5257 possit,
1215 5190 1305 5247 lux
1337 5195 1542 5267 alioqui
1594 5197 1915 5268 inaccessa;
1969 5216 2090 5258 nam

2202 5177 2420 5272 εἴληφε,⁷
2451 5201 2539 5256 διὰ
2556 5201 2618 5254 τὸ
2645 5202 2875 5274 ἀόρατον
2910 5200 3129 5271 δηλαδή.
3179 5199 3434 5270 ’Λόρατον
3465 5197 3522 5251 δὲ
3547 5197 3608 5250 οὐ
3640 5194 3764 5249 κατά

523 5273 740 5331 etiamsi
785 5277 876 5332 lux
933 5281 1024 5341 sit,
1085 5281 1364 5340 inaccessa
1407 5294 1590 5344 tamen
1641 5299 1845 5355 manet,
1891 5293 2098 5351 nullive

524 5366 709 5436 pervia
741 5378 1004 5424 creaturae
1031 5390 1042 5425 :
1095 5381 1148 5426 et
1181 5372 1283 5428 hac
1313 5379 1486 5446 gratia
1537 5395 1734 5435 nomen
1765 5382 1973 5452 accepit
2001 5381 2096 5438 τοῦ

524 5455 745 5524 γνόφου,
780 5459 830 5513 id
861 5467 946 5515 est
988 5463 1251 5532 caliginis,
1288 5467 1434 5536 quod
1481 5469 1622 5525 visui
1656 5473 1972 5544 neutiquam
2002 5490 2099 5545 pa-

523 5554 658 5602 teat.
697 5548 991 5609 lnvisibilis
1019 5570 1150 5610 sane
1180 5571 1288 5610 non
1311 5558 1467 5627 juxta
1501 5562 1553 5616 id
1585 5564 1900 5634 signiﬁcati,
1932 5584 2042 5638 quo
2067 5585 2098 5623 a

529 5644 788 5714 primaria
820 5647 903 5700 sui
935 5649 1250 5706 conditione
1281 5658 1427 5706 terra
1459 5654 1606 5709 dicta
1647 5665 1732 5713 est
1779 5659 1887 5716 ibi:
1931 5661 2102 5716 Terra

528 5741 709 5791 autem
733 5744 851 5790 erat
890 5738 1188 5797 invisibilis
1241 5749 1296 5797 et
1343 5744 1663 5806 incondita:
1717 5752 1888 5824 magis
1920 5762 2100 5810 autem

642 5926 666 5968 ι’
698 5913 842 5973 Psal.
873 5933 1003 5984 xm,
1043 5918 1125 5975 10.
1204 5931 1229 5972 τι
1263 5919 1366 5982 lsa.
1402 5940 1476 5993 Vi,
1509 5927 1560 5990 4,

2203 5293 2264 5346 τὸ
2288 5292 2414 5363 περ)⁹
2449 5293 2548 5362 τῆς
2600 5290 2836 5362 ἀρχῆθεν
2886 5293 2989 5362 γῆς
3042 5290 3468 5362 σημαινόμενονο
3522 5291 3554 5360 ἡ
3599 5288 3651 5341 δὲ
3699 5283 3764 5354 γῆ

2203 5381 2272 5456 ἦν
2305 5385 2532 5455 ἀόρατος
2559 5384 2652 5437 καὶ
2673 5382 3148 5447 ἀκατασκεύαστος
3167 5405 3180 5414 ·
3209 5380 3343 5435 ἀλλά
3371 5381 3460 5434 διὰ
3487 5380 3584 5452 τὴν
3609 5381 3763 5447 ὑπερο

2207 5482 2432 5552 έχουσαν
2464 5479 2848 5550 φανότητα,ὼς
2878 5479 3107 5551 ἀόρατον
3159 5476 3390 5548 λέγομεν
3422 5477 3514 5530 τὸν
3546 5477 3684 5549 ἥλιον
3709 5473 3764 5524 ἐν

2210 5591 2348 5646 μεση
2359 5573 2548 5645 μδρίᾳ,
2567 5572 2942 5626 ἀποπάλλοντα
2969 5569 3067 5635 τάς
3095 5572 3315 5634 ἀκτῖνας
3348 5569 3729 5641 καθαρωτάτας
3747 5582 3761 5596 .

2207 5668 2343 5738 ὅπερ
2373 5665 2480 5738 γὰρ
2519 5667 2660 5718 ποιεῖ
2687 5665 2862 5736 φωτὸς
2890 5663 3142 5729 ἀπουσία,
3178 5661 3569 5735 ἁνενεργησίαν
3597 5658 3741 5730 δηλον

2208 5757 2290 5812 ότι
2322 5757 2429 5811 τῶν
2467 5757 2704 5813 ὀπικῶν
2761 5757 3039 5832 δυνάμεων
3086 5753 3446 5832 ἐργαζομένη,
3479 5753 3634 5809 τοῦτο
3676 5747 3761 5805 καὶ
