3896 6582
199 481 308 538 469

951 475 1395 539 ΡΑΟΗΫΜΕΒᾸΕ
1438 477 1926 539 PARAPHRASIS
1952 481 2018 538 IN
2055 483 2205 542 EPP.
2243 487 2301 544 S.
2347 485 2667 546 DIONYS".

3353 489 3462 551 £50

197 601 233 673 ἡ
269 599 409 674 πρὸς
439 599 590 671 ἧλιον
618 600 676 653 ὲν
739 599 1054 670 perrumpi;
1098 599 1290 672 ἀτενὴς
1321 599 1616 670 ἁπόδλεψις
1644 601 1760 654 ἀπο⁴

1884 607 2108 670 propter
2163 603 2556 660 exuberantem
2596 605 2811 675 copiam
2867 602 3052 662 lucis:
3101 608 3462 677 quemadmo-

195 695 360 748 τελεῖ.
423 694 511 746 Ἐν
536 693 711 764 τούτῳ
751 692 959 762 γίνεται
1016 695 1122 756 πᾶς
1164 697 1191 747 ὸ
1216 696 1355 750 κατὰ
1384 692 1617 762 Μωῦσῆν
1643 691 1775 746 Θεὸν

193 787 400 858 γνῶναι
432 788 526 840 καὶ
555 788 681 840 ἰδεῖν
739 785 1075 856 ἀξιούμενος.
1119 785 1185 837 Τί
1212 783 1269 838 δέ
1320 785 1466 838 ἐστιν
1505 785 1538 855 ἡ
1574 784 1773 854 γνῶσις

193 880 291 933 καί
328 881 361 950 ἡ
400 878 497 932 θέα
529 878 621 931 ἐπὶ
681 877 850 943 Θεοῦ;
910 873 1040 930 αὐτὸ
1092 875 1152 928 τὸ
1215 875 1458 945 γίνεσθαί
1488 893 1606 928 τινα
1635 875 1775 948 ὑπὲρ

191 970 388 1043 ὅρασιν
410 972 502 1024 καὶ
541 971 761 1039 γνῶσιν,
811 970 904 1023 καὶ
960 970 1095 1041 μήτε
1125 970 1256 1040 ὁρᾷν
1288 967 1422 1040 μήτε
1451 966 1734 1038 γινώσκειν
1756 983 1770 999 ’

189 1062 354 1117 τοῦτο
383 1062 438 1116 δὲ
474 1062 629 1134 μόνον
695 1060 999 1131 γινώσκειν,
1032 1061 1114 1114 ὅτι
1161 1061 1299 1131 μετὰ
1358 1059 1532 1114 πάντα
1563 1059 1672 1129 (45)
1705 1057 1773 1112 τὰ

189 1152 429 1226 αἰσθητὰ
457 1153 551 1206 καὶ
608 1152 676 1206 τὰ
721 1151 886 1222 νοητὰ
939 1154 967 1204 6
1019 1151 1150 1215 Θεός
1205 1153 1342 1204 ὲστι.
1383 1149 1457 1202 Τὸ
1511 1151 1568 1203 δὲ
1620 1148 1772 1218 ὑπὲρ

187 1241 565 1314 adnumerat
592 1242 787 1297 πάντα
819 1238 958 1306 εἷπε,
1017 1241 1190 1313 δηλῶν
1220 1241 1320 1314 τὴν
1347 1241 1456 1296 τῶν
1498 1241 1772 1314 αἰσθητῶν

187 1332 310 1406 ἅμα
335 1335 428 1387 καὶ
464 1333 669 1406 νοητῶν
700 1335 951 1389 ἁπάντων
981 1334 1248 1398 διάϐασιν,
1293 1331 1429 1404 πρὸς
1476 1331 1575 1403 τὴν
1633 1333 1771 1403 ήμεο

184 1426 352 1498 τέραν
386 1427 582 1496 γνῶσιν
624 1426 880 1498 ῥηθέντος
933 1425 1028 1478 τοῦ
1078 1423 1235 1494 λόγου
1292 1423 1424 1495 (46).
1475 1421 1631 1477 Οὕτω
1660 1422 1770 1497 γὰρ

185 1519 282 1573 καὶ
310 1521 341 1590 ἡ
372 1520 570 1588 γνῶσις
610 1517 743 1590 μεθὸ
789 1518 986 1572 διέλθοι
1016 1517 1215 1582 πάντα,
1250 1517 1386 1589 πρὸς
1412 1514 1543 1570 Θεὸν
1574 1517 1770 1584 ἀνάγε-

183 1629 277 1665 ται
311 1611 442 1683 (4⁸7),
483 1613 576 1665 καὶ
604 1613 756 1683 ζητεῖ
778 1611 848 1664 τὰ
875 1610 1016 1682 ὑπὲρ
1048 1611 1251 1664 πάντα·
1281 1610 1370 1663 ὅτε
1415 1607 1546 1676 γοῦν
1576 1608 1767 1661 τούτου

183 1722 268 1768 τις
292 1703 547 1776 ἀξιωθείη
583 1703 714 1774 (48),
743 1703 881 1776 μετὰ
909 1703 1002 1756 τοῦ
1029 1703 1312 1775 Προφήτου
1350 1703 1465 1773 ὲρεῖ
1485 1717 1498 1731 ⁸
1565 1701 1770 1755 Ἐθαυ-

177 1795 472 1866 μαστώθη
502 1797 537 1862 ἠ
566 1795 790 1866 γνῶσίς
818 1811 934 1851 σου
963 1796 1031 1860 ἐξ
1057 1795 1202 1865 ἐμοῦ
1220 1812 1234 1825 ο
1283 1793 1662 1862 ἐκραταιώθη,
1695 1795 1767 1848 οὐ

177 1887 267 1957 μὴ
299 1887 559 1957 δύνωμαι
581 1888 730 1955 πρὸς
757 1886 970 1954 αὐτήν.
995 1888 1175 1956 Ἔγνω
1204 1888 1296 1941 καὶ
1325 1890 1352 1942 ὁ
1383 1888 1522 1951 θεῖος
1555 1886 1765 1950 Παῦλος

181 1979 277 2034 τὸν
307 1980 457 2044 Θεὸν,
488 1981 570 2034 ὅτι
596 1973 800 2051 δηλαδή
848 1982 994 2034 ἐστιν
1031 1980 1173 2052 ὑπὲρ
1210 1983 1387 2035 πᾶσαν
1419 1980 1622 2050 γνῶσιν
1669 1981 1765 2034 καὶ
1797 1959 1838 2014 Β

183 2073 393 2144 νόησιν,
447 2073 530 2126 ὅτι
585 2072 1007 2144 ἀνεξιχνίαστος,
1059 2072 1140 2126 ὅτι
1199 2071 1268 2126 τὰ
1326 2072 1569 2146 κρίματα
1601 2071 1765 2126 αὐτοῦ

180 2163 600 2236 ἀνεξερεύνητα,
655 2165 737 2218 ὅτι
793 2166 850 2217 αἱ
908 2165 1106 2236 δωρεαὶ
1159 2165 1560 2237 ἀνεκδιήγητοι,
1602 2167 1682 2219 ὅτι
1730 2165 1764 2237 ἠ

179 2258 371 2328 εἰρήνη
404 2257 568 2311 αὐτοῦ
601 2257 858 2329 ὑπερέχει
890 2258 1065 2311 πάντα
1095 2256 1220 2311 νοῦν
1243 2277 1256 2289 ο
1295 2257 1453 2311 τοῦτο
1482 2258 1591 2330 γάρ
1619 2260 1765 2311 ἐστιν

179 2349 324 2420 ὅπερ
351 2348 493 2420 ὑπὲρ
536 2347 720 2419 νόησιν
776 2346 1030 2416 ἔγνωκεν,
1065 2347 1147 2399 ὅτι
1188 2345 1407 2400 πάντων
1463 2347 1610 2399 ἐστὶν
1637 2347 1764 2400 ἐπέ-

179 2457 360 2503 κεινα,
420 2439 497 2503 ὼς
553 2439 728 2503 αἴτιος
779 2439 995 2492 πάντων
1029 2437 1122 2492 ὥν.
1162 2437 1254 2510 Μὴ
1294 2437 1424 2507 γοῦν
1471 2437 1612 2491 εἴποι
1656 2456 1760 2502 τις,

179 2532 300 2596 πῶς
324 2531 466 2604 ὑπὲρ
492 2532 674 2602 νόησιν
717 2533 834 2584 ἐστι
860 2531 920 2584 τὸ
946 2531 1142 2585 εἰδέναι
1177 2530 1320 2594 τινὰ,
1361 2532 1440 2584 ὃτι
1465 2530 1494 2581 ὁ
1532 2531 1663 2595 Θεὸς
1687 2531 1763 2595 ὼς

177 2625 436 2678 ἐπέκεινα
469 2625 684 2678 πάντων
712 2625 860 2679 ἐστὶν
889 2623 1306 2696 ἀνεξερεύνητος
1329 2624 1512 2694 κοινῆς
1532 2623 1760 2687 ἐννοίας,

175 2715 380 2770 ὡσανεὶ
407 2716 612 2788 ταύτης
646 2715 812 2788 οὔσης
850 2717 943 2769 καὶ
972 2716 1187 2770 πάντων
1216 2715 1433 2768 εἰδότων
1481 2715 1764 2768 ἀναποδεί-

176 2825 342 2873 κτως,
392 2811 473 2863 ὅτι
505 2813 533 2864 6
587 2810 720 2873 Θεὸς
777 2809 1185 2878 ἀκατάληπτος’
1224 2807 1340 2861 ἀλλ’
1377 2807 1563 2861 εῖδέτω
1602 2807 1712 2879 (49)
1743 2845 1759 2872 ,

176 2899 252 2966 ὡς
282 2902 367 2955 ὅτι
412 2902 510 2973 μὲν
542 2903 569 2954 6
616 2901 750 2966 Θεὸς
777 2900 1187 2973 ἀκατάληπτος,
1237 2900 1332 2953 καὶ
1391 2900 1528 2971 ὑπὲρ
1563 2899 1760 2968 γνῶσιν

176 2993 283 3049 τῶν
322 2994 536 3048 πολλῶν
582 2995 729 3048 ὲστιν
784 2994 1016 3047 εἰδέναι·
1070 2993 1203 3046 διότι
1249 2992 1305 3045 δὲ
1364 2991 1624 3058 τοιοῦτος,
1663 2992 1759 3046 καὶ

178 3087 311 3152 πῶς,
338 3085 563 3140 ἐκείνων
618 3085 735 3139 ἐστὶ
797 3086 972 3156 μόνων
1026 3085 1224 3138 εἰδέναι
1269 3083 1377 3138 τῶν
1423 3082 1759 3150 ἀξιωθέντων

177 3177 430 3246 γνώσεως
459 3177 608 3241 θείας
638 3177 750 3248 (50)
815 3179 906 3232 καὶ
940 3177 1081 3249 ὑπὲρ
1137 3177 1451 3250 ἄνθρωπον
1485 3171 1593 3239 οἷος
1611 3171 1680 3248 ἦν
1730 3177 1759 3229 ὁ

175 3271 357 3334 Δαυὶδ,
407 3267 520 3335 οἷος
549 3273 578 3325 6
612 3268 844 3334 Παῦλος.
874 3270 986 3325 Καὶ
1017 3270 1076 3324 τὸ
1109 3270 1378 3324 ἐκλείπειν
1407 3270 1498 3323 τὸν
1520 3269 1689 3340 ἥλιον,
1722 3269 1755 3341 ἢ
1784 3313 1826 3371 C

175 3365 268 3435 τὴν
298 3364 551 3435 σελήνην,
583 3364 615 3436 ἢ
671 3364 798 3419 ἄλλο
837 3380 889 3416 τι
918 3363 1025 3417 τῶν
1080 3363 1221 3417 κατὰ
1255 3364 1456 3435 κόσμον
1487 3361 1752 3432 γίνεσθαι,

172 3455 250 3510 ὅτι
284 3457 386 3528 μὲν
415 3457 620 3511 οἴδασιν
673 3457 724 3509 οἱ
781 3455 986 3519 πολλοὶ,
1030 3455 1202 3519 οὐδεὶς
1226 3454 1581 3527 ὰμιριὸάλλειο
1611 3454 1751 3527 αὐτὴ

171 3549 332 3622 γὰρὴ
373 3549 621 3621 αἴσθησις
652 3549 890 3602 διδάσκει
947 3548 1124 3603 τοῦτο·
1177 3549 1243 3602 δι’
1277 3549 1305 3602 ὸ
1339 3549 1394 3601 δὲ
1449 3546 1623 3600 ταῦτα
1668 3545 1754 3614 γί-

170 3657 375 3705 νονται,
418 3639 517 3693 οὐκ
548 3637 750 3697 οἴδασιν
781 3639 950 3709 ἄλλοι,
979 3641 1012 3714 ἥ
1039 3642 1087 3697 οἱ
1113 3640 1243 3710 περὶ
1287 3638 1459 3693 ταῦτα
1503 3637 1754 3710 ἀκριϐεῖς

171 3733 367 3806 ὲπιστή
378 3751 554 3805 μονες.

1877 692 2007 747 dum
2041 694 2212 749 solem
2236 695 2413 765 ipsum
2464 696 2652 753 radios
2685 698 2845 766 longe
2876 700 3204 769 purissimos
3235 703 3464 758 meridie

1876 781 2238 851 ejaculantem
2265 800 2374 840 non
2399 785 2717 842 dubitamus
2745 788 3075 847 invisibilem
3104 792 3308 848 dicere.
3323 792 3463 848 Nam

1876 875 2022 944 quod
2059 875 2199 943 lucis
2245 877 2495 931 absentia
2551 878 2733 943 eilicit,
2789 879 2918 934 dum
2978 883 3188 938 scilicet
3230 885 3464 942 visivam

1875 967 2176 1034 potentiam
2219 982 2318 1021 sua
2369 967 2549 1038 privat
2611 973 2970 1040 operatione:
3031 974 3174 1029 idem
3229 992 3461 1047 prorsus

1875 1057 2086 1127 perﬁcit
2122 1060 2403 1115 contuitus
2436 1059 2491 1114 in
2516 1061 2683 1116 solem
2709 1064 3068 1118 meridianum
3101 1066 3261 1124 ﬁxius
3295 1068 3458 1141 252

1873 1148 2236 1220 pressiusque
2292 1151 2616 1209 collineans.
2680 1152 2919 1210 Proinde
2969 1156 3023 1209 in
3075 1157 3177 1211 hac
3223 1159 3458 1230 caligine

1872 1248 2148 1303 versatur,
2183 1242 2459 1312 quisquis,
2495 1252 2554 1298 ut
2586 1245 2820 1316 Moyses,
2847 1255 3104 1302 censetur
3132 1251 3332 1320 dignus
3361 1268 3458 1307 eo-

1871 1332 2117 1403 gnitione
2148 1332 2242 1388 Dei
2293 1343 2457 1405 atque
2503 1337 2737 1392 visione.
2801 1337 2908 1394 Sed
2959 1347 3013 1394 et
3061 1341 3186 1397 talis
3217 1345 3456 1413 cognitio

1872 1422 1967 1480 Dei
2016 1426 2222 1496 pariter
2250 1435 2304 1485 et
2360 1427 2519 1495 visio,
2553 1429 2684 1498 quid
2745 1435 2965 1503 tandem
3016 1434 3144 1487 est?
3183 1432 3453 1489 Nimirum
3493 1457 3508 1477 ι

1873 1518 2110 1588 aliquem
2136 1535 2260 1576 esse
2314 1536 2482 1591 supra
2532 1521 2835 1588 visionem,
2882 1530 2936 1577 et
2973 1524 3363 1594 cognitionem,
3400 1533 3453 1581 et

1871 1626 2051 1681 neque
2086 1611 2294 1677 videre,
2328 1629 2504 1684 neque
2527 1627 2861 1683 cognoscere
2908 1615 3055 1684 quod
3091 1626 3214 1685 post
3245 1617 3452 1681 omnia,

1869 1718 1991 1772 qure
2014 1719 2176 1758 sensu
2210 1704 2676 1774 intelligentiaque
2708 1707 3111 1776 percipiuntur,
3161 1706 3304 1762 Deus
3343 1713 3452 1763 est.

1869 1793 2006 1848 Illud
2066 1804 2248 1851 autem
2282 1796 2424 1868 ὑπὲρ
2457 1798 2674 1861 πάντα,
2715 1814 2880 1867 supra
2911 1800 3109 1862 omnia,
3172 1799 3310 1854 dixit
3355 1814 3457 1870 pro

1872 1885 2010 1958 μετὰ
2047 1886 2250 1952 πάντα,
2277 1897 2395 1956 post
2420 1890 2627 1952 omnia,
2653 1889 2942 1946 declarans
2970 1893 3255 1947 sensilium
3290 1894 3457 1949 simu!

1867 1984 1920 2030 et
1989 1975 2390 2032 intellectilium
2466 1979 2712 2033 omnium
2784 1985 3258 2039 transcensionem
3334 2001 3454 2041 scr-

1866 2085 2049 2132 mone,
2085 2069 2152 2123 ad
2176 2078 2378 2124 nostrm
2405 2071 2739 2142 cognitionis
2767 2085 2985 2144 captum
3011 2076 3449 2140 accommodato,

1867 2160 2098 2232 prolato.
2154 2157 2246 2214 Sic
2312 2163 2458 2215 enim
2516 2163 2760 2233 cognitio
2817 2171 3006 2218 nostra
3040 2208 3054 2231 ,
3120 2165 3453 2240 simulatque

1865 2251 2121 2305 universa
2172 2251 2556 2316 transcendit,
2630 2252 2698 2307 ad
2757 2252 2927 2308 Deum
2980 2256 3292 2311 sustollitur
3335 2259 3452 2328 pri-

1864 2358 2011 2396 mum
2041 2360 2054 2395 :
2105 2348 2160 2397 et
2208 2358 2273 2398 ea
2302 2351 2436 2400 tunc
2481 2346 2643 2401 unice
2671 2347 2887 2416 quatrit,
2911 2363 3033 2417 quae
3071 2357 3270 2404 cuncta
3293 2358 3445 2405 tran-

1864 2436 2154 2490 scendunt.
2201 2436 2336 2492 Cum
2363 2437 2532 2506 igitur
2557 2440 2680 2508 quis
2709 2439 2909 2508 dignus
2949 2440 3044 2496 illo
3084 2441 3304 2498 habitus
3330 2442 3449 2499 fue-

1864 2526 1957 2591 rit,
1992 2527 2039 2581 is
2064 2543 2188 2581 cnm
2236 2527 2510 2600 Propheta
2568 2532 2967 2602 promerebitur
2989 2533 3174 2590 dicere
3207 2553 3218 2589 :
3273 2534 3450 2589 Mira-

1865 2613 1984 2668 bilis
2017 2615 2161 2684 facta
2204 2626 2283 2672 est
2317 2619 2537 2673 scientia
2587 2630 2680 2674 tua
2724 2637 2788 2675 ea:
2823 2638 2903 2676 me
2933 2637 2952 2676 :
3007 2623 3308 2694 confortata
3344 2637 3447 2694 est,

1863 2725 1967 2762 non
1993 2718 2174 2778 potero
2205 2710 2274 2763 ad
2297 2727 2414 2764 eam
2446 2721 2492 2767 ι’.
2536 2709 2774 2768 Noverat
2814 2715 2974 2784 plane
3026 2714 3192 2771 Deum
3219 2727 3272 2772 et
3305 2718 3450 2772 divi-

1861 2820 1967 2859 nus
2001 2801 2207 2858 Paulus
2251 2805 2400 2858 omni
2450 2805 2709 2859 nimirum
2745 2815 2799 2860 et
2857 2807 3102 2862 scientia:
3143 2816 3197 2861 rt
3244 2809 3448 2864 intelli-

1861 2896 2058 2965 gentia:
2128 2897 2666 2966 supereminentem,
2705 2898 2849 2966 quod
2938 2899 3400 2972 ininvestigabilis
3425 2941 3444 2964 ,

1859 2987 2115 3058 quodque
2139 2988 2523 3044 inscrutabilia
2555 2990 2732 3059 ipsius
2766 2989 2971 3058 judicia
2991 3001 3196 3055 essent,
3246 2999 3299 3046 et
3336 2991 3450 3048 ino-

1859 3081 2159 3136 narrabilia
2198 3082 2341 3137 dona
2369 3094 2391 3122 ι
2421 3101 2435 3138 :
2480 3081 2718 3153 denique
2739 3083 2864 3152 quia
2900 3099 3006 3153 pax
3045 3083 3116 3138 ab
3173 3083 3293 3154 ipso
3317 3099 3450 3153 pro-

1861 3175 2058 3239 ﬂuens,
2086 3191 2302 3230 omnem
2355 3184 2710 3246 exsuperaret
2755 3192 2979 3232 sensum
3023 3179 3082 3232 ι.
3127 3176 3242 3232 Hoc
3292 3178 3443 3232 enim

1860 3279 1963 3333 est,
2001 3268 2148 3338 quod
2189 3283 2356 3336 supra
2397 3282 2614 3322 omnem
2669 3284 2890 3324 sensum
2922 3284 3046 3325 esse
3081 3277 3278 3336 norat;
3311 3271 3444 3341 quia

1862 3360 2114 3415 videlicet
2137 3360 2355 3414 cunctis
2381 3361 2636 3428 superior
2673 3369 2777 3422 est,
2802 3369 2861 3414 ut
2881 3362 2974 3432 qui
3015 3369 3208 3416 auctor
3234 3362 3307 3419 sit
3327 3378 3448 3417 om-

1861 3453 2036 3508 nium.
2075 3449 2156 3506 Ne
2180 3452 2306 3520 quis
2338 3451 2506 3522 igitur
2556 3452 2824 3521 objecerit
2857 3473 2871 3508 :
2937 3453 3067 3520 Qui,
3113 3471 3321 3525 quaeso,
3354 3472 3450 3512 su-

1860 3559 1958 3615 pra
2017 3542 2432 3614 intelligentiam
2483 3550 2569 3599 est
2628 3543 2756 3607 hoc,
2814 3546 3052 3614 aliquem
3099 3548 3274 3611 scire,
3317 3548 3449 3618 quia

1857 3634 2001 3690 Deus
2025 3643 2298 3705 quatenus
2324 3634 2584 3690 universa
2623 3637 2984 3704 transcendit,
3017 3650 3202 3695 manet
3231 3641 3449 3694 inseru-

1855 3729 2041 3784 tabilis
2089 3728 2366 3783 communi
2416 3727 2822 3798 intelligentiaz;
2873 3735 3135 3800 tanquam
3185 3732 3290 3786 hac
3353 3747 3447 3786 co-

168 3831 416 3901 gnitione
460 3831 738 3885 communi
797 3832 1115 3892 exsistente,
1190 3836 1244 3884 et
1291 3828 1549 3882 omnibus
1619 3825 1770 3881 nuila
1836 3825 2037 3896 praevia
2095 3823 2566 3878 demonstratione
2605 3823 2913 3878 scientibus
2967 3826 3112 3895 quod
3166 3825 3311 3882 Deus
3363 3834 3449 3882 est

166 3919 781 3994 incomprehensibilis;
841 3941 1032 3980 verum
1099 3922 1238 3980 sciat
1278 3921 1424 3993 quod
1476 3920 1645 3976 Deum
1689 3919 1910 3990 quidem
1956 3915 2566 3986 incomprehensibilem
2613 3931 2758 3979 esse,
2801 3924 3160 3989 nostramque
3217 3933 3450 3989 exsupe-

163 4027 293 4069 rare
337 4017 706 4086 cognitionem
733 4057 747 4080 ,
777 4024 980 4071 norunt
1013 4017 1258 4087 plerique
1281 4030 1491 4070 omnes.
1539 4012 1751 4079 Quibus
1784 4017 1964 4064 autem
2003 4009 2070 4064 de
2111 4007 2296 4062 causis
2333 4006 2458 4061 talis
2497 4007 2589 4066 sit,
2632 4013 2686 4060 et
2743 4008 3041 4076 quomodo,
3093 4009 3310 4061 illorum
3358 4016 3446 4063 est

165 4106 438 4161 duntaxat
466 4121 652 4170 nosse,
679 4109 768 4178 qui
792 4107 974 4161 divina
1007 4105 1142 4167 hac,
1180 4111 1234 4158 et
1294 4119 1457 4173 supra
1492 4101 1775 4157 hominum
1830 4105 2102 4162 naturam,
2149 4097 2462 4166 cognitione
2505 4094 2654 4165 digni
2716 4096 2884 4150 habiti
2936 4096 3194 4153 fuerunt:
3263 4098 3446 4168 qualis

162 4209 284 4258 erat
340 4201 578 4257 eximius
642 4200 834 4265 David,
874 4200 1065 4272 qualis
1102 4199 1221 4268 ipse
1269 4196 1495 4262 Paulus,
1555 4195 1745 4266 quales
1812 4191 2048 4261 denique
2094 4191 2188 4261 qui
2231 4187 2534 4244 secundum
2577 4188 2680 4242 hos
2731 4189 2897 4243 vitam
2954 4205 3108 4246 suam
3135 4191 3442 4249 instituere.

123 4284 126 4290 ’
165 4295 622 4368 Quandoquidem
649 4297 729 4353 sol
760 4298 883 4358 iste,
916 4295 1045 4349 luna
1069 4296 1187 4366 ipsa
1216 4335 1232 4360 ,
1290 4298 1384 4346 aut
1427 4289 1574 4345 aliud
1622 4279 1840 4359 quidvis
1903 4301 2092 4341 eorum
2136 4297 2258 4355 quae
2293 4280 2500 4337 mundo
2530 4281 2661 4336 huic
2688 4281 3084 4348 'subserviunt,
3133 4282 3281 4352 quod
3307 4282 3444 4340 deli-

166 4392 361 4464 quium
410 4393 632 4462 interim
679 4391 978 4462 patiantur,
1035 4387 1347 4456 complures
1419 4383 1555 4463 adeo
1596 4398 1764 4438 nosse
1820 4395 1981 4436 nemo
2042 4378 2136 4450 qui
2190 4373 2494 4467 addubitet.
2538 4374 2705 4428 Docet
2736 4377 2881 4428 enim
2940 4376 3044 4430 hoc
3093 4378 3272 4431 solere
3309 4390 3445 4432 con-

165 4484 383 4558 tingere
406 4485 489 4541 vel
513 4486 630 4555 ipse
687 4491 897 4538 naturae
947 4494 1165 4534 sensus.
1205 4474 1418 4542 Quibus
1470 4484 1648 4528 autem
1691 4471 1758 4527 de
1805 4470 1993 4525 causis
2052 4469 2182 4523 talia
2223 4465 2507 4536 contingat
2577 4465 2716 4528 ﬁeri,
2781 4480 2890 4519 non
2950 4466 3446 4525 admodum-multi

165 4586 408 4648 norunt;
450 4585 810 4650 praeterquam
844 4575 882 4629 ii
923 4572 1017 4645 qui
1055 4571 1204 4629 circa
1248 4568 1518 4638 ejusmodi
1562 4579 1748 4622 rerum
1779 4562 2145 4620 eruditionem
2178 4565 2493 4614 accuratam
2537 4573 2759 4627 operam
2790 4563 3084 4613 navarunt.

526 4693 635 4746 ΕΙΣ
693 4689 835 4744 ΤΗΝ
872 4683 1273 4743 ΕΠΙΣΤΟΛΗΝ
1301 4685 1390 4752 (τ’.

249 4787 423 4862 ’ῐερέα
453 4787 601 4855 λέγει
650 4784 741 4837 τὸν
796 4780 1184 4855 πρεσϐύτερον,
1212 4775 1214 4778 ’
1246 4775 1429 4841 καθὼς
1461 4779 1553 4832 καὶ
1599 4778 1656 4830 ὲν
1679 4775 1749 4848 τῇ

178 4873 693 4946 Ἐκκλησιαστικῇ
756 4874 1021 4943 ὶεραρχίᾳ
1078 4873 1241 4944 φησι,
1281 4871 1377 4925 καὶ
1427 4867 1751 4942 ήσυνὴθεια

165 4968 567 5040 ἐπεκράτησεν.
601 4960 766 5028 Οὗτος
818 4966 847 5017 6
892 4961 1208 5034 Σώπατρος,
1249 4962 1326 5025 ὡς
1362 4961 1526 5024 δοκεῖ,
1551 4959 1610 5012 ἓν
1639 4955 1752 5030 εἶχε

167 5060 518 5129 σπούδασμα,
537 5056 598 5109 τὸ
619 5054 687 5108 τὰ
714 5053 822 5107 τῶν
851 5051 1172 5124 ἑτεροδόξων
1196 5050 1469 5122 διασύρειν
1495 5050 1586 5102 καὶ
1615 5047 1750 5102 καθ-

164 5152 438 5225 υϐρίζεινο
473 5145 765 5202 κάντεῦθεν
821 5144 1080 5207 πολλάκις
1131 5141 1276 5204 εἰκὸς
1305 5137 1374 5212 ἦν
1443 5137 1753 5212 θαρροῦντα.

163 5244 356 5300 τοῦτον
379 5245 447 5315 τῇ
473 5240 698 5314 τοιαύτῃ
731 5237 1010 5310 προθέσει,
1062 5236 1158 5289 καὶ
1203 5233 1282 5306 τῷ
1317 5232 1544 5303 τοιούτῳ
1587 5250 1752 5286 σπου-

161 5339 426 5410 δάσματι,
482 5335 558 5399 ὡς
601 5333 709 5386 ὑπὸ
755 5330 890 5384 Θεοῦ
933 5328 1223 5400 γινομένῳ,
1263 5325 1484 5400 ἀμελεῖν
1529 5327 1621 5379 καὶ
1652 5342 1752 5380 καρ-

163 5430 546 5506 ταρρᾳθυμείν
600 5426 700 5498 τῆς
747 5424 953 5487 οἰκείας
1007 5419 1173 5476 αὑτοῦ
1222 5419 1525 5492 προκοπῆς,
1570 5416 1754 5472 ἱκανὸν

163 5526 325 5579 τοῦτο
353 5525 436 5587 εἰς
458 5521 735 5593 σωτηρίαν
789 5516 1115 5589 ⁴ἡγούμενον.
1173 5512 1505 5584 Βουλόμενος
1557 5508 1688 5580 γοῦν
1722 5511 1754 5562 6

164 5617 320 5684 ἆγιος
348 5613 577 5684 ἐκκόψαι
609 5611 766 5668 τοῦτο
795 5607 904 5663 ἀπὸ
944 5607 1038 5661 τοῦ
1080 5605 1399 5676 Σωπάτρου,
1444 5602 1521 5669 ὡς
1552 5600 1750 5674 μᾶλλον

165 5711 398 5780 οἰήσεως
437 5702 576 5759 εἶναι
621 5702 871 5773 δοκοῦνῆ
903 5700 1084 5772 ζήλου,
1118 5698 1211 5753 καὶ
1253 5698 1462 5770 πλάνην
1489 5696 1750 5769 ἐμποιοῦν

164 5801 242 5872 τῷ
284 5799 432 5871 ὀρθῷ
462 5795 728 5867 λογισμῷ,
777 5793 951 5858 ἄλλως
1005 5809 1066 5845 τε
1121 5791 1213 5846 καὶ
1265 5792 1392 5854 τοὺς
1442 5787 1633 5884 λόγους
1694 5789 1750 5841 ὲν

2244 4677 2405 4748 253
2434 4675 2502 4730 IN
2527 4673 2919 4730 EPISTOLAM
2967 4673 3055 4731 VI.

1927 4773 2276 4830 Sacerdotem
2308 4787 2434 4828 eum
2479 4770 2633 4839 dicit,
2682 4771 2775 4841 qui
2804 4777 2858 4824 et
2887 4770 3175 4842 presbyter
3205 4790 3219 4827 :
3251 4787 3446 4843 quem-

1854 4863 2147 4920 admodum
2178 4863 2322 4918 idem
2370 4861 2557 4916 docuit
2586 4861 2641 4915 in
2684 4859 3064 4915 Ecclesiastica
3098 4861 3396 4916 hieran/aia
3421 4875 3444 4915 :

1853 4956 2125 5027 istiusque
2174 4955 2474 5010 etiamnum
2527 4953 2688 5008 hodie
2725 4952 2955 5006 invaluit
3014 4954 3447 5008 nomenclatores

1854 5047 2217 5105 consuetudo.
2273 5045 2374 5101 llic
2441 5045 2608 5116 igitur
2660 5043 2923 5113 Sopater,
2970 5053 3030 5098 ut
3079 5062 3145 5100 ex
3185 5044 3445 5114 Epistolas

1854 5146 2113 5196 contextu
2138 5147 2386 5208 apparet,
2421 5135 2605 5190 studio
2654 5136 2748 5190 uni
2799 5137 3147 5191 incumbebat
3178 5144 3347 5198 totus,
3381 5145 3441 5190 ut

1858 5245 1980 5300 quae
2030 5228 2260 5284 alterius
2317 5227 2612 5296 cujuslibet
2653 5226 2750 5282 'vel
2808 5226 3089 5297 Opinionis
3151 5228 3230 5280 vel
3278 5235 3444 5284 secta:

1856 5329 2013 5379 erant
2068 5319 2310 5392 propria,
2360 5319 2691 5374 convelleret
2738 5317 3136 5373 amarulentius
3183 5324 3236 5372 et
3279 5317 3438 5373 inde-

1857 5418 2004 5475 coris
2058 5423 2374 5488 aspergeret
2427 5414 2797 5470 contumeliis.
2838 5413 2906 5467 Et
2961 5413 3090 5467 hinc
3141 5422 3437 5468 consenta-

1857 5525 2020 5566 neum
2077 5516 2163 5566 est
2217 5508 2513 5581 Sopatrum
2573 5506 2857 5579 proposito
2906 5505 3001 5559 tali
3041 5512 3204 5576 atque
3255 5505 3442 5562 studio

1859 5603 1938 5658 sic
1965 5601 2179 5658 allixnm
2208 5600 2389 5674 (quasi
2449 5601 2543 5673 qui
2576 5599 2679 5654 hac
2711 5613 2818 5652 una
2862 5613 2922 5653 re
2963 5595 3075 5652 Deo
3104 5597 3428 5653 obsecunda-

1856 5695 1961 5767 ret)
1995 5694 2205 5766 proprii
2237 5694 2457 5751 interim
2509 5691 2788 5763 profectus
2831 5689 3000 5746 fuisse
3047 5689 3438 5762 negligentem,

1857 5787 2004 5858 quod
2037 5788 2182 5844 hunc
2213 5788 2649 5860 qualemcunque
2687 5784 2863 5842 zelum
2895 5781 2964 5838 ad
2987 5784 3216 5841 salutem
3246 5783 3430 5838 existi-

242 5969 264 5998 τ
293 5956 446 6016 Psal.
479 5969 745 6025 cxxxviu,
775 5951 832 6012 6.
911 5962 931 5992 ι
958 5949 1003 6006 ΙΙ
1035 5948 1164 6008 Cor.
1198 5965 1276 6019 ix,
1308 5947 1396 6008 15.
1481 5950 1496 5986 ι
1534 5943 1734 6018 Philip.
1769 5960 1846 6014 Iv,
1883 5947 1933 6003 Ἰ.
