3896 6540
491 431 593 485 451

1257 417 1602 476 APPENDIX
1639 418 1731 474 AD
1768 410 1996 474 OPERA
2029 415 2086 470 S.
2123 405 2421 470 DlONYSll
2449 404 2929 468 AREOPAGlT/E.

3631 410 3735 472 ωε

492 550 663 602 maret
697 539 962 597 sufﬁcere.
1007 523 1247 608 Cupiens
1281 537 1447 607 igitur
1498 543 1723 593 sanctus
1755 535 1858 588 hoc
1896 548 1925 585 a
1963 530 2057 585 So-

2165 527 2343 599 κρίσει
2368 525 2708 597 ποιούμενος,
2740 527 2833 579 καὶ
2858 523 3014 589 εἰδὼς
3043 524 3176 598 (51),
3198 521 3274 589 ὡς
3319 523 3380 578 τὸ
3403 518 3614 579 τοιοῦτο
3640 527 3736 596 μὲν

492 635 630 707 patri
666 634 848 688 animo
905 630 1218 702 praecidere,
1259 628 1480 697 quando
1530 643 1597 682 ex
1640 622 1926 695 impotenti
1975 637 2064 675 ar—

489 724 739 794 rogantia
787 721 1062 793 proﬁcisci
1120 719 1176 772 id
1231 719 1520 772 videbatur
1556 715 1730 786 magis
1778 728 1942 784 quam
1996 726 2064 766 ex

489 815 706 884 pietatis
737 814 874 876 zelo,
927 827 990 866 ac
1045 823 1287 865 errorem
1340 807 1528 862 indere
1571 814 1732 861 recta:
1775 802 2064 858 ratiocina-

489 907 646 967 tioni,
697 905 912 974 aliaque
962 904 1176 957 ratione
1230 901 1512 958 sermones
1572 914 1696 953 cum
1743 897 1955 967 judicio
1985 896 2066 948 in-

489 998 726 1052 stituens
778 1005 832 1051 et
889 995 1092 1058 sciens,
1139 993 1396 1062 quoniam
1435 989 1705 1060 ejusmodi
1763 987 2062 1044 acrimonia

427 1159 437 1169 ⁸
485 1089 776 1151 verborum
819 1087 960 1157 apud
1011 1102 1106 1141 eos
1163 1085 1456 1140 conciliare
1505 1083 1676 1137 soleat
1723 1078 2059 1138 inimicitias,

485 1181 751 1236 adversus
782 1195 921 1249 quos
975 1177 1298 1240 intenditur,
1357 1175 1726 1228 lucri-autem
1781 1187 1850 1225 ne
1882 1167 2063 1222 tantil-

485 1274 596 1326 lum
631 1271 852 1343 quidem
883 1291 896 1325 ε
931 1286 1052 1325 cum
1088 1277 1302 1330 contra,
1335 1268 1456 1338 pius
1486 1281 1615 1335 erga
1643 1264 1780 1319 tales
1825 1263 2061 1317 benevo-

487 1366 664 1418 lentia:
697 1363 942 1426 affectus,
979 1361 1218 1421 dilectio.
1258 1365 1630 1428 praesentanea
1657 1354 1920 1410 exhibitio
1947 1351 2061 1407 olli-

486 1456 558 1509 cii
601 1456 654 1510 in
686 1454 954 1508 maximos
1008 1452 1136 1507 licet
1174 1464 1390 1506 errores
1416 1448 1699 1503 devolutos
1740 1446 2061 1516 plerumque

487 1546 553 1600 ad
584 1544 926 1600 rectitudinis
956 1543 1154 1597 lineam
1183 1547 1418 1606 revocet,
1446 1544 1836 1606 convertatque
1861 1551 2058 1589 unum-

487 1637 782 1708 quemlibet
811 1643 1120 1702 errantem;
1173 1643 1231 1688 ut
1257 1632 1353 1703 qui
1411 1632 1517 1687 sibi
1546 1631 1662 1701 ipse
1697 1628 2056 1699 persuaserit,

2166 619 2466 688 ἀπέχθειαν
2498 616 2914 687 κατεργάζεται,
2967 617 3087 670 καθ’
3109 611 3182 671 ὧν
3215 618 3263 670 οἱ
3294 616 3441 687 λόγοι
3468 618 3732 687 λέγονται,

2164 711 2354 781 κέρδος
2381 710 2436 762 δέ
2474 709 2532 762 ού
2584 707 2645 762 τὸ
2673 708 2832 778 τυχὸν
2891 708 3159 780 προξενεῖο
3213 709 3275 762 τὸ
3300 709 3356 763 δὲ
3394 710 3735 778 ἀγαθοθελῶς

2162 802 2462 856 διακεῖσθαι
2492 801 2690 872 μᾶλλον
2723 799 2857 872 πρὸς
2897 802 3022 865 τοὺς
3065 802 3340 866 τοιούτους
3372 803 3469 857 καὶ
3521 803 3733 872 ἀγαπᾷν

2162 895 2257 948 καὶ
2286 894 2622 965 προσίεσθαι,
2661 893 2914 966 κατορθοῖ
2944 892 3198 958 πολλάκις
3243 895 3312 948 τὰ
3351 895 3615 966 μέγιστα,
3645 895 3735 949 καὶ

2161 984 2254 1037 τὸν
2305 982 2652 1055 πλανώμενον
2690 982 3026 1054 ἐπιστρέφει,
3076 983 3388 1050 πεισθέντα,
3447 985 3533 1037 ὅτι
3561 986 3621 1036 οὐ
3648 984 3733 1037 διά

2162 1084 2376 1150 κακίαν,
2412 1084 2546 1138 ἀλλὰ
2592 1085 2656 1138 δι’
2687 1085 2905 1155 ἀγάπην
2938 1083 3134 1156 μᾶλλον
3183 1086 3276 1138 καὶ
3329 1085 3656 1157 κηδεμονίαν
3684 1084 3733 1142 οί

2163 1175 2310 1245 λόγοι
2356 1178 2612 1245 γίνονται.
2674 1175 2771 1229 Διά
2831 1176 2988 1229 τοῦτο
3050 1175 3230 1249 τίθησι
3289 1177 3387 1250 τὴν
3445 1179 3732 1251 ἐπιστολὴν

2160 1267 2363 1338 ταύτην
2425 1267 2673 1337 ἐκφοϐῶν
2725 1263 2906 1332 αὐτὸν,
2960 1267 3156 1338 μήπως
3201 1267 3308 1323 ἀπὸ
3359 1270 3460 1340 τῆς
3481 1271 3732 1342 τοιαύτης

2159 1360 2390 1430 οἰήσεως
2413 1359 2864 1430 ἐγκαταλειφθείη
2905 1360 3056 1431 παρά
3089 1358 3243 1428 Θεοῦ,
3276 1362 3368 1415 καὶ
3403 1363 3542 1434 ὅπερ
3571 1365 3734 1430 ἐγκα-

2159 1450 2242 1502 λεῖ
2296 1450 2430 1521 πρὸς
2489 1451 2760 1515 ἐκείνους,
2814 1449 2974 1514 αὐτὸς
3020 1451 3266 1506 πείσεται
3337 1453 3481 1523 (52),
3543 1455 3602 1520 ἐξ
3660 1448 3731 1507 ὧν

2159 1541 2370 1611 ἐλέγχει
2423 1543 2662 1606 ἐκείνους
2727 1542 2887 1605 αὐτὸς
2930 1543 3271 1614 περιπίπτων
3331 1546 3426 1598 καὶ
3492 1545 3732 1616 βλασφη-

2165 1633 2278 1704 μῶν
2311 1632 2444 1704 (55).
2503 1634 2664 1703 Λέγει
2706 1635 2904 1699 τοίνυν,
2935 1634 3098 1687 ὅτιού
3128 1635 3207 1688 δεῖ
3249 1635 3347 1700 τάς
3396 1632 3604 1708 ἐτέρων
3646 1637 3729 1690 δό-

487 1727 614 1797 quia
656 1741 935 1782 sermones
989 1725 1078 1779 isti
1111 1739 1222 1778 non
1254 1738 1285 1776 a
1329 1721 1665 1792 malignitate
1708 1716 2057 1788 proﬁciscnn-

2163 1722 2258 1790 ξας
2315 1723 2637 1789 διαᾶάλλειν,
2697 1725 2831 1779 ἀλλὰ
2862 1727 2960 1799 τὴν
3028 1726 3162 1781 ἰδίαν
3213 1729 3497 1800 κρατύνειν
3521 1747 3534 1760 ·
3599 1729 3733 1785 ἀλλὰ

488 1827 598 1882 tur,
629 1819 810 1888 potius
839 1833 868 1871 a
899 1815 1192 1872 dilectione
1239 1821 1293 1870 et
1323 1811 1543 1884 provida
1569 1826 1696 1882 erga
1725 1825 1785 1865 se
1816 1823 1947 1864 cura
1977 1809 2057 1862 lo-

2160 1819 2286 1872 οὐδὲ
2333 1817 2473 1872 κατὰ
2516 1817 2671 1888 δόξης
2714 1818 2747 1889 ἢ
2779 1815 3072 1890 θρησκείας
3108 1818 3208 1873 οὐκ
3237 1820 3447 1892 ἀγαθῆς
3476 1820 3733 1892 φαινομέ-

485 1887 725 1976 quentis.
774 1905 855 1960 Ob
917 1905 1058 1960 hanc
1111 1917 1355 1966 causam,
1395 1909 1714 1972 praesentem
1756 1896 2056 1968 epistolam

2161 1927 2258 1980 νης
2289 1912 2542 1982 γράφειν,
2592 1908 2707 1963 ἀλλ’
2736 1887 2885 1981 ιςέὲρ
2938 1907 3210 1980 ἀληθείας.
3259 1887 3500 1975 uaga;
3538 1887 3729 1977 τοῦτο,

487 2000 700 2063 scribit,
751 2013 858 2068 qua
932 1996 1226 2052 exterritus
1293 1993 1524 2063 Sopater
1572 1985 1906 2060 provideret,
1962 2001 2060 2041 ne-

485 2090 706 2161 quando
754 2089 1088 2160 impudentis
1136 2087 1298 2142 istius
1350 2083 1672 2155 arrogantia:
1726 2096 1758 2134 a
1822 2077 1929 2134 Deo
1960 2094 2058 2132 coo

483 2189 846 2253 argueretur,
891 2189 946 2236 et
1002 2179 1148 2251 quod
1214 2179 1272 2233 in
1331 2178 1455 2232 aliis
1509 2172 1881 2246 reprehendit,
1939 2171 2057 2242 ipse

484 2275 753 2338 crederet,
791 2274 845 2327 in
899 2289 963 2328 ea
994 2287 1227 2343 quorum
1283 2271 1406 2326 illos
1443 2267 1624 2339 arguit
1689 2266 1968 2336 delapsus,
2003 2270 2057 2318 et

484 2365 624 2420 male
653 2365 721 2420 de
759 2363 869 2420 Deo
927 2363 1189 2420 sentiens.
1251 2361 1393 2417 Dicit
1453 2361 1622 2430 igitur
1669 2365 1894 2414 sanctus
1943 2368 2056 2409 non

484 2466 738 2526 oportere
775 2457 1008 2512 alienam
1056 2453 1342 2508 traducere
1390 2451 1722 2521 opinionem,
1768 2462 1924 2504 suam
1953 2461 2055 2498 au-

483 2557 591 2602 tem
620 2548 959 2602 communire
1028 2544 1330 2600 rationibus
1389 2541 1693 2613 permittit;
1747 2538 1842 2593 sed
1875 2550 2057 2604 neque

484 2653 777 2706 adversum
807 2649 975 2704 ullius
997 2647 1310 2718 opinionem
1338 2653 1431 2698 aut
1456 2642 1775 2712 religionem
1827 2635 2056 2692 distrin-

484 2743 695 2814 gendus
741 2748 826 2798 est
872 2741 1138 2803 calamus,
1169 2736 1384 2792 etiamsi
1436 2733 1757 2802 neutiquam
1783 2731 1926 2784 bona
1960 2743 2057 2798 ap-

482 2842 701 2905 pareat;
740 2833 834 2889 sed
876 2847 976 2902 pro
1005 2830 1235 2886 veritate
1289 2826 1489 2883 selum.
1533 2825 1602 2880 At
1631 2838 1761 2895 quo,
1816 2819 2054 2892 inquies,

479 2959 643 3022 pacto
671 2949 726 3004 id
753 2947 880 3002 ﬁet?
917 2945 1172 2999 Proxima
1213 2943 1455 3012 epistolae
1498 2955 1626 3011 pars
1652 2937 1914 2994 declarat.
1948 2933 2056 2988 Po-

480 3054 590 3099 test
621 3059 762 3097 unus
792 3039 1065 3112 quispiam
1131 3037 1230 3108 (ait
1265 3034 1451 3104 Pater)
1507 3033 1649 3087 inter
1697 3039 1810 3084 tam
1857 3028 2051 3094 multa,

483 3133 828 3206 splendidum
859 3129 1078 3200 aliquod
1108 3127 1450 3183 mendacium
1487 3126 1616 3180 dum
1641 3121 1909 3192 coarguit,
1939 3120 2056 3190 ipse

482 3239 703 3297 quoque
756 3225 1012 3278 aberrare
1058 3234 1090 3272 a
1134 3216 1475 3286 verozquod
1508 3212 1708 3283 alioqui
1750 3226 1918 3266 unum
1947 3217 2053 3272 est,

2159 2002 2342 2072 φησιν,
2393 2003 2426 2073 ἡ
2481 1999 2608 2072 ἐξῆς
2663 1999 2917 2072 ἐπιστολὴ
2975 2001 3277 2072 σαφηνίζει.
3334 2001 3570 2056 Δύναται
3620 2005 3732 2074 γάρ

2158 2107 2261 2156 τις,
2289 2092 2440 2164 φησὶ,
2485 2094 2546 2147 τὸ
2573 2095 2629 2147 ἐν
2681 2094 2892 2157 πολλοῖς
2939 2095 3213 2166 προφανὲς
3251 2096 3442 2165 ψεῦδος
3475 2097 3729 2169 ἐλέγχων,

2160 2180 2323 2246 αὐτὸς
2354 2183 2738 2256 διαμαρτάνειν
2766 2184 2862 2237 τοῦ
2885 2183 3135 2255 ἀληθοῦς,
3170 2187 3304 2258 ὅπερ
3365 2187 3424 2240 ἐν
3469 2189 3588 2241 ἐστι
3643 2184 3732 2239 ml.

2159 2271 2407 2346 κρύφιον.
2439 2275 2553 2330 Μία
2604 2277 2712 2348 γάρ
2750 2278 2894 2331 ἐστιν
2925 2277 3179 2349 ἀλήθεια·
3234 2279 3462 2350 κρύφιον
3513 2279 3595 2342 δέ,
3646 2280 3730 2333 διὰ

2157 2365 2219 2419 τὸ
2283 2367 2540 2437 μυστικὸν
2588 2368 2695 2421 τῶν
2761 2368 3064 2439 δογμάτων,
3118 2368 3212 2422 καὶ
3260 2368 3458 2442 πολλῆς
3505 2369 3732 2442 ἐρεύνης

2162 2457 2298 2529 μετὰ
2343 2458 2441 2530 τῆς
2465 2456 2612 2524 θείας
2637 2460 2883 2531 δεόμενον
2911 2461 3149 2533 χάριτος,
3187 2460 3296 2517 οἷον
3345 2463 3639 2534 Νεστόριος
3664 2462 3728 2518 τά

2172 2549 2378 2621 Ἀρείου
2423 2549 2518 2602 καὶ
2583 2551 2982 2624 Ἀπολλιναρίου
3046 2553 3311 2620 διασείων,
3365 2555 3456 2607 καὶ
3487 2553 3730 2627 Εύτυχὴς

2158 2650 2253 2703 καὶ
2281 2650 2564 2722 Διόσκορος
2594 2651 2662 2706 τὰ
2712 2651 2805 2707 τοῦ
2857 2655 3184 2725 Νεστορίου’
3235 2655 3267 2726 ἢ
3297 2655 3470 2728 ἕτεροι
3500 2657 3730 2712 τοιοῦτοι

2157 2743 2358 2814 ὁμοίων
2388 2744 2589 2815 ἐτέρων
2636 2747 2715 2808 εἰς
2755 2745 2946 2817 ἐτέρας
2995 2747 3229 2811 ἀτόπους
3277 2747 3517 2821 αἱρέσεις
3542 2750 3729 2814 ἐξέπε-

2160 2850 2270 2887 σον.
2325 2835 2530 2905 Μηδεὶς
2556 2835 2612 2888 δέ
2643 2836 2708 2890 ἐκ
2741 2837 2944 2891 τούτων
2996 2840 3443 2911 παρακρουέσθω,
3487 2842 3727 2895 ἀποϐάλ-

2158 2924 2342 2979 λεσθαι
2394 2926 2462 2980 τά
2521 2927 2662 2981 κατά
2719 2929 2826 2982 τῶν
2894 2926 3212 3002 ἑτεροδόξων
3282 2934 3570 3005 πονήματα
3622 2934 3729 2987 τῶν

2159 3016 2414 3090 Πατέρων
2462 3018 2554 3073 τὸν
2605 3021 2756 3088 ἅγιον
2777 3037 2790 3050 ·
2836 3021 2898 3073 οὐ
2940 3021 3048 3094 γὰρ
3079 3021 3235 3076 τοῦτό
3271 3041 3430 3095 φησιν
3461 3027 3490 3077 ό
3515 3026 3724 3096 Πατὴρ,

2157 3108 2219 3161 τδ
2272 3110 2346 3181 μὴ
2403 3109 2642 3182 ἐλέγχειν
2692 3113 2786 3165 καὶ
2834 3113 3157 3185 ἀνατρέπειν
3209 3116 3308 3180 τὰς
3365 3117 3473 3171 τῶν
3516 3118 3728 3171 ἀσεϐῶν

2157 3198 2343 3265 δόξαςο
2379 3202 2501 3255 ἐπεὶ
2559 3201 2675 3266 πῶς
2725 3202 2887 3267 αὐτὸς
2936 3204 2993 3256 ἐν
3035 3203 3113 3274 τῷ
3172 3206 3313 3274 Περὶ
3375 3209 3549 3262 θείων
3600 3209 3730 3262 ὀνο-

485 3317 580 3372 sed
622 3315 920 3370 occultum.
975 3308 1096 3365 Una
1124 3309 1268 3363 enim
1317 3313 1403 3362 est
1448 3305 1690 3360 veritas:
1725 3303 1843 3372 ipsa
1874 3309 2053 3354 tamen

2159 3289 2354 3360 μάτων
2410 3293 2598 3364 βιϐλίῳ
2660 3293 2728 3347 τὰ
2793 3293 2888 3347 τοῦ
2947 3294 3150 3367 Ἔλύμα
3193 3297 3560 3364 διασαλεύων;
3613 3295 3726 3352 ἀλλ’

485 3409 616 3480 quid
648 3420 933 3468 arcanum,
967 3408 1189 3474 prOpter
1212 3399 1496 3470 mysticam
1545 3395 1858 3465 dogmatum
1892 3390 2053 3446 intel-

486 3498 792 3569 ligentiam,
843 3509 1062 3565 quoque
1122 3506 1260 3560 opus
1310 3488 1507 3542 habeat
1565 3485 1734 3538 multa
1775 3481 2051 3552 indagine,

483 3598 816 3670 praelucente
871 3592 1229 3649 nihilominus
1279 3587 1375 3642 Dei
1429 3585 1622 3657 gratia.
1663 3569 1930 3653 Exemplo
1971 3591 2056 3639 est

482 3689 791 3754 NestOrius,
825 3687 956 3742 dum
1008 3683 1126 3739 Arii
1152 3679 1581 3752 Apollinariique
1613 3677 1810 3747 placita
1836 3677 2056 3731 convel-

482 3787 568 3840 lit.
631 3783 904 3854 Eutyches
969 3786 1023 3834 ct
1078 3777 1413 3838 Dioscorus,
1482 3785 1604 3842 qua:
1654 3771 1872 3841 prOpria
1927 3776 2057 3825 sunt

482 3876 740 3941 Nestorii,
764 3871 927 3944 254
955 3871 1070 3928 sive
1101 3868 1194 3922 alii
1237 3866 1324 3921 isti
1357 3865 1592 3927 similes,
1647 3863 1776 3918 dum
1822 3863 2052 3916 aliorum

482 3968 772 4039 opiniones
803 3966 1114 4035 exagitant,
1157 3962 1211 4014 in
1250 3959 1384 4012 alias
1435 3957 1538 4027 ipsi
1587 3971 1835 4026 peraeque
1871 3954 2055 4009 confu-

483 4075 681 4115 saneas
728 4058 964 4112 haereses
1011 4053 1249 4125 prolapsi
1300 4055 1448 4106 sunt.
1500 4046 1670 4102 Nemo
1725 4054 1904 4100 autem
1961 4061 2057 4116 per

481 4151 600 4205 haec
647 4149 950 4204 abducalur
1010 4146 1066 4199 in
1117 4157 1381 4206 errorem,
1438 4147 1498 4193 ut
1544 4136 1754 4202 credat,
1803 4145 2052 4193 sanctum

480 4256 707 4296 monere
754 4237 1121 4310 repudiandos
1178 4249 1299 4290 esse
1330 4233 1544 4286 labores
1585 4246 1616 4283 a
1648 4229 1902 4286 Patribus
1932 4244 2059 4299 ope-

481 4332 767 4388 rosissime
790 4339 1076 4400 susceptos
1111 4325 1374 4381 adversus
1414 4323 1754 4393 opinionesa
1792 4319 1896 4374 ﬁde
1927 4320 2059 4374 alie-

479 4439 607 4477 nas.
638 4422 754 4476 Non
785 4422 888 4476 hoc
919 4419 1156 4476 eximius
1180 4416 1434 4470 admonet
1485 4410 1668 4474 Pater,
1695 4418 1754 4464 ut
1782 4425 1850 4464 ne
1903 4408 2054 4464 vide-

484 4514 611 4567 licet
638 4528 924 4581 coarguas,
954 4525 1057 4564 neu
1087 4505 1403 4562 demoliaris
1428 4499 1829 4556 commcntitias
1860 4513 2059 4568 propo-

2155 3393 2236 3445 ὅτι
2280 3393 2340 3445 οὐ
2392 3393 2496 3466 χρὴ
2531 3393 2672 3448 κατά
2737 3395 3145 3466 προηγούμενον
3209 3397 3364 3467 λόγον
3439 3397 3523 3462 είς
3568 3400 3728 3453 τοῦτο

2156 3483 2578 3555 ἐνασχολεῖσθαι,
2641 3485 2702 3538 τὸ
2745 3486 2868 3538 καθ’
2915 3487 3114 3559 ἐτέρων
3155 3487 3357 3558 λέγειν·
3412 3489 3549 3543 ἀλλά
3608 3492 3726 3545 τότε

2155 3583 2352 3652 λέγειν,
2385 3586 2472 3638 ὅτε
2504 3585 2662 3657 τυχὸν
2707 3586 2862 3660 χρεία
2915 3589 3028 3652 τοῖς
3075 3588 3253 3653 ἄλλοις
3305 3591 3592 3660 ὠφελείας,
3639 3595 3725 3646 ὅτε

2156 3676 2439 3746 κατισχύει
2464 3677 2525 3730 τὸ
2552 3677 2767 3747 ψεῦδος,
2817 3679 2905 3733 ὅτε
2940 3680 3251 3735 σαλεύονται
3279 3685 3327 3736 οι
3358 3686 3558 3739 πιστοί.
3597 3686 3727 3738 Τότε

2157 3763 2286 3833 γοῦν
2317 3767 2742 3838 προηγουμένως
2770 3768 2867 3838 μὲν
2903 3767 2994 3822 τὸν
3016 3770 3116 3839 τῆς
3142 3771 3394 3842 ἀληθείας
3418 3774 3728 3828 ἐκτίθεσθαι

2156 3855 2261 3928 χρὴ
2291 3856 2446 3925 λόγον
2503 3858 2596 3911 καὶ
2629 3858 3020 3930 ἡκριϐωμένως
3042 3873 3056 3890 ⁸
3112 3860 3402 3931 μετέπειτα
3427 3864 3483 3917 δὲ
3513 3866 3609 3918 καὶ
3659 3867 3724 3938 τῇ

2157 3948 2474 4020 ἀντιρῤήσει
2533 3949 2672 4002 κατά
2747 3945 2847 4019 τῆς
2897 3950 3002 4004 τῶν
3055 3952 3264 4006 ἀσεϐῶν
3310 3954 3729 4020 ἐπαναστάσεως

2155 4042 2386 4112 χρῆσθαι
2418 4038 2552 4110 (54),
2621 4041 2696 4112 μὴ
2743 4041 2897 4112 νίκην
2951 4040 3278 4112 ζητοῦντας,
3345 4043 3456 4099 ἀλλ’
3483 4047 3728 4117 ἀδελφῶν

2155 4131 2456 4203 διόρθωσιν.
2507 4131 2674 4185 Τοῦτό
2707 4149 2836 4202 φησι
2886 4133 2978 4186 καὶ
3011 4136 3040 4187 ό
3095 4133 3336 4206 θεολόγος
3392 4138 3565 4208 μέγας
3595 4141 3730 4213 Γρη.

2155 4222 2357 4293 γόριος,
2391 4220 2481 4292 Μὴ
2509 4221 2684 4276 πάντα
2723 4224 2896 4294 νικᾷν,
2925 4223 3038 4277 ἀλλ’
3063 4225 3209 4279 ἔστιν
3252 4219 3312 4280 οὗ
3346 4230 3439 4282 καὶ
3463 4229 3726 4301 ἡττᾶσθαι
3828 4214 3838 4227 ’

2157 4311 2487 4384 ἀνάσχεσθε..
2515 4313 2670 4367 θέλει
2721 4312 2850 4382 γοῦν
2906 4316 3313 4386 ἀναλογίζεσθαι
3359 4321 3388 4374 ὁ
3439 4321 3582 4376 κατά
3617 4323 3728 4378 τῶν

2157 4405 2337 4469 ποσῶς
2367 4404 2620 4460 ἐναντίων
2671 4403 2862 4473 λέγων,
2910 4405 3006 4471 ὡς,
3043 4408 3129 4460 ὅτε
3183 4409 3247 4480 δὴ
3276 4410 3368 4463 καὶ
3417 4415 3543 4484 νικᾷ
3577 4410 3724 4484 (55),

2157 4502 2257 4558 οὐκ
2287 4504 2378 4574 ἀφ’
2404 4501 2595 4557 ἑαυτοῦ
2655 4504 2801 4557 ἐστιν
2861 4505 2894 4575 ἡ
2945 4504 3097 4574 νίκη,
3149 4505 3283 4560 ἀλλά
3327 4508 3434 4560 ἀπὸ
3494 4508 3592 4563 τοῦ
3631 4509 3726 4582 τῆς

485 4605 713 4658 sitiones
740 4603 1053 4672 impiorum.
1115 4598 1329 4667 Alioqui
1364 4609 1492 4666 qua,
1549 4607 1755 4664 quaeso,
1789 4591 1966 4646 fronte
2001 4590 2056 4644 in

2163 4594 2415 4666 ἀληθείας
2479 4594 2697 4665 κύρους,
2775 4596 2841 4665 ἢν
2883 4585 3036 4659 οὗτος
3087 4597 3322 4667 κατέχει.
3393 4598 3562 4672 ’Υπὲρ
3619 4603 3725 4669 γάρ

485 4709 650 4765 opere
701 4693 1009 4746 Divinarum
1066 4690 1336 4743 nominum
1383 4686 1633 4755 dogmata
1666 4684 1867 4755 Elymte
1915 4681 2057 4751 magi

2160 4687 2339 4740 πάντα
2377 4687 2522 4757 νικᾷ,
2583 4687 2767 4757 φησιν,
2811 4687 2843 4756 ἡ
2897 4685 3141 4756 ἀλήθεια.
3214 4689 3323 4742 Καὶ
3353 4689 3526 4754 οὕτως
3555 4693 3621 4744 οὐ
3651 4692 3726 4764 μὴ

486 4791 567 4844 sic
619 4784 964 4856 exagitaret?
999 4781 1130 4846 lmo,
1159 4781 1315 4850 juxta
1367 4777 1631 4832 rationem
1664 4775 2056 4846 praeinductam

2159 4779 2405 4832 πεσεῖταί
2431 4791 2558 4830 ποτε
2587 4776 2664 4840 είς
2693 4776 2942 4848 ἐπαρσινσ
2962 4777 3068 4831 οὐδ’
3091 4778 3152 4831 οὑ
3181 4781 3254 4850 μὴ
3275 4778 3726 4854 ἐγκαταλειφθείη

483 4881 654 4942 Patri,
692 4879 950 4932 docemur
1014 4889 1122 4928 non
1172 4879 1424 4942 oportere
1472 4870 1528 4924 in
1590 4868 1698 4922 hoc
1745 4867 2057 4922 incumbere

2159 4865 2264 4920 ἀπὸ
2308 4865 2442 4919 Θεοῦ
2493 4867 2573 4931 είς
2624 4866 2716 4930 τὸ,
2779 4865 2838 4921 ἐν
2898 4866 3007 4939 ὅσῳ
3050 4869 3266 4941 ἐτέρους
3315 4871 3554 4943 ἐλέγχει,
3625 4890 3726 4928 κα-

485 4971 853 5049 mubitiosius,
886 4975 945 5022 ut
978 4965 1244 5020 adversus
1267 4962 1406 5016 alios
1429 4961 1638 5016 dixisse
1690 4959 1933 5026 videare;
1959 4957 2054 5013 sed

2159 4957 2447 5049 ταπίπτειν
2530 4956 2692 5020 αὐτὸς
2767 4958 2848 5020 είς
2927 4958 3110 5031 ἕτερον
3188 4959 3535 5033 βλασφημίας
3614 4964 3727 5018 ὕλι-

483 5076 614 5118 tunc
649 5045 767 5115 tibi.
793 5059 1082 5114 dicendum
1121 5055 1165 5109 si
1196 5068 1302 5123 qua
1357 5051 1497 5106 forte
1521 5049 1785 5121 ingruerit
1812 5049 2052 5103 necessi-
2157 5045 2302 5102 σοον.

476 5168 562 5213 tas
591 5173 654 5212 ea
704 5153 942 5216 dicendi,
976 5166 1097 5222 quae
1125 5149 1248 5205 aliis
1301 5146 1588 5219 profutura
1626 5150 1933 5216 sperentur.
1957 5140 2094 5198 Nam
2139 5140 2358 5213 quando
2389 5140 2672 5196 invalescit
2705 5138 2933 5207 falsitas,
2969 5156 3094 5198 cum
3142 5144 3342 5201 misere
3383 5143 3724 5205 colliduntur

477 5247 931 5316 cxagitanturque
999 5240 1222 5304 ﬁdeles;
1269 5245 1401 5290 tunc
1445 5250 1577 5292 sane
1630 5234 1716 5289 vel
1755 5234 1811 5288 in
1853 5233 2045 5303 primis
2079 5232 2325 5287 veritatis
2388 5232 2530 5285 ratio
2586 5232 2952 5300 expromenda
3011 5236 3160 5289 omni
3213 5249 3336 5291 cum
3397 5239 3718 5310 diligentia,

480 5349 665 5409 postea
694 5352 822 5392 vero
863 5351 958 5390 seu
1019 5329 1370 5396 secundario,
1412 5328 1742 5383 refutatione
1802 5326 1966 5381 etiam
2016 5325 2278 5379 adversus
2321 5323 2611 5392 impiorum
2672 5325 3130 5394 oppugnationem
3178 5330 3459 5396 utendum,
3509 5333 3595 5388 sic
3635 5341 3725 5387 ta-

479 5452 626 5498 men,
673 5443 731 5489 ut
785 5435 1017 5487 fratrum
1067 5424 1489 5489 correctionem,
1530 5438 1640 5477 non
1695 5423 1824 5477 item
1875 5419 2221 5475 ambitiosam
2289 5417 2573 5472 victoriam
2635 5418 2919 5488 quasiisse
2969 5418 3268 5477 videamur.
3336 5421 3451 5477 Hoc
3519 5426 3720 5496 quippe

478 5536 582 5590 est,
617 5526 762 5595 quod
810 5526 884 5580 ait
919 5525 1204 5594 theologus
1239 5522 1330 5578 ille
1377 5520 1716 5577 admirabilis
1760 5518 2094 5590 Gregorius:
2126 5513 2247 5570 Non
2299 5513 2662 5584 undecunque
2709 5515 2999 5586 quarenda
3056 5525 3140 5575 est
3188 5520 3282 5574 tibi
3339 5520 3521 5590 palma
3552 5521 3722 5575 victo-

481 5624 594 5677 riae.
630 5621 723 5677 Est
753 5623 920 5685 enim,
952 5621 1044 5678 ubi
1067 5628 1120 5676 te
1138 5619 1285 5675 vinci
1320 5617 1592 5675 sustinere
1625 5614 1842 5671 debeas.
1875 5613 2044 5670 Debet
2075 5613 2259 5682 itaque
2298 5607 2391 5681 qui
2417 5618 2608 5665 contra
2663 5612 3042 5683 quadantenus
3084 5610 3427 5666 adversarios
3451 5611 3720 5679 disputat,

481 5715 740 5785 cogitare,
768 5714 934 5784 quod,
965 5713 1184 5786 quando
1214 5712 1443 5768 victoria
1492 5708 1791 5778 contingit,
1830 5723 1939 5762 non
1976 5723 2074 5762 sua
2105 5705 2305 5760 virtute
2361 5705 2578 5770 vincat;
2614 5703 2708 5760 sed
2748 5711 3016 5775 potestate
3061 5703 3326 5768 veritatis,
3381 5718 3545 5773 quam
3591 5705 3722 5758 talis

486 5815 708 5869 tlriittct.
749 5810 920 5881 Super
965 5812 1149 5866 omnia
1185 5809 1330 5866 enim
1389 5807 1486 5876 (ait
1523 5804 1830 5878 Scriptura)
1869 5803 2070 5859 veritas
2112 5801 2300 5858 vincit.
2361 5798 2434 5854 ita
2489 5798 2708 5854 demum
2761 5799 2876 5865 ﬁet,
2908 5805 2967 5852 ut
3011 5798 3065 5852 in
3114 5797 3316 5851 nullam
3363 5795 3570 5851 incidat
3617 5797 3719 5850 ali-
