3896 6540
99 423 206 479 455

847 424 1291 480 ΡΑΕΗΫΜΕΒᾹΞ
1333 420 1818 480 PARAPHRASIS
1850 424 1916 480 IN
1951 421 2098 481 EPP.
2138 425 2195 482 S.
2230 425 2550 485 DIONYSII.

3224 431 3331 492 ιει

95 538 314 608 quando
362 541 561 594 mentis
619 541 940 608 elationem;
1013 545 1108 600 sed
1171 560 1272 600 nec
1327 561 1430 616 ope
1477 547 1662 601 divina
1693 545 2023 602 destituetur
2049 555 2296 614 eatenus,
2330 559 2408 615 ut,
2454 550 2583 604 dum
2607 551 2744 605 alios
2803 549 3170 622 reprehendit.
3209 561 3330 606 ruat

95 640 208 709 ipse
228 655 327 711 per
352 656 594 712 praeceps
630 642 682 695 in
724 644 946 697 alteram
982 645 1278 712 quamlibet
1326 647 1481 716 lapsu
1520 647 1816 717 proclivem
1846 646 2260 717 blasphemiam.

468 737 575 789 ΕΙΣ
615 737 754 790 ΤΗΝ
809 740 1204 794 ΕΠΙΣΤΟΛΗΝ
1233 742 1306 795 Z'.

169 826 228 880 '0
265 827 419 895 ἅγιος
475 825 627 892 οὗτος
689 830 1043 900 Πολύκαρπος
1094 832 1346 904 Σμύρνης
1396 834 1454 886 ἐν
1507 832 1661 904 Ἀσία

87 917 306 986 γέγονεν
349 920 667 985 ἐπίσκοπος,
725 923 999 995 ἀκροατὴς
1058 925 1344 995 γενόμενος
1381 925 1474 978 τοῦ
1503 927 1658 994 ἁγίου

86 1008 383 1062 ἀποστόλου
453 1012 546 1063 καὶ
583 1011 968 1080 εὐαγγελιστοῦ
1021 1013 1277 1068 ’Ἰωάννου
1336 1014 1430 1068 τοῦ
1482 1015 1661 1068 θεολό-

83 1115 200 1167 γου,
255 1101 441 1164 καθὼς
497 1105 588 1156 καὶ
644 1105 931 1176 Εἰρηναῖος
998 1107 1057 1159 ὲν
1105 1107 1182 1178 τῷ
1254 1109 1419 1180 τρίτῳ
1471 1109 1658 1181 βιϐλίῳ

82 1192 186 1244 τῶν
251 1195 417 1247 Κατὰ
473 1193 582 1261 τῆς
639 1195 1033 1267 ψευδωνύμου
1096 1199 1372 1269 γνώσεως
1394 1201 1525 1272 (56),
1581 1201 1658 1264 ὼς

81 1285 128 1335 οἱ
181 1285 405 1338 παλαιοὶ
447 1284 687 1354 λέγουσι,
738 1289 903 1360 φησὶ,
969 1290 1062 1343 καὶ
1119 1292 1401 1363 μαρτυρίῳ
1451 1292 1528 1363 τῷ
1567 1291 1656 1346 διὰ

80 1376 251 1447 πυρὸς
279 1377 587 1450 ἐτελειώθη.
630 1381 782 1451 Ἔχει
813 1381 870 1435 δὲ
911 1382 1197 1452 ἐπιστολὴν
1247 1384 1276 1436 ὀ
1331 1385 1492 1448 αὐτὸς
1515 1385 1656 1448 θεῖος

81 1466 438 1539 Πολύκαρπος
484 1471 622 1542 πρὸς
675 1471 1088 1545 Φιλιππησίους.
1136 1474 1492 1529 Ἐπιστέλλων
1523 1475 1656 1545 γοῦν

78 1560 212 1630 πρὸς
241 1561 430 1614 τοῦτον
463 1564 491 1615 ὁ
542 1562 684 1626 θεῖος
735 1564 1008 1628 Διονύσιος
1060 1564 1128 1619 τά
1172 1567 1300 1638 περὶ
1331 1567 1426 1620 τοῦ
1466 1567 1656 1621 Ἀπολ-

76 1650 340 1718 λοφάνους
408 1654 679 1721 διέξεισιν,
741 1655 802 1720 ὃς
851 1657 1047 1729 Ἕλλην
1090 1657 1195 1722 ὢν,
1250 1660 1345 1714 καὶ
1413 1659 1655 1724 Ἀσιανὸς

78 1745 394 1814 φιλόσοφος,
452 1746 619 1800 πολλά
661 1747 754 1801 τοῦ
800 1749 956 1818 ἁγίου
983 1751 1383 1823 κατηγόρειτῷ
1432 1752 1654 1824 Χριστῷ

54 1835 492 1905 ’προσελθόντοςο
547 1837 724 1891 καίτοι
762 1856 826 1908 γε
884 1840 1001 1912 ἅμα
1046 1843 1221 1914 τούτῳ
1293 1844 1655 1918 συνεωρακὼς

73 1932 137 1980 τὰ
167 1928 336 1982 πολλά
381 1931 561 1984 ἐκεῖνα
588 1933 682 1985 καὶ
712 1933 999 2004 θαυμαστὰ
1040 1934 1111 1988 τὰ
1144 1936 1236 1989 ἐπὶ
1266 1939 1331 2008 τῇ
1380 1939 1521 1992 κατά
1561 1938 1654 1992 τὸν

71 2020 302 2092 σταυρὸν
337 2022 533 2094 ἡλιακῇ
585 2022 824 2095 ἐκλείψει
853 2025 985 2098 (57).
1024 2028 1185 2097 Λέγει
1220 2028 1352 2098 γοῦν
1399 2031 1534 2102 πρὸς
1561 2031 1651 2084 τὸν

1685 756 1736 814 Δ

2216 739 2286 795 ΙΝ
2334 739 2721 796 EPISTOLAM
2761 737 2871 794 Vll.

1829 830 2166 904 Polycarpus
2198 833 2308 897 hic,
2340 834 2425 886 vir
2469 833 2682 888 eximiae
2722 831 3052 893 sanctitatis,
3087 828 3334 901 Smyrna:
3391 885 3394 888 _

1758 924 2016 980 Asiaticae
2077 925 2179 980 fuit
2221 926 2536 995 episcopus,
2586 925 2806 979 auditor
2861 925 3098 993 primum
3153 923 3330 977 sani-ti

1759 1017 1993 1086 apostoli
2025 1024 2080 1071 et
2122 1018 2470 1087 evangelista:
2498 1015 2749 1080 Joannis,
2784 1023 3145 1086 cognomento
3179 1014 3335 1068 theo-

1757 1107 1865 1177 logi
1893 1127 1904 1161 :
1953 1109 2409 1177 quemadmodum
2442 1107 2680 1164 lrenaaus
2711 1109 2766 1161 in
2796 1110 2956 1161 tertio
2978 1122 3167 1161 eorum
3194 1122 3336 1175 quos

1757 1199 2023 1254 adversus
2054 1200 2176 1255 falsi
2211 1201 2450 1255 nominis
2494 1201 2782 1255 scientiam
2815 1200 3059 1268 scripsit,
3113 1199 3330 1260 asserit,

1759 1295 1816 1341 ut
1839 1289 2075 1358 majores
2117 1305 2334 1359 quoque
2387 1290 2561 1345 nostri
2599 1288 2796 1344 litteris
2849 1288 3227 1358 prodiderunt.
3284 1288 3336 1342 Is

1755 1381 1879 1452 igne
1909 1382 2254 1452 absumptus,
2281 1383 2526 1454 martyrii
2557 1382 2783 1453 gloriam
2812 1382 3044 1451 adeptus
3073 1391 3178 1437 est.
3222 1381 3331 1435 Ex-
3376 1399 3380 1402 ·

1753 1481 1863 1530 stat
1886 1481 2066 1529 autem
2093 1474 2390 1544 viribujus
2425 1473 2767 1529 admirabilis
2800 1471 3082 1544 Polyearpi
3101 1473 3332 1542 epistola

1753 1565 1822 1620 ad
1855 1565 2257 1636 Philippenses.
2313 1565 2508 1621 Adhuc
2559 1565 2726 1636 igitur
2768 1566 2962 1621 beatus
3011 1565 3331 1637 Dionysius,

1753 1658 1923 1714 missa
1948 1659 2180 1729 epistola
2221 1659 2288 1715 de
2319 1659 2719 1729 Apollophane,
2746 1659 2876 1713 talia
2909 1660 3201 1714 edisserit:
3235 1659 3331 1729 qui

1753 1752 1971 1821 gentilis
2009 1767 2134 1806 cum
2179 1761 2346 1815 esset,
2405 1753 2764 1823 phiIOSOpbus
2812 1753 3038 1822 insuper
3071 1753 3331 1814 Asianus,

1751 1841 2047 1898 identidem
2111 1843 2451 1898 obtrectabat
2499 1853 2715 1909 sancto,
2750 1845 2942 1899 dolens
2987 1844 3132 1914 quod
3171 1843 3333 1899 Chri-

1752 1938 1944 1989 stiana:
2012 1935 2134 1990 fidei
2211 1936 2581 2000 accessisset,
2662 1938 2880 1993 etiamsi
2959 1953 3084 1991 cum
3168 1937 3334 1991 beato

1751 2026 2011 2098 Dionysio
2085 2043 2193 2082 non
2278 2042 2452 2097 pauca
2519 2029 2612 2083 illa
2682 2037 2736 2084 et
2797 2045 2920 2083 eum
2979 2029 3175 2098 primis
3247 2027 3332 2081 di-

73 2110 208 2165 θεῖον
239 2113 620 2187 Πολύκαρπον,
657 2117 738 2170 ὅτι
777 2116 918 2186 Ἐγὼ
944 2119 1042 2190 μὲν
1071 2121 1172 2173 οὐκ
1198 2117 1314 2174 οἴδα
1346 2122 1482 2193 πρός
1500 2141 1641 2188 τινας

1753 2135 1855 2190 gna
1883 2119 2044 2190 255
2069 2119 2430 2175 admiratione
2457 2137 2564 2174 una
2594 2122 2983 2191 perspexisset,
3011 2137 3132 2191 qua:
3157 2119 3336 2174 Domi-

71 2205 406 2278 ἐτεροδόξους
449 2207 638 2274 εἰπὼν,
681 2212 778 2265 καὶ
824 2211 1084 2284 διασύρας
1116 2215 1216 2285 τὴν
1257 2215 1478 2268 ἐκείνων
1518 2215 1654 2288 θρη-

70 2301 278 2366 σκείαν,
303 2302 494 2373 ἀρκεῖν
522 2303 765 2374 οἰόμενος
788 2303 868 2371 τῷ
896 2305 1086 2375 ἀγαθῷ
1117 2306 1408 2378 ἀνθρώπῳ,
1440 2307 1536 2361 ἐὰν
1564 2307 1656 2360 δυ-

68 2393 253 2464 νηθείη
313 2395 446 2448 αὐτὸ
489 2395 611 2448 καθ’
652 2395 785 2448 αὐτὸ
815 2395 876 2448 τὸ
901 2395 1119 2467 ἀληθὲς,
1167 2397 1353 2461 καθὼς
1387 2398 1521 2470 ἔχει,
1559 2401 1653 2454 καὶ

67 2487 267 2552 γνῶναι
305 2490 400 2541 καὶ
441 2489 633 2542 εἰπεῖν.
679 2489 890 2558 Ὥσπερ
919 2489 1026 2561 γὰρ
1058 2491 1156 2544 οὐκ
1190 2491 1301 2562 ἔχει
1321 2492 1478 2560 λόγον
1508 2493 1653 2546 συνί-

68 2576 291 2630 στασθαι
322 2579 383 2631 τὸ
409 2577 629 2649 ἀληθὲς,
655 2578 720 2631 ἐκ
746 2579 842 2632 τοῦ
865 2580 928 2632 τὸ
948 2580 1141 2650 ψεῦδος
1169 2583 1512 2654 ἐλέγχεσθαι·
1536 2583 1649 2638 ἀλλ’

65 2668 190 2721 αὐτὸ
222 2668 345 2720 καθ’
370 2670 499 2723 αὐτὸ
531 2671 804 2744 αῦταρκές
839 2675 988 2727 ἐστιν
1016 2677 1098 2738 εις
1117 2675 1180 2727 τδ
1213 2677 1378 2729 πᾶσιν
1419 2676 1651 2744 ἀναφαίο

64 2776 167 2811 νειν
193 2760 296 2830 τὴν
329 2761 526 2816 ἑαυτοῦ
555 2764 945 2839 λαμπρότητα,
981 2767 1083 2821 κᾶν
1115 2768 1475 2839 συγκρίνηται
1512 2767 1652 2840 πρὸς

63 2855 117 2906 τὸ
144 2852 369 2923 ψεῦθος,
404 2856 508 2911 κᾶν
540 2858 601 2911 οὐ
636 2859 994 2933 συγκρίνηται
1015 2878 1030 2890 ο
1071 2860 1270 2932 μᾶλλον
1299 2860 1396 2932 μὲν
1428 2855 1521 2914 οὖν
1551 2861 1649 2914 καὶ

61 2949 152 3017 τῆς
172 2948 382 3013 οἰκείας
399 2950 681 3021 δυνάμεως
700 2948 810 3007 οἷον
831 2956 1005 3007 εἰπεῖν
1025 2953 1353 3008 κινδυνεύσει
1373 2955 1433 3007 ού
1452 2954 1513 3008 τὸ
1533 2954 1652 3008 ὲλά-

63 3058 241 3108 χιστον
266 3043 722 3113 προσαποϐαλείν,
746 3045 996 3112 δόξαντός
1013 3065 1154 3100 τισιν
1174 3047 1234 3100 οὐ
1254 3047 1376 3100 καθ’
1397 3047 1530 3100 αὐτὸ
1548 3046 1647 3117 τὴν

67 3132 212 3200 ἰσχὺν
258 3132 436 3203 ἔχειν’
474 3134 608 3188 ἀλλά
639 3135 734 3189 τοῦ
768 3137 945 3208 πάντη
978 3135 1237 3199 ἀσθενοῦς
1269 3136 1644 3208 ἑλεγχομένου,

64 3221 301 3291 δηλονότι
327 3224 421 3277 τοῦ
440 3225 684 3294 ψεύδους,
720 3228 872 3292 αὐτὸ,
897 3228 972 3291 ὡς
994 3228 1067 3299 μὴ
1081 3228 1317 3280 τοιοῦτον
1337 3227 1566 3291 τελέως,
1585 3228 1647 3281 τὸ

62 3316 256 3384 κράτος
305 3316 639 3388 κληροῦσθαι
661 3337 674 3348 ο
708 3319 882 3384 οὕτως
915 3320 1023 3373 οὐδ’
1060 3320 1298 3388 ἀγαθοὺς
1326 3319 1646 3390 ἀνθρώπους

59 3406 263 3476 πρέπον
285 3408 401 3459 ἐστὶ
431 3407 776 3462 συνίστασθαι
795 3411 934 3463 κατά
954 3411 1012 3464 τὸ
1034 3412 1227 3464 οἰκεῖον
1250 3411 1429 3474 σέϐας,
1451 3409 1526 3472 ὡς
1548 3427 1645 3462 κα-

1755 2225 1826 2263 no
1855 2210 1909 2262 in
1940 2225 2105 2264 cruce
2146 2209 2413 2279 pendente
2463 2211 2810 2279 contigerunt
2848 2226 2944 2279 per
2973 2213 3150 2264 solare
3196 2210 3330 2263 illud

1753 2298 2071 2369 deliquium.
2105 2297 2246 2352 Dicit
2273 2299 2438 2370 igitur
2470 2309 2660 2353 sancto
2691 2299 2990 2370 Polycarpo
3016 2317 3030 2354 :
3063 2297 3329 2369 Equidem

1752 2390 1886 2443 mihi
1914 2390 2172 2444 conscius
2203 2405 2311 2444 non
2344 2407 2463 2446 sum
2486 2391 2690 2445 dixisse
2730 2391 3024 2460 aliquando
3067 2390 3330 2446 adversus

1753 2483 1978 2536 alterius
2002 2490 2166 2537 secta:
2190 2483 2554 2554 professores,
2577 2490 2672 2536 aut
2700 2483 2915 2536 illorum
2948 2484 3328 2536 caeremoniam

1751 2570 2068 2640 cultumque
2089 2588 2330 2642 unquam
2354 2572 2494 2642 stylo
2525 2571 2933 2640 perstrinxisse,
2958 2572 3204 2627 sufficere
3234 2586 3328 2626 ar-

1751 2661 1985 2717 bitratus
2011 2663 2081 2726 ei,
2100 2666 2191 2734 qui
2218 2665 2394 2720 bonus
2409 2681 2531 2720 esse
2553 2664 2764 2736 pergit,
2796 2665 2840 2718 si
2869 2663 2944 2729 id,
2967 2663 3112 2734 quod
3136 2677 3328 2718 verum

1752 2761 1859 2818 est,
1896 2755 2076 2826 ipsum
2094 2760 2394 2811 secundum
2409 2773 2468 2812 se
2490 2757 2650 2812 sicuti
2671 2773 2730 2812 se
2745 2756 2928 2820 habet,
2960 2771 3123 2811 nosse
3152 2755 3329 2825 possit

1749 2846 1914 2903 simul
1961 2856 2016 2904 et
2063 2863 2402 2917 expromere.
2453 2847 2919 2914 Quemadmodum
2972 2849 3118 2902 enim
3175 2849 3328 2902 nulla

1749 2939 1992 3010 suppetit
2039 2941 2179 2994 ratio
2215 2940 2614 2995 constituenda:
2653 2939 3162 2994 commendandaave
3185 2939 3328 2994 veri-

1748 3034 1878 3085 tatis
1907 3048 1968 3086 ex
1995 3048 2082 3098 eo,
2108 3031 2252 3102 quod
2294 3031 2637 3086 mendacium
2669 3031 3122 3100 deprehenditur,
3149 3046 3328 3100 quan-

1747 3124 1818 3179 do
1859 3125 1973 3194 ipsa
2001 3125 2300 3179 secundum
2338 3139 2396 3178 se
2425 3124 2640 3178 abunde
2672 3139 2730 3178 se
2766 3123 2962 3178 suflieit
2995 3123 3048 3176 in
3079 3139 3326 3178 commu-

1746 3233 1816 3273 ne
1845 3218 2102 3273 omnibus
2131 3219 2302 3287 palam
2321 3232 2570 3274 exserere
2594 3217 2836 3269 nativum
2874 3232 3035 3270 suum
3067 3215 3326 3284 splendo-

1746 3327 1882 3375 rem,
1916 3312 2031 3366 sive
2059 3327 2122 3366 ea
2153 3327 2276 3366 cum
2310 3312 2594 3366 mendacio
2627 3317 3006 3378 componatur,
3041 3310 3155 3364 sive
3188 3322 3322 3363 non.

1746 3404 1889 3470 Quin
1912 3406 2092 3474 potius
2123 3404 2524 3474 periclitabitur
2547 3405 2615 3468 (si
2643 3404 2826 3458 dicere
2857 3401 2941 3458 fas
2971 3402 3063 3473 sit)
3089 3417 3199 3456 non
3221 3401 3325 3455 mi—

60 3495 156 3558 λῶς
184 3498 554 3564 πιστεύουσιν,
576 3501 683 3554 ἀπὸ
702 3502 796 3554 τοῦ
824 3502 1249 3573 καθυϐρίζεσθαι
1269 3505 1394 3566 τοὺς
1424 3503 1641 3574 ἐτέρους

1744 3497 1947 3550 nimam
1993 3497 2297 3567 portionem
2340 3497 2637 3567 deperdere
2674 3496 2907 3567 propria:
2936 3496 3194 3549 virtutis:
3230 3493 3323 3550 ubi

58 3588 86 3655 ἢ
136 3589 549 3661 ἐξελέγχεσθαιο
604 3593 738 3646 ἀλλά
793 3594 913 3647 καθ’
943 3595 1142 3659 αὐτοὺς
1169 3595 1543 3662 ἐξετάζεσθαι,
1590 3598 1639 3649 εί

1744 3588 2070 3659 quibusdam
2121 3590 2240 3644 visa
2268 3588 2434 3644 fuerit
2470 3605 2815 3660 nequaquam
2851 3589 2958 3642 vim
2989 3589 3134 3642 illam
3165 3602 3320 3643 suam

56 3674 154 3742 ἄρα
191 3674 336 3740 ἀξιοί
383 3680 488 3731 εἱσι
531 3678 860 3751 θαυμασμοῦ
899 3681 996 3753 τῆς
1035 3683 1204 3754 ὀρθῆς
1250 3685 1484 3754 κρίσεως
1524 3684 1640 3738 ἕνε-

58 3784 122 3818 κα
151 3767 289 3838 (58)·
334 3769 429 3823 τοῦ
459 3770 568 3844 γάρ
597 3773 848 3845 ἀληθοῦς,
895 3775 923 3828 ὃ
963 3772 1020 3827 τί
1056 3775 1186 3828 ποτέ
1225 3778 1390 3841 ἐστιν,
1431 3777 1640 3830 ἀποδει.

57 3861 320 3929 κνυμένου
371 3865 492 3916 κατ’
542 3863 703 3917 αὐτὸν
733 3865 824 3918 τὸν
851 3866 950 3936 τῆς
981 3866 1235 3937 ἀληθείας
1259 3868 1421 3938 νόμον
1454 3868 1638 3939 (νόμος

55 3951 102 4003 δὲ
135 3953 394 4024 ἀληθείας
432 3955 493 4008 τὸ
529 3955 648 4009 καθ’
692 3957 862 4026 αὐτὴν
889 3957 1234 4024 ἐξετάζεσθαι
1255 3959 1295 4028 ),
1330 3961 1424 4012 καὶ
1466 3959 1636 4013 καθα-

58 4046 155 4113 ρῶς
176 4047 491 4117 ἑστηκότος,
526 4049 634 4100 πᾶν
661 4048 724 4100 τὸ
752 4048 926 4110 ἄλλως
954 4049 1074 4119 ἔχον
1097 4050 1190 4103 καὶ
1210 4050 1634 4121 ὑποκρινόμενον

54 4138 143 4208 τὴν
171 4139 436 4210 ἀλήθειαν
464 4139 848 4213 ἐλεγχθήσεται
870 4141 1054 4212 ἕτερον
1091 4139 1232 4194 κατὰ
1259 4141 1506 4212 ἀνόμοιον
1537 4141 1632 4195 τοῦ

53 4227 212 4292 ὅντως
243 4228 416 4291 ὄντος,
438 4231 606 4300 ἠγουν
637 4229 729 4284 τοῦ
760 4230 1011 4302 ἀληθοῦς·
1044 4231 1139 4285 καὶ
1158 4231 1346 4285 δοκοῦν
1378 4231 1634 4304 ἐλεγχθή-

56 4333 197 4371 σεται
242 4319 444 4390 μᾶλλον
481 4321 513 4391 ἣ
544 4321 621 4373 ὃν.
659 4321 918 4391 Περιττὸν
949 4321 1128 4374 τοίνυν
1168 4322 1260 4375 τὸν
1297 4323 1389 4375 ἐπὶ
1416 4322 1630 4377 πάντων

52 4409 269 4478 λέγοντα
302 4413 398 4464 καὶ
425 4413 758 4484 φανεροῦντα
799 4414 897 4484 τὴν
937 4413 1214 4485 ἀλήθειαν,
1249 4415 1384 4485 πρὸς
1410 4415 1630 4479 τούτους

51 4502 80 4570 ἦ
113 4504 359 4566 ἐκείνους
387 4504 770 4575 διαμάχεσθαι.
807 4496 1075 4566 Ἕκαστος
1093 4506 1220 4577 γὰρ,
1261 4506 1626 4578 πλανώμενος,

51 4594 209 4648 οἴεται
236 4597 339 4668 τὴν
369 4595 622 4666 ἀλήθειαν
655 4597 923 4666 κατέχειν,
959 4596 1146 4669 ὥσπερ
1173 4615 1225 4649 τι
1256 4597 1531 4667 βασιλικὸν
1551 4599 1629 4652 νό-

53 4703 222 4756 μισμα
246 4705 260 4717 ⁸
302 4688 398 4740 καὶ
428 4689 556 4751 ἴσως
585 4689 801 4759 κατέχει
838 4689 1026 4760 μορίου
1047 4688 1191 4752 τινὸς
1227 4689 1324 4759 τῆς
1352 4689 1623 4761 ἀληθείας,

49 4780 102 4830 οὐ
156 4782 264 4850 μήν
308 4796 376 4849 γε
435 4779 616 4852 πάσης
669 4781 767 4851 τῆς
826 4779 1084 4850 ἀληθείας
1115 4780 1415 4852 ,ἀπατηλὸν
1469 4783 1620 4835 εἴδω-

1739 3680 1987 3735 obtinere
2008 3686 2200 3749 suapte
2229 3687 2448 3743 natura,
2477 3679 2572 3735 sed
2603 3679 2838 3750 pendere
2866 3696 2930 3735 ex
2953 3680 3074 3748 ejus
3095 3678 3324 3734 demon-

1739 3772 2025 3836 stratione,
2049 3773 2194 3843 quod
2218 3773 2370 3826 omni
2401 3788 2464 3827 ex
2503 3781 2660 3843 parte
2703 3773 2982 3826 infirmum
3014 3777 3118 3834 est,
3150 3770 3320 3824 nimi-

1737 3879 1859 3918 rum
1891 3881 1956 3919 ex
1987 3865 2280 3920 collatione
2319 3864 2608 3933 mendacii,
2640 3867 2799 3936 quasi
2832 3880 2962 3918 vero
3005 3864 3188 3919 minus
3220 3877 3320 3934 per

1737 3974 1797 4015 se
1831 3959 2136 4014 absolutam
2170 3965 2224 4013 et
2266 3958 2537 4013 eflicacem
2582 3961 2884 4030 potentiam
2933 3959 3127 4013 sortito
3168 3957 3314 4012 obti-

1736 4054 1884 4102 ncat.
1915 4046 1997 4100 Ad
2035 4047 2286 4101 eumdem
2315 4047 2535 4102 modum
2559 4049 2878 4118 neutiquam
2911 4047 3136 4102 addecet
3168 4049 3316 4104 viros

1734 4147 1796 4194 ut
1823 4139 1994 4194 bonos
2025 4139 2324 4209 praadicare
2355 4141 2594 4210 pr0prize
2645 4140 2928 4211 religionis
2965 4141 3316 4196 commenda-

1735 4233 1904 4298 tione,
1937 4231 2096 4302 quasi
2127 4231 2231 4286 hoc
2262 4232 2483 4286 nomine
2512 4242 2675 4288 recta:
2699 4234 2809 4288 sint
2835 4233 2979 4296 fidei,
3010 4234 3154 4305 quod
3178 4233 3318 4288 alio-

1733 4342 1853 4382 rum
1880 4335 2063 4384 sectas
2087 4326 2271 4380 norint
2301 4326 2516 4382 fortiter
2542 4327 2759 4396 probris
2789 4342 3079 4397 aspergere
3114 4335 3207 4381 aut
3229 4344 3314 4384 re-

1733 4415 2099 4488 prehendere;
2121 4419 2292 4486 magis
2315 4433 2443 4472 vero
2462 4419 2761 4472 secundum
2787 4435 2844 4474 se
2865 4419 3204 4488 cxpendendi
3219 4435 3314 4473 ve-

1732 4509 1891 4564 niunt
1911 4517 1962 4562 et
1983 4510 2356 4573 examinandi,
2380 4511 2426 4565 si
2461 4512 2718 4564 nimirum
2749 4512 2898 4580 digni
2931 4513 3040 4565 sint
3072 4511 3312 4565 admira-

1732 4604 1879 4658 tione
1931 4611 2152 4673 propter
2204 4613 2412 4659 rectum
2466 4605 2758 4674 judicium.
2815 4604 2932 4686 Hoc
2982 4606 3126 4661 enim
3183 4622 3314 4662 vero

1730 4694 2119 4767 (quodcunque
2142 4696 2360 4752 tandem
2392 4697 2524 4751 illud
2554 4698 2660 4768 est)
2684 4697 3076 4760 demonstrato,
3112 4713 3312 4753 secun-

1728 4790 1856 4845 dum
1886 4791 2058 4860 ipsam
2091 4791 2262 4862 legem
2293 4792 2562 4855 veritatis,
2591 4793 2698 4862 (lex
2730 4799 2914 4847 autem
2947 4793 3194 4850 veritatis
3223 4802 3309 4850 est

48 4872 278 4944 λον(59).
309 4872 628 4942 Θαυμάσιον
666 4873 721 4925 δὲ
752 4873 844 4925 καὶ
863 4871 926 4924 τὸ
956 4871 1171 4924 εἴδωλον
1200 4871 1332 4941 (60),
1367 4873 1501 4926 καθὸ
1532 4873 1626 4926 καὶ⁵

1744 4883 1836 4937 ,ιιιε
1873 4883 2076 4953 aliquid
2110 4884 2410 4939 secundum
2444 4886 2614 4954 ipsam
2654 4884 2935 4939 veritatem
2977 4886 3304 4955 expendere)

48 4965 426 5035 εἰδωλολάτραι
464 4963 774 5027 καλοῦνται,
819 4965 894 5027 ὼς
925 4963 1161 5026 εἰδώλοις
1196 4964 1491 5036 ἀπατηλοῖς
1532 4984 1627 5036 μο-

49 5056 155 5126 ρίου
186 5057 451 5127 ἀληθείας
476 5056 847 5127 λατρεύοντες,
890 5056 1186 5124 φάσκοντες
1216 5057 1343 5120 τοὺς
1378 5058 1437 5109 οὑ
1473 5057 1627 5122 θεοὺς

49 5148 216 5213 θεοὺς,
270 5150 369 5203 καὶ
401 5148 464 5202 τὸ
503 5148 847 5219 ὀφειλόμενον
894 5146 972 5218 τῷ
1019 5146 1138 5217 Θεῷ
1183 5146 1345 5210 σέῦας
1379 5150 1459 5211 εἰς
1500 5151 1626 5212 τοὺς

47 5241 428 5312 ψευδωνύμους
475 5240 628 5303 θεοὺς
682 5241 1061 5311 ἀπονέμοντες.
1121 5241 1267 5295 Λάϐε
1308 5240 1486 5294 τοίνυν
1533 5242 1625 5295 τὸν

51 5334 141 5402 μὲν
175 5334 254 5406 μὴ
285 5332 544 5404 ἀλήθειαν
573 5333 762 5403 έχοντα
796 5333 873 5396 ὡς
921 5333 1013 5386 τὸν
1058 5333 1119 5386 τὸ
1153 5332 1429 5403 βασιλικὸν
1462 5333 1624 5386 κατέ-

50 5443 202 5493 χοντα
236 5426 502 5497 νόμισμα.
575 5424 639 5476 Et
702 5423 833 5492 γοῦν
885 5419 1037 5486 οὗτος
1087 5423 1390 5496 ἐξελέγχειν
1421 5423 1627 5497 πειρώ-

51 5535 202 5587 μενος
229 5519 366 5582 τοὺς
399 5517 474 5588 μὴ
503 5518 829 5588 κατέχοντας
849 5518 942 5571 καὶ
969 5517 1267 5588 οἰομένους,
1300 5517 1406 5572 κᾶν
1432 5516 1623 5572 τοῦτον

48 5609 316 5684 ἐξελέγξῃ,
366 5611 552 5680 ἕτερος
592 5609 984 5680 φιλονεικήσειο
1036 5609 1139 5662 κᾶν
1201 5609 1381 5674 αὑτὸν,
1434 5608 1620 5681 ἔτερος

47 5705 199 5758 πάλιν
219 5722 234 5734 ⁸
289 5703 394 5757 κᾶν
443 5700 596 5766 αὖθις
631 5702 839 5765 τοῦτον,
870 5702 1056 5773 ἕτερος
1095 5701 1476 5774 ἀναστήσεται.
1508 5703 1615 5757 Τοῦ

47 5797 165 5863 γοῦν
185 5797 424 5870 ἀληθοῦς
456 5795 837 5865 ἀνεξελέγκτου
871 5797 1138 5866 μένοντος,
1181 5797 1290 5849 πᾶν
1326 5797 1388 5852 τὸ
1418 5795 1491 5866 μὴ
1525 5796 1616 5849 οῦ-

46 5904 142 5952 τως
184 5890 331 5960 ἕχον,
385 5889 518 5943 αὐτὸ
559 5889 647 5957 ὑφ’
690 5887 880 5943 ἑαυτοῦ
916 5886 1404 5960 καταϐληθήσεται,
1447 5905 1615 5959 προσ-

1728 4984 1778 5030 et
1805 4975 2098 5030 sinceriter
2120 4985 2427 5048 constante,
2463 4976 2724 5045 quidquid
2762 4985 2868 5041 est,
2890 4978 3036 5048 quod
3066 4979 3222 5035 aliter
3244 4993 3308 5036 se

1727 5065 1893 5121 habet
1917 5067 2288 5137 mentiturque
2311 5069 2614 5130 veritatem,
2640 5069 2999 5124 convincetur
3027 5069 3303 5138 falsitatis;

1727 5157 2104 5227 dissimileque
2131 5169 2184 5212 et
2212 5157 2358 5211 aliud
2389 5173 2552 5226 quam
2585 5174 2643 5212 re
2673 5159 2788 5227 ipsa
2819 5160 2910 5223 sit,
2954 5161 3187 5215 alienum
3219 5163 3305 5216 vi-

1725 5248 1920 5304 delicet
1947 5265 1976 5303 a
1994 5250 2224 5304 veritate
2243 5249 2480 5319 (etiamsi
2507 5265 2628 5305 esse
2659 5251 2905 5306 videatur
2933 5254 3105 5324 magis
3135 5270 3304 5324 quam

1726 5342 1821 5412 sit)
1853 5350 2183 5412 coarguetur
2212 5342 2458 5396 tandem.

1793 5426 2270 5498 Supervacaneum
2294 5445 2423 5485 vero
2445 5432 2517 5486 sit
2538 5447 2685 5498 eum,
2713 5432 2803 5504 qui
2835 5433 2902 5489 de
2929 5434 3187 5490 omnibus
3205 5451 3302 5506 pa-

1723 5527 1811 5574 rat
1836 5519 2042 5584 dicere,
2067 5520 2230 5576 simul
2263 5530 2318 5577 et
2340 5524 2656 5579 varietatem
2686 5524 2916 5580 assumit
2942 5525 3304 5583 manifestan-

1723 5613 1873 5677 dam,
1899 5613 2212 5670 velitaribus
2235 5615 2419 5670 verbis
2439 5615 2749 5686 depugnare
2781 5617 3046 5674 adversus
3073 5617 3175 5675 hos
3205 5627 3301 5675 aut

1724 5703 1867 5758 illos.
1891 5702 2202 5759 Arbitratur
2223 5705 2366 5760 enim
2390 5705 2587 5774 quivis,
2611 5707 2950 5775 quantolibet
2980 5709 3025 5763 is
3050 5717 3304 5767 teneatur

1722 5795 2026 5851 obstrictus
2057 5811 2264 5860 errore,
2284 5812 2452 5867 penes
2477 5813 2536 5852 se
2568 5813 2690 5852 esse
2721 5799 3030 5867 veritatem,
3076 5803 3301 5872 perinde

1721 5896 1885 5959 atque
1913 5889 2133 5962 regium
2174 5890 2448 5961 quoddam
2492 5888 2786 5948 numisma.
2827 5891 2890 5947 Et
2932 5891 3166 5954 fortasse
3195 5897 3298 5950 ali-
