3896 6546
579 433 688 490 455

1310 425 1657 484 APPENDIX
1692 425 1786 482 AD
1823 425 2056 485 OPERA
2091 427 2149 486 S.
2185 427 2486 488 DiONYSll
2519 431 3004 490 ABEOPAGITIE.

3735 443 3835 499 £56

581 548 744 618 cujus
767 545 1046 618 particulze
1080 542 1325 598 veritatis
1348 543 1718 615 (nequaquam
1741 557 1874 599 vero
1901 543 2150 601 universa

2273 545 2508 618 κροῦσαν
2531 549 2630 620 μὲν
2655 548 2736 621 τῷ
2755 551 2943 622 ἀληθεῖ
2961 551 3094 622 (61),
3117 551 3250 606 αὐτὸ
3279 553 3335 606 δέ
3364 555 3529 609 πεσὸν
3556 556 3627 627 τῇ
3655 557 3840 630 ἀηττή-

580 639 850 710 veritatis)
873 637 1159 708 imaginem
1191 635 1478 690 subdolam
1503 644 1672 690 tenet.
1687 636 2019 692 Admirabile
2032 653 2164 694 vero

579 737 746 792 etiam
768 734 982 788 εἴδωλον
1013 747 1108 786 seu
1133 731 1332 800 imago,
1349 729 1632 800 particula!
1659 729 1926 794 veritatis,
1941 739 2166 800 pr0pter

552 829 725 900 °quod
751 827 1052 882 idolulatrae
1081 832 1370 889 vocantur,
1425 831 1486 878 ut
1517 823 1611 894 qui
1637 823 1844 878 cultum
1871 823 2165 878 exhibeant

581 918 761 982 idolis,
785 918 1024 972 fucatam
1054 923 1108 970 et
1132 914 1383 970 fallacem
1402 914 1728 985 particulam
1756 915 2006 969 veritatis
2046 929 2158 986 prae

584 1025 642 1067 se
659 1013 974 1070 ferentibus:
994 1008 1236 1079 deosque
1257 1014 1534 1071 asseram,
1557 1007 1652 1078 qui
1673 1007 1809 1062 nihil
1833 1007 2016 1063 minus
2036 1014 2166 1062 sunt

577 1119 742 1172 quam
773 1102 882 1171 dii;
913 1101 1285 1157 venerabilem
1316 1101 1480 1172 256
1517 1101 1743 1170 insuper
1782 1101 2163 1154 caaremoniam

579 1193 691 1250 Deo
739 1193 847 1249 soli
884 1193 1122 1248 debitam
1166 1193 1221 1246 in
1258 1192 1400 1248 tales
1445 1191 1734 1246 conferant
1769 1197 1824 1246 et
1856 1191 2167 1261 partiantur

577 1287 840 1342 ementito
869 1286 1092 1342 nomine
1117 1284 1270 1341 deos.
1319 1285 1456 1340 Eum
1508 1285 1691 1356 igitur,
1741 1285 1831 1356 qui
1879 1285 2164 1340 veritatem

577 1393 745 1448 penes
779 1395 838 1433 se
869 1379 1051 1441 habet,
1077 1377 1316 1448 intellige
1351 1377 1442 1431 hic
1479 1377 1610 1441 dici,
1642 1377 1801 1448 quasi
1831 1376 1924 1447 qui
1953 1377 2164 1447 regium

578 1472 856 1527 numisma
884 1469 1184 1541 possideat.
1230 1469 1385 1536 Quod
1427 1470 1473 1524 si
1506 1469 1596 1523 hic
1624 1477 1854 1524 conetur
1878 1485 1974 1526 eos
2002 1485 2166 1540 argu-

577 1565 780 1621 mentis
808 1565 1080 1628 evincere,
1123 1565 1216 1634 qui
1261 1564 1544 1619 veritatem
1577 1563 1797 1633 quidem
1837 1563 2014 1633 ipsam
2053 1580 2164 1618 non

579 1667 970 1729 assequuntur,
993 1664 1249 1728 putantes
1275 1655 1479 1726 alioqui
1504 1671 1563 1712 se
1584 1671 1703 1710 eam
1728 1665 2031 1719 assecutos,
2051 1655 2166 1711 sive

579 1751 725 1807 hunc
765 1753 855 1807 ille
901 1761 1180 1821 coarguat,
1226 1748 1749 1812 altercontentiose
1803 1748 1909 1804 sibi
1956 1755 2168 1804 astruet

577 1844 897 1910 victoriam;
955 1845 1071 1899 sive
1121 1843 1288 1898 istum
1345 1840 1730 1912 reprehendat,
1792 1856 1987 1898 rursus
2027 1843 2166 1896 alter

2263 655 2342 709 τῳ
2371 640 2557 695 στάσει
2600 641 2702 712 τῆς
2739 642 2992 713 ἀληθείας
3045 645 3447 716 ἀποκρουσθὲν·
3490 647 3618 701 ἐπεὶ
3654 648 3757 721 γὰρ
3781 651 3838 704 οὗ

2265 735 2582 807 κατισχύσει
2617 737 2747 791 ποτὲ
2797 738 2898 808 τῆς
2935 738 3191 809 ἀληθείας
3233 739 3296 793 τὸ
3333 740 3549 811 ψεῦδος,
3580 742 3747 796 ἀεὶδὲ
3770 743 3838 807 ὡς

2265 829 2505 883 ἐναντίον
2549 830 2777 901 μάχεται
2814 831 2972 885 τοῦτο
3016 833 3220 904 ἐκείνῃ,
3256 832 3475 898 πάντως
3517 833 3652 888 αὐτὸ
3685 853 3836 906 προσ-

2264 921 2510 994 κρούσει,
2559 925 2653 978 καὶ
2681 923 2814 976 αὐτὸ
2846 927 3092 978 πεσεῖται
3126 924 3258 997 (62).
3306 927 3403 990 Τίς
3440 925 3552 998 γὰρ
3595 930 3834 981 κοινωνία

2264 1013 2470 1088 χύτρας
2509 1013 2648 1088 πρὸς
2694 1014 2930 1087 λέϐητας
2959 1016 3091 1070 αὐτὸ
3138 1017 3522 1089 προσκρούσει,
3581 1019 3677 1072 καὶ
3720 1018 3836 1072 αὐτὸ

2267 1107 2747 1182 συνθλασθήσεται.
2798 1109 2970 1162 Τοῦτο
3023 1107 3176 1178 γοῦν,
3222 1108 3299 1174 ὡς
3338 1105 3513 1182 οἶμαι,
3561 1110 3741 1175 καλῶς
3765 1114 3834 1165 εξ-

2263 1201 2389 1266 δὼς,
2422 1203 2523 1256 οὐκ
2558 1202 2799 1255 ἔσπευσα
2844 1201 2983 1274 πρός
3025 1219 3176 1266 τινας
3219 1201 3689 1274 διαμαχέσασθαιο
3734 1204 3833 1257 ἀλλ’

2267 1295 2450 1349 ἰκανόν
2501 1311 2592 1366 μοι
2626 1294 2786 1348 τοῦτο
2813 1295 2928 1366 δοίη
2958 1293 3111 1358 Θεὸς,
3158 1293 3374 1366 πρῶτον
3401 1295 3694 1364 γινώσκειν
3724 1303 3835 1368 περὶ

2263 1387 2364 1458 τῆς
2383 1386 2640 1458 ἀληθείας
2669 1384 2746 1450 ὡς
2775 1387 2892 1440 δεῖ·
2933 1384 3145 1440 κᾶπειτ’
3188 1387 3384 1454 εἰδότα,
3404 1387 3587 1457 λέγειν
3616 1389 3694 1452 ὡς
3722 1390 3832 1460 χρή.

2265 1479 2337 1534 Σὺ
2384 1479 2442 1532 δέ
2487 1479 2686 1549 λέγεις,
2735 1480 2815 1533 ὅτι
2859 1478 3176 1552 λοιδορεῖταί
3219 1496 3308 1551 μοι
3351 1483 3380 1535 ὁ
3428 1479 3830 1552 Ἀπολλοφάνης,

2265 1572 2556 1627 ἀποκαλῶν
2598 1589 2664 1645 με
2709 1573 3064 1646 πατραλοίαν,
3117 1573 3198 1626 ὃτι
3241 1573 3399 1644 δῆθεν
3441 1575 3555 1637 τοῖς
3599 1574 3828 1646 πατρίοις

2267 1662 2412 1727 θεοῖς
2439 1663 2855 1735 ἐμνησικάκησα
2885 1664 3017 1735 (65),
3049 1666 3141 1719 καὶ
3177 1666 3259 1719 ὅτι
3295 1667 3409 1729 τοῖς
3435 1665 3544 1718 τῶν
3584 1665 3828 1736 Ἑλλήνων

2265 1754 2407 1809 κατά
2435 1755 2543 1808 τῶν
2584 1753 2850 1827 Ἐλλήνων
2879 1756 3298 1828 ἀπεχρησάμην.
3329 1756 3524 1811 Καίτοι
3559 1775 3624 1826 γε
3653 1756 3810 1827 ἀληθέ

2269 1845 2457 1919 στερόν
2477 1846 2624 1900 ἐστιν
2650 1845 2678 1899 ὃ
2705 1849 3000 1919 κατηγορεῖ
3028 1847 3186 1918 ἐμοῦ,
3215 1848 3375 1903 τοῦτο
3407 1849 3507 1918 ἐμὲ
3531 1847 3667 1921 πρὸς
3686 1849 3806 1902 αὐτὸ
3831 1873 3833 1878 -

576 1939 1016 2004 conflictabitur;
1049 1925 1226 1991 'alium
1267 1936 1502 2006 denique
1541 1936 1588 1990 si
1631 1935 1867 2000 incuset,
1899 1941 1954 1989 et
1997 1936 2044 1991 is
2068 1934 2150 1990 ad-

2265 1913 2458 2000 εἰπεῖν,
2488 1935 2565 2002 ὡς
2598 1913 2868 2009 Ἕλληνες.
2887 1913 3086 2009 μᾶλλον
3115 1942 3181 2012 τῇ
3214 1939 3335 2012 θείᾳ
3366 1913 3530 2014 σοφίᾳ
3551 1913 3734 2006 κακῶς
3750 1942 3826 1993 καὶ

575 2047 770 2087 versus
800 2047 859 2086 se
893 2031 1235 2085 incusantem
1267 2028 1556 2085 restitabit.
1590 2025 1836 2083 Veritate
1866 2037 2046 2084 tamen
2083 2029 2165 2082 ir-

574 2123 993 2195 reprehensibili
1046 2129 1423 2194 permanente,
1468 2119 1735 2193 quidquid
1786 2119 1922 2174 illud
1976 2121 2160 2186 fuerit,

574 2210 720 2288 quod
754 2231 860 2271 non
887 2216 961 2270 ita
991 2231 1050 2270 se
1078 2215 1300 2278 habeat,
1329 2214 1507 2285 ipsum
1526 2229 1556 2266 a
1581 2215 1766 2284 seipso
1791 2211 2080 2283 dejicietur
2109 2220 2164 2268 et

573 2309 857 2375 concidet;
889 2308 981 2362 ubi
1013 2307 1157 2363 enim
1187 2308 1360 2376 ipsam
1383 2306 1666 2362 veritatem
1697 2303 2006 2369 offenderit,
2033 2319 2162 2359 mox

573 2401 882 2459 invincibili
909 2401 1223 2456 constantia
1249 2399 1498 2455 veritatis
1523 2399 1775 2470 repulsus
1806 2406 1927 2453 ruet
1956 2399 2009 2465 in
2030 2412 2164 2468 prte-

573 2513 725 2568 ceps.
759 2495 896 2550 Nam
929 2495 1149 2566 quando
1178 2494 1444 2549 adversus
1470 2495 1754 2548 veritatem
1780 2491 1918 2546 nihil
1947 2492 2163 2547 obtine-

574 2590 656 2647 bit
697 2590 903 2644 falsitas
932 2588 1070 2659 (haec
1102 2587 1247 2641 enim
1285 2586 1359 2640 illi
1405 2601 1620 2656 semper
1646 2593 1707 2639 ut
1743 2585 2023 2638 contraria
2060 2582 2160 2637 ad-

571 2682 852 2754 versatur)
900 2695 1129 2751 prorsus
1161 2679 1279 2749 ipsa
1330 2678 1541 2733 falsitas
1597 2677 1882 2748 impinget,
1932 2677 2160 2746 ipsaque

573 2781 813 2831 corruet.
859 2773 992 2840 Qua:
1031 2773 1176 2828 cnim
1235 2771 1356 2826 olla:
1398 2770 1466 2824 ad
1511 2771 1738 2825 lebetcm
1785 2768 2006 2823 collatio
2041 2769 2161 2823 est?

569 2865 693 2940 Ipsa
734 2865 953 2937 quidem
989 2865 1251 2936 impinget
1287 2863 1449 2918 lebcti
1482 2878 1495 2914 :
1529 2871 1584 2917 at
1612 2863 1800 2920 eadem
1843 2866 2160 2938 confringe-

569 2971 682 3018 tur.
717 2961 832 3017 Hoc
859 2962 1046 3034 igitur,
1080 2961 1137 3016 ni
1169 2959 1350 3019 fallor,
1383 2958 1554 3028 probe
1581 2973 1704 3012 cum
1740 2964 1978 3022 teneam,
2020 2958 2158 3014 nihil

569 3057 626 3110 in
651 3055 793 3110 hanc
815 3064 1024 3125 partem
1047 3051 1299 3114 incubui,
1327 3057 1386 3104 ut
1409 3049 1674 3106 adversus
1707 3065 2039 3121 quamquam
2072 3052 2155 3106 vi-

569 3147 734 3202 derer
761 3145 1069 3201 conflictari
1101 3145 1372 3199 voluisse.
1402 3141 1552 3197 Satis
1590 3142 1725 3196 mihi
1763 3142 1966 3198 factum
1998 3151 2158 3214 puta—

569 3239 662 3304 bo,
696 3238 741 3294 si
774 3237 992 3308 quidem
1029 3237 1247 3290 donarit
1275 3234 1419 3289 Deus
1447 3253 1459 3288 :
1493 3241 1553 3288 ut
1581 3249 1704 3305 qua:
1743 3235 2024 3290 veritatem
2059 3235 2156 3290 ad-
2183 3260 2227 3319 ο

569 3331 788 3395 decent,
838 3329 1085 3385 noverim
1137 3329 1412 3398 primum;
1464 3326 1681 3389 deinde,
1728 3334 1788 3381 ut
1824 3343 1946 3398 quae
1986 3328 2052 3383 de
2091 3344 2154 3383 ca

569 3431 849 3495 comperta
874 3422 1179 3486 habuerim,
1210 3435 1309 3492 pro
1332 3420 1530 3474 decore
1557 3420 1806 3475 veritatis
1830 3420 2153 3477 edisseram.

567 3515 689 3588 Ipse
720 3517 947 3585 insuper
974 3513 1406 3584 Apoll0phanem
1441 3512 1594 3565 illum
1633 3512 1839 3567 asseris
1878 3527 1946 3568 eo
1984 3513 2155 3567 male-

565 3609 818 3663 dicentia:
856 3607 911 3661 in
937 3623 1022 3661 me
1056 3612 1399 3676 provectum,
1425 3611 1485 3657 ut
1523 3618 1608 3658 me
1635 3603 1932 3658 etiamnum
1956 3619 2154 3660 vocare

565 3717 676 3755 non
704 3700 914 3754 dubitet
940 3696 1270 3768 parricidam
1297 3714 1312 3763 ;
1343 3695 1473 3766 quia
1506 3695 1760 3750 videlicet
1785 3710 1913 3765 erga
1943 3698 2150 3766 patrios

563 3793 698 3848 deos
754 3793 824 3847 ob
870 3791 1152 3861 antiquam
1203 3788 1462 3858 injuriam
1510 3788 1779 3842 malevolo
1805 3789 1906 3845 sim
1941 3788 2145 3843 animo.

565 3883 796 3955 Sugillat
851 3899 1046 3938 rursus
1090 3881 1247 3946 illud,
1308 3881 1454 3951 quod
1510 3878 1825 3935 Graecorum
1875 3881 2149 3952 dogmatis

562 3977 829 4034 adversus
858 3975 1079 4030 Graecos
1101 3978 1203 4029 sim
1232 3974 1462 4030 abusus.
1491 3973 1654 4045 Atqui
1685 3990 1796 4046 quo
1819 3991 1904 4030 me
1928 3976 2149 4030 nomine

562 4073 618 4127 in
644 4073 736 4141 jus
765 4077 946 4134 vocat,
981 4070 1086 4124 hoc
1126 4070 1245 4139 ipso
1278 4069 1642 4124 conveniebat
1679 4069 1908 4138 justius,
1959 4069 2034 4122 illi
2089 4076 2148 4123 ut

562 4164 918 4218 inscriberem
948 4161 1149 4217 dicam.
1195 4159 1370 4215 Graeci
1399 4161 1600 4216 etenim
1635 4162 1890 4228 maxime,
1937 4174 2148 4233 praepo-

561 4263 727 4320 stere,
784 4255 895 4310 imo
942 4254 1191 4325 profane,
1245 4253 1431 4308 divina
1482 4253 1752 4324 sapientia
1797 4254 1952 4308 abusi
1994 4262 2142 4312 sunt.

557 4346 696 4402 Nam
742 4345 963 4418 quando
1002 4346 1288 4402 scientiam
1328 4345 1397 4400 ab
1427 4345 1546 4415 ipso
1579 4345 1689 4401 Deo
1719 4353 2050 4416 acceperunt
2086 4351 2146 4400 ut

560 4438 728 4495 Deum
760 4440 1153 4511 gloriﬁcarent,
1189 4438 1326 4492 adeo
1353 4453 1464 4492 non
1480 4437 2053 4509 glorificaverunt,ut,
2086 4437 2142 4492 in

563 4533 742 4588 varios
774 4533 1012 4604 prolapsi
1035 4546 1278 4593 errores,
1313 4530 1378 4585 ad
1411 4546 1602 4586 eorum
1626 4530 1946 4586 deﬂexerint
1969 4530 2144 4585 cultu-

2261 2029 2360 2100 οὐχ
2407 2031 2571 2094 ὁσίως
2612 2033 2915 2103 ἐχρήσαντο
2939 2047 2952 2062 ·
3007 2032 3264 2097 λαϐόντες
3321 2031 3420 2104 μέν
3474 2033 3650 2105 αὐτὴν
3695 2033 3832 2104 παρὰ

2261 2119 2419 2184 Θεοῦ,
2449 2121 2535 2174 ἵνα
2561 2123 2651 2177 τὸν
2681 2121 2811 2176 Θεὸν
2841 2122 3061 2192 γνῶσιν,
3091 2123 3565 2197 ἀποπλανηθέντες
3605 2125 3667 2180 δέ
3710 2127 3826 2196 πρὸς

2266 2215 2340 2286 μὴ
2370 2215 2528 2280 ὄντας
2555 2211 2734 2281 θεούς.
2763 2216 2876 2270 Καὶ
2902 2216 2964 2271 οὐ
2991 2217 3088 2290 τὴν
3121 2218 3330 2273 πολλῶν
3360 2235 3501 2291 φημι
3530 2219 3708 2286 δόξαν,
3735 2218 3826 2272 τῶν

2261 2302 2546 2376 προσύλως
2593 2304 2688 2357 καὶ
2743 2305 3008 2376 ἐμπαθῶς
3069 2307 3514 2381 ἐναπομενόντων
3567 2311 3684 2372 τοῖς
3732 2309 3824 2361 τῶν

2261 2395 2499 2468 ποιητῶν
2520 2410 2533 2424 °
2574 2395 2769 2449 ἐκεῖνοι
2797 2395 2926 2470 γὰρ,
2956 2398 3340 2471 ἀγαπήσαντες
3359 2400 3458 2472 τὴν
3489 2399 3625 2471 ὓλην
3654 2401 3743 2454 καὶ
3769 2401 3824 2453 τὰ

2260 2489 2430 2561 πάθη,
2453 2489 2749 2559 ἠγάπησαν
2783 2489 2877 2544 καὶ
2901 2491 2970 2546 τά
2996 2492 3104 2546 τῶν
3139 2493 3401 2564 ποιητῶν,
3430 2495 3526 2547 κα)⁵
3557 2493 3822 2562 ἐναπέμειι

2259 2599 2356 2636 ναν
2382 2583 2496 2646 τοῖς
2522 2582 2747 2637 ἐκείνων
2769 2583 3214 2656 συγγράμμασιν,
3245 2585 3490 2656 ἐμπαθὲς
3518 2585 3580 2638 τὸ
3598 2585 3737 2638 θεῖον

2257 2674 2462 2742 γόντων
2484 2691 2499 2705 ο
2531 2673 2593 2726 οὑ
2632 2672 2760 2744 περὶ
2800 2673 3002 2728 τούτων
3033 2674 3164 2744 γοῦν
3202 2675 3366 2745 λέγω,
3394 2677 3504 2730 τῶν
3538 2678 3639 2749 τὴν
3670 2677 3822 2731 κτίσιν

2259 2765 2413 2839 παρά
2461 2765 2554 2821 τὸν
2592 2767 2858 2823 κτίσαντα
2909 2766 3275 2840 λατρευόντων
3298 2787 3311 2800 ·
3365 2769 3502 2824 ἀλλὰ
3547 2773 3645 2825 καὶ
3682 2771 3823 2834 αὐτὸς

2272 2858 2674 2932 Ἀπολλοφάνης
2701 2861 2760 2914 οὐ
2789 2861 2970 2926 καλῶς
2987 2866 3099 2927 τοῖς
3137 2863 3319 2928 θείοις,
3349 2863 3494 2934 λέγω
3535 2868 3652 2930 τοῖς
3682 2867 3823 2937 ἐμφι-

2257 2951 2506 3023 λοσόφοις
2536 2952 2714 3023 λόγοις
2755 2955 2982 3026 χρᾶται*
3019 2955 3124 3009 ἔδει
3167 2957 3276 3028 γὰρ
3313 2956 3612 3025 ἀνάγεσθαι
3655 2958 3818 3018 αὐτὸν,

2257 3044 2415 3116 εἴπερ
2453 3041 2520 3118 ἦν
2549 3045 2754 3118 ἀληθὴς
2781 3045 3090 3116 φιλόσοφος,
3121 3049 3214 3100 καὶ
3245 3050 3279 3119 ή
3311 3048 3601 3118 φιλοσοφία
3639 3050 3819 3119 γνῶτξ

2255 3135 2363 3189 τῶν
2394 3135 2561 3190 ὅντων
2584 3137 2730 3191 ἐστὶν
2829 3137 2960 3191 ὄντα
2992 3137 3124 3208 (64),
3159 3137 3293 3209 πρὸς
3320 3138 3411 3191 τὸν
3439 3139 3548 3193 τῶν
3569 3139 3819 3193 δντωναῖο

2256 3243 2370 3280 τιον
2396 3227 2528 3281 Θεὸν
2555 3227 2834 3300 χρώμενον
2862 3231 2929 3300 τῇ
2958 3229 3066 3281 τῶν
3095 3229 3262 3283 ὄντων
3298 3227 3518 3297 γνώσει,
3563 3231 3632 3303 ἢν
3678 3231 3819 3294 αὐτὸς

2263 3319 2360 3390 μὲν
2381 3319 2695 3390 φιλοσοφίαν
2728 3320 2903 3387 καλεῖ,
2948 3322 2977 3375 ό
2995 3321 3052 3374 δέ
3081 3321 3222 3385 θεῖος
3242 3321 3454 3384 Παῦλος
3475 3321 3613 3376 Θεοῦ
3647 3326 3816 3390 σοφίαν

2257 3415 2532 3479 ἐκάλεσεν,
2556 3416 2613 3470 ἐν
2633 3416 2698 3485 τῇ
2723 3415 2858 3486 πρὸς
2876 3414 3194 3486 Κορινθίους
3220 3413 3412 3488 πρώτῃ
3431 3415 3660 3486 γράφων
3692 3418 3816 3469 Ἐπιο

2258 3508 2416 3579 στολῇ
2437 3525 2449 3538 ’
2476 3507 2662 3579 ἐπειδὴ
2693 3508 2801 3580 γὰρ
2824 3510 2881 3561 ἐν
2912 3511 2977 3579 τῇ
3010 3509 3172 3579 σοφίᾳ
3200 3508 3295 3562 τοῦ
3325 3509 3462 3563 Θεοῦ
3497 3511 3601 3564 οὐκ
3641 3511 3768 3578 ἔγνω
3794 3512 3816 3561 ὁ

2254 3601 2458 3672 κόσμος
2485 3601 2574 3654 διὰ
2590 3601 2690 3671 τῆς
2724 3601 2916 3670 σοφίας
2946 3602 3036 3653 τὸν
3062 3601 3215 3667 Θεὸν,
3238 3603 3485 3656 τουτέστι
3513 3604 3614 3674 τῆς
3643 3606 3815 3674 ἐμφαι-

2253 3694 2482 3764 νομένης
2543 3695 2621 3764 τῷ
2677 3694 2978 3766 ἐναρμονίῳ
3029 3695 3120 3749 καὶ
3177 3697 3496 3766 τεταγμένῳ
3551 3696 3654 3766 τῆς
3713 3697 3813 3748 κτί-

2254 3801 2390 3849 σεως
2419 3785 2551 3857 (65).
2612 3787 2720 3840 Καὶ
2751 3788 2836 3840 ἵνα
2873 3787 2946 3858 μὴ
2987 3787 3208 3850 τούτους
3259 3787 3537 3860 ἐλέγχοιμι
3587 3790 3734 3862 παρά
3763 3790 3812 3841 τὸ

2250 3877 2406 3942 δόξαν
2439 3880 2561 3950 ἐμοὶ
2595 3879 2852 3950 ἀρχῆθεν,
2884 3879 2978 3932 καὶ
3001 3879 3092 3933 τὸν
3115 3880 3314 3934 σκοπὸν
3345 3881 3411 3933 δι’
3438 3881 3498 3934 ὃν
3536 3881 3660 3935 οὔτε
3693 3883 3812 3936 κατὰ

2263 3969 2546 4042 Ἑλλήνων,
2589 3971 2712 4025 οὔτε
2740 3971 2862 4026 καθ’
2883 3971 3082 4043 ἐτέρων
3107 3973 3439 4044 συνέγραψα,
3472 3974 3580 4027 ἔδει
3604 3977 3812 4029 συνιδεῖν

2251 4063 2412 4132 σοφὸν
2427 4065 2518 4116 τὸν
2534 4062 2901 4136 Ἀπολλοφάνη
2932 4064 3080 4128 ὅντα,
3108 4065 3180 4136 μὴ
3208 4066 3273 4119 ἂν
3301 4065 3474 4130 ἄλλως
3492 4068 3713 4121 δυνατὸν
3733 4083 3808 4134 γει

2248 4155 2435 4210 νέσθαι
2464 4157 2887 4230 παρατραπῆναι
2916 4176 2969 4211 τι
2992 4158 3094 4229 τῆς
3129 4159 3262 4222 ἰδίας
3280 4159 3508 4227 τάξεως,
3537 4163 3586 4214 εἰ
3613 4161 3686 4232 μὴ
3712 4161 3808 4212 ἐκίο

2246 4264 2408 4320 νησεν
2433 4250 2512 4313 εἰς
2542 4249 2700 4303 τοῦτο
2727 4251 2756 4302 ό
2782 4249 2956 4312 αἴτιος
2993 4251 3085 4303 καὶ
3117 4254 3372 4322 συνοχεὺς
3403 4251 3592 4317 αὑτοῦ,
3630 4254 3702 4316 ὡς
3730 4254 3806 4305 ἐπὶ

2259 4337 2434 4411 Ἰησοῦ
2461 4339 2557 4395 τοῦ
2591 4340 2769 4413 Ναυῆ,
2802 4339 2906 4412 ίκαί
2940 4341 3033 4396 τοῦ
3079 4341 3320 4415 Ἐζεκίου
3363 4344 3580 4414 ἐγένετο
3626 4347 3703 4410 εἰς
3731 4344 3804 4396 τὸν

2243 4431 2392 4505 ἥλιον
2426 4433 2518 4488 καὶ
2550 4435 2629 4499 εἰς
2671 4434 2770 4507 τὴν
2801 4432 3048 4508 σελήνην.
3085 4437 3234 4500 Τέως
3267 4436 3324 4490 δέ
3363 4438 3554 4501 ἰστέον,
3607 4439 3688 4492 ὅτι
3715 4435 3802 4490 ἀπὸ

2241 4528 2351 4581 τῶν
2383 4529 2511 4601 παρ’
2557 4529 2812 4601 Ἕλλησιν
2855 4530 3301 4602 ὁμολογουμένων
3335 4531 3434 4604 τὴν
3456 4531 3693 4600 διάταξιν
3721 4527 3799 4583 τοῦ

559 4637 700 4688 ram,
734 4624 826 4688 qui
857 4625 931 4678 dii
966 4640 1075 4678 non
1121 4630 1266 4678 sunt.
1309 4621 1528 4677 Interim
1565 4624 1758 4677 omitto
1803 4623 2141 4678 numerosis-

2252 4620 2458 4674 πάντων
2491 4621 2661 4675 αἰτίου
2695 4623 3080 4696 παρατίθεταιδ
3120 4623 3295 4694 φήσας
3319 4622 3447 4696 γὰρ,
3475 4624 3556 4678 ὅτι
3589 4625 3731 4690 ἀξιον
3749 4625 3800 4674 ἐκ
3835 4609 3837 4621 ¹

559 4714 713 4769 simae
750 4713 1118 4771 multitudinis
1145 4715 1458 4784 opinionem
1490 4729 1680 4769 eorum
1713 4715 1830 4784 qui,
1870 4724 2140 4769 concretae

558 4806 823 4870 materim,
860 4806 1317 4870 carniividclicet,
1348 4807 1810 4868 adhaarescentes,
1846 4805 2137 4863 affectibus

554 4913 774 4969 quoque
805 4898 992 4967 perciti
1027 4899 1372 4953 continenter
1416 4897 1633 4953 lectioni
1703 4902 1985 4966 poetarum
2036 4897 2137 4951 im-

553 4997 862 5044 morantur.
923 4989 1003 5042 Illi
1047 4989 1321 5059 siquidem
1367 5005 1492 5044 cum
1534 4987 1732 5042 molem
1777 4987 1916 5042 hanc
1951 4988 2136 5043 carnis

551 5079 842 5150 diligerent
902 5079 1063 5134 simul
1131 5088 1186 5136 et
1243 5081 1531 5150 passiones
1587 5079 1740 5134 carni
1791 5079 2130 5149 congenitas,

553 5170 962 5226 commentitias
1015 5171 1229 5228 fabulas
1287 5179 1572 5241 poetarum
1633 5171 1805 5226 nimio
1864 5170 2131 5241 complexi

551 5275 758 5325 amore,
790 5260 1007 5314 illorum
1032 5261 1252 5315 lectioni
1291 5261 1450 5317 (ixius
1482 5262 1841 5326 inhzeserunt,
1873 5276 2129 5316 asseren-

550 5351 689 5405 tium
714 5366 918 5406 numen
948 5352 1081 5406 illud
1108 5352 1272 5406 etiam
1306 5354 1454 5422 tangi
1485 5352 1790 5408 aﬂectibus.
1836 5351 1909 5408 De
1931 5354 2018 5409 his
2047 5353 2122 5406 ni-

550 5437 627 5496 hil
669 5444 758 5498 liic
798 5447 1086 5516 attingam,
1116 5443 1210 5514 qui
1237 5453 1522 5508 creaturae,
1565 5447 1817 5518 neglecto
1854 5455 2126 5510 creatore,

548 5532 914 5592 venerabilem
954 5538 1173 5592 latriam
1213 5538 1473 5594 exhibent
1510 5538 1686 5610 impii.
1729 5539 1798 5593 At
1833 5547 1981 5595 certe
2008 5540 2128 5610 ipse

549 5630 845 5684 etiamnum
877 5630 1037 5702 257
1066 5631 1466 5702 Apollophanes
1504 5632 1724 5696 divinis,
1757 5634 1843 5698 iis,
1879 5635 2124 5704 inquam,

547 5735 668 5791 qua:
699 5723 965 5777 naturalis
1001 5723 1358 5795 philosophia:
1395 5723 1699 5779 rationibus
1727 5726 1996 5789 nituntur,
2035 5741 2124 5780 se-

546 5828 645 5868 cus
687 5814 858 5868 utitur
894 5823 1055 5886 atque
1091 5819 1264 5873 decet.
1301 5817 1600 5888 Oportebat
1637 5832 1767 5873 sane
1807 5819 2007 5888 surrigi
2044 5819 2124 5888 ip—

545 5923 664 5960 sum
701 5907 966 5973 siquidem
995 5926 1154 5966 verus
1191 5911 1260 5967 sit
1291 5911 1670 5981 philosophus,
1701 5918 1754 5968 et
1783 5911 2122 5982 philosophia

2239 4712 2430 4766 τούτου
2471 4713 2764 4782 ἐπιγνῶναι
2793 4715 2884 4768 τὸν
2916 4714 3170 4787 ὁροθέτην
3210 4713 3304 4768 τοῦ
3350 4714 3552 4780 παντὸς
3597 4717 3724 4770 Θεὸν
3747 4718 3800 4768 ἐκ

2239 4801 2333 4857 τοῦ
2364 4803 2455 4858 τὸν
2487 4805 2638 4876 ήλιον
2681 4806 2774 4858 καὶ
2803 4806 2902 4876 τὴν
2934 4805 3161 4878 σελήνην
3200 4807 3327 4868 τοὺς
3362 4804 3798 4878 διατεταγμένους
3829 4787 3833 4885 ΙΙ

2237 4891 2334 4964 τῆς
2364 4890 2576 4965 ἡμέρας
2609 4893 2822 4966 τρέχειν
2855 4895 3032 4968 ὄρους,
3077 4895 3170 4950 καί
3210 4893 3288 4967 τῷ
3318 4897 3485 4950 παντὶ
3518 4895 3615 4950 τοῦ
3653 4899 3796 4969 οὐρα-ι
3827 4931 3829 4975 1

2237 4985 2330 5039 νοῦ
2351 4985 2535 5057 κύκλῳ
2564 4985 2966 5058 συμπεριθέειν,
2992 4985 3201 5059 ἐλέγχει
3222 4987 3410 5042 τοῦτον
3430 4987 3540 5059 (66)
3573 4989 3647 5061 μὴ
3666 4990 3798 5059 γνόν⁴
3825 5051 3827 5062 Ι

2235 5096 2302 5132 τα
2333 5083 2398 5133 ἐκ
2433 5079 2637 5134 τούτων
2674 5081 2806 5152 μηδέ
2845 5081 3132 5152 σεϐόμενον
3171 5080 3262 5134 τὸν
3301 5080 3654 5154 δημιουργόν.
3690 5083 3796 5144 Πῶς

2235 5167 2326 5225 οῦν
2352 5171 2451 5225 οὐκ
2481 5173 2714 5241 ἀγασται
2750 5174 2844 5227 καὶ
2883 5173 3054 5242 λέγων
3097 5173 3190 5228 καὶ
3221 5168 3376 5238 οὗτος
3418 5174 3514 5228 τὸν
3554 5176 3685 5229 Θεὸν
3713 5175 3794 5244 τῆς

2235 5265 2539 5320 παναιτίου
2577 5265 2670 5319 καὶ
2708 5268 2947 5338 ἀρρήτου
3009 5267 3321 5338 δυνάμεωςς
3381 5265 3821 5342 Ἀναμιμνήσκειι

2232 5356 2363 5427 γοῦν
2409 5357 2499 5412 τὸν
2555 5359 2708 5426 ἆγιον
2756 5347 3113 5432 Πολύκαρπον
3146 5361 3246 5431 τῆς
3287 5361 3428 5415 κατὰ
3475 5362 3678 5434 Ἰησοῦν
3711 5359 3789 5413 τοῦ

2231 5450 2388 5522 Ναυῆ
2435 5451 2694 5525 ἱστορίας,
2736 5453 2822 5506 ἵνα
2865 5453 3068 5525 ταύτην
3095 5455 3444 5526 ἀντιτιθῇτῷ
3480 5456 3790 5523 Ἀπολλοφάο

2230 5563 2330 5598 νει.
2362 5545 2530 5616 Φησὶν
2561 5541 2685 5600 οὖν’
2733 5541 2871 5599 Εἰπὲ
2909 5547 3088 5619 αὐτῷ·
3134 5547 3286 5602 Μάθε
3326 5549 3446 5612 πῶζ
3482 5551 3512 5603 ὁ
3546 5549 3677 5613 Θεὸς
3709 5547 3786 5599 τὸν

2227 5636 2378 5707 ἥλιον
2401 5637 2497 5690 xal.
2526 5638 2626 5710 τὴν
2657 5637 2881 5710 σελήνην
2901 5637 3041 5692 κατὰ
3073 5639 3363 5712 διάμετρον
3383 5640 3544 5704 ὄντας
3568 5642 3682 5694 τότε
3703 5641 3783 5693 5v-
3807 5636 3813 5712 1

2227 5745 2420 5800 τικρυς
2447 5729 2710 5800 ἀλλήλων,
2730 5730 2984 5802 δυομένου
3017 5731 3115 5803 ήδη
3136 5732 3231 5786 τοῦ
3261 5733 3432 5804 ήλίου,
3456 5734 3678 5806 ἔστησεν
3705 5731 3781 5784 ἐπὶ

2225 5817 2320 5872 τοῦ
2352 5818 2515 5873 τόπου
2548 5823 2676 5884 τοὺς
2705 5821 3016 5894 φωστῆρας,
3050 5823 3236 5877 στάσιν
3256 5824 3379 5877 τινὰ
3403 5824 3542 5878 κατά
3573 5824 3781 5893 δύναμιν

2225 5910 2429 5980 ἄφατον
2459 5911 2554 5966 τοῦ
2575 5910 2748 5966 αἰτίου
2776 5911 2955 5966 αὐτῶν
2979 5912 3115 5968 Θεοῦ
3135 5931 3147 5944 ο
3184 5916 3277 5968 καὶ
3304 5914 3433 5984 ἔστη
3467 5914 3528 5968 τὸ
3549 5917 3655 5968 πᾶν
3676 5913 3778 5967 ἀκέο
3805 5923 3807 5947 ί

3817 5361 3819 5415 ι

3815 5445 3817 5505 l

3811 5523 3815 5593 Α

3811 5603 3813 5681 l
