3882 6572
195 372 287 428 ι5⁴1

931 356 1376 417 PACHYMEBE
1415 355 1901 415 PARAPHRASIS
1936 353 2006 410 ῐΝ
2039 351 2188 407 ΕΡΡ.
2227 349 2285 405 S.
2328 347 2652 409 DlONYSlI.

3327 345 3433 405 εδει

197 503 338 557 mem
385 482 534 554 μετὰ
557 479 668 535 τῶν
685 476 777 533 δύο
806 478 1126 550 φωστήρων·
1157 474 1282 529 οὔτε
1311 480 1418 548 γὰρ
1445 476 1474 528 6
1504 473 1750 546 οὐρανὸς,

1857 470 1928 526 sit
1973 483 2152 524 rerum
2182 467 2523 522 conditarum
2555 463 2832 535 cognitio,’
2860 473 3130 537 quatenus
3167 471 3316 528 sunt,
3362 464 3430 518 ad

191 574 299 628 οὔτε
329 574 379 626 οι
413 573 600 625 λοιποὶ
639 569 864 641 ἀστέρες
892 566 1262 639 περιεπόλουν,
1305 565 1439 618 ἀλλά
1475 565 1754 637 συνειστή-

191 681 364 717 κεισαν
408 667 528 727 τοῖς
571 663 690 716 δυσὶ
715 659 1023 732 φωστῆρσι·
1060 657 1218 711 τοῦτο
1253 657 1360 729 γάρ
1390 659 1567 711 ἐστιν·
1609 657 1753 726 Ἅμα

190 755 259 820 τῷ
292 756 475 808 παντὶ
515 754 667 822 πρὸς
697 753 762 806 τὸ
799 751 991 820 πάντη
1023 749 1307 817 ἀκίνητον
1327 747 1646 817 ὁρίζων-ται,
1677 747 1752 810 ώς

192 845 477 917 γενηθῆναι
507 846 704 916 μέτρον
731 844 942 915 ἡμέρας
963 841 1110 913 ὃλης,
1136 840 1374 912 δηλονότι
1402 838 1750 909 δωδεκάωρον

189 939 472 1008 διάστημα,
498 940 558 990 ἐν
583 937 696 1006 ὅσῳ
716 935 930 988 ἵσταντο
954 932 1176 987 ἐπὶτῶν
1195 930 1375 986 αὐτῶν
1400 930 1637 1000 σημείων
1658 930 1752 982 καὶ

189 1031 231 1083 οἱ
259 1029 546 1099 φωστῆρες
572 1028 666 1080 καὶ
684 1027 744 1079 τὸ
773 1028 898 1078 πᾶν.
927 1025 1048 1078 Ὅτι
1076 1024 1134 1078 δὲ
1164 1022 1603 1094 ἑδιπλασιάσθηὴ
1632 1022 1751 1075 τότε

189 1121 383 1192 ἡμέρα,
441 1117 633 1187 σαφῶς
678 1134 839 1187 φησιν
879 1115 1087 1189 Ἰησοῦς
1139 1118 1167 1169 6
1219 1115 1313 1168 τοῦ
1363 1115 1531 1187 Σιράχ
1575 1118 1632 1169 ἐν
1673 1115 1754 1186 τῷ

190 1206 334 1278 ὕμνῳ
363 1207 474 1260 τῶν
502 1206 755 1276 πατέρων
772 1221 788 1234 ⁸
811 1204 1262 1275 εἰκοσιτεσσάρων
1287 1204 1395 1276 γάρ
1419 1204 1576 1276 ώρῶν
1599 1207 1632 1276 ἡ
1659 1206 1752 1259 ἐπὶ

187 1300 268 1353 τοῦ
312 1298 487 1370 Ἰησοῦ
536 1296 653 1350 υἱοῦ
693 1297 843 1367 Ναυῆ
873 1297 1054 1368 ἡμέρα
1089 1297 1272 1367 ἐκείνη
1303 1297 1538 1365 ἐγένετο,
1569 1297 1752 1361 καθὼς

187 1392 334 1457 αὐτὸς
367 1391 653 1462 ἐδήλωσεν.
683 1390 744 1442 Et
779 1389 836 1441 δὲ
867 1389 1010 1442 εἴποι
1045 1389 1460 1461 Ἀπολλοφάνης,
1494 1391 1752 1445 ἀδύνατον

188 1485 278 1555 στῆ
299 1485 368 1537 ιαί
413 1499 547 1536 ποτε
588 1483 678 1535 τὸν
709 1481 954 1553 οὐρανὸν,
981 1483 1306 1554 (ἀεικίνητος
1335 1484 1444 1557 γάρ
1468 1485 1506 1553 ·)
1527 1485 1754 1557 ἀπόκρι-

188 1594 263 1630 ναι
283 1576 454 1646 αὐτῷ,
479 1577 565 1628 ὅτι
586 1573 743 1627 τοῦτο
767 1574 964 1647 μᾶλλον
997 1574 1460 1647 θαυμασιώτερον,
1505 1577 1599 1629 καὶ¹
1624 1576 1752 1630 τοῦ-

184 1685 237 1720 το
265 1667 370 1721 ἔδει
402 1683 461 1720 σε
497 1666 820 1737 ἐπιστρέψαι
859 1667 994 1738 πρὸς
1021 1668 1113 1720 τὸν
1139 1666 1311 1739 ἀληθῆ
1340 1668 1492 1734 Θεὸν,
1529 1668 1622 1722 καὶ
1655 1667 1753 1739 τὴν

187 1759 304 1828 περὶ
348 1755 518 1810 αὐτοῦ
551 1755 750 1823 γνῶσιν
775 1773 788 1785 ·
823 1757 979 1827 εἴπερ
1017 1757 1045 1808 6
1089 1757 1185 1827 μὲν
1213 1756 1372 1821 πόλος
1403 1759 1696 1830 περιήγετο
1723 1759 1752 1810 6

185 1848 446 1919 περιέχων
476 1848 604 1911 τοὺς
625 1839 916 1918 φωστῆρας
933 1863 946 1876 ·
975 1845 1132 1900 τοῦτο
1147 1848 1254 1919 γὰρ
1273 1849 1540 1919 ἐδήλωσεν
1558 1849 1747 1914 εἰπὼν,
1781 1833 1823 1888 Β

188 1941 301 1994 Τῶν
322 1941 484 1995 ὅλων
504 1940 601 1993 καὶ
628 1939 745 1994 τῶν
775 1942 1123 2008 κρειττόνων
1144 1942 1239 1994 καὶ
1261 1944 1655 2011 περιεχόντων
1677 1962 1691 1975 ο
1721 1944 1750 1996 6

179 2029 231 2082 δὲ
277 2029 428 2100 ⁴ἥλιος
489 2031 586 2085 καὶ
647 2031 680 2101 ή
739 2030 934 2102 σελήνη
990 2031 1040 2083 οἱ
1088 2031 1461 2103 περιεχόμενοι
1503 2033 1750 2104 ἀκίνητοι

183 2123 408 2188 ἵσταντο,
458 2123 557 2177 καὶ
597 2123 660 2176 οὐ
703 2123 800 2194 τὴν
840 2123 1007 2194 αὐτὴν
1045 2124 1216 2195 φορὰν
1256 2125 1628 2180 συνεκινοῦντο
1672 2125 1752 2197 τῷ

182 2217 355 2279 παντὶ,
411 2215 532 2287 μεθ’
577 2211 638 2268 οὗ
679 2216 767 2269 ἀεὶ⁹
811 2217 1266 2287 συμπεριήγοντο.
1312 2217 1480 2271 Πάλιν
1529 2217 1622 2271 ἐπὶ
1654 2216 1750 2270 τοῦ

193 2305 454 2372 Ἐζεκίου,
486 2307 618 2360 ὅταν
644 2306 777 2379 ἄλλη
807 2324 890 2370 τις
927 2307 1106 2378 ἡμέρα
1141 2308 1282 2362 κατὰ
1315 2309 1593 2380 συνέχειαν
1625 2326 1750 2380 σχε-

179 2397 260 2451 δδν
301 2397 787 2468 τριπλασιάζηται,
841 2399 904 2451 τὸ
937 2398 1164 2468 σχεδὸν
1207 2400 1529 2472 προσετέθη,
1567 2401 1752 2474 ἐπειδὴ

180 2489 374 2559 τριπλῆ
405 2488 550 2543 κατά
583 2489 645 2542 τὸ
673 2489 878 2561 πλῆρες
897 2489 996 2544 οὐκ
1022 2491 1290 2564 ἐγένετοὴ
1319 2493 1501 2565 ἡμέρα
1530 2493 1713 2563 ἐκείνη
1735 2511 1748 2525 ·

178 2578 464 2650 τριάκοντα
495 2578 592 2632 δύο
616 2579 725 2650 γὰρ
766 2580 923 2652 ὡρῶν
952 2581 1160 2650 γέγονε,
1193 2581 1325 2636 δέκα
1357 2582 1463 2635 ἀπὸ
1489 2582 1754 2653 ἀνατολῆς

183 2670 335 2740 μέχρι
357 2668 469 2742 (68)
491 2669 588 2724 τοῦ
616 2670 782 2724 τόπου
806 2672 863 2724 ἐν
964 2672 1160 2745 εὑρέθη
1184 2674 1212 2724 6
1235 2673 1402 2742 ἥλιοςο
1430 2675 1548 2728 τότε
1577 2675 1638 2728 :6
1659 2693 1755 2749 ση-

183 2766 328 2833 μεῖον
365 2764 525 2836 ἐδόθη
547 2781 561 2795 ·
613 2765 706 2819 καὶ
735 2764 864 2820 δέκα
894 2767 1104 2842 ἐκεῖθεν
1132 2767 1292 2821 πάλιν
1333 2768 1427 2822 ἐπὶ
1467 2768 1751 2840 ἀνατολὴν,

180 2857 424 2910 κάκεῖθεν
449 2856 615 2912 πάλιν
638 2855 851 2911 δώδεκα
876 2859 1037 2931 μέχρι
1064 2859 1165 2930 τῆς
1181 2859 1389 2924 τελείας
1413 2861 1634 2925 δύσεως.
1664 2862 1755 2933 Τῷ

178 2948 318 3018 αὐτῴ
351 2948 410 3002 δὲ
440 2949 685 3019 σχήματι
716 2946 810 3001 τοῦ
848 2947 1006 3018 λόγου
1042 2951 1136 3004 καλ⁴
1181 2951 1414 3005 ἐνταῦθα
1460 2953 1752 3024 ἐχρήσατο,

176 3039 256 3092 ὃτι
278 3041 306 3092 6
333 3039 496 3103 πόλος
525 3039 688 3104 αὐτὸς
721 3042 816 3095 σὺν
839 3042 916 3112 τῷ
946 3041 1081 3113 ἡλίῳ
1099 3044 1156 3095 ἐν
1178 3041 1255 3112 τῷ
1283 3043 1390 3097 τῶν
1410 3045 1578 3097 εἴκοσι
1599 3045 1756 3116 ὡρῶν

177 3128 498 3201 διαστήματι
515 3129 615 3201 τῆν
635 3131 884 3201 ὑπερφυῆ
899 3131 1110 3204 ἐκείνην
1126 3134 1596 3207 ἀντιπεριαγωγὴν
1607 3139 1772 3206 ἐποιήο

1859 576 2039 616 rerum
2083 567 2360 614 auctorem
2404 558 2572 614 Deum
2601 574 2781 612 rerum
2817 557 3126 628 cognitione
3157 562 3428 620 utentem;

1857 668 2019 724 quam
2066 653 2182 722 ipse
2209 650 2428 720 quidem
2457 657 2613 704 vocat
2650 649 3046 720 philosophiam
3094 664 3106 700 :
3145 656 3200 701 at
3229 646 3433 702 Paulus

1854 745 1946 799 ille
1997 742 2334 798 admirabilis
2371 739 2786 811 nuncupandam
2825 742 3039 798 censuit
3076 738 3169 794 Dei
3218 740 3402 808 sapieu

1855 839 1986 893 tiam
2017 837 2071 890 in
2102 835 2283 906 priore
2307 834 2552 890 scribens
2579 833 2878 889 Corinthiis
2917 833 3146 902 epistola
3174 841 3201 869 ιι
3238 852 3250 887 :
3284 831 3414 885 Nan

1854 929 1978 1000 quia
1999 928 2055 981 in
2076 927 2337 996 sapientia
2362 925 2456 979 Dei
2479 943 2581 979 non
2603 925 2836 996 cognovit
2862 924 3087 979 mundus
3112 941 3205 994 per
3225 925 3410 993 sapien

1855 1022 1986 1075 tiam
2015 1019 2218 1080 Deum;
2251 1017 2356 1072 hoc
2389 1024 2473 1071 est
2497 1031 2592 1088 per
2615 1016 2936 1087 sapientiam
2967 1017 3234 1071 concinna
3267 1023 3430 1088 atque

1853 1113 2070 1168 decenti
2097 1118 2363 1167 creaturae
2389 1108 2784 1178 compositione
2817 1108 2980 1163 simul
3009 1115 3061 1162 et
3084 1107 3276 1162 ordine
3312 1122 3430 1160 ma-

1856 1205 2052 1260 nifeste
2080 1212 2452 1274 apparentem.
2483 1200 2649 1271 Atqui
2684 1217 2752 1256 ne
2783 1201 2965 1256 videar
2995 1201 3130 1256 istos
3166 1214 3428 1270 coargue-

1855 1311 1934 1360 re,
1967 1302 2163 1368 prazter
2189 1310 2350 1365 quam
2382 1293 2514 1348 mihi
2544 1293 2700 1348 initio
2727 1293 3004 1348 decretum
3035 1304 3139 1357 est,
3164 1298 3428 1362 prmterve

1854 1388 2020 1442 animi
2086 1387 2190 1442 mei
2229 1401 2476 1456 secpum,
2510 1384 2657 1455 quod
2709 1384 2912 1473 factum
2963 1392 3020 1438 ut
3074 1383 3204 1438 mihi
3250 1383 3428 1438 modis

1853 1480 2109 1535 erunibus
2139 1481 2482 1549 temperarim
2523 1479 2592 1534 ab
2615 1477 2765 1532 omni
2795 1476 3200 1546 conscriptione
3236 1475 3429 1531 adver-

1854 1588 1951 1628 sus
2009 1583 2123 1627 tum
2178 1571 2418 1635 Graecos,
2455 1581 2566 1626 tum
2609 1571 2748 1626 alios
2794 1571 3040 1641 quosvis,
3072 1568 3430 1624 conveniebat

1853 1663 2306 1734 Apollophanem,
2338 1663 2556 1734 sapiens
2579 1678 2701 1718 cum
2726 1663 2816 1724 sit.
2842 1677 2943 1732 pro
2963 1668 3242 1730 comperto
3267 1660 3431 1715 habe-

1857 1773 1935 1824 re,
1965 1754 2106 1810 haud
2142 1770 2302 1811 secus
2333 1755 2444 1809 ﬁeri
2473 1753 2735 1824 potuisse,
2760 1762 2819 1807 ut
2849 1753 3144 1824 quidquam
3177 1753 3323 1808 vices
3348 1752 3433 1806 in-

1851 1856 2084 1904 verteret
2107 1847 2318 1904 ordinis
2340 1847 2444 1903 sibi
2473 1847 2787 1918 praestituti,
2815 1847 2861 1902 si
2886 1862 2992 1902 non
3030 1847 3181 1917 prius
3205 1862 3270 1901 eo
3302 1863 3431 1917 pro-

1852 1943 2114 1997 movisset
2162 1948 2492 2004 creaturam,
2532 1941 2627 2012 qui
2656 1940 2830 2011 ipsius
2859 1950 3048 1996 auctor
3075 1947 3179 2008 est,
3227 1939 3433 2011 quique

1851 2049 1970 2090 eam
1995 2033 2165 2092 ambit
2195 2040 2250 2088 et
2291 2032 2674 2104 complectitur
2698 2048 2795 2088 sua
2819 2033 3102 2103 majestate
3130 2047 3144 2085 :
3171 2031 3431 2102 quemad-

1852 2126 2075 2182 modum
2127 2126 2358 2196 legimus
2393 2125 2692 2197 contigisse
2730 2127 2878 2181 circa
2926 2127 3095 2182 solem
3141 2133 3196 2182 et
3246 2125 3431 2180 lunam

1854 2220 1959 2276 sub
1985 2218 2116 2276 Jesu
2146 2217 2292 2274 Nave
2325 2218 2437 2273 ﬁlio
2465 2227 2521 2274 et
2545 2218 2774 2273 Ezechia
2808 2217 2942 2298 (6_7).
2984 2217 3226 2287 Denique
3254 2216 3434 2272 scien-

1854 2313 2005 2372 dum,
2037 2310 2183 2381 quod
2209 2311 2350 2365 inter
2368 2324 2430 2365 ea
2459 2323 2580 2382 quae
2609 2309 2751 2379 apud
2783 2308 3004 2365 Graecos
3033 2324 3132 2378 pro
3161 2307 3432 2364 confessis

1854 2404 1911 2458 in
1945 2402 2108 2456 dubia
2136 2401 2237 2456 ﬁde
2259 2407 2535 2464 tenentur,
2568 2399 2702 2454 illud
2740 2415 2956 2470 quoque
2983 2399 3312 2455 adducitur:
3340 2414 3432 2452 or-

1854 2495 2036 2551 dinem
2072 2503 2234 2564 atque
2261 2493 2666 2550 distinctionem
2693 2509 2876 2550 rerum
2906 2493 3027 2563 ejus
3058 2509 3200 2557 esse,
3224 2494 3317 2564 qui
3338 2507 3429 2548 ea-

1853 2602 1976 2642 rutu
2023 2593 2214 2640 auctor
2249 2593 2354 2642 est.
2401 2585 2598 2641 Dicens
2636 2586 2782 2640 enim
2824 2601 3036 2656 aequum
3070 2601 3192 2641 esse
3229 2601 3292 2640 ex
3328 2585 3431 2639 hoc

1855 2681 2175 2752 cognovisse
2197 2678 2368 2735 Deum
2395 2678 2652 2734 universo
2683 2677 2829 2748 leges
2859 2693 3078 2749 ponere,
3110 2677 3239 2748 quia
3268 2678 3349 2732 sol
3379 2685 3433 2732 et

1855 2774 1985 2829 luna
2013 2773 2265 2830 terminis
2299 2772 2408 2828 diei
2445 2772 2712 2827 naturalis
2741 2770 3057 2826 constitutis
3095 2778 3346 2831 currunt,
3377 2779 3433 2825 et

1857 2867 2020 2923 simul
2051 2881 2175 2920 cum
2216 2864 2473 2920 universo
2503 2864 2766 2918 caelorum
2810 2863 2945 2917 orbe
2991 2861 3434 2918 eircumvolvuu-

1856 2967 1967 3024 tur,
2001 2958 2181 3029 arguit
2213 2956 2357 3012 hunc
2389 2964 2448 3011 ut
2475 2957 2568 3027 qui
2601 2955 2788 3010 talium
2820 2955 3280 3025 contemplatione
3322 2971 3431 3010 non

1855 3061 2136 3123 agnoscat,
2191 3065 2292 3105 nec
2335 3047 2524 3103 adoret
2577 3053 2891 3103 reverenter
2929 3062 3119 3102 eorum
3159 3046 3430 3117 Opiﬁcem.

1857 3138 2058 3209 Quidni
2091 3142 2257 3212 igitur
2279 3139 2445 3196 Deum
2472 3141 2559 3195 hic
2593 3139 2968 3194 admirabilem
3001 3139 3276 3209 praedicat,
3306 3153 3434 3209 pro-

182 3245 308 3282 σατο
345 3261 363 3286 ,
400 3221 433 3294 ἢ
461 3221 625 3293 μόνος
647 3224 676 3275 6
706 3222 874 3292 ἥλιος.
906 3222 1076 3277 Τοῦτο
1107 3224 1216 3297 γάρ
1249 3227 1395 3279 ἐστιν
1423 3226 1452 3279 ὃ
1480 3226 1626 3296 λέγει
1645 3245 1658 3257 ·
1693 3230 1750 3284 Ἠ

1859 3233 2040 3291 fessus
2062 3233 2317 3305 potentia:
2342 3248 2464 3288 esse
2486 3248 2668 3288 rerum
2690 3232 2937 3286 omnium
2969 3231 3281 3297 eﬂ‘ectricis,
3310 3231 3406 3285 nul

176 3311 240 3364 τὸ
261 3310 382 3366 πᾶν
414 3313 715 3366 τοσούτου
735 3313 976 3381 χρόνου,
997 3313 1273 3381 δηλονότι
1303 3316 1538 3370 εἴκοσιν
1563 3316 1749 3386 ὡρῶν,

174 3402 358 3469 φορὰς
384 3402 672 3468 ἐναντίας
693 3400 1031 3463 ἀναποδίζει
1055 3420 1068 3434 ·
1102 3403 1140 3472 ἢ
1178 3407 1210 3459 ὁ
1245 3403 1418 3472 ἣλιος
1461 3405 1586 3470 ιδίῳ
1617 3405 1754 3474 δρό-

169 3507 259 3558 μῳ
272 3492 385 3560 τὴν
406 3492 696 3559 τοιαύτην
715 3493 961 3561 κίνησιν
978 3493 1326 3561 ἐποιήσατο.
1349 3497 1422 3550 Τὸ
1443 3497 1756 3566 πεντάτρο-

174 3597 287 3637 xor
321 3584 378 3638 δὲ
397 3584 503 3655 τῆς
537 3583 634 3637 τοῦ
659 3583 810 3655 ἡλίου
840 3586 1106 3656 κινήσεως
1137 3587 1278 3641 οὕτω
1298 3589 1486 3660 νόησον
1508 3607 1522 3619 ·
1567 3590 1630 3642 Ἦ
1657 3589 1752 3642 τοῦ

172 3676 318 3748 ἡλίου
349 3677 625 3741 ἐνιαύσιος
653 3676 866 3749 κίνησις
898 3679 1060 3733 πέντε
1101 3684 1334 3735 ποιεῖται
1356 3682 1585 3754 τροπὰς,
1617 3683 1750 3737 ἀνά-

173 3768 324 3825 6ασιν
353 3771 598 3844 βορείαν,
630 3770 906 3825 τουτέστιν
944 3772 1052 3826 ἀπὸ
1097 3773 1317 3845 ἐαρινῆς
1361 3776 1648 3847 ἰσημερίας
1671 3778 1752 3839 είς

172 3863 260 3916 τὸν
294 3864 506 3936 θερινὸν
551 3863 812 3935 τροπικόν
837 3879 851 3894 ·
906 3863 1206 3918 κατάϐασιν
1248 3866 1484 3937 βορείαν,
1527 3868 1622 3920 ἀπ’
1655 3870 1752 3923 αὐ-

173 3955 264 4008 τοῦ
321 3955 571 4028 δηλονότι
633 3956 726 4009 ἐπὶ
789 3955 882 4011 τὸν
956 3957 1323 4028 μετοπωρινὸν
1403 3961 1714 4030 ἰσημερινόν
1735 3979 1750 3993 ο

174 4050 472 4105 κατάϐασιν
516 4049 700 4102 νοτίαν
737 4049 844 4103 ἀπὸ
881 4049 976 4105 τοῦ
1013 4050 1252 4105 τοιούτου
1294 4052 1607 4124 ίσημερινοῦ
1659 4055 1752 4108 ἐπὶ

171 4134 260 4187 τὸν
298 4134 615 4208 χειμερινὸν
661 4135 949 4206 τροπικόν·
986 4138 1078 4191 καὶ
1106 4137 1370 4192 ἀνάϐασιν
1406 4139 1607 4203 νοτίαν,
1646 4142 1752 4195 ἀπὺ

171 4226 264 4280 τοῦ
318 4225 640 4300 χειμερινοῦ
683 4228 946 4299 τροπικοῦ
989 4230 1082 4282 ἐπὶ
1131 4229 1222 4284 τὸν
1265 4232 1476 4304 ἐαρινὺν
1508 4235 1753 4306 ἰσημερι-

173 4321 261 4374 νόν
281 4320 410 4392 (69)°
460 4322 557 4374 καὶ
605 4318 862 4390 πέμπτην
891 4321 990 4391 τὴν
1019 4323 1270 4377 ἐναντίαν
1310 4323 1390 4396 τῷ
1430 4325 1611 4380 παντί.
1660 4329 1751 4381 Et-

174 4412 290 4466 πὼν
333 4408 429 4467 οὖν
494 4411 613 4480 τὴν
656 4411 1065 4481 πεντάτροπον
1117 4415 1282 4469 αὑτοῦ
1342 4418 1554 4489 κίνησιν
1583 4459 1597 4484 ,
1662 4421 1752 4476 διὰ

172 4503 268 4573 τῆς
309 4504 631 4576 προσθήκης
674 4504 769 4558 τοῦ
818 4505 1019 4579 ἄρθρου
1050 4507 1161 4578 (70)
1189 4508 1304 4578 τὴν
1344 4510 1618 4581 γνώριμον
1657 4514 1750 4567 καὶ

174 4595 376 4667 συνήθη
423 4595 692 4666 ὑπέφηνε.
739 4597 814 4651 Τὸ
855 4598 911 4652 δέ
971 4603 1030 4653 ἐν
1071 4601 1280 4666 τούτοις
1324 4601 1612 4674 λεγόμενον
1645 4605 1750 4658 ὑπὸ
1781 4582 1826 4640 D

171 4685 266 4737 τοῦ
297 4686 536 4758 πατρὸς,
553 4687 836 4758 νοήσωμεν
865 4688 1036 4754 οὕτως
1055 4708 1067 4721 ’
1103 4689 1459 4764 ’Υποθώμεθα
1487 4695 1578 4748 τὸν
1600 4695 1751 4767 ἥλιον

171 4771 307 4828 εἶναι
339 4775 483 4830 κατά
514 4776 614 4846 τὴν
647 4778 858 4851 ἡμέραν
891 4781 1103 4852 ἐκείνην
1120 4786 1186 4854 τῇ
1209 4783 1327 4856 ὥρᾳ
1355 4785 1452 4858 τῆς
1484 4787 1751 4859 ἀνατολῆς

172 4866 234 4916 ἐν
262 4868 326 4937 τῇ
374 4864 571 4939 πρώτῃ
606 4865 770 4939 μοίρᾳ
799 4867 895 4921 τοῦ
940 4869 1132 4942 Κριοῦ.
1181 4873 1275 4937 Εἰς
1318 4874 1418 4944 τὴν
1451 4877 1618 4948 αὐτὴν
1649 4875 1744 4932 οὖν

173 4957 367 5026 μοῖραν
383 4956 699 5010 ἐπανελθεῖν
717 4957 877 5011 αὐτὸν
907 4961 1006 5014 οὐκ
1034 4957 1103 5033 ἦν
1133 4962 1379 5027 δυνατὸν,
1397 4970 1445 5021 εί
1481 4968 1554 5040 μὴ
1588 4972 1744 5042 ποιή-

175 5061 326 5099 σεται
342 5048 443 5116 τὴν
463 5049 829 5118 προταγεῖσαν
850 5053 1217 5126 πεντάτροπον
1233 5057 1463 5129 κίνησιν,
1481 5060 1648 5131 ἤγουν
1676 5061 1745 5114 δι’

171 5138 394 5211 ἡμερῶν
423 5139 531 5206 τξε⁹
566 5139 708 5209 (Ἠ),
751 5143 845 5196 καὶ
874 5147 1319 5222 τεταρτημόριον.
1368 5151 1455 5205 Ἐν
1485 5148 1578 5206 οὖν
1626 5159 1746 5219 ταῖς

169 5227 302 5281 δέκα
320 5229 654 5301 ὦραις,ταίς
687 5231 794 5284 ἀπὸ
841 5233 934 5286 τοῦ
966 5235 1130 5290 τόπου
1163 5241 1220 5292 ἐν
1251 5233 1296 5307 ᾧ
1328 5243 1517 5312 γέγονε
1549 5246 1610 5298 τὸ
1645 5263 1743 5316 ση-

174 5322 326 5390 μεῖον
361 5361 378 5385 ,
411 5321 517 5385 ἕως
552 5322 713 5376 πάλιν
742 5323 843 5394 τῆς
875 5326 933 5378 ἐν
976 5329 1044 5398 τῇ
1088 5329 1318 5403 ἀνατολῇ
1367 5333 1591 5405 πρώτης
1625 5340 1744 5409 μοί-

173 5428 277 5483 ρας
306 5411 400 5466 τοῦ
433 5413 629 5485 Κριοῦ,
662 5413 762 5484 τὴν
823 5417 1036 5471 τελείαν
1081 5421 1522 5480 ἀποκατάστασιν
1557 5430 1744 5504 ἐποιή-

171 5518 322 5556 σατο.
357 5504 468 5557 Καὶ
501 5504 643 5558 κατά
693 5505 870 5571 τοῦτο,
905 5512 1026 5563 ἐπεὶ¹
1055 5511 1228 5579 ἄλλως
1257 5519 1357 5572 οὐκ
1399 5515 1468 5590 ἦν
1501 5522 1739 5590 ἅψασθαι

169 5597 269 5651 τοῦ
311 5600 409 5671 τῆς
460 5599 685 5672 πρώτης
752 5603 944 5674 μοίρας
997 5607 1222 5678 σημείου
1268 5611 1360 5666 τοῦ
1414 5616 1584 5687 Κριοῦ
1645 5619 1738 5676 τὸν

253 5787 279 5818 ι
307 5777 438 5856 Cap.
474 5797 514 5843 ι,
547 5795 601 5835 v.
629 5780 718 5834 21.
797 5791 823 5820 ν
843 5781 1012 5838 Eccli.
1047 5799 1192 5853 xm,
1223 5788 1276 5843 5.

451 5874 727 5936 ΡΑτιιοι..
776 5873 891 5936 Gn.
939 5877 1048 5939 IV.

1857 3326 2035 3396 lisque
2066 3327 2201 3382 satis
2235 3323 2610 3396 explicandae?
2649 3323 2791 3392 Quin
2825 3331 2878 3380 et
2903 3324 3221 3379 memoriam
3271 3338 3435 3379 reno-

1855 3417 2130 3474 vatPater
2159 3426 2348 3473 sancto
2379 3415 2680 3490 Polycarpo
2706 3417 2827 3487 ejus
2856 3416 3122 3480 historiae,
3154 3432 3276 3487 qua:
3301 3431 3434 3471 con-

1855 3511 1975 3582 Iigit
2005 3510 2107 3566 sub
2140 3510 2262 3582 ipso
2295 3509 2424 3566 Jesu
2444 3508 2612 3577 Nave,
2644 3517 2704 3563 ut
2725 3525 2844 3564 eam
2875 3507 3236 3580 Apollophani
3258 3499 3433 3579 oppr)"-

1793 3629 1812 3649 ο
1856 3611 1970 3658 nat.
1995 3601 2084 3658 Ait
2103 3617 2268 3675 ergo:
2298 3601 2394 3658 Dic
2422 3613 2479 3657 tu
2507 3601 2618 3656 illi:
2645 3599 2742 3658 Vel
2763 3601 2874 3671 jam
2897 3601 3104 3672 accipe,
3131 3617 3240 3673 qua
3275 3600 3434 3653 ratio-

1855 3712 1924 3750 ne
1957 3693 2101 3750 Deus
2137 3697 2304 3752 solem
2337 3703 2392 3750 et
2423 3696 2606 3760 lunam
2647 3702 2779 3750 tunc
2810 3709 2934 3749 cum
2975 3694 3277 3749 secundum
3314 3692 3433 3748 dia-

1853 3788 2135 3844 metralem
2167 3788 2364 3842 lineam
2401 3801 2432 3843 e
2473 3788 2696 3859 regione
2728 3803 2849 3844 sese
2883 3794 3274 3857 respectarent,
3318 3785 3434 3840 sole

1853 3879 2074 3950 quidem
2105 3879 2216 3948 jam
2257 3878 2583 3950 devergente
2609 3880 2666 3934 in
2695 3893 2975 3941 occasum,
3020 3885 3314 3948 utrumque
3348 3880 3432 3932 lu-

1853 3971 2064 4026 minare
2095 3970 2396 4027 subsistere
2426 3971 2594 4040 jussit
2624 3970 2678 4024 in
2711 3970 2946 4025 statione
2970 3985 3099 4036 sua;
3142 3970 3309 4038 idque
3344 3969 3428 4023 fa-

1853 4071 2000 4118 ctum
2032 4079 2156 4120 esse
2195 4065 2379 4134 negari
2416 4078 2525 4118 non
2556 4071 2734 4133 potest
2767 4061 3025 4116 ineﬂ‘abili
3066 4061 3158 4115 Dei
3184 4061 3428 4132 ipsorum

1852 4153 2064 4224 opiticis
2092 4155 2333 4224 potentia
2369 4168 2381 4204 :
2418 4161 2591 4207 totum
2622 4152 2847 4223 insuper
2875 4151 3152 4207 immobile
3176 4151 3430 4208 subsistit

1853 4260 1960 4299 una
1993 4260 2116 4299 cum
2151 4254 2383 4314 utroque
2418 4242 2692 4298 luminari.
2729 4243 2942 4298 Etenim
2976 4259 3084 4298 non
3114 4243 3314 4299 coelum
3346 4244 3429 4314 ip-

1853 4353 1996 4401 sum,
2029 4351 2138 4391 non
2163 4337 2408 4407 reliquus
2430 4336 2708 4391 stellarum
2731 4335 2932 4390 chorus
2961 4342 3074 4390 toto
3097 4334 3429 4390 oberrabant

1853 4432 1977 4503 polo
1998 4449 2012 4499 ;
2038 4431 2133 4487 sed
2160 4446 2282 4486 cum
2305 4431 2518 4488 duobus
2540 4431 2647 4485 illis
2668 4429 3048 4493 luminaribus,
3068 4428 3183 4486 suis
3201 4445 3430 4500 qumque

1854 4525 2078 4582 sedibus
2111 4525 2491 4581 substiterunt.
2518 4523 2633 4579 Hoc
2656 4524 2801 4580 enim
2831 4522 3039 4578 indicat
3058 4543 3071 4578 :
3091 4521 3256 4595 258
3276 4525 3428 4594 ’Ἅμα

1851 4617 1929 4688 τῷ
1961 4619 2122 4671 παντὶ
2163 4618 2298 4692 πρὸς
2325 4619 2386 4672 τὸ
2414 4617 2590 4689 πάντη
2620 4617 2874 4688 ἀκίνητον
2907 4617 3216 4690 ὁρίζωνται,
3244 4620 3428 4688 periu-

1852 4709 1919 4766 de
1940 4718 2104 4780 atque
2131 4711 2251 4780 ejus
2280 4711 2449 4767 totius
2481 4711 2590 4767 diei
2619 4710 2888 4766 dimensio
2908 4711 3211 4765 excreverit
3250 4710 3428 4781 spatio

1853 4802 2138 4859 duodecim
2171 4805 2462 4871 horarum;
2491 4805 2696 4859 interea
2727 4804 2990 4873 temporis
3033 4805 3086 4858 in
3126 4803 3242 4859 suis
3278 4818 3428 4873 qua:-

1852 4911 1959 4966 que
1993 4897 2164 4968 signis
2199 4897 2511 4959 luminaria,
2554 4898 2752 4950 cmlum
2795 4911 3012 4966 quoque
3043 4897 3220 4966 ipsum
3264 4894 3424 4948 ﬁxius

1846 4987 2188 5042 restiterunt.
2229 4987 2384 5054 Quod
2414 4999 2594 5044 autem
2629 4989 2793 5058 dupla
2835 4988 2902 5042 ad
2931 4998 3158 5042 caeteros
3194 4999 3424 5056 propor-

1845 5078 1994 5133 tione
2045 5094 2108 5133 ea
2145 5079 2262 5135 dies
2290 5080 2620 5144 accreverit;
2665 5080 2965 5134 luculenter
3020 5079 3226 5133 indicat
3261 5075 3420 5131 Jesus

1846 5169 1990 5223 (ilius
2042 5168 2234 5224 Sirach
2294 5171 2349 5224 in
2399 5171 2600 5241 hymno
2645 5169 2866 5224 Patrum
2900 5180 2945 5225 ν.
2976 5169 3108 5223 Nam
3145 5168 3211 5222 ad
3258 5167 3421 5221 horas
3527 5168 3545 5182 ‘

1845 5270 2082 5332 quatuor
2113 5277 2278 5331 supra
2328 5261 2519 5333 viginti
2553 5261 2672 5317 dies
2705 5263 2796 5316 illa
2829 5263 2932 5317 sub
2968 5261 3096 5316 Jesu
3121 5258 3264 5312 Nave
3294 5272 3418 5327 por-

1851 5362 2001 5408 recta
2054 5361 2411 5418 memoratur,
2463 5355 2920 5424 quemadmodum
2952 5355 3000 5406 is
3034 5349 3323 5421 expressit.
3360 5345 3419 5402 Si

1851 5459 1980 5500 vero
2008 5445 2268 5500 reclamet
2300 5445 2722 5516 Apollophanes,
2758 5445 3092 5517 impossibile
3126 5441 3316 5496 dicens
3359 5451 3418 5495 ut

1851 5537 1976 5590 coeli
2020 5551 2217 5592 cursus
2263 5539 2476 5593 restitet
2518 5539 2800 5609 (perpetuo
2847 5537 2991 5591 enim
3014 5533 3194 5606 agitur
3217 5532 3415 5604 motu),

1844 5627 1968 5685 vide
1998 5625 2075 5682 illi
2104 5636 2163 5684 ut
2207 5631 2569 5703 respondeas,
2616 5633 2742 5701 quia
2783 5631 2866 5684 vel
2908 5629 3010 5683 hoc
3052 5625 3271 5682 nomine
3312 5627 3419 5682 tale

2996 5889 3070 5953 15
