3882 6590
485 373 586 429 ιιι)

1243 368 1582 425 APPENDIX
1617 369 1708 424 AD
1744 368 1969 425 OPERA
2007 367 2064 423 S.
2112 366 2407 422 DIONYSII
2444 363 2925 424 AREOPAGITA‘Z.

3609 363 3716 420 460'

483 487 784 558 prodigium
816 485 1036 558 dignum
1061 485 1231 541 videri
1265 486 1423 541 debet
1447 486 1641 556 majori
1672 487 1841 541 multo
1875 487 2018 542 admi

2122 483 2299 554 ηὴλιον
2331 482 2523 548 πάλιν’,
2559 485 2608 537 εί
2643 483 2717 555 μὴ
2753 482 2888 555 μετὰ
2919 476 3123 533 τελείου
3149 475 3358 549 »χρόνου
3392 476 3709 550 περαίωσιν,

483 582 709 643 ratione,
742 579 886 650 quod
915 587 967 634 et
993 587 1042 633 te
1065 578 1250 633 debuit
1277 578 1344 632 ad
1375 578 1786 658 amplexandam
1815 580 1927 636 veri
1957 581 2041 652 ip-

482 665 597 720 sius
652 665 746 721 Dei
796 666 950 720 tidem
995 673 1347 731 convertere,
1403 675 1457 721 et
1504 667 1573 721 ad
1615 683 1804 722 eorum
1853 669 2044 739 perdu-

480 772 603 811 cere
647 756 1027 826 cognitionem,
1074 772 1196 827 quae
1229 756 1295 812 de
1330 757 1449 827 ipso
1497 759 1858 829 praedicantur
1895 779 1908 814 :
1945 777 2042 830 po-

481 849 563 902 lus
587 847 874 916 siquidem,
906 849 998 918 qui
1027 848 1314 903 luminaria
1344 851 1606 915 continet,
1637 851 2042 922 circumageba-

477 948 582 993 tur.
620 938 754 992 Nam
793 947 848 992 et
895 940 998 993 hoc
1035 941 1307 1009 expressit
1351 941 1542 998 dicens
1573 924 1591 997 ἐ
1627 943 1748 996 Τῶν
1779 943 1912 995 ὅλων
1945 945 2040 997 καὶ

475 1030 578 1083 τῶν
611 1031 933 1102 κρειττόνων
953 1031 1045 1084 καὶ
1065 1032 1441 1102 περιεχόντων.
1469 1033 1691 1089 Contra.
1719 1031 1809 1089 Sol
1829 1044 1882 1088 et
1910 1034 2038 1088 luna

473 1123 670 1193 alioqui
734 1124 857 1193 polo
918 1125 1039 1194 ipso
1106 1126 1368 1192 contenti,
1423 1127 1728 1181 immobiles
1776 1128 2037 1197 persiste-

473 1215 621 1282 bant,
658 1230 758 1270 nec
808 1216 921 1284 jam
979 1216 1135 1284 juxta
1195 1225 1514 1272 consuetam
1580 1218 1837 1272 lationem
1874 1218 2037 1274 simul

468 1321 592 1362 cum
645 1307 770 1377 polo
811 1308 1188 1371 movebantur,
1220 1323 1452 1378 quocum
1487 1324 1703 1379 semper
1740 1309 2036 1381 circumagi

467 1406 817 1454 consuerant.
861 1397 1074 1455 Rursus
1109 1397 1352 1453 Ezechiae
1383 1409 1642 1469 tempore,
1680 1400 1901 1470 quando
1930 1401 2035 1454 alia

467 1491 715 1560 quaedam
736 1489 852 1546 dies
877 1491 1038 1560 tripla
1069 1490 1456 1560 propemodum
1485 1491 1837 1560 praportione
1877 1499 2036 1546 cate-

469 1583 546 1638 ris
570 1582 742 1650 major
769 1583 1111 1638 continenter
1140 1582 1260 1638 fuit.
1289 1581 1462 1637 Dictio
1490 1583 1672 1653 σχεδόν
1693 1597 1758 1638 eo
1778 1585 2030 1647 accessit,

466 1676 613 1746 quod
647 1675 736 1729 illa
765 1674 880 1731 dies
909 1692 1018 1730 non
1047 1689 1439 1746 usquequaque
1462 1675 1618 1744 plena
1652 1673 1813 1729 fuerit
1834 1675 2032 1744 triplici

466 1769 804 1824 dimensione
829 1788 842 1823 :
864 1769 1094 1824 duarum
1119 1770 1264 1823 enim
1288 1777 1341 1824 et
1372 1768 1594 1839 triginta
1624 1767 1724 1822 fuit
1747 1767 2030 1823 horarum.

2142 581 2200 632 ἐν
2230 570 2274 644 ᾧ
2305 577 2367 648 δὴ
2401 578 2576 651 χρόνῳ
2609 579 2702 631 καὶ
2734 579 2767 648 ἡ
2801 577 3169 649 πεντάτροπος
3199 573 3429 626 τελεῖται
3475 573 3704 644 κίνησις,

2140 666 2441 736 λογίζονται
2473 669 2530 721 αἱ
2561 667 2693 722 δέκα
2723 661 2879 739 ὧραι,
2931 667 3028 738 οὐχ
3059 667 3114 718 αί
3147 665 3358 736 πρῶται
3387 663 3606 736 δηλαδὴ,
3630 665 3710 719 αῖ-

2138 776 2284 824 τινες
2330 755 2490 831 ἦσαν,
2536 759 2844 832 κινηθέντος
2904 758 3013 813 ἀπὸ
3073 755 3339 826 ἀνατολῆς
3398 755 3492 809 τοῦ
3557 754 3702 826 ἡλίου

2143 849 2303 924 μέχρι
2333 849 2427 903 τοῦ
2476 851 2640 904 τόπου
2705 853 2762 903 ἐν
2793 843 2837 918 ᾧ
2885 849 2947 901 τὸ
2992 849 3214 918 σημεῖον
3247 849 3338 901 ἐπὶ
3368 845 3445 917 τῷ
3491 845 3705 918 Ἐζεκίᾳ

2140 942 2385 1012 ἐγένετο,
2420 943 2535 996 ἀλλ’
2583 944 2638 996 αἱ
2685 940 2792 996 ἀπὸ
2833 940 3024 995 τούτου
3068 939 3161 993 τοῦ
3209 939 3433 1011 σημείου
3482 941 3564 1002 είς
3611 938 3703 1010 τὴν

2137 1029 2398 1102 ἀνατολὴν
2413 1031 2772 1105 ὀπισθοὸρομὴ
2780 1037 2968 1093 σανντος
2984 1029 3078 1082 τοῦ
3091 1029 3237 1100 ἡλίου
3256 1028 3701 1084 διαὸιὸασθεῖσαι.

2136 1116 2305 1176 Αὗται
2336 1119 2428 1176 οὖν
2462 1126 2515 1176 αἱ
2547 1123 2676 1176 δέκα
2707 1117 2862 1194 ὧραι,
2899 1122 3022 1176 ἐπεὶ
3055 1121 3210 1174 πάλιν
3242 1123 3320 1184 είς
3350 1121 3450 1191 τὴν
3483 1121 3700 1173 ὑποκει-

2139 1213 2308 1285 μένην
2341 1213 2562 1287 πρῶτην
2599 1217 2791 1286 μοῖραν
2835 1213 2928 1266 τοῦ
2963 1212 3133 1285 Κριοῦ
3164 1214 3193 1265 ό
3240 1212 3391 1283 ἥλιος
3437 1212 3697 1281 ἐγεγόνει,

2135 1304 2439 1374 λογίζονται
2475 1305 2549 1370 ὡς
2582 1306 2828 1370 ἐνιαυτὸς
2859 1304 3169 1378 ὁλόκληρος
3195 1305 3398 1358 συνεῖλε
3431 1303 3542 1376 γὰρ
3575 1305 3700 1357 ἀνα-

2134 1394 2368 1460 λυτικῶς
2400 1396 2614 1450 ἅπασαν
2647 1378 2868 1468 τὴντοῦ
2901 1396 3092 1468 χρόνου
3127 1394 3389 1468 περίοδον,
3427 1396 3702 1448 ἀποκατα-

2136 1486 2270 1550 στάς
2333 1490 2392 1541 ἐν
2422 1487 2500 1558 τῷ
2562 1489 2681 1541 κατ’
2745 1489 2960 1560 ἐκείνην
3007 1491 3109 1561 τὴν
3151 1487 3362 1561 ἡμέραν
3410 1488 3698 1541 ἀνέτειλεν.

2137 1578 2368 1630 Ἔπειτα
2393 1618 2408 1643 ,
2442 1579 2603 1632 πάλιν
2646 1580 2954 1652 κινηθέντος
2985 1582 3079 1635 ἀπ’
3096 1580 3390 1650 ἀνατολῆς,
3439 1579 3562 1633 ἐπεὶ⁴
3605 1580 3700 1631 οὐκ

2130 1666 2200 1741 ἦν
2245 1669 2419 1734 ἄλλως
2465 1671 2778 1725 ἐπανελθεῖν
2823 1675 2902 1737 εἰς
2935 1675 3118 1728 ἐκεῖνο
3160 1671 3222 1725 τὸ
3273 1674 3518 1743 σημεῖον,
3573 1673 3630 1725 ἐν
3656 1665 3701 1738 ᾧ

2131 1760 2284 1824 ὄντος
2315 1761 2476 1814 αὑτοῦ
2521 1762 2583 1815 τὸ
2614 1765 2705 1815 ἐπὶ
2735 1763 2813 1835 τῷ
2857 1763 3072 1836 Ἐζεκίᾳ
3125 1766 3346 1836 σημεῖον
3379 1763 3617 1832 ἐγένετο,
3651 1764 3697 1815 εἰ

466 1859 547 1914 Ab
575 1861 785 1914 oriente
826 1859 1095 1929 siquidem
1129 1860 1196 1915 ad
1227 1875 1351 1915 eum
1385 1876 1560 1930 usque
1593 1862 1797 1926 locum,
1831 1862 1886 1916 in
1921 1877 2021 1932 quo

2135 1851 2208 1922 μὴ
2242 1852 2380 1905 κατά
2414 1853 2710 1924 περαίωσιν
2737 1854 3032 1927 ὁλοκλήρου
3048 1855 3239 1927 χρόνου
3272 1855 3366 1908 καὶ
3397 1856 3698 1926 πεντάτροο

466 1947 556 2001 sol
579 1954 690 2000 tum
720 1948 973 2002 inventus
1002 1954 1108 2011 est,
1139 1949 1358 2018 quando
1385 1950 1591 2004 editum
1637 1962 1721 2006 est
1759 1951 2027 2021 ejusmodi

466 2037 705 2107 signum,
751 2037 940 2093 decem
985 2039 1131 2093 illius
1163 2038 1268 2094 diei
1295 2039 1541 2095 exierant
1578 2041 1744 2097 horai.
1789 2042 2026 2098 Rursum

464 2132 646 2186 altera:
676 2131 884 2195 decem,
906 2146 1014 2201 quo
1055 2147 1291 2187 excursu
1323 2137 1579 2203 temporis
1614 2134 1765 2188 illinc
1799 2136 1903 2191 iter
1943 2152 2020 2190 re-

462 2221 609 2276 ﬂexit
643 2223 723 2277 sol
756 2223 822 2277 ad
854 2224 1139 2279 orientem.
1171 2223 1411 2294 Itemque
1443 2225 1592 2281 illinc
1624 2226 1694 2281 ab
1715 2226 1926 2282 oriente
1957 2228 2027 2282 ad

459 2316 743 2371 occiduum
779 2331 950 2386 usque
977 2317 1200 2371 limitem
1225 2318 1464 2387 perlatus
1492 2324 1578 2373 est
1636 2320 1785 2375 lioris
1817 2319 2024 2375 duode-

2130 1959 2230 1994 πον
2264 1944 2505 2014 κίνησινο
2541 1946 2599 1997 ἐν
2630 1945 2760 1998 δέκα
2779 1945 2834 1998 δὲ
2867 1946 3026 2000 πάλιν
3061 1945 3230 2017 ὥραις
3246 1948 3425 1999 ἐκεῖσε
3458 1947 3700 1999 ἀποκατ-

2129 2032 2259 2105 έστη
2279 2050 2292 2064 ·
2340 2035 2426 2088 διὰ
2456 2036 2612 2089 τοῦτο
2641 2035 2742 2098 τὰς
2788 2036 3046 2100 τοιαύτας
3078 2037 3210 2090 δέκα
3259 2037 3426 2111 ὥρας,
3459 2037 3562 2100 τὰς
3595 2036 3698 2090 ἀπὸ

2128 2121 2390 2193 ἀνατολῆς
2433 2124 2536 2188 ἕως
2579 2125 2674 2177 τοῦ
2708 2126 2934 2196 σημείου
2984 2125 3212 2188 ἐκείνου,
3260 2125 3381 2178 ἀντὶ
3427 2125 3698 2178 ἐνιαυσίου

2128 2216 2398 2288 παρέλαϐε
2451 2218 2543 2270 καὶ
2592 2219 2962 2290 πεντατρόπου
2995 2221 3293 2291 κινήσεως⁹
3327 2219 3426 2273 οὐκ
3477 2215 3548 2290 ἦν
3589 2219 3696 2292 γὰρ

2125 2303 2216 2356 τὸν
2247 2304 2393 2374 ἡλιον
2427 2304 2572 2370 ἅπαξ
2615 2306 2929 2361 ἀποστάντα
2977 2307 3074 2360 τοῦ
3119 2306 3258 2361 κατὰ
3288 2297 3390 2380 τὴν
3435 2309 3696 2378 ἀνατολὴν

447 2409 564 2462 cim
594 2408 659 2463 δ’.
716 2407 830 2463 Hac
878 2425 1011 2465 sane
1055 2409 1270 2464 dicendi
1330 2406 1563 2464 formula
1606 2427 1739 2467 usus
1777 2410 1868 2466 hic
1919 2421 2021 2477 est,

2127 2394 2375 2464 σημείου,
2411 2396 2722 2450 ἐπανελθεῖν
2754 2401 2832 2462 είς
2863 2399 3026 2464 αὐτὸ,
3063 2402 3108 2453 εἰ
3145 2399 3218 2472 μὴ
3251 2401 3392 2454 κατὰ
3427 2400 3699 2453 ἐνιαύσιον

455 2501 598 2573 quod
632 2505 790 2572 polus
816 2504 934 2574 ipse
963 2518 1071 2558 una
1095 2519 1216 2558 cum
1252 2504 1385 2561 sole.
1416 2511 1530 2557 toto
1563 2504 1655 2559 illo
1679 2506 2021 2561 interceden-

455 2604 508 2646 te
527 2593 704 2662 spatio
752 2593 1011 2648 horarum
1072 2593 1286 2664 viginti,
1343 2593 1629 2648 obversam
1673 2594 1818 2648 illam
1861 2605 2023 2665 atque

451 2704 776 2760 circularem
827 2705 1081 2760 lationem
1118 2719 1280 2774 supra
1324 2712 1531 2759 natura:
1573 2707 2021 2763 consuetudinem

453 2797 741 2868 peregerit,
796 2805 889 2851 aut
936 2801 1064 2868 quia
1111 2798 1193 2853 sol
1241 2799 1356 2868 ipse
1403 2813 1521 2853 eam
1577 2799 1808 2853 absolvit
1849 2800 2017 2856 solus.

453 2889 564 2944 Hoc
589 2892 747 2960 plane
779 2889 983 2944 indicat
1015 2889 1206 2945 dicens
1236 2909 1250 2945 :
1289 2891 1358 2942 Ἦ
1386 2889 1448 2942 τὸ
1487 2891 1594 2944 πᾶν
1621 2890 1873 2944 τοσούτου
1895 2893 1991 2964 χρό

449 2996 560 3042 νου,
592 2980 830 3050 δηλονότι
885 2980 1087 3034 εἴκοσιν
1142 2980 1319 3052 ὡρῶν,
1375 2980 1544 3051 φοράς
1602 2981 1845 3046 ἐναντίας
1893 2985 2022 3038 ἀνα-

449 3070 672 3134 ποδίζει,
706 3071 739 3141 ἢ
769 3070 964 3140 ὁὴλιος
1003 3071 1116 3141 ίδίῳ
1155 3071 1338 3142 δρόμῳ
1375 3072 1473 3142 τὴν
1518 3072 1769 3144 τοιαύτην
1807 3075 2020 3147 κίνησιν

449 3163 761 3232 ἐποιήσατο.
807 3161 965 3228 Quod
1002 3171 1184 3217 autem
1218 3164 1312 3229 ait,
1348 3163 1736 3235 πεντάτροπον,
1781 3167 1885 3224 hoc
1935 3178 2020 3225 est

448 3253 910 3324 quinquiformem
945 3254 1265 3322 illamfsolis
1319 3255 1645 3320 motionem,
1696 3259 1775 3313 sic
1833 3264 2019 3332 accipe

448 3347 654 3400 dictum
693 3364 708 3403 :
742 3347 1165 3417 Anniversarius
1199 3347 1332 3404 solis
1359 3359 1541 3407 motus
1567 3352 1810 3423 quinque
1837 3355 2019 3411 absol-

447 3435 593 3489 vitur
645 3436 1040 3492 mutationibus
1099 3436 1214 3494 sive
1258 3442 2014 3511 conversionibus.Primam,

446 3541 610 3598 quam
652 3543 943 3582 ascensum
989 3529 1360 3600 aquilonarem
1424 3533 1679 3598 dicimus,
1737 3535 1953 3590 conficit
1985 3552 2017 3591 a

387 3633 390 3636 ‘
446 3634 616 3674 verno
663 3619 992 3690 aequinoctio
1047 3621 1114 3674 ad
1171 3622 1418 3676 aestivum
1473 3639 1647 3693 usque
1696 3626 2013 3692 solstitium,

446 3711 697 3776 alteram,
729 3727 894 3782 quam
956 3712 1231 3766 borealem
1286 3722 1480 3768 vocant
1504 3713 1851 3782 descensum,
1892 3733 2016 3788 per-

442 3807 615 3860 currit
645 3807 713 3860 ab
744 3806 847 3861 hoc
880 3806 1112 3861 solstitio
1140 3806 1210 3860 ad
1240 3809 1551 3864 autumnale
1587 3810 1968 3879 aequinoctium
1995 3829 2010 3878 ;

442 3895 690 3964 tertiam,
721 3910 842 3966 quae
857 3897 1139 3952 austrinus
1157 3895 1359 3951 dicitur
1377 3898 1494 3954 sive
1525 3899 1897 3957 meridionalis
1925 3901 2016 3958 de-

440 4023 700 4073 scensus,
736 4007 900 4078 259
932 4023 962 4062 a
997 4010 1249 4079 proximo
1293 4011 1620 4081 aequinoctio
1659 4013 1898 4069 extendit
1936 4013 2005 4069 ad

440 4101 726 4156 hibernum
754 4102 1048 4156 solstitium
1069 4110 1372 4172 ;quartam,
1391 4120 1512 4174 quae
1544 4105 1825 4162 austrinus
1847 4122 2010 4162 voca-

439 4200 528 4246 tur
557 4206 844 4256 ascensus,
878 4193 948 4248 ab
989 4193 1221 4249 hiberno
1248 4196 1461 4267 tropico
1485 4196 1554 4252 ad
1582 4212 1810 4252 vernum
1839 4199 2010 4254 dedu-

436 4285 518 4337 xit
567 4284 975 4355 aequinoctium.
1035 4285 1209 4341 Porro
1275 4289 1466 4359 quinta
1515 4289 1802 4344 conversio
1873 4291 2007 4346 solis

439 4390 664 4444 prorsus
695 4379 970 4431 contraria
1015 4377 1121 4448 ipsi
1184 4380 1308 4449 polo
1369 4388 1474 4436 est.
1552 4379 1780 4446 Quando
1839 4382 2007 4452 igitur

437 4464 571 4521 dixit
622 4467 721 4539 τὴν
753 4469 1145 4542 πεντάτροπον,
1182 4471 1329 4526 illam
1377 4472 1838 4543 quinquiformem
1883 4490 2004 4530 m0-

2125 2484 2399 2557 περίοδον·
2437 2487 2530 2540 καὶ
2559 2487 2660 2540 οὐκ
2711 2483 2780 2560 ἦν
2810 2489 3017 2555 ἄλλως,
3055 2492 3200 2558 amas
3245 2492 3559 2544 ἀποστάντα
3590 2491 3695 2543 ἀπὸ

2122 2574 2214 2628 τοῦ
2249 2577 2497 2646 σημείου,
2532 2578 2665 2631 καθὸ
2710 2579 2773 2632 τὸ
2817 2581 2908 2633 ἐπὶ
2953 2581 3169 2654 Ἐζεκίᾳ
3200 2585 3427 2652 σημεῖον
3469 2583 3690 2651 γέγονε,

2124 2668 2282 2721 πάλιν
2325 2670 2636 2724 ἐπανελθεῖν
2683 2674 2763 2735 εἰς
2795 2672 2944 2737 αὐτὸ,
2979 2676 3027 2726 εί
3063 2673 3136 2744 μὴ
3186 2674 3325 2727 κατά
3359 2675 3693 2727 ἐνιαυσιαίαν

2123 2761 2314 2834 ἑτέραν
2347 2763 2441 2815 καὶ
2474 2763 2632 2817 πάλιν
2665 2764 2908 2836 πρόοδον.
2931 2767 3040 2819 Καὶ
3070 2765 3157 2820 διὰ
3187 2766 3346 2820 τοῦτο
3376 2767 3550 2836 λέγει’
3590 2769 3692 2821 Ἢν

2122 2853 2451 2907 ἐνιαυσιαίαν
2501 2855 2712 2926 κίνησιν
2777 2858 3014 2912 συνεῖλεν
3070 2858 3405 2922 ἀναλυτικῶς
3456 2863 3516 2912 ἐν
3563 2860 3692 2912 δέκα

2120 2939 2311 3013 ὥραις,
2361 2943 2468 2996 ἀπὸ
2511 2943 2606 2997 τοῦ
2637 2945 2801 2998 τόπου
2848 2949 2906 3000 ἐν
2949 2940 2994 3014 ᾧ
3025 2948 3086 3000 τὸ
3117 2948 3258 3002 κατά
3306 2949 3399 3006 τὸν
3444 2949 3692 3013 Ἐζεκίαν

2123 3033 2343 3102 σημεῖον
2393 3032 2545 3106 ἐδόθη
2610 3037 2702 3089 ἐπὶ
2747 3037 2847 3109 τὴν
2895 3039 3154 3112 ἀνατολὴν
3200 3040 3538 3110 κινούμενος,
3589 3042 3691 3113 τὴν

2121 3123 2291 3195 αὐτὴν
2352 3124 2480 3195 ὅλην
2542 3129 2878 3183 ἐνιαυσιαίαν
2937 3131 3122 3203 τρίϐον
3183 3135 3242 3186 ἐν
3291 3134 3508 3206 ἑτέραις
3558 3134 3684 3187 δέκα

2045 3223 2090 3285 C
2121 3214 2289 3287 ὥραις
2321 3218 2414 3270 ἀπ’
2447 3217 2710 3289 ἀνατολῆς
2759 3221 2918 3293 μέχρι
2965 3221 3059 3274 τοῦ
3108 3222 3272 3276 τόπου
3317 3226 3374 3277 ἐν
3405 3218 3452 3293 ᾧ
3495 3225 3558 3277 τὸ
3590 3242 3682 3294 ση-

2122 3308 2268 3376 μεῖον
2298 3307 2538 3375 γέγονεν,
2573 3310 2885 3380 ἐποιήσατο.
2933 3310 3100 3367 Τοῦτο
3129 3310 3185 3364 δὲ
3214 3306 3283 3381 ἦν
3327 3313 3422 3366 καὶ
3464 3312 3530 3366 τὸ
3556 3314 3679 3376 τοὺς

2117 3397 2486 3463 Βαϐυλωνίους
2535 3400 2830 3471 ἐκπλῆξαν,
2867 3403 2964 3456 ἅτε
3009 3405 3102 3456 καὶ
3137 3404 3330 3469 αὐτοὺς
3361 3405 3686 3477 οὐρανοθεά-

2121 3508 2283 3562 μονας
2335 3494 2428 3546 καὶ
2476 3494 2844 3567 ἀστρολέσχας
2904 3495 3063 3559 ὂντας
3082 3536 3097 3562 ,
3165 3498 3257 3551 καὶ
3302 3497 3684 3563 καθυποτάξαν

2077 3613 2092 3628 ο
2119 3582 2296 3653 μάχης
2340 3584 2497 3647 ἐκτὸς
2540 3584 2619 3656 τῷ
2665 3585 2767 3656 τῆς
2825 3587 3176 3659 Ἰερουσαλὴμ
3210 3588 3452 3659 βασιλεῖ,
3485 3590 3683 3644 ὡσανεὶ

2117 3675 2304 3747 ίσοθέῳ
2334 3678 2440 3730 τινὶ
2471 3676 2606 3743 ὄντι,
2642 3680 2735 3732 καὶ
2769 3679 2908 3751 ὑπὲρ
2957 3681 3086 3743 τοὺς
3117 3680 3307 3745 ἄλλους
3341 3683 3677 3755 ἀνθρώπους.

2112 3766 2223 3818 Καὶ
2265 3767 2324 3820 οὐ
2369 3767 2510 3837 λέγω
2566 3769 2666 3834 τὰς
2729 3773 2788 3824 ἐν
2831 3771 3091 3843 Αἰγύπτῳ
3135 3772 3593 3844 θαυματουργίας,
3642 3772 3678 3842 ἢ

2110 3855 2274 3922 ἄλλας
2304 3859 2456 3923 τινὰς
2488 3860 2719 3932 ἀλλαχοῦ
2739 3862 3106 3934 γεγενημένας
3130 3880 3143 3893 ·
3165 3863 3277 3916 ἀλλ’
3301 3867 3486 3917 ἐκεῖνα
3516 3863 3677 3932 λέγω,

2111 3947 2252 4023 ἅπερ
2285 3951 2376 4004 καὶ
2409 3954 2466 4005 ἐν
2510 3951 2590 4024 τῷ
2621 3953 2834 4025 οὐρανῷ
2866 3955 3208 4023 ἐγεγόνεισαν
3229 3994 3244 4018 ,
3279 3956 3372 4009 καὶ
3404 3955 3559 4008 ’κατὰ
3589 3956 3683 4008 τὸν

2108 4039 2255 4108 ἥλιον
2289 4042 2586 4115 συνέϐησαν
2610 4083 2624 4108 ,
2659 4043 2753 4098 καὶ
2782 4044 2870 4098 διὰ
2900 4045 3057 4099 τοῦτο
3088 4047 3251 4099 πᾶσιν
3283 4046 3681 4118 ἐθριαμδεύθη-

2110 4146 2238 4183 σαν·
2275 4131 2327 4183 εί
2353 4149 2406 4185 τι
2438 4132 2546 4207 γὰρ
2589 4133 2669 4205 τῷ
2700 4135 2834 4206 ἡλίῳ
2867 4136 3127 4208 συμϐαίη,
3180 4137 3356 4200 οὐδείς
3407 4137 3524 4190 ἐστι
3570 4136 3678 4189 τῶν

2106 4219 2357 4292 ὁρώντων
2387 4223 2477 4276 τὸν
2507 4223 2658 4294 ⁴ἦλιον
2692 4265 2708 4290 ,
2742 4225 2800 4289 ὃς
2830 4227 2930 4280 οὐκ
2961 4229 3134 4281 ἐκεῖνο
3166 4227 3436 4281 θεάσαιτο.
3459 4229 3524 4280 Et
3559 4225 3681 4298 μέν-

2105 4326 2186 4361 τοι
2219 4327 2281 4379 γε
2313 4310 2656 4384 διαπιστήσει
2702 4316 2730 4367 ό
2775 4314 3172 4388 Ἀπολλοφάνης
3203 4317 3339 4388 πρὸς
3371 4317 3543 4370 ταῦτα
3577 4357 3590 4380 ,
3619 4317 3677 4368 οἱ

2108 4398 2315 4469 Πέρσαι
2367 4403 2839 4473 μαρτυρήσουσιν,
2887 4403 3080 4467 οἵτινες
3141 4403 3358 4476 Μίθραν
3425 4403 3524 4474 μὲν
3580 4400 3678 4453 τὸν

2103 4488 2254 4560 ἦλιον
2303 4490 2518 4559 λέγουσι
2541 4509 2555 4522 ⁸
2589 4493 2651 4546 τὸ
2698 4493 3023 4567 παρέκταμα
3053 4493 3110 4548 δὲ
3152 4494 3256 4564 τῆς
3283 4494 3498 4565 ἡμέρας
3530 4490 3674 4546 ἐκεί-

437 4555 638 4611 tionem
667 4558 798 4613 solis
823 4600 838 4626 ,
864 4562 1203 4630 appositione
1233 4565 1448 4620 articuli
1479 4566 1600 4636 τήν,
1636 4566 2002 4622 subindicavit

2122 4555 2200 4652 ἠς
2230 4581 2318 4637 διὰ
2507 4585 2728 4654 τελετῆς
2759 4555 2867 4638 τῶν
2903 4555 3258 4657 μνημοσύνῶν
3300 4555 3408 4638 τοῦ.
3446 4555 3675 4659 τριπλα-

431 4662 553 4701 eam
605 4648 738 4704 solis
774 4651 1066 4706 motionem
1100 4656 1236 4709 nulli
1267 4650 1374 4710 n'on
1404 4671 1526 4712 esse
1576 4659 1917 4727 perspicuam
1949 4667 2002 4714 et

431 4755 528 4807 per
573 4743 1021 4798 consuetudinem
1061 4759 1266 4804 nomm.
1307 4747 1540 4804 Proinde
1571 4749 1638 4803 ad
1681 4751 1828 4805 hunc
1876 4767 1998 4806 mo-

429 4835 559 4889 dum
592 4835 966 4904 expendamus
1004 4839 1136 4908 quid
1189 4839 1338 4895 Patri
1383 4857 1481 4913 per
1523 4843 1641 4896 hazc
1672 4844 1838 4897 verba
1882 4844 2001 4899 dic-

2108 4673 2222 4726 σίου
2257 4675 2606 4745 σημαίνουσιν
2641 4675 2775 4746 (72).
2824 4676 2963 4730 Ἀλλ’
3002 4677 3142 4732 ἔστω
3185 4677 3374 4730 τοῦτο·
3410 4677 3464 4729 τί
3510 4677 3675 4747 φήσει

2106 4765 2232 4834 περὶ
2262 4765 2361 4834 τῆς
2394 4765 2533 4821 κατά
2563 4766 2652 4819 τὸν
2673 4768 2936 4840 σωτήριον
2971 4769 3198 4842 σταυρὸν
3215 4769 3528 4840 ἐκλείψεως,
3561 4769 3676 4836 ἀμ-

2106 4856 2320 4926 φότεροι
2351 4856 2460 4931 γὰρ
2493 4859 2671 4928 ἡμεῖς,
2711 4858 2820 4928 ἐγώ
2849 4877 2908 4912 τε
2942 4861 3035 4914 καὶ
3064 4861 3247 4926 αὐτὸς,
3270 4860 3412 4915 κατά
3442 4859 3540 4931 τὴν
3568 4859 3679 4928 τῆς

431 4933 544 4980 tum
601 4927 694 4980 sit.
747 4925 1131 4997 Supponamus
1187 4934 1369 5011 solem
1404 4934 1496 4987 illa
1547 4935 1666 4998 die,
1720 4936 1852 4990 hora
1911 4938 1996 4992 sui

2122 4925 2377 5014 Hydmou
2423 4925 2760 5004 Ἡλιούπολιν
2803 4953 3100 5026 παρόντες,
3138 4953 3280 5025 (ἔθος
3311 4954 3420 5028 γὰρ
3547 4925 3698 5010 τότε.

429 5026 585 5074 ortus
626 5018 799 5075 fuisse
856 5025 1106 5093 inprima
1154 5036 1304 5096 parte
1341 5027 1562 5083 Arietis.
1618 5029 1800 5099 Itaque
1848 5029 1993 5099 quod

2122 5041 2215 5102 τοῖς
2263 5041 2599 5112 ὁπουδήποτε
2633 5018 2909 5116 Ἕλλησιν,
2945 5018 3240 5116 ἀποδημεῖν
3271 5018 3353 5110 εἰς
3387 5018 3682 5115 Ἀἴγυπτον

429 5111 510 5164 sol
565 5111 684 5180 ipse
726 5110 782 5164 in
822 5111 966 5168 hanc
993 5117 1224 5184 primam
1262 5117 1462 5173 Arietis
1494 5129 1702 5189 partem
1749 5122 1994 5187 redierit,

2122 5130 2394 5202 ιαθὴσεως
2423 5110 2587 5188 ἕνεκα
2607 5152 2619 5165 °
2640 5135 2660 5205 )
2684 5110 3049 5208 καθεωρῶμεν
3209 5110 3682 5208 τοιαύτηννὲκλει-

428 5202 534 5258 uisi
579 5202 828 5259 confecta
870 5205 1056 5278 (quam
1101 5210 1565 5282 pnescripsimus)
1603 5214 1996 5285 quinquiformi

2122 5222 2208 5286 μιν,
2243 5225 2334 5276 καὶ
2364 5225 2510 5288 ὅπως
2544 5202 2665 5298 ξένη
2701 5229 2794 5282 καὶ
2826 5202 2976 5302 παρά
3019 5202 3173 5298 λόγον
3219 5202 3472 5297 ἐγένετο,
3518 5229 3680 5283 ἐθαυ-

431 5291 692 5355 motione,
724 5309 887 5348 nemo
914 5297 1174 5365 possibile
1208 5298 1404 5353 dixerit
1438 5341 1452 5363 ,
1480 5318 1573 5371 per
1603 5304 1720 5358 dies
1748 5305 1997 5362 videlicet

2122 5313 2340 5384 ιάζομεν
2363 5332 2376 5346 ·
2414 5291 2563 5369 κατά
2584 5291 2870 5392 διάμετρον
2901 5291 3008 5390 γὰρ
3040 5291 3338 5391 ήυσελὴνη,
3371 5337 3681 5393 τεσσαρεσ-

429 5389 703 5440 trecentos
764 5388 1044 5457 sexaginta
1092 5387 1333 5459 quinque
1371 5397 1424 5445 et
1461 5402 1708 5462 quartam
1760 5405 1993 5466 partem.

2122 5405 2452 5460 ιαιδεκαταία
2511 5403 2646 5461 οὖσα
2679 5450 2694 5474 ,
2742 5409 2835 5480 τῷ
2865 5409 3000 5480 ἡλίῳ
3041 5405 3140 5480 ἦν’
3195 5410 3320 5464 καθ’
3365 5411 3426 5464 ὃν
3474 5409 3682 5482 καιρὸν

433 5473 498 5526 At
547 5492 674 5531 vero
706 5477 760 5531 in
799 5479 952 5535 horis
985 5480 1193 5562 decem,
1251 5497 1282 5535 a
1328 5483 1446 5539 loco
1515 5486 1570 5540 in
1610 5504 1719 5558 quo
1766 5491 1997 5562 contigit

2122 5493 2347 5548 ιύδέποτε
2395 5473 2686 5567 συμϐαίνει
2710 5473 2860 5570 ἡλίου
2887 5473 3142 5570 έχλειῷιν
3185 5499 3432 5570 γίνεσθαι
3455 5519 3468 5532 ο
3501 5473 3680 5576 εἶ’μὴ

1525 5639 1762 5698 ἾΑΒΙᾹΞ
1802 5641 2181 5702 LECTIONES
2218 5647 2306 5701 ET
2347 5647 2578 5705 ΝΟΤίΕ.

487 5786 532 5818 ⁸³
557 5785 838 5843 Eruditam
867 5791 962 5847 hac
987 5790 1050 5847 de
1081 5809 1134 5847 re
1155 5793 1562 5864 disputationem
1586 5799 1652 5854 P.
1683 5800 1908 5857 Martini
1932 5803 2240 5862 Couvreurii
2261 5809 2527 5864 societatis
2551 5807 2678 5862 Iesu
2695 5804 2914 5878 theologi
2929 5807 2980 5864 in
2993 5809 3396 5868 Commentariis
3410 5810 3538 5867 vide.
3559 5829 3670 5871 eo.
