  <div class='ocr_page' id='page_1' title='image "/cluster/home/n/w/nwhite01/storage/ocr_20150623/4/hvd.32044014713200/240.png"; bbox 0 0 3882 6546; ppageno 0'>
   <div class='ocr_carea' id='block_1_1' title="bbox 199 389 1776 457">
    <p class='ocr_par' dir='ltr' id='par_1_1' title="bbox 199 390 1776 457">
     <span class='ocr_line' id='line_1_1' title="bbox 199 390 1776 457; baseline -0.007 -1"><span class='ocrx_word' id='word_1_1' title='bbox 199 400 290 457; x_wconf 71' lang='grc'><strong>461</strong></span> <span class='ocrx_word' id='word_1_2' title='bbox 939 393 1119 450; x_wconf 82' lang='lat' dir='ltr'><strong>PACH</strong></span> <span class='ocrx_word' id='word_1_3' title='bbox 1130 390 1389 448; x_wconf 58' lang='grc' dir='ltr'><strong>ῩΜΕΒᾸΕ</strong></span> <span class='ocrx_word' id='word_1_4' title='bbox 1428 390 1776 446; x_wconf 71' lang='grc' dir='ltr'><strong>ΡΑΒΑΡΗΒ;</strong></span> 
     </span>
    </p>
   </div>
   <div class='ocr_carea' id='block_1_2' title="bbox 1879 389 2678 457">
    <p class='ocr_par' dir='ltr' id='par_1_2' title="bbox 1884 389 2678 449">
     <span class='ocr_line' id='line_1_2' title="bbox 1884 389 2678 449; baseline 0 -2"><span class='ocrx_word' id='word_1_5' title='bbox 1884 393 1922 447; x_wconf 89' lang='lat' dir='ltr'>S</span> <span class='ocrx_word' id='word_1_6' title='bbox 1957 391 2023 446; x_wconf 79' lang='lat' dir='ltr'><strong>IN</strong></span> <span class='ocrx_word' id='word_1_7' title='bbox 2065 391 2213 447; x_wconf 84' lang='lat' dir='ltr'><strong>EPP.</strong></span> <span class='ocrx_word' id='word_1_8' title='bbox 2253 391 2312 449; x_wconf 90' lang='lat' dir='ltr'><strong>S.</strong></span> <span class='ocrx_word' id='word_1_9' title='bbox 2353 389 2678 447; x_wconf 73' lang='lat' dir='ltr'><strong>DIGNYSII.</strong></span> 
     </span>
    </p>
   </div>
   <div class='ocr_carea' id='block_1_3' title="bbox 3357 389 3466 446">
    <p class='ocr_par' dir='ltr' id='par_1_3' title="bbox 3357 389 3466 446">
     <span class='ocr_line' id='line_1_3' title="bbox 3357 389 3466 446; baseline -0.018 0"><span class='ocrx_word' id='word_1_10' title='bbox 3357 389 3466 446; x_wconf 59' lang='lat'><strong>£62</strong></span> 
     </span>
    </p>
   </div>
   <div class='ocr_carea' id='block_1_4' title="bbox 196 503 1776 588">
    <p class='ocr_par' dir='ltr' id='par_1_4' title="bbox 196 507 1774 588">
     <span class='ocr_line' id='line_1_4' title="bbox 196 507 1774 588; baseline -0.006 -20"><span class='ocrx_word' id='word_1_11' title='bbox 196 515 300 588; x_wconf 67' lang='grc' dir='ltr'><strong>γὰρ</strong></span> <span class='ocrx_word' id='word_1_12' title='bbox 331 510 684 585; x_wconf 80' lang='grc' dir='ltr'><strong>παρεμπέσοι</strong></span> <span class='ocrx_word' id='word_1_13' title='bbox 715 512 748 580; x_wconf 86' lang='grc' dir='ltr'><strong>ἡ</strong></span> <span class='ocrx_word' id='word_1_14' title='bbox 785 508 1116 580; x_wconf 71' lang='grc' dir='ltr'>σελήνη,καὶ</span> <span class='ocrx_word' id='word_1_15' title='bbox 1148 507 1451 580; x_wconf 81' lang='grc' dir='ltr'>ὑποδράμοι</span> <span class='ocrx_word' id='word_1_16' title='bbox 1481 508 1574 560; x_wconf 78' lang='grc' dir='ltr'>τὸν</span> <span class='ocrx_word' id='word_1_17' title='bbox 1605 507 1774 579; x_wconf 78' lang='grc' dir='ltr'>ἡλιον,</span> 
     </span>
    </p>
   </div>
   <div class='ocr_carea' id='block_1_5' title="bbox 1879 503 3463 588">
    <p class='ocr_par' dir='ltr' id='par_1_5' title="bbox 1886 503 3463 580">
     <span class='ocr_line' id='line_1_5' title="bbox 1886 503 3463 580; baseline 0.002 -23"><span class='ocrx_word' id='word_1_18' title='bbox 1886 503 2001 558; x_wconf 90' lang='lat' dir='ltr'><strong>fieri</strong></span> <span class='ocrx_word' id='word_1_19' title='bbox 2035 505 2406 576; x_wconf 81' lang='lat' dir='ltr'><strong>prodigiosum</strong></span> <span class='ocrx_word' id='word_1_20' title='bbox 2449 507 2586 561; x_wconf 91' lang='lat' dir='ltr'><strong>illud</strong></span> <span class='ocrx_word' id='word_1_21' title='bbox 2613 509 2854 580; x_wconf 88' lang='lat' dir='ltr'><strong>signum,</strong></span> <span class='ocrx_word' id='word_1_22' title='bbox 2898 509 3081 564; x_wconf 91' lang='lat' dir='ltr'><strong>denuo</strong></span> <span class='ocrx_word' id='word_1_23' title='bbox 3109 507 3176 563; x_wconf 87' lang='lat' dir='ltr'><strong>ad</strong></span> <span class='ocrx_word' id='word_1_24' title='bbox 3228 508 3463 578; x_wconf 84' lang='lat' dir='ltr'><strong>primam</strong></span> 
     </span>
    </p>
   </div>
   <div class='ocr_carea' id='block_1_6' title="bbox 197 597 1778 676">
    <p class='ocr_par' dir='ltr' id='par_1_6' title="bbox 197 597 1778 676">
     <span class='ocr_line' id='line_1_6' title="bbox 197 597 1778 676; baseline -0.006 -15"><span class='ocrx_word' id='word_1_25' title='bbox 197 607 253 661; x_wconf 80' lang='grc' dir='ltr'>σὺ</span> <span class='ocrx_word' id='word_1_26' title='bbox 305 605 380 676; x_wconf 82' lang='grc' dir='ltr'>μὴ</span> <span class='ocrx_word' id='word_1_27' title='bbox 425 606 719 675; x_wconf 84' lang='grc' dir='ltr'>γενήσεται</span> <span class='ocrx_word' id='word_1_28' title='bbox 762 603 796 672; x_wconf 87' lang='grc' dir='ltr'><strong>ἡ</strong></span> <span class='ocrx_word' id='word_1_29' title='bbox 847 600 942 654; x_wconf 80' lang='grc' dir='ltr'>τοῦ</span> <span class='ocrx_word' id='word_1_30' title='bbox 989 599 1138 671; x_wconf 80' lang='grc' dir='ltr'><strong>ἡλίου</strong></span> <span class='ocrx_word' id='word_1_31' title='bbox 1169 597 1431 669; x_wconf 75' lang='grc' dir='ltr'>ἔκλειψις.</span> <span class='ocrx_word' id='word_1_32' title='bbox 1467 600 1600 653; x_wconf 86' lang='grc' dir='ltr'><strong>Τότε</strong></span> <span class='ocrx_word' id='word_1_33' title='bbox 1645 597 1778 667; x_wconf 73' lang='grc' dir='ltr'><strong>γοῦν</strong></span> 
     </span>
    </p>
   </div>
   <div class='ocr_carea' id='block_1_7' title="bbox 196 691 1777 769">
    <p class='ocr_par' dir='ltr' id='par_1_7' title="bbox 196 691 1777 769">
     <span class='ocr_line' id='line_1_7' title="bbox 196 691 1777 769; baseline -0.006 -18"><span class='ocrx_word' id='word_1_34' title='bbox 196 699 290 751; x_wconf 77' lang='grc' dir='ltr'>οὐκ</span> <span class='ocrx_word' id='word_1_35' title='bbox 319 693 390 769; x_wconf 83' lang='grc' dir='ltr'><strong>ῆν</strong></span> <span class='ocrx_word' id='word_1_36' title='bbox 427 696 647 750; x_wconf 80' lang='grc' dir='ltr'>συνόδου</span> <span class='ocrx_word' id='word_1_37' title='bbox 682 693 868 766; x_wconf 83' lang='grc' dir='ltr'>καιρός</span> <span class='ocrx_word' id='word_1_38' title='bbox 892 710 905 722; x_wconf 93' lang='grc'><strong>·</strong></span> <span class='ocrx_word' id='word_1_39' title='bbox 972 693 1069 746; x_wconf 76' lang='grc' dir='ltr'>καὶ</span> <span class='ocrx_word' id='word_1_40' title='bbox 1097 691 1159 745; x_wconf 81' lang='grc' dir='ltr'><strong>τὸ</strong></span> <span class='ocrx_word' id='word_1_41' title='bbox 1190 692 1489 764; x_wconf 73' lang='grc' dir='ltr'><strong>Θαυμάσιον</strong></span> <span class='ocrx_word' id='word_1_42' title='bbox 1508 733 1523 756; x_wconf 98' lang='grc'><strong>,</strong></span> <span class='ocrx_word' id='word_1_43' title='bbox 1556 693 1639 745; x_wconf 85' lang='grc' dir='ltr'><strong>ὅτι</strong></span> <span class='ocrx_word' id='word_1_44' title='bbox 1682 691 1777 748; x_wconf 77' lang='grc' dir='ltr'><strong>καὶ</strong></span> 
     </span>
    </p>
   </div>
   <div class='ocr_carea' id='block_1_8' title="bbox 198 783 1778 859">
    <p class='ocr_par' dir='ltr' id='par_1_8' title="bbox 198 783 1778 859">
     <span class='ocr_line' id='line_1_8' title="bbox 198 783 1778 859; baseline -0.005 -15"><span class='ocrx_word' id='word_1_45' title='bbox 198 790 435 859; x_wconf 75' lang='grc' dir='ltr'>ἔκλειψις</span> <span class='ocrx_word' id='word_1_46' title='bbox 483 788 703 856; x_wconf 78' lang='grc' dir='ltr'>ἐγένετο</span> <span class='ocrx_word' id='word_1_47' title='bbox 763 787 871 841; x_wconf 86' lang='grc' dir='ltr'><strong>ἀπὸ</strong></span> <span class='ocrx_word' id='word_1_48' title='bbox 933 786 1084 858; x_wconf 79' lang='grc' dir='ltr'>ὥρας</span> <span class='ocrx_word' id='word_1_49' title='bbox 1149 784 1202 850; x_wconf 84' lang='grc' dir='ltr'>ς’</span> <span class='ocrx_word' id='word_1_50' title='bbox 1259 784 1364 848; x_wconf 70' lang='grc' dir='ltr'>ἕως</span> <span class='ocrx_word' id='word_1_51' title='bbox 1431 784 1581 858; x_wconf 82' lang='grc' dir='ltr'>ὥρας</span> <span class='ocrx_word' id='word_1_52' title='bbox 1631 783 1778 837; x_wconf 79' lang='grc' dir='ltr'><strong>ἐννά-</strong></span> 
     </span>
    </p>
   </div>
   <div class='ocr_carea' id='block_1_9' title="bbox 196 876 1774 953">
    <p class='ocr_par' dir='ltr' id='par_1_9' title="bbox 196 876 1774 953">
     <span class='ocr_line' id='line_1_9' title="bbox 196 876 1774 953; baseline -0.004 -18"><span class='ocrx_word' id='word_1_53' title='bbox 196 898 322 953; x_wconf 76' lang='grc' dir='ltr'>τηςο</span> <span class='ocrx_word' id='word_1_54' title='bbox 377 882 475 934; x_wconf 78' lang='grc' dir='ltr'>καὶ</span> <span class='ocrx_word' id='word_1_55' title='bbox 538 882 632 934; x_wconf 83' lang='grc' dir='ltr'>ἀπ’</span> <span class='ocrx_word' id='word_1_56' title='bbox 668 880 897 951; x_wconf 82' lang='grc' dir='ltr'>ὲννάτης</span> <span class='ocrx_word' id='word_1_57' title='bbox 943 878 1090 951; x_wconf 84' lang='grc' dir='ltr'>ὧρας</span> <span class='ocrx_word' id='word_1_58' title='bbox 1149 877 1254 941; x_wconf 59' lang='grc' dir='ltr'>ἕως</span> <span class='ocrx_word' id='word_1_59' title='bbox 1323 878 1562 950; x_wconf 77' lang='grc' dir='ltr'>ἑσπέρας</span> <span class='ocrx_word' id='word_1_60' title='bbox 1614 876 1774 930; x_wconf 82' lang='grc' dir='ltr'>πάλιν</span> 
     </span>
    </p>
   </div>
   <div class='ocr_carea' id='block_1_10' title="bbox 197 969 1775 1046">
    <p class='ocr_par' dir='ltr' id='par_1_10' title="bbox 197 969 1775 1046">
     <span class='ocr_line' id='line_1_10' title="bbox 197 969 1775 1046; baseline -0.004 -18"><span class='ocrx_word' id='word_1_61' title='bbox 197 974 333 1028; x_wconf 72' lang='grc' dir='ltr'>κατὰ</span> <span class='ocrx_word' id='word_1_62' title='bbox 379 973 674 1046; x_wconf 84' lang='grc' dir='ltr'>διάμετρον</span> <span class='ocrx_word' id='word_1_63' title='bbox 717 971 795 1043; x_wconf 84' lang='grc' dir='ltr'>τῷ</span> <span class='ocrx_word' id='word_1_64' title='bbox 842 971 977 1042; x_wconf 83' lang='grc' dir='ltr'><strong>ἡλίῳ</strong></span> <span class='ocrx_word' id='word_1_65' title='bbox 1008 972 1042 1042; x_wconf 86' lang='grc' dir='ltr'><strong>ἡ</strong></span> <span class='ocrx_word' id='word_1_66' title='bbox 1091 969 1289 1040; x_wconf 84' lang='grc' dir='ltr'>σελήνη</span> <span class='ocrx_word' id='word_1_67' title='bbox 1322 970 1555 1038; x_wconf 79' lang='grc' dir='ltr'>ἐγένετο.</span> <span class='ocrx_word' id='word_1_68' title='bbox 1620 970 1775 1022; x_wconf 83' lang='grc' dir='ltr'><strong>Ἀνά-</strong></span> 
     </span>
    </p>
   </div>
   <div class='ocr_carea' id='block_1_11' title="bbox 200 1059 1777 1144">
    <p class='ocr_par' dir='ltr' id='par_1_11' title="bbox 200 1059 1777 1144">
     <span class='ocr_line' id='line_1_11' title="bbox 200 1059 1777 1144; baseline -0.004 -26"><span class='ocrx_word' id='word_1_69' title='bbox 200 1082 397 1137; x_wconf 79' lang='grc' dir='ltr'>μνησον</span> <span class='ocrx_word' id='word_1_70' title='bbox 427 1064 484 1117; x_wconf 87' lang='grc' dir='ltr'>δὲ</span> <span class='ocrx_word' id='word_1_71' title='bbox 519 1063 614 1116; x_wconf 75' lang='grc' dir='ltr'>καὶ</span> <span class='ocrx_word' id='word_1_72' title='bbox 645 1062 828 1144; x_wconf 59' lang='grc' dir='ltr'>ἕτεροχ</span> <span class='ocrx_word' id='word_1_73' title='bbox 861 1061 1023 1114; x_wconf 82' lang='grc' dir='ltr'>αὑτὸν</span> <span class='ocrx_word' id='word_1_74' title='bbox 1053 1063 1174 1124; x_wconf 83' lang='grc' dir='ltr'>ταῖς</span> <span class='ocrx_word' id='word_1_75' title='bbox 1201 1061 1619 1132; x_wconf 83' lang='grc' dir='ltr'>ἀστρονομικαῖς</span> <span class='ocrx_word' id='word_1_76' title='bbox 1649 1059 1777 1113; x_wconf 79' lang='grc' dir='ltr'>ἀκό-</span> 
     </span>
    </p>
   </div>
   <div class='ocr_carea' id='block_1_12' title="bbox 197 1153 1774 1232">
    <p class='ocr_par' dir='ltr' id='par_1_12' title="bbox 197 1153 1774 1232">
     <span class='ocr_line' id='line_1_12' title="bbox 197 1153 1774 1232; baseline -0.003 -22"><span class='ocrx_word' id='word_1_77' title='bbox 197 1159 409 1212; x_wconf 87' lang='grc' dir='ltr'>λουθον·</span> <span class='ocrx_word' id='word_1_78' title='bbox 445 1160 508 1211; x_wconf 79' lang='grc' dir='ltr'><strong>ὲν</strong></span> <span class='ocrx_word' id='word_1_79' title='bbox 551 1157 664 1232; x_wconf 76' lang='grc' dir='ltr'><strong>γὰρ</strong></span> <span class='ocrx_word' id='word_1_80' title='bbox 712 1159 778 1227; x_wconf 81' lang='grc' dir='ltr'><strong>τῇ</strong></span> <span class='ocrx_word' id='word_1_81' title='bbox 815 1155 956 1210; x_wconf 85' lang='grc' dir='ltr'>κατὰ</span> <span class='ocrx_word' id='word_1_82' title='bbox 1000 1155 1152 1218; x_wconf 80' lang='grc' dir='ltr'><strong>τάξιν</strong></span> <span class='ocrx_word' id='word_1_83' title='bbox 1184 1153 1423 1223; x_wconf 74' lang='grc' dir='ltr'>ἐκλείψει</span> <span class='ocrx_word' id='word_1_84' title='bbox 1473 1154 1566 1207; x_wconf 78' lang='grc' dir='ltr'>τοῦ</span> <span class='ocrx_word' id='word_1_85' title='bbox 1601 1153 1774 1225; x_wconf 82' lang='grc' dir='ltr'>ἡλίου,</span> 
     </span>
    </p>
   </div>
   <div class='ocr_carea' id='block_1_13' title="bbox 197 1243 1777 1319">
    <p class='ocr_par' dir='ltr' id='par_1_13' title="bbox 197 1243 1777 1319">
     <span class='ocr_line' id='line_1_13' title="bbox 197 1243 1777 1319; baseline -0.004 -17"><span class='ocrx_word' id='word_1_86' title='bbox 197 1252 259 1302; x_wconf 83' lang='grc' dir='ltr'>ἐκ</span> <span class='ocrx_word' id='word_1_87' title='bbox 286 1247 380 1301; x_wconf 72' lang='grc' dir='ltr'>τοῦ</span> <span class='ocrx_word' id='word_1_88' title='bbox 415 1247 584 1301; x_wconf 75' lang='grc' dir='ltr'>αὐτοῦ</span> <span class='ocrx_word' id='word_1_89' title='bbox 621 1247 818 1319; x_wconf 78' lang='grc' dir='ltr'><strong>μέρους</strong></span> <span class='ocrx_word' id='word_1_90' title='bbox 848 1244 942 1298; x_wconf 81' lang='grc' dir='ltr'><strong>τοῦ</strong></span> <span class='ocrx_word' id='word_1_91' title='bbox 975 1243 1198 1315; x_wconf 78' lang='grc' dir='ltr'><strong>ἡλιακοῦ</strong></span> <span class='ocrx_word' id='word_1_92' title='bbox 1231 1244 1413 1298; x_wconf 80' lang='grc' dir='ltr'>δίσκου</span> <span class='ocrx_word' id='word_1_93' title='bbox 1434 1243 1648 1314; x_wconf 79' lang='grc' dir='ltr'><strong>ἀνάγκη</strong></span> <span class='ocrx_word' id='word_1_94' title='bbox 1683 1244 1777 1296; x_wconf 76' lang='grc' dir='ltr'><strong>καὶ</strong></span> 
     </span>
    </p>
   </div>
   <div class='ocr_carea' id='block_1_14' title="bbox 198 1325 1776 1410">
    <p class='ocr_par' dir='ltr' id='par_1_14' title="bbox 198 1325 1776 1410">
     <span class='ocr_line' id='line_1_14' title="bbox 198 1325 1776 1410; baseline -0.003 -19"><span class='ocrx_word' id='word_1_95' title='bbox 198 1338 289 1410; x_wconf 77' lang='grc' dir='ltr'><strong>τὴν</strong></span> <span class='ocrx_word' id='word_1_96' title='bbox 320 1325 626 1409; x_wconf 72' lang='grc' dir='ltr'><strong>ἔμπτωσιν,</strong></span> <span class='ocrx_word' id='word_1_97' title='bbox 646 1336 888 1408; x_wconf 73' lang='grc' dir='ltr'>δηλονότι</span> <span class='ocrx_word' id='word_1_98' title='bbox 919 1335 1018 1406; x_wconf 83' lang='grc' dir='ltr'>τὴν</span> <span class='ocrx_word' id='word_1_99' title='bbox 1055 1336 1337 1399; x_wconf 71' lang='grc' dir='ltr'>σκὸτωσιν,</span> <span class='ocrx_word' id='word_1_100' title='bbox 1362 1335 1454 1388; x_wconf 73' lang='grc' dir='ltr'><strong>καὶ</strong></span> <span class='ocrx_word' id='word_1_101' title='bbox 1487 1334 1646 1388; x_wconf 87' lang='grc' dir='ltr'>πάλιν</span> <span class='ocrx_word' id='word_1_102' title='bbox 1677 1335 1776 1406; x_wconf 75' lang='grc' dir='ltr'>τὴν</span> 
     </span>
    </p>
   </div>
   <div class='ocr_carea' id='block_1_15' title="bbox 198 1427 1776 1504">
    <p class='ocr_par' dir='ltr' id='par_1_15' title="bbox 198 1427 1776 1504">
     <span class='ocr_line' id='line_1_15' title="bbox 198 1427 1776 1504; baseline -0.001 -22"><span class='ocrx_word' id='word_1_103' title='bbox 198 1430 586 1504; x_wconf 77' lang='grc' dir='ltr'><strong>ἀνακάθαρσιν,</strong></span> <span class='ocrx_word' id='word_1_104' title='bbox 605 1430 848 1502; x_wconf 77' lang='grc' dir='ltr'>δηλονότι</span> <span class='ocrx_word' id='word_1_105' title='bbox 880 1429 978 1500; x_wconf 85' lang='grc' dir='ltr'>τὴν</span> <span class='ocrx_word' id='word_1_106' title='bbox 1005 1429 1222 1498; x_wconf 76' lang='grc' dir='ltr'>φαῦσιν,</span> <span class='ocrx_word' id='word_1_107' title='bbox 1255 1428 1514 1498; x_wconf 79' lang='grc' dir='ltr'>γίνεσθαι’</span> <span class='ocrx_word' id='word_1_108' title='bbox 1539 1427 1633 1481; x_wconf 76' lang='grc' dir='ltr'><strong>τοῦ</strong></span> <span class='ocrx_word' id='word_1_109' title='bbox 1666 1427 1776 1502; x_wconf 80' lang='grc' dir='ltr'>γὰρ</span> 
     </span>
    </p>
   </div>
   <div class='ocr_carea' id='block_1_16' title="bbox 196 1519 1777 1597">
    <p class='ocr_par' dir='ltr' id='par_1_16' title="bbox 196 1519 1777 1597">
     <span class='ocr_line' id='line_1_16' title="bbox 196 1519 1777 1597; baseline -0.002 -22"><span class='ocrx_word' id='word_1_110' title='bbox 196 1523 342 1594; x_wconf 83' lang='grc' dir='ltr'>ἡλίου</span> <span class='ocrx_word' id='word_1_111' title='bbox 372 1524 488 1577; x_wconf 84' lang='grc' dir='ltr'><strong>ἄνω</strong></span> <span class='ocrx_word' id='word_1_112' title='bbox 510 1523 858 1597; x_wconf 82' lang='grc' dir='ltr'><strong>διερχομένου</strong></span> <span class='ocrx_word' id='word_1_113' title='bbox 889 1522 1029 1576; x_wconf 85' lang='grc' dir='ltr'>κατὰ</span> <span class='ocrx_word' id='word_1_114' title='bbox 1071 1523 1162 1575; x_wconf 88' lang='grc' dir='ltr'><strong>τὸν</strong></span> <span class='ocrx_word' id='word_1_115' title='bbox 1190 1523 1387 1574; x_wconf 78' lang='grc' dir='ltr'>οἰκεῖον</span> <span class='ocrx_word' id='word_1_116' title='bbox 1427 1519 1643 1584; x_wconf 81' lang='grc' dir='ltr'>κύκλον,</span> <span class='ocrx_word' id='word_1_117' title='bbox 1684 1521 1777 1574; x_wconf 73' lang='grc' dir='ltr'><strong>καὶ</strong></span> 
     </span>
    </p>
   </div>
   <div class='ocr_carea' id='block_1_17' title="bbox 197 1610 1824 1686">
    <p class='ocr_par' dir='ltr' id='par_1_17' title="bbox 197 1610 1824 1686">
     <span class='ocr_line' id='line_1_17' title="bbox 197 1610 1824 1686; baseline -0.001 -18"><span class='ocrx_word' id='word_1_118' title='bbox 197 1615 290 1685; x_wconf 83' lang='grc' dir='ltr'><strong>τῆς</strong></span> <span class='ocrx_word' id='word_1_119' title='bbox 354 1616 590 1686; x_wconf 85' lang='grc' dir='ltr'>σελήνης</span> <span class='ocrx_word' id='word_1_120' title='bbox 647 1614 980 1686; x_wconf 79' lang='grc' dir='ltr'>ὑποθεούσής</span> <span class='ocrx_word' id='word_1_121' title='bbox 1035 1613 1175 1668; x_wconf 88' lang='grc' dir='ltr'><strong>κατά</strong></span> <span class='ocrx_word' id='word_1_122' title='bbox 1231 1612 1322 1667; x_wconf 82' lang='grc' dir='ltr'><strong>τὸν</strong></span> <span class='ocrx_word' id='word_1_123' title='bbox 1362 1610 1518 1676; x_wconf 87' lang='grc' dir='ltr'>ἳδιον,</span> <span class='ocrx_word' id='word_1_124' title='bbox 1561 1613 1774 1686; x_wconf 82' lang='grc' dir='ltr'><strong>ἀνάγκη</strong></span> <span class='ocrx_word' id='word_1_125' title='bbox 1821 1673 1824 1678; x_wconf 96' lang='lat'><em>_</em></span> 
     </span>
    </p>
   </div>
   <div class='ocr_carea' id='block_1_18' title="bbox 199 1702 1774 1776">
    <p class='ocr_par' dir='ltr' id='par_1_18' title="bbox 199 1702 1774 1776">
     <span class='ocr_line' id='line_1_18' title="bbox 199 1702 1774 1776; baseline 0 -20"><span class='ocrx_word' id='word_1_126' title='bbox 199 1704 600 1776; x_wconf 72' lang='grc' dir='ltr'>προλαμϐάνειν</span> <span class='ocrx_word' id='word_1_127' title='bbox 633 1703 730 1774; x_wconf 78' lang='grc' dir='ltr'><strong>τὴν</strong></span> <span class='ocrx_word' id='word_1_128' title='bbox 764 1703 1104 1776; x_wconf 79' lang='grc' dir='ltr'>σελήνην,ὡς</span> <span class='ocrx_word' id='word_1_129' title='bbox 1155 1703 1414 1758; x_wconf 79' lang='grc' dir='ltr'>ἐλάττονα</span> <span class='ocrx_word' id='word_1_130' title='bbox 1463 1703 1605 1757; x_wconf 82' lang='grc' dir='ltr'><strong>κατά</strong></span> <span class='ocrx_word' id='word_1_131' title='bbox 1638 1702 1774 1757; x_wconf 86' lang='grc' dir='ltr'>πολὺ</span> 
     </span>
    </p>
   </div>
   <div class='ocr_carea' id='block_1_19' title="bbox 197 1792 1773 1867">
    <p class='ocr_par' dir='ltr' id='par_1_19' title="bbox 197 1792 1773 1867">
     <span class='ocr_line' id='line_1_19' title="bbox 197 1792 1773 1867; baseline -0.001 -21"><span class='ocrx_word' id='word_1_132' title='bbox 197 1793 548 1867; x_wconf 77' lang='grc' dir='ltr'><strong>διερχομένην</strong></span> <span class='ocrx_word' id='word_1_133' title='bbox 601 1794 830 1848; x_wconf 78' lang='grc' dir='ltr'>κύκλονο</span> <span class='ocrx_word' id='word_1_134' title='bbox 865 1792 1072 1856; x_wconf 84' lang='grc' dir='ltr'>λοιπὸν,</span> <span class='ocrx_word' id='word_1_135' title='bbox 1137 1795 1185 1846; x_wconf 82' lang='grc' dir='ltr'>εἰ</span> <span class='ocrx_word' id='word_1_136' title='bbox 1249 1794 1342 1846; x_wconf 75' lang='grc' dir='ltr'><strong>καὶ</strong></span> <span class='ocrx_word' id='word_1_137' title='bbox 1391 1793 1692 1864; x_wconf 76' lang='grc' dir='ltr'>ἀμφότεροι</span> <span class='ocrx_word' id='word_1_138' title='bbox 1725 1794 1773 1845; x_wconf 85' lang='grc' dir='ltr'><strong>οἱ</strong></span> 
     </span>
    </p>
   </div>
   <div class='ocr_carea' id='block_1_20' title="bbox 1880 600 3458 672">
    <p class='ocr_par' dir='ltr' id='par_1_20' title="bbox 1880 600 3458 672">
     <span class='ocr_line' id='line_1_20' title="bbox 1880 600 3458 672; baseline 0.001 -22"><span class='ocrx_word' id='word_1_139' title='bbox 1880 614 2053 667; x_wconf 87' lang='lat' dir='ltr'><strong>usque</strong></span> <span class='ocrx_word' id='word_1_140' title='bbox 2093 605 2302 668; x_wconf 87' lang='lat' dir='ltr'><strong>partem</strong></span> <span class='ocrx_word' id='word_1_141' title='bbox 2341 600 2544 657; x_wconf 78' lang='lat' dir='ltr'><strong>Arietis</strong></span> <span class='ocrx_word' id='word_1_142' title='bbox 2592 604 2646 656; x_wconf 89' lang='lat' dir='ltr'><strong>in</strong></span> <span class='ocrx_word' id='word_1_143' title='bbox 2687 603 2937 666; x_wconf 77' lang='lat' dir='ltr'><strong>oriente,</strong></span> <span class='ocrx_word' id='word_1_144' title='bbox 2983 603 3219 672; x_wconf 86' lang='lat' dir='ltr'><strong>pristino</strong></span> <span class='ocrx_word' id='word_1_145' title='bbox 3266 600 3458 672; x_wconf 77' lang='lat' dir='ltr'><strong>gradui</strong></span> 
     </span>
    </p>
   </div>
   <div class='ocr_carea' id='block_1_21' title="bbox 1879 691 3455 761">
    <p class='ocr_par' dir='ltr' id='par_1_21' title="bbox 1879 691 3455 761">
     <span class='ocr_line' id='line_1_21' title="bbox 1879 691 3455 761; baseline 0.001 -18"><span class='ocrx_word' id='word_1_146' title='bbox 1879 706 1936 744; x_wconf 84' lang='lat' dir='ltr'><strong>se</strong></span> <span class='ocrx_word' id='word_1_147' title='bbox 1977 691 2056 744; x_wconf 90' lang='lat' dir='ltr'><strong>sol</strong></span> <span class='ocrx_word' id='word_1_148' title='bbox 2095 692 2149 744; x_wconf 92' lang='lat' dir='ltr'><strong>in</strong></span> <span class='ocrx_word' id='word_1_149' title='bbox 2207 692 2443 746; x_wconf 87' lang='lat' dir='ltr'><strong>solidum</strong></span> <span class='ocrx_word' id='word_1_150' title='bbox 2487 695 2754 749; x_wconf 89' lang='lat' dir='ltr'><strong>restituit.</strong></span> <span class='ocrx_word' id='word_1_151' title='bbox 2793 692 3106 749; x_wconf 87' lang='lat' dir='ltr'><strong>Secundum</strong></span> <span class='ocrx_word' id='word_1_152' title='bbox 3141 695 3280 747; x_wconf 89' lang='lat' dir='ltr'><strong>hanc</strong></span> <span class='ocrx_word' id='word_1_153' title='bbox 3331 706 3455 761; x_wconf 85' lang='lat' dir='ltr'><strong>sup-</strong></span> 
     </span>
    </p>
   </div>
   <div class='ocr_carea' id='block_1_22' title="bbox 1879 785 3459 856">
    <p class='ocr_par' dir='ltr' id='par_1_22' title="bbox 1879 785 3459 856">
     <span class='ocr_line' id='line_1_22' title="bbox 1879 785 3459 856; baseline 0.001 -20"><span class='ocrx_word' id='word_1_154' title='bbox 1879 785 2466 853; x_wconf 87' lang='lat' dir='ltr'><strong>positionem,quando</strong></span> <span class='ocrx_word' id='word_1_155' title='bbox 2482 787 2713 854; x_wconf 84' lang='lat' dir='ltr'><strong>primam</strong></span> <span class='ocrx_word' id='word_1_156' title='bbox 2742 786 2888 841; x_wconf 81' lang='lat' dir='ltr'><strong>illam</strong></span> <span class='ocrx_word' id='word_1_157' title='bbox 2924 786 3067 856; x_wconf 80' lang='lat' dir='ltr'><strong>signi</strong></span> <span class='ocrx_word' id='word_1_158' title='bbox 3097 785 3302 840; x_wconf 85' lang='lat' dir='ltr'><strong>Arietis</strong></span> <span class='ocrx_word' id='word_1_159' title='bbox 3331 799 3459 854; x_wconf 89' lang='lat' dir='ltr'><strong>par-</strong></span> 
     </span>
    </p>
   </div>
   <div class='ocr_carea' id='block_1_23' title="bbox 1879 871 3458 945">
    <p class='ocr_par' dir='ltr' id='par_1_23' title="bbox 1879 871 3458 945">
     <span class='ocr_line' id='line_1_23' title="bbox 1879 871 3458 945; baseline 0.002 -22"><span class='ocrx_word' id='word_1_160' title='bbox 1879 879 1986 926; x_wconf 88' lang='lat' dir='ltr'><strong>tem</strong></span> <span class='ocrx_word' id='word_1_161' title='bbox 2030 871 2176 925; x_wconf 88' lang='lat' dir='ltr'><strong>haud</strong></span> <span class='ocrx_word' id='word_1_162' title='bbox 2218 887 2382 928; x_wconf 88' lang='lat' dir='ltr'><strong>secus</strong></span> <span class='ocrx_word' id='word_1_163' title='bbox 2417 881 2630 943; x_wconf 89' lang='lat' dir='ltr'><strong>poterat</strong></span> <span class='ocrx_word' id='word_1_164' title='bbox 2672 875 2754 929; x_wconf 90' lang='lat' dir='ltr'><strong>sol</strong></span> <span class='ocrx_word' id='word_1_165' title='bbox 2792 891 2987 930; x_wconf 89' lang='lat' dir='ltr'><strong>rursus</strong></span> <span class='ocrx_word' id='word_1_166' title='bbox 3029 875 3317 945; x_wconf 81' lang='lat' dir='ltr'><strong>attingere,</strong></span> <span class='ocrx_word' id='word_1_167' title='bbox 3352 871 3458 926; x_wconf 82' lang='lat' dir='ltr'><strong>nisi</strong></span> 
     </span>
    </p>
   </div>
   <div class='ocr_carea' id='block_1_24' title="bbox 1880 967 3458 1040">
    <p class='ocr_par' dir='ltr' id='par_1_24' title="bbox 1880 967 3458 1040">
     <span class='ocr_line' id='line_1_24' title="bbox 1880 967 3458 1040; baseline 0.003 -22"><span class='ocrx_word' id='word_1_168' title='bbox 1880 967 2132 1020; x_wconf 82' lang='lat' dir='ltr'><strong>absoluto</strong></span> <span class='ocrx_word' id='word_1_169' title='bbox 2166 967 2304 1036; x_wconf 85' lang='lat' dir='ltr'><strong>justi</strong></span> <span class='ocrx_word' id='word_1_170' title='bbox 2334 969 2401 1022; x_wconf 89' lang='lat' dir='ltr'><strong>ad</strong></span> <span class='ocrx_word' id='word_1_171' title='bbox 2428 971 2484 1023; x_wconf 91' lang='lat' dir='ltr'><strong>id</strong></span> <span class='ocrx_word' id='word_1_172' title='bbox 2521 971 2784 1040; x_wconf 88' lang='lat' dir='ltr'><strong>temporis</strong></span> <span class='ocrx_word' id='word_1_173' title='bbox 2821 971 3122 1031; x_wconf 80' lang='lat' dir='ltr'><strong>interstitio</strong></span> <span class='ocrx_word' id='word_1_174' title='bbox 3145 1010 3161 1034; x_wconf 93' lang='lat'><strong>,</strong></span> <span class='ocrx_word' id='word_1_175' title='bbox 3197 985 3307 1040; x_wconf 92' lang='lat' dir='ltr'><strong>quo</strong></span> <span class='ocrx_word' id='word_1_176' title='bbox 3342 976 3458 1030; x_wconf 86' lang='lat' dir='ltr'><strong>toto</strong></span> 
     </span>
    </p>
   </div>
   <div class='ocr_carea' id='block_1_25' title="bbox 1879 1058 3457 1132">
    <p class='ocr_par' dir='ltr' id='par_1_25' title="bbox 1879 1058 3457 1132">
     <span class='ocr_line' id='line_1_25' title="bbox 1879 1058 3457 1132; baseline 0.004 -23"><span class='ocrx_word' id='word_1_177' title='bbox 1879 1065 2123 1127; x_wconf 89' lang='lat' dir='ltr'><strong>tempore</strong></span> <span class='ocrx_word' id='word_1_178' title='bbox 2146 1058 2572 1128; x_wconf 80' lang='lat' dir='ltr'><strong>qtiinquiformis</strong></span> <span class='ocrx_word' id='word_1_179' title='bbox 2602 1061 2693 1115; x_wconf 89' lang='lat' dir='ltr'><strong>ille</strong></span> <span class='ocrx_word' id='word_1_180' title='bbox 2722 1062 2917 1117; x_wconf 90' lang='lat' dir='ltr'><strong>solaris</strong></span> <span class='ocrx_word' id='word_1_181' title='bbox 2949 1069 3129 1117; x_wconf 88' lang='lat' dir='ltr'><strong>motus</strong></span> <span class='ocrx_word' id='word_1_182' title='bbox 3155 1061 3457 1132; x_wconf 81' lang='lat' dir='ltr'><strong>perficitur,</strong></span> 
     </span>
    </p>
   </div>
   <div class='ocr_carea' id='block_1_26' title="bbox 1878 1150 3461 1224">
    <p class='ocr_par' dir='ltr' id='par_1_26' title="bbox 1878 1150 3461 1224">
     <span class='ocr_line' id='line_1_26' title="bbox 1878 1150 3461 1224; baseline 0.003 -20"><span class='ocrx_word' id='word_1_183' title='bbox 1878 1150 2064 1205; x_wconf 87' lang='lat' dir='ltr'><strong>decem</strong></span> <span class='ocrx_word' id='word_1_184' title='bbox 2121 1152 2342 1207; x_wconf 84' lang='lat' dir='ltr'><strong>interim</strong></span> <span class='ocrx_word' id='word_1_185' title='bbox 2394 1161 2762 1222; x_wconf 90' lang='lat' dir='ltr'><strong>supputantur</strong></span> <span class='ocrx_word' id='word_1_186' title='bbox 2826 1154 2996 1217; x_wconf 66' lang='lat' dir='ltr'><strong>horae,</strong></span> <span class='ocrx_word' id='word_1_187' title='bbox 3030 1171 3137 1210; x_wconf 93' lang='lat' dir='ltr'><strong>non</strong></span> <span class='ocrx_word' id='word_1_188' title='bbox 3186 1154 3302 1224; x_wconf 88' lang='lat' dir='ltr'><strong>jam</strong></span> <span class='ocrx_word' id='word_1_189' title='bbox 3354 1155 3461 1208; x_wconf 81' lang='lat' dir='ltr'><strong>illa:</strong></span> 
     </span>
    </p>
   </div>
   <div class='ocr_carea' id='block_1_27' title="bbox 1879 1241 3458 1313">
    <p class='ocr_par' dir='ltr' id='par_1_27' title="bbox 1879 1241 3458 1313">
     <span class='ocr_line' id='line_1_27' title="bbox 1879 1241 3458 1313; baseline 0.003 -21"><span class='ocrx_word' id='word_1_190' title='bbox 1879 1241 2138 1294; x_wconf 87' lang='lat' dir='ltr'><strong>nimirum</strong></span> <span class='ocrx_word' id='word_1_191' title='bbox 2189 1243 2397 1311; x_wconf 65' lang='lat' dir='ltr'><strong>primat,</strong></span> <span class='ocrx_word' id='word_1_192' title='bbox 2447 1259 2568 1313; x_wconf 82' lang='lat' dir='ltr'><strong>quae</strong></span> <span class='ocrx_word' id='word_1_193' title='bbox 2597 1243 2645 1297; x_wconf 91' lang='lat' dir='ltr'><strong>ei</strong></span> <span class='ocrx_word' id='word_1_194' title='bbox 2702 1244 2935 1312; x_wconf 84' lang='lat' dir='ltr'><strong>tempori</strong></span> <span class='ocrx_word' id='word_1_195' title='bbox 2981 1245 3253 1298; x_wconf 64' lang='lat' dir='ltr'><strong>attributa</strong></span> <span class='ocrx_word' id='word_1_196' title='bbox 3306 1255 3458 1311; x_wconf 91' lang='lat' dir='ltr'><strong>sunt,</strong></span> 
     </span>
    </p>
   </div>
   <div class='ocr_carea' id='block_1_28' title="bbox 1879 1333 3459 1406">
    <p class='ocr_par' dir='ltr' id='par_1_28' title="bbox 1879 1333 3459 1406">
     <span class='ocr_line' id='line_1_28' title="bbox 1879 1333 3459 1406; baseline 0.003 -20"><span class='ocrx_word' id='word_1_197' title='bbox 1879 1348 1988 1401; x_wconf 90' lang='lat' dir='ltr'><strong>quo</strong></span> <span class='ocrx_word' id='word_1_198' title='bbox 2037 1333 2118 1388; x_wconf 89' lang='lat' dir='ltr'><strong>sol</strong></span> <span class='ocrx_word' id='word_1_199' title='bbox 2163 1335 2231 1387; x_wconf 90' lang='lat' dir='ltr'><strong>ab</strong></span> <span class='ocrx_word' id='word_1_200' title='bbox 2266 1335 2476 1388; x_wconf 88' lang='lat' dir='ltr'><strong>oriente</strong></span> <span class='ocrx_word' id='word_1_201' title='bbox 2523 1335 2735 1388; x_wconf 80' lang='lat' dir='ltr'><strong>excitus</strong></span> <span class='ocrx_word' id='word_1_202' title='bbox 2765 1335 2834 1388; x_wconf 87' lang='lat' dir='ltr'><strong>ad</strong></span> <span class='ocrx_word' id='word_1_203' title='bbox 2881 1351 3004 1390; x_wconf 92' lang='lat' dir='ltr'><strong>eum</strong></span> <span class='ocrx_word' id='word_1_204' title='bbox 3053 1352 3227 1406; x_wconf 91' lang='lat' dir='ltr'><strong>usque</strong></span> <span class='ocrx_word' id='word_1_205' title='bbox 3275 1336 3459 1390; x_wconf 88' lang='lat' dir='ltr'><strong>locum</strong></span> 
     </span>
    </p>
   </div>
   <div class='ocr_carea' id='block_1_29' title="bbox 1882 1425 3458 1498">
    <p class='ocr_par' dir='ltr' id='par_1_29' title="bbox 1882 1425 3458 1498">
     <span class='ocr_line' id='line_1_29' title="bbox 1882 1425 3458 1498; baseline 0.002 -20"><span class='ocrx_word' id='word_1_206' title='bbox 1882 1433 2176 1495; x_wconf 89' lang='lat' dir='ltr'><strong>provectus</strong></span> <span class='ocrx_word' id='word_1_207' title='bbox 2227 1436 2334 1490; x_wconf 86' lang='lat' dir='ltr'><strong>est,</strong></span> <span class='ocrx_word' id='word_1_208' title='bbox 2389 1427 2444 1480; x_wconf 91' lang='lat' dir='ltr'><strong>in</strong></span> <span class='ocrx_word' id='word_1_209' title='bbox 2486 1441 2595 1496; x_wconf 90' lang='lat' dir='ltr'><strong>quo</strong></span> <span class='ocrx_word' id='word_1_210' title='bbox 2633 1427 2736 1481; x_wconf 92' lang='lat' dir='ltr'><strong>sub</strong></span> <span class='ocrx_word' id='word_1_211' title='bbox 2779 1425 3014 1482; x_wconf 86' lang='lat' dir='ltr'><strong>Ezechia</strong></span> <span class='ocrx_word' id='word_1_212' title='bbox 3063 1427 3291 1498; x_wconf 82' lang='lat' dir='ltr'><strong>contigit</strong></span> <span class='ocrx_word' id='word_1_213' title='bbox 3340 1429 3458 1483; x_wconf 85' lang='lat' dir='ltr'><strong>ﬁeri</strong></span> 
     </span>
    </p>
   </div>
   <div class='ocr_carea' id='block_1_30' title="bbox 1881 1517 3459 1590">
    <p class='ocr_par' dir='ltr' id='par_1_30' title="bbox 1881 1517 3459 1590">
     <span class='ocr_line' id='line_1_30' title="bbox 1881 1517 3459 1590; baseline 0.002 -19"><span class='ocrx_word' id='word_1_214' title='bbox 1881 1517 2097 1587; x_wconf 90' lang='lat' dir='ltr'><strong>signum</strong></span> <span class='ocrx_word' id='word_1_215' title='bbox 2129 1535 2144 1584; x_wconf 90' lang='lat'><strong>;</strong></span> <span class='ocrx_word' id='word_1_216' title='bbox 2177 1517 2273 1572; x_wconf 88' lang='lat' dir='ltr'><strong>sed</strong></span> <span class='ocrx_word' id='word_1_217' title='bbox 2329 1518 2448 1572; x_wconf 83' lang='lat' dir='ltr'><strong>aliae</strong></span> <span class='ocrx_word' id='word_1_218' title='bbox 2497 1518 2700 1587; x_wconf 85' lang='lat' dir='ltr'><strong>quibus</strong></span> <span class='ocrx_word' id='word_1_219' title='bbox 2753 1520 2835 1573; x_wconf 91' lang='lat' dir='ltr'><strong>sol</strong></span> <span class='ocrx_word' id='word_1_220' title='bbox 2867 1519 3188 1590; x_wconf 88' lang='lat' dir='ltr'><strong>retrogrado</strong></span> <span class='ocrx_word' id='word_1_221' title='bbox 3231 1535 3397 1576; x_wconf 89' lang='lat' dir='ltr'><strong>cursu</strong></span> <span class='ocrx_word' id='word_1_222' title='bbox 3424 1535 3459 1574; x_wconf 67' lang='grc' dir='ltr'><strong><em>λ</em></strong></span> 
     </span>
    </p>
   </div>
   <div class='ocr_carea' id='block_1_31' title="bbox 1879 1609 3460 1681">
    <p class='ocr_par' dir='ltr' id='par_1_31' title="bbox 1879 1609 3460 1681">
     <span class='ocr_line' id='line_1_31' title="bbox 1879 1609 3460 1681; baseline 0.004 -20"><span class='ocrx_word' id='word_1_223' title='bbox 1879 1609 2000 1662; x_wconf 89' lang='lat' dir='ltr'><strong>loco</strong></span> <span class='ocrx_word' id='word_1_224' title='bbox 2024 1609 2164 1678; x_wconf 81' lang='lat' dir='ltr'><strong>signi</strong></span> <span class='ocrx_word' id='word_1_225' title='bbox 2196 1609 2453 1674; x_wconf 89' lang='lat' dir='ltr'><strong>recurrit,</strong></span> <span class='ocrx_word' id='word_1_226' title='bbox 2479 1611 2794 1681; x_wconf 80' lang='lat' dir='ltr'><strong>relatusque</strong></span> <span class='ocrx_word' id='word_1_227' title='bbox 2823 1619 2909 1666; x_wconf 87' lang='lat' dir='ltr'><strong>est</strong></span> <span class='ocrx_word' id='word_1_228' title='bbox 2938 1612 2995 1665; x_wconf 91' lang='lat' dir='ltr'><strong>in</strong></span> <span class='ocrx_word' id='word_1_229' title='bbox 3024 1612 3312 1667; x_wconf 87' lang='lat' dir='ltr'><strong>orientem.</strong></span> <span class='ocrx_word' id='word_1_230' title='bbox 3339 1613 3460 1668; x_wconf 82' lang='lat' dir='ltr'><strong>istae</strong></span> 
     </span>
    </p>
   </div>
   <div class='ocr_carea' id='block_1_32' title="bbox 1877 1700 3461 1776">
    <p class='ocr_par' dir='ltr' id='par_1_32' title="bbox 1877 1700 3461 1776">
     <span class='ocr_line' id='line_1_32' title="bbox 1877 1700 3461 1776; baseline 0.005 -22"><span class='ocrx_word' id='word_1_231' title='bbox 1877 1700 2044 1771; x_wconf 82' lang='lat' dir='ltr'><strong>igitur</strong></span> <span class='ocrx_word' id='word_1_232' title='bbox 2080 1701 2228 1756; x_wconf 67' lang='lat' dir='ltr'><strong>hora:</strong></span> <span class='ocrx_word' id='word_1_233' title='bbox 2268 1702 2480 1766; x_wconf 89' lang='lat' dir='ltr'><strong>decem,</strong></span> <span class='ocrx_word' id='word_1_234' title='bbox 2505 1704 2705 1773; x_wconf 91' lang='lat' dir='ltr'><strong>quibus</strong></span> <span class='ocrx_word' id='word_1_235' title='bbox 2737 1706 2821 1761; x_wconf 90' lang='lat' dir='ltr'><strong>sol</strong></span> <span class='ocrx_word' id='word_1_236' title='bbox 2863 1705 3052 1776; x_wconf 63' lang='lat' dir='ltr'><strong>primae</strong></span> <span class='ocrx_word' id='word_1_237' title='bbox 3080 1707 3220 1775; x_wconf 84' lang='lat' dir='ltr'><strong>parti</strong></span> <span class='ocrx_word' id='word_1_238' title='bbox 3257 1705 3461 1762; x_wconf 76' lang='lat' dir='ltr'><strong>Arietis</strong></span> 
     </span>
    </p>
   </div>
   <div class='ocr_carea' id='block_1_33' title="bbox 1883 1793 3460 1867">
    <p class='ocr_par' dir='ltr' id='par_1_33' title="bbox 1883 1793 3460 1867">
     <span class='ocr_line' id='line_1_33' title="bbox 1883 1793 3460 1867; baseline 0.006 -22"><span class='ocrx_word' id='word_1_239' title='bbox 1883 1794 2109 1862; x_wconf 86' lang='lat' dir='ltr'><strong>prepior</strong></span> <span class='ocrx_word' id='word_1_240' title='bbox 2169 1793 2348 1849; x_wconf 81' lang='lat' dir='ltr'><strong>factus</strong></span> <span class='ocrx_word' id='word_1_241' title='bbox 2397 1805 2576 1851; x_wconf 80' lang='lat' dir='ltr'><strong>estex</strong></span> <span class='ocrx_word' id='word_1_242' title='bbox 2618 1799 2994 1867; x_wconf 89' lang='lat' dir='ltr'><strong>suppositione</strong></span> <span class='ocrx_word' id='word_1_243' title='bbox 3046 1809 3278 1864; x_wconf 90' lang='lat' dir='ltr'><strong>nostra,</strong></span> <span class='ocrx_word' id='word_1_244' title='bbox 3328 1815 3460 1856; x_wconf 87' lang='lat' dir='ltr'><strong>cen-</strong></span> 
     </span>
    </p>
   </div>
   <div class='ocr_carea' id='block_1_34' title="bbox 198 1870 1776 1962">
    <p class='ocr_par' dir='ltr' id='par_1_34' title="bbox 198 1885 1770 1959">
     <span class='ocr_line' id='line_1_34' title="bbox 198 1885 1770 1959; baseline -0.001 -19"><span class='ocrx_word' id='word_1_245' title='bbox 198 1887 481 1958; x_wconf 78' lang='grc' dir='ltr'><strong>φωστῆρες</strong></span> <span class='ocrx_word' id='word_1_246' title='bbox 528 1888 631 1959; x_wconf 83' lang='grc' dir='ltr'>τὴν</span> <span class='ocrx_word' id='word_1_247' title='bbox 665 1885 914 1941; x_wconf 71' lang='grc' dir='ltr'>ἐναντίαν</span> <span class='ocrx_word' id='word_1_248' title='bbox 961 1885 1038 1956; x_wconf 80' lang='grc' dir='ltr'>τῷ</span> <span class='ocrx_word' id='word_1_249' title='bbox 1085 1885 1246 1940; x_wconf 70' lang='grc' dir='ltr'>παντὶ</span> <span class='ocrx_word' id='word_1_250' title='bbox 1302 1886 1618 1958; x_wconf 82' lang='grc' dir='ltr'><strong>τρέχουσιν,</strong></span> <span class='ocrx_word' id='word_1_251' title='bbox 1656 1885 1770 1939; x_wconf 81' lang='grc' dir='ltr'>ἀλλ’</span> 
     </span>
    </p>
   </div>
   <div class='ocr_carea' id='block_1_35' title="bbox 1879 1870 3458 1962">
    <p class='ocr_par' dir='ltr' id='par_1_35' title="bbox 1879 1885 3458 1962">
     <span class='ocr_line' id='line_1_35' title="bbox 1879 1885 3458 1962; baseline 0.006 -23"><span class='ocrx_word' id='word_1_252' title='bbox 1879 1891 2062 1940; x_wconf 80' lang='lat' dir='ltr'><strong>scatur</strong></span> <span class='ocrx_word' id='word_1_253' title='bbox 2086 1885 2417 1956; x_wconf 87' lang='lat' dir='ltr'><strong>implentque</strong></span> <span class='ocrx_word' id='word_1_254' title='bbox 2441 1889 2610 1942; x_wconf 80' lang='lat' dir='ltr'><strong>vicem</strong></span> <span class='ocrx_word' id='word_1_255' title='bbox 2630 1889 2790 1945; x_wconf 88' lang='lat' dir='ltr'><strong>solidi</strong></span> <span class='ocrx_word' id='word_1_256' title='bbox 2809 1891 2970 1945; x_wconf 89' lang='lat' dir='ltr'><strong>unius</strong></span> <span class='ocrx_word' id='word_1_257' title='bbox 2999 1892 3147 1945; x_wconf 88' lang='lat' dir='ltr'><strong>anni.</strong></span> <span class='ocrx_word' id='word_1_258' title='bbox 3177 1892 3458 1962; x_wconf 88' lang='lat' dir='ltr'><strong>Siquidem</strong></span> 
     </span>
    </p>
   </div>
   <div class='ocr_carea' id='block_1_36' title="bbox 195 1978 1773 2056">
    <p class='ocr_par' dir='ltr' id='par_1_36' title="bbox 195 1978 1773 2056">
     <span class='ocr_line' id='line_1_36' title="bbox 195 1978 1773 2056; baseline -0.003 -21"><span class='ocrx_word' id='word_1_259' title='bbox 195 1979 284 2036; x_wconf 80' lang='grc' dir='ltr'><strong>οὖν</strong></span> <span class='ocrx_word' id='word_1_260' title='bbox 329 1982 528 2053; x_wconf 74' lang='grc' dir='ltr'>σελήνη</span> <span class='ocrx_word' id='word_1_261' title='bbox 593 1979 945 2056; x_wconf 72' lang='grc' dir='ltr'>προλήψεται.</span> <span class='ocrx_word' id='word_1_262' title='bbox 1012 1979 1170 2043; x_wconf 80' lang='grc' dir='ltr'>Εἰκὸς</span> <span class='ocrx_word' id='word_1_263' title='bbox 1213 1978 1344 2048; x_wconf 77' lang='grc' dir='ltr'>γοῦν</span> <span class='ocrx_word' id='word_1_264' title='bbox 1399 1979 1497 2042; x_wconf 78' lang='grc' dir='ltr'>ἔνι,</span> <span class='ocrx_word' id='word_1_265' title='bbox 1531 1979 1559 2032; x_wconf 83' lang='grc' dir='ltr'><strong>ὃ</strong></span> <span class='ocrx_word' id='word_1_266' title='bbox 1608 1979 1773 2053; x_wconf 80' lang='grc' dir='ltr'>μέρος</span> 
     </span>
    </p>
   </div>
   <div class='ocr_carea' id='block_1_37' title="bbox 199 2070 1770 2144">
    <p class='ocr_par' dir='ltr' id='par_1_37' title="bbox 199 2070 1770 2144">
     <span class='ocr_line' id='line_1_37' title="bbox 199 2070 1770 2144; baseline -0.002 -18"><span class='ocrx_word' id='word_1_267' title='bbox 199 2076 501 2128; x_wconf 76' lang='grc' dir='ltr'>ἐπισκοτεῖν</span> <span class='ocrx_word' id='word_1_268' title='bbox 569 2073 1005 2144; x_wconf 83' lang='grc' dir='ltr'>συμπίπτουσαν,</span> <span class='ocrx_word' id='word_1_269' title='bbox 1061 2070 1220 2124; x_wconf 72' lang='grc' dir='ltr'>τοῦτο</span> <span class='ocrx_word' id='word_1_270' title='bbox 1282 2073 1374 2125; x_wconf 75' lang='grc' dir='ltr'><strong>καὶ</strong></span> <span class='ocrx_word' id='word_1_271' title='bbox 1437 2071 1770 2136; x_wconf 84' lang='grc' dir='ltr'>ἀπολείπειν,</span> 
     </span>
    </p>
   </div>
   <div class='ocr_carea' id='block_1_38' title="bbox 194 2163 1776 2236">
    <p class='ocr_par' dir='ltr' id='par_1_38' title="bbox 194 2163 1776 2236">
     <span class='ocr_line' id='line_1_38' title="bbox 194 2163 1776 2236; baseline -0.004 -14"><span class='ocrx_word' id='word_1_272' title='bbox 194 2167 331 2222; x_wconf 77' lang='grc' dir='ltr'>ὥστε</span> <span class='ocrx_word' id='word_1_273' title='bbox 364 2168 594 2221; x_wconf 87' lang='grc' dir='ltr'>κάκεῖνο</span> <span class='ocrx_word' id='word_1_274' title='bbox 627 2163 976 2234; x_wconf 78' lang='grc' dir='ltr'>φωτίζεσθαι.</span> <span class='ocrx_word' id='word_1_275' title='bbox 1026 2163 1113 2217; x_wconf 83' lang='grc' dir='ltr'><strong>Ἐν</strong></span> <span class='ocrx_word' id='word_1_276' title='bbox 1145 2163 1201 2216; x_wconf 80' lang='grc' dir='ltr'>δὲ</span> <span class='ocrx_word' id='word_1_277' title='bbox 1231 2165 1296 2234; x_wconf 78' lang='grc' dir='ltr'>τῇ</span> <span class='ocrx_word' id='word_1_278' title='bbox 1333 2163 1514 2236; x_wconf 80' lang='grc' dir='ltr'>ἡμέρᾳ</span> <span class='ocrx_word' id='word_1_279' title='bbox 1544 2163 1637 2216; x_wconf 81' lang='grc' dir='ltr'><strong>τοῦ</strong></span> <span class='ocrx_word' id='word_1_280' title='bbox 1673 2180 1776 2216; x_wconf 86' lang='grc' dir='ltr'><strong>σω-</strong></span> 
     </span>
    </p>
   </div>
   <div class='ocr_carea' id='block_1_39' title="bbox 195 2253 1779 2332">
    <p class='ocr_par' dir='ltr' id='par_1_39' title="bbox 195 2253 1779 2332">
     <span class='ocr_line' id='line_1_39' title="bbox 195 2253 1779 2332; baseline -0.003 -20"><span class='ocrx_word' id='word_1_281' title='bbox 195 2261 380 2332; x_wconf 86' lang='grc' dir='ltr'>τηρίου</span> <span class='ocrx_word' id='word_1_282' title='bbox 417 2257 682 2331; x_wconf 74' lang='grc' dir='ltr'>σταυροῦ,</span> <span class='ocrx_word' id='word_1_283' title='bbox 717 2257 841 2310; x_wconf 75' lang='grc' dir='ltr'>ἐπεὶ</span> <span class='ocrx_word' id='word_1_284' title='bbox 871 2256 977 2310; x_wconf 84' lang='grc' dir='ltr'><strong>ἀπὸ</strong></span> <span class='ocrx_word' id='word_1_285' title='bbox 1010 2253 1272 2324; x_wconf 82' lang='grc' dir='ltr'>ἀνατολῆς</span> <span class='ocrx_word' id='word_1_286' title='bbox 1317 2254 1622 2326; x_wconf 83' lang='grc' dir='ltr'>ἀκαριαίως</span> <span class='ocrx_word' id='word_1_287' title='bbox 1655 2272 1779 2308; x_wconf 87' lang='grc' dir='ltr'>συν-</span> 
     </span>
    </p>
   </div>
   <div class='ocr_carea' id='block_1_40' title="bbox 194 2344 1772 2422">
    <p class='ocr_par' dir='ltr' id='par_1_40' title="bbox 194 2344 1772 2422">
     <span class='ocr_line' id='line_1_40' title="bbox 194 2344 1772 2422; baseline -0.004 -17"><span class='ocrx_word' id='word_1_288' title='bbox 194 2351 352 2422; x_wconf 88' lang='grc' dir='ltr'>ῆλθεν</span> <span class='ocrx_word' id='word_1_289' title='bbox 383 2353 418 2422; x_wconf 85' lang='grc' dir='ltr'><strong>ἡ</strong></span> <span class='ocrx_word' id='word_1_290' title='bbox 456 2349 658 2420; x_wconf 73' lang='grc' dir='ltr'>σελήνη</span> <span class='ocrx_word' id='word_1_291' title='bbox 675 2347 754 2419; x_wconf 80' lang='grc' dir='ltr'>τῷ</span> <span class='ocrx_word' id='word_1_292' title='bbox 771 2347 926 2420; x_wconf 84' lang='grc' dir='ltr'>ἡλίῳ,</span> <span class='ocrx_word' id='word_1_293' title='bbox 962 2350 1055 2402; x_wconf 71' lang='grc' dir='ltr'><strong>καὶ</strong></span> <span class='ocrx_word' id='word_1_294' title='bbox 1083 2349 1348 2417; x_wconf 82' lang='grc' dir='ltr'>πεποίηκε</span> <span class='ocrx_word' id='word_1_295' title='bbox 1380 2346 1478 2416; x_wconf 76' lang='grc' dir='ltr'><strong>τὴν</strong></span> <span class='ocrx_word' id='word_1_296' title='bbox 1503 2344 1772 2416; x_wconf 59' lang='grc' dir='ltr'>ἔκλειψιν</span> 
     </span>
    </p>
   </div>
   <div class='ocr_carea' id='block_1_41' title="bbox 195 2437 1777 2507">
    <p class='ocr_par' dir='ltr' id='par_1_41' title="bbox 195 2437 1777 2507">
     <span class='ocr_line' id='line_1_41' title="bbox 195 2437 1777 2507; baseline -0.003 -11"><span class='ocrx_word' id='word_1_297' title='bbox 195 2443 296 2496; x_wconf 80' lang='grc' dir='ltr'>ἔδει</span> <span class='ocrx_word' id='word_1_298' title='bbox 309 2443 364 2496; x_wconf 83' lang='grc' dir='ltr'>δὲ</span> <span class='ocrx_word' id='word_1_299' title='bbox 381 2443 549 2496; x_wconf 82' lang='grc' dir='ltr'>πάλιν</span> <span class='ocrx_word' id='word_1_300' title='bbox 567 2441 882 2494; x_wconf 74' lang='grc' dir='ltr'>ὑπονοστεῖν</span> <span class='ocrx_word' id='word_1_301' title='bbox 899 2441 977 2502; x_wconf 82' lang='grc' dir='ltr'><strong>εἰς</strong></span> <span class='ocrx_word' id='word_1_302' title='bbox 991 2439 1083 2492; x_wconf 82' lang='grc' dir='ltr'><strong>τὸν</strong></span> <span class='ocrx_word' id='word_1_303' title='bbox 1104 2440 1301 2492; x_wconf 86' lang='grc' dir='ltr'>οἰκεῖον</span> <span class='ocrx_word' id='word_1_304' title='bbox 1327 2437 1508 2499; x_wconf 82' lang='grc' dir='ltr'>τόπον,</span> <span class='ocrx_word' id='word_1_305' title='bbox 1526 2437 1611 2489; x_wconf 85' lang='grc' dir='ltr'><strong>ἵνα</strong></span> <span class='ocrx_word' id='word_1_306' title='bbox 1629 2437 1662 2507; x_wconf 91' lang='grc' dir='ltr'><strong>ἡ</strong></span> <span class='ocrx_word' id='word_1_307' title='bbox 1678 2437 1777 2491; x_wconf 82' lang='grc' dir='ltr'>τά-</span> 
     </span>
    </p>
   </div>
   <div class='ocr_carea' id='block_1_42' title="bbox 198 2526 1778 2603">
    <p class='ocr_par' dir='ltr' id='par_1_42' title="bbox 198 2526 1778 2603">
     <span class='ocr_line' id='line_1_42' title="bbox 198 2526 1778 2603; baseline -0.004 -17"><span class='ocrx_word' id='word_1_308' title='bbox 198 2533 274 2598; x_wconf 82' lang='grc' dir='ltr'><strong>ξις</strong></span> <span class='ocrx_word' id='word_1_309' title='bbox 301 2534 474 2603; x_wconf 80' lang='grc' dir='ltr'>αὐτῆς</span> <span class='ocrx_word' id='word_1_310' title='bbox 501 2530 750 2601; x_wconf 74' lang='grc' dir='ltr'>φυλαχθῇ</span> <span class='ocrx_word' id='word_1_311' title='bbox 776 2546 789 2560; x_wconf 80' lang='lat'><strong><em>°</em></strong></span> <span class='ocrx_word' id='word_1_312' title='bbox 809 2530 901 2583; x_wconf 77' lang='grc' dir='ltr'><strong>καὶ</strong></span> <span class='ocrx_word' id='word_1_313' title='bbox 927 2528 1013 2582; x_wconf 78' lang='grc' dir='ltr'>διὰ</span> <span class='ocrx_word' id='word_1_314' title='bbox 1042 2528 1199 2580; x_wconf 73' lang='grc' dir='ltr'>τοῦτο</span> <span class='ocrx_word' id='word_1_315' title='bbox 1225 2526 1563 2580; x_wconf 78' lang='grc' dir='ltr'>ἀπολιποῦσα</span> <span class='ocrx_word' id='word_1_316' title='bbox 1590 2526 1778 2580; x_wconf 75' lang='grc' dir='ltr'>τοῦτον</span> 
     </span>
    </p>
   </div>
   <div class='ocr_carea' id='block_1_43' title="bbox 196 2614 1782 2690">
    <p class='ocr_par' dir='ltr' id='par_1_43' title="bbox 196 2614 1782 2690">
     <span class='ocr_line' id='line_1_43' title="bbox 196 2614 1782 2690; baseline -0.006 -11"><span class='ocrx_word' id='word_1_317' title='bbox 196 2626 350 2678; x_wconf 77' lang='grc' dir='ltr'>πάλιν</span> <span class='ocrx_word' id='word_1_318' title='bbox 365 2623 732 2689; x_wconf 78' lang='grc' dir='ltr'>ὑπενόστησε,</span> <span class='ocrx_word' id='word_1_319' title='bbox 753 2618 946 2690; x_wconf 77' lang='grc' dir='ltr'>συνέϐη</span> <span class='ocrx_word' id='word_1_320' title='bbox 963 2618 1096 2690; x_wconf 79' lang='grc'><strong>(75).</strong></span> <span class='ocrx_word' id='word_1_321' title='bbox 1115 2617 1264 2688; x_wconf 81' lang='grc' dir='ltr'>Καὶὴ</span> <span class='ocrx_word' id='word_1_322' title='bbox 1301 2616 1398 2686; x_wconf 82' lang='grc' dir='ltr'>μὲν</span> <span class='ocrx_word' id='word_1_323' title='bbox 1431 2614 1668 2684; x_wconf 72' lang='grc' dir='ltr'>ἔκλειψις</span> <span class='ocrx_word' id='word_1_324' title='bbox 1687 2615 1782 2683; x_wconf 69' lang='grc' dir='ltr'><strong>γέὶ</strong></span> 
     </span>
    </p>
   </div>
   <div class='ocr_carea' id='block_1_44' title="bbox 196 2707 1777 2785">
    <p class='ocr_par' dir='ltr' id='par_1_44' title="bbox 196 2707 1777 2785">
     <span class='ocr_line' id='line_1_44' title="bbox 196 2707 1777 2785; baseline -0.006 -14"><span class='ocrx_word' id='word_1_325' title='bbox 196 2733 332 2784; x_wconf 84' lang='grc' dir='ltr'>γονε,</span> <span class='ocrx_word' id='word_1_326' title='bbox 351 2715 734 2776; x_wconf 74' lang='grc' dir='ltr'>σκοτωθέντος</span> <span class='ocrx_word' id='word_1_327' title='bbox 753 2712 1011 2785; x_wconf 79' lang='grc' dir='ltr'>πρότερον</span> <span class='ocrx_word' id='word_1_328' title='bbox 1030 2710 1123 2764; x_wconf 78' lang='grc' dir='ltr'>τοῦ</span> <span class='ocrx_word' id='word_1_329' title='bbox 1141 2709 1455 2763; x_wconf 83' lang='grc' dir='ltr'>ἀνατολικοῦ</span> <span class='ocrx_word' id='word_1_330' title='bbox 1472 2708 1669 2780; x_wconf 86' lang='grc' dir='ltr'>μέρους</span> <span class='ocrx_word' id='word_1_331' title='bbox 1682 2707 1777 2762; x_wconf 79' lang='grc' dir='ltr'>τοῦ</span> 
     </span>
    </p>
   </div>
   <div class='ocr_carea' id='block_1_45' title="bbox 195 2798 1778 2881">
    <p class='ocr_par' dir='ltr' id='par_1_45' title="bbox 195 2798 1778 2880">
     <span class='ocr_line' id='line_1_45' title="bbox 195 2798 1778 2880; baseline -0.006 -17"><span class='ocrx_word' id='word_1_332' title='bbox 195 2806 415 2880; x_wconf 76' lang='grc' dir='ltr'>ἡλιακοῦ</span> <span class='ocrx_word' id='word_1_333' title='bbox 426 2807 622 2860; x_wconf 87' lang='grc' dir='ltr'>δίσκου</span> <span class='ocrx_word' id='word_1_334' title='bbox 645 2821 660 2833; x_wconf 89' lang='grc'><strong>·</strong></span> <span class='ocrx_word' id='word_1_335' title='bbox 684 2803 994 2874; x_wconf 84' lang='grc' dir='ltr'>μετέπειτα,</span> <span class='ocrx_word' id='word_1_336' title='bbox 1013 2798 1428 2873; x_wconf 80' lang='grc' dir='ltr'>ὑποδραμούσης</span> <span class='ocrx_word' id='word_1_337' title='bbox 1442 2799 1646 2868; x_wconf 80' lang='grc' dir='ltr'>ταύτης</span> <span class='ocrx_word' id='word_1_338' title='bbox 1660 2799 1778 2854; x_wconf 85' lang='grc' dir='ltr'>ὅλον</span> 
     </span>
    </p>
   </div>
   <div class='ocr_carea' id='block_1_46' title="bbox 195 2886 1779 2969">
    <p class='ocr_par' dir='ltr' id='par_1_46' title="bbox 195 2886 1779 2969">
     <span class='ocr_line' id='line_1_46' title="bbox 195 2886 1779 2969; baseline -0.006 -16"><span class='ocrx_word' id='word_1_339' title='bbox 195 2901 280 2953; x_wconf 77' lang='grc' dir='ltr'>τὸν</span> <span class='ocrx_word' id='word_1_340' title='bbox 297 2899 470 2969; x_wconf 74' lang='grc' dir='ltr'>ἥλιον,</span> <span class='ocrx_word' id='word_1_341' title='bbox 496 2897 594 2950; x_wconf 76' lang='grc' dir='ltr'><strong>καὶ</strong></span> <span class='ocrx_word' id='word_1_342' title='bbox 620 2895 721 2963; x_wconf 71' lang='grc' dir='ltr'><strong>ἤδη</strong></span> <span class='ocrx_word' id='word_1_343' title='bbox 757 2891 1068 2964; x_wconf 82' lang='grc' dir='ltr'>ἀρξαμένης</span> <span class='ocrx_word' id='word_1_344' title='bbox 1102 2893 1432 2954; x_wconf 84' lang='grc' dir='ltr'>ὑπονοστεῖν,</span> <span class='ocrx_word' id='word_1_345' title='bbox 1451 2889 1594 2953; x_wconf 80' lang='grc' dir='ltr'>εἰκὸς</span> <span class='ocrx_word' id='word_1_346' title='bbox 1609 2886 1696 2961; x_wconf 76' lang='grc' dir='ltr'><strong>ἦν,</strong></span> <span class='ocrx_word' id='word_1_347' title='bbox 1717 2889 1779 2943; x_wconf 85' lang='grc' dir='ltr'><strong>τὸ</strong></span> 
     </span>
    </p>
   </div>
   <div class='ocr_carea' id='block_1_47' title="bbox 195 2982 1779 3064">
    <p class='ocr_par' dir='ltr' id='par_1_47' title="bbox 195 2982 1779 3064">
     <span class='ocr_line' id='line_1_47' title="bbox 195 2982 1779 3064; baseline -0.008 -17"><span class='ocrx_word' id='word_1_348' title='bbox 195 2992 402 3047; x_wconf 81' lang='grc' dir='ltr'>δυτικὸν</span> <span class='ocrx_word' id='word_1_349' title='bbox 438 2992 607 3064; x_wconf 86' lang='grc' dir='ltr'>μέρος</span> <span class='ocrx_word' id='word_1_350' title='bbox 639 2988 732 3042; x_wconf 77' lang='grc' dir='ltr'>τοῦ</span> <span class='ocrx_word' id='word_1_351' title='bbox 759 2987 940 3040; x_wconf 88' lang='grc' dir='ltr'>δίσκου</span> <span class='ocrx_word' id='word_1_352' title='bbox 985 2985 1198 3056; x_wconf 83' lang='grc' dir='ltr'>πρῶτον</span> <span class='ocrx_word' id='word_1_353' title='bbox 1239 2982 1659 3054; x_wconf 81' lang='grc' dir='ltr'>ἀπολειπούσης,</span> <span class='ocrx_word' id='word_1_354' title='bbox 1693 2983 1779 3036; x_wconf 85' lang='grc' dir='ltr'>ἵνα</span> 
     </span>
    </p>
   </div>
   <div class='ocr_carea' id='block_1_48' title="bbox 196 3077 1778 3156">
    <p class='ocr_par' dir='ltr' id='par_1_48' title="bbox 196 3077 1778 3156">
     <span class='ocr_line' id='line_1_48' title="bbox 196 3077 1778 3156; baseline -0.004 -20"><span class='ocrx_word' id='word_1_355' title='bbox 196 3085 254 3152; x_wconf 50' lang='lat' dir='ltr'><strong>ab</strong></span> <span class='ocrx_word' id='word_1_356' title='bbox 283 3085 382 3156; x_wconf 90' lang='grc' dir='ltr'><strong>τῆς</strong></span> <span class='ocrx_word' id='word_1_357' title='bbox 415 3081 685 3151; x_wconf 83' lang='grc' dir='ltr'>ἀνατολῆς</span> <span class='ocrx_word' id='word_1_358' title='bbox 719 3078 998 3149; x_wconf 78' lang='grc' dir='ltr'>καταλάϐῃ</span> <span class='ocrx_word' id='word_1_359' title='bbox 1037 3078 1222 3149; x_wconf 86' lang='grc' dir='ltr'>μέρος,</span> <span class='ocrx_word' id='word_1_360' title='bbox 1242 3079 1417 3131; x_wconf 77' lang='grc' dir='ltr'>ἐκεῖνο</span> <span class='ocrx_word' id='word_1_361' title='bbox 1449 3077 1541 3132; x_wconf 81' lang='grc' dir='ltr'><strong>καὶ</strong></span> <span class='ocrx_word' id='word_1_362' title='bbox 1566 3077 1778 3150; x_wconf 81' lang='grc' dir='ltr'>πρῶτον</span> 
     </span>
    </p>
   </div>
   <div class='ocr_carea' id='block_1_49' title="bbox 194 3170 1778 3248">
    <p class='ocr_par' dir='ltr' id='par_1_49' title="bbox 194 3170 1778 3248">
     <span class='ocr_line' id='line_1_49' title="bbox 194 3170 1778 3248; baseline -0.007 -14"><span class='ocrx_word' id='word_1_363' title='bbox 194 3177 526 3248; x_wconf 75' lang='grc' dir='ltr'>φωτίζεσθαι</span> <span class='ocrx_word' id='word_1_364' title='bbox 555 3174 688 3244; x_wconf 70' lang='grc'><strong>(74).</strong></span> <span class='ocrx_word' id='word_1_365' title='bbox 706 3172 944 3226; x_wconf 80' lang='grc' dir='ltr'>Τοιαῦτα</span> <span class='ocrx_word' id='word_1_366' title='bbox 973 3171 1096 3224; x_wconf 87' lang='grc' dir='ltr'>τότε</span> <span class='ocrx_word' id='word_1_367' title='bbox 1129 3170 1485 3242; x_wconf 77' lang='grc' dir='ltr'>ἐτελέσθησαν</span> <span class='ocrx_word' id='word_1_368' title='bbox 1522 3170 1598 3242; x_wconf 83' lang='grc' dir='ltr'>τῷ</span> <span class='ocrx_word' id='word_1_369' title='bbox 1641 3188 1778 3224; x_wconf 89' lang='grc' dir='ltr'>παν-</span> 
     </span>
    </p>
   </div>
   <div class='ocr_carea' id='block_1_50' title="bbox 1878 1976 3460 2050">
    <p class='ocr_par' dir='ltr' id='par_1_50' title="bbox 1878 1976 3460 2050">
     <span class='ocr_line' id='line_1_50' title="bbox 1878 1976 3460 2050; baseline 0.006 -21"><span class='ocrx_word' id='word_1_370' title='bbox 1878 1976 1956 2046; x_wconf 60' lang='grc' dir='ltr'><strong>ἱιιι</strong></span> <span class='ocrx_word' id='word_1_371' title='bbox 1981 1976 2035 2030; x_wconf 88' lang='lat' dir='ltr'><strong>id</strong></span> <span class='ocrx_word' id='word_1_372' title='bbox 2084 1977 2345 2032; x_wconf 86' lang='lat' dir='ltr'><strong>horarum</strong></span> <span class='ocrx_word' id='word_1_373' title='bbox 2400 1981 2784 2050; x_wconf 86' lang='lat' dir='ltr'><strong>compendium</strong></span> <span class='ocrx_word' id='word_1_374' title='bbox 2820 1998 2924 2037; x_wconf 90' lang='lat' dir='ltr'><strong>suo</strong></span> <span class='ocrx_word' id='word_1_375' title='bbox 2973 1979 3149 2038; x_wconf 88' lang='lat' dir='ltr'><strong>reditu</strong></span> <span class='ocrx_word' id='word_1_376' title='bbox 3185 1985 3460 2039; x_wconf 79' lang='lat' dir='ltr'><strong>contraxit</strong></span> 
     </span>
    </p>
   </div>
   <div class='ocr_carea' id='block_1_51' title="bbox 1878 2068 3459 2144">
    <p class='ocr_par' dir='ltr' id='par_1_51' title="bbox 1878 2068 3459 2144">
     <span class='ocr_line' id='line_1_51' title="bbox 1878 2068 3459 2144; baseline 0.006 -22"><span class='ocrx_word' id='word_1_377' title='bbox 1878 2068 2190 2124; x_wconf 84' lang='lat' dir='ltr'><strong>universam</strong></span> <span class='ocrx_word' id='word_1_378' title='bbox 2223 2068 2371 2123; x_wconf 90' lang='lat' dir='ltr'><strong>illam</strong></span> <span class='ocrx_word' id='word_1_379' title='bbox 2421 2072 2587 2124; x_wconf 86' lang='lat' dir='ltr'><strong>annui</strong></span> <span class='ocrx_word' id='word_1_380' title='bbox 2617 2073 2877 2142; x_wconf 91' lang='lat' dir='ltr'><strong>temporis</strong></span> <span class='ocrx_word' id='word_1_381' title='bbox 2925 2074 3212 2144; x_wconf 87' lang='lat' dir='ltr'><strong>periodum</strong></span> <span class='ocrx_word' id='word_1_382' title='bbox 3244 2115 3259 2140; x_wconf 90' lang='lat'><strong>,</strong></span> <span class='ocrx_word' id='word_1_383' title='bbox 3292 2077 3459 2131; x_wconf 86' lang='lat' dir='ltr'><strong>resti-</strong></span> 
     </span>
    </p>
   </div>
   <div class='ocr_carea' id='block_1_52' title="bbox 1879 2160 3458 2239">
    <p class='ocr_par' dir='ltr' id='par_1_52' title="bbox 1879 2160 3458 2239">
     <span class='ocr_line' id='line_1_52' title="bbox 1879 2160 3458 2239; baseline 0.007 -26"><span class='ocrx_word' id='word_1_384' title='bbox 1879 2167 2040 2214; x_wconf 91' lang='lat' dir='ltr'><strong>tuens</strong></span> <span class='ocrx_word' id='word_1_385' title='bbox 2075 2175 2137 2216; x_wconf 90' lang='lat' dir='ltr'><strong>se</strong></span> <span class='ocrx_word' id='word_1_386' title='bbox 2162 2160 2236 2224; x_wconf 90' lang='lat' dir='ltr'><strong>ei,</strong></span> <span class='ocrx_word' id='word_1_387' title='bbox 2272 2161 2329 2214; x_wconf 91' lang='lat' dir='ltr'><strong>in</strong></span> <span class='ocrx_word' id='word_1_388' title='bbox 2358 2163 2590 2225; x_wconf 85' lang='lat' dir='ltr'><strong>oriente,</strong></span> <span class='ocrx_word' id='word_1_389' title='bbox 2615 2163 2818 2219; x_wconf 84' lang='lat' dir='ltr'><strong>Arietis</strong></span> <span class='ocrx_word' id='word_1_390' title='bbox 2848 2165 3027 2237; x_wconf 90' lang='lat' dir='ltr'><strong>signo,</strong></span> <span class='ocrx_word' id='word_1_391' title='bbox 3076 2182 3105 2219; x_wconf 91' lang='lat' dir='ltr'><strong>a</strong></span> <span class='ocrx_word' id='word_1_392' title='bbox 3133 2183 3244 2236; x_wconf 93' lang='lat' dir='ltr'><strong>quo</strong></span> <span class='ocrx_word' id='word_1_393' title='bbox 3267 2168 3458 2239; x_wconf 87' lang='lat' dir='ltr'><strong>utique</strong></span> 
     </span>
    </p>
   </div>
   <div class='ocr_carea' id='block_1_53' title="bbox 1879 2250 3458 2324">
    <p class='ocr_par' dir='ltr' id='par_1_53' title="bbox 1879 2250 3458 2324">
     <span class='ocr_line' id='line_1_53' title="bbox 1879 2250 3458 2324; baseline 0.008 -21"><span class='ocrx_word' id='word_1_394' title='bbox 1879 2250 1970 2305; x_wconf 91' lang='lat' dir='ltr'><strong>illa</strong></span> <span class='ocrx_word' id='word_1_395' title='bbox 1995 2251 2185 2307; x_wconf 88' lang='lat' dir='ltr'><strong>eadem</strong></span> <span class='ocrx_word' id='word_1_396' title='bbox 2209 2252 2298 2307; x_wconf 90' lang='lat' dir='ltr'><strong>die</strong></span> <span class='ocrx_word' id='word_1_397' title='bbox 2321 2254 2557 2323; x_wconf 90' lang='lat' dir='ltr'><strong>primum</strong></span> <span class='ocrx_word' id='word_1_398' title='bbox 2601 2263 2827 2312; x_wconf 76' lang='lat' dir='ltr'><strong>exortus</strong></span> <span class='ocrx_word' id='word_1_399' title='bbox 2859 2257 3057 2312; x_wconf 82' lang='lat' dir='ltr'><strong>fuerat.</strong></span> <span class='ocrx_word' id='word_1_400' title='bbox 3087 2258 3312 2324; x_wconf 90' lang='lat' dir='ltr'><strong>Deinde,</strong></span> <span class='ocrx_word' id='word_1_401' title='bbox 3340 2262 3458 2317; x_wconf 82' lang='lat' dir='ltr'><strong>sole</strong></span> 
     </span>
    </p>
   </div>
   <div class='ocr_carea' id='block_1_54' title="bbox 1878 2343 3458 2423">
    <p class='ocr_par' dir='ltr' id='par_1_54' title="bbox 1878 2343 3458 2423">
     <span class='ocr_line' id='line_1_54' title="bbox 1878 2343 3458 2423; baseline 0.007 -27"><span class='ocrx_word' id='word_1_402' title='bbox 1878 2359 2076 2399; x_wconf 87' lang='lat' dir='ltr'><strong>rursus</strong></span> <span class='ocrx_word' id='word_1_403' title='bbox 2119 2343 2189 2399; x_wconf 92' lang='lat' dir='ltr'><strong>ab</strong></span> <span class='ocrx_word' id='word_1_404' title='bbox 2230 2345 2441 2399; x_wconf 80' lang='lat' dir='ltr'><strong>oriente</strong></span> <span class='ocrx_word' id='word_1_405' title='bbox 2488 2355 2655 2413; x_wconf 90' lang='lat' dir='ltr'><strong>moto,</strong></span> <span class='ocrx_word' id='word_1_406' title='bbox 2701 2351 2922 2418; x_wconf 89' lang='lat' dir='ltr'><strong>quando</strong></span> <span class='ocrx_word' id='word_1_407' title='bbox 2941 2351 3100 2406; x_wconf 84' lang='lat' dir='ltr'><strong>aliter</strong></span> <span class='ocrx_word' id='word_1_408' title='bbox 3137 2356 3458 2423; x_wconf 86' lang='lat' dir='ltr'><strong>neutiquam</strong></span> 
     </span>
    </p>
   </div>
   <div class='ocr_carea' id='block_1_55' title="bbox 1880 2435 3458 2514">
    <p class='ocr_par' dir='ltr' id='par_1_55' title="bbox 1880 2435 3458 2514">
     <span class='ocr_line' id='line_1_55' title="bbox 1880 2435 3458 2514; baseline 0.006 -25"><span class='ocrx_word' id='word_1_409' title='bbox 1880 2450 2124 2491; x_wconf 88' lang='lat' dir='ltr'><strong>remeare</strong></span> <span class='ocrx_word' id='word_1_410' title='bbox 2141 2437 2383 2506; x_wconf 90' lang='lat' dir='ltr'><strong>potuerit</strong></span> <span class='ocrx_word' id='word_1_411' title='bbox 2399 2435 2465 2490; x_wconf 90' lang='lat' dir='ltr'><strong>ad</strong></span> <span class='ocrx_word' id='word_1_412' title='bbox 2492 2436 2624 2492; x_wconf 76' lang='lat' dir='ltr'><strong>illud</strong></span> <span class='ocrx_word' id='word_1_413' title='bbox 2657 2440 2898 2510; x_wconf 89' lang='lat' dir='ltr'><strong>signum,</strong></span> <span class='ocrx_word' id='word_1_414' title='bbox 2919 2443 2974 2498; x_wconf 91' lang='lat' dir='ltr'><strong>in</strong></span> <span class='ocrx_word' id='word_1_415' title='bbox 2997 2459 3107 2514; x_wconf 91' lang='lat' dir='ltr'><strong>quo</strong></span> <span class='ocrx_word' id='word_1_416' title='bbox 3130 2454 3242 2499; x_wconf 94' lang='lat' dir='ltr'><strong>tum</strong></span> <span class='ocrx_word' id='word_1_417' title='bbox 3276 2443 3458 2500; x_wconf 84' lang='lat' dir='ltr'><strong>fuerat</strong></span> 
     </span>
    </p>
   </div>
   <div class='ocr_carea' id='block_1_56' title="bbox 1879 2526 3460 2609">
    <p class='ocr_par' dir='ltr' id='par_1_56' title="bbox 1879 2526 3460 2609">
     <span class='ocr_line' id='line_1_56' title="bbox 1879 2526 3460 2609; baseline 0.008 -30"><span class='ocrx_word' id='word_1_418' title='bbox 1879 2526 2099 2596; x_wconf 86' lang='lat' dir='ltr'><strong>quando</strong></span> <span class='ocrx_word' id='word_1_419' title='bbox 2119 2526 2187 2581; x_wconf 89' lang='lat' dir='ltr'><strong>ad</strong></span> <span class='ocrx_word' id='word_1_420' title='bbox 2231 2527 2476 2583; x_wconf 67' lang='lat' dir='ltr'><strong>Ezechiae</strong></span> <span class='ocrx_word' id='word_1_421' title='bbox 2522 2545 2712 2599; x_wconf 84' lang='lat' dir='ltr'><strong>preces</strong></span> <span class='ocrx_word' id='word_1_422' title='bbox 2742 2532 2958 2604; x_wconf 86' lang='lat' dir='ltr'><strong>insigne</strong></span> <span class='ocrx_word' id='word_1_423' title='bbox 2997 2537 3306 2609; x_wconf 87' lang='lat' dir='ltr'><strong>prodigium</strong></span> <span class='ocrx_word' id='word_1_424' title='bbox 3339 2538 3460 2594; x_wconf 88' lang='lat' dir='ltr'><strong>edi-</strong></span> 
     </span>
    </p>
   </div>
   <div class='ocr_carea' id='block_1_57' title="bbox 1882 2619 3458 2699">
    <p class='ocr_par' dir='ltr' id='par_1_57' title="bbox 1882 2619 3458 2699">
     <span class='ocr_line' id='line_1_57' title="bbox 1882 2619 3458 2699; baseline 0.011 -30"><span class='ocrx_word' id='word_1_425' title='bbox 1882 2623 1994 2671; x_wconf 92' lang='lat' dir='ltr'><strong>tum</strong></span> <span class='ocrx_word' id='word_1_426' title='bbox 2019 2626 2120 2684; x_wconf 86' lang='lat' dir='ltr'><strong>est,</strong></span> <span class='ocrx_word' id='word_1_427' title='bbox 2140 2619 2246 2675; x_wconf 88' lang='lat' dir='ltr'><strong>nisi</strong></span> <span class='ocrx_word' id='word_1_428' title='bbox 2274 2635 2370 2690; x_wconf 89' lang='lat' dir='ltr'><strong>per</strong></span> <span class='ocrx_word' id='word_1_429' title='bbox 2394 2620 2562 2676; x_wconf 90' lang='lat' dir='ltr'><strong>totius</strong></span> <span class='ocrx_word' id='word_1_430' title='bbox 2593 2624 2762 2679; x_wconf 86' lang='lat' dir='ltr'><strong>annui</strong></span> <span class='ocrx_word' id='word_1_431' title='bbox 2792 2628 3458 2699; x_wconf 84' lang='lat' dir='ltr'><strong>temporistrajectionem</strong></span> 
     </span>
    </p>
   </div>
   <div class='ocr_carea' id='block_1_58' title="bbox 1881 2707 3460 2786">
    <p class='ocr_par' dir='ltr' id='par_1_58' title="bbox 1881 2707 3460 2786">
     <span class='ocr_line' id='line_1_58' title="bbox 1881 2707 3460 2786; baseline 0.009 -24"><span class='ocrx_word' id='word_1_432' title='bbox 1881 2707 2045 2762; x_wconf 88' lang='lat' dir='ltr'><strong>simul</strong></span> <span class='ocrx_word' id='word_1_433' title='bbox 2068 2717 2123 2763; x_wconf 89' lang='lat' dir='ltr'><strong>et</strong></span> <span class='ocrx_word' id='word_1_434' title='bbox 2151 2709 2446 2764; x_wconf 91' lang='lat' dir='ltr'><strong>motionem</strong></span> <span class='ocrx_word' id='word_1_435' title='bbox 2476 2710 2625 2766; x_wconf 84' lang='lat' dir='ltr'><strong>illam</strong></span> <span class='ocrx_word' id='word_1_436' title='bbox 2655 2715 3118 2786; x_wconf 81' lang='lat' dir='ltr'><strong>quinquiformem</strong></span> <span class='ocrx_word' id='word_1_437' title='bbox 3142 2759 3158 2783; x_wconf 89' lang='lat'><strong>,</strong></span> <span class='ocrx_word' id='word_1_438' title='bbox 3191 2720 3245 2773; x_wconf 93' lang='lat' dir='ltr'><strong>in</strong></span> <span class='ocrx_word' id='word_1_439' title='bbox 3268 2720 3460 2777; x_wconf 88' lang='lat' dir='ltr'><strong>decem</strong></span> 
     </span>
    </p>
   </div>
   <div class='ocr_carea' id='block_1_59' title="bbox 1881 2799 3453 2879">
    <p class='ocr_par' dir='ltr' id='par_1_59' title="bbox 1881 2799 3453 2879">
     <span class='ocr_line' id='line_1_59' title="bbox 1881 2799 3453 2879; baseline 0.011 -25"><span class='ocrx_word' id='word_1_440' title='bbox 1881 2799 2079 2856; x_wconf 89' lang='lat' dir='ltr'><strong>iterum</strong></span> <span class='ocrx_word' id='word_1_441' title='bbox 2123 2801 2275 2856; x_wconf 87' lang='lat' dir='ltr'><strong>boris</strong></span> <span class='ocrx_word' id='word_1_442' title='bbox 2305 2801 2401 2857; x_wconf 91' lang='lat' dir='ltr'><strong>illo</strong></span> <span class='ocrx_word' id='word_1_443' title='bbox 2426 2817 2487 2858; x_wconf 88' lang='lat' dir='ltr'><strong>se</strong></span> <span class='ocrx_word' id='word_1_444' title='bbox 2509 2807 2714 2877; x_wconf 88' lang='lat' dir='ltr'><strong>recepit</strong></span> <span class='ocrx_word' id='word_1_445' title='bbox 2738 2825 2754 2874; x_wconf 86' lang='lat'><strong>;</strong></span> <span class='ocrx_word' id='word_1_446' title='bbox 2794 2826 2966 2879; x_wconf 86' lang='lat' dir='ltr'><strong>quare</strong></span> <span class='ocrx_word' id='word_1_447' title='bbox 2988 2812 3124 2867; x_wconf 90' lang='lat' dir='ltr'><strong>alias</strong></span> <span class='ocrx_word' id='word_1_448' title='bbox 3147 2812 3335 2869; x_wconf 90' lang='lat' dir='ltr'><strong>decem</strong></span> <span class='ocrx_word' id='word_1_449' title='bbox 3366 2831 3453 2871; x_wconf 86' lang='lat' dir='ltr'><strong>ac-</strong></span> 
     </span>
    </p>
   </div>
   <div class='ocr_carea' id='block_1_60' title="bbox 1879 2892 3460 2980">
    <p class='ocr_par' dir='ltr' id='par_1_60' title="bbox 1879 2892 3460 2980">
     <span class='ocr_line' id='line_1_60' title="bbox 1879 2892 3460 2980; baseline 0.013 -34"><span class='ocrx_word' id='word_1_450' title='bbox 1879 2893 2025 2961; x_wconf 88' lang='lat' dir='ltr'><strong>cepit</strong></span> <span class='ocrx_word' id='word_1_451' title='bbox 2049 2892 2214 2948; x_wconf 84' lang='lat' dir='ltr'><strong>horas</strong></span> <span class='ocrx_word' id='word_1_452' title='bbox 2238 2910 2338 2964; x_wconf 92' lang='lat' dir='ltr'><strong>pro</strong></span> <span class='ocrx_word' id='word_1_453' title='bbox 2367 2911 2468 2950; x_wconf 92' lang='lat' dir='ltr'><strong>suo</strong></span> <span class='ocrx_word' id='word_1_454' title='bbox 2493 2897 2586 2953; x_wconf 92' lang='lat' dir='ltr'><strong>illo</strong></span> <span class='ocrx_word' id='word_1_455' title='bbox 2616 2915 2844 2957; x_wconf 90' lang='lat' dir='ltr'><strong>recursu</strong></span> <span class='ocrx_word' id='word_1_456' title='bbox 2875 2903 2944 2958; x_wconf 88' lang='lat' dir='ltr'><strong>ab</strong></span> <span class='ocrx_word' id='word_1_457' title='bbox 2964 2904 3176 2961; x_wconf 90' lang='lat' dir='ltr'><strong>oriente</strong></span> <span class='ocrx_word' id='word_1_458' title='bbox 3211 2907 3460 2980; x_wconf 85' lang='lat' dir='ltr'><strong>adusque</strong></span> 
     </span>
    </p>
   </div>
   <div class='ocr_carea' id='block_1_61' title="bbox 1879 2983 3459 3072">
    <p class='ocr_par' dir='ltr' id='par_1_61' title="bbox 1879 2983 3459 3072">
     <span class='ocr_line' id='line_1_61' title="bbox 1879 2983 3459 3072; baseline 0.012 -34"><span class='ocrx_word' id='word_1_459' title='bbox 1879 2983 2022 3055; x_wconf 83' lang='lat' dir='ltr'><strong>signi</strong></span> <span class='ocrx_word' id='word_1_460' title='bbox 2081 2985 2260 3040; x_wconf 87' lang='lat' dir='ltr'><strong>locum</strong></span> <span class='ocrx_word' id='word_1_461' title='bbox 2289 3004 2388 3058; x_wconf 91' lang='lat' dir='ltr'><strong>pro</strong></span> <span class='ocrx_word' id='word_1_462' title='bbox 2417 2991 2795 3072; x_wconf 82' lang='lat' dir='ltr'><strong>anniversaria</strong></span> <span class='ocrx_word' id='word_1_463' title='bbox 2825 3002 2879 3050; x_wconf 92' lang='lat' dir='ltr'><strong>et</strong></span> <span class='ocrx_word' id='word_1_464' title='bbox 2904 2997 3297 3067; x_wconf 85' lang='lat' dir='ltr'><strong>quinquiformi</strong></span> <span class='ocrx_word' id='word_1_465' title='bbox 3338 3018 3459 3056; x_wconf 90' lang='lat' dir='ltr'><strong>mo-</strong></span> 
     </span>
    </p>
   </div>
   <div class='ocr_carea' id='block_1_62' title="bbox 1881 3075 3458 3159">
    <p class='ocr_par' dir='ltr' id='par_1_62' title="bbox 1881 3075 3458 3159">
     <span class='ocr_line' id='line_1_62' title="bbox 1881 3075 3458 3159; baseline 0.015 -31"><span class='ocrx_word' id='word_1_466' title='bbox 1881 3075 2051 3132; x_wconf 89' lang='lat' dir='ltr'><strong>tione.</strong></span> <span class='ocrx_word' id='word_1_467' title='bbox 2069 3075 2255 3148; x_wconf 83' lang='lat' dir='ltr'><strong>Neque</strong></span> <span class='ocrx_word' id='word_1_468' title='bbox 2282 3080 2427 3135; x_wconf 86' lang='lat' dir='ltr'><strong>enim</strong></span> <span class='ocrx_word' id='word_1_469' title='bbox 2456 3084 2625 3138; x_wconf 88' lang='lat' dir='ltr'><strong>semel</strong></span> <span class='ocrx_word' id='word_1_470' title='bbox 2656 3099 2912 3156; x_wconf 86' lang='lat' dir='ltr'><strong>egressus</strong></span> <span class='ocrx_word' id='word_1_471' title='bbox 2939 3088 3155 3159; x_wconf 87' lang='lat' dir='ltr'><strong>signum</strong></span> <span class='ocrx_word' id='word_1_472' title='bbox 3172 3091 3374 3149; x_wconf 86' lang='lat' dir='ltr'><strong>Arietis</strong></span> <span class='ocrx_word' id='word_1_473' title='bbox 3400 3096 3458 3151; x_wconf 88' lang='lat' dir='ltr'><strong>in</strong></span> 
     </span>
    </p>
   </div>
   <div class='ocr_carea' id='block_1_63' title="bbox 1881 3170 3457 3257">
    <p class='ocr_par' dir='ltr' id='par_1_63' title="bbox 1881 3170 3457 3257">
     <span class='ocr_line' id='line_1_63' title="bbox 1881 3170 3457 3257; baseline 0.012 -35"><span class='ocrx_word' id='word_1_474' title='bbox 1881 3170 2114 3235; x_wconf 88' lang='lat' dir='ltr'><strong>oriente,</strong></span> <span class='ocrx_word' id='word_1_475' title='bbox 2163 3181 2409 3242; x_wconf 84' lang='lat' dir='ltr'><strong>repetere</strong></span> <span class='ocrx_word' id='word_1_476' title='bbox 2434 3174 2566 3229; x_wconf 90' lang='lat' dir='ltr'><strong>illud</strong></span> <span class='ocrx_word' id='word_1_477' title='bbox 2607 3183 2856 3246; x_wconf 88' lang='lat' dir='ltr'><strong>poterat,</strong></span> <span class='ocrx_word' id='word_1_478' title='bbox 2887 3179 2996 3236; x_wconf 89' lang='lat' dir='ltr'><strong>nisi</strong></span> <span class='ocrx_word' id='word_1_479' title='bbox 3041 3182 3272 3239; x_wconf 91' lang='lat' dir='ltr'><strong>decursa</strong></span> <span class='ocrx_word' id='word_1_480' title='bbox 3299 3187 3457 3257; x_wconf 85' lang='lat' dir='ltr'><strong>prius</strong></span> 
     </span>
    </p>
   </div>
   <div class='ocr_carea' id='block_1_64' title="bbox 194 3255 1776 3344">
    <p class='ocr_par' dir='ltr' id='par_1_64' title="bbox 194 3262 1650 3342">
     <span class='ocr_line' id='line_1_64' title="bbox 194 3262 1650 3342; baseline -0.003 -20"><span class='ocrx_word' id='word_1_481' title='bbox 194 3271 347 3342; x_wconf 84' lang='grc' dir='ltr'>αιτίῳ</span> <span class='ocrx_word' id='word_1_482' title='bbox 383 3269 532 3341; x_wconf 83' lang='grc' dir='ltr'>μόνῳ</span> <span class='ocrx_word' id='word_1_483' title='bbox 562 3265 683 3337; x_wconf 83' lang='grc' dir='ltr'><strong>Θεῷ</strong></span> <span class='ocrx_word' id='word_1_484' title='bbox 713 3264 1102 3334; x_wconf 85' lang='grc' dir='ltr'>διαταττόμενα</span> <span class='ocrx_word' id='word_1_485' title='bbox 1131 3263 1222 3316; x_wconf 76' lang='grc' dir='ltr'>καὶ</span> <span class='ocrx_word' id='word_1_486' title='bbox 1247 3262 1650 3335; x_wconf 75' lang='grc' dir='ltr'>κυϐερνώμενα.</span> 
     </span>
    </p>
   </div>
   <div class='ocr_carea' id='block_1_65' title="bbox 1879 3255 3459 3344">
    <p class='ocr_par' dir='ltr' id='par_1_65' title="bbox 1882 3255 3459 3344">
     <span class='ocr_line' id='line_1_65' title="bbox 1882 3255 3459 3344; baseline 0.013 -31"><span class='ocrx_word' id='word_1_487' title='bbox 1882 3264 2256 3318; x_wconf 88' lang='lat' dir='ltr'><strong>anniversaria</strong></span> <span class='ocrx_word' id='word_1_488' title='bbox 2286 3266 2545 3333; x_wconf 83' lang='lat' dir='ltr'><strong>periodo:</strong></span> <span class='ocrx_word' id='word_1_489' title='bbox 2587 3268 2681 3323; x_wconf 88' lang='lat' dir='ltr'><strong>sed</strong></span> <span class='ocrx_word' id='word_1_490' title='bbox 2715 3285 2894 3340; x_wconf 89' lang='lat' dir='ltr'><strong>neque</strong></span> <span class='ocrx_word' id='word_1_491' title='bbox 2913 3272 3072 3328; x_wconf 88' lang='lat' dir='ltr'><strong>aliter</strong></span> <span class='ocrx_word' id='word_1_492' title='bbox 3094 3255 3316 3344; x_wconf 76' lang='lat' dir='ltr'><strong>poterat</strong></span> <span class='ocrx_word' id='word_1_493' title='bbox 3339 3277 3459 3335; x_wconf 88' lang='lat' dir='ltr'><strong>fieri</strong></span> 
     </span>
    </p>
   </div>
   <div class='ocr_carea' id='block_1_66' title="bbox 196 3356 3461 3441">
    <p class='ocr_par' dir='ltr' id='par_1_66' title="bbox 196 3356 3461 3441">
     <span class='ocr_line' id='line_1_66' title="bbox 196 3356 3461 3441; baseline 0.002 -23"><span class='ocrx_word' id='word_1_494' title='bbox 196 3372 255 3418; x_wconf 86' lang='lat' dir='ltr'><strong>ut</strong></span> <span class='ocrx_word' id='word_1_495' title='bbox 279 3365 374 3434; x_wconf 87' lang='lat' dir='ltr'><strong>qui</strong></span> <span class='ocrx_word' id='word_1_496' title='bbox 397 3363 572 3418; x_wconf 88' lang='lat' dir='ltr'><strong>semel</strong></span> <span class='ocrx_word' id='word_1_497' title='bbox 598 3359 921 3416; x_wconf 84' lang='lat' dir='ltr'><strong>descivisset</strong></span> <span class='ocrx_word' id='word_1_498' title='bbox 951 3359 1021 3413; x_wconf 88' lang='lat' dir='ltr'><strong>ab</strong></span> <span class='ocrx_word' id='word_1_499' title='bbox 1039 3373 1104 3412; x_wconf 93' lang='lat' dir='ltr'><strong>eo</strong></span> <span class='ocrx_word' id='word_1_500' title='bbox 1134 3357 1290 3428; x_wconf 87' lang='lat' dir='ltr'><strong>signo</strong></span> <span class='ocrx_word' id='word_1_501' title='bbox 1323 3395 1339 3421; x_wconf 93' lang='lat'><strong>,</strong></span> <span class='ocrx_word' id='word_1_502' title='bbox 1364 3372 1472 3427; x_wconf 90' lang='lat' dir='ltr'><strong>quo</strong></span> <span class='ocrx_word' id='word_1_503' title='bbox 1502 3364 1615 3410; x_wconf 91' lang='lat' dir='ltr'><strong>tum</strong></span> <span class='ocrx_word' id='word_1_504' title='bbox 1661 3356 1824 3428; x_wconf 77' lang='lat'><strong>260</strong></span> <span class='ocrx_word' id='word_1_505' title='bbox 1871 3364 2008 3417; x_wconf 88' lang='lat' dir='ltr'><strong>erat.</strong></span> <span class='ocrx_word' id='word_1_506' title='bbox 2043 3357 2263 3427; x_wconf 90' lang='lat' dir='ltr'><strong>quando</strong></span> <span class='ocrx_word' id='word_1_507' title='bbox 2303 3359 2406 3413; x_wconf 90' lang='lat' dir='ltr'><strong>sub</strong></span> <span class='ocrx_word' id='word_1_508' title='bbox 2458 3358 2689 3416; x_wconf 85' lang='lat' dir='ltr'><strong>Ezecbia</strong></span> <span class='ocrx_word' id='word_1_509' title='bbox 2738 3368 2970 3438; x_wconf 86' lang='lat' dir='ltr'><strong>contigit</strong></span> <span class='ocrx_word' id='word_1_510' title='bbox 3020 3370 3258 3441; x_wconf 88' lang='lat' dir='ltr'><strong>signum,</strong></span> <span class='ocrx_word' id='word_1_511' title='bbox 3309 3372 3461 3426; x_wconf 86' lang='lat' dir='ltr'><strong>velut</strong></span> 
     </span>
    </p>
   </div>
   <div class='ocr_carea' id='block_1_67' title="bbox 196 3445 3454 3530">
    <p class='ocr_par' dir='ltr' id='par_1_67' title="bbox 196 3445 3454 3530">
     <span class='ocr_line' id='line_1_67' title="bbox 196 3445 3454 3530; baseline -0.003 -18"><span class='ocrx_word' id='word_1_512' title='bbox 196 3454 535 3526; x_wconf 82' lang='lat' dir='ltr'><strong>postliminio</strong></span> <span class='ocrx_word' id='word_1_513' title='bbox 565 3454 708 3507; x_wconf 74' lang='lat' dir='ltr'><strong>se&#39;in</strong></span> <span class='ocrx_word' id='word_1_514' title='bbox 733 3451 873 3505; x_wconf 90' lang='lat' dir='ltr'><strong>idem</strong></span> <span class='ocrx_word' id='word_1_515' title='bbox 905 3449 1319 3518; x_wconf 86' lang='lat' dir='ltr'><strong>redintegrarct,</strong></span> <span class='ocrx_word' id='word_1_516' title='bbox 1373 3447 1477 3502; x_wconf 90' lang='lat' dir='ltr'><strong>nisi</strong></span> <span class='ocrx_word' id='word_1_517' title='bbox 1498 3447 1803 3501; x_wconf 88' lang='lat' dir='ltr'><strong>intercessu</strong></span> <span class='ocrx_word' id='word_1_518' title='bbox 1844 3445 2068 3512; x_wconf 73' lang='lat' dir='ltr'><strong>alterius</strong></span> <span class='ocrx_word' id='word_1_519' title='bbox 2099 3448 2492 3504; x_wconf 66' lang='lat' dir='ltr'><strong>anniversaria:</strong></span> <span class='ocrx_word' id='word_1_520' title='bbox 2529 3455 2955 3522; x_wconf 88' lang='lat' dir='ltr'><strong>progressionis.</strong></span> <span class='ocrx_word' id='word_1_521' title='bbox 2982 3455 3278 3530; x_wconf 72' lang='lat' dir='ltr'><strong>Propterea</strong></span> <span class='ocrx_word' id='word_1_522' title='bbox 3331 3463 3406 3516; x_wconf 53' lang='lat' dir='ltr'><strong>ait</strong></span> <span class='ocrx_word' id='word_1_523' title='bbox 3440 3483 3454 3518; x_wconf 66' lang='grc' dir='ltr'>ε</span> 
     </span>
    </p>
   </div>
   <div class='ocr_carea' id='block_1_68' title="bbox 195 3539 3460 3619">
    <p class='ocr_par' dir='ltr' id='par_1_68' title="bbox 195 3539 3460 3619">
     <span class='ocr_line' id='line_1_68' title="bbox 195 3539 3460 3619; baseline 0.003 -18"><span class='ocrx_word' id='word_1_524' title='bbox 195 3548 370 3616; x_wconf 80' lang='lat' dir='ltr'><strong>Quam</strong></span> <span class='ocrx_word' id='word_1_525' title='bbox 404 3543 842 3601; x_wconf 82' lang='lat' dir='ltr'><strong>anniversariam</strong></span> <span class='ocrx_word' id='word_1_526' title='bbox 881 3541 1177 3595; x_wconf 92' lang='lat' dir='ltr'><strong>motionem</strong></span> <span class='ocrx_word' id='word_1_527' title='bbox 1223 3540 1366 3594; x_wconf 86' lang='lat' dir='ltr'><strong>intra</strong></span> <span class='ocrx_word' id='word_1_528' title='bbox 1422 3539 1587 3594; x_wconf 88' lang='lat' dir='ltr'><strong>horas</strong></span> <span class='ocrx_word' id='word_1_529' title='bbox 1642 3540 1827 3594; x_wconf 83' lang='lat' dir='ltr'><strong>decem</strong></span> <span class='ocrx_word' id='word_1_530' title='bbox 1862 3555 1962 3595; x_wconf 90' lang='lat' dir='ltr'><strong>suo</strong></span> <span class='ocrx_word' id='word_1_531' title='bbox 1984 3539 2162 3595; x_wconf 87' lang='lat' dir='ltr'><strong>reditu</strong></span> <span class='ocrx_word' id='word_1_532' title='bbox 2191 3544 2465 3598; x_wconf 83' lang='lat' dir='ltr'><strong>contraxit</strong></span> <span class='ocrx_word' id='word_1_533' title='bbox 2490 3561 2519 3598; x_wconf 93' lang='lat' dir='ltr'><strong>a</strong></span> <span class='ocrx_word' id='word_1_534' title='bbox 2544 3545 2664 3600; x_wconf 92' lang='lat' dir='ltr'><strong>loco</strong></span> <span class='ocrx_word' id='word_1_535' title='bbox 2688 3546 2742 3601; x_wconf 91' lang='lat' dir='ltr'><strong>in</strong></span> <span class='ocrx_word' id='word_1_536' title='bbox 2775 3565 2885 3619; x_wconf 89' lang='lat' dir='ltr'><strong>quo</strong></span> <span class='ocrx_word' id='word_1_537' title='bbox 2909 3551 3180 3608; x_wconf 90' lang='lat' dir='ltr'><strong>indultum</strong></span> <span class='ocrx_word' id='word_1_538' title='bbox 3219 3563 3304 3611; x_wconf 89' lang='lat' dir='ltr'><strong>est</strong></span> <span class='ocrx_word' id='word_1_539' title='bbox 3326 3555 3460 3613; x_wconf 85' lang='lat' dir='ltr'><strong>Eze-</strong></span> 
     </span>
    </p>
   </div>
   <div class='ocr_carea' id='block_1_69' title="bbox 192 3635 3461 3715">
    <p class='ocr_par' dir='ltr' id='par_1_69' title="bbox 192 3635 3461 3715">
     <span class='ocr_line' id='line_1_69' title="bbox 192 3635 3461 3715; baseline 0.002 -15"><span class='ocrx_word' id='word_1_540' title='bbox 192 3647 330 3700; x_wconf 70' lang='lat' dir='ltr'><strong>ch‘ize</strong></span> <span class='ocrx_word' id='word_1_541' title='bbox 383 3646 641 3715; x_wconf 82' lang='lat' dir='ltr'><strong>signum,</strong></span> <span class='ocrx_word' id='word_1_542' title='bbox 684 3647 898 3695; x_wconf 89' lang='lat' dir='ltr'><strong>emotus</strong></span> <span class='ocrx_word' id='word_1_543' title='bbox 942 3638 1023 3693; x_wconf 91' lang='lat' dir='ltr'><strong>sol</strong></span> <span class='ocrx_word' id='word_1_544' title='bbox 1078 3637 1134 3690; x_wconf 89' lang='lat' dir='ltr'><strong>in</strong></span> <span class='ocrx_word' id='word_1_545' title='bbox 1187 3637 1486 3699; x_wconf 88' lang='lat' dir='ltr'><strong>orientem,</strong></span> <span class='ocrx_word' id='word_1_546' title='bbox 1517 3635 1762 3691; x_wconf 89' lang='lat' dir='ltr'><strong>eamdem</strong></span> <span class='ocrx_word' id='word_1_547' title='bbox 1793 3650 2022 3705; x_wconf 89' lang='lat' dir='ltr'><strong>prorsus</strong></span> <span class='ocrx_word' id='word_1_548' title='bbox 2053 3638 2180 3691; x_wconf 91' lang='lat' dir='ltr'><strong>anni</strong></span> <span class='ocrx_word' id='word_1_549' title='bbox 2205 3638 2397 3710; x_wconf 85' lang='lat' dir='ltr'><strong>integri</strong></span> <span class='ocrx_word' id='word_1_550' title='bbox 2432 3639 2575 3694; x_wconf 86' lang='lat' dir='ltr'><strong>viam</strong></span> <span class='ocrx_word' id='word_1_551' title='bbox 2612 3643 2696 3696; x_wconf 92' lang='lat' dir='ltr'><strong>sol</strong></span> <span class='ocrx_word' id='word_1_552' title='bbox 2727 3640 2796 3696; x_wconf 89' lang='lat' dir='ltr'><strong>ab</strong></span> <span class='ocrx_word' id='word_1_553' title='bbox 2824 3650 2948 3698; x_wconf 87' lang='lat' dir='ltr'><strong>ortu</strong></span> <span class='ocrx_word' id='word_1_554' title='bbox 3007 3646 3076 3699; x_wconf 91' lang='lat' dir='ltr'><strong>ad</strong></span> <span class='ocrx_word' id='word_1_555' title='bbox 3129 3647 3307 3702; x_wconf 91' lang='lat' dir='ltr'><strong>locum</strong></span> <span class='ocrx_word' id='word_1_556' title='bbox 3362 3667 3461 3706; x_wconf 89' lang='lat' dir='ltr'><strong>us-</strong></span> 
     </span>
    </p>
   </div>
   <div class='ocr_carea' id='block_1_70' title="bbox 193 3728 3457 3806">
    <p class='ocr_par' dir='ltr' id='par_1_70' title="bbox 193 3728 3457 3806">
     <span class='ocr_line' id='line_1_70' title="bbox 193 3728 3457 3806; baseline 0.003 -17"><span class='ocrx_word' id='word_1_557' title='bbox 193 3743 296 3806; x_wconf 85' lang='lat' dir='ltr'><strong>qu‘e</strong></span> <span class='ocrx_word' id='word_1_558' title='bbox 337 3739 394 3791; x_wconf 85' lang='lat' dir='ltr'><strong>in</strong></span> <span class='ocrx_word' id='word_1_559' title='bbox 423 3751 535 3806; x_wconf 78' lang='lat' dir='ltr'><strong>quo</strong></span> <span class='ocrx_word' id='word_1_560' title='bbox 562 3732 862 3788; x_wconf 72' lang='lat' dir='ltr'><strong>exhibitum</strong></span> <span class='ocrx_word' id='word_1_561' title='bbox 891 3737 976 3784; x_wconf 90' lang='lat' dir='ltr'><strong>est</strong></span> <span class='ocrx_word' id='word_1_562' title='bbox 997 3729 1234 3798; x_wconf 86' lang='lat' dir='ltr'><strong>signum,</strong></span> <span class='ocrx_word' id='word_1_563' title='bbox 1268 3729 1456 3784; x_wconf 90' lang='lat' dir='ltr'><strong>decem</strong></span> <span class='ocrx_word' id='word_1_564' title='bbox 1485 3729 1606 3783; x_wconf 87' lang='lat' dir='ltr'><strong>aliis</strong></span> <span class='ocrx_word' id='word_1_565' title='bbox 1639 3728 1866 3797; x_wconf 81' lang='lat' dir='ltr'><strong>perfecit</strong></span> <span class='ocrx_word' id='word_1_566' title='bbox 1897 3729 2070 3784; x_wconf 91' lang='lat' dir='ltr'><strong>horis.</strong></span> <span class='ocrx_word' id='word_1_567' title='bbox 2119 3729 2185 3783; x_wconf 89' lang='lat' dir='ltr'><strong>Et</strong></span> <span class='ocrx_word' id='word_1_568' title='bbox 2219 3747 2351 3786; x_wconf 84' lang='lat' dir='ltr'><strong>sane</strong></span> <span class='ocrx_word' id='word_1_569' title='bbox 2403 3733 2509 3788; x_wconf 88' lang='lat' dir='ltr'><strong>hoc</strong></span> <span class='ocrx_word' id='word_1_570' title='bbox 2554 3742 2693 3799; x_wconf 90' lang='lat' dir='ltr'><strong>erat,</strong></span> <span class='ocrx_word' id='word_1_571' title='bbox 2721 3736 2868 3804; x_wconf 88' lang='lat' dir='ltr'><strong>quod</strong></span> <span class='ocrx_word' id='word_1_572' title='bbox 2923 3737 3287 3798; x_wconf 84' lang='lat' dir='ltr'><strong>admiratione</strong></span> <span class='ocrx_word' id='word_1_573' title='bbox 3335 3753 3457 3799; x_wconf 82' lang='lat' dir='ltr'><strong>stu-</strong></span> 
     </span>
    </p>
   </div>
   <div class='ocr_carea' id='block_1_71' title="bbox 196 3820 3459 3903">
    <p class='ocr_par' dir='ltr' id='par_1_71' title="bbox 196 3820 3459 3903">
     <span class='ocr_line' id='line_1_71' title="bbox 196 3820 3459 3903; baseline 0.002 -19"><span class='ocrx_word' id='word_1_574' title='bbox 196 3847 438 3902; x_wconf 82' lang='lat' dir='ltr'><strong>poreque</strong></span> <span class='ocrx_word' id='word_1_575' title='bbox 473 3824 719 3897; x_wconf 77' lang='lat' dir='ltr'><strong>implevit</strong></span> <span class='ocrx_word' id='word_1_576' title='bbox 780 3831 915 3878; x_wconf 88' lang='lat' dir='ltr'><strong>tunc</strong></span> <span class='ocrx_word' id='word_1_577' title='bbox 948 3821 1275 3892; x_wconf 77' lang='lat' dir='ltr'><strong>Babylonios</strong></span> <span class='ocrx_word' id='word_1_578' title='bbox 1304 3860 1321 3885; x_wconf 94' lang='lat'><strong>,</strong></span> <span class='ocrx_word' id='word_1_579' title='bbox 1381 3836 1576 3891; x_wconf 83' lang='lat' dir='ltr'><strong>nempe</strong></span> <span class='ocrx_word' id='word_1_580' title='bbox 1618 3822 1714 3876; x_wconf 86' lang='lat' dir='ltr'><strong>uni</strong></span> <span class='ocrx_word' id='word_1_581' title='bbox 1753 3820 2002 3877; x_wconf 82' lang='lat' dir='ltr'><strong>addictos</strong></span> <span class='ocrx_word' id='word_1_582' title='bbox 2042 3823 2347 3877; x_wconf 72' lang='lat' dir='ltr'><strong>cmlestium</strong></span> <span class='ocrx_word' id='word_1_583' title='bbox 2424 3827 2702 3896; x_wconf 88' lang='lat' dir='ltr'><strong>signorum</strong></span> <span class='ocrx_word' id='word_1_584' title='bbox 2749 3831 3223 3898; x_wconf 89' lang='lat' dir='ltr'><strong>contemplationi,</strong></span> <span class='ocrx_word' id='word_1_585' title='bbox 3280 3835 3459 3903; x_wconf 88' lang='lat' dir='ltr'><strong>deque</strong></span> 
     </span>
    </p>
   </div>
   <div class='ocr_carea' id='block_1_72' title="bbox 194 3908 3455 3992">
    <p class='ocr_par' dir='ltr' id='par_1_72' title="bbox 194 3908 3455 3992">
     <span class='ocr_line' id='line_1_72' title="bbox 194 3908 3455 3992; baseline 0.001 -14"><span class='ocrx_word' id='word_1_586' title='bbox 194 3924 363 3979; x_wconf 84' lang='lat' dir='ltr'><strong>astris</strong></span> <span class='ocrx_word' id='word_1_587' title='bbox 403 3920 577 3981; x_wconf 84' lang='lat' dir='ltr'><strong>multa</strong></span> <span class='ocrx_word' id='word_1_588' title='bbox 630 3911 985 3970; x_wconf 90' lang='lat' dir='ltr'><strong>commentari</strong></span> <span class='ocrx_word' id='word_1_589' title='bbox 1035 3911 1246 3964; x_wconf 77' lang='lat' dir='ltr'><strong>solitos.</strong></span> <span class='ocrx_word' id='word_1_590' title='bbox 1299 3909 1414 3963; x_wconf 86' lang='lat' dir='ltr'><strong>lloc</strong></span> <span class='ocrx_word' id='word_1_591' title='bbox 1456 3908 1764 3980; x_wconf 83' lang='lat' dir='ltr'><strong>prodigium</strong></span> <span class='ocrx_word' id='word_1_592' title='bbox 1797 3910 1948 3962; x_wconf 92' lang='lat' dir='ltr'><strong>nullo</strong></span> <span class='ocrx_word' id='word_1_593' title='bbox 1972 3926 2166 3980; x_wconf 73' lang='lat' dir='ltr'><strong>pugna:</strong></span> <span class='ocrx_word' id='word_1_594' title='bbox 2197 3913 2400 3980; x_wconf 62' lang='lat' dir='ltr'><strong>praevio</strong></span> <span class='ocrx_word' id='word_1_595' title='bbox 2423 3929 2726 3984; x_wconf 89' lang='lat' dir='ltr'><strong>congressu</strong></span> <span class='ocrx_word' id='word_1_596' title='bbox 2767 3917 2987 3971; x_wconf 88' lang='lat' dir='ltr'><strong>eosdem</strong></span> <span class='ocrx_word' id='word_1_597' title='bbox 3044 3921 3260 3992; x_wconf 89' lang='lat' dir='ltr'><strong>subegit</strong></span> <span class='ocrx_word' id='word_1_598' title='bbox 3315 3924 3455 3982; x_wconf 85' lang='lat' dir='ltr'><strong>Eze-</strong></span> 
     </span>
    </p>
   </div>
   <div class='ocr_carea' id='block_1_73' title="bbox 195 4002 3457 4088">
    <p class='ocr_par' dir='ltr' id='par_1_73' title="bbox 195 4002 3457 4088">
     <span class='ocr_line' id='line_1_73' title="bbox 195 4002 3457 4088; baseline 0.004 -29"><span class='ocrx_word' id='word_1_599' title='bbox 195 4017 330 4072; x_wconf 59' lang='grc' dir='ltr'><strong>ἀπίω</strong></span> <span class='ocrx_word' id='word_1_600' title='bbox 357 4015 475 4085; x_wconf 76' lang='lat' dir='ltr'><strong>regi</strong></span> <span class='ocrx_word' id='word_1_601' title='bbox 497 4009 840 4066; x_wconf 81' lang='lat' dir='ltr'><strong>Hierusalem</strong></span> <span class='ocrx_word' id='word_1_602' title='bbox 877 4005 1075 4075; x_wconf 88' lang='lat' dir='ltr'><strong>:quasi</strong></span> <span class='ocrx_word' id='word_1_603' title='bbox 1120 4003 1214 4074; x_wconf 89' lang='lat' dir='ltr'><strong>qui</strong></span> <span class='ocrx_word' id='word_1_604' title='bbox 1260 4003 1372 4058; x_wconf 90' lang='lat' dir='ltr'><strong>Deo</strong></span> <span class='ocrx_word' id='word_1_605' title='bbox 1407 4002 1642 4072; x_wconf 89' lang='lat' dir='ltr'><strong>cuipiam</strong></span> <span class='ocrx_word' id='word_1_606' title='bbox 1675 4016 1774 4072; x_wconf 89' lang='lat' dir='ltr'><strong>par</strong></span> <span class='ocrx_word' id='word_1_607' title='bbox 1799 4011 1966 4088; x_wconf 83' lang='lat' dir='ltr'><strong>esset,</strong></span> <span class='ocrx_word' id='word_1_608' title='bbox 2000 4017 2065 4057; x_wconf 89' lang='lat' dir='ltr'><strong>ac</strong></span> <span class='ocrx_word' id='word_1_609' title='bbox 2118 4003 2169 4056; x_wconf 88' lang='lat' dir='ltr'><strong>vi</strong></span> <span class='ocrx_word' id='word_1_610' title='bbox 2202 4005 2438 4074; x_wconf 90' lang='lat' dir='ltr'><strong>quadam</strong></span> <span class='ocrx_word' id='word_1_611' title='bbox 2489 4007 2812 4077; x_wconf 88' lang='lat' dir='ltr'><strong>augustiore</strong></span> <span class='ocrx_word' id='word_1_612' title='bbox 2877 4011 3137 4078; x_wconf 73' lang='lat' dir='ltr'><strong>praeditus</strong></span> <span class='ocrx_word' id='word_1_613' title='bbox 3161 4052 3176 4077; x_wconf 86' lang='lat'><strong>,</strong></span> <span class='ocrx_word' id='word_1_614' title='bbox 3229 4023 3457 4074; x_wconf 84' lang='lat' dir='ltr'><strong>caeteros</strong></span> 
     </span>
    </p>
   </div>
   <div class='ocr_carea' id='block_1_74' title="bbox 196 4098 3458 4178">
    <p class='ocr_par' dir='ltr' id='par_1_74' title="bbox 196 4098 3458 4178">
     <span class='ocr_line' id='line_1_74' title="bbox 196 4098 3458 4178; baseline -0 -14"><span class='ocrx_word' id='word_1_615' title='bbox 196 4109 429 4164; x_wconf 84' lang='lat' dir='ltr'><strong>anteiret</strong></span> <span class='ocrx_word' id='word_1_616' title='bbox 456 4103 740 4159; x_wconf 89' lang='lat' dir='ltr'><strong>mortales.</strong></span> <span class='ocrx_word' id='word_1_617' title='bbox 762 4099 874 4154; x_wconf 83' lang='lat' dir='ltr'><strong>Nec</strong></span> <span class='ocrx_word' id='word_1_618' title='bbox 897 4101 1008 4170; x_wconf 90' lang='lat' dir='ltr'><strong>jam</strong></span> <span class='ocrx_word' id='word_1_619' title='bbox 1037 4101 1194 4170; x_wconf 87' lang='lat' dir='ltr'><strong>signa</strong></span> <span class='ocrx_word' id='word_1_620' title='bbox 1217 4099 1308 4154; x_wconf 90' lang='lat' dir='ltr'><strong>illa</strong></span> <span class='ocrx_word' id='word_1_621' title='bbox 1341 4098 1581 4169; x_wconf 79' lang='lat' dir='ltr'><strong>profero,</strong></span> <span class='ocrx_word' id='word_1_622' title='bbox 1603 4099 1772 4154; x_wconf 86' lang='lat' dir='ltr'><strong>multa</strong></span> <span class='ocrx_word' id='word_1_623' title='bbox 1803 4099 1928 4154; x_wconf 91' lang='lat' dir='ltr'><strong>licet</strong></span> <span class='ocrx_word' id='word_1_624' title='bbox 1957 4099 2117 4169; x_wconf 89' lang='lat' dir='ltr'><strong>plena</strong></span> <span class='ocrx_word' id='word_1_625' title='bbox 2153 4100 2557 4166; x_wconf 86' lang='lat' dir='ltr'><strong>admirationis,</strong></span> <span class='ocrx_word' id='word_1_626' title='bbox 2606 4103 2753 4158; x_wconf 88' lang='lat' dir='ltr'><strong>edita</strong></span> <span class='ocrx_word' id='word_1_627' title='bbox 2813 4105 2871 4158; x_wconf 90' lang='lat' dir='ltr'><strong>in</strong></span> <span class='ocrx_word' id='word_1_628' title='bbox 2902 4105 3141 4178; x_wconf 65' lang='lat' dir='ltr'><strong>Egypto</strong></span> <span class='ocrx_word' id='word_1_629' title='bbox 3163 4111 3315 4178; x_wconf 93' lang='lat' dir='ltr'><strong>olim,</strong></span> <span class='ocrx_word' id='word_1_630' title='bbox 3363 4125 3458 4170; x_wconf 74' lang='lat' dir='ltr'><strong>aut</strong></span> 
     </span>
    </p>
   </div>
   <div class='ocr_carea' id='block_1_75' title="bbox 195 4194 3458 4277">
    <p class='ocr_par' dir='ltr' id='par_1_75' title="bbox 195 4194 3458 4277">
     <span class='ocr_line' id='line_1_75' title="bbox 195 4194 3458 4277; baseline 0.001 -20"><span class='ocrx_word' id='word_1_631' title='bbox 195 4205 298 4258; x_wconf 82' lang='lat' dir='ltr'><strong>alia</strong></span> <span class='ocrx_word' id='word_1_632' title='bbox 326 4200 538 4272; x_wconf 68' lang='lat' dir='ltr'><strong>qumvis</strong></span> <span class='ocrx_word' id='word_1_633' title='bbox 580 4197 706 4253; x_wconf 89' lang='lat' dir='ltr'><strong>aliis</strong></span> <span class='ocrx_word' id='word_1_634' title='bbox 734 4197 788 4250; x_wconf 89' lang='lat' dir='ltr'><strong>in</strong></span> <span class='ocrx_word' id='word_1_635' title='bbox 825 4197 960 4250; x_wconf 90' lang='lat' dir='ltr'><strong>locis</strong></span> <span class='ocrx_word' id='word_1_636' title='bbox 989 4195 1231 4250; x_wconf 79' lang='lat' dir='ltr'><strong>exhibita</strong></span> <span class='ocrx_word' id='word_1_637' title='bbox 1256 4213 1268 4248; x_wconf 92' lang='lat'><strong>:</strong></span> <span class='ocrx_word' id='word_1_638' title='bbox 1302 4209 1493 4249; x_wconf 88' lang='lat' dir='ltr'><strong>verum</strong></span> <span class='ocrx_word' id='word_1_639' title='bbox 1524 4207 1588 4248; x_wconf 88' lang='lat' dir='ltr'><strong>ea</strong></span> <span class='ocrx_word' id='word_1_640' title='bbox 1624 4208 2016 4258; x_wconf 87' lang='lat' dir='ltr'><strong>commemoro,</strong></span> <span class='ocrx_word' id='word_1_641' title='bbox 2037 4209 2156 4263; x_wconf 84' lang='lat' dir='ltr'><strong>quae</strong></span> <span class='ocrx_word' id='word_1_642' title='bbox 2183 4194 2428 4250; x_wconf 90' lang='lat' dir='ltr'><strong>auditum</strong></span> <span class='ocrx_word' id='word_1_643' title='bbox 2463 4207 2546 4251; x_wconf 85' lang='lat' dir='ltr'><strong>est</strong></span> <span class='ocrx_word' id='word_1_644' title='bbox 2574 4198 2626 4250; x_wconf 93' lang='lat' dir='ltr'><strong>in</strong></span> <span class='ocrx_word' id='word_1_645' title='bbox 2658 4197 2799 4251; x_wconf 61' lang='lat' dir='ltr'><strong>caelo</strong></span> <span class='ocrx_word' id='word_1_646' title='bbox 2825 4198 2930 4253; x_wconf 90' lang='lat' dir='ltr'><strong>isto</strong></span> <span class='ocrx_word' id='word_1_647' title='bbox 2951 4202 3206 4260; x_wconf 90' lang='lat' dir='ltr'><strong>omnibus</strong></span> <span class='ocrx_word' id='word_1_648' title='bbox 3233 4208 3458 4277; x_wconf 83' lang='lat' dir='ltr'><strong>conspi-</strong></span> 
     </span>
    </p>
   </div>
   <div class='ocr_carea' id='block_1_76' title="bbox 195 4281 3459 4370">
    <p class='ocr_par' dir='ltr' id='par_1_76' title="bbox 195 4281 3459 4370">
     <span class='ocr_line' id='line_1_76' title="bbox 195 4281 3459 4370; baseline -0.002 -20"><span class='ocrx_word' id='word_1_649' title='bbox 195 4311 297 4350; x_wconf 90' lang='lat' dir='ltr'><strong>cuo</strong></span> <span class='ocrx_word' id='word_1_650' title='bbox 327 4292 654 4362; x_wconf 85' lang='lat' dir='ltr'><strong>contigisse,</strong></span> <span class='ocrx_word' id='word_1_651' title='bbox 683 4289 844 4358; x_wconf 84' lang='lat' dir='ltr'><strong>idque</strong></span> <span class='ocrx_word' id='word_1_652' title='bbox 874 4287 1172 4357; x_wconf 80' lang='lat' dir='ltr'><strong>praesertim</strong></span> <span class='ocrx_word' id='word_1_653' title='bbox 1204 4300 1300 4356; x_wconf 87' lang='lat' dir='ltr'><strong>per</strong></span> <span class='ocrx_word' id='word_1_654' title='bbox 1355 4285 1544 4340; x_wconf 89' lang='lat' dir='ltr'><strong>solem.</strong></span> <span class='ocrx_word' id='word_1_655' title='bbox 1593 4281 1650 4336; x_wconf 92' lang='lat' dir='ltr'><strong>Si</strong></span> <span class='ocrx_word' id='word_1_656' title='bbox 1686 4281 1818 4352; x_wconf 92' lang='lat' dir='ltr'><strong>quid</strong></span> <span class='ocrx_word' id='word_1_657' title='bbox 1866 4283 2010 4337; x_wconf 91' lang='lat' dir='ltr'><strong>enim</strong></span> <span class='ocrx_word' id='word_1_658' title='bbox 2061 4299 2214 4339; x_wconf 78' lang='lat' dir='ltr'><strong>novae</strong></span> <span class='ocrx_word' id='word_1_659' title='bbox 2253 4285 2335 4338; x_wconf 77' lang='lat' dir='ltr'><strong>rei</strong></span> <span class='ocrx_word' id='word_1_660' title='bbox 2388 4285 2490 4338; x_wconf 89' lang='lat' dir='ltr'><strong>soli</strong></span> <span class='ocrx_word' id='word_1_661' title='bbox 2553 4287 2836 4347; x_wconf 88' lang='lat' dir='ltr'><strong>obvenerit</strong></span> <span class='ocrx_word' id='word_1_662' title='bbox 2870 4335 2886 4359; x_wconf 89' lang='lat'><strong>,</strong></span> <span class='ocrx_word' id='word_1_663' title='bbox 2925 4311 3088 4351; x_wconf 91' lang='lat' dir='ltr'><strong>nemo</strong></span> <span class='ocrx_word' id='word_1_664' title='bbox 3152 4305 3241 4354; x_wconf 90' lang='lat' dir='ltr'><strong>est</strong></span> <span class='ocrx_word' id='word_1_665' title='bbox 3299 4301 3459 4370; x_wconf 77' lang='lat' dir='ltr'><strong>(mo-</strong></span> 
     </span>
    </p>
   </div>
   <div class='ocr_carea' id='block_1_77' title="bbox 190 4377 3455 4460">
    <p class='ocr_par' dir='ltr' id='par_1_77' title="bbox 190 4377 3455 4460">
     <span class='ocr_line' id='line_1_77' title="bbox 190 4377 3455 4460; baseline -0 -21"><span class='ocrx_word' id='word_1_666' title='bbox 190 4386 264 4440; x_wconf 91' lang='lat' dir='ltr'><strong>do</strong></span> <span class='ocrx_word' id='word_1_667' title='bbox 287 4385 334 4440; x_wconf 90' lang='lat' dir='ltr'><strong>is</strong></span> <span class='ocrx_word' id='word_1_668' title='bbox 361 4383 536 4440; x_wconf 89' lang='lat' dir='ltr'><strong>solem</strong></span> <span class='ocrx_word' id='word_1_669' title='bbox 585 4380 764 4450; x_wconf 88' lang='lat' dir='ltr'><strong>ipsum</strong></span> <span class='ocrx_word' id='word_1_670' title='bbox 823 4381 1257 4450; x_wconf 87' lang='lat' dir='ltr'><strong>contempletur)</strong></span> <span class='ocrx_word' id='word_1_671' title='bbox 1311 4378 1406 4449; x_wconf 92' lang='lat' dir='ltr'><strong>qui</strong></span> <span class='ocrx_word' id='word_1_672' title='bbox 1455 4394 1564 4432; x_wconf 92' lang='lat' dir='ltr'><strong>non</strong></span> <span class='ocrx_word' id='word_1_673' title='bbox 1618 4377 1752 4432; x_wconf 90' lang='lat' dir='ltr'><strong>illud</strong></span> <span class='ocrx_word' id='word_1_674' title='bbox 1803 4377 2042 4433; x_wconf 85' lang='lat' dir='ltr'><strong>dilucide</strong></span> <span class='ocrx_word' id='word_1_675' title='bbox 2105 4387 2384 4450; x_wconf 86' lang='lat' dir='ltr'><strong>agnoscat.</strong></span> <span class='ocrx_word' id='word_1_676' title='bbox 2442 4377 2597 4444; x_wconf 89' lang='lat' dir='ltr'><strong>Quod</strong></span> <span class='ocrx_word' id='word_1_677' title='bbox 2663 4383 2709 4437; x_wconf 90' lang='lat' dir='ltr'><strong>si</strong></span> <span class='ocrx_word' id='word_1_678' title='bbox 2767 4401 2836 4440; x_wconf 92' lang='lat' dir='ltr'><strong>ne</strong></span> <span class='ocrx_word' id='word_1_679' title='bbox 2890 4387 2977 4444; x_wconf 90' lang='lat' dir='ltr'><strong>bis</strong></span> <span class='ocrx_word' id='word_1_680' title='bbox 3025 4392 3247 4460; x_wconf 78' lang='lat' dir='ltr'><strong>quidem</strong></span> <span class='ocrx_word' id='word_1_681' title='bbox 3293 4395 3455 4452; x_wconf 72' lang='lat' dir='ltr'><strong>ﬁdem</strong></span> 
     </span>
    </p>
   </div>
   <div class='ocr_carea' id='block_1_78' title="bbox 194 4472 3455 4559">
    <p class='ocr_par' dir='ltr' id='par_1_78' title="bbox 194 4472 3455 4559">
     <span class='ocr_line' id='line_1_78' title="bbox 194 4472 3455 4559; baseline 0.004 -29"><span class='ocrx_word' id='word_1_682' title='bbox 194 4476 569 4531; x_wconf 86' lang='lat' dir='ltr'><strong>commodabit</strong></span> <span class='ocrx_word' id='word_1_683' title='bbox 586 4474 1012 4544; x_wconf 87' lang='lat' dir='ltr'><strong>Apollophanes,</strong></span> <span class='ocrx_word' id='word_1_684' title='bbox 1042 4475 1127 4530; x_wconf 87' lang='lat' dir='ltr'><strong>vel</strong></span> <span class='ocrx_word' id='word_1_685' title='bbox 1151 4473 1332 4530; x_wconf 84' lang='lat' dir='ltr'><strong>Persae</strong></span> <span class='ocrx_word' id='word_1_686' title='bbox 1361 4474 1466 4544; x_wconf 88' lang='lat' dir='ltr'><strong>ipsi</strong></span> <span class='ocrx_word' id='word_1_687' title='bbox 1493 4472 1808 4528; x_wconf 88' lang='lat' dir='ltr'><strong>testimonio</strong></span> <span class='ocrx_word' id='word_1_688' title='bbox 1836 4489 1959 4529; x_wconf 88' lang='lat' dir='ltr'><strong>esse</strong></span> <span class='ocrx_word' id='word_1_689' title='bbox 1996 4481 2272 4542; x_wconf 86' lang='lat' dir='ltr'><strong>poterunt,</strong></span> <span class='ocrx_word' id='word_1_690' title='bbox 2329 4475 2422 4543; x_wconf 92' lang='lat' dir='ltr'><strong>qui</strong></span> <span class='ocrx_word' id='word_1_691' title='bbox 2473 4475 2726 4531; x_wconf 81' lang='lat' dir='ltr'><strong>Mithram</strong></span> <span class='ocrx_word' id='word_1_692' title='bbox 2785 4481 3005 4551; x_wconf 89' lang='lat' dir='ltr'><strong>quidem</strong></span> <span class='ocrx_word' id='word_1_693' title='bbox 3064 4489 3234 4544; x_wconf 92' lang='lat' dir='ltr'><strong>solem</strong></span> <span class='ocrx_word' id='word_1_694' title='bbox 3275 4491 3455 4559; x_wconf 86' lang='lat' dir='ltr'><strong>ipsum</strong></span> 
     </span>
    </p>
   </div>
   <div class='ocr_carea' id='block_1_79' title="bbox 195 4569 3455 4653">
    <p class='ocr_par' dir='ltr' id='par_1_79' title="bbox 195 4569 3455 4653">
     <span class='ocr_line' id='line_1_79' title="bbox 195 4569 3455 4653; baseline 0.003 -27"><span class='ocrx_word' id='word_1_695' title='bbox 195 4581 424 4636; x_wconf 81' lang='lat' dir='ltr'><strong>vocant;</strong></span> <span class='ocrx_word' id='word_1_696' title='bbox 460 4571 568 4626; x_wconf 91' lang='lat' dir='ltr'><strong>diei</strong></span> <span class='ocrx_word' id='word_1_697' title='bbox 599 4579 782 4624; x_wconf 88' lang='lat' dir='ltr'><strong>autem</strong></span> <span class='ocrx_word' id='word_1_698' title='bbox 815 4571 959 4626; x_wconf 90' lang='lat' dir='ltr'><strong>illius</strong></span> <span class='ocrx_word' id='word_1_699' title='bbox 987 4571 1288 4625; x_wconf 86' lang='lat' dir='ltr'><strong>mirabilem</strong></span> <span class='ocrx_word' id='word_1_700' title='bbox 1321 4585 1548 4639; x_wconf 89' lang='lat' dir='ltr'><strong>prorsus</strong></span> <span class='ocrx_word' id='word_1_701' title='bbox 1576 4570 1974 4634; x_wconf 80' lang='lat' dir='ltr'><strong>extensionem,</strong></span> <span class='ocrx_word' id='word_1_702' title='bbox 2015 4585 2110 4639; x_wconf 86' lang='lat' dir='ltr'><strong>per</strong></span> <span class='ocrx_word' id='word_1_703' title='bbox 2161 4569 2302 4624; x_wconf 89' lang='lat' dir='ltr'><strong>ritus</strong></span> <span class='ocrx_word' id='word_1_704' title='bbox 2349 4586 2488 4640; x_wconf 88' lang='lat' dir='ltr'><strong>quos</strong></span> <span class='ocrx_word' id='word_1_705' title='bbox 2542 4580 2765 4644; x_wconf 86' lang='lat' dir='ltr'><strong>propter</strong></span> <span class='ocrx_word' id='word_1_706' title='bbox 2815 4577 3134 4632; x_wconf 83' lang='lat' dir='ltr'><strong>memoriam</strong></span> <span class='ocrx_word' id='word_1_707' title='bbox 3192 4581 3455 4653; x_wconf 71' lang='lat' dir='ltr'><strong>triplicati</strong></span> 
     </span>
    </p>
   </div>
   <div class='ocr_carea' id='block_1_80' title="bbox 195 4661 3456 4736">
    <p class='ocr_par' dir='ltr' id='par_1_80' title="bbox 195 4661 3456 4736">
     <span class='ocr_line' id='line_1_80' title="bbox 195 4661 3456 4736; baseline 0.002 -14"><span class='ocrx_word' id='word_1_708' title='bbox 195 4668 327 4723; x_wconf 88' lang='lat' dir='ltr'><strong>solis</strong></span> <span class='ocrx_word' id='word_1_709' title='bbox 358 4668 681 4726; x_wconf 84' lang='lat' dir='ltr'><strong>observant,</strong></span> <span class='ocrx_word' id='word_1_710' title='bbox 712 4662 1043 4732; x_wconf 76' lang='lat' dir='ltr'><strong>significant.</strong></span> <span class='ocrx_word' id='word_1_711' title='bbox 1078 4661 1183 4718; x_wconf 86' lang='lat' dir='ltr'><strong>Sed</strong></span> <span class='ocrx_word' id='word_1_712' title='bbox 1213 4670 1268 4718; x_wconf 89' lang='lat' dir='ltr'><strong>et</strong></span> <span class='ocrx_word' id='word_1_713' title='bbox 1296 4663 1399 4717; x_wconf 92' lang='lat' dir='ltr'><strong>boc</strong></span> <span class='ocrx_word' id='word_1_714' title='bbox 1427 4669 1489 4716; x_wconf 93' lang='lat' dir='ltr'><strong>ut</strong></span> <span class='ocrx_word' id='word_1_715' title='bbox 1518 4661 1739 4716; x_wconf 87' lang='lat' dir='ltr'><strong>interim</strong></span> <span class='ocrx_word' id='word_1_716' title='bbox 1783 4663 1979 4717; x_wconf 80' lang='lat' dir='ltr'><strong>donem</strong></span> <span class='ocrx_word' id='word_1_717' title='bbox 2010 4663 2129 4730; x_wconf 89' lang='lat' dir='ltr'><strong>ejus</strong></span> <span class='ocrx_word' id='word_1_718' title='bbox 2165 4661 2493 4723; x_wconf 82' lang='lat' dir='ltr'><strong>inﬁdelitati,</strong></span> <span class='ocrx_word' id='word_1_719' title='bbox 2521 4665 2652 4735; x_wconf 84' lang='lat' dir='ltr'><strong>quid</strong></span> <span class='ocrx_word' id='word_1_720' title='bbox 2708 4682 2897 4736; x_wconf 84' lang='lat' dir='ltr'><strong>speras</strong></span> <span class='ocrx_word' id='word_1_721' title='bbox 2938 4667 3210 4725; x_wconf 90' lang='lat' dir='ltr'><strong>dicturum</strong></span> <span class='ocrx_word' id='word_1_722' title='bbox 3258 4672 3326 4729; x_wconf 87' lang='lat' dir='ltr'><strong>de</strong></span> <span class='ocrx_word' id='word_1_723' title='bbox 3365 4691 3456 4730; x_wconf 92' lang='lat' dir='ltr'><strong>ce-</strong></span> 
     </span>
    </p>
   </div>
   <div class='ocr_carea' id='block_1_81' title="bbox 196 4755 3452 4836">
    <p class='ocr_par' dir='ltr' id='par_1_81' title="bbox 196 4755 3452 4836">
     <span class='ocr_line' id='line_1_81' title="bbox 196 4755 3452 4836; baseline 0.003 -24"><span class='ocrx_word' id='word_1_724' title='bbox 196 4759 327 4814; x_wconf 89' lang='lat' dir='ltr'><strong>lebri</strong></span> <span class='ocrx_word' id='word_1_725' title='bbox 355 4761 449 4813; x_wconf 91' lang='lat' dir='ltr'><strong>illo</strong></span> <span class='ocrx_word' id='word_1_726' title='bbox 475 4755 720 4825; x_wconf 86' lang='lat' dir='ltr'><strong>deliquio</strong></span> <span class='ocrx_word' id='word_1_727' title='bbox 749 4756 904 4816; x_wconf 88' lang='lat' dir='ltr'><strong>solis,</strong></span> <span class='ocrx_word' id='word_1_728' title='bbox 934 4755 1080 4827; x_wconf 86' lang='lat' dir='ltr'><strong>quod</strong></span> <span class='ocrx_word' id='word_1_729' title='bbox 1112 4756 1314 4810; x_wconf 83' lang='lat' dir='ltr'><strong>factum</strong></span> <span class='ocrx_word' id='word_1_730' title='bbox 1347 4757 1519 4811; x_wconf 84' lang='lat' dir='ltr'><strong>scitur</strong></span> <span class='ocrx_word' id='word_1_731' title='bbox 1544 4755 1773 4811; x_wconf 90' lang='lat' dir='ltr'><strong>Domino</strong></span> <span class='ocrx_word' id='word_1_732' title='bbox 1802 4771 1833 4810; x_wconf 88' lang='lat' dir='ltr'><strong>a</strong></span> <span class='ocrx_word' id='word_1_733' title='bbox 1865 4757 2092 4812; x_wconf 88' lang='lat' dir='ltr'><strong>salutari</strong></span> <span class='ocrx_word' id='word_1_734' title='bbox 2119 4773 2284 4812; x_wconf 89' lang='lat' dir='ltr'><strong>cruce</strong></span> <span class='ocrx_word' id='word_1_735' title='bbox 2316 4760 2603 4828; x_wconf 83' lang='lat' dir='ltr'><strong>pendente.</strong></span> <span class='ocrx_word' id='word_1_736' title='bbox 2638 4761 2813 4818; x_wconf 84' lang='lat' dir='ltr'><strong>Ambo</strong></span> <span class='ocrx_word' id='word_1_737' title='bbox 2857 4778 2988 4827; x_wconf 93' lang='lat' dir='ltr'><strong>nos,</strong></span> <span class='ocrx_word' id='word_1_738' title='bbox 3043 4780 3142 4836; x_wconf 84' lang='lat' dir='ltr'><strong>ego</strong></span> <span class='ocrx_word' id='word_1_739' title='bbox 3191 4769 3452 4823; x_wconf 85' lang='lat' dir='ltr'><strong>nimirum</strong></span> 
     </span>
    </p>
   </div>
   <div class='ocr_carea' id='block_1_82' title="bbox 194 4851 3454 4928">
    <p class='ocr_par' dir='ltr' id='par_1_82' title="bbox 194 4851 3454 4928">
     <span class='ocr_line' id='line_1_82' title="bbox 194 4851 3454 4928; baseline 0.002 -17"><span class='ocrx_word' id='word_1_740' title='bbox 194 4857 402 4928; x_wconf 87' lang='lat' dir='ltr'><strong>etipse,</strong></span> <span class='ocrx_word' id='word_1_741' title='bbox 431 4856 577 4926; x_wconf 90' lang='lat' dir='ltr'><strong>apud</strong></span> <span class='ocrx_word' id='word_1_742' title='bbox 604 4854 909 4923; x_wconf 79' lang='lat' dir='ltr'><strong>Heliopolin</strong></span> <span class='ocrx_word' id='word_1_743' title='bbox 952 4852 1174 4923; x_wconf 63' lang='lat' dir='ltr'><strong>Egypti</strong></span> <span class='ocrx_word' id='word_1_744' title='bbox 1226 4861 1523 4922; x_wconf 66' lang='lat' dir='ltr'><strong>prmsentes</strong></span> <span class='ocrx_word' id='word_1_745' title='bbox 1559 4852 1710 4920; x_wconf 91' lang='lat' dir='ltr'><strong>(nam</strong></span> <span class='ocrx_word' id='word_1_746' title='bbox 1770 4866 1832 4906; x_wconf 90' lang='lat' dir='ltr'><strong>ea</strong></span> <span class='ocrx_word' id='word_1_747' title='bbox 1863 4851 2160 4906; x_wconf 87' lang='lat' dir='ltr'><strong>inoleverat</strong></span> <span class='ocrx_word' id='word_1_748' title='bbox 2189 4853 2332 4922; x_wconf 88' lang='lat' dir='ltr'><strong>apud</strong></span> <span class='ocrx_word' id='word_1_749' title='bbox 2375 4851 2595 4910; x_wconf 66' lang='lat' dir='ltr'><strong>Grmcos</strong></span> <span class='ocrx_word' id='word_1_750' title='bbox 2638 4859 3013 4926; x_wconf 89' lang='lat' dir='ltr'><strong>consuetudo,</strong></span> <span class='ocrx_word' id='word_1_751' title='bbox 3071 4868 3131 4915; x_wconf 90' lang='lat' dir='ltr'><strong>ut</strong></span> <span class='ocrx_word' id='word_1_752' title='bbox 3170 4863 3454 4918; x_wconf 63' lang='lat' dir='ltr'><strong>undecun-</strong></span> 
     </span>
    </p>
   </div>
   <div class='ocr_carea' id='block_1_83' title="bbox 194 4945 3452 5025">
    <p class='ocr_par' dir='ltr' id='par_1_83' title="bbox 194 4945 3452 5025">
     <span class='ocr_line' id='line_1_83' title="bbox 194 4945 3452 5025; baseline 0.002 -21"><span class='ocrx_word' id='word_1_753' title='bbox 194 4965 300 5022; x_wconf 88' lang='lat' dir='ltr'><strong>que</strong></span> <span class='ocrx_word' id='word_1_754' title='bbox 357 4948 852 5020; x_wconf 84' lang='lat' dir='ltr'><strong>peregrinationem</strong></span> <span class='ocrx_word' id='word_1_755' title='bbox 900 4947 956 5001; x_wconf 93' lang='lat' dir='ltr'><strong>in</strong></span> <span class='ocrx_word' id='word_1_756' title='bbox 997 4945 1292 5016; x_wconf 68' lang='lat' dir='ltr'><strong>Egyptum</strong></span> <span class='ocrx_word' id='word_1_757' title='bbox 1352 4950 1704 5015; x_wconf 88' lang='lat' dir='ltr'><strong>capesserent</strong></span> <span class='ocrx_word' id='word_1_758' title='bbox 1763 4959 1932 5000; x_wconf 88' lang='lat' dir='ltr'><strong>causa</strong></span> <span class='ocrx_word' id='word_1_759' title='bbox 1972 4945 2353 5014; x_wconf 78' lang='lat' dir='ltr'><strong>perdiscendae</strong></span> <span class='ocrx_word' id='word_1_760' title='bbox 2422 4947 2827 5017; x_wconf 87' lang='lat' dir='ltr'><strong>matheseos),</strong></span> <span class='ocrx_word' id='word_1_761' title='bbox 2885 4953 3047 5008; x_wconf 86' lang='lat' dir='ltr'><strong>ambo</strong></span> <span class='ocrx_word' id='word_1_762' title='bbox 3106 4968 3238 5010; x_wconf 88' lang='lat' dir='ltr'><strong>sane</strong></span> <span class='ocrx_word' id='word_1_763' title='bbox 3285 4973 3452 5025; x_wconf 87' lang='lat' dir='ltr'><strong>quam</strong></span> 
     </span>
    </p>
   </div>
   <div class='ocr_carea' id='block_1_84' title="bbox 193 5039 3454 5110">
    <p class='ocr_par' dir='ltr' id='par_1_84' title="bbox 193 5039 3454 5110">
     <span class='ocr_line' id='line_1_84' title="bbox 193 5039 3454 5110; baseline 0.001 -12"><span class='ocrx_word' id='word_1_764' title='bbox 193 5043 385 5099; x_wconf 85' lang='lat' dir='ltr'><strong>attenti</strong></span> <span class='ocrx_word' id='word_1_765' title='bbox 416 5042 658 5097; x_wconf 86' lang='lat' dir='ltr'><strong>solarem</strong></span> <span class='ocrx_word' id='word_1_766' title='bbox 698 5039 840 5093; x_wconf 90' lang='lat' dir='ltr'><strong>hanc</strong></span> <span class='ocrx_word' id='word_1_767' title='bbox 865 5039 1096 5110; x_wconf 90' lang='lat' dir='ltr'><strong>eclipsin</strong></span> <span class='ocrx_word' id='word_1_768' title='bbox 1117 5039 1525 5109; x_wconf 76' lang='lat' dir='ltr'><strong>perspevimus,’</strong></span> <span class='ocrx_word' id='word_1_769' title='bbox 1542 5046 1598 5094; x_wconf 91' lang='lat' dir='ltr'><strong>et</strong></span> <span class='ocrx_word' id='word_1_770' title='bbox 1627 5039 1771 5110; x_wconf 93' lang='lat' dir='ltr'><strong>quod</strong></span> <span class='ocrx_word' id='word_1_771' title='bbox 1803 5041 2072 5110; x_wconf 89' lang='lat' dir='ltr'><strong>stupenda</strong></span> <span class='ocrx_word' id='word_1_772' title='bbox 2109 5041 2343 5110; x_wconf 87' lang='lat' dir='ltr'><strong>quadam</strong></span> <span class='ocrx_word' id='word_1_773' title='bbox 2371 5042 2612 5097; x_wconf 88' lang='lat' dir='ltr'><strong>novitate</strong></span> <span class='ocrx_word' id='word_1_774' title='bbox 2660 5057 2724 5096; x_wconf 88' lang='lat' dir='ltr'><strong>ac</strong></span> <span class='ocrx_word' id='word_1_775' title='bbox 2769 5050 2966 5110; x_wconf 79' lang='lat' dir='ltr'><strong>praeter</strong></span> <span class='ocrx_word' id='word_1_776' title='bbox 3006 5045 3273 5101; x_wconf 89' lang='lat' dir='ltr'><strong>rationem</strong></span> <span class='ocrx_word' id='word_1_777' title='bbox 3333 5063 3454 5101; x_wconf 83' lang='lat' dir='ltr'><strong>ma-</strong></span> 
     </span>
    </p>
   </div>
   <div class='ocr_carea' id='block_1_85' title="bbox 193 5132 3450 5204">
    <p class='ocr_par' dir='ltr' id='par_1_85' title="bbox 193 5132 3450 5204">
     <span class='ocr_line' id='line_1_85' title="bbox 193 5132 3450 5204; baseline 0.001 -14"><span class='ocrx_word' id='word_1_778' title='bbox 193 5137 544 5191; x_wconf 85' lang='lat' dir='ltr'><strong>thematicam</strong></span> <span class='ocrx_word' id='word_1_779' title='bbox 605 5132 992 5204; x_wconf 85' lang='lat' dir='ltr'><strong>contingeret,</strong></span> <span class='ocrx_word' id='word_1_780' title='bbox 1065 5132 1348 5204; x_wconf 91' lang='lat' dir='ltr'><strong>impendio</strong></span> <span class='ocrx_word' id='word_1_781' title='bbox 1425 5133 1781 5188; x_wconf 87' lang='lat' dir='ltr'><strong>mirabamur.</strong></span> <span class='ocrx_word' id='word_1_782' title='bbox 1823 5132 1980 5187; x_wconf 89' lang='lat' dir='ltr'><strong>Luna</strong></span> <span class='ocrx_word' id='word_1_783' title='bbox 2035 5136 2234 5202; x_wconf 88' lang='lat' dir='ltr'><strong>quippe</strong></span> <span class='ocrx_word' id='word_1_784' title='bbox 2280 5141 2478 5203; x_wconf 90' lang='lat' dir='ltr'><strong>quarta</strong></span> <span class='ocrx_word' id='word_1_785' title='bbox 2507 5141 2702 5188; x_wconf 91' lang='lat' dir='ltr'><strong>eratet</strong></span> <span class='ocrx_word' id='word_1_786' title='bbox 2727 5133 2940 5188; x_wconf 89' lang='lat' dir='ltr'><strong>decima</strong></span> <span class='ocrx_word' id='word_1_787' title='bbox 2969 5135 3036 5189; x_wconf 89' lang='lat' dir='ltr'><strong>ad</strong></span> <span class='ocrx_word' id='word_1_788' title='bbox 3071 5137 3241 5191; x_wconf 88' lang='lat' dir='ltr'><strong>solem</strong></span> <span class='ocrx_word' id='word_1_789' title='bbox 3277 5138 3450 5192; x_wconf 86' lang='lat' dir='ltr'><strong>relata</strong></span> 
     </span>
    </p>
   </div>
   <div class='ocr_carea' id='block_1_86' title="bbox 188 5219 3450 5297">
    <p class='ocr_par' dir='ltr' id='par_1_86' title="bbox 188 5219 3450 5297">
     <span class='ocr_line' id='line_1_86' title="bbox 188 5219 3450 5297; baseline 0.001 -19"><span class='ocrx_word' id='word_1_790' title='bbox 188 5219 337 5294; x_wconf 73' lang='lat' dir='ltr'><strong>juxta</strong></span> <span class='ocrx_word' id='word_1_791' title='bbox 368 5223 625 5281; x_wconf 89' lang='lat' dir='ltr'><strong>diametri</strong></span> <span class='ocrx_word' id='word_1_792' title='bbox 655 5223 958 5289; x_wconf 85' lang='lat' dir='ltr'><strong>rationem;</strong></span> <span class='ocrx_word' id='word_1_793' title='bbox 1008 5237 1119 5292; x_wconf 89' lang='lat' dir='ltr'><strong>quo</strong></span> <span class='ocrx_word' id='word_1_794' title='bbox 1159 5223 1378 5292; x_wconf 91' lang='lat' dir='ltr'><strong>quidem</strong></span> <span class='ocrx_word' id='word_1_795' title='bbox 1437 5233 1680 5292; x_wconf 91' lang='lat' dir='ltr'><strong>tempore</strong></span> <span class='ocrx_word' id='word_1_796' title='bbox 1748 5238 2032 5293; x_wconf 89' lang='lat' dir='ltr'><strong>nunquam</strong></span> <span class='ocrx_word' id='word_1_797' title='bbox 2093 5223 2229 5278; x_wconf 89' lang='lat' dir='ltr'><strong>alias</strong></span> <span class='ocrx_word' id='word_1_798' title='bbox 2279 5222 2507 5294; x_wconf 85' lang='lat' dir='ltr'><strong>contigit</strong></span> <span class='ocrx_word' id='word_1_799' title='bbox 2541 5225 2674 5280; x_wconf 92' lang='lat' dir='ltr'><strong>solis</strong></span> <span class='ocrx_word' id='word_1_800' title='bbox 2728 5225 2843 5280; x_wconf 86' lang='lat' dir='ltr'><strong>ﬁeri</strong></span> <span class='ocrx_word' id='word_1_801' title='bbox 2891 5225 3211 5297; x_wconf 89' lang='lat' dir='ltr'><strong>deliquium.</strong></span> <span class='ocrx_word' id='word_1_802' title='bbox 3263 5225 3450 5297; x_wconf 84' lang='lat' dir='ltr'><strong>Neque</strong></span> 
     </span>
    </p>
   </div>
   <div class='ocr_carea' id='block_1_87' title="bbox 191 5313 3451 5388">
    <p class='ocr_par' dir='ltr' id='par_1_87' title="bbox 191 5313 3451 5388">
     <span class='ocr_line' id='line_1_87' title="bbox 191 5313 3451 5388; baseline 0 -17"><span class='ocrx_word' id='word_1_803' title='bbox 191 5320 334 5372; x_wconf 86' lang='lat' dir='ltr'><strong>enim</strong></span> <span class='ocrx_word' id='word_1_804' title='bbox 366 5317 594 5388; x_wconf 86' lang='lat' dir='ltr'><strong>eclipsis</strong></span> <span class='ocrx_word' id='word_1_805' title='bbox 625 5314 822 5370; x_wconf 89' lang='lat' dir='ltr'><strong>solaris</strong></span> <span class='ocrx_word' id='word_1_806' title='bbox 844 5314 1063 5379; x_wconf 87' lang='lat' dir='ltr'><strong>accidit,</strong></span> <span class='ocrx_word' id='word_1_807' title='bbox 1110 5314 1215 5369; x_wconf 91' lang='lat' dir='ltr'><strong>nisi</strong></span> <span class='ocrx_word' id='word_1_808' title='bbox 1243 5315 1344 5369; x_wconf 90' lang='lat' dir='ltr'><strong>soli</strong></span> <span class='ocrx_word' id='word_1_809' title='bbox 1389 5315 1518 5367; x_wconf 89' lang='lat' dir='ltr'><strong>luna</strong></span> <span class='ocrx_word' id='word_1_810' title='bbox 1565 5313 1841 5378; x_wconf 89' lang='lat' dir='ltr'><strong>inciderit,</strong></span> <span class='ocrx_word' id='word_1_811' title='bbox 1873 5314 2084 5383; x_wconf 89' lang='lat' dir='ltr'><strong>subque</strong></span> <span class='ocrx_word' id='word_1_812' title='bbox 2123 5313 2292 5368; x_wconf 91' lang='lat' dir='ltr'><strong>solem</strong></span> <span class='ocrx_word' id='word_1_813' title='bbox 2327 5313 2670 5370; x_wconf 85' lang='lat' dir='ltr'><strong>intercalaris</strong></span> <span class='ocrx_word' id='word_1_814' title='bbox 2708 5325 2860 5370; x_wconf 91' lang='lat' dir='ltr'><strong>recta</strong></span> <span class='ocrx_word' id='word_1_815' title='bbox 2892 5333 3050 5372; x_wconf 91' lang='lat' dir='ltr'><strong>suum</strong></span> <span class='ocrx_word' id='word_1_816' title='bbox 3068 5324 3290 5388; x_wconf 83' lang='lat' dir='ltr'><strong>peragat</strong></span> <span class='ocrx_word' id='word_1_817' title='bbox 3318 5335 3451 5372; x_wconf 87' lang='lat' dir='ltr'><strong>cur-</strong></span> 
     </span>
    </p>
   </div>
   <div class='ocr_carea' id='block_1_88' title="bbox 191 5406 3446 5480">
    <p class='ocr_par' dir='ltr' id='par_1_88' title="bbox 191 5406 3446 5480">
     <span class='ocr_line' id='line_1_88' title="bbox 191 5406 3446 5480; baseline 0.001 -17"><span class='ocrx_word' id='word_1_818' title='bbox 191 5408 482 5466; x_wconf 77' lang='lat' dir='ltr'><strong>sum.&#39;l&#39;um</strong></span> <span class='ocrx_word' id='word_1_819' title='bbox 502 5423 636 5464; x_wconf 86' lang='lat' dir='ltr'><strong>vero</strong></span> <span class='ocrx_word' id='word_1_820' title='bbox 667 5408 974 5476; x_wconf 89' lang='lat' dir='ltr'><strong>importuna</strong></span> <span class='ocrx_word' id='word_1_821' title='bbox 1021 5414 1139 5461; x_wconf 87' lang='lat' dir='ltr'><strong>erat</strong></span> <span class='ocrx_word' id='word_1_822' title='bbox 1165 5414 1219 5461; x_wconf 86' lang='lat' dir='ltr'><strong>et</strong></span> <span class='ocrx_word' id='word_1_823' title='bbox 1249 5408 1626 5477; x_wconf 88' lang='lat' dir='ltr'><strong>intempestiva</strong></span> <span class='ocrx_word' id='word_1_824' title='bbox 1656 5406 1794 5461; x_wconf 89' lang='lat' dir='ltr'><strong>ratio</strong></span> <span class='ocrx_word' id='word_1_825' title='bbox 1847 5407 2205 5463; x_wconf 89' lang='lat' dir='ltr'><strong>interlunaris</strong></span> <span class='ocrx_word' id='word_1_826' title='bbox 2233 5407 2448 5479; x_wconf 85' lang='lat' dir='ltr'><strong>synodi.</strong></span> <span class='ocrx_word' id='word_1_827' title='bbox 2479 5407 2584 5464; x_wconf 83' lang='lat' dir='ltr'><strong>Sed</strong></span> <span class='ocrx_word' id='word_1_828' title='bbox 2615 5417 2669 5463; x_wconf 91' lang='lat' dir='ltr'><strong>et</strong></span> <span class='ocrx_word' id='word_1_829' title='bbox 2712 5409 2816 5464; x_wconf 84' lang='lat' dir='ltr'><strong>hoc</strong></span> <span class='ocrx_word' id='word_1_830' title='bbox 2844 5410 3204 5465; x_wconf 86' lang='lat' dir='ltr'><strong>admiratione</strong></span> <span class='ocrx_word' id='word_1_831' title='bbox 3233 5410 3446 5480; x_wconf 76' lang='lat' dir='ltr'><strong>dignis-</strong></span> 
     </span>
    </p>
   </div>
   <div class='ocr_carea' id='block_1_89' title="bbox 193 5501 3444 5573">
    <p class='ocr_par' dir='ltr' id='par_1_89' title="bbox 193 5501 3444 5573">
     <span class='ocr_line' id='line_1_89' title="bbox 193 5501 3444 5573; baseline -0 -15"><span class='ocrx_word' id='word_1_832' title='bbox 193 5503 408 5560; x_wconf 85' lang='lat' dir='ltr'><strong>simum.</strong></span> <span class='ocrx_word' id='word_1_833' title='bbox 438 5505 526 5559; x_wconf 93' lang='lat' dir='ltr'><strong>Ab</strong></span> <span class='ocrx_word' id='word_1_834' title='bbox 551 5503 691 5558; x_wconf 88' lang='lat' dir='ltr'><strong>hora</strong></span> <span class='ocrx_word' id='word_1_835' title='bbox 733 5501 1002 5571; x_wconf 88' lang='lat' dir='ltr'><strong>siquidem</strong></span> <span class='ocrx_word' id='word_1_836' title='bbox 1049 5509 1201 5556; x_wconf 78' lang='lat' dir='ltr'><strong>sexta</strong></span> <span class='ocrx_word' id='word_1_837' title='bbox 1253 5502 1320 5556; x_wconf 91' lang='lat' dir='ltr'><strong>ad</strong></span> <span class='ocrx_word' id='word_1_838' title='bbox 1355 5517 1554 5556; x_wconf 90' lang='lat' dir='ltr'><strong>nonam</strong></span> <span class='ocrx_word' id='word_1_839' title='bbox 1586 5517 1760 5571; x_wconf 89' lang='lat' dir='ltr'><strong>usque</strong></span> <span class='ocrx_word' id='word_1_840' title='bbox 1783 5517 1848 5556; x_wconf 88' lang='lat' dir='ltr'><strong>ea</strong></span> <span class='ocrx_word' id='word_1_841' title='bbox 1877 5501 2105 5571; x_wconf 85' lang='lat' dir='ltr'><strong>contigit</strong></span> <span class='ocrx_word' id='word_1_842' title='bbox 2151 5502 2396 5573; x_wconf 86' lang='lat' dir='ltr'><strong>eclipsis,</strong></span> <span class='ocrx_word' id='word_1_843' title='bbox 2422 5511 2476 5558; x_wconf 91' lang='lat' dir='ltr'><strong>et</strong></span> <span class='ocrx_word' id='word_1_844' title='bbox 2519 5519 2549 5557; x_wconf 90' lang='lat' dir='ltr'><strong>a</strong></span> <span class='ocrx_word' id='word_1_845' title='bbox 2582 5518 2725 5558; x_wconf 87' lang='lat' dir='ltr'><strong>nona</strong></span> <span class='ocrx_word' id='word_1_846' title='bbox 2770 5502 3013 5570; x_wconf 90' lang='lat' dir='ltr'><strong>adusque</strong></span> <span class='ocrx_word' id='word_1_847' title='bbox 3047 5515 3332 5570; x_wconf 88' lang='lat' dir='ltr'><strong>vesperam</strong></span> <span class='ocrx_word' id='word_1_848' title='bbox 3360 5518 3444 5558; x_wconf 84' lang='lat' dir='ltr'><strong>se-</strong></span> 
     </span>
    </p>
   </div>
   <div class='ocr_carea' id='block_1_90' title="bbox 191 5595 3446 5667">
    <p class='ocr_par' dir='ltr' id='par_1_90' title="bbox 191 5595 3446 5667">
     <span class='ocr_line' id='line_1_90' title="bbox 191 5595 3446 5667; baseline -0 -13"><span class='ocrx_word' id='word_1_849' title='bbox 191 5603 427 5656; x_wconf 90' lang='lat' dir='ltr'><strong>cundum</strong></span> <span class='ocrx_word' id='word_1_850' title='bbox 460 5601 791 5655; x_wconf 90' lang='lat' dir='ltr'><strong>diametrum</strong></span> <span class='ocrx_word' id='word_1_851' title='bbox 825 5597 925 5652; x_wconf 89' lang='lat' dir='ltr'><strong>soli</strong></span> <span class='ocrx_word' id='word_1_852' title='bbox 969 5597 1094 5649; x_wconf 91' lang='lat' dir='ltr'><strong>luna</strong></span> <span class='ocrx_word' id='word_1_853' title='bbox 1131 5605 1250 5651; x_wconf 88' lang='lat' dir='ltr'><strong>erat</strong></span> <span class='ocrx_word' id='word_1_854' title='bbox 1299 5595 1568 5667; x_wconf 89' lang='lat' dir='ltr'><strong>opposita.</strong></span> <span class='ocrx_word' id='word_1_855' title='bbox 1621 5595 1860 5650; x_wconf 90' lang='lat' dir='ltr'><strong>Proinde</strong></span> <span class='ocrx_word' id='word_1_856' title='bbox 1911 5597 2229 5650; x_wconf 88' lang='lat' dir='ltr'><strong>memoriam</strong></span> <span class='ocrx_word' id='word_1_857' title='bbox 2267 5598 2345 5650; x_wconf 92' lang='lat' dir='ltr'><strong>illi</strong></span> <span class='ocrx_word' id='word_1_858' title='bbox 2391 5613 2593 5654; x_wconf 84' lang='lat' dir='ltr'><strong>renova</strong></span> <span class='ocrx_word' id='word_1_859' title='bbox 2647 5598 2871 5650; x_wconf 86' lang='lat' dir='ltr'><strong>alterius</strong></span> <span class='ocrx_word' id='word_1_860' title='bbox 2925 5596 3084 5667; x_wconf 76' lang='lat'><strong>261</strong></span> <span class='ocrx_word' id='word_1_861' title='bbox 3134 5596 3446 5666; x_wconf 82' lang='lat' dir='ltr'><strong>cujuspiam</strong></span> 
     </span>
    </p>
   </div>
   <div class='ocr_carea' id='block_1_91' title="bbox 191 5687 3444 5765">
    <p class='ocr_par' dir='ltr' id='par_1_91' title="bbox 191 5687 3444 5765">
     <span class='ocr_line' id='line_1_91' title="bbox 191 5687 3444 5765; baseline -0.001 -17"><span class='ocrx_word' id='word_1_862' title='bbox 191 5696 330 5764; x_wconf 91' lang='lat' dir='ltr'><strong>quod</strong></span> <span class='ocrx_word' id='word_1_863' title='bbox 369 5711 436 5750; x_wconf 80' lang='lat' dir='ltr'><strong>ex</strong></span> <span class='ocrx_word' id='word_1_864' title='bbox 502 5689 892 5747; x_wconf 88' lang='lat' dir='ltr'><strong>astronomicis</strong></span> <span class='ocrx_word' id='word_1_865' title='bbox 948 5688 1250 5744; x_wconf 85' lang='lat' dir='ltr'><strong>canonibus</strong></span> <span class='ocrx_word' id='word_1_866' title='bbox 1284 5690 1599 5765; x_wconf 85' lang='lat' dir='ltr'><strong>necessario</strong></span> <span class='ocrx_word' id='word_1_867' title='bbox 1654 5687 2032 5758; x_wconf 87' lang='lat' dir='ltr'><strong>consequitur.</strong></span> <span class='ocrx_word' id='word_1_868' title='bbox 2081 5688 2298 5742; x_wconf 88' lang='lat' dir='ltr'><strong>Etenim</strong></span> <span class='ocrx_word' id='word_1_869' title='bbox 2350 5689 2407 5742; x_wconf 91' lang='lat' dir='ltr'><strong>in</strong></span> <span class='ocrx_word' id='word_1_870' title='bbox 2447 5689 2580 5744; x_wconf 91' lang='lat' dir='ltr'><strong>solis</strong></span> <span class='ocrx_word' id='word_1_871' title='bbox 2623 5688 2855 5756; x_wconf 86' lang='lat' dir='ltr'><strong>eclipsi,</strong></span> <span class='ocrx_word' id='word_1_872' title='bbox 2891 5704 3012 5758; x_wconf 69' lang='lat' dir='ltr'><strong>qua:</strong></span> <span class='ocrx_word' id='word_1_873' title='bbox 3063 5702 3166 5743; x_wconf 92' lang='lat' dir='ltr'><strong>suo</strong></span> <span class='ocrx_word' id='word_1_874' title='bbox 3221 5687 3444 5744; x_wconf 87' lang='lat' dir='ltr'><strong>tandem</strong></span> 
     </span>
    </p>
   </div>
   <div class='ocr_carea' id='block_1_92' title="bbox 193 5778 3447 5852">
    <p class='ocr_par' dir='ltr' id='par_1_92' title="bbox 193 5778 3447 5852">
     <span class='ocr_line' id='line_1_92' title="bbox 193 5778 3447 5852; baseline -0.002 -13"><span class='ocrx_word' id='word_1_875' title='bbox 193 5788 376 5843; x_wconf 89' lang='lat' dir='ltr'><strong>ordine</strong></span> <span class='ocrx_word' id='word_1_876' title='bbox 421 5783 719 5852; x_wconf 86' lang='lat' dir='ltr'><strong>contingit,</strong></span> <span class='ocrx_word' id='word_1_877' title='bbox 743 5796 810 5835; x_wconf 81' lang='lat' dir='ltr'><strong>ex</strong></span> <span class='ocrx_word' id='word_1_878' title='bbox 855 5781 972 5849; x_wconf 89' lang='lat' dir='ltr'><strong>ipsa</strong></span> <span class='ocrx_word' id='word_1_879' title='bbox 1031 5779 1221 5835; x_wconf 89' lang='lat' dir='ltr'><strong>eadem</strong></span> <span class='ocrx_word' id='word_1_880' title='bbox 1252 5787 1405 5850; x_wconf 90' lang='lat' dir='ltr'><strong>parte</strong></span> <span class='ocrx_word' id='word_1_881' title='bbox 1450 5779 1646 5836; x_wconf 89' lang='lat' dir='ltr'><strong>solaris</strong></span> <span class='ocrx_word' id='word_1_882' title='bbox 1690 5778 1830 5833; x_wconf 90' lang='lat' dir='ltr'><strong>disci</strong></span> <span class='ocrx_word' id='word_1_883' title='bbox 1867 5793 2096 5834; x_wconf 90' lang='lat' dir='ltr'><strong>necesse</strong></span> <span class='ocrx_word' id='word_1_884' title='bbox 2129 5789 2212 5834; x_wconf 88' lang='lat' dir='ltr'><strong>est</strong></span> <span class='ocrx_word' id='word_1_885' title='bbox 2257 5779 2375 5834; x_wconf 84' lang='lat' dir='ltr'><strong>ﬁeri</strong></span> <span class='ocrx_word' id='word_1_886' title='bbox 2404 5779 2777 5842; x_wconf 87' lang='lat' dir='ltr'><strong>incidentiam,</strong></span> <span class='ocrx_word' id='word_1_887' title='bbox 2809 5780 3162 5836; x_wconf 90' lang='lat' dir='ltr'><strong>tenebrarum</strong></span> <span class='ocrx_word' id='word_1_888' title='bbox 3197 5779 3447 5835; x_wconf 79' lang='lat' dir='ltr'><strong>videlicet</strong></span> 
     </span>
    </p>
   </div>
   <div class='ocr_carea' id='block_1_93' title="bbox 193 5873 3448 5948">
    <p class='ocr_par' dir='ltr' id='par_1_93' title="bbox 193 5873 3448 5948">
     <span class='ocr_line' id='line_1_93' title="bbox 193 5873 3448 5948; baseline -0.001 -17"><span class='ocrx_word' id='word_1_889' title='bbox 193 5879 535 5943; x_wconf 77' lang='lat' dir='ltr'><strong>eﬂ‘usionem,</strong></span> <span class='ocrx_word' id='word_1_890' title='bbox 584 5881 640 5930; x_wconf 88' lang='lat' dir='ltr'><strong>et</strong></span> <span class='ocrx_word' id='word_1_891' title='bbox 679 5890 749 5930; x_wconf 75' lang='lat' dir='ltr'><strong>ex</strong></span> <span class='ocrx_word' id='word_1_892' title='bbox 787 5875 1009 5947; x_wconf 84' lang='lat' dir='ltr'><strong>obliquo</strong></span> <span class='ocrx_word' id='word_1_893' title='bbox 1045 5877 1508 5948; x_wconf 85' lang='lat' dir='ltr'><strong>repurgationem,</strong></span> <span class='ocrx_word' id='word_1_894' title='bbox 1543 5876 1648 5930; x_wconf 90' lang='lat' dir='ltr'><strong>hoc</strong></span> <span class='ocrx_word' id='word_1_895' title='bbox 1699 5883 1782 5930; x_wconf 89' lang='lat' dir='ltr'><strong>est</strong></span> <span class='ocrx_word' id='word_1_896' title='bbox 1812 5875 2257 5930; x_wconf 88' lang='lat' dir='ltr'><strong>illustrationem.</strong></span> <span class='ocrx_word' id='word_1_897' title='bbox 2291 5873 2419 5930; x_wconf 87' lang='lat' dir='ltr'><strong>Sole</strong></span> <span class='ocrx_word' id='word_1_898' title='bbox 2472 5874 2631 5947; x_wconf 78' lang='lat' dir='ltr'><strong>enim</strong></span> <span class='ocrx_word' id='word_1_899' title='bbox 2677 5888 2898 5931; x_wconf 82' lang='lat' dir='ltr'><strong>sursum</strong></span> <span class='ocrx_word' id='word_1_900' title='bbox 2943 5877 3229 5947; x_wconf 87' lang='lat' dir='ltr'><strong>propr-ium</strong></span> <span class='ocrx_word' id='word_1_901' title='bbox 3264 5875 3448 5929; x_wconf 84' lang='lat' dir='ltr'><strong>circu-</strong></span> 
     </span>
    </p>
   </div>
  </div>
