3882 6584
467 389 574 443 ικδ
1289 387 1636 442 APPENDlX
1671 388 1771 460 .Ao
1803 386 2009 443 orem

2114 428 2126 441 .
2166 388 2465 444 DlONYSll
2498 389 2962 446 ΑΒΕΟΡΑΟΙΤᾸΞ
3616 394 3710 448 464

463 510 596 576 Ιιιιιι,
633 522 1003 582 permanente,
1069 513 1194 566 luna
1254 511 1442 566 itidem
1477 525 1638 567 suum
1689 512 1850 566 etiam
1903 512 2348 575 subtcrcurrente
2404 513 2697 581 circulum,
2747 509 3064 568 necessario
3107 507 3237 562 luna
3279 508 3555 579 praevertit
3593 511 3715 570 solis

461 619 777 670 excursum,
824 613 883 659 ut
923 620 1041 675 quae
1090 601 1356 657 minorem
1406 603 1579 656 multo
1630 603 1896 656 ambitum
1949 619 2050 659 suo
2097 611 2420 659 transcursu
2471 602 2748 658 conﬁciat.
2793 604 3040 674 Denique
3094 608 3260 662 etiam
3304 609 3348 664 si
3401 609 3564 663 ambo
3607 609 3716 664 bare

463 693 754 748 luminaria
795 697 934 750 viam
987 695 1364 767 ingrediantur
1414 697 1518 768 ipsi
1564 699 1692 768 polo
1724 697 2045 753 obversam:
2087 706 2143 752 at
2173 699 2479 755 cei-teluna
2509 714 2615 755 suo
2651 715 2888 756 excursu
2933 712 3238 760 antevertet
3285 706 3477 761 solem.
3519 706 3714 764 Conse'

461 804 637 859 quens
667 787 832 860 igitur
856 789 1020 844 fuerit
1050 806 1112 846 ea
1155 797 1311 864 parte
1352 791 1537 847 lunam
1579 793 2055 856 obtenebrescere,
2089 807 2195 862 qua
2219 792 2412 846 incidit
2461 791 2565 847 soli
2595 807 2608 843 :
2643 799 2806 863 atque
2831 794 3022 850 uthac
3053 800 3207 866 parte
3247 796 3569 853 destituitur
3613 797 3717 854 fra-

461 885 619 933 terno
649 879 872 943 lumine,
919 883 991 935 ita
1031 889 1084 937 et
1123 885 1215 940 illa
1246 896 1402 956 parte
1433 890 1684 960 Opposita
1735 903 1765 941 a
1821 887 1936 943 sole
1964 887 2087 959 ipso
2141 888 2452 944 illustratur
2483 929 2496 943 .
2529 885 2626 943 Die
2669 896 2849 944 autem
2881 889 3141 946 salutaris
3187 891 3335 946 illius
3371 893 3556 948 crucis
3591 893 3718 948 alio-

459 977 552 1047 qui
585 976 652 1030 ab
677 978 888 1033 oriente
918 995 1082 1049 quam
1130 983 1422 1039 minimum
1479 986 1782 1054 conjuncta
1815 984 1940 1049 soli,
1974 983 2343 1056 prodigiosam
2379 994 2562 1037 tamen
2619 983 2768 1037 illam
2815 983 2986 1038 edidit
3015 983 3268 1054 eclipsin.
3299 983 3594 1054 Oportebat
3625 999 3716 1038 au-

460 1077 565 1123 tem
625 1069 772 1125 illam
815 1072 870 1127 in
916 1074 1198 1145 prOprium
1242 1077 1420 1133 locum
1471 1080 1669 1134 reverti
1726 1086 1782 1132 ut
1829 1078 1966 1132 ordo
2010 1077 2088 1131 illi
2137 1077 2513 1132 connaturalis
2569 1085 2948 1133 asservaretur
2983 1095 2997 1132 :
3031 1077 3161 1150 bipc
3214 1077 3446 1146 contigit
3499 1084 3562 1130 ut
3609 1078 3715 1134 sole

458 1179 653 1222 rursus
697 1168 887 1224 relicto
933 1171 1152 1226 redierit
1192 1171 1293 1244 (ad
1345 1191 1503 1230 suum
1549 1177 1772 1246 locum).
1809 1175 1871 1229 Et
1913 1175 2029 1230 haec
2059 1174 2280 1245 quidem
2341 1175 2564 1246 eclipsis
2599 1173 2742 1230 facta
2798 1182 2906 1237 est,
2931 1171 3227 1227 obscurata
3252 1169 3408 1241 prius
3439 1176 3596 1238 parte
3629 1185 3712 1225 so-

456 1257 591 1316 laris
622 1261 762 1318 disci
821 1266 1148 1336 respiciente
1185 1270 1483 1337 orientem;
1528 1271 1725 1327 deinde
1809 1271 1939 1325 luna
1992 1279 2162 1325 totum
2211 1269 2659 1325 subtercnrrente
2721 1269 2928 1332 solem,
2985 1281 3110 1322 cum
3149 1266 3264 1336 jam
3320 1262 3584 1332 coepisset
3636 1277 3715 1316 re-

455 1355 617 1420 verti,
678 1359 1064 1422 conveniebat,
1133 1359 1251 1431 ipsa
1290 1363 1573 1418 occiduam
1630 1372 1841 1437 partem
1872 1364 2007 1420 disci
2043 1363 2219 1433 primo
2271 1363 2556 1419 deserente
2640 1369 2700 1416 ut
2763 1360 3084 1416 orientalem
3133 1363 3346 1429 partem
3403 1357 3711 1424 occuparet,

454 1451 599 1519 quod
631 1451 724 1506 illa
751 1453 980 1510 occidua
1014 1472 1141 1526 pars
1199 1458 1362 1512 etiam
1421 1459 1598 1530 primo
1630 1461 2053 1514 illuminaretur.
2090 1457 2218 1512 Haec
2272 1467 2401 1513 sunt
2446 1472 2568 1528 quae
2613 1472 2709 1527 per
2760 1451 3166 1526 providentiam
3197 1447 3295 1505 Dei
3328 1447 3504 1504 solius
3536 1460 3711 1502 rerum

453 1541 666 1613 opificis
713 1545 897 1599 omnia
957 1545 1336 1618 disponentem
1407 1555 1913 1625 moderantemque,
1983 1555 2034 1609 id
2069 1553 2334 1624 temporis
2380 1553 2622 1623 perfecta
2653 1559 2800 1608 sunt.

525 1633 682 1701 Quod
735 1637 782 1692 si
825 1639 1008 1695 minus
1051 1658 1182 1697 vera
1232 1646 1491 1716 praedico,
1523 1663 1556 1702 ο
1599 1647 2004 1718 Apollophanes

2204 1647 2277 1700 Σὺ
2311 1646 2368 1700 δὲ
2400 1646 2606 1710 λοιπὸν,
2636 1643 3048 1712 Ἀπολλόφανες,
3099 1639 3257 1710 εἴπερ
3301 1637 3402 1691 οὐκ
3450 1632 3711 1706 ἀληθεύω,

455 1725 551 1780 tibi
589 1743 685 1797 per
714 1744 800 1785 me
841 1731 1024 1787 licebit
1075 1734 1129 1788 in
1181 1747 1461 1806 posterum
1513 1754 1576 1794 ea
1630 1747 1690 1794 ut
1737 1753 2026 1809 coarguas.

456 1817 568 1888 Ego
597 1821 813 1876 interim
847 1826 1166 1881 memoriam
1199 1829 1299 1884 tibi
1335 1830 1606 1886 refricabo
1634 1829 1758 1885 facti
1784 1829 2029 1884 alterius.

454 1909 533 1964 'l‘u
569 1912 713 1966 enim
744 1915 972 1983 perinde
1004 1924 1169 1988 atque
1199 1924 1424 1978 numine
1447 1927 1704 1995 quopiam
1730 1933 1846 1978 tum
1880 1923 2035 1976 ama-

451 2011 542 2058 tus
571 2003 702 2076 (quo
729 2015 910 2060 autem
945 2023 1054 2063 non
1085 2013 1220 2068 satis
1255 2015 1414 2084 scio),
1443 2018 1715 2087 primitias
1765 2015 2031 2087 quasdam

451 2094 806 2152 divinationis
837 2097 1216 2169 depromebas,
1251 2121 1375 2160 cum
1407 2107 1474 2160 ad
1505 2124 1589 2162 me
1612 2123 1912 2162 conversus
1943 2105 2028 2159 div

450 2200 604 2242 ceres
640 2203 652 2240 :
687 2186 834 2254 Haec,
865 2205 898 2245 ο
926 2195 1184 2263 pra-clare
1207 2195 1450 2268 Dionysi.
1474 2199 1785 2253 divinarum
1818 2197 2037 2253 vicariae

449 2285 880 2348 permutationes
904 2299 1085 2339 rerum
1119 2296 1266 2344 sunt.
1322 2289 1504 2360 Ecqua
1544 2291 1762 2346 tandem
1814 2291 1904 2344 illa
1951 2299 2036 2345 est

449 2387 632 2425 rerum
668 2372 874 2426 vicaria
906 2376 1158 2441 mutatio,
1189 2395 1312 2449 quae
1359 2398 1461 2437 nos
1510 2384 1579 2438 ab
1623 2399 1812 2438 errore
1843 2382 2034 2436 tradu-

454 2465 532 2517 xit
556 2463 621 2516 ad
654 2463 960 2530 veritatem,
987 2467 1054 2522 ad
1086 2469 1260 2525 lucem
1298 2473 1661 2529 clarissimam
1711 2489 1741 2528 a
1789 2473 2032 2529 tenebris

452 2554 823 2625 transcripsit,
847 2569 877 2609 a
907 2567 1085 2614 morte
1129 2563 1339 2618 revexit
1378 2564 1445 2620 ad
1479 2567 1667 2630 vitam,
1701 2565 1938 2636 denique
1963 2567 2032 2620 ab

451 2644 839 2715 impurissimis
869 2647 1028 2706 idolis
1059 2651 1127 2705 ad
1158 2651 1251 2709 Dei
1282 2655 1495 2710 latriam
1527 2658 1742 2712 ascivit.
1779 2657 1901 2712 Haec
1932 2673 2033 2727 ego

452 2737 519 2792 ad
551 2738 729 2807 ipsum
772 2740 1070 2796 secundum
1100 2747 1345 2816 epistola:
1374 2750 1676 2814 rationem,
1721 2764 2026 2805 sermonem

2138 1738 2389 1809 ἐξέλεγχε
2411 1755 2423 1768 ·
2461 1738 2571 1806 ἐγὼ
2615 1737 2669 1790 δὲ
2702 1735 2830 1789 ἄλλο
2877 1751 2937 1788 σε
2983 1732 3281 1804 ἀναμνήσω
3305 1746 3318 1759 ·
3353 1729 3438 1782 ὅτι
3489 1727 3554 1780 σὺ
3599 1725 3711 1777 τότε

2137 1829 2324 1892 ἔνθους
2357 1828 2518 1882 οἱονεὶ
2545 1827 2885 1898 γενόμενος,
2921 1826 3022 1878 οὐκ
3071 1818 3166 1876 οἷδ’
3200 1819 3420 1884 ὁπόθεν,
3462 1816 3711 1890 μαντείας

2137 1920 2408 1992 ἀπήρχου,
2445 1917 2539 1972 καὶ
2563 1918 2745 1986 ἔλεγες
2780 1917 2916 1988 πρὸς
2949 1915 3050 1987 ἐμέ
3075 1929 3089 1944 °
3126 1913 3332 1978 Ταῦτα,
3368 1907 3414 1966 ὧ
3448 1909 3581 1965 καλὲ
3611 1911 3713 1962 Διο-

2139 2010 2310 2076 νύσιε,
2347 2011 2504 2065 θείων
2537 2008 2877 2081 πραγμάτων
2915 2004 3225 2078 μεταϐολαί.
3274 2004 3383 2057 Καὶ
3419 2001 3530 2055 ίδοὺ
3563 2002 3597 2071 ἡ
3631 2016 3711 2070 με-

2138 2103 2340 2173 ταϐολὴ
2374 2103 2557 2173 ἐκείνη
2606 2101 2905 2174 μετέθηκεν
2935 2101 3080 2172 ἡμᾶς
3113 2098 3220 2152 ἀπὸ
3261 2095 3361 2166 τῆς
3396 2093 3606 2164 πλάνης
3637 2093 3708 2154 εἰς

2135 2191 2236 2260 τὴν
2269 2189 2543 2255 ἀλήθειαν,
2578 2189 2685 2243 ἀπὸ
2715 2189 2810 2242 τοῦ
2846 2189 3070 2251 σκότους
3102 2188 3182 2251 είς
3212 2185 3274 2239 τὸ
3307 2183 3446 2255 φῶς,
3482 2184 3592 2237 ἀπὸ
3620 2180 3708 2235 τοῦ

2137 2281 2368 2336 θανάτου
2414 2284 2494 2347 είς
2537 2281 2636 2354 τὴν
2686 2280 2829 2352 ζωὴν
2853 2321 2867 2342 ,
2916 2280 3025 2335 ἀπὸ
3073 2279 3182 2332 τῶν
3215 2277 3450 2332 εἰδώλων
3497 2279 3575 2340 εἰς
3624 2276 3708 2328 τὸν

2130 2364 2302 2438 ’ὅντως
2335 2374 2486 2428 Θεόν.
2527 2374 2690 2428 Ταῦτ’
2726 2373 2836 2443 ἐγὼ
2870 2375 2988 2428 κατ’
3023 2370 3310 2442 ἐπιστολὴν
3346 2369 3421 2441 μὴ
3459 2367 3708 2440 μηκύνων

2132 2469 2224 2522 τὸν
2257 2468 2411 2537 λόγον
2447 2467 2560 2538 (ἴῦ)
2583 2479 2597 2495 ⁸
2636 2467 2700 2520 σὺ
2732 2466 2810 2532 δὲ,
2845 2459 2890 2520 ὦ
2911 2465 3019 2519 θεῖε
3053 2466 3398 2537 Πολύκαρπε.
3435 2459 3706 2534 προστίθει

2132 2560 2226 2613 καὶ
2269 2557 2341 2612 τὰ
2401 2557 2717 2629 λειπόμενα,
2753 2558 2841 2610 ἵνα
2906 2556 3182 2629 προσάξῃς
3247 2554 3485 2608 τοιοῦτον
3548 2552 3706 2624 ἄνδρα

2134 2651 2294 2721 σοφὸν
2343 2654 2422 2715 εἰς
2453 2649 2552 2722 τὴν
2602 2648 2905 2725 ύπὲρσοφον
2950 2649 3044 2704 τοῦ
3100 2645 3528 2720 Χριστιανισμοῦ
3580 2645 3705 2716 ἀλή-

2133 2744 2302 2797 θειαν.

448 2831 672 2885 minime
724 2832 1049 2900 producens.
1101 2837 1158 2894 Si
1219 2858 1326 2912 qua
1381 2842 1860 2908 desiderabuntur,
1911 2850 2018 2897 tua:
2041 2845 2200 2894 erunt
2227 2843 2436 2910 partes,
2468 2835 2722 2891 oeximie
2743 2833 3061 2908 Polycarpe,
3120 2833 3396 2904 supplere,
3445 2846 3571 2902 quae
3618 2830 3705 2884 de-

442 2931 609 2985 sunt,
661 2925 861 2994 quibus
911 2926 1088 2982 virum
1133 2931 1280 2990 hunc
1309 2951 1433 2990 cum
1465 2937 1656 3007 primis
1705 2936 2004 3006 sapientem
2034 2929 2330 2988 conciliare
2375 2929 2554 2998 possis
2612 2927 3035 2998 sapientissimae
3080 2926 3395 2983 christiana:
3430 2923 3704 3018 religionis

441 3020 672 3074 veritati.

790 3121 951 3194 262
992 3121 1056 3175 lN
1099 3118 1489 3176 EPISTOLAM
1537 3118 1668 3176 Vlll.

511 3203 887 3280 Demophilum
915 3216 1060 3268 hunc
1091 3211 1262 3268 fuisse
1305 3211 1638 3266 monachum
1694 3211 1875 3284 arguit
1911 3227 2017 3267 vox

439 3297 532 3351 illa
606 3299 971 3372 therapeutaz;
1023 3305 1071 3360 is
1130 3305 1472 3376 tyrannicum
1533 3305 1792 3375 quiddam
1867 3305 2014 3361 desi—

439 3401 636 3459 gnarat
713 3396 979 3452 adversus
1037 3397 1412 3468 presbyterum
1460 3413 1638 3452 suum.
1698 3396 1910 3452 Etenim
1962 3398 2016 3452 in

437 3481 591 3534 illum
633 3485 980 3540 consciverat
1024 3487 1334 3558 graviorem
1381 3502 1536 3557 mquo
1577 3489 2014 3557 quaerimoniam,

425 3561 582 3641 quod
616 3591 783 3629 unum
818 3577 1054 3647 aliquem
1085 3594 1115 3633 e
1147 3578 1542 3647 pmnitentibus
1586 3579 1881 3639 clementer
1921 3596 2016 3635 ex-

436 3665 694 3734 cepisset.
726 3665 896 3733 Quem
931 3668 1074 3742 enim
1121 3668 1422 3738 pmnilebat
1453 3669 1898 3734 commissorum,
1927 3671 2014 3725 in.

438 3757 601 3828 digne
630 3760 903 3829 pulsatum
928 3743 1230 3817 eliminavit
1260 3761 1482 3832 templo,
1505 3763 1881 3833 presbyterum
1916 3779 2014 3818 au-

432 3860 539 3907 tem
569 3852 766 3922 dejecit
788 3855 994 3924 gradu;
1027 3856 1144 3927 ipse
1174 3871 1302 3912 vero
1349 3855 1619 3910 l'unctioni
1650 3872 1838 3923 sacrae,
1867 3857 2010 3927 quod

431 3942 748 4017 neutiquam
798 3946 901 4011 fas,
946 3963 1167 4002 manum
1205 3949 1502 4004 admolitus
1561 3957 1646 4004 est
1699 3949 2006 4020 impudens.

429 4032 495 4087 Et
525 4033 671 4089 hunc
694 4035 858 4089 talem
875 4045 1034 4091 vocat
1077 4033 1230 4106 pater
1245 4041 1509 4107 γενναῖον,
1526 4039 1688 4093 tacita
1718 4040 1890 4095 ironia
1915 4057 2012 4113 0p-

426 4127 696 4194 probrans
716 4128 789 4181 illi
809 4129 973 4182 animi
996 4130 1422 4200 magnitudinem
1444 4149 1456 4183 :
1478 4140 1532 4186 at
1556 4132 1773 4188 interim
1797 4135 2006 4190 nullum

427 4215 494 4270 de
509 4217 709 4286 pietate
729 4217 962 4273 reddens
980 4220 1375 4276 testimonium.
1397 4219 1478 4275 Ob
1499 4223 1690 4279 oculos
1718 4223 1886 4294 igitur
1902 4225 2008 4278 im-

425 4306 620 4374 primis
650 4305 727 4361 illi
761 4310 986 4378 exponit
1013 4308 1180 4365 Mosis
1212 4311 1469 4366 eximiam
1502 4315 2004 4383 mansuetudinem,

423 4398 581 4468 cujus
609 4399 775 4456 unius
805 4401 979 4471 gratia
1009 4401 1212 4472 dignus
1250 4405 1322 4458 sit
1385 4405 1603 4460 habitus
1643 4404 1736 4462 Dei
1768 4407 2001 4463 visione.

2455 3115 2565 3168 ΕΙΣ
2626 3114 2770 3167 ΤΗΝ
2834 3113 2895 3166 H’
2959 3112 3374 3168 ΕΠΙΣΤΟΛΗΝ.

2208 3204 2265 3256 ὐ
2300 3203 2600 3275 Δημόφιλος
2635 3197 2788 3267 οὗτος
2824 3203 3055 3275 μοναχδς
3086 3199 3172 3275 ἦν,
3205 3202 3282 3266 ὡς
3315 3202 3469 3274 δηλοῖ
3497 3201 3583 3265 τὸ,
3617 3203 3696 3254 θεο

2112 3293 2409 3364 ραπευτῇ.
2471 3295 2826 3369 Τυραννήσας
2884 3295 2939 3348 δὲ
2987 3293 3126 3348 κατά
3185 3292 3281 3347 τοῦ
3332 3293 3699 3366 πρεσϐυτέρου

2120 3389 2307 3450 αὑτοῦ,
2363 3387 2396 3459 ἢ
2451 3389 2544 3441 καὶ
2593 3388 2979 3459 ἀγανακτήσας
3014 3428 3028 3451 ,
3063 3389 3146 3440 ὅτι
3204 3385 3421 3451 ὲδέξατό
3474 3404 3597 3440 τινα
3646 3389 3698 3439 ὲν

2121 3477 2380 3548 μετανοίᾳ
2439 3477 2567 3530 ὄντα
2631 3478 3083 3550 ἁμαρτημάτων,
3139 3476 3358 3544 ἐξέϐαλε
3421 3479 3696 3549 τυπτήσεις

2116 3571 2206 3623 τὸν
2245 3568 2628 3640 μετανοοῦντα,
2673 3569 2766 3623 τὸν
2797 3569 2854 3622 δὲ
2888 3567 3254 3642 πρεσϐύτερον
3317 3567 3580 3639 ὲξὼθησε,
3612 3567 3691 3621 καὶ

2115 3663 2280 3726 αύτὸς
2311 3664 2428 3726 τοῖς
2495 3663 2679 3736 ἱεροῖς,
2715 3661 2774 3714 οὐ
2811 3661 3028 3732 θεμιτὸν
3054 3657 3140 3725 ὃν,
3175 3661 3536 3732 ἐπεχείρησε*
3583 3677 3691 3728 γεν-

2117 3756 2264 3806 ναῖον
2297 3753 2353 3806 δὲ
2386 3753 2531 3823 λέγει
2565 3752 2777 3817 τοῦτον,
2817 3754 2969 3824 ἰσχὺν
3001 3754 3082 3815 είς
3112 3751 3176 3804 τὸ
3221 3751 3391 3804 κακὸν
3425 3751 3690 3814 ὀνειδίζων

2115 3845 2284 3918 αὐτῷ,
2319 3844 2432 3900 ἀλλ’
2465 3846 2566 3899 οὐκ
2616 3845 2899 3900 εὐλάϐειαν
2949 3843 3371 3916 ὲοπιμαρτυρῶνο
3410 3841 3687 3916 προτίθησι

2116 3939 2302 3992 τοίνυν
2317 3939 2418 4010 τὴν
2434 3938 2714 4001 Μωῦσέως
2729 3937 3034 4010 πραότητα,
3056 3936 3122 3988 δι’
3155 3937 3220 4006 ἢν
3254 3936 3348 3989 καὶ
3376 3936 3477 4007 τῆς
3511 3934 3682 4003 θεοφα-

2112 4031 2259 4095 νείας
2292 4027 2489 4100 ἠξίωτο
2511 4045 2527 4060 ο
2561 4028 2835 4092 ὦστε,καὶ
2866 4029 2993 4082 ὅταν
3026 4027 3254 4096 λέγωσιν
3287 4027 3452 4081 αὐτὸν
3472 4029 3528 4080 αί
3559 4027 3685 4099 Γρα-

2112 4125 2210 4192 φαὶ
2241 4125 2299 4176 ὲν
2331 4123 2699 4194 ἀγανακτήσει
2729 4121 2824 4174 τοῦ
2856 4119 2993 4174 Θεοῦ
3024 4120 3325 4189 γεγονέναι,
3360 4119 3458 4173 καὶ
3479 4123 3536 4173 ὲν
3565 4120 3682 4173 ἀπο-

2113 4217 2319 4288 στροφῇ
2354 4213 2448 4268 τοῦ
2500 4212 2792 4284 προσώπου
2827 4212 2991 4268 αὐτοῦ
3015 4253 3030 4277 ,
3066 4211 3352 4284 πρότερον,
3387 4213 3555 4284 φησι,
3589 4212 3677 4265 δει-

2111 4309 2363 4362 κνύουσιν
2381 4307 2543 4360 αὑτὸν
2559 4305 2664 4371 ἔξω
2683 4309 2962 4375 γεγονέναι
2979 4307 3079 4376 τῆς
3103 4305 3431 4378 πραότητος,
3467 4307 3561 4360 καὶ
3591 4302 3681 4358 εἷθ’

2108 4401 2252 4454 οὕτω
2285 4399 2477 4453 παθεῖν
2508 4399 2571 4453 τὸ
2604 4401 2700 4454 ἀπ’
2732 4399 2906 4468 ὅψεως
2938 4397 3190 4467 γενέσθαι
3234 4397 3332 4450 τοῦ
3364 4397 3526 4451 Θεοῦ.
3562 4399 3678 4451 Ὅτε

423 4487 608 4560 Itaque
640 4507 814 4547 sacrae
847 4491 1088 4558 Litterae,
1113 4495 1335 4564 quando
1366 4495 1511 4549 hunc
1555 4497 1836 4553 insinuant
1862 4499 2002 4552 inci-

2114 4493 2160 4547 δὲ
2193 4491 2660 4564 ἀνακηρύττουσιν
2693 4491 2855 4545 αὐτὸν
2900 4490 2963 4544 τὸ
3007 4489 3244 4564 προῦχον
3286 4491 3382 4544 καὶ
3415 4489 3679 4560 ἐξαίρετον

420 4585 572 4641 disse
613 4585 672 4640 in
709 4585 804 4641 Dei
854 4587 1322 4658 indignationem,
1350 4605 1523 4660 eoque
1577 4591 1781 4646 factum
1834 4604 1894 4648 ut
1939 4593 1995 4648 in

419 4676 710 4732 aversione
747 4676 907 4732 fuerit
949 4679 1122 4734 divini
1168 4682 1370 4749 vultus,
1399 4682 1744 4754 caedem(ait
1773 4692 1999 4741 sanctus

419 4767 601 4840 Pater)
634 4769 948 4838 exprimunt
979 4772 1157 4842 ipsum
1184 4773 1337 4845 prius
1366 4789 1425 4828 se
1453 4775 1794 4831 abalienasse
1821 4793 1850 4830 a
1881 4778 1997 4832 vir-

414 4867 534 4916 tute
582 4863 1060 4929 mansnetudinis,
1099 4865 1289 4935 sicque
1327 4865 1546 4920 demum
1597 4870 1892 4940 contigisse
1938 4879 1998 4926 ut

417 4955 631 5009 alienus
683 4954 835 5011 ﬁeret
878 4973 908 5011 a
960 4955 1052 5012 Dei
1106 4959 1379 5014 contuitu.
1416 4958 1552 5014 Cum
1585 4977 1714 5016 vero
1742 4965 1995 5019 eumdem

416 5045 808 5117 depraadicant,
823 5050 970 5119 quod
990 5053 1308 5112 praaeminet
1330 5052 1701 5125 eximiumque
1720 5063 1806 5110 est
1823 5055 1879 5111 in
1903 5055 1995 5113 Dei

413 5138 740 5200 imitatione,
776 5141 1251 5199 mansuetudinem
1276 5145 1590 5214 celebrant;
1616 5147 1780 5217 hujus
1801 5147 1996 5203 etiam-

412 5245 542 5284 num
589 5233 783 5287 merito
829 5233 939 5288 dici
993 5237 1297 5307 promeruit
1339 5236 1434 5293 Dei
1476 5237 1736 5295 famulus.
1789 5237 1894 5294 Sed
1937 5245 1992 5294 et

411 5325 634 5393 quando
663 5323 930 5381 adversus
971 5327 1152 5397 ipsum
1189 5330 1410 5398 quidem
1455 5347 1556 5401 pro
1588 5332 1826 5398 primatu
1858 5347 1992 5403 gen-

409 5416 507 5479 tis,
539 5419 804 5474 adversus
835 5426 1017 5474 autem
1047 5419 1318 5477 Aaronem
1349 5439 1449 5493 pro
1477 5426 1796 5493 pontiﬁcatu
1819 5434 1990 5480 teme-

411 5509 544 5565 rarii
596 5511 818 5580 quidam
863 5512 1324 5584 vehementerque
1378 5515 1723 5583 impudentes
1767 5517 1988 5587 conspi-

415 5610 648 5663 rassent,
666 5610 719 5656 et
744 5602 858 5671 jam
887 5609 1259 5658 conrirentur.
1311 5604 1562 5659 libertate
1597 5607 1754 5662 valde
1775 5607 1985 5676 placide

408 5693 698 5757 utebatur,
730 5700 785 5747 et
827 5692 877 5746 ei
937 5696 1220 5750 ultroneus
1260 5696 1591 5750 concedebat
1636 5700 1818 5769 populi
1865 5715 1983 5753 ma-

406 5784 833 5854 gistratum,cui
890 5784 1279 5841 decerneretur
1325 5785 1664 5856 Deijudicio.
1716 5791 1797 5843 Ad
1845 5791 1979 5856 haec,

407 5873 776 5930 innocentiam
824 5892 978 5931 suam
1027 5878 1443 5933 testatissimam
1498 5879 1757 5935 reddidit:
1792 5888 1981 5936 conte-

2104 4587 2200 4658 τῆς
2235 4585 2617 4657 θεομιμησίας,
2654 4583 3087 4656 ἀνακηρύττουσι
3118 4585 3218 4655 τὴν
3248 4580 3675 4656 πραότητα(“ῑ6)·

2105 4679 2339 4753 καὶγὰρ
2381 4679 2476 4733 καὶ
2537 4679 2626 4732 διὰ
2668 4674 2872 4746 ταύτην
2933 4675 3148 4743 λέγεται
3197 4675 3454 4746 θεράπων
3517 4672 3675 4727 Θεοῦο

2103 4773 2239 4826 ἀλλὰ
2291 4773 2385 4825 καὶ
2433 4772 2544 4838 ὅτε,
2617 4769 2756 4845 πρὸς
2810 4769 2971 4823 αὑτὸν
3021 4769 3117 4840 μὲν
3173 4767 3317 4838 ὑπὲρ
3372 4766 3673 4840 ἐθναρχίας,

2101 4867 2236 4940 πρὸς
2329 4863 2539 4940 ’Λαρὼν
2601 4864 2660 4918 δὲ
2724 4863 2865 4933 ὑπὲρ
2925 4861 3024 4933 τῆς
3069 4859 3506 4933 ἀρχιερωσύνης,
3573 4861 3670 4911 ίτα-

2102 4960 2190 5029 μοί
2239 4976 2385 5022 τινες
2448 4959 2543 5012 καὶ
2615 4957 2962 5027 ἀναίσχυντοι
3007 4952 3474 5024 ἐπισυνέστησαν,
3521 4951 3659 5022 ὲπαῤ

2098 5049 2388 5120 ῥησιάζετο
2419 5049 2536 5102 λίαν
2573 5048 2791 5121 πραέως
2827 5047 2962 5116 (77),
2998 5046 3090 5100 καὶ
3121 5043 3200 5116 τῷ
3232 5047 3313 5109 είς
3346 5044 3670 5118 προστασίαν

2095 5141 2224 5194 λαοῦ
2259 5139 2634 5212 κριθησομένῳ
2666 5137 2818 5213 παρά
2845 5137 2980 5192 Θεοῦ
3010 5137 3323 5209 παρεχώρει
3348 5139 3450 5209 τῆς
3483 5136 3667 5211 ἀρχῆς

2094 5233 2506 5306 ἐπεμαρτύρετο
2529 5233 2609 5299 δὲ,
2645 5233 2720 5296 ὡς
2753 5231 2992 5295 ἀναίτιός
3024 5233 3141 5284 ἐστι
3195 5233 3311 5295 τοῖς
3356 5229 3665 5305 ἀρχομένοις

2091 5327 2348 5380 ἁπάντων
2377 5326 2488 5379 τῶν
2521 5326 2729 5381 κακῶν.
2761 5323 3140 5394 Ἀρχομένοις
3169 5323 3225 5377 δὲ
3260 5324 3396 5394 φησι
3424 5327 3536 5388 τοῖς
3569 5320 3664 5376 ὑπὸ

2089 5417 2356 5483 ἐξουσίαν,
2377 5416 2577 5489 δηλαδὴ
2610 5417 2690 5488 τῷ
2720 5415 2854 5488 λαῷ.
2889 5417 3187 5469 Ἦπίστατο
3235 5414 3368 5490 γὰρ,
3385 5417 3468 5470 ὅτι
3501 5419 3528 5470 ὁ
3556 5417 3660 5485 6p:-

2089 5509 2195 5563 λῶν
2226 5509 2304 5581 τῷ
2337 5509 2525 5580 ἀγαθῷ
2556 5509 2697 5581 Θεῷ,
2715 5510 2922 5580 ὀφείλει
2957 5507 3368 5563 ἀποτυποῦσθαι
3401 5509 3539 5583 πρὸς
3567 5507 3659 5576 τὴν

2087 5603 2294 5656 ἐκείνου
2323 5603 2650 5675 ἀγαθότητα.
2671 5605 2735 5657 Τί
2768 5604 2823 5657 δὲ
2855 5604 2945 5658 τὸν
2978 5604 3283 5675 θεοπάτορα
3314 5603 3479 5658 Δαυῖδ
3497 5601 3657 5657 ἐποίει

2087 5696 2238 5765 φίλον
2270 5696 2390 5767 Θεῷ
2420 5697 2452 5768 ἢ
2491 5697 2564 5770 μὴ
2598 5701 2632 5770 ἡ
2665 5699 2906 5770 πραότης
2926 5715 2939 5763 ;
2962 5697 3281 5770 Θεοπάτορα
3309 5698 3366 5752 δὲ
3401 5699 3553 5753 καλεῖ
3571 5694 3651 5748 διὰ

2082 5789 2173 5842 τὸν
2201 5790 2440 5860 Χριστόν
2458 5808 2472 5821 ο
2507 5791 2643 5862 φησὶ
2675 5790 2783 5862 γὰρ
2814 5793 2843 5843 ὁ
2875 5791 3016 5854 θεῖος
3035 5790 3264 5854 Παῦλοςο
3302 5785 3652 5860 Ἀφωρισμέ-

2081 5899 2187 5947 νος
2228 5884 2315 5950 εὶς
2361 5881 2749 5953 Εὐαγγέλιον,
2785 5882 2816 5936 ὃ
2850 5882 3359 5952 προεπηγγείλατο
3390 5883 3459 5936 ἐν
3497 5882 3644 5946 Γρα-
