1941 3268
100 235 147 263 ιϐἔ

472 238 697 269 PACHYMi-IRE
717 241 962 270 PARAPBRASIS
981 244 1013 271 IN
1031 245 1104 273 EPP.
1125 246 1154 274 S.
1172 246 1333 276 DlONYSll.

1672 252 1723 279 466

99 294 161 328 pm}
190 294 295 329 ἁγίαις
311 297 376 330 περὶ
394 298 445 325 τοῦ
467 299 534 326 Ποῦ
550 301 642 327 αὐτοῦ
659 302 712 328 τοῦ
729 303 875 337 γενομένω

941 308 1017 331 stans
1032 305 1104 339 quod
1115 310 1211 334 auctor
1220 307 1377 342 neutiquam
1391 307 1472 334 fuerit
1481 316 1576 336 eorum
1588 311 1722 341 omnium,

97 340 128 384 lat
142 344 318 376 σπέρματος
334 343 422 370 Δαυὶὸ
437 345 510 371 κατὰ
525 346 632 379 σάρκα,
660 348 759 375 Λοιπὸν
769 369 776 381 ,
793 349 832 375 διὸ
853 348 887 384 ἧν

97 382 168 417 οὗτος
193 388 285 422 πρᾶος
308 388 376 424 πρὸς
399 389 461 421 τοῦς
477 391 591 427 ἐχθροὺς
614 393 661 419 καὶ
676 394 778 427 ἀγαθὸς
790 416 797 427 ,
816 382 886 422 κατὰ

97 432 141 467 τὴν
158 433 274 469 καρδίαν
291 431 360 461 εἶναι
375 434 421 461 τοῦ
437 435 505 463 Θεοῦ
523 440 713 474 μαρτυρεῖται.
731 441 827 468 Καίτοι
853 451 885 476 γε

98 478 124 504 οὒ
149 478 224 510 ξένον
245 477 281 514 ἦν
300 480 331 507 τὸ
354 479 423 508 εἷναί
446 491 506 509 τινα
530 484 598 520 πρὸς
617 485 662 512 τὸν
683 486 778 522 ἐχθρὸν
801 489 884 515 αὑτοῦ

98 524 228 559 προσηνῆ,
247 527 309 552 ἐπεὶ
325 527 371 554 καὶ
386 528 476 564 Νόμος
492 529 579 557 ἔκειτο
596 532 677 567 ἱερὸς,
696 533 743 560 καί
758 534 811 560 τῶν
836 535 882 561 τοῦ

97 569 189 605 ἐχθροῦ
199 572 357 607 ὑποζυγίων
369 577 491 609 προνοεῖν
498 585 504 590 ·
514 577 668 612 γέγραπται
680 579 735 615 γὰρ
749 581 778 607 έν
788 580 826 616 τῷ
836 581 885 608 Νό-

99 624 147 650 μῳ,
162 615 233 642 ὥστε
249 618 297 644 καὶ
316 618 346 644 τὸ
362 619 408 645 τοῦ
431 620 529 656 ἐχθροῦ
549 622 695 658 ὑποζύγιον
714 627 884 654 καταπίπτον

96 662 252 698 ἀνεγείρειν.
274 664 370 691 Ἰακὼὸ
383 662 424 699 δὲ,
438 668 485 694 καὶ
501 667 607 705 Ἰωσὴφ,
624 672 671 697 καὶ⁴
691 672 772 698 Ἀϐελ
789 673 812 708 (ὁ
835 673 883 709 μὲν

96 709 130 740 ὡς
146 709 283 743 ἄπλαστος
296 711 334 738 ὢν
348 713 395 740 καὶ
410 714 509 747 κακίας
528 716 668 753 ἐλεύθερος
677 740 684 752 ,
700 720 714 746 ὁ
728 720 755 746 δὲ
769 720 807 752 ὡς
821 722 884 754 τοὺς

95 755 241 790 ἀδελφοὺς,
255 758 300 785 ὅτε
318 760 490 796 ὑποχειρίους
508 760 580 798 εἶχεν
602 764 700 797 αὐτοὺς
712 785 719 797 ,
743 767 883 803 οἰκονόμος

95 801 128 827 ὼν
149 803 259 839 ἀπάτης
281 806 419 840 Αἰγύπτου
429 827 437 840 ,
452 809 501 835 οὐκ
517 810 684 846 ἀμυνόμενος
694 831 701 843 ,
712 812 798 840 εἰπὼν
816 801 883 850 πρὸς

94 848 197 880 αὐτούς·
208 850 264 884 Μὴι
275 852 424 885 φοϐεῖσθε·
442 854 496 881 τοῦ
510 855 565 889 γὰρ
581 857 654 884 Θεοῦ
669 858 727 892 ἐγώ
739 860 812 894 ειμι·
825 848 843 887 ὁἺ
853 860 882 887 δὲ

93 893 129 928 τῷ
149 895 256 931 ἀδελφῷ
269 897 340 923 Κάῖν
361 899 522 932 ἀνυπόπτως
542 893 778 939 συμπορευόμενος
793 905 849 941 (78)
862 909 881 942 ·)

95 939 259 986 ἀγαθοειδεῖς
274 942 517 979 ἀνακηρύττονται.
533 948 570 974 Οὐ
585 948 639 984 γὰρ
653 950 706 985 χρὴ
720 951 765 977 τὸν
779 939 880 986 ἀγαθὸν

93 984 151 1011 οὔτε
161 989 345 1021 προεπινοεῖν,
358 989 419 1016 οὔτε
435 994 592 1026 προσποιεῖν
602 994 636 1021 τὰ
646 984 718 1021 κακὰ
733 984 877 1032 (79),}ma

95 1031 158 1078 μηδὲ
175 1033 357 1066 μεταπίπτειν
374 1036 405 1063 ἐκ
425 1036 472 1063 τοῦ
486 1038 589 1072 ἀγαθοῦ
605 1040 645 1072 εἰς
659 1041 757 1068 κακίαν
772 1031 816 1069 διὰ
830 1044 879 1078 τὴν

92 1075 143 1102 τῶν
156 1077 258 1113 ἑτέρων
273 1080 382 1113 κακίαν,
398 1082 465 1109 ἀλλὰ
478 1084 576 1119 μᾶλλον
591 1085 747 1119 πλεονάζειν
760 1089 806 1115 καὶ
818 1075 878 1116 τότε

93 1122 139 1170 τὴν
150 1123 307 1160 ὰγαθότητα
317 1145 324 1158 ,
338 1126 377 1158 ὡς
393 1127 425 1154 ἂν
440 1129 583 1162 κάκείνους
600 1131 726 1169 ὲκκαλοίη
749 1134 818 1170 πρὸς
832 1136 879 1163 τὸν

90 1167 178 1202 ὅμοιον
193 1169 286 1205 ζῆλον.
305 1171 415 1210 Ἐπειδὴ
428 1176 491 1211 περὶ
510 1176 614 1212 ἀνδρῶν
628 1167 815 1216 ἐμνήσθημεν,
837 1183 878 1209 δεῖ

91 1214 117 1240 δὲ
132 1216 177 1241 καὶ
189 1216 367 1253 ὑψηλοτέρων
382 1220 509 1255 ἅψασθαι,
525 1214 717 1261 ἀνανεύσωμεν
732 1214 779 1254 καὶ
795 1237 878 1256 καταα

91 1260 242 1310 νοήσωμεν,
260 1263 292 1310 οῦ
311 1263 382 1310 λέγω
397 1266 519 1300 ἀγγέλων
543 1260 713 1307 ἁγαθάτητας
727 1273 878 1310 φιλανθρώ·

91 1313 160 1338 πων,
177 1307 225 1333 καὶ
242 1308 315 1343 ὑπὲρ
332 1309 417 1337 ἐθνῶν
430 1311 564 1348 δεομένων
579 1315 626 1342 τοῦ
640 1316 722 1348 Θεοῦ,
745 1320 791 1346 καὶ
817 1307 877 1347 έπι-

90 1352 229 1386 τιμώντων
246 1355 318 1390 ὑπὲρ
333 1356 483 1393 ἀνθρώπων
504 1362 564 1392 ταῖς
586 1362 782 1397 ἁποστατικαῖς
798 1366 877 1395 δυνα-

91 1406 167 1447 μεσιἼ
184 1400 309 1447 δηλονότι
323 1405 379 1435 τοῖς
392 1404 532 1440 δαίμοσιν,
556 1407 591 1440 ἃς
604 1409 651 1435 καὶ
666 1410 770 1446 πληθῦς
785 1412 857 1447 λέγει
868 1434 875 1445 ,

89 1443 117 1469 οὺ
131 1444 175 1471 διὰ
189 1446 220 1472 τὺ
237 1446 293 1475 τῶν
308 1448 433 1485 ἀριθμῶν
443 1451 560 1487 πλῆθος,
582 1454 639 1481 ἀλλ’
653 1456 694 1483 ὅτι
713 1443 765 1485 τοῦ
774 1443 875 1487 ἐνιαίου

88 1489 278 1541 Θεοῦαπόρρω.
293 1494 463 1531 ἀπέστησαν·
489 1498 561 1526 τὸδὲ
583 1500 685 1536 πλῆθος
709 1503 803 1539 πόρρω
826 1506 876 1541 τῆς

90 1536 200 1583 μονάδος
224 1538 340 1574 ἀπέχει·
366 1542 396 1568 οὺ
419 1543 490 1578 λέγω
508 1545 574 1579 γοῦν
596 1548 660 1583 περὶ
679 1536 795 1576 τούτων·
818 1536 875 1577 ἀλλλ

90 1580 203 1632 guttam
213 1584 264 1621 τὴν
285 1586 441 1624 ἀγαθότητα
470 1590 518 1618 τοῦ
546 1580 648 1628 Κυρίου
677 1595 755 1630 ήμῶν
787 1597 874 1632 Ἰησοῦ

938 356 999 383 quae
1020 350 1137 378 subditis
1160 351 1305 382 obvenere.
1318 352 1463 379 malorum.
1486 353 1657 388 Ἀρχομένοις
1674 354 1722 384 ait.

937 402 984 422 eos
995 394 1138 424 insinuans
1149 404 1218 431 quos
1230 397 1280 424 sub
1290 401 1422 431 potestate
1431 397 1546 425 habebat
1554 398 1724 434 Moyses.po-

937 441 1029 475 pulum
1045 442 1181 470 videlicet.
1197 442 1290 477 Neque
1304 443 1376 470 enim
1391 444 1500 472 nescius
1514 450 1572 471 erat
1593 445 1723 480 quoniam

936 487 982 521 qui
995 487 1049 514 Deo
1061 495 1191 523 perquam
1207 488 1279 515 bono
1295 489 1469 523 congreditur
1485 489 1723 521 familiariter,dc—

936 533 980 560 bet
1010 533 1034 560 is
1052 541 1102 568 pro
1113 534 1185 560 virili
1200 534 1346 569 imaginem
1361 535 1513 570 exprimere
1528 535 1627 563 divinae
1649 536 1723 564 illius

936 576 1075 605 bonitatis.
1095 577 1193 609 Porro,
1208 578 1274 613 quid
1299 579 1373 606 aliud
1397 579 1527 607 eximium
1547 579 1594 607 Dei
1617 584 1721 616 patrem

935 622 1019 650 David
1035 623 1086 658 ipsi
1107 623 1162 651 Deo
1177 628 1231 651 tam
1246 624 1375 651 reddebat
1400 625 1543 653 amabilem
1567 630 1594 653 et
1620 628 1722 661 gratio-

934 677 1006 701 sum,
1023 670 1046 697 si
1062 677 1116 698 non
1133 671 1221 699 virtus
1236 672 1475 699 mansuetudinis?
1498 672 1544 699 Dei
1566 677 1654 700 autem
1671 680 1720 708 pa-

934 719 1003 742 trem
1020 722 1098 744 vocat
1112 722 1224 753 propter
1240 718 1390 746 Christum.
1407 718 1450 745 Ait
1466 726 1582 753 namque
1599 719 1720 745 admira-

935 762 997 789 bilis
1023 762 1124 791 Paulus
1139 773 1145 791 :
1164 763 1319 799 Segregatus
1337 765 1365 791 in
1383 764 1554 800 Evangelium
1569 764 1638 800 quod
1659 773 1721 799 pro-

934 808 1005 834 misit
1032 809 1059 835 in
1075 808 1219 844 Scripturt's
1234 811 1333 837 sanctis
1355 810 1387 837 de
1403 810 1474 837 Filio
1490 819 1548 842 suo,
1564 811 1609 845 qui
1633 811 1720 845 [actus

933 859 971 881 est
999 863 1031 882 ex
1059 857 1156 883 semine
1183 856 1266 883 David
1291 857 1432 884 secundum
1457 866 1561 884 carnem
1577 864 1601 885 ι.
1619 857 1720 885 Deinde

933 901 1004 934 quod
1036 901 1058 929 is
1090 905 1144 928 tam
1177 906 1250 930 esset
1277 910 1341 938 erga
1376 903 1470 931 hostes
1504 911 1569 931 suos
1600 904 1720 932 clemens

933 953 965 973 ac
978 947 1123 982 benignus,
1140 947 1232 975 divino
1246 949 1404 977 testimonio
1423 949 1514 977 dictus
1535 954 1578 977 est
1593 958 1655 978 esse
1677 958 1720 978 se-

931 991 1051 1019 cundum
1080 1000 1128 1020 cor
1151 993 1197 1020 Dei
1224 998 1248 1021 γ.
1286 993 1446 1029 Quanquam
1480 1003 1514 1022 ne
1551 995 1576 1022 id
1610 995 1720 1029 quidem

930 1037 1023 1065 debuit
1057 1038 1141 1066 videri
1175 1039 1299 1067 mirabile
1331 1048 1413 1067 unum
1448 1040 1564 1075 aliquem
1580 1040 1719 1076 263m-

929 1083 1033 1116 veoiri,
1070 1084 1116 1119 qui
1148 1092 1178 1112 se
1209 1085 1349 1113 exhiberet
1381 1093 1444 1121 erga
1476 1086 1615 1114 inimicum
1639 1094 1719 1114 suum

929 1129 1090 1157 benevolum
1122 1138 1154 1157 ac
1184 1131 1285 1163 levem,
1319 1132 1428 1166 quando
1454 1136 1630 1160 sacrosancta
1663 1132 1719 1161 Lex

929 1176 1017 1210 posita
1045 1180 1103 1203 erat
1132 1177 1166 1204 de
1195 1177 1317 1205 curando
1344 1179 1468 1211 jumeuto
1500 1179 1612 1206 inimici.
1641 1179 1717 1206 Scri—

928 1226 1003 1257 ptum
1021 1223 1122 1259 quippe
1133 1223 1160 1251 in
1177 1223 1249 1260 Lege
1258 1229 1300 1252 est
1314 1235 1319 1253 :
1337 1224 1372 1252 Ut
1386 1226 1428 1252 vel
1444 1225 1586 1261 subjugale
1601 1226 1715 1256 inimici,

929 1269 951 1295 si
968 1270 1039 1303 quod
1057 1270 1126 1297 forte
1140 1271 1299 1302 decidisset,
1315 1272 1388 1299 alius
1404 1272 1494 1307 quivis
1511 1273 1600 1300 obiter
1616 1273 1717 1300 alleva-

928 1319 1034 1343 varetl.
1053 1315 1107 1343 Sed
1130 1321 1157 1344 et
1178 1316 1280 1349 Jacob.
1294 1317 1410 1353 Joseph,
1438 1318 1503 1346 Abel
1530 1326 1638 1354 quoque
1662 1318 1718 1354 (ille

928 1361 1048 1395 quidem,
1066 1368 1096 1389 ut
1112 1363 1159 1398 qui
1176 1363 1287 1391 minime
1300 1369 1372 1392 esset
1387 1364 1504 1397 fucatus,
1522 1366 1569 1393 sed
1585 1369 1611 1393 et
1625 1366 1716 1394 omnis

928 1407 1038 1435 malitiae
1061 1408 1145 1441 liber;
1160 1412 1217 1443 jam
1231 1410 1310 1442 alter,
1323 1410 1421 1437 fratres
1433 1418 1495 1437 cum
1515 1411 1626 1439 haberet
1642 1412 1717 1439 velut

928 1453 1074 1487 mancipia,
1100 1462 1147 1482 seu
1165 1455 1263 1482 ditioni
1280 1456 1447 1490 subdititios,
1472 1457 1573 1492 quippe
1587 1458 1632 1484 cui
1651 1459 1713 1485 uni-

926 1506 1034 1526 versam
1062 1499 1241 1534 dispensabat
1271 1501 1520 1537 moderabaturque
1547 1502 1713 1539 Egyptum,

927 1544 995 1572 adeo
1014 1545 1047 1573 de
1069 1546 1109 1573 eis
1131 1547 1232 1574 nullam
1252 1549 1384 1583 expetivit
1406 1549 1555 1581 ultionem,
1581 1553 1611 1577 ut
1630 1550 1712 1577 etiam

927 1589 1042 1618 dixerit:
1054 1591 1144 1620 Nolite
1159 1593 1265 1626 timere;
1278 1594 1326 1622 Dei
1341 1596 1410 1623 enim
1429 1604 1475 1632 ego
1490 1605 1548 1624 sum
1566 1604 1577 1618 ⁸
1591 1607 1598 1630 ;
1616 1597 1714 1625 tertius

87 1628 268 1679 X-9ts‘roG-xat
281 1632 408 1668 ἀληθινοῦ
424 1634 491 1662 Θεοῦ
502 1637 589 1672 ἡμῶν,
601 1628 875 1677 παραδεχόμενοι-τὰς

928 1645 981 1664 una
993 1645 1055 1666 cum
1071 1638 1154 1667 fratre
1165 1639 1233 1668 Cain
1244 1641 1312 1668 nihil
1324 1628 1468 1677 suspicaris
1482 1644 1558 1676 mali,
1575 1644 1715 1679 profectus

86 1674 134 1726 τῆς
148 1676 321 1713 ἀγαθότητος
331 1679 411 1706 αὐτοῦ
423 1681 535 1714 ἀκτῖνας
548 1683 578 1710 ὲν
593 1674 811 1724 ἡσυχίᾳίΧαίρει
821 1674 874 1726 γὰρ

86 1720 118 1767 τα
132 1721 190 1748 θεῖα
206 1724 240 1758 τῇ
260 1724 363 1761 ἠσυχίᾳ
374 1745 382 1758 ,
398 1726 493 1764 ὥσπερ
507 1728 545 1765 τῷ
563 1730 635 1767 ὄχλῳ
706 1720 814 1762 ἐναντία
822 1720 832 1750 ’⁷
843 1720 874 1762 οῦ

85 1765 137 1802 γὰρ
150 1768 256 1816 αφάτου
271 1770 438 1809 ἀγαθότητος
457 1774 488 1801 τὸ
501 1774 535 1802 τὰ
552 1777 589 1813 μὴ
608 1765 673 1805 ὄντα
690 1782 777 1807 ποιεῖν
792 1780 874 1816 εἶναι,

85 1813 205 1859 τουτέστι
220 1815 378 1851 διακρατεῖν
400 1819 469 1855 πρὸς
487 1820 616 1859 διαμονὴν
627 1844 634 1856 ,
651 1824 721 1852 ὥστε
736 1826 781 1853 τὸν
792 1813 874 1856 αὐτὸν

85 1855 152 1907 εἶναι
176 1861 225 1887 καὶ
240 1862 357 1898 ποιητὴν
379 1865 426 1891 καὶ
443 1855 556 1902 συνοχέα
641 1889 649 1901 ,
665 1871 713 1898 καὶ
728 1872 758 1898 τὸ
772 1855 871 1907 πάντας

86 1904 154 1931 κατὰ
168 1908 220 1942 τὴν
235 1907 353 1935 ἑκάστου
369 1910 584 1949 ἐπιτηδειότητα,
596 1914 736 1950 βούλεσθαι
752 1904 874 1947 ὲκκαλεῖξ

86 1949 144 1977 σθαι
165 1952 235 1987 πρὸς
257 1953 308 1989 τὴν
328 1955 424 1983 ἑαυτοῦ
439 1958 563 1994 μίμησιν.
580 1961 612 1987 Τί
628 1962 672 1995 δέ;
692 1963 733 1991 ὄτι
749 1965 796 1991 καὶ
819 1966 873 1993 τῶν

84 1996 293 2044 ἀποφοιτώντων
309 2001 377 2037 ἐρᾷ,
396 2004 442 2030 καὶ
458 2006 611 2040 παρακαλεῖ
626 2008 663 2044 μὴ
683 2009 810 2037 ἐκπεσεῖν
821 2013 872 2038 αὑ-

84 2043 129 2069 τοῦ
142 2045 250 2072 τέλεον·
267 2046 312 2073 διὰ
325 2048 403 2075 τοῦτο
415 2049 470 2085 γὰρ
485 2052 532 2078 καὶ
551 2053 747 2089 Παράκλητος
759 2057 869 2084 ὰκούεν

85 2091 238 2135 παρακαλεῖ
258 2093 314 2128 γὰρ
329 2094 365 2129 μὴ
389 2096 576 2133 ἀπαειωθῆναι
599 2101 664 2135 παρ’
689 2101 801 2129 ἐκείνων
818 2104 872 2132 τῶν

86 2134 280 2182 θρυπτομένων
297 2140 345 2166 καὶ
365 2140 600 2179 ἀλαζονευομένων
709 2148 741 2174 Ἦ
757 2148 829 2181 λέξις
843 2151 872 2177 δὲ

84 2181 136 2229 {ﬁt
146 2183 202 2210 τῶν
216 2184 378 2220 ἐρωμένων,
399 2188 424 2215 οἳ
445 2188 494 2225 τὴν
508 2190 577 2226 πρὸς
596 2181 795 2229 τοὺςνὲρῶντας
807 2197 872 2224 ἀνα-

84 2227 240 2265 ϐαλλόμενοι
262 2232 420 2267 συντυχίαν,
440 2236 554 2272 τοιούτῳ
568 2237 780 2276 τῴισωματικῷ,
795 2250 872 2269 τουτ-

84 2273 139 2300 έστι
159 2276 349 2313 κεκλασμένῳ,
372 2279 431 2314 neu
448 2281 613 2318 κέχρηνταιο
630 2273 691 2312 ὅθεν
706 2273 870 2322 λαμϐάνεται

84 2320 128 2346 καὶ
140 2321 185 2348 ἐπὶ
200 2322 258 2349 τῶν
281 2323 368 2351 ἄλλων
384 2326 569 2363 ὁμοιοτρόπων
585 2320 766 2366 πραγμάτων,
776 2334 871 2361 κάκεί-
887 2324 909 2350 D

83 2374 132 2393 νων
147 2368 209 2403 εικῆ
224 2369 273 2395 καὶ
290 2370 378 2406 μάτην
394 2374 632 2407 κατεγκαλούντων
643 2397 650 2409 ,
675 2378 756 2411 αὐτὸς
774 2382 870 2415 πράως

82 2413 254 2448 ἀπολογεῖται
265 2416 312 2442 καὶ
325 2417 504 2452 θεραπεύσειν
514 2421 710 2457 ἐπαγγέλλεται
721 2425 787 2461 (82).
796 2413 870 2455 λάϐε

84 2467 126 2505 μοι
141 2460 170 2486 δὲ
181 2461 229 2487 καὶ
243 2461 291 2488 τοῦ
305 2462 409 2491 ἀσώτου
426 2466 581 2503 παραϐολὴν
595 2470 641 2497 ἐπὶ
656 2460 777 2504 τούτοις,
795 2473 865 2505 πῶς,

81 2503 119 2531 ἔτι
133 2506 283 2542 ἀπέχοντος
292 2509 338 2535 τοῦ
350 2510 466 2543 ἀσώτου,
474 2513 558 2548 ὅμως,
570 2514 630 2542 ἐπεὶ
641 2503 777 2552 πρόσεισι,
786 2503 871 2555 προσὲ

81 2551 169 2598 τρέχει
184 2554 232 2580 καὶ
249 2555 365 2592 ὑπαντᾷ,
380 2559 427 2584 καὶ
444 2560 624 2594 περιπλακεὶς
637 2551 787 2596 ἀσπάζεται
799 2551 814 2598 ,’
823 2568 870 2593 καὶ

83 2597 234 2648 ἀμνημονεῖ
245 2600 302 2627 τῶν
316 2603 456 2639 προτέρων
465 2625 473 2637 ,
497 2606 544 2633 καὶ
559 2609 615 2639 τοῖς
629 2609 763 2644 παροῦσιν
778 2612 869 2648 ἐνεορ-

82 2643 155 2675 τάζει
175 2646 286 2681 συνάμα
299 2650 360 2680 ταῖς
378 2650 469 2684 φίλαις
484 2651 644 2688 δυνάμεσιν,
670 2643 712 2682 ίνα
762 2643 870 2685 πάντων

82 2692 302 2729 εὐφραινομένων
317 2696 334 2730 ὴ
348 2698 487 2724 κατοικία·
512 2698 556 2725 ἵνα
570 2699 690 2735 δηλονότι
708 2701 766 2737 ἅμα
778 2704 824 2731 ἐπὶ
839 2705 870 2731 τὸ

81 2738 143 2764 αὐτὸ
165 2739 269 2771 πάντες
283 2741 482 2777 εὐφραίνοιντο·
500 2745 571 2772 οὕτω
590 2747 645 2783 γὰρ
660 2749 824 2785 ἐκλαμϐάνει
838 2752 869 2777 τὸ

81 2783 158 2830 ῥητὸν
167 2786 239 2812 κατὰ
249 2786 280 2813 τὸ
291 2788 377 2823 παρὸν
385 2789 400 2815 ὁ
407 2789 493 2824 ἅγιος.
506 2791 542 2818 Τὸ
551 2792 580 2818 δὲ
594 2793 665 2826 ὅλος
681 2783 773 2828 ὅλους
786 2803 868 2830 περι-

80 2829 138 2863 θεὶς
153 2832 313 2868 θαυμασίως
324 2835 407 2869 φησὶ,
423 2838 610 2873 καταισχύνων
623 2840 685 2871 τοὺς
696 2841 755 2867 τότε
770 2829 870 2876 αἰρετμ

80 2876 151 2909 κους,
159 2878 259 2910 οἵτινες
275 2879 364 2914 ψυχὴν
376 2881 459 2916 μόνην
471 2882 603 2914 σώζεσθαι
616 2885 668 2911 ὑπὸ
680 2885 758 2917 Θεοῦ,
771 2887 802 2914 οὐ
815 2888 868 2923 μὴν

115 2970 127 2984 ι
142 2964 222 2994 Hom.
240 2975 259 3000 ι,
273 2967 299 2994 6.
339 2973 352 2992 Y
367 2969 426 2997 Act.
443 2978 503 3004 xui,
519 2971 561 2999 22.
605 2978 614 2992 ι
635 2974 711 3003 Deut.
730 2983 798 3009 χχιι,
815 2977 840 3004 4.

926 1685 978 1720 est)
997 1685 1106 1721 benigni
1122 1686 1317 1721 praedicantur.
1334 1688 1427 1723 Neque
1442 1689 1515 1718 enim
1528 1698 1589 1717 eum
1603 1690 1649 1725 qui
1666 1691 1714 1718 ho-

925 1738 978 1759 nus
992 1739 1053 1759 esse
1073 1733 1229 1767 contendit,
1252 1738 1361 1769 oportet
1384 1736 1453 1762 mala
1470 1736 1512 1763 vel
1527 1737 1713 1772 praecogitare,

926 1777 968 1804 vel
981 1777 1109 1806 simulate
1124 1778 1235 1814 ﬁngere.
1255 1780 1302 1808 sed
1318 1789 1406 1816 neque
1421 1789 1436 1809 a
1453 1782 1524 1809 bono
1538 1783 1713 1818 degenerare.

925 1826 972 1850 aut
987 1823 1079 1851 diduci
1097 1825 1132 1853 ad
1146 1826 1249 1853 malum
1274 1834 1322 1861 per
1342 1827 1459 1855 alienam
1475 1829 1626 1859 malitiam;
1646 1830 1713 1865 quin

925 1869 1017 1903 potius
1030 1870 1210 1899 adnitendum
1234 1872 1274 1899 illi
1299 1877 1352 1906 est,
1369 1877 1398 1901 ut
1414 1874 1543 1909 operibus
1559 1875 1713 1911 benignita-

925 1915 960 1942 tis
974 1916 1094 1944 abundet
1110 1918 1197 1953 magis
1212 1923 1295 1953 atque
1309 1919 1412 1954 magis,
1429 1928 1483 1954 quo
1497 1920 1558 1948 illos
1575 1921 1608 1948 ad
1628 1930 1713 1949 aemu-

924 1960 1054 1988 lationem
1077 1961 1160 1989 studii
1184 1963 1337 1991 consimilis
1362 1969 1503 1998 provocet.
1519 1965 1580 1993 1am
1601 1967 1713 2001 quando

924 2006 1045 2033 virorum
1067 2008 1170 2042 aliquot
1185 2009 1375 2041 meminimus,
1392 2017 1481 2045 opera:
1496 2011 1612 2046 pretium
1629 2013 1710 2040 fuerit

923 2060 955 2079 ea
972 2053 1116 2087 attingere,
1138 2061 1198 2089 quae
1222 2062 1270 2090 per
1282 2063 1312 2083 se
1327 2055 1488 2084 sublimiora
1503 2062 1578 2085 sunt.
1593 2058 1634 2085 Ad
1653 2058 1711 2086 haec

924 2099 1006 2133 igitur
1031 2099 1175 2135 superiora
1200 2101 1399 2136 provehatnur,
1428 2105 1710 2141 contemplemurque,

923 2153 978 2173 non
993 2147 1151 2182 angelorum
1165 2147 1342 2176 multifariam
1359 2157 1423 2186 erga
1437 2158 1489 2179 nos
1502 2150 1711 2186 benignitatem,

922 2192 969 2225 qui
985 2200 1034 2227 pro
1047 2194 1186 2221 communi
1206 2195 1326 2230 gentium
1351 2196 1440 2224 salute
1458 2197 1492 2224 ad
1508 2197 1594 2225 Deum
1620 2198 1711 2226 eD'un--

922 2239 990 2266 dunt
1007 2247 1119 2275 preces,
1134 2242 1179 2276 qui
1196 2241 1360 2271 desertrices
1376 2247 1403 2271 et
1423 2243 1533 2280 refugas
1560 2249 1711 2281 potestates

924 2285 1064 2313 hominum
1087 2294 1170 2315 causa
1198 2287 1295 2316 durius
1309 2289 1468 2326 increpant,
1480 2291 1618 2320 dtemones
1630 2293 1713 2320 nimi-

924 2339 994 2363 rum,
1010 2340 1080 2367 quos
1095 2337 1175 2360 vocat
1190 2334 1397 2369 multitudines;
1408 2344 1462 2364 non
1470 2337 1544 2373 quod
1556 2346 1711 2366 numerosae

922 2378 978 2405 sint
1002 2378 1204 2414 multitudinis,
1220 2388 1314 2408 verum
1334 2382 1399 2417 quia
1423 2384 1458 2410 ab
1483 2384 1564 2412 unius
1583 2385 1629 2412 Dei
1644 2386 1710 2413 ohe-

922 2424 1026 2452 dientia
1051 2425 1159 2462 longius
1180 2427 1371 2459 desciverunt;
1396 2429 1545 2461 multitudo
1573 2431 1709 2466 siquidem

922 2478 1004 2504 porro
1026 2471 1104 2500 abest
1127 2472 1161 2500 ab
1182 2473 1297 2500 unitate.
1318 2473 1376 2501 Non
1398 2475 1492 2510 itaque
1520 2476 1554 2503 de
1575 2476 1618 2503 his
1642 2477 1709 2503 mihi

921 2516 1111 2545 disserendum
1131 2526 1216 2551 nunc,
1233 2520 1319 2554 magis
1334 2528 1398 2547 vero
1413 2521 1541 2548 eximiam
1557 2522 1709 2556 benignita-

924 2565 977 2588 tem
992 2563 1190 2597 perspiciamus
1206 2564 1313 2592 Domini
1329 2569 1417 2594 nostri
1431 2566 1495 2595 Jesu
1509 2566 1610 2595 Christi
1625 2568 1709 2595 simul

923 2611 950 2634 et
958 2607 1015 2634 veri
1029 2607 1076 2636 Dei
1089 2610 1364 2645 nostri,excipientes
1378 2613 1406 2639 in
1419 2614 1527 2640 silentio
1536 2618 1616 2640 tanta:
1628 2615 1708 2642 istiuas

924 2652 1054 2682 bonitatis
1066 2654 1170 2683 radios.
1181 2655 1277 2684 Divina
1291 2665 1409 2693 namque
1425 2659 1513 2685 silenti
1530 2667 1566 2685 rw
1579 2660 1622 2687 uie
1640 2663 1708 2687 mire

923 2702 1112 2729 oblectamur:
1127 2705 1156 2728 ut
1172 2702 1328 2730 turbulento
1346 2708 1427 2739 atque
1452 2702 1598 2737 irreqltie't’u
1613 2711 1687 2732 motu
1700 2729 1706 2739 ,

921 2756 981 2783 quae
995 2749 1142 2776 contraria:
1153 2755 1217 2777 sunt
1231 2754 1391 2784 potestates.
1405 2750 1499 2777 Nonne
1514 2750 1644 2778 iuclfabili
1660 2754 1707 2780 Ιιυ-

920 2794 998 2821 nitati
1008 2795 1200 2823 ascribendum
1213 2800 1265 2827 est.
1277 2796 1361 2831 quod,
1381 2804 1442 2831 qua:
1457 2797 1533 2831 prius
1548 2804 1602 2824 non
1615 2804 1705 2832 erant,

922 2841 985 2869 fecit
1009 2845 1038 2868 ut
1061 2843 1170 2870 essent?
1185 2843 1242 2870 Hoc
1256 2848 1299 2870 est
1318 2846 1347 2869 ut
1367 2843 1517 2878 perdurent
1541 2851 1705 2878 conservat.

922 2889 962 2916 sic
978 2892 1008 2915 ut
1022 2888 1094 2916 idetn
1115 2889 1150 2916 sit
1164 2893 1191 2916 ct
1207 2888 1331 2916 conditor
1346 2893 1372 2915 et
1393 2895 1588 2924 conservator,
1604 2894 1708 2927 quique

881 2984 892 2997 ι
907 2978 974 3007 Gen.
992 2986 1053 3011 XLV,
1069 2979 1086 3007 5
