1941 3265
223 237 276 264 ΜἺ

633 231 804 260 APPENDIX
824 233 870 260 AD
890 232 1003 261 OPERA
1020 234 1049 260 S.
1064 233 1212 262 DIONYSII
1229 233 1470 262 A‘REOPAGITJE.

1802 231 1855 258 468

224 295 317 325 omnia
339 294 415 329 cupit
439 293 614 321 vehementer
640 300 691 327 pro
712 292 848 327 cujusque
862 292 1013 327 aptitudine

1068 294 1091 320 se
1110 294 1156 320 καὶ
1177 294 1257 329 σῶμα
1272 293 1374 328 ελεγον.
1392 293 1471 324 Ὅλος
1482 289 1539 323 οὖν,
1555 290 1646 326 φησὶν,
1658 291 1672 317 6
1687 288 1800 323 Κύριος,
1816 289 1855 320 ὡς

224 343 258 370 ad
280 342 322 369 sui
337 348 418 376 quam
441 339 607 367 simillimam
624 339 804 367 imitationem
827 339 961 366 advocare
980 346 1012 366 ac

224 388 383 423 provehere.
401 386 471 419 Quid
485 389 592 417 autem,
609 385 673 420 quia
692 390 720 412 et
740 393 756 412 a
776 393 805 413 se
828 386 1013 413 desciscentes

224 435 347 465 deamat,
364 433 526 459 adhortatur
541 432 690 459 etiamnum
715 439 749 459 ne
764 432 806 459 vel
822 431 929 459 tandem
949 439 964 458 a
983 439 1013 459 se

223 479 369 507 excidant?
385 478 453 505 Nam
484 478 536 505 hac
566 477 653 512 gratia
684 477 862 513 Παράκλητος
888 480 1011 504 vocatur.

223 524 354 553 Hortatur
361 524 433 552 enim
447 528 572 558 oratque,
582 531 615 550 ne
631 523 671 550 sic
684 523 795 557 indigne
807 523 841 550 ab
853 523 894 550 eis
904 521 1014 549 desera-

224 576 280 604 tur,
290 571 335 606 qui
351 571 478 598 diflluunt
492 569 609 601 deliciis,
622 573 704 604 atque
716 570 829 604 insuper
845 568 1015 596 i'nsolescunt

224 625 308 653 supra
322 618 444 645 modum.
458 616 613 652 Usurpatur
623 621 714 643 autem
730 616 787 643 haec
802 615 885 642 dictio
898 615 1015 650 θρυπτο-

225 662 325 698 μένων,
341 662 375 689 de
387 661 478 696 iisqui
493 661 631 696 impendio
646 664 783 693 amantur,
798 660 844 695 qui
857 660 1015 687 fruitionem

225 708 308 743 264
325 708 485 735 deliciarum
502 715 571 742 quas
591 707 625 734 ab
645 707 815 733 amatoribus
838 711 966 741 sperant,
982 705 1016 733 de

225 754 270 782 die
288 754 316 781 in
327 754 398 781 diem
415 754 582 785 dilferentes,
597 753 651 781 isto
669 758 784 780 utuntur
798 760 930 787 corporeo
940 773 946 785 ,
963 753 1016 780 hoc

225 805 269 828 est
285 800 440 835 prmfracto,
455 805 482 828 et
495 800 569 827 molli
583 805 660 835 gestu
677 800 818 834 corporis;
830 807 916 834 quare
931 799 1016 826 dictio

228 847 285 873 haec
299 847 332 873 ad
351 854 396 873 res
411 847 554 882 plerasque
569 846 637 873 alias
649 846 848 874 transsumitur
862 845 1016 873 consimilis

228 892 332 919 format.
348 891 406 919 Jam
422 892 476 919 illis
491 893 645 920 inconsulte
664 897 690 920 et
706 892 809 919 frustra
823 892 891 919 vitio
905 898 1016 920 verten-

228 938 303 966 tibus
316 943 420 965 tantam
433 939 641 974 benignitatem,
657 940 805 967 clemeuter
821 947 870 974 per
880 946 910 966 se
925 938 1015 965 reddit

1062 339 1150 375 ψυχὴν
1158 340 1294 375 καὶσῶμα
1307 339 1406 371 λαϐὼν,
1419 340 1495 370 ὅλους
1508 338 1581 374 ἡμᾶς
1591 338 1655 369 τοὺς
1665 337 1697 363 ὲκ
1706 336 1797 371 ψυχῆς
1807 336 1855 362 καὶ

1064 385 1188 421 σώματος
1212 387 1340 413 σέσωκεν.
1356 384 1446 413 Ἦσαν
1468 386 1497 412 δὲ
1511 385 1570 411 τότε
1593 385 1617 410 οἱ
1640 383 1694 410 ἀπὸ
1713 383 1854 418 Σίμωνος,

1063 434 1111 459 καὶ
1133 433 1185 464 ἕως
1204 433 1286 459 αὑτοῦ
1308 432 1464 468 Κηρὶνθου,
1483 431 1521 463 ὡς
1540 430 1664 466 δηλοῦσιν
1687 430 1713 455 οἱ
1731 429 1853 457 παλαιοὶ.

1064 480 1156 514 φησιν,
1172 480 1314 514 Εἰρηναῖος
1330 479 1378 506 καὶ
1393 478 1549 509 Ἱππόλυτος
1564 477 1630 512 (83).
1647 475 1801 512 Δημάφιλος
1813 475 1853 505 δὲ,

1064 527 1111 553 καὶ
1126 527 1151 553 εῐ
1164 535 1205 558 τις
1222 525 1301 557 ἄλλος
1315 525 1373 552 κατ’
1390 525 1481 556 αὑτὸν,
1499 524 1669 559 ἐπιτιμᾶται,
1683 522 1761 557 φησὶ,
1778 521 1853 557 παρὰ

1064 572 1111 599 τοῦ
1125 572 1192 599 Θεοῦ
1207 572 1326 607 δηλονότι
1341 570 1388 597 τοῦ
1407 571 1455 597 καὶ
1468 569 1648 605 ἁμαρτωλοὺς
1665 568 1788 599 θέλοντος
1804 576 1854 593 σω-

1066 621 1153 657 Θῆναι,
1171 620 1217 646 καὶ
1236 618 1420 645 ἐκδιδάσκεται
1436 617 1501 652 παρ’
1523 615 1618 648 αὑτοῦ,
1642 615 1698 642 Καὶ
1720 614 1780 645 πῶς
1804 614 1853 640 οὐκ

1066 667 1137 698 ἔδει,
1159 666 1299 700 λέγοντος,
1323 665 1369 691 ἐπὶ
1391 663 1512 699 σωτηρίᾳ
1533 663 1567 698 τῇ
1583 661 1627 688 διὰ
1651 660 1796 696 μετανοίας
1811 660 1853 685 εὑ-

1067 712 1236 748 φραὶνεσθαι;
1245 711 1328 743 Αὐτὸς
1338 710 1392 746 γάρ
1406 711 1463 745 εἰμι
1472 710 1486 735 6
1494 710 1535 735 ἐπ’
1550 708 1632 743 ὤμων
1642 707 1712 743 ἄρας
1725 706 1757 732 τὺ
1767 705 1837 732 ἀπολ

1066 759 1150 790 ωλος,
1174 759 1188 784 6
1211 757 1327 793 χρηστὸς
1351 757 1396 783 ἐπὶ
1417 756 1481 787 τοὺς
1505 755 1678 790 ἀχαρίστους.
1713 753 1779 779 Ἔτι
1800 752 1855 786 γὰρ

1066 803 1246 839 ἁμαρτωλῶν
1255 804 1350 830 ὄντων
1358 802 1453 837 ἡμῶν,
1465 801 1590 836 Χριστὸς
1604 799 1680 834 ὑπὲρ
1690 797 1777 834 ἡμῶν
1786 797 1854 825 ἀ.τέ-

1067 855 1148 884 θανε,
1161 851 1243 886 φησὶν
1265 852 1279 877 6
1301 849 1371 881 Θεῖος
1391 848 1560 879 ’Λπόστολος,
1577 848 1593 873 ό
1610 844 1789 873 ἀνατέλλων
1803 843 1855 869 τὸν

1067 900 1158 933 ἣλιον
1172 898 1221 924 ἐπὶ
1236 896 1387 930 πονηροὺς
1400 895 1448 922 καὶ
1464 893 1604 928 ἀγαθοὺς,
1662 891 1729 926 φησὶ
1743 890 1779 917 τὰ
1796 889 1855 925 ιερὰ

1067 944 1229 979 Εὑαγγέλια·
1238 942 1489 977 ὁτιοεὶςτὴνψυχὴν
1495 939 1626 976 ὑπὲρτῶν
1632 937 1853 972 ἀποφευγόντων.

228 992 339 1012 causam
357 989 441 1012 tanta;
456 985 536 1012 istius
552 985 689 1018 lenitatis;
706 986 771 1020 quin
788 986 879 1020 potius
901 985 941 1012 sic
954 984 1016 1011 vul-

1068 992 1103 1019 Σὺ
1113 991 1152 1023 δὲ,
1166 988 1188 1016 ὦ
1198 989 1344 1025 Δημόφιλε,
1354 989 1391 1019 ὼς
1399 988 1433 1014 τὰ
1447 986 1598 1023 γράμματά
1611 993 1656 1011 σου
1667 984 1754 1019 δηλοῖ,
1765 983 1855 1017 (αὐτὸς

228 1038 293 1058 nera
308 1030 406 1057 anitin
425 1035 584 1057 curaturum
607 1039 636 1058 se
657 1032 812 1066 pollicetur.
836 1031 900 1058 Mihi
921 1031 1014 1066 accipe

179 1096 183 1100 .
230 1076 273 1103 his
287 1076 379 1104 verbis
392 1077 526 1104 insinuari
543 1077 648 1113 prodigi
672 1078 744 1105 illius
763 1078 931 1112 parabolam,
947 1085 1015 1112 quo-

230 1129 294 1148 nam
320 1122 402 1150 modo
425 1127 503 1158 pater
517 1123 575 1158 ipse
590 1123 697 1157 longius
713 1123 802 1150 adhuc
818 1123 917 1150 dissito
938 1130 1016 1150 acce-

229 1168 305 1195 denti
320 1173 411 1196 tamen
432 1169 508 1203 prior
530 1169 653 1196 occurrit
677 1169 817 1204 pergitque
832 1169 941 1201 obvius,
961 1168 1016 1195 cir-

228 1214 389 1249 cumplexus
408 1214 494 1241 tilium
514 1214 625 1241 amabili
647 1215 742 1242 osculo
759 1215 861 1250 pariter
874 1220 902 1242 et
926 1215 1016 1242 salute

228 1260 358 1295 dignatur
368 1281 375 1293 ,
391 1268 485 1288 eorum
512 1261 666 1293 immemor,
681 1269 741 1295 qua:
756 1261 779 1289 is
793 1261 922 1288 decoctor
939 1261 1016 1296 prius

229 1307 395 1340 admiserat;
410 1307 591 1342 praesentibus
604 1315 712 1342 quoque
730 1308 801 1335 diem
828 1308 924 1334 indicit
945 1308 1016 1334 cele-

229 1354 316 1382 briter
328 1354 493 1389 exigendum
504 1361 559 1381 una
574 1361 636 1381 cum
652 1354 702 1380 sibi
720 1354 893 1381 charissimis
908 1353 1017 1380 virtuti-

230 1401 293 1432 bus,
306 1404 336 1428 ut
347 1408 402 1428 una
418 1401 455 1428 sit
467 1401 662 1428 cullaatantium
679 1400 801 1428 omnium
818 1400 962 1431 habitatio,
974 1400 1018 1427 ni—

230 1447 329 1474 mimn
355 1450 385 1473 ut
412 1447 523 1474 insimul
539 1454 635 1474 omnes
659 1447 860 1474 exhilarescant
882 1451 910 1473 et
930 1446 1018 1473 colla:-

230 1498 332 1522 tentur.
346 1493 385 1520 Ad
402 1501 464 1521 eum
477 1493 588 1520 modum
601 1493 728 1528 praesenti
744 1493 805 1520 loco
820 1493 1018 1527 interpretatur

234 1540 314 1567 Pater
336 1540 394 1575 jam
410 1540 512 1567 dictam
535 1540 708 1568 sententiam.
725 1540 804 1573 Quod
825 1544 916 1567 autem
931 1539 1016 1572 dicit,

232 1586 311 1618 Ὀλος
318 1586 396 1618 ὅλους
406 1587 539 1622 περιθείς,
549 1587 576 1614 id
588 1590 630 1615 est
642 1592 712 1614 totus
728 1591 795 1614 totos
810 1585 1017 1620 circumplexus:

230 1633 299 1660 mire
324 1633 434 1668 quidem
457 1633 510 1661 hoc
524 1633 600 1665 facit,
617 1640 665 1660 eos
679 1632 873 1668 pudefaciens,
891 1632 937 1667 qui
959 1637 1016 1659 tum

231 1683 326 1711 erant,
341 1679 484 1706 haereticos
501 1687 508 1704 :
524 1679 571 1713 qui
585 1679 695 1714 quidem
718 1679 835 1706 animam
850 1678 950 1706 salvari
971 1686 1019 1713 per

232 1724 280 1753 Dei
300 1725 416 1760 gratiam
430 1744 438 1757 ,
464 1732 519 1751 non
542 1724 606 1752 item
632 1732 732 1759 corpus
755 1724 949 1760 praedicabant.
973 1724 1019 1750 Ait

231 1779 297 1807 ergo
320 1774 454 1799 sanctus:
469 1771 556 1798 Totus
573 1771 716 1804 Dominus,
733 1775 762 1798 ut
777 1771 823 1806 qui
848 1774 874 1798 et
899 1772 1018 1797 animam

231 1821 259 1844 et
274 1825 376 1853 corpus
390 1817 559 1852 assumpsit,
575 1825 626 1844 nos
642 1821 714 1845 totos
725 1837 732 1849 ,
748 1818 793 1852 qui
807 1817 898 1844 anima
911 1821 939 1845 et
957 1825 1019 1844 cor-

233 1871 299 1898 pore
313 1863 502 1895 subsistimus,
515 1864 605 1891 salvos
621 1863 694 1890 fecit.
706 1863 789 1890 Erant
804 1863 875 1891 enim
890 1866 956 1890 tunc
967 1863 1019 1891 hoc

231 1917 326 1937 errore
341 1910 437 1937 imbuti
454 1909 488 1937 ab
498 1910 557 1945 ipso
566 1908 677 1937 Simone
690 1910 723 1936 ad
738 1909 813 1936 illum
830 1916 918 1944 usque
933 1909 1018 1943 pesti-

232 1956 331 1983 lentem
349 1956 510 1984 Cerinthum
524 1965 530 1983 ι
546 1955 775 1992 quemadmodum
800 1956 952 1987 declarant,
971 1956 1018 1990 qui

231 2003 304 2030 inter
326 2002 432 2038 priscos
449 2007 646 2035 numerantur,
663 2002 781 2029 lrenzeus
794 2006 821 2029 ct
843 2002 1017 2037 Hippolytus.

231 2049 366 2076 Craterum
395 2048 589 2083 Demophilus,
611 2052 638 2076 et
660 2049 683 2075 si
709 2049 772 2084 quis
796 2049 866 2076 alius
889 2049 1019 2076 assimilis

231 2094 306 2126 huic,
321 2102 336 2120 a
351 2094 405 2122 Deo
421 2094 610 2130 coarguendus
621 2095 706 2127 venit,
728 2095 762 2122 ab
778 2103 810 2122 eo
823 2095 962 2126 nimirum,
972 2095 1018 2129 qui

231 2141 289 2168 vult
303 2145 462 2175 peccatores
475 2141 510 2168 ad
528 2141 643 2169 salutem
659 2141 827 2176 pertingere,
843 2144 926 2175 atque
939 2141 973 2168 ab
985 2148 1019 2168 eo

231 2187 371 2220 educetur,
386 2187 433 2223 qui
447 2187 484 2214 ait
498 2196 504 2213 :
521 2187 616 2215 Nonne
631 2187 774 2222 oportebat
785 2191 812 2214 te
825 2187 956 2214 collmtari
972 2194 1017 2215 sa-

232 2233 297 2261 lutis
314 2242 363 2269 per
377 2234 565 2269 pcenitentiam
581 2234 718 2269 quazsitaz?
728 2233 859 2268 Equidem
873 2233 931 2267 ipse
945 2241 1017 2265 sum,

231 2280 278 2315 qui
303 2288 351 2315 per
372 2280 500 2308 humeros
523 2281 621 2307 sustuli
638 2281 709 2315 quod
727 2276 843 2315 perierat
857 2288 863 2306 :
879 2280 954 2315 ipse,
971 2280 1018 2314 qui

1067 1038 1122 1073 γὰρ
1134 1036 1329 1073 προαπέστειλε
1344 1035 1383 1071 τῷ
1407 1034 1477 1070 ἁγιῳ
1487 1054 1494 1065 ,
1511 1032 1723 1068 ὲναΰρυνόμενος
1742 1027 1797 1057 οἷον
1811 1030 1855 1056 ἐπὶ

1067 1085 1106 1120 τῷ
1119 1083 1269 1111 τελεσθέντι
1313 1082 1403 1116 λέγεις
1415 1080 1491 1116 γοῦν,
1506 1081 1547 1107 ὃτι
1558 1079 1606 1106 καὶ
1616 1077 1806 1114 προσπεσόντα
1819 1075 1856 1111 τῷ

1068 1131 1245 1167 πρεσϐυτέρῳ
1266 1129 1350 1164 ἀσεϐῆ
1365 1129 1411 1155 καὶ
1428 1126 1605 1163 ἁμαρτωλὸν,
1623 1125 1719 1160 (τοῦτο
1738 1123 1767 1150 δὲ
1788 1123 1854 1150 κατὰ

1067 1178 1113 1204 τὸν
1127 1177 1231 1204 ἐκείνου
1245 1176 1318 1209 λέγει
1336 1175 1425 1209 λόγον,
1439 1174 1487 1200 καὶ
1501 1173 1532 1199 οὐ
1555 1171 1646 1203 καοὼς
1660 1172 1677 1206 ἡ
1689 1170 1765 1206 ψυχὴ
1776 1168 1856 1196 αὑτοῦ

1068 1225 1134 1260 ἔχει·
1145 1224 1205 1250 οὐδὲ
1215 1223 1270 1258 γὰρ
1279 1222 1365 1253 οὕτως
1375 1221 1430 1256 ἕχει
1443 1220 1496 1255 (84)
1505 1219 1590 1253 ἀσεϐῆ
1599 1218 1644 1244 τὺν
1655 1217 1710 1244 άπδ
1720 1217 1856 1252 ἁμαρτίας

1070 1269 1266 1306 μετανοοῦντα)
1286 1268 1346 1296 κατ’
1366 1267 1449 1293 αὑτοῦ
1476 1264 1571 1301 παρὼν
1599 1264 1795 1294 ἅπελάκτισας.
1821 1261 1856 1288 Τὸ

1068 1317 1096 1343 δὲ
1110 1315 1204 1349 ἀσεϐῆ
1216 1315 1263 1342 καὶ
1273 1313 1449 1349 ἁμαρτωλὸν
1461 1313 1520 1339 ἀντὶ
1534 1311 1645 1346 γενικῆς
1656 1309 1776 1339 άπικῶς
1786 1307 1855 1342 εἴλη-

1069 1372 1128 1398 φεν.
1141 1361 1206 1389 Εἶτα
1231 1363 1245 1388 6
1268 1361 1316 1397 μὲν
1338 1360 1421 1386 ἐδεῖτο
1436 1358 1524 1394 ζητῶν
1539 1356 1687 1392 θεραπείαν
1697 1364 1704 1371 ’
1721 1355 1753 1381 σὺ
1765 1354 1795 1380 δὲ
1809 1353 1856 1379 οὐκ

1068 1409 1190 1444 ἔφριξας,
1206 1407 1273 1434 ἀλλὰ
1288 1407 1335 1433 καὶ
1348 1406 1393 1432 τὸν
1407 1405 1481 1441 ἱερὲα
1494 1402 1667 1439 καθύϐριζες,
1677 1400 1857 1444 δικαιώσαντα

1068 1443 1114 1482 τὸν
1128 1454 1196 1481 κατὰ
1213 1454 1243 1480 σὲ
1266 1453 1350 1488 ἀσεϐῆ
1363 1452 1401 1484 ὡς
1416 1450 1576 1487 ἁμαρτωλὸν
1594 1448 1684 1479 ἐλέους
1697 1447 1773 1479 ἄξιον
1790 1443 1855 1472 εἶναι

1070 1501 1248 1537 μετανοοῦντα
1258 1509 1265 1514 ·
1283 1499 1329 1526 καὶ
1344 1499 1429 1531 τέλος,
1449 1497 1547 1529 Ἔξιθι,
1563 1496 1645 1530 ἔφης,
1661 1494 1708 1521 καὶ
1724 1492 1857 1537 αὺτὺςνεὶς

1068 1536 1102 1570 τὰ
1127 1544 1211 1571 ἄδυτα
1232 1543 1434 1578 εἰσεπήδησας,
1459 1541 1508 1568 καὶ
1531 1540 1565 1567 τὰ
1591 1540 1714 1575 ἄκραντα
1745 1536 1857 1572 συνῆξας

1072 1591 1222 1626 μυστήρια,
1246 1590 1328 1615 οἱονεὶ¹
1357 1588 1479 1623 ἐπῆρας,
1511 1586 1566 1613 ἀπὺ
1591 1585 1638 1612 τοῦ
1665 1582 1855 1618 θυσιαστηρίου

1031 1655 1054 1686 c
1071 1636 1207 1671 βαστάσας
1225 1635 1280 1671 (85)
1291 1645 1297 1650 -
1318 1635 1356 1667 ὠς
1372 1634 1444 1661 ἔοικε
1464 1633 1519 1669 γὰρ
1539 1633 1580 1659 ἔτι
1601 1630 1803 1686 λειτουργοῦντι
1821 1628 1857 1663 τῷ

1071 1685 1139 1719 ἱερεῖ
1160 1683 1260 1718 ἐπέστη
1285 1682 1299 1708 6
1321 1680 1483 1717 Δημόφιλος.
1501 1679 1593 1707 Τοῦτο
1618 1678 1684 1713 γοῦν
1706 1675 1857 1710 πεποίηκας

1069 1728 1201 1761 ἀναξίως·
1223 1726 1354 1754 διακόνων
1368 1727 1422 1763 γὰρ
1444 1726 1493 1753 καὶ
1512 1724 1707 1761 πρεσϐυτέρων
1721 1723 1752 1749 τὸ
1776 1722 1856 1748 ποιεῖν

1068 1775 1180 1802 τοιαῦτα
1191 1795 1197 1806 ,
1213 1774 1258 1800 τοῦ
1275 1774 1357 1810 νόμου
1371 1773 1507 1807 λέγοντος,
1525 1771 1580 1799 Καὶ
1594 1771 1619 1797 οἱ
1637 1771 1720 1806 ἱερεῖς
1735 1775 1857 1804 περιστε-

1069 1822 1146 1848 λοῦσι
1165 1821 1200 1847 τὰ
1216 1820 1298 1854 ἅγια,
1313 1820 1351 1851 ὡς
1367 1819 1413 1846 καὶ
1433 1820 1462 1845 ὲν
1476 1820 1532 1850 τοῖς
1548 1817 1611 1852 ἑξῆς
1632 1825 1709 1851 φησι.
1725 1816 1781 1842 Καὶ
1795 1814 1858 1850 γρά-

1069 1876 1129 1902 φεις
1141 1888 1147 1899 ,
1163 1868 1203 1893 ὃτι
1222 1866 1352 1902 μέλλοντα
1373 1865 1553 1901 διαφθαρῆναι
1565 1863 1599 1890 τὰ
1613 1864 1679 1897 ἅγια
1698 1862 1856 1892 ἀπέσωσας;

1069 1913 1126 1940 Νῦν
1141 1911 1188 1939 οὖν
1200 1913 1281 1940 ἄκουε
1296 1912 1407 1939 καὶτῶν
1424 1911 1576 1947 ἡμετέρων.
1598 1909 1636 1935 UO
1658 1908 1770 1944 Θεμιτὸν
1795 1915 1856 1942 πρε-

1071 1960 1216 1995 σϐύτερον,
1233 1958 1284 1985 κᾶν
1302 1958 1465 1994 ἁμαρτάνοι,
1481 1956 1533 1983 ὑπὸ
1556 1955 1680 1982 διακόνου
1694 1953 1856 1989 ὑψηλοτέρου

1071 2014 1128 2037 σου,
1153 2005 1168 2040 ἢ
1186 2005 1233 2031 καί
1255 2004 1425 2039 μονάζοντος,
1442 2001 1611 2029 εὐθύνεσθαι.
1630 2000 1714 2033 Τάξις
1733 1999 1788 2035 γὰρ
1801 2007 1856 2025 συν-

1070 2052 1126 2087 έχει
1143 2051 1246 2077 πάντα’
1262 2051 1338 2086 πόσῳ
1352 2059 1383 2084 γε
1399 2049 1499 2085 μᾶλλον
1513 2048 1560 2074 ἐπὶ
1577 2048 1634 2077 τοῖς
1652 2046 1800 2082 ἡμετέροις
1820 2044 1857 2070 δεῖ

1069 2098 1119 2133 τὴν
1136 2097 1213 2130 τάξιν
1232 2096 1428 2131 φυλάττεσθαις
1446 2096 1470 2122 εἰ
1484 2094 1539 2130 γὰρ
1559 2093 1656 2126 ἀταξία
1669 2113 1676 2125 ,
1691 2092 1785 2118 λοιπὸν
1797 2093 1855 2126 ἐμε-

1072 2143 1149 2179 ρίσθη
1166 2144 1208 2177 ἐφ’
1224 2143 1319 2169 ἑαυτὸν
1336 2143 1350 2168 6
1366 2142 1529 2173 Θεός·πᾶσα
1540 2140 1568 2166 δὲ
1585 2138 1720 2174 βασιλεία,
1735 2138 1796 2172 ἣτις
1812 2144 1855 2171 με·

1072 2189 1240 2226 ρισοήσεται,
1256 2190 1286 2216 οὐ
1299 2188 1474 2224 σταθήσεται.
1488 2188 1543 2214 Καὶ
1559 2187 1582 2213 εἰ
1601 2185 1649 2212 τοῦ
1666 2185 1736 2211 Θεοῦ
1757 2182 1855 2216 ἐστινή

1071 2236 1174 2271 κρίσις,
1190 2235 1300 2271 ἄγγελοι
1315 2235 1343 2261 δὲ
1359 2233 1426 2261 Θεοῦ
1452 2235 1475 2260 οἱ
1495 2234 1578 2269 ἱερεῖς
1594 2231 1663 2268 μετὰ
1689 2231 1755 2262 τοὺς
1770 2229 1856 2265 ἱεράρ-

1070 2291 1120 2317 χας
1136 2282 1198 2308 εἰσί.
1216 2282 1252 2307 Σὺ
1269 2281 1298 2308 δὲ
1319 2281 1380 2307 οὐδὲ
1394 2282 1451 2312 τοῖς
1470 2280 1651 2315 λειτουργοῖς,
1667 2277 1788 2313 δηλονότι
1805 2276 1857 2306 τοῖς

230 2334 295 2361 erga
310 2326 411 2361 alioqui
431 2327 553 2361 ingratos
568 2327 714 2363 benignum
740 2335 784 2354 me
806 2326 930 2361 praestiti.
953 2325 1016 2353 Cum

1071 2328 1215 2359 διακόνοις,
1233 2328 1436 2362 συνιστάμενος,
1447 2326 1515 2353 ἀλλὰ
1526 2325 1584 2361 μετ’
1601 2325 1711 2356 αὐτοὺς,
1727 2324 1760 2350 δι’
1773 2321 1857 2350 αὐτῶν

230 2372 303 2399 enim
327 2373 380 2407 ipsi
399 2378 546 2407 peccatores
566 2373 652 2400 adhuc
668 2382 799 2405 essemus,
826 2373 948 2400 Christus
971 2381 1018 2408 pro

230 2418 305 2445 nobis
321 2413 441 2446 νηοί-ιλιαδ
460 2419 514 2454 est],
535 2420 633 2446 scribit
657 2419 827 2446 admirabilis
843 2419 888 2446 ille
902 2419 1019 2454 Aposto-

231 2465 274 2493 lus
281 2465 305 2492 ιδ.
318 2465 371 2498 Qui
385 2465 534 2492 etiamnum
547 2466 614 2492 oriri
629 2466 693 2500 facit
707 2465 789 2492 solum
802 2473 880 2499 super
895 2466 979 2493 malus
993 2471 1019 2493 et

231 2511 326 2543 bonos,
345 2511 575 2546 quemadmodum
590 2512 673 2539 refert
695 2512 768 2538 sacri
783 2512 910 2539 doctrina
926 2512 1017 2539 Evan-

231 2559 313 2593 gelii°
328 2568 334 2591 ;
349 2559 395 2593 qui
414 2560 532 2586 animam
551 2566 659 2594 quoque
679 2567 756 2587 suam
784 2560 860 2594 ponit
883 2567 932 2594 pro
949 2560 1020 2587 refu-

230 2607 281 2640 gis.
298 2606 338 2633 Tu
354 2610 444 2633 autem
458 2626 465 2636 ,
485 2613 502 2632 ο
516 2605 685 2640 Demophile,
700 2610 729 2633 ut
745 2611 798 2633 tua}
816 2606 958 2634 declarant
971 2607 1018 2633 lit-

231 2657 294 2678 terze
314 2652 401 2687 (prius
416 2652 489 2678 enim
505 2652 538 2678 ad
556 2656 680 2678 sanctum
708 2652 812 2679 litteras
835 2652 893 2687 ipse
908 2653 1019 2681 dederat

231 2697 407 2732 Demophilus
423 2698 506 2731 hujus
528 2698 640 2726 nuntias
662 2697 726 2724 facti
745 2707 751 2725 :
768 2699 869 2733 quibus
885 2707 946 2726 sese
960 2700 1019 2735 glo—

228 2745 330 2772 riosius
343 2744 484 2776 eil‘ercbat,
504 2744 584 2778 quasi
600 2743 707 2771 facinus
722 2745 871 2779 peregisset
887 2753 948 2772 cum
965 2745 1019 2779 pri-

229 2790 282 2817 mis
296 2791 377 2818 laude
390 2789 606 2825 dignum),dieis
621 2789 714 2824 igitur,
728 2790 791 2824 quia
805 2790 937 2818 adversus
952 2799 1014 2818 eum

228 2836 275 2871 qui
289 2836 450 2871 presbytero
473 2833 646 2870 prociderat,
662 2835 774 2870 impium
790 2840 817 2862 et
846 2841 1017 2870 peccatorem

229 2883 310 2911 talem
327 2883 401 2910 hunc
415 2881 501 2910 refert
520 2882 599 2910 Pater
612 2882 690 2917 juxta
714 2882 866 2917 Demcphili
889 2884 1017 2916 verbum,

280 2962 292 2982 ιτ
308 2960 388 2989 Rom.
404 2970 431 2994 ν,
453 2961 480 2989 9.
519 2968 529 2981 ε
550 2961 645 2989 Matth.
660 2970 685 2994 ν,
701 2961 744 2989 45.

1072 2375 1230 2402 ὲκδιδάσχου
1255 2374 1330 2410 παρὰ
1345 2373 1400 2400 τῶν
1417 2373 1512 2409 ἱερέων
1536 2367 1609 2407 (86),
1632 2371 1665 2398 δι’
1688 2369 1726 2397 ὧν
1745 2369 1857 2405 ἡξιώθης

1073 2422 1159 2448 καὶτὸ
1169 2421 1339 2457 Θεραπευτὴς
1353 2418 1432 2452 εἶναι,
1448 2419 1519 2455 (καθ’
1531 2418 1684 2454 ὑπερὸατὸν
1699 2418 1754 2453 γὰρ
1768 2418 1784 2452 ἡ
1798 2416 1856 2442 σύν-

1072 2468 1177 2503 ταξιςο)
1203 2468 1271 2504 πρὸς
1301 2467 1391 2493 αὐτῶν
1421 2466 1542 2501 δηλονότι
1567 2465 1620 2491 τῶν
1642 2464 1739 2500 ἱερέων
1760 2461 1857 2489 ἐκδιδά-

1074 2523 1139 2540 σκου
1155 2514 1210 2549 (87)
1222 2534 1229 2545 ,
1248 2514 1281 2540 δι’
1295 2511 1332 2540 ὧν
1348 2515 1394 2540 καὶ
1412 2513 1556 2549 μοναχικόν
1576 2520 1616 2538 σοι
1639 2511 1732 2546 σχῆμα
1749 2509 1853 2536 δέδοται.

1074 2561 1109 2587 ’Ἡ
1124 2561 1184 2595 οὐχὶ
1201 2562 1332 2596 μαρτυρεῖ
1352 2569 1402 2595 μου
1418 2560 1457 2595 τῷ
1477 2559 1549 2594 λόγῳ
1566 2558 1613 2585 καὶ
1627 2556 1698 2584 αὐτὰ
1709 2558 1744 2582 τά
1758 2555 1806 2589 τῆς
1821 2554 1857 2579 ἰε-

1074 2608 1123 2643 ρᾶς
1143 2606 1247 2639 τάξεως
1264 2606 1402 2642 σύμϐολας
1420 2607 1558 2632 Ἴστανται
1579 2603 1634 2638 γὰρ
1654 2603 1683 2629 ὲν
1700 2602 1749 2638 μὲν
1763 2600 1801 2636 τῷ
1813 2599 1857 2625 θυ-

1072 2653 1220 2689 σιαστηρίῳ
1237 2653 1343 2689 πρῶτον
1357 2654 1509 2689 ἀρχιερεῖς,
1523 2649 1582 2677 εἶτα
1607 2651 1699 2686 ἱερεῖς,
1716 2647 1775 2676 εἶτα
1793 2645 1856 2682 πρὸς

1070 2701 1130 2731 ταῖς
1157 2699 1253 2731 πύλαις
1268 2699 1401 2725 διάκονον
1420 2698 1518 2730 ἔξωθεν
1526 2697 1554 2723 δὲ
1568 2696 1622 2723 τῶν
1638 2695 1731 2722 πυλῶν
1741 2697 1765 2722 οἱ
1781 2695 1855 2729 θερα-

1071 2745 1178 2778 πευταὶ,
1196 2745 1264 2781 πρὸς
1277 2745 1371 2776 αὐταῖς
1385 2744 1534 2780 ἱστάμενοι,
1547 2743 1578 2769 οὐ
1590 2742 1659 2778 πρὸς
1675 2742 1795 2777 φυλακὴν
1809 2739 1855 2765 αὗ-

1069 2791 1123 2818 τῶν
1139 2791 1171 2827 δὴ
1187 2791 1241 2817 τῶν
1256 2791 1358 2822 πυλῶν,
1375 2790 1464 2826 (τοῦτο
1479 2789 1533 2825 γὰρ
1554 2789 1607 2815 τῶν
1622 2788 1692 2823 πρὸς
1707 2788 1798 2817 αὑταῖς
1813 2786 1855 2810 ἐν-

1070 2838 1114 2869 τὸς
1132 2838 1283 2874 ἱσταμένων
1308 2837 1488 2873 λειτουργῶν,
1513 2835 1634 2871 δηλονότι
1661 2834 1788 2861 διακόνων
1809 2829 1855 2857 καὶ

1071 2884 1267 2915 ὑποδιακόνων,
1290 2884 1399 2919 ἐστίν’)
1419 2883 1486 2911 ἀλλὰ
1507 2882 1575 2918 πρὸς
1590 2880 1666 2914 τάξιν
1684 2881 1730 2907 καὶ
1743 2878 1855 2912 ἐπίγνω-
