1941 3267
101 245 148 273 169
177 260 183 265 ι
470 241 696 269 ΡΑΟΗῩΜΕΒᾸΕ
713 239 889 268 PARAPHM

939 238 954 265 Ξ
972 237 1004 264 IN
1026 237 1100 264 EPP.
1121 236 1149 264 S.
1171 235 1330 263 DIONYSII.
1670 233 1721 261 ‘70

102 312 139 331 σιν
153 301 255 329 ἑαυτῶν
272 302 346 337 (88),
362 302 405 328 ἵνα
427 301 643 335 ὲπιγινὼσκωσιν
664 299 776 330 ἑαυτοὺς
788 296 822 334 ἦς
836 298 885 325 τά-

939 305 991 325 non
1007 300 1037 324 ut
1050 304 1100 324 sua
1114 296 1200 330 ipsius
1216 302 1292 321 mens
1310 292 1445 320 sentiebat
1455 301 1462 326 ;
1472 299 1560 327 neque
1574 291 1646 318 enim
1658 299 1722 319 eum

101 350 161 382 ξεως
174 348 220 374 καὶ
236 347 317 380 ἀξίας
331 348 398 381 είσὶ,
414 347 461 374 καὶ
479 347 515 382 μὴ
537 347 590 373 τῶν
607 346 768 382 κρειττόνων
784 353 886 371 κατεπ-

101 394 239 438 αῖφνταν
259 393 360 429 μᾶλλον
384 393 437 429 γὰρ
451 393 490 428 τῷ
512 392 568 428 λαῷ
588 391 780 428 πλησιάζουσιν
796 391 812 426 ἢ
826 392 886 422 ταῖς

102 441 247 475 ίερατικαῖς
264 439 357 471 τάξεσι
370 439 437 475 (89).
452 438 508 465 Καὶ
517 438 596 464 τοῦτο
612 438 662 465 οὐκ
677 438 827 469 ἀπεικότως
841 438 885 464 λέ-

101 494 148 520 γει,
167 485 224 511 ἀλλ’
249 485 291 511 ὅτι
306 486 331 512 οἱ
350 485 399 520 μὲν
424 484 570 520 ἱερωμένοι
595 484 650 519 (90)
671 484 734 510 ἴδιον
752 484 834 510 τόπον
855 483 886 509 τὸ

101 532 164 558 θεῖον
179 531 374 567 θυσιαστήριον
395 530 517 566 ἔχουσιν⁸
538 531 562 557 οἱ
576 529 604 556 δὲ
627 530 737 566 μοναχοὶ
758 529 826 565 μετὰ
838 528 885 556 τοῦ

101 577 158 604 λαοῦ
174 577 276 610 ἔξωθεν
292 577 432 609 ἵστανται,
458 578 483 603 εἰ
505 576 552 603 καὶ
571 576 619 603 τοῦ
642 576 707 603 λαοῦ
729 576 754 602 οἱ
776 576 886 612 μοναχοὶ

100 625 284 660 προΐστανται.
302 624 352 651 Διὰ
367 624 445 651 τοῦτο
461 624 508 650 καὶ
521 625 537 659 ἡ
555 623 616 658 ἱερὰ
631 622 794 659 θεσμοθεσία
805 624 834 648 ὲν
847 622 885 658 τῷ

102 669 313 706 μεταλαμϐάνειν
326 670 437 702 τούτους
453 672 509 702 τοῖς
519 669 668 705 ὲνδοτέροις
680 669 729 704 τὴν
745 668 885 704 μετάδοσιν

101 716 255 752 ἐγχειρίζει·
275 716 323 743 καὶ
339 715 393 752 γὰρ
413 717 436 743 οἱ
449 716 526 747 ὲντὸς
538 714 765 751 ἀπερικαλύπτως
775 714 809 741 τὰ
827 714 885 741 θεῖα

100 762 139 788 διὰ
153 761 297 798 συμϐόλων
318 762 447 797 βλέπουσι
467 762 514 788 καὶ
534 761 680 789 ἀκούουσι·
697 761 743 787 καὶ
758 761 805 787 ἐπὶ
823 761 886 792 τοὺς

100 808 190 841 ἔξωθεν
201 808 257 834 τῶν
275 808 537 844 παραπετασμάτων
554 807 724 843 ἱσταμένους,
743 807 884 842 μοναχοὺς,

99 854 212 887 λαῖκοὺς,
226 855 270 894 ἔτι.
283 855 330 881 καὶ
346 854 396 887 τὰς
414 854 615 890 καθαιρομένας
630 854 731 886 τάξεις,
751 861 885 888 κατηχου-

101 902 205 937 μένους,
229 902 279 928 καὶ
293 902 358 933 τοὺς
375 902 403 928 έν
422 901 566 937 μετανοίᾳ,
587 901 621 927 τὰ
637 900 697 936 ιερὰ
713 900 884 935 ἐκφαίνουσι,

938 343 1018 379 265
1029 342 1146 369 habebat
1164 348 1214 375 pro
1229 340 1323 375 impio,
1338 346 1419 374 quem
1434 338 1515 373 plane
1528 341 1659 372 cognorat
1675 339 1723 365 ad-

936 390 1014 417 missi
1031 388 1162 415 facinoris
1185 386 1326 422 pmnitsre)
1337 405 1344 417 .
1362 385 1493 412 adversus
1508 384 1633 411 eumdem
1656 391 1723 411 con-

936 438 1047 468 sistens,
1063 435 1186 462 calcibus
1202 433 1340 468 pulsatum
1356 430 1490 465 abjecisti.
1506 429 1624 456 Proinde
1640 436 1722 456 accu-

936 484 1038 512 satives
1055 481 1142 516 ἀσεὸῆ
1165 480 1212 507 καὶ
1236 477 1397 514 ἀμαρτωλόν
1412 484 1460 512 pro
1475 476 1602 511 genitivis
1617 475 1722 510 accepit

936 530 1029 566 phrasi
1043 528 1143 564 attica.
1168 527 1202 553 At
1223 526 1333 553 interim
1350 524 1463 559 supplex
1478 523 1523 550 ille
1537 522 1649 557 rogabat
1663 521 1722 549 eni-

936 578 1008 608 xius,
1022 582 1147 610 quaerens
1163 572 1335 601 remedium:
1348 574 1376 597 tu
1392 574 1498 600 contra,
1515 568 1582 595 adeo
1602 575 1656 594 non
1673 575 1721 594 ex-

937 622 1084 653 horruisti,
1111 624 1141 647 ut
1167 617 1336 647 sacerdotem
1360 617 1473 650 insuper
1497 622 1552 641 non
1579 612 1721 641 toleranda

936 667 1101 696 contumelia
1117 665 1285 701 asperseris;
1302 662 1376 697 quod
1389 669 1453 689 eum
1466 681 1473 692 ,
1490 660 1537 696 qui
1554 663 1600 686 tua
1614 664 1722 686 senten-

936 715 973 742 tia
987 714 1086 749 impius
1100 715 1159 740 erat
1175 719 1207 739 ac
1226 713 1364 745 peccator,
1382 708 1422 735 sic
1436 711 1528 733 tamen
1545 706 1721 741 pamitcntem

933 761 1038 796 justum
1060 758 1265 794 pronuntiasset
1280 760 1306 783 et
1322 753 1513 782 misericordia
1525 752 1653 787 dignum;
1675 752 1722 778 de—

937 808 1019 841 nique
1040 805 1115 832 abire
1138 803 1264 838 iussisti,
1291 808 1341 828 nec
1367 800 1409 827 his
1432 804 1596 830 contentus,
1621 797 1722 832 ipsein

937 853 1016 888 adyta
1029 850 1159 878 insiluisti
1176 848 1320 884 impudens
1335 854 1367 874 ac
1383 846 1450 872 nulli
1467 849 1567 872 temere
1581 842 1723 871 tractanda

937 898 1067 934 mysteria
1092 894 1310 926 commiscuisti,
1335 892 1429 921 eadem
1464 890 1659 926 propemodum
1688 889 1722 916 ab

100 936 183 979 καλῶς
206 947 250 974 ἀεὶ
273 936 507 983 διαφυλαττόμενα
530 948 651 983 ἃχραντα
674 947 728 974 ἀπὸ
751 946 805 972 τῶν
831 945 885 971 σῶν

939 946 997 980 ipso
1020 943 1099 971 altari
1123 942 1224 977 injecta
1247 947 1332 967 manu
1350 937 1512 973 exportasti.
1538 936 1573 963 Ut
1594 936 1667 963 enim
1692 942 1723 961 re

99 993 194 1029 όψεων,
221 994 321 1030 μέχρις
335 991 381 1026 οὗ,
401 977 574 1030 τυραννικὸλςι
592 994 758 1030 εἰσπηδήσας
773 994 865 1027 αὐτοῖς
875 1014 882 1025 ,

939 991 996 1026 ipsa
1019 993 1146 1025 apparet,
1169 987 1304 1016 sacerdoti
1321 986 1471 1013 etiamnum
1496 983 1583 1011 sacris
1598 981 1723 1017 operanti

100 1040 250 1074 ἠνάγκασας
270 1039 493 1075 ὲκπομπευθῆναί
509 1048 549 1066 σοι
562 1039 596 1066 τὰ
612 1039 723 1067 ἀθέατα.
739 1040 775 1066 Σὺ
790 1040 817 1066 δὲ
831 1041 883 1076 φῂς

99 1085 163 1121 ἔχειν
183 1086 230 1112 καὶ
256 1085 446 1121 διαφυλάττειν
470 1086 505 1113 τὰ
527 1085 603 1122 ἱερὰ,
621 1086 657 1122 μὴ
680 1085 758 1118 εἰδὼς
771 1087 813 1113 ὄτι
834 1087 883 1113 οὐκ

99 1131 164 1166 ἔχεις
177 1131 282 1158 ταῦτα·
307 1132 368 1158 ἐπεὶ
390 1132 515 1167 οὐδαμῶς
530 1141 588 1164 σοι,
610 1132 677 1159 ἀλλὰ
703 1133 760 1165 τοῖς
781 1132 883 1168 ίερεῦσι

97 1178 221 1214 διαφέροι.
246 1178 285 1204 Τὸ
303 1178 332 1204 δὲ
354 1178 458 1214 ’Ὠσπερ
475 1178 535 1204 οὐδὲ
557 1178 606 1214 τὴν
623 1178 766 1214 ἀλήθειαν,
785 1180 831 1205 καὶ
849 1179 883 1205 τὰ

98 1224 164 1258 ἑξῆς,
180 1225 259 1259 φησὶ,
274 1224 481 1259 καθαπτόμενος
494 1224 600 1257 τούτου,
619 1225 666 1251 καὶ
682 1225 724 1250 ἐπ’
737 1224 804 1260 ἄλλῃ
820 1225 884 1251 ἀτα-

99 1268 137 1305 ξίᾳ
150 1271 195 1296 καὶ
210 1270 394 1305 ἀναισχυντίᾳ
409 1270 463 1306 (91)
473 1290 480 1302 ,
496 1269 557 1297 καθ’
570 1270 603 1306 ἢν
618 1270 777 1306 λογομαχῶν
798 1270 884 1306 καθη-

99 1315 191 1351 μέραν,
214 1316 266 1342 οὐκ
280 1316 330 1342 ἐπὶ
348 1316 476 1343 συστάσει
491 1315 556 1351 (92),
574 1316 631 1342 ἀλλ’
645 1316 691 1342 ἐπὶ
709 1318 883 1352 καταστροφῇ

97 1361 145 1388 τῶν
160 1363 325 1394 ἀκουόντων,
338 1361 388 1394 τὰς
402 1362 514 1398 Γραφὰς
528 1362 719 1396 ἀνεγίνωσκεν.
740 1362 816 1389 Ἐπεὶ
826 1362 884 1388 δυσί

97 1417 146 1434 τισι
158 1409 317 1444 κεφαλαίοις
332 1408 481 1445 περιοριξει
497 1409 547 1444 τὴν
566 1408 613 1435 τοῦ
629 1408 781 1443 Δημοφίλου
796 1409 885 1443 ἀμαρ-

97 1453 150 1481 τίαν
163 1455 211 1482 καὶ
224 1454 351 1487 ἀταξίαν,
369 1454 407 1491 τῷ
421 1456 450 1481 τε
463 1455 635 1491 ἐπιχειρῆσαι
649 1456 705 1486 τοῖς
718 1454 805 1488 ἁγίοις
815 1474 823 1485 ,
839 1455 886 1481 καὶ

97 1500 133 1535 τῷ
147 1501 191 1528 τὸν
211 1501 401 1538 πρεσϐύτερον
417 1501 542 1537 ὑῦρίσαι·
561 1502 653 1528 ἐατέον
672 1501 726 1537 γὰρ
745 1501 793 1536 τὴν
815 1501 886 1528 κατὰ

97 1547 139 1573 τοῦ
153 1548 347 1583 μετανοοῦντος
359 1548 536 1575 ἀπολακτισιν
551 1548 598 1574 καὶ
610 1546 741 1583 ὲξώθησιν
751 1556 757 1563 ·
773 1547 818 1573 δύο
832 1547 886 1582 γὰρ

98 1594 224 1629 ἐργασίας
235 1595 292 1621 ἀπὸ
306 1594 352 1621 τοῦ
368 1594 508 1626 ἐλάττονος
522 1594 659 1630 παρέλαϐε
669 1603 676 1610 ·
694 1594 761 1629 πρὸς
775 1593 822 1629 μὲν
837 1594 886 1629 τὴν

934 1037 1141 1073 impressionem
1159 1034 1224 1062 fecit
1238 1032 1426 1067 Demophilus.
1442 1030 1499 1058 Hoc
1522 1029 1607 1065 igitur
1627 1028 1676 1055 abs
1696 1031 1723 1054 te

935 1084 1043 1120 indigne
1068 1083 1170 1110 factum
1193 1084 1246 1109 est.
1263 1079 1389 1106 Diaconis
1403 1077 1484 1120 [enim
1509 1081 1536 1104 et
1556 1074 1723 1111 presbyteris

934 1131 1030 1157 isthch
1051 1128 1145 1156 munia
1159 1126 1371 1158 conveniebant,
1387 1123 1493 1151 dicente
1518 1122 1577 1156 lege
1593 1131 1599 1148 :
1613 1120 1646 1146 Et
1676 1127 1722 1146 sat--

934 1176 1059 1203 ccrdotes
1081 1173 1227 1201 obvolvent
1243 1175 1338 1199 sancta
1352 1179 1359 1203 ;
1375 1166 1606 1205 quemadmodum
1620 1166 1648 1192 in
1664 1172 1725 1200 pro-

934 1223 1007 1250 xime
1020 1220 1198 1256 sequentibus
1210 1219 1291 1246 Pater
1303 1217 1394 1244 docet.
1412 1215 1444 1242 Et
1458 1222 1522 1242 ecce
1537 1212 1647 1243 scribis,
1660 1219 1724 1238 san-

934 1273 987 1301 cta,
996 1275 1058 1296 cum
1066 1268 1122 1302 jam
1132 1263 1371 1293 contaminationis
1384 1261 1551 1296 impenderet
1561 1257 1722 1294 periculum,

936 1315 1096 1343 intemerata
1113 1312 1223 1340 tandem
1239 1315 1266 1338 te
1288 1308 1463 1338 asservasse?
1481 1306 1560 1334 Nunc
1576 1305 1658 1340 igitur
1674 1310 1723 1329 no-

936 1365 1020 1389 stram
1038 1368 1120 1395 super
1130 1359 1173 1387 bis
1196 1358 1291 1393 accipe
1307 1355 1482 1385 sententiam.
1495 1352 1549 1380 Fas
1565 1351 1722 1385 neutiquam

935 1415 996 1435 esse
1021 1413 1165 1433 censemus
1187 1404 1386 1438 presbyterum,
1412 1400 1493 1428 etiam
1522 1398 1546 1425 si
1564 1397 1640 1424 illum
1658 1403 1724 1423 con-

937 1453 1024 1487 tingat
1040 1459 1055 1478 a
1069 1450 1233 1478 rectitudine
1246 1448 1400 1478 deﬂectere,
1412 1445 1445 1472 ab
1456 1445 1516 1479 ipso
1532 1450 1582 1470 suo
1594 1442 1721 1471 diacono,

936 1501 982 1536 qui
1000 1504 1027 1527 te
1048 1498 1148 1532 alioqui
1176 1496 1302 1531 superior
1319 1497 1377 1525 est,
1394 1492 1422 1519 in
1438 1489 1656 1526 disquisitionem
1675 1495 1722 1513 vo-

938 1547 1012 1578 cari,
1027 1546 1085 1573 sive
1100 1545 1182 1572 etiam
1215 1544 1249 1570 ab
1274 1541 1329 1568 alio
1344 1538 1442 1575 quovis
1465 1535 1636 1564 monasticen
1658 1541 1722 1569 pro-

938 1594 1023 1622 fesso.
1042 1590 1116 1619 Ordo
1135 1590 1208 1617 enim
1232 1592 1293 1621 est,
1318 1587 1365 1622 qui
1386 1585 1514 1612 universa
1539 1581 1725 1609 coluerescere

98 1628 204 1677 πρώτην
217 1641 360 1677 ἁμαρτίαν
375 1640 460 1675 λέγων
474 1636 514 1667 τ6’
525 1628 628 1676 Εἱημὲν
635 1628 830 1675 ἐθναρχίᾳγτις
838 1640 887 1673 ἀφ’

941 1640 1018 1670 facit,
1037 1643 1064 1666 et
1078 1636 1209 1665 continet.
1227 1634 1335 1667 Quanto
1350 1639 1416 1660 sane
1429 1629 1518 1665 magis
1537 1628 1660 1656 addecet,
1680 1633 1727 1652 οι·-

98 1672 200 1714 ἑαυτοῦ
207 1672 394 1721 ἐπεχείρησε,
405 1672 447 1721 μὴ
457 1672 589 1719 διδόντος
597 1686 649 1713 τοῦ
654 1672 884 1719 βαάὶάέωςέέτὶ-

939 1687 1027 1714 dinem
1042 1682 1178 1711 asservari
1192 1681 1220 1708 in
1235 1680 1326 1711 nobis,
1341 1677 1472 1705 nimirum
1490 1674 1596 1704 sacris?
1614 1672 1690 1706 Quod
1702 1672 1726 1699 si

97 1732 213 1766 μωρεῖτο
227 1733 282 1759 ἄν·
299 1732 369 1767 πρὸς
381 1733 409 1759 δὲ
422 1732 471 1768 τὴν
485 1733 613 1768 δευτέραν
625 1732 721 1767 λέγων,
736 1732 885 1759 Καὶεὶτὸν

99 1775 272 1804 δικαιοῦντα
289 1777 433 1811 ἄρχοντα,
447 1777 466 1811 ἢ
479 1777 709 1808 καταδικάζοντὰ
724 1786 799 1812 τινα,
814 1785 889 1812 παρ-

98 1821 187 1855 εστώς
197 1831 244 1856 τις
259 1822 428 1857 ἀνέκρινεν,
441 1822 523 1849 οὔπω
540 1823 617 1857 λέγω
634 1824 793 1857 καθύϐριζέ.
806 1824 889 1851 Πάλιν

98 1868 150 1894 ἀπὸ
159 1868 251 1895 κοινοῦ
263 1868 295 1894 τὸ
307 1868 475 1903 ἐτιμωρεῖτο
483 1868 531 1895 ἄν.
543 1869 579 1895 Σὺ
589 1869 617 1896 δὲ
626 1869 749 1896 τοσοῦτον
757 1869 890 1905 τολμηρὸς

99 1910 130 1943 εἷ,
140 1913 185 1940 καὶ
196 1914 244 1948 ἀφ’
258 1913 356 1940 ἑαυτοῦ
366 1913 497 1948 ἱερωσύνῃ
509 1914 648 1948 ἐγχειρῶν,
658 1915 704 1940 καὶ
716 1914 761 1941 τὸν
774 1914 889 1941 ποεσῆιῖ-

100 1966 173 1993 τερον
192 1959 360 1994 ἀνακρίνων.
377 1960 432 1986 Kal
455 1959 540 1987 ταῦτα
562 1959 616 1986 ἔδει
630 1961 716 1987 εἰπεῖν
732 1961 772 1991 είς
788 1961 888 1986 ἐκεῖνον

99 2004 142 2031 τὸν
166 2005 239 2041 ὑπὲρ
254 2005 304 2040 τὴν
327 2005 404 2038 ἀξίαν
430 2005 479 2041 μὲν
505 2006 671 2041 πράττοντα,
698 2006 773 2041 ὅμως
799 2006 889 2041 μέντοι

101 2051 188 2077 εἰκότα
205 2051 255 2078 καὶ
270 2051 409 2086 πρέποντα
423 2051 488 2087 (93).
512 2052 548 2078 Σὺ
561 2051 589 2078 δὲ
605 2051 665 2078 τίνα
678 2051 751 2084 ’ἐξεις
763 2051 811 2086 τὴν
825 2052 891 2087 απο-

100 2095 200 2131 λογίαν,
216 2097 263 2123 ὅτε
275 2085 322 2123 καὶ
339 2085 473 2133 παρὰ
489 2097 566 2130 ἀξίαν
581 2098 628 2124 καὶ
644 2098 764 2133 μηδόλως
780 2085 890 2131 εἰκότα;

100 2142 152 2169 Καὶ
167 2143 251 2174 εὐθὺς
268 2143 366 2177 ὲπάγει
381 2143 415 2170 τὰ
433 2144 653 2180 παραδείγματα,
666 2145 712 2171 καὶ
727 2144 806 2171 πλέον
822 2145 893 2171 ἐκεῖ-

101 2196 142 2214 νον
162 2189 208 2216 τὸν
235 2189 390 2224 Δημόφιλον
413 2190 562 2226 ποιήσαντα
586 2190 728 2217 δείκνυσιν.
753 2191 781 2217 '0
804 2189 893 2222 Ὀζίας

101 2234 178 2261 καλὸν
192 2235 283 2262 ἐποίει
301 2235 416 2271 θυμιῶν,
433 2237 457 2262 εἰ
472 2236 519 2263 καὶ
535 2234 611 2272 παρὰ
627 2236 676 2272 τὴν
687 2235 779 2269 ἀξίαν
795 2237 820 2262 οἱ
834 2236 893 2263 δαί-

103 2288 179 2315 μονες
198 2280 310 2316 ἀληθῶς
325 2280 426 2315 ἔλεγον,
443 2281 630 2316 Θεολογοῦντες
649 2282 694 2308 τον
707 2281 810 2317 Ἰησοῦν
825 2281 891 2318 (94),

934 1732 963 1759 in
973 1732 1017 1759 his
1028 1726 1295 1765 permiscetnr_ordo,
1315 1724 1450 1759 reliquum
1471 1722 1510 1755 fit,
1523 1725 1552 1748 ut
1565 1721 1592 1747 in
1607 1719 1725 1754 seipsum

934 1778 1007 1805 Deus
1022 1764 1127 1803 divisus
1146 1773 1285 1801 credatur.
1302 1770 1389 1797 Porro
1410 1776 1491 1796 omne
1506 1774 1620 1802 regnum
1636 1764 1726 1800 quod-

937 1829 1045 1857 cunque
1068 1820 1095 1848 id
1117 1819 1226 1846 tandem
1249 1817 1345 1849 fuerit,
1370 1816 1393 1843 si
1419 1814 1567 1845 dividetur,
1591 1813 1646 1847 jam
1672 1819 1728 1838 non

939 1856 1050 1895 stabitd.
1066 1866 1099 1893 Et
1119 1865 1142 1893 si
1156 1864 1203 1891 Dei
1223 1869 1265 1891 est
1284 1862 1431 1897 judicium.
1445 1860 1540 1894 'angeli
1557 1863 1646 1885 autem
1666 1856 1726 1888 Dei,

939 1912 1096 1941 sacerdotes
1115 1910 1209 1938 itidem
1235 1912 1299 1937 sunt
1319 1906 1469 1936 secundum
1485 1912 1550 1932 suos
1575 1902 1728 1939 pontifices,

941 1959 981 1986 Tu
995 1966 1060 1986 vero
1074 1966 1109 1984 ne
1122 1957 1246 1991 ipsorum
1261 1953 1373 1989 quidem
1391 1951 1525 1978 ministris
1539 1950 1631 1977 videre
1653 1955 1728 1976 com.-

941 2003 1094 2039 ponendus,
1106 2001 1235 2029 nimirum
1247 1998 1386 2031 diaconis,
1403 2001 1432 2024 ut
1447 1996 1494 2031 qui
1511 1995 1572 2024 istis
1587 1994 1673 2029 gradu
1689 1993 1728 2021 sis

942 2049 1066 2077 inferior.
1095 2047 1185 2080 Quare
1207 2046 1241 2073 ab
1264 2045 1331 2080 ipsis
1353 2043 1498 2071 instruitur
1521 2039 1726 2070 sacerdotibus,

942 2102 1059 2132 quorum
1089 2093 1176 2121 cilicio
1202 2089 1379 2127 promeruisti
1403 2087 1555 2115 monachus
1585 2090 1615 2113 ut
1640 2092 1726 2112 esses.

943 2131 1120 2169 Constructio
1135 2138 1207 2167 enim
1222 2136 1367 2165 verborum
1380 2138 1422 2162 est
1432 2133 1492 2160 καθ’
1508 2131 1661 2168 ὑπερὸατόν
1680 2139 1729 2158 seu

944 2187 1086 2215 secundum
1110 2184 1301 2219 trajectionem,
1318 2181 1352 2208 ab
1364 2181 1431 2217 ipsis
1451 2179 1556 2208 scilicet
1578 2177 1730 2206 sacerdoti-

945 2235 997 2262 bus
1021 2232 1150 2264 erudire,
1177 2238 1224 2266 per
1239 2236 1308 2264 quos
1331 2227 1443 2255 schema
1466 2225 1624 2253 monasticae
1650 2225 1730 2252 istius

947 2279 1126 2317 professionis
1153 2276 1203 2304 tibi
1226 2274 1356 2302 traditum
1376 2276 1428 2301 est.
1452 2272 1551 2299 Annon
1575 2272 1731 2300 testimonio

102 2327 125 2352 εί
138 2328 185 2354 καὶ
199 2327 288 2363 μηδὲν
305 2327 447 2363 ἐφειμένον
468 2325 503 2363 ἦν
520 2327 634 2360 ἐκείνοις
655 2327 767 2354 τοιαῦτα
787 2328 889 2355 λαλεῖν·

946 2328 1028 2356 etiam
1049 2334 1099 2355 suo
1129 2324 1242 2353 verbum
1267 2328 1357 2349 meum
1377 2319 1499 2356 symbola
1524 2318 1682 2346 suﬂ'uleiunt
1705 2322 1731 2346 et

104 2373 134 2399 σὺ
150 2374 197 2400 καὶ
214 2372 294 2409 παρὰ
309 2373 358 2409 τὴν
371 2373 448 2407 ἀξίαν
462 2374 627 2409 πεποίηκας,
643 2374 690 2400 καὶ
704 2374 764 2409 οὐχὶ
781 2374 812 2400 τὸ
824 2376 896 2408 εἰκὸς

103 2419 253 2457 διεπράξω,
270 2419 384 2456 ὑϐρίσας
404 2419 587 2455 πρεσϐύτερον
602 2420 648 2446 τὸν
659 2420 723 2451 τοὺς
735 2421 896 2455 μετανοοῦν-

103 2473 150 2498 τας
165 2466 399 2502 δεχόμενον.”ορα
415 2467 462 2493 καὶ
472 2466 525 2493 ἀπὸ
541 2466 588 2492 τοῦ
605 2466 720 2493 παλαιοῦ
734 2467 816 2502 νόμου
828 2467 893 2503 (95)'

103 2512 156 2539 Καὶ
167 2513 301 2545 ἕκαστος
309 2511 347 2545 τῇ
357 2511 439 2543 τάξει
448 2511 503 2545 τῆς
509 2512 695 2546 λειτουργίας
701 2512 792 2539 αὑτοῦ
800 2513 895 2545 ἔσται,

103 2558 149 2584 καὶ¹
160 2558 197 2585 τὰ
214 2558 280 2593 ἑξῆς
292 2557 486 2593 διοριζομένων
498 2558 544 2585 καὶ
559 2557 649 2583 πάλιν·
667 2558 801 2592 Ὡργίσθη
816 2558 897 2592 θυμῷ

105 2604 211 2638 Κύριος
220 2603 272 2630 ἐπὶ
284 2602 325 2635 τῷ
332 2603 385 2630 τὸν
400 2601 495 2633 Ὀζῖαν
508 2602 706 2636 προπετῆσαι⁶
715 2603 897 2638 τὴνκιὸωτὸν

103 2650 253 2684 ἀνορθοῦν
255 2649 455 2683 βουλόμενον·
465 2649 522 2680 καὶ,
531 2649 565 2675 Ἠ
569 2648 621 2675 τοῦ
627 2650 656 2675 Μ
657 2648 775 2680 ωϋσέως
781 2647 897 2682 ἀδελφὴ

104 2696 224 2731 Μαριὰμ
235 2695 413 2729 λεπροῦται·
431 2695 478 2721 καὶ
499 2694 563 2729 περὶ
583 2694 636 2721 τῶν
652 2693 717 2721 υἱῶν
737 2694 784 2720 τοῦ
799 2695 897 2727 Σκευᾶ,

105 2742 141 2774 ὡς
148 2742 178 2769 ἐν
186 2743 249 2773 ταῖς
258 2740 377 2776 Πράξεσι
386 2741 508 2776 φέρεται,
519 2741 569 2773 ὅτι,
578 2741 646 2776 μήτε
655 2740 849 2773 πιστεύσαντες
860 2742 900 2772 εἰς

105 2787 234 2823 Χριστὸν,
249 2790 318 2824 μήτε
333 2786 592 2823 κεχειροτονημένοι,
607 2786 752 2822 ἐξώρκιζον
764 2787 828 2818 τοὺς
843 2787 900 2813 δαί-

109 2842 204 2868 μονας.
214 2835 285 2869 ὅπερ
297 2834 355 2864 τοῖς
369 2833 544 2868 ὲφορκισταῖς
559 2832 648 2867 μόνοις
664 2833 763 2867 ἐφεῖτο.
774 2833 828 2859 Καὶ
843 2832 882 2858 πά
891 2847 898 2851 -

108 2877 158 2904 λιν·
168 2879 201 2905 '0
211 2878 337 2912 ἀσεϐὴς,
348 2878 426 2906 θύων
440 2878 558 2911 μόσχον
569 2877 636 2913 (96),
646 2878 685 2911 ὡς
695 2879 710 2905 ό
718 2877 901 2906 ἀποκτείνων

163 2978 177 2998 ἀ
192 2977 288 3007 Matth.
307 2985 355 3012 xu,
371 2977 417 3005 ‘25.

946 2374 1127 2403 corroborant
1143 2371 1215 2399 sacri
1232 2368 1312 2397 istius
1326 2366 1449 2395 ordinis?
1471 2366 1569 2393 Astant
1591 2366 1662 2392 enim
1679 2365 1731 2399 ipsi

947 2429 1001 2449 ara:
1014 2420 1138 2455 proxime
1150 2415 1292 2453 pontifices
1310 2414 1437 2449 primum,
1452 2411 1549 2439 deinde
1564 2410 1730 2443 sacerdotes,

947 2467 981 2495 ad
992 2469 1085 2501 portas
1099 2471 1163 2493 mox
1179 2460 1288 2489 diaconi
1301 2469 1308 2488 :
1322 2460 1356 2487 ab
1368 2462 1477 2486 externa
1492 2462 1631 2492 portarum
1645 2461 1730 2490 parte,

944 2513 1024 2548 juxta
1040 2516 1146 2540 tamen.
1166 2506 1294 2534 monachi
1308 2505 1477 2536 consistunt,
1500 2511 1553 2529 non
1569 2502 1677 2536 quidem
1698 2501 1730 2527 ad

947 2546 1068 2592 ipsarum
1086 2552 1250 2582 custodiam,
1267 2549 1295 2576 id
1315 2549 1387 2576 enim
1406 2548 1528 2574 muneris
1547 2554 1593 2572 eos
1610 2546 1730 2579 respicit,

948 2603 995 2638 qui
1010 2600 1115 2628 foribus
1127 2601 1228 2626 astant.
1241 2595 1289 2622 sed
1304 2595 1462 2625 introrsum,
1481 2600 1575 2626 nempe
1591 2591 1731 2621 diaconos,

948 2636 996 2674 aut
1020 2644 1233 2681 hypodiaconos,
1255 2640 1336 2675 266
1356 2646 1450 2666 verum
1478 2640 1587 2671 propter
1609 2636 1732 2662 ordinem

950 2696 977 2720 et
1000 2689 1182 2726 cognitionem
1204 2687 1246 2715 sui
1267 2687 1407 2721 ipsorum,
1431 2688 1478 2715 ut,
1497 2683 1623 2716 inquam,
1648 2682 1734 2708 inter—

951 2742 1064 2766 noscant
1087 2735 1166 2770 cujus
1182 2734 1238 2762 sint
1252 2737 1279 2760 et
1291 2731 1396 2759 ordinis
1407 2734 1433 2758 et
1447 2728 1601 2763 dignitatis,
1619 2736 1671 2754 neu
1688 2736 1734 2755 su-

949 2791 998 2820 pra
1014 2791 1042 2810 se
1055 2781 1261 2818 pnestantiores
1277 2778 1473 2806 insolescerent
1500 2774 1585 2808 Magis
1599 2775 1670 2801 enim
1689 2783 1734 2801 ac-

948 2829 1048 2856 cedunt
1065 2827 1097 2855 ad
1112 2827 1252 2862 populum,
1263 2831 1344 2859 quam
1358 2823 1391 2851 ad
1406 2829 1499 2849 sacros
1514 2821 1636 2848 ordines.
1647 2821 1734 2856 Atque

950 2876 1001 2902 hoc
1019 2882 1073 2902 non
1088 2873 1136 2901 abs
1154 2880 1183 2900 re
1204 2871 1288 2903 dicit,
1301 2876 1333 2896 eo
1349 2867 1432 2904 quod,
1452 2867 1539 2895 sacris
1554 2868 1666 2903 quidem
1680 2868 1734 2895 ini-

1837 7 1844 9 .
1847 0 1930 10 JAH
