1941 3270
208 237 258 264 Hi

593 229 763 258 APPENDIX
784 229 829 257 AD
849 225 963 257 OPERA
983 227 1012 256 S.
1030 225 1180 255 DIONYSII
1196 225 1440 256 AREOPAGIUE.

1785 220 1835 250 172

209 294 271 322 tiati
285 313 293 326 ,
319 291 448 328 peculiari
471 289 651 326 praerogativa
674 290 764 316 locum
781 288 832 315 sibi
853 286 990 314 vindicant

1045 286 1120 313 κύνα
1137 284 1288 318 λογίζεται,
1309 284 1340 310 οὐ
1359 281 1538 319 προτιεμένου
1553 281 1603 317 τὴν
1624 279 1764 314 φιλότιμον
1787 279 1835 305 θυ-

210 341 289 368 altari
313 340 466 375 proximum
484 346 492 364 :
508 335 636 364 monachi
662 342 727 362 vero
748 339 904 362 extrorsum
928 340 995 359 con-

209 387 311 415 sistunt
328 392 380 412 una
396 391 458 411 cum
473 382 585 417 populo,
601 380 710 410 etimnsi
726 380 827 415 populo
839 378 994 414 superiores

209 433 410 468 quadamtenus
425 429 568 456 obtineant
587 431 689 463 partes.
707 426 783 454 Hanc
797 426 833 453 ob
848 433 903 453 rem
916 430 996 451 sacra

207 479 355 506 etiamnum
379 475 530 512 legislatio,
556 478 587 501 ut
615 473 644 500 bi
670 473 825 500 divinorum
849 470 996 507 participes

208 525 262 552 sint
275 544 282 556 ,
302 522 513 551 administrandi
539 528 640 548 munus
659 519 719 547 istis
740 517 927 548 concredidit,
948 515 994 551 qui

207 570 302 597 intima
326 571 472 604 penetrant
494 567 578 602 adyti.
602 564 692 592 lntitni
715 564 788 591 enim
815 563 875 591 sine
896 562 994 589 obum-

206 616 303 643 brante
318 615 484 644 velamento.
506 617 533 640 et
545 612 638 639 vident
651 616 678 639 et
696 610 812 637 audiunt
828 609 931 640 divina,
946 616 995 643 per

208 662 286 698 signa
301 668 392 688 tamen
412 659 595 696 signiﬁcativa
614 657 714 685 :iidem
733 664 841 691 quoque
861 655 933 690 apud
946 662 995 682 eos

207 709 253 744 qui
275 713 351 736 extra
368 708 427 735 vela
443 707 610 735 consistunt,
634 703 784 731 monachos
802 702 880 733 dico.
897 702 994 734 laicus,

207 764 255 784 eos
273 755 357 783 etiam
382 754 429 790 qui
445 761 500 781 suae
515 751 670 787 purgationi
685 749 837 784 inrigilent.
855 748 926 775 addo
948 755 995 775 ca-

1046 332 1105 358 σίαν
1121 330 1168 357 τοῦ
1187 329 1254 357 Θεοῦ
1271 330 1316 356 διὰ
1330 329 1380 365 τὴν
1395 330 1442 356 τοῦ
1455 327 1639 365 προσάγοντος
1654 325 1835 361 ἀναξιότητα.

1045 378 1099 404 Καὶ
1115 374 1192 408 αὖθις
1202 384 1208 391 ·
1228 376 1300 412 Ὅρα
1317 375 1367 411 τὴν
1386 374 1433 402 τοῦ
1449 374 1517 402 Θεοῦ
1532 374 1704 408 δικαιοσύνην
1714 393 1721 405 ,
1732 373 1774 400 ὅτι
1782 372 1835 412 ita!

1044 424 1176 458 λεγόντων
1192 407 1283 454 τινῶν,
1297 424 1339 450 οὺ
1346 407 1389 455 εῷ
1405 421 1450 455 σῷ
1466 422 1587 455 ὀνόματι
1598 420 1631 447 τὸ
1643 407 1692 447 κα1
1709 419 1742 446 τὸ
1755 407 1834 445 inﬁn-

1045 470 1172 505 ήσαμεν;
1186 471 1247 497 Οὐκ
1254 469 1320 496 οῖδα
1328 468 1414 504 ὑμᾶς,
1424 468 1610 503 ἀποκρίνεται.
1624 466 1706 493 Ὥστε
1722 465 1835 499 συνάγε-

1045 526 1089 544 ται
1100 517 1155 544 ἀπὸ
1166 516 1269 543 τούτων
1280 515 1399 547 πάντων,
1411 515 1453 541 ὅτι
1462 515 1492 540 οὐ
1504 514 1613 549 Θεμιτδν
1623 513 1683 540 οὐδὲ
1697 512 1733 539 τὰ
1743 512 1835 538 δίκαια

1046 563 1153 590 διώκειν
1166 583 1173 595 ,
1190 562 1214 589 εἰ
1232 561 1270 598 μὴ
1286 563 1349 589 κατ’
1367 561 1454 594 ἀξίαν.
1478 560 1563 587 Τοῦτο
1575 560 1630 595 γὰρ
1647 561 1661 586 ὁ
1685 558 1835 594 νομοθέτης

1045 609 1165 637 διδάσκει
1179 610 1207 636 ὲν
1220 609 1260 645 τῷ
1270 607 1470 644 Δευτερονομίῳ
1478 607 1705 644 Μωῡσῆς,λέγων·
1713 605 1835 638 Amata);-

1046 657 1077 683 τὸ
1098 655 1214 682 δίκαιον
1234 653 1358 687 διώξεις.
1383 654 1438 680 Καὶ
1462 653 1552 680 πάλιν
1582 651 1773 679 Διακελεύεται
1796 659 1835 677 οοι

1046 702 1145 738 Σειρὰχ
1156 703 1171 728 ὁ
1179 702 1327 737 θαυμάσιος
1339 700 1404 736 (97),
1434 698 1615 735 Ὑψηλότερά
1625 707 1683 726 σου
1695 698 1739 734 μὴ
1749 697 1834 731 ζήτει,

1046 749 1095 775 καὶ
1108 747 1260 782 ,βαθύτερά
1274 756 1332 775 σου
1344 746 1387 782 μὴ
1404 747 1520 781 ἐρεύνα.

207 800 398 832 techumenos,
415 798 515 833 quique
528 795 696 832 paenitentia:
707 798 772 822 sunt
787 793 903 824 addicti.
916 800 994 821 sacra

208 846 340 882 mysteria
378 847 508 873 enarrant
532 846 614 877 atque
643 842 869 876 interpretantur.
894 839 955 867 Rite
991 839 1026 866 ab
1037 838 1125 866 oculis
1147 837 1202 865 tuis
1233 838 1395 865 intemerata
1424 844 1532 872 semper
1554 842 1668 864 eatenus
1692 840 1832 864 asservata

207 896 291 924 sunt.
317 898 461 927 quousque
492 888 672 924 impressione
698 887 840 923 tyrannica
880 885 1005 914 insiliens
1032 884 1154 919 evulgari
1185 885 1319 920 coegisti,
1335 892 1396 919 quae
1416 892 1450 911 ne
1482 884 1632 919 spectanda
1653 884 1702 911 tibi
1721 884 1832 919 quidem

208 940 325 969 fuerant.
338 939 371 967 Et
385 938 492 966 tandem
507 944 586 965 saera
602 936 658 963 haec
669 942 752 970 penes
764 938 792 962 te
810 941 895 961 unum
918 937 945 961 et
955 940 1016 960 esse
1036 936 1061 959 et
1084 932 1221 960 asservari
1241 931 1379 968 gloriaris,
1396 931 1523 959 nesciens
1540 932 1608 959 nihil
1626 933 1723 960 horum
1739 936 1766 959 te
1783 932 1833 959 ob-

208 987 309 1019 tinere;
338 985 448 1021 quando
471 992 525 1012 non
547 988 593 1010 tua
616 982 666 1010 scd
688 981 865 1009 sacerdotum
891 980 1000 1008 intersit
1026 979 1107 1008 istius
1125 986 1212 1007 sacrae
1239 979 1398 1008 iunctionis.
1437 980 1506 1008 Illud
1530 984 1621 1007 autem
1644 980 1718 1015 quod
1746 978 1833 1012 addit,

209 1032 281 1060 Sicut
298 1040 387 1059 revera
403 1040 433 1058 ne
448 1031 583 1059 veritatem
605 1027 727 1063 quidem,
743 1031 770 1055 et
793 1031 892 1054 ca-tera
909 1034 970 1061 quae
990 1029 1154 1060 sequuntur;
1179 1025 1257 1052 illum
1279 1027 1469 1061 perstringens
1489 1030 1602 1062 propter
1621 1026 1704 1054 aliam
1725 1034 1834 1062 quoque

207 1079 313 1108 ordinis
335 1079 582 1115 transgressionem
606 1081 633 1104 et
650 1075 867 1111 impudentiam,
889 1074 999 1109 quando
1015 1074 1043 1102 in
1054 1073 1114 1102 dies
1138 1073 1262 1109 singulos
1286 1073 1483 1101 conﬂictationi
1498 1075 1644 1102 verborum
1665 1074 1762 1102 aﬂisus
1777 1082 1833 1102 non

207 1127 240 1155 ad
260 1127 496 1156 conﬁrmationem
514 1136 562 1156 seu
583 1128 616 1156 ad
636 1128 843 1156 aediﬁcationem
870 1126 1008 1154 lectitabat
1025 1125 1197 1160 Scripturas.
1219 1123 1267 1152 sed
1292 1124 1325 1151 ad
1344 1124 1514 1151 audientium
1540 1124 1760 1152 subversionem.
1778 1122 1832 1150 Ve-

206 1181 266 1201 rum
290 1174 428 1201 enimvero
454 1174 561 1201 duobus
582 1174 666 1201 veluti
690 1174 818 1209 capitulis
842 1171 992 1206 Demopliili
1005 1173 1146 1205 peccatum
1175 1168 1387 1200 circumscribit,
1404 1170 1485 1197 simul
1500 1174 1527 1197 et
1552 1177 1606 1196 non
1623 1171 1762 1197 servatum
1788 1176 1833 1195 or-

205 1220 294 1248 dinem
309 1230 315 1247 :
333 1228 388 1249 uno
402 1220 513 1261 quidem
524 1240 532 1252 ,
560 1220 633 1255 quod
654 1227 748 1247 sancta
765 1223 863 1256 praeter
879 1218 1007 1245 decorum
1021 1215 1169 1249 invaserit;
1193 1215 1298 1246 altero,
1320 1216 1384 1251 quia
1404 1216 1592 1251 presbyterum
1621 1214 1754 1250 appetivit
1779 1222 1832 1241 non

206 1266 326 1294 ferendis
354 1266 538 1294 contumeliis.
562 1266 751 1294 Omittendum
770 1265 881 1293 interim
903 1263 994 1295 duxit,
1010 1263 1075 1298 quia
1096 1267 1125 1290 et
1139 1262 1321 1297 ptenitentem
1339 1261 1463 1290 calcibus
1485 1263 1555 1290 male
1581 1266 1723 1297 acceptum
1743 1261 1832 1289 elimi-

205 1313 281 1340 navit
308 1313 402 1348 templi
430 1313 516 1340 aditu.
542 1312 629 1341 Porro
644 1312 713 1340 duas
738 1312 800 1339 illas
821 1310 995 1346 operationes
1013 1309 1144 1336 aminori
1174 1308 1325 1343 assumpsit
1352 1308 1521 1336 tractandas.
1553 1308 1694 1336 Adversus
1721 1308 1831 1343 quidem

205 1360 321 1395 primum
346 1360 421 1388 illius
442 1364 563 1387 erratum
580 1360 658 1392 facit,
680 1359 753 1395 quod
775 1359 876 1386 dicitur
903 1356 981 1384 Patri
1007 1366 1013 1383 :
1034 1355 1097 1383 lam
1116 1355 1139 1382 si
1165 1355 1223 1390 quis
1246 1355 1426 1389 principatum
1454 1355 1537 1390 gentis
1555 1355 1705 1389 cujuspiam
1727 1354 1833 1389 privata

205 1408 366 1434 auctoritate
391 1407 528 1439 invaserit,
553 1416 599 1434 nec
628 1407 660 1434 ab
684 1415 742 1442 rege
752 1406 845 1441 jussus
873 1413 882 1431 :
909 1404 1004 1431 merito
1029 1403 1090 1429 talis
1118 1402 1284 1437 plecteretur.
1299 1401 1439 1431 Adversus
1466 1409 1532 1442 vero
1559 1402 1674 1429 alterum
1689 1421 1696 1433 ,
1714 1401 1829 1429 dicens:

205 1452 281 1486 Quod
297 1453 321 1480 si
336 1453 481 1487 principem
497 1454 670 1481 damnantem
695 1461 775 1480 unum
801 1461 815 1479 e
841 1451 965 1482 subditis,
983 1449 1021 1477 vel
1046 1448 1221 1476 absolventem
1247 1449 1316 1476 alius
1334 1450 1418 1485 quivis
1446 1439 1640 1481 assistentium,
1657 1448 1692 1475 ad
1719 1447 1832 1475 exactio-

204 1507 258 1525 rem
286 1507 375 1526 causa:
402 1499 594 1527 discussionem
619 1504 729 1532 revocet,
756 1499 887 1526 nihildum
912 1498 953 1524 hic
981 1497 1051 1528 dico,
1081 1495 1181 1530 injuria
1205 1496 1292 1530 aﬂ'ecit
1314 1497 1467 1531 principem.
1494 1496 1602 1524 Rursus
1627 1499 1655 1523 et
1689 1495 1742 1522 hoc
1767 1494 1831 1522 sub-

204 1544 368 1571 audiendum
392 1548 434 1571 est
453 1555 460 1572 :
482 1544 510 1572 ls
530 1545 619 1580 utique
641 1546 807 1580 plecteretur.
835 1544 876 1572 Tu
899 1548 989 1572 autem
1007 1550 1128 1577 eousque
1151 1543 1314 1570 temeritatis
1337 1547 1484 1578 provectus
1497 1543 1578 1578 267
1595 1550 1626 1570 es
1645 1551 1651 1569 :
1668 1548 1699 1570 ut
1713 1546 1761 1570 tua
1786 1550 1830 1571 so-

204 1590 257 1617 lius
271 1590 444 1623 auctoritate,
461 1592 616 1619 sacerdotio
627 1592 773 1619 admolitus
795 1600 917 1625 manum,
938 1592 1012 1619 ausis
1028 1591 1141 1625 insuper
1163 1590 1295 1617 adversus
1310 1591 1500 1626 presbyterum
1515 1590 1665 1625 inquirere.
1683 1589 1747 1617 Haec
1767 1598 1831 1618 sane

203 1636 325 1670 oportuit
340 1635 473 1663 adversus
488 1636 563 1663 illum
583 1636 636 1664 dici
651 1637 698 1671 qui
712 1641 813 1672 praeter
828 1637 870 1665 sui
893 1636 998 1664 ordinis
1013 1636 1172 1671 dignitatem
1189 1635 1281 1671 aliqua
1307 1636 1416 1671 quidem
1433 1637 1562 1670 molitur;
1579 1641 1606 1663 at
1629 1641 1705 1664 certe
1729 1637 1829 1664 rationi

203 1683 415 1718 haudquaquam
436 1684 614 1712 dissentanea
643 1694 694 1714 nec
715 1687 853 1714 indecora.
868 1689 909 1713 'l'u
929 1694 995 1714 vero
1018 1693 1101 1721 quam
1127 1693 1222 1720 speres
1243 1692 1325 1719 posse
1350 1687 1377 1710 te
1393 1687 1542 1718 praetexere
1565 1683 1689 1710 umbram
1712 1691 1829 1710 excusa-

203 1731 304 1764 tionis,
321 1732 431 1766 quando
457 1737 556 1767 praeter
571 1734 676 1762 ordinis
691 1735 730 1762 tui
752 1735 889 1768 meritum,
913 1743 948 1762 ne
970 1735 1024 1762 ullo
1040 1734 1149 1770 quidem
1186 1737 1319 1767 pratextu
1348 1730 1506 1759 excusanda
1540 1730 1761 1765 praesumpsisti?
1785 1731 1830 1758 llis

203 1778 375 1805 continenter
396 1778 502 1806 inducit
524 1783 665 1817 exetnpla,
697 1791 815 1817 quorum
849 1783 996 1811 collatione
1022 1782 1166 1817 perspicue
1193 1781 1272 1808 docet
1299 1779 1490 1814 Demophilum
1513 1785 1568 1805 non
1596 1778 1678 1812 paulo
1697 1778 1751 1805 illis
1769 1786 1829 1813 gra-

201 1822 278 1849 viora
301 1824 471 1859 designasse.
498 1825 578 1855 Ozias
609 1836 656 1855 rex
677 1836 733 1856 rem
756 1837 804 1864 per
824 1837 853 1857 se
883 1829 964 1856 laude
982 1828 1092 1863 dignam
1114 1828 1215 1863 gessit,
1240 1826 1305 1853 dum
1329 1826 1471 1853 incensum
1494 1824 1601 1857 adolet,
1625 1824 1708 1852 etiam
1731 1829 1829 1860 prteter

202 1869 245 1895 sui
258 1869 419 1904 dignitatem
443 1872 558 1900 ordinis.
577 1872 716 1900 Daemones
734 1882 797 1901 vere
814 1874 1008 1909 loquebantur.
1021 1872 1115 1900 Jesum
1144 1871 1229 1898 Deum
1243 1878 1304 1898 esse
1319 1871 1444 1898 dicentes
1461 1877 1468 1894 :
1485 1869 1595 1897 tametsi
1611 1869 1679 1896 nihil
1692 1870 1827 1905 ejusmodi

202 1912 258 1939 illis
281 1913 376 1941 liceret
388 1915 524 1949 proloqui.
541 1915 582 1942 Tu
607 1921 707 1951 praeter
721 1921 774 1944 tua:
791 1918 935 1953 dignitatis
949 1916 1146 1947 conditionem.
1170 1923 1229 1943 rem
1246 1919 1394 1942 exsecutus
1414 1922 1444 1942 es
1463 1915 1640 1942 vehementer
1654 1915 1802 1943 absurdam
1819 1924 1825 1941 :

201 1957 350 2008 designasti
371 1967 428 1987 rem
448 1969 561 1996 prorsus
587 1962 760 1995 indecorum,
784 1964 849 1991 dum
871 1963 993 1991 onerasti
1012 1963 1202 1998 presbyterum
1227 1960 1403 1988 contumeliis
1423 1960 1589 1995 penitentes
1606 1960 1759 1988 clementer
1781 1969 1827 1988 ex-

200 2006 362 2038 cipientem;
387 2006 495 2033 demum
521 2007 598 2040 vide,
625 2013 654 2035 ut
680 2010 837 2036 testinmnio
865 2011 985 2045 antiquae
1014 2011 1082 2045 legis
1107 2010 1242 2038 sententia
1265 2017 1325 2037 mea
1346 2009 1548 2037 communiatur
1567 2018 1573 2035 :
1592 2009 1626 2036 Et
1648 2010 1828 2045 unusquisque

201 2053 314 2079 manebit
339 2054 366 2080 in
383 2055 474 2082 ordine
491 2055 533 2082 sui
555 2057 696 2084 ministerii
720 2064 739 2085 ε.
760 2058 826 2090 Quae
850 2064 949 2086 caetera
973 2066 1083 2093 quoque
1111 2058 1215 2085 deﬁnit.
1241 2057 1349 2084 Rursus
1367 2057 1425 2084 ait:
1444 2056 1534 2084 Iratus
1558 2062 1598 2084 est
1623 2057 1716 2091 furore
1740 2057 1826 2084 Domi-

200 2107 249 2125 nus
273 2108 351 2134 super
372 2102 516 2128 temeritate
536 2101 609 2130 Ozitz
633 2111 724 2129 arcam
747 2103 877 2137 surrigere
902 2104 1083 2137 pra’sumentis
1104 2102 1125 2130 τ.
1142 2102 1196 2130 Sed
1218 2106 1246 2129 et
1268 2101 1358 2129 Maria
1386 2101 1475 2137 Moysi
1497 2111 1573 2130 soror
1597 2103 1670 2137 lepra
1698 2103 1826 2138 respergi-

201 2148 244 2170 tur
254 2145 276 2171 Β.
301 2144 339 2172 De
361 2146 423 2174 ﬁliis
443 2155 550 2183 quoque
571 2148 679 2179 Scevae.
702 2148 932 2183 quemadmodum
961 2149 988 2175 in
1003 2148 1079 2176 Actis
1094 2148 1271 2183 apostolicish
1285 2141 1413 2179 refertur,
1437 2148 1510 2183 quod
1527 2149 1545 2175 ii
1569 2149 1596 2176 in
1617 2148 1759 2176 Christum
1773 2159 1825 2177 non

200 2190 390 2224 crediderant,
409 2201 497 2229 neque
519 2195 553 2222 ad
582 2203 641 2222 eam
663 2195 773 2223 fuerant
794 2195 874 2223 asciti
899 2195 1080 2228 iunctionem,
1110 2195 1275 2230 adjurabant
1303 2195 1481 2237 nihilominus
1503 2197 1658 2225 daemones:
1675 2198 1750 2232 quod
1768 2206 1826 2226 mu-

200 2245 252 2265 nus
274 2238 447 2272 peculiariter
469 2241 615 2268 exorcistis
644 2241 831 2277 competebat.
859 2245 886 2268 et
913 2241 989 2269 solis.
1015 2241 1083 2268 illud
1106 2241 1170 2268 item
1193 2250 1199 2268 :
1226 2240 1279 2274 Qui
1303 2241 1398 2274 impius
1424 2249 1482 2268 cum
1506 2243 1551 2275 sit,
1581 2243 1703 2270 immolat
1726 2243 1824 2276 borem,

200 2285 279 2313 talem
302 2292 405 2321 reputat
429 2288 496 2316 hum:
523 2291 598 2322 quasi
618 2291 662 2325 qui
677 2291 802 2318 occiderit
828 2298 934 2317 carnem
962 2291 983 2317 ί.
1008 2289 1070 2317 Ideo
1090 2289 1213 2320 dictum,
1241 2289 1314 2324 quod
1338 2296 1394 2315 non
1420 2289 1554 2324 approbet
1583 2288 1656 2316 Deus
1684 2289 1823 2317 victimam

198 2333 346 2366 quamlibet
362 2333 500 2362 liberalem
525 2344 556 2363 ac
572 2338 742 2373 Splendidam
766 2342 877 2373 propter
900 2338 1088 2373 indignitatem
1113 2337 1265 2364 oll‘ercntis.
1292 2336 1400 2364 Rursus
1420 2345 1426 2362 :
1451 2336 1516 2364 Mihi
1535 2340 1602 2364 tunc
1624 2338 1750 2372 expende
1770 2338 1824 2366 exi-

197 2379 280 2405 miam
311 2379 384 2405 illam
408 2380 455 2408 Dei
484 2381 630 2416 justitiam,
661 2384 724 2418 quia
750 2384 906 2411 dicentibus
933 2384 1073 2411 nonnullis
1097 2391 1104 2409 :
1135 2382 1262 2417 Nunquid
1292 2391 1345 2409 non
1372 2382 1420 2409 hoc
1447 2389 1471 2409 et
1499 2383 1567 2410 illud
1592 2384 1618 2410 in
1644 2385 1753 2411 nomine
1780 2390 1822 2411 tuo

197 2424 324 2458 fecimus?
341 2426 402 2454 Non
427 2429 550 2460 novivos,
572 2427 709 2462 respondet
730 2427 754 2455 ι.
781 2420 820 2455 Ei
840 2428 884 2456 his
906 2428 998 2463 itaque
1017 2428 1143 2456 omnibus
1167 2427 1286 2455 inductis
1311 2427 1477 2455 testimoniis
1500 2429 1641 2464 colligitur
1661 2431 1820 2465 neutiquam

197 2470 278 2498 licere
299 2474 411 2507 exsequi
432 2474 559 2509 quaelibet
586 2481 634 2508 per
654 2481 683 2501 se
702 2473 792 2508 justa,
810 2474 863 2501 nisi
888 2478 915 2501 et
939 2474 1045 2501 ordinis
1070 2473 1189 2509 dignitas
1213 2479 1398 2500 conservetur.
1421 2472 1505 2501 Docet
1523 2476 1595 2501 enim
1624 2474 1675 2502 hoc
1696 2476 1821 2510 inprimis

196 2516 290 2553 legifer
304 2518 348 2546 ille
375 2519 481 2554 Moyses
497 2521 524 2547 in
541 2520 753 2549 Deuteronomio
769 2533 775 2550 ε
791 2522 868 2550 Iuste
882 2523 952 2558 quod
972 2523 1075 2557 justum
1091 2526 1129 2548 est
1145 2522 1297 2556 exsequeris
1312 2520 1330 2548 '.
1350 2521 1449 2549 Eodem
1476 2526 1503 2549 te
1524 2522 1686 2551 adhortatur
1710 2525 1756 2552 ille
1772 2525 1823 2553 ad-

146 2574 151 2579 ·
195 2566 327 2594 mirabilis
349 2566 444 2595 Sirach
458 2569 554 2597 dicens
567 2579 573 2597 :
590 2569 696 2597 Altiora
708 2575 732 2597 te
749 2579 780 2597 ne
793 2580 890 2606 qurere,
907 2575 931 2598 et
947 2570 1121 2606 profundiora
1136 2575 1160 2596 te
1171 2578 1202 2596 ne
1215 2574 1349 2596 scrutatus
1364 2569 1447 2604 fueris
1458 2574 1489 2597 “‘.

1071 2614 1217 2641 Ἀντίθεσιν
1240 2614 1363 2648 εἰσάγει,
1387 2614 1425 2645 ὡς
1449 2615 1481 2640 ἐκ
1506 2614 1554 2640 τοῦ
1576 2614 1751 2650 Δημοφίλου,
1781 2616 1819 2642 ὅτι

1030 2662 1106 2689 ἔσται
1120 2662 1212 2688 λοιπὸν
1228 2661 1339 2688 ἀσέϐεια
1355 2662 1384 2687 ἐν
1399 2663 1456 2693 τοῖς
1474 2661 1591 2697 ἱερεῦσι,
1609 2662 1646 2698 μὴ
1658 2662 1818 2698 ἐξεταζομέ-

1029 2718 1082 2736 νων
1092 2709 1192 2742 αὑτῶν,
1208 2709 1275 2745 μήτε
1289 2708 1341 2743 μὴν
1353 2707 1516 2734 εὐθυνόντων
1530 2707 1628 2740 αὐτοὺς
1638 2708 1741 2744 ἑτέρων
1750 2718 1756 2725 ·
1771 2709 1816 2736 καὶ

1029 2755 1194 2782 κινδυνεύσει
1206 2755 1270 2786 τοὺς
1280 2755 1308 2780 ὲν
1321 2753 1394 2788 νόμῳ
1409 2754 1601 2789 καυχωμένους
1612 2755 1655 2781 διὰ
1665 2755 1715 2791 τῆς
1731 2765 1815 2792 παρα-

1028 2801 1125 2834 ϐασίας
1139 2801 1187 2829 τοῦ
1203 2801 1285 2836 νόμου
1303 2800 1348 2826 τὸν
1362 2799 1427 2826 Θεὸν
1443 2800 1596 2837 ἀτιμάζειν.
1620 2803 1690 2837 Ἐγὼ
1706 2803 1734 2831 δὲ
1750 2811 1813 2839 προ-

230 2614 383 2641 Anlitbesin
416 2616 473 2641 sive
509 2616 708 2650 oppositionem
736 2616 841 2644 inducit
875 2617 1014 2649 Pater,B

193 2660 270 2694 quasi
289 2660 442 2694 loquentem
461 2660 542 2687 faciat
559 2660 756 2696 Demophilutn,
774 2662 838 2697 quia
852 2667 879 2689 et
897 2662 974 2689 dein-

193 2713 256 2739 ceps
272 2713 325 2732 non
342 2706 480 2733 medione
499 2707 654 2742 contagium
672 2707 822 2743 impietatis
836 2708 863 2734 in
883 2716 975 2736 sacer-

192 2750 301 2792 dotibus
316 2752 451 2779 coalescet
466 2762 472 2779 :
486 2752 509 2779 si
524 2753 633 2787 quidem
646 2753 749 2780 nullam
761 2753 794 2780 de
803 2753 975 2781 sacerdotum

192 2796 314 2824 moribus
329 2796 422 2824 licebit
437 2805 548 2826 movere
561 2798 751 2833 quaestionem,
769 2806 856 2833 neque
872 2800 920 2827 ulli
935 2800 975 2828 ias

229 2893 241 2925 ξ
257 2887 338 2915 Num.
363 2897 411 2921 vn,
433 2890 460 2916 5.
502 2890 545 2916 rll
569 2891 633 2925 Reg.
650 2899 686 2922 νι,
703 2892 729 2918 'I.

229 2894 338 2930 suum.
363 2897 411 2921 vn,
433 2894 460 2916 5.
502 2894 545 2916 tll
569 2894 633 2925 Heg.
650 2899 686 2922 vt.
703 2894 729 2918 7.
771 2894 782 2911 ε
796 2894 875 2921 Num.
906 2901 955 2927 xu,
975 2894 987 2921 1

194 2922 204 2942 ι
221 2925 287 2959 Lap.
305 2932 362 2957 xvi,
378 2933 404 2952 v.
420 2925 464 2952 20.
504 2930 523 2941 “
540 2925 623 2955 Ecc'j.
642 2933 684 2960 ιιι,
701 2927 745 2953 22.

1056 2895 1069 2915 ιι
1090 2895 1154 2930 Cap.
1182 2903 1238 2923 xu.
1288 2896 1295 2916 i
1322 2895 1373 2924 lsa.
1402 2903 1475 2928 vat,
1495 2895 1519 2923 5.
1561 2895 1573 2915 ¹ί
1590 2894 1685 2924 Matth.
1705 2904 1752 2929 vn,
1767 2895 1808 2922 εδ.

771 2892 875 2921 ιῖΝιιηι.
906 2901 955 2927 xu,
975 2893 1018 2922 10.
1056 2895 1069 2915 ιι
1090 2895 1154 2930 Cap.
1182 2903 1238 2923 χιι.
