3882 6540
131 444 213 499 n3
838 439 1285 502 PACHYM‘ERE
1325 445 1666 508 PARAPIIRr

1769 452 1810 508 S
1842 451 1909 508 IN
1946 452 2095 509 EPP.
2121 453 2178 508 S.
2217 453 2513 511 DIONYSII

3249 467 3348 521 ιτιι

132 552 360 625 νοητικῶς
385 553 524 626 ὑπὲρ
557 554 749 609 τούτου
777 557 1218 630 ἀπολογήσομαι·
1255 562 1315 615 ού
1345 563 1452 636 γὰρ
1484 567 1666 638 ἐχθρὸς

1781 569 1975 635 fuerit,
2002 571 2126 626 vita;
2157 571 2326 643 268
2355 572 2572 628 illorum
2603 586 2891 644 reposcere
2919 577 3184 633 rationem
3202 620 3217 642 ,
3263 594 3350 634 at-

129 647 495 717 ὁΔημόφιλος,
552 647 644 702 ἵνα
695 649 824 721 ἑαθῇ
879 651 1029 722 παρὰ
1079 652 1158 723 τῷ
1190 655 1401 727 Σατανᾷ
1445 659 1667 730 τοιαύτῃ

130 740 274 811 πλάνῃ
301 740 674 812 συνεχόμενος.
705 743 861 809 Ἱσθι,
890 745 974 797 ὅτι
993 745 1198 818 ἑκάστη
1230 746 1338 802 τῶν
1372 749 1533 820 ίερῶν
1552 750 1670 805 δια-

130 834 414 903 κοσμήσεων
467 833 838 907 θεοειδεστέρα
882 838 998 891 ἐστὶ
1041 840 1141 910 τῆς
1190 840 1385 911 μᾶλλον
1431 843 1672 917 ἀφεστη-

130 924 291 988 κυίας,
329 926 362 995 ἡ
402 925 480 997 τῷ
514 926 634 999 Θεῷ
685 926 1094 998 πλησιάζουσα,
1140 933 1236 986 καὶ
1274 934 1332 988 ὲν
1365 937 1478 1000 τοῖς
1509 936 1672 1008 οὐρα-

129 1015 234 1078 νίοις
261 1017 347 1069 καὶ
379 1018 435 1069 ὲν
470 1018 623 1088 ἡμῖν.
661 1020 751 1090 Μὴ
785 1021 914 1090 γοῦν
940 1024 1178 1098 ὲκλάϐης
1207 1027 1298 1081 τὸν
1332 1029 1672 1102 πλησιασμὸν

128 1109 364 1175 τοπικῶς,
398 1110 534 1163 ἀλλά
579 1113 780 1182 μᾶλλον
822 1115 964 1170 κατὰ
998 1117 1098 1190 τὴν
1141 1120 1372 1176 ἑκάστου
1421 1122 1530 1189 ἕξιν
1578 1125 1672 1179 καὶ

127 1200 531 1272 ἐπιτηδειότητα·
571 1205 633 1256 ού
665 1205 779 1282 γὰρ,
802 1207 862 1259 ἐν
893 1207 1046 1279 τόπῳ
1092 1211 1239 1264 ἐστὶν
1279 1213 1307 1266 6
1351 1212 1484 1278 Θεὸς
1517 1214 1626 1286 (98)
1653 1255 1668 1280 ,

125 1294 186 1356 ὡς
222 1293 280 1346 ἂν
306 1295 553 1349 ἐντεῦθεν
586 1297 648 1350 τὸ
679 1298 845 1366 ἐγγὺς
876 1300 969 1352 καὶ
996 1299 1058 1352 τὸ
1088 1302 1280 1374 πόρρω
1316 1305 1666 1376 ἐμφαίνηται.

124 1387 174 1438 El
216 1386 381 1440 τοίνυν
411 1389 444 1457 ἡ
481 1386 591 1441 τῶν
637 1388 829 1460 ἱερέων
878 1390 1032 1454 τάξις
1080 1397 1378 1466 φωτιστική
1428 1397 1608 1462 ἐστιν,
1642 1401 1671 1453 6

126 1479 185 1550 μὴ
212 1480 530 1547 φωτιστικὸς
553 1523 568 1546 ,
621 1480 654 1552 ἢ
713 1483 912 1553 μᾶλλον
955 1486 1049 1538 καὶ
1087 1488 1116 1539 ὁ
1164 1485 1502 1555 ἀφώτιστος,
1551 1491 1670 1562 οὐχὶ

123 1571 302 1639 ἱερεὺς,
335 1571 429 1624 καὶ¹
460 1571 734 1645 τολμηρὸς
765 1569 921 1640 οὗτος
951 1577 1102 1630 δοκεῖ
1143 1595 1235 1649 μοι
1263 1581 1355 1634 καὶ
1381 1581 1670 1653 ἀναίσχυν-

120 1679 222 1726 τος,
250 1664 454 1732 ἀγνοεῖν
496 1666 742 1737 οἰόμενος
774 1667 866 1722 τὸν
899 1668 1060 1732 Θεὸν,
1106 1671 1251 1744 άπερ
1292 1675 1455 1738 αὐτὸς
1491 1675 1670 1746 ἑαυτῷ

125 1753 329 1820 σύνοιδε,
359 1757 453 1810 καὶ
485 1757 727 1828 νομίξων
760 1761 976 1832 ἀπατᾷν
1007 1761 1068 1815 δν
1098 1763 1263 1828 αὐτὸς
1303 1764 1669 1838 ψευδωνύμως

121 1849 424 1904 ἐπικαλεῖται
466 1851 712 1922 πατέρα,
746 1851 958 1922 Πάτερ,
999 1854 1194 1924 λέγων,
1225 1860 1258 1912 ό
1299 1858 1370 1912 ἐν
1405 1859 1528 1926 τοῖς
1565 1863 1666 1914 οὑ-

1774 679 1880 731 que
1909 661 1974 716 ad
2011 663 2396 718 rectitudinem
2447 680 2724 720 revocare.
2760 664 2866 722 Sed
2894 675 2948 722 et
2975 667 3107 723 hinc
3134 671 3347 740 impen—

1777 754 1870 808 det
1921 755 2250 825 periculum,
2303 771 2371 810 ne
2414 757 2636 826 quando
2672 758 2734 823 ii,
2775 759 2910 830 legis
2957 761 3179 817 nomine
3225 779 3350 818 sese

1774 848 2152 914 venditantes,
2203 865 2300 920 per
2346 851 2481 922 legis
2531 855 3024 924 transgressionem
3075 855 3348 927 insignem

1776 940 1887 995 Deo
1933 941 2230 1012 importent
2265 942 2672 998 contumeliam.
2709 943 2968 1012 Equidem
3000 944 3121 1010 tibi,
3163 961 3198 998 o
3239 945 3346 1001 De-

1775 1034 2051 1104 mophile,
2104 1048 2272 1103 super
2315 1034 2416 1088 hac
2462 1051 2521 1089 re
2569 1034 2794 1104 provide
2838 1037 3348 1107 prospicienterque

1774 1125 2148 1196 respondebo;
2179 1125 2399 1194 quando
2447 1142 2557 1179 non
2608 1125 2743 1179 adeo
2789 1127 3048 1184 inimicus
3086 1138 3346 1186 censetur

1773 1218 2147 1288 Demophilus,
2182 1225 2238 1272 ut
2271 1218 2378 1274 sini
2411 1217 2662 1273 debeata
2696 1217 2898 1272 Satana
2932 1229 3082 1276 tanto
3111 1223 3346 1292 opprimi

1771 1323 1981 1364 errore.
2034 1307 2182 1362 Scito
2232 1309 2396 1379 igitur
2435 1310 2564 1378 quia
2632 1325 2972 1380 unaquaeque
3027 1323 3343 1368 sanctarum

1772 1398 2220 1463 distinctionum,
2252 1415 2361 1469 quo
2395 1399 2624 1469 propius
2673 1399 2783 1455 Deo
2811 1401 3083 1472 jungitur,
3117 1404 3220 1459 hoc
3263 1406 3347 1459 di-

1772 1491 1910 1545 vina:
1938 1490 2364 1560 pulchritudinis
2413 1499 2766 1561 repraesentat
2799 1494 3210 1550 similitudinem
3249 1513 3345 1552 ex-

1774 1583 2039 1652 pressius,
2066 1598 2230 1652 quam
2264 1583 2310 1638 is
2337 1583 2474 1636 ordo
2514 1583 2609 1652 qui
2661 1584 2877 1654 longius
2908 1586 3111 1641 recedit
3139 1603 3151 1640 :
3183 1588 3346 1658 idque

1774 1674 1830 1728 in
1877 1674 2089 1730 cwlesti
2146 1682 2398 1729 servatur
2441 1683 2739 1745 nostraque
2780 1676 3112 1732 hierarchia.
3166 1678 3347 1734 Nolim

1773 1773 1954 1821 tamen
2005 1766 2212 1822 hancce
2255 1768 2719 1838 propinquitatem
2763 1771 3002 1840 accipias
3043 1771 3346 1826 secundum

1773 1859 1879 1914 loci
1928 1859 2358 1925 dimensionem;
2405 1861 2580 1932 magis
2619 1877 2748 1917 vero
2777 1862 2932 1932 juxta
2969 1863 3345 1920 habitudinem

113 1941 290 2008 ραν-οῖς
309 1959 321 1972 ·
354 1943 449 1995 καὶ
477 1942 698 2013 τολμῶν
729 1944 830 2008 τὰς
858 1944 1026 1999 αύτοῦ
1063 1947 1412 2020 βλασφημίας
1446 1950 1526 2022 (ού
1559 1951 1666 2023 γὰρ

1772 1951 2209 2022 uniuscujusque
2229 1961 2284 2008 et
2313 1929 2565 2007 idoneam
2586 1929 2971 2024 aptitudinem.
2994 1955 3180 2026 Neque
3199 1959 3343 2012 enim

117 2033 292 2106 είπυιμι
327 2035 662 2108 προσευχὰς)
697 2037 790 2090 ἐπὶ
833 2037 942 2092 τῶν
975 2039 1134 2094 θείων
1176 2041 1459 2113 συμϐόλων
1489 2043 1668 2098 ἐπιλέ-

117 2143 228 2194 γειν.
268 2124 431 2192 Οὗτος
454 2129 590 2197 γοῦν
608 2131 709 2184 οὐκ
730 2129 878 2185 ἐστιν
910 2133 1087 2204 ίερεὺς
1106 2173 1121 2197 ,
1151 2134 1286 2189 ἀλλά
1313 2138 1422 2190 πᾶν
1449 2138 1670 2192 τούναν-

117 2222 229 2274 τίον.
263 2222 406 2284 Τέως
437 2222 498 2276 δὲ
537 2224 600 2276 οὐ
634 2223 832 2279 δίδοται
858 2225 937 2297 τῷ
971 2229 1262 2300 Δημοφίλῳ
1296 2230 1424 2302 περὶ
1463 2231 1668 2285 τούτων

113 2313 401 2380 διεξετάζειν
426 2333 440 2347 ·
496 2316 724 2381 δικαίως
766 2317 876 2391 γάρ
912 2321 1198 2392 ὀφείλομεν
1235 2321 1450 2377 διώκειν
1491 2322 1562 2377 τά
1591 2323 1668 2376 δί-

115 2424 219 2464 καια
249 2409 349 2480 (99)
368 2449 384 2473 ν
419 2410 568 2463 κατὰ
595 2411 659 2463 τὸ
690 2413 1058 2485 παράγγελμα
1083 2432 1096 2444 ·
1130 2415 1336 2469 δίκαιον
1369 2416 1426 2470 δέ
1457 2418 1576 2469 ἐστι
1604 2417 1667 2469 τὸ

114 2504 214 2554 mc’
239 2501 388 2566 ἀξίαν
421 2505 562 2557 πᾶσι
594 2504 997 2577 διανεμητικὸν,
1028 2509 1152 2561 ἐπεὶ
1185 2509 1280 2562 καὶ
1317 2509 1568 2578 ἀγγέλοις
1603 2511 1667 2564 τὸ

112 2592 284 2648 δίκαιον
312 2597 652 2668 ἀπονέμεται
675 2617 688 2628 ·
725 2601 782 2652 ὲν
816 2602 950 2653 πᾶσι
984 2601 1094 2672 γὰρ
1127 2605 1242 2666 τοῖς
1275 2599 1395 2656 οῦσι
1437 2603 1524 2657 διά
1555 2604 1664 2658 τῶν

113 2685 310 2757 πρώτων
357 2693 473 2752 τοῖς
512 2690 792 2762 δευτέροις
836 2693 906 2747 τὰ
951 2698 1073 2748 κατ’
1107 2695 1263 2762 ἀξίαν
1307 2697 1661 2768 ἀπονέμεται.

112 2779 162 2830 0i
185 2779 270 2850 μὲν
303 2777 393 2836 οὖν
422 2783 694 2855 ἐπάρχειν
733 2784 844 2838 τῶν
891 2786 1065 2841 ἄλλων
1105 2788 1396 2858 ταχθέντες
1418 2829 1432 2852 ,
1468 2791 1664 2844 ἐκεῖνοι

110 2873 200 2932 τοῖς
229 2875 334 2942 μετ’
375 2876 578 2939 αὐτοὺς
620 2877 962 2932 ἀποδώσουσι
996 2878 1067 2932 τὰ
1099 2881 1220 2933 κατ’
1251 2880 1439 2948 ἀξίαν·
1487 2883 1516 2935 6
1561 2885 1665 2952 Δη-

113 2965 302 3032 μόφιλος
339 2968 393 3020 δὲ
435 2968 752 3039 ἀφοριζέτω
775 3010 789 3034 ,
835 2971 1206 3044 διαχωριζέτω
1233 2974 1302 3026 τά
1338 2975 1458 3027 κατ’
1485 2973 1663 3040 ἀξίαν,

113 3061 216 3110 ποῖα
258 3061 350 3131 μὲν
382 3061 464 3133 τῷ
517 3062 665 3133 λόγῳ
688 3102 703 3125 ,
741 3066 871 3116 ποῖα
909 3065 967 3117 δὲ
999 3065 1079 3136 τῷ
1111 3065 1270 3137 θυμῷ
1293 3107 1308 3131 ,
1352 3070 1478 3120 ποῖα
1509 3067 1566 3121 δὲ
1594 3070 1662 3139 τῇ

111 3155 338 3228 ἐπιθυμίᾳ
359 3197 373 3220 ,
405 3158 554 3228 ὅπερ
579 3157 682 3210 οὐκ
705 3155 770 3210 ἀν
797 3157 970 3222 ἄλλως
1009 3159 1235 3229 γένηται
1259 3199 1274 3222 ,
1310 3160 1404 3213 καὶ
1434 3160 1663 3213 ἕκαστον

110 3247 390 3315 πρεπόντως
430 3249 898 3321 ἀφορισθήσεται,
935 3251 984 3303 εί
1014 3250 1089 3321 μὴ
1122 3251 1382 3322 κατάρξει
1427 3254 1456 3306 6
1507 3251 1664 3321 λόγος
1691 3279 1732 3336 C

108 3337 194 3390 τῶν
231 3341 573 3411 ύφειμένων,
623 3340 796 3412 θυμοῦ
852 3342 995 3411 λέγω
1046 3345 1139 3396 καὶ
1186 3343 1521 3414 ἐπιθυμίας,
1570 3346 1665 3398 καὶ

107 3431 240 3496 εὐθὺς
263 3434 320 3486 τὸ
361 3434 717 3507 παράδειγμα
757 3434 1000 3507 τίθησιν·
1041 3439 1070 3489 6
1115 3435 1274 3505 λόγος
1321 3436 1429 3508 γὰρ
1477 3437 1663 3508 ἐπέχει

107 3522 232 3587 τάξιν
259 3525 514 3580 δεσπότου
533 3565 551 3593 ,
588 3527 964 3600 πρεσϐυτέρου
987 3567 1001 3591 ,
1037 3529 1264 3601 πατρὸς·
1327 3533 1355 3583 ὀ
1383 3530 1437 3583 δὲ
1471 3530 1662 3599 θυμὸς,

108 3615 182 3667 καὶ
220 3619 250 3687 ἡ
290 3618 594 3689 ἐπιθυμία,
637 3618 862 3684 δούλου,
908 3621 1213 3692 νεωτέρου,
1262 3621 1400 3674 υἱοῦ.
1442 3623 1554 3676 Οὐκ
1599 3622 1665 3676 ἂν

105 3703 181 3760 οὖν
203 3710 404 3764 ἀσεϐεῖν
433 3711 755 3783 ἐδοκοῦμεν,
780 3713 957 3786 εἴπερ,
989 3715 1076 3767 ἐπ’
1102 3717 1308 3786 ἀγορᾶς
1339 3715 1450 3768 τῶν
1485 3732 1665 3786 κρειτ-

108 3800 245 3854 τόνων
271 3803 374 3856 ὑπὸ
403 3804 520 3857 τῶν
548 3805 807 3876 χειρόνων
836 3807 1177 3877 πασχόντων,
1203 3809 1304 3861 οὐκ
1333 3808 1668 3880 ἐϐοηθοῦμεν

104 3897 197 3958 τοῖς
236 3898 545 3968 κρείττοσι;
597 3898 708 3951 Καὶ
753 3899 844 3950 ἐπὶ
884 3900 1096 3962 τούτοις
1142 3900 1661 3972 ὲνθυμηματίξεται.

105 3988 270 4044 Καίτοι
291 4008 351 4060 γε
381 3989 623 4045 ἐνταῦθα
650 3991 700 4043 οἱ
730 3991 972 4062 χείρονες
1005 3992 1135 4054 ἴσως
1163 3992 1316 4063 παρά
1348 3993 1456 4046 τῶν
1485 4010 1666 4064 κρειτ-

103 4080 245 4135 τόνων
288 4082 764 4156 προηδικήθησαν.
826 4083 884 4136 'O
927 4083 983 4136 δὲ
1025 4083 1184 4151 λόγος
1228 4084 1498 4150 ἐνταῦθα,
1546 4083 1665 4147 πῶς

103 4173 251 4229 ἀδικεῖ
277 4177 344 4230 τὰ
374 4177 604 4248 χείρονα
631 4215 646 4239 ,
683 4174 826 4243 λέγω
855 4175 948 4228 τὸν
983 4175 1154 4245 θυμὸν
1195 4177 1288 4228 καὶ
1328 4176 1427 4247 τὴν
1472 4175 1664 4229 ἐπιθυ-

107 4267 231 4334 μίαν,
275 4271 415 4333 ὲπεὶ,
454 4268 558 4340 τὴν
589 4269 652 4322 ὲκ
683 4267 816 4322 Θεοῦ
846 4267 1092 4322 δοθεῖσαν
1123 4268 1274 4338 αύτῷ
1303 4269 1474 4340 ἀρχὴν
1505 4272 1665 4322 κατέ-

103 4375 195 4425 χειν
214 4360 552 4432 βουλόμενος,
573 4360 720 4431 παρά
737 4360 941 4413 τούτων
956 4360 1301 4432 άπείργεται;
1330 4360 1536 4414 Ἀδικοι
1557 4362 1664 4432 ἄρα

107 4450 246 4520 ἡμεῖς
265 4494 279 4516 ,
311 4455 362 4506 οἱ
401 4455 480 4525 μὴ
514 4452 595 4522 τῷ
621 4451 765 4522 λόγῳ
791 4451 1004 4524 βοηθεῖν
1033 4453 1372 4516 σπεύδοντες.
1425 4454 1666 4518 Είκότως

101 4539 176 4595 οὖν
189 4547 214 4597 6
234 4547 402 4615 μέγας
418 4544 637 4608 Παῦλος
653 4546 789 4616 πρὸς
803 4545 1668 4616 Τιμόθεονὲπιστέλλωνδιατάττε-

1771 2044 1825 2099 in
1855 2047 1974 2099 loco
2007 2053 2092 2100 est
2118 2045 2282 2108 Deus,
2333 2053 2388 2098 ut
2430 2044 2558 2098 hinc
2600 2046 2831 2116 exprimi
2875 2047 3068 2102 debeat
3101 2047 3212 2104 Deo
3242 2049 3347 2104 hoc

1768 2153 1891 2193 esse
1917 2139 2166 2208 propius.
2205 2139 2338 2192 illud
2376 2153 2508 2193 vero
2538 2139 2825 2195 remotius.
2865 2137 2920 2194 Si
2953 2140 3120 2212 igitur
3149 2142 3204 2196 in
3246 2142 3349 2197 hoc

1771 2231 2082 2286 instituitur
2111 2229 2456 2284 sacerdotum
2481 2229 2638 2294 ordo,
2664 2237 2724 2284 ut
2755 2233 2808 2284 in
2837 2232 2976 2288 alios
3005 2234 3091 2287 sui
3124 2234 3347 2289 luminis

1770 2320 2123 2375 transfundat
2152 2321 2401 2390 copiam;
2437 2321 2690 2391 quisquis
2722 2321 2858 2377 adeo
2897 2325 3170 2378 neminem
3219 2326 3347 2379 illu-

1767 2414 1960 2478 minat,
1989 2421 2048 2466 ut
2081 2429 2149 2467 ne
2181 2412 2235 2466 in
2270 2428 2328 2467 se
2355 2412 2577 2481 quidem
2599 2412 2709 2466 ullo
2734 2413 3097 2484 perfundatur
3119 2415 3344 2478 lumine,

1766 2503 1892 2557 talis
1927 2518 2028 2556 nec
2058 2502 2318 2557 sacerdos
2349 2501 2456 2555 dici
2487 2503 2668 2558 debet.
2702 2503 2840 2556 Hinc
2886 2502 3031 2557 enim
3061 2517 3184 2558 mea
3229 2518 3350 2558 sen-

1766 2597 1936 2652 tentia
1967 2596 2294 2651 temerarius
2329 2611 2495 2665 supra
2548 2596 2770 2651 modum
2811 2603 2895 2650 est
2942 2604 2997 2649 et
3032 2595 3324 2665 impudens

1769 2697 1828 2743 ut
1857 2689 1952 2758 qui
1985 2686 2152 2742 Deum
2199 2689 2498 2744 arbitretur
2525 2704 2588 2744 ea
2619 2688 2908 2760 ignorare,
2954 2702 3190 2756 quorum
3240 2688 3345 2742 sibi

1767 2782 1886 2852 ipse
1917 2782 2061 2836 male
2092 2781 2350 2836 conscius
2393 2787 2507 2848 est;
2557 2780 2944 2849 existimetque
2986 2795 3046 2835 se
3090 2781 3140 2835 ei
3185 2795 3348 2854 posse

1767 2876 2068 2945 imponere,
2098 2874 2258 2943 cujus
2290 2873 2653 2942 patrocinium
2678 2872 2954 2942 implorat,
2985 2872 3180 2926 falsam
3211 2888 3322 2941 pra:

1765 2973 1958 3021 texens
1993 2965 2166 3034 patris
2197 2963 2691 3025 nomenclaturam,
2711 2959 2931 3030 quando
2947 2959 3123 3014 dicit:
3154 2959 3343 3023 Pater,

1768 3057 1856 3127 qui
1890 3072 1944 3109 es
1977 3057 2032 3110 in
2067 3054 2231 3108 oculis.
2267 3052 2332 3106 Et
2365 3052 2529 3105 audet
2577 3051 2624 3105 is
2657 3051 2874 3104 interim
2918 3067 3048 3106 suas
3094 3051 3346 3123 blasphe-

1768 3146 1910 3200 mias
1943 3148 2142 3216 (neque
2171 3144 2317 3198 enim
2352 3142 2696 3212 precationes
2737 3143 3044 3196 censuerim
3071 3141 3349 3212 appellan-

1767 3236 1888 3308 das)
1927 3236 2128 3290 divinis
2155 3250 2445 3289 accensere
2476 3234 2755 3306 symbolis.
2790 3231 2940 3288 Talis
2976 3233 3142 3304 igitur
3169 3234 3351 3288 neuti-

1766 3345 1930 3400 quam
1962 3328 2226 3384 dicendus
2269 3326 2562 3394 sacerdos,
2612 3326 2833 3396 quando
2875 3324 3052 3381 modis
3094 3325 3350 3381 omnibus

1765 3422 2018 3476 diversus
2052 3421 2167 3475 abit
2194 3421 2263 3475 ab
2296 3421 2399 3474 hac
2433 3420 2798 3491 professione.
2825 3417 2894 3471 At
2923 3418 3136 3473 interea
3160 3426 3220 3472 ut
3243 3418 3350 3473 hoc

1766 3516 1999 3577 donem,
2030 3530 2140 3570 non
2175 3514 2362 3569 statim
2410 3513 2748 3584 permittitur
2795 3511 3118 3580 Demophilo
3161 3511 3348 3580 inqui-

1767 3623 1890 3663 rere
1922 3608 2091 3662 tantis
2124 3606 2190 3662 de
2222 3607 2409 3662 rebus.
2455 3604 2610 3660 Juste
2645 3606 2822 3668 enim,
2855 3619 2976 3674 quae
3002 3604 3152 3672 justa
3187 3611 3347 3669 sunt,

1765 3701 2030 3756 debemus
2069 3699 2337 3770 exsequi,
2385 3699 2543 3768 juxta
2592 3697 2890 3768 Scriptura:
2938 3705 3268 3767 praeceptum
3297 3705 3344 3750 η.

1764 3790 1986 3846 Justuni
2020 3802 2198 3846 autem
2238 3799 2326 3846 est
2366 3791 2623 3845 omnibus
2671 3805 2771 3858 pro
2819 3788 3090 3859 cujusque
3154 3786 3352 3841 merito

1767 3885 1852 3939 sui
1899 3885 2042 3954 juris
2087 3883 2496 3938 distributivuin
2530 3901 2542 3934 :
2577 3882 2712 3951 quin
2762 3881 2975 3950 angelis
3008 3879 3345 3940 etiamnum,

1766 3977 1914 4046 quod
1943 3977 2156 4045 justum
2203 3982 2308 4038 est,
2339 3973 2542 4043 partito
2571 3972 2849 4026 tribuitur.
2882 3971 3055 4024 Porro
3085 3971 3140 4022 in
3170 3970 3350 4021 omni-

1767 4071 1870 4125 bus
1912 4085 2034 4138 qua:
2079 4075 2235 4132 sunt,
2272 4083 2368 4136 per
2409 4066 2585 4136 prima
2632 4063 2888 4121 secundis
2929 4078 3028 4132 pro
3061 4060 3349 4119 divinitate

1767 4176 1832 4215 ac
1861 4161 2058 4215 merito
2097 4165 2298 4214 cuncta
2341 4157 2536 4212 sortito
2569 4156 2995 4211 distribuuntur.
3033 4151 3220 4222 Itaque
3253 4154 3346 4222 qui

1767 4254 1822 4308 in
1849 4255 1976 4318 hoc,
2013 4261 2072 4308 ut
2099 4253 2224 4306 aliis
2257 4251 2502 4321 praesint,
2539 4249 2702 4320 positi
2733 4256 2908 4304 sunt:
2945 4247 3000 4302 lii
3033 4262 3092 4301 se
3124 4245 3349 4300 inferio-

1768 4346 1921 4403 ribus
1951 4361 2052 4417 pro
2093 4345 2364 4415 cujusque
2398 4344 2593 4397 merito
2639 4341 2892 4396 obeunda
2935 4354 3164 4394 munera
3199 4353 3348 4392 com-
3417 4335 3426 4346 ³

1767 4437 2097 4508 partiamur.
2149 4434 2256 4489 Sed
2312 4443 2369 4489 et
2417 4433 2773 4503 Demophilus
2821 4446 3091 4501 pcrpenso
3137 4429 3352 4499 judicio

1768 4529 2032 4599 praecidat
2067 4527 2302 4598 singula,
2325 4533 2378 4582 et
2404 4541 2503 4582 sua
2526 4526 2724 4596 cuique
2748 4540 2846 4594 pro
2873 4522 3138 4594 dignitate
3165 4536 3349 4591 segre-

100 4651 191 4700 ται,
223 4639 292 4711 μὴ
323 4643 404 4704 εἰς
444 4615 788 4710 προστασίαν
815 4639 1141 4711 Ἐκκλησίας
1163 4636 1447 4704 ἀξιοῦσθαι
1474 4638 1568 4692 τὸν
1594 4637 1666 4711 μὴ

1773 4631 1863 4695 get
1889 4623 2087 4684 cilicia,
2117 4622 2368 4692 quaedam
2414 4619 2654 4682 rationi,
2685 4618 2870 4687 aliqua
2909 4631 3040 4671 vero
3073 4615 3190 4680 irae,
3224 4631 3348 4668 rur-

99 4728 176 4780 τοῦ
204 4732 326 4785 ἰδίου
354 4731 512 4786 οἴκου
535 4730 844 4801 προστάντα
875 4731 1057 4795 καλῶς
1081 4748 1094 4762 ·
1127 4733 1223 4784 καὶ
1245 4731 1427 4794 καλῶς
1456 4730 1525 4784 τὰ
1551 4730 1667 4784 θεῖα

99 4819 318 4890 λέγουσιν
331 4824 659 4893 Εὑαγγέλια·
678 4823 741 4877 '0
752 4823 821 4877 ἐν
832 4826 1012 4893 ὀλίγῳ
1025 4824 1365 4890 πιστὸς,καί
1377 4825 1448 4877 ἐν
1461 4823 1669 4890 πολλῷ

99 4918 307 4983 πιστός.
326 4918 505 4980 Αὐτὸς
531 4917 628 4987 μὲν
655 4913 768 4980 οῦν,
793 4915 973 4980 καθὼς
1002 4917 1096 4969 καὶ
1122 4917 1478 4988 προείπομεν,
1511 4914 1662 4985 ἀφώ-

101 5007 198 5073 ριζε
231 5009 298 5062 τὰ
324 5013 506 5064 οἰκεῖα
534 5009 614 5079 τῷ
643 5009 816 5080 λόγῳ,
855 5009 926 5062 τὰ
953 5012 1127 5062 οἰκεῖα
1155 5010 1235 5079 τῷ
1262 5007 1420 5080 θυμῷ
1439 5049 1453 5072 ,
1489 5007 1560 5061 τὰ
1588 5011 1667 5062 οἰ-

99 5101 202 5153 κεῖα
225 5105 289 5173 τῇ
321 5102 625 5172 ἐπιθυμίᾳ·
657 5102 720 5170 τὸ
750 5101 808 5154 δέ
851 5103 969 5154 ἐστι
991 5141 1004 5164 ,
1035 5103 1108 5155 Σὺ
1150 5101 1313 5164 αὐτὸς
1363 5100 1438 5172 μὴ
1483 5101 1663 5164 ἄλλον,

99 5188 214 5245 ἀλλά
253 5195 482 5248 σεαυτὸν
513 5193 726 5266 διόρθου
758 5194 852 5246 καὶ
879 5193 1041 5247 τάττε
1062 5233 1076 5257 ,
1130 5193 1251 5248 καθ’
1290 5193 1531 5264 ἑκάστην
1556 5192 1662 5262 ψυ-

98 5284 237 5355 χικὴν
257 5286 489 5358 δύναμιν
512 5286 717 5357 ἑκάστῃ
743 5285 948 5360 τούτων
972 5286 1042 5338 τά
1069 5287 1188 5338 κατ’
1223 5285 1379 5350 ἀξίαν
1407 5283 1664 5356 ἀφοριζό-

103 5391 260 5442 μενος.
300 5379 392 5432 Σοὶ
419 5379 478 5432 δὲ
515 5379 568 5431 oi.
598 5377 832 5432 διάκονοι
853 5421 867 5444 ,
897 5377 1172 5441 κάκείνοις
1199 5379 1248 5430 οί
1280 5376 1662 5448 πρεσϐύτεροι,

99 5466 178 5517 καὶ
200 5468 409 5532 τούτοις
433 5471 485 5522 οἱ
517 5467 771 5540 ίεράρχαι
792 5507 808 5530 ,
847 5469 939 5520 καὶ
981 5470 1094 5530 τοῖς
1130 5466 1412 5539 ίεράρχαις
1442 5468 1492 5520 oi
1526 5466 1665 5520 ἀπό-

102 5556 277 5624 στολοι,
312 5559 409 5612 καὶ
437 5561 484 5612 οί
515 5559 624 5611 τῶν
645 5558 958 5611 ἀποστόλων
978 5557 1212 5628 διάδοχοι
1231 5557 1377 5628 (100)
1401 5574 1414 5586 ·
1448 5556 1530 5609 ἐτι
1556 5556 1666 5628 γάρ

99 5639 221 5715 ἦσαν
245 5652 303 5704 ὲν
332 5652 528 5722 κόσμῳ
571 5651 664 5704 καί
699 5668 842 5714 τινες
867 5650 976 5704 τῶν
1003 5651 1334 5713 ἀποστόλων,
1367 5650 1458 5703 καὶ
1495 5649 1668 5702 διάδο-

102 5753 171 5804 χοι
212 5743 338 5812 παρ’
381 5741 610 5794 ἐκείνων
649 5741 975 5812 ταχθέντες·
1025 5741 1117 5796 καὶ
1161 5741 1666 5812 ἐπανορθωθήσεται

194 5906 217 5934 υ
252 5897 406 5954 Deut.
445 5914 556 5962 xw,
590 5896 680 5952 9.0.

1770 4733 1867 4773 sus
1898 4718 2005 4771 alia
2038 4714 2500 4785 concupiscentia:
2530 4712 2799 4767 tribuens.
2835 4709 2992 4776 Quod
3018 4710 3206 4780 utique
3231 4709 3348 4762 ﬁeri

1772 4827 1881 4866 non
1915 4811 2074 4865 aliter
2109 4809 2304 4880 possit,
2343 4816 2403 4862 nt
2448 4805 2878 4875 unumquodque
2905 4804 3161 4860 decenter
3193 4803 3262 4856 ab
3291 4818 3348 4856 se

1769 4905 2003 4959 invicem
2040 4910 2357 4972 separetur,
2408 4901 2517 4954 nisi
2553 4901 2668 4968 ipsa
2707 4899 2764 4952 in
2813 4895 3009 4968 primis
3059 4895 3196 4948 ratio
3228 4910 3347 4947 ino-

1768 4993 1898 5048 dum
1952 4991 2271 5062 praescrihat
2316 5006 2376 5046 se
2425 4988 2819 5050 inferioribus,
2859 4993 2954 5041 ira:
3003 4985 3260 5039 nimirum
3293 4991 3348 5036 et

1767 5085 2246 5154 concupiscentia.
2289 5082 2456 5153 269
2498 5081 2672 5135 Simul
2721 5080 2872 5134 dicto
2912 5077 3123 5133 inducit
3163 5089 3348 5130 exem-

1766 5179 1948 5249 plum;
1983 5193 2108 5231 nam
2140 5177 2281 5231 ratio
2313 5177 2491 5230 locum
2527 5175 2815 5243 vicemque
2844 5173 3054 5228 obtinet
3099 5165 3343 5229 domini,

1766 5270 2104 5342 presbyteri,
2154 5268 2326 5338 patris
2361 5286 2374 5321 :
2406 5267 2488 5321 ira
2541 5274 2723 5321 autem
2775 5275 2831 5320 et
2875 5258 3342 5330 concupiscentia,

1767 5364 1933 5427 servi,
1956 5361 2218 5432 junioris,
2262 5360 2379 5415 lilii.
2433 5359 2628 5414 Nonne
2671 5359 2795 5428 jura
2831 5353 3047 5427 pictatis
3091 5349 3348 5414 omisisse

1767 5457 1941 5513 videri
1973 5454 2292 5518 debeamus,
2325 5453 2592 5524 siquidem
2629 5452 2685 5506 in
2728 5451 2848 5505 foro
2887 5447 3168 5514 contingat
3209 5457 3347 5512 pra:-

1767 5550 2064 5606 stantiores
2093 5548 2235 5602 male
2262 5547 2406 5602 allici
2453 5547 2692 5601 violenta
2725 5537 3085 5610 impressione
3117 5533 3347 5589 inferio-

1769 5661 1922 5710 rum;
1952 5659 2053 5698 nec
2082 5641 2300 5697 interim
2329 5635 2803 5711 pnestantioribus
2825 5630 3116 5686 tulerimus
3145 5643 3347 5698 suppa:

1767 5737 1872 5792 tias
1918 5735 2000 5793 sic
2049 5735 2276 5806 indigne
2307 5729 2590 5803 acceptis?
2637 5725 2716 5780 Ad
2765 5726 2879 5780 haec
2911 5721 3026 5778 acri
3060 5721 3344 5792 enthvtnec
