3882 6532
554 430 658 487 ωε

1389 428 1730 488 APPENDIX
1767 433 1862 488 AD
1895 433 2125 491 OPERA
2161 435 2219 493 S.
2242 436 2540 495 DIONYSII
2565 437 3048 498 AREOPAGITE.

3707 447 3793 501 576

554 557 702 605 male
731 549 929 603 utitur:
959 548 1122 603 etiam
1146 548 1190 603 si
1221 547 1314 618 qui
1348 551 1604 620 praesenti
1637 551 1758 606 loco
1792 552 2112 607 inducuntur

2225 554 2454 620 ἕκαστος
2483 558 2632 629 παρά
2667 562 2776 614 τῶν
2806 559 3090 629 ὁμοταγῶν
3135 558 3324 628 ἀγίων,
3370 560 3484 613 καῖ’
3510 560 3612 613 οὐκ
3659 561 3790 615 ἀντι-

554 645 863 708 inferiores,
894 644 1031 700 forte
1055 661 1088 698 a
1115 646 1520 716 potentioribus
1553 648 1765 718 priores
1800 659 2122 720 acceperant

552 737 830 807 injuriam.
867 735 972 793 Sed
1021 745 1076 793 et
1116 739 1206 793 hic
1240 739 1462 809 quinam
1500 742 1638 794 ratio
1663 741 1770 796 dici
1808 743 1982 811 possit
2026 744 2122 798 ad-

549 846 765 886 versum
812 846 872 886 se
905 831 1166 886 inferiora
1209 833 1546 903 delinquere,
1583 833 1721 887 iram
1751 835 1872 888 dico
1905 843 1958 888 et
1991 851 2121 890 con--

548 923 943 991 cupiscentiam
968 923 990 976 ?
1016 923 1152 978 Nam
1195 926 1416 994 quando
1450 929 1566 996 ipsa
1610 928 1874 982 adnititur
1919 932 2122 999 princi-

547 1023 734 1085 patum
761 1016 1001 1071 retinere
1040 1017 1146 1071 sibi
1189 1016 1282 1072 Dei
1313 1033 1538 1078 munere
1586 1019 1893 1086 indultum;
1930 1037 2121 1091 perur-

543 1119 702 1178 getur
747 1115 930 1163 tamen
988 1109 1058 1164 ab
1112 1109 1198 1165 his
1251 1125 1321 1164 ne
1371 1127 1472 1167 suo
1497 1113 1623 1180 jure
1672 1113 1842 1168 libere
1900 1123 2118 1181 utatur;

545 1198 738 1268 injusti
791 1210 942 1256 certe
987 1217 1118 1266 nos,
1161 1203 1255 1273 qui
1300 1218 1407 1257 non
1449 1212 1691 1274 tempore
1737 1208 2120 1263 contendimus

542 1306 706 1360 opem
737 1291 882 1348 ferre
929 1294 1202 1349 laboranti
1248 1297 1467 1351 rationi.
1504 1295 1635 1352 Jure
1670 1298 1855 1367 itaque
1887 1300 2120 1356 eximius

546 1382 638 1437 ille
670 1382 876 1440 Paulus
909 1385 1196 1442 Timotheo
1213 1388 1378 1442 edicit
1406 1404 1502 1458 per
1521 1390 1830 1459 epistolam,
1856 1407 1924 1446 ne
1956 1408 2118 1462 quem

545 1476 863 1541 pronuntiet
887 1476 1146 1534 Ecclesiae
1173 1480 1409 1549 primatu
1436 1480 1656 1551 dignum
1675 1522 1690 1545 ,
1715 1482 1810 1552 qui
1836 1498 1944 1536 non
1969 1484 2120 1552 prius

545 1565 695 1619 norit
728 1583 840 1622 sua:
871 1568 1056 1624 domui
1094 1570 1330 1641 legitime
1368 1588 1600 1641 praesse
1633 1584 1673 1629 °.
1718 1575 1856 1630 Huic
1898 1585 2119 1632 senten-

543 1653 634 1708 tia:
667 1656 894 1724 pulchre
927 1659 1219 1713 admodum
1257 1660 1439 1718 divina
1461 1664 1760 1719 concinunt
1787 1666 2114 1735 Evangelia:

545 1747 652 1813 Qui
694 1750 749 1803 in
785 1751 986 1805 modico
1025 1753 1199 1822 ﬁdelis
1229 1795 1244 1818 ,
1288 1764 1336 1808 et
1385 1757 1437 1809 in
1485 1759 1650 1812 multo
1712 1760 1884 1828 ﬁdelis
1914 1769 1966 1816 r.
1999 1759 2120 1830 Ipse

543 1855 694 1903 vero,
728 1843 892 1897 sicuti
927 1846 1314 1914 prmmisimus,
1341 1863 1462 1917 qua:
1488 1851 1708 1920 proprie
1739 1852 1960 1917 rationi,
1996 1869 2118 1923 quae

543 1934 638 1988 irae
669 1936 1020 2005 peculiariter
1045 1946 1361 2008 competunt
1381 1952 1433 1995 et
1463 1943 1941 2013 concupiscentize,
1975 1961 2117 2001 seor-

543 2025 648 2078 s‘im
679 2042 779 2080 sua
803 2029 1002 2098 cuique
1035 2031 1220 2084 munia
1253 2033 1623 2101 praescribito:
1647 2036 1749 2089 hoc
1780 2047 1883 2102 est,
1915 2047 1970 2092 tu
2002 2039 2116 2107 ipse

542 2129 613 2168 ne
645 2116 813 2169 alium
833 2119 1148 2186 quemlibet,
1173 2121 1344 2191 magis
1375 2133 1552 2196 autem
1585 2131 1640 2180 te
1659 2125 1838 2195 ipsum
1865 2129 1932 2181 ad
1951 2130 2115 2183 recti-

541 2207 784 2263 tudinem
835 2210 960 2265 vitae
1011 2213 1371 2284 ordinemque
1414 2231 1608 2271 revoca
1634 2258 1649 2281 ,
1687 2218 1840 2286 juxta
1873 2222 2116 2290 singulas

540 2301 737 2356 animae
789 2311 897 2356 tua;
938 2307 1082 2359 vires
1138 2309 1337 2378 cuique
1383 2325 1614 2376 earum,
1662 2313 1805 2380 quod
1853 2324 2112 2380 meretur,

541 2408 792 2448 seorsum
825 2396 1169 2465 impertiens.
1203 2399 1326 2475 Tibi
1353 2402 1571 2457 interim
1603 2405 1817 2460 diaconi
1850 2408 1970 2461 vitae
2000 2408 2115 2463 for-

540 2486 746 2539 mulam
775 2490 1156 2556 praascribant,
1192 2491 1302 2547 illis
1340 2494 1470 2548 item
1499 2497 1825 2568 presbyteri,
1861 2499 1947 2555 his
1980 2517 2116 2570 pou-

538 2576 738 2640 tifices,
786 2580 1140 2647 pontificibus
1187 2585 1454 2653 apostoli,
1489 2603 1665 2656 neque
1698 2604 1806 2642 non
1839 2591 2115 2658 apostolo-

537 2686 661 2726 rum
697 2686 1066 2728 successores.
1101 2673 1159 2729 In
1199 2677 1403 2732 mundo
1441 2678 1709 2748 siquidem
1743 2682 2114 2750 apostolorum

539 2762 791 2837 nonpulli
825 2764 1152 2832 superstites
1183 2767 1365 2821 adhuc
1394 2775 1582 2834 erant;
1610 2768 1705 2824 sed
1737 2779 1792 2825 et
1823 2787 1929 2825 non
1954 2774 2113 2842 pauci

538 2855 858 2919 apostolica:
889 2855 1192 2912 functionis
1233 2875 1587 2916 successores
1612 2862 1683 2916 ab
1709 2863 1815 2918 illis
1843 2864 2109 2929 ordinati,

536 2953 700 3015 atque
731 2948 805 3000 ita
836 2947 1076 3018 legitime
1105 2950 1324 3005 tandem
1353 2953 1729 3024 unusquisque
1762 2957 1828 3009 ad
1871 2955 2113 3010 officium

534 3039 884 3094 revocabitur
935 3056 965 3094 a
1015 3044 1100 3095 sui
1145 3043 1357 3098 ordinis
1406 3046 1643 3110 sanctis;
1678 3047 1774 3100 sed
1808 3063 1984 3118 neque
2027 3047 2112 3102 in-

535 3135 771 3189 vertitur
820 3149 1002 3189 rerum
1038 3136 1196 3192 ordo.
1239 3136 1364 3192 Haec
1399 3148 1508 3192 tam
1538 3142 1707 3194 multa
1739 3141 1836 3195 tibi
1871 3157 1936 3195 eo
1965 3141 2110 3197 dicta

2147 1903 2190 1959 Β

537 3224 671 3289 sint,
698 3233 758 3278 ut
775 3227 1007 3295 teipsum
1027 3228 1262 3296 primum
1284 3231 1523 3290 noveris,
1549 3230 1745 3286 deinde
1770 3237 1923 3285 tuum
1942 3233 2111 3302 ipsius
2139 3249 2180 3307 ο

537 3317 809 3372 ordinem.
840 3317 916 3371 De
949 3319 1040 3371 illa
1075 3327 1256 3373 autem
1288 3330 1378 3373 tua
1415 3321 1468 3374 in
1492 3331 1829 3390 peccatorem
1865 3323 2114 3379 immani-

536 3416 670 3473 tate,
704 3426 814 3464 non
838 3411 972 3465 satis
993 3409 1260 3479 intelligo,
1286 3427 1395 3480 quo
1419 3427 1537 3466 eam
1567 3415 1785 3483 planctu
1813 3416 2111 3486 deplorem,

537 3503 860 3571 prophetam
895 3503 1164 3568 imitatus,
1205 3504 1591 3559 contritionem
1637 3523 1894 3578 perquam
1928 3509 2113 3566 dilecti

537 3595 847 3650 christiani.
881 3580 1052 3664 Cujus
1093 3596 1237 3650 enim
1269 3599 1444 3668 gratia
1482 3613 1512 3651 a
1544 3599 1702 3654 nobis
1731 3602 1935 3657 ascitus
1968 3617 2028 3657 es
2057 3603 2111 3656 in

536 3688 786 3744 ordinem
818 3691 1092 3745 cultorum
1131 3690 1260 3755 Dei,
1315 3692 1526 3747 alienus
1559 3708 1682 3747 cum
1713 3710 1865 3750 esses
1906 3696 1975 3751 ab
2008 3697 2112 3753 hac

535 3789 728 3838 nostra
758 3783 1068 3853 religione?
1089 3781 1495 3853 Tempestivum
1526 3783 1638 3853 jam
1678 3785 1860 3850 fuerit,
1891 3790 2110 3857 quando

534 3883 591 3930 te
633 3874 796 3929 talem
840 3875 1099 3938 exhibes,
1147 3884 1208 3928 ut
1251 3873 1419 3928 Deum
1463 3876 1663 3941 alium,
1700 3877 1839 3932 alios
1883 3878 2110 3950 insuper

534 3967 850 4022 sacerdotes
904 3967 1191 4037 perquiras
1235 3985 1249 4021 :
1303 3967 1493 4037 sicque
1522 3969 1666 4039 apud
1696 3970 1820 4026 illos
1853 3972 2108 4029 efferatus

532 4059 821 4124 deszevias,
856 4066 951 4113 aut
998 4060 1174 4115 sacris
1204 4059 1420 4115 initiere
1447 4069 1498 4114 et
1525 4061 1848 4130 perficiaris.
1878 4063 2108 4120 Nescius

532 4153 666 4207 mihi
702 4151 917 4219 videre,
951 4168 1113 4223 quam
1151 4153 1207 4207 in
1232 4159 1444 4222 partem
1475 4169 1691 4223 pecces,
1717 4157 1810 4226 qui
1837 4163 1890 4211 te
1918 4158 2110 4212 existi-

437 4307 444 4316 ο
532 4258 652 4297 mas
675 4242 875 4298 acriter
901 4259 1013 4298 rem
1041 4245 1349 4315 perspicere
1376 4262 1501 4300 cum
1533 4262 1722 4302 revera
1755 4245 1890 4299 nihil
1927 4248 2108 4303 minus

532 4336 611 4392 sis
635 4352 797 4406 quam
825 4336 1038 4392 videns.
1065 4338 1228 4407 27o
1259 4337 1553 4409 Obstupuit
1581 4338 1780 4393 coelum
1798 4353 1964 4407 super
1981 4339 2103 4405 hoc,

527 4427 685 4495 juxta
725 4425 1024 4483 Jeremimq
1055 4430 1371 4497 oraculum;
1421 4430 1517 4485 sed
1555 4438 1610 4485 et
1657 4430 1774 4499 ipse
1819 4429 2100 4484 exhorrui.

2227 651 2595 721 στραφήσεται
2640 653 2672 722 ἡ
2719 651 2890 716 τάξις.
2942 651 3194 706 Τοσαῦτά
3235 669 3315 706 σοι
3357 653 3427 707 τὰ
3473 654 3606 726 παρ’
3655 657 3791 726 ἡμῶν

2225 743 2364 814 ὑπὲρ
2391 744 2486 796 τοῦ
2517 744 2713 797 εἰδέναι
2757 745 2986 798 σεαυτὸν
3014 746 3107 800 καὶ
3146 746 3246 817 τὴν
3297 745 3433 800 ἰδίαν
3461 747 3639 813 τάξιν.
3675 748 3791 820 Περὶ

2221 835 2277 888 δὲ
2308 836 2407 906 τῆς
2435 839 2516 900 εἱς
2553 837 2647 890 τὸν
2695 838 3016 909 ἁμαρτωλὸν
3058 839 3450 912 ἀπανθρωπίας
3474 881 3489 905 ,
3542 842 3644 894 ούκ
3692 837 3792 896 οἶδα

2223 926 2342 990 πῶς
2368 927 2670 1000 κλαύσομαι
2713 929 3066 1002 προφητικῶς
3095 930 3158 984 τὸ
3191 932 3504 1004 σύντριμμα
3539 932 3634 985 τοῦ
3669 932 3788 1000 ἀγα-

2223 1018 2396 1090 πητοῦ
2455 1021 2768 1092 χριστιανοῦ
2800 1039 2814 1052 ·
2873 1021 3034 1094 χάριν
3095 1023 3204 1095 γὰρ
3259 1025 3405 1088 τίνος
3461 1025 3791 1096 θεραπευτὴς

2221 1111 2454 1182 ἐτάχθης
2501 1115 2633 1183 παρ’
2680 1113 2870 1184 ἡμῶν,
2919 1113 3196 1186 ἀλλότριος
3240 1114 3314 1169 ὢν
3359 1115 3463 1186 τῆς
3503 1116 3626 1169 καθ’
3658 1119 3787 1189 ἡμᾶς

2223 1199 2545 1270 θεραπείας;
2577 1202 2684 1255 Καὶ
2723 1202 2846 1254 ἐπεὶ
2875 1203 3116 1266 τοιοῦτος
3145 1199 3225 1266 εἷ,
3253 1203 3371 1276 ὥρα
3407 1221 3489 1257 σοι
3533 1206 3628 1258 καὶ
3671 1206 3786 1260 Θεὸν

2221 1293 2315 1346 καὶ
2341 1293 2519 1364 ἱερέας
2539 1294 2758 1364 ἑτέρους
2780 1293 2983 1365 ζητεῖν,
3014 1295 3089 1358 ὡς
3116 1296 3182 1348 ἂν
3212 1295 3487 1367 θηριωθῇς
3509 1298 3638 1368 παρ’
3662 1299 3786 1350 ὲκεί-

2221 1401 2326 1437 νων
2354 1384 2388 1454 ἢ
2415 1383 2674 1456 τελεσθῇς
2703 1384 2779 1455 (1)
2797 1427 2810 1452 ,
2844 1384 2969 1438 οὔτε
2999 1385 3155 1449 εἰδὼς
3183 1387 3242 1440 ὲν
3275 1386 3383 1439 τίνι
3413 1387 3782 1458 προσκόπτεις,

2221 1474 2314 1526 καὶ
2342 1474 2584 1545 οἰόμενος
2629 1474 2865 1544 βλέπειν,
2907 1476 3121 1547 ἀληθῶς
3145 1479 3207 1530 οὐ
3243 1477 3474 1547 βλέπων.
3520 1479 3732 1550 Ἐξέστη
3760 1482 3785 1532 ὁ

2220 1566 2446 1635 οὐρανὸς
2476 1567 2568 1619 ἐπὶ
2597 1566 2791 1639 τούτῳ,
2834 1568 2977 1622 κατὰ
3002 1569 3095 1622 τὸν
3140 1569 3431 1642 Ἰερεμίαν,
3486 1571 3583 1624 καὶ
3608 1571 3786 1642 ἔφριξα

2220 1657 2350 1726 ἐγώ.
2386 1659 2494 1712 Καὶ
2523 1660 2571 1711 εί
2611 1660 2685 1730 μὴ
2729 1660 2799 1714 τὰ
2845 1660 2911 1714 σὰ
2955 1661 3258 1732 γράμματα
3287 1661 3576 1735 ἐδεξάμην,
3606 1666 3704 1717 οὐκ
3729 1664 3786 1717 ἀν

2221 1750 2392 1821 ἑτέρῳ
2422 1749 2648 1804 τοιαῦτα
2684 1752 2813 1823 περὶ
2841 1753 2935 1806 σοῦ
2975 1753 3184 1822 λέγοντι
3222 1755 3541 1824 ἐπίστευον*
3577 1757 3659 1808 ὅτι
3695 1757 3786 1826 Δη-

2225 1841 2444 1912 μόφιλος
2472 1842 2566 1894 καὶ
2596 1841 2688 1895 τὸν
2731 1842 2865 1896 Θεὸν
2909 1844 3323 1916 ἀφιλάνθρωπον
3357 1847 3454 1898 καὶ
3483 1846 3674 1899 ἑαυτὸν
3717 1845 3783 1916 μὴ

2216 1931 2421 1986 δεῖσθαι
2449 1932 2628 1996 ἐλέους
2661 1933 2832 1988 οἴεται
2851 1976 2866 2001 ,
2898 1936 2992 1988 καὶ
3017 1938 3144 1999 τοὺς
3173 1937 3334 2006 ἱερεῖς
3361 1937 3780 2009 ἀποχειροτονεῖ·

2216 2023 2328 2076 ἀλλ’
2379 2026 2408 2077 ό
2455 2023 2732 2096 Δεσπότης
2771 2025 3007 2097 Χριστὸς
3050 2027 3148 2080 καὶ
3177 2027 3352 2081 ταῦτα
3395 2029 3785 2099 κεχωρισμένος

2214 2115 2321 2170 ἀπὸ
2347 2117 2454 2170 τῶν
2485 2117 2856 2190 ἁμαρτωλῶν,
2907 2118 3247 2190 (Ἁμαρτιαν
3290 2121 3402 2191 τὰρ
3448 2124 3563 2175 οὐκ
3600 2123 3784 2190 ἐποίη-

2214 2225 2346 2273 σεν,
2389 2209 2530 2262 οὺδὲ
2573 2209 2784 2278 εὑρέθη
2828 2209 3011 2276 δόλος
3049 2211 3119 2264 ὲν
3157 2211 3238 2277 τῷ
3266 2214 3516 2281 στόματι
3552 2213 3782 2284 αὐτοῦ’)

2213 2302 2306 2354 καὶ
2334 2301 2432 2372 τὴν
2463 2301 2572 2356 τῶν
2604 2303 2895 2374 προϐάτων
2943 2304 3305 2376 ποιμαντικὴν
3332 2306 3533 2378 δεῖγμα
3577 2309 3674 2379 τῆς
3711 2311 3783 2371 εἰς

2214 2394 2404 2447 ἑαυτὸν
2435 2394 2657 2465 ἀγάπης
2699 2399 2962 2453 ποιεῖται·
2994 2397 3089 2450 καὶ
3116 2397 3208 2450 τὸν
3243 2399 3317 2469 μὴ
3347 2400 3580 2468 ἀφιέντα
3620 2401 3783 2469 ὀλίγον

2211 2485 2292 2555 τῷ
2323 2487 2604 2558 συνοικέτῃ
2633 2487 2805 2542 πολλά
2831 2488 3084 2558 ἀφεθέντι
3112 2492 3346 2562 πονηρὸν
3373 2493 3669 2558 ἀποκαλεῖ,
3699 2495 3782 2548 καὶ

2212 2577 2413 2630 δικαιοῖ
2440 2578 2548 2631 τῶν
2577 2579 2792 2634 οἰκείων
2825 2580 3140 2645 ἀπολαύειν,
3172 2583 3416 2654 δηλονότι
3447 2585 3544 2638 τοῦ
3576 2587 3782 2651 σκότους

2214 2670 2437 2742 καὶτῆς
2464 2673 2732 2743 τιμωρίας
2753 2672 2828 2744 (2)
2848 2690 2861 2703 ο
2891 2673 3067 2727 ταῦτα
3088 2673 3197 2746 γὰρ
3225 2677 3401 2729 οἰκεῖα
3427 2676 3506 2747 τῷ
3540 2679 3777 2750 πονηρῷ’

2214 2761 2379 2825 αὑτός
2409 2763 2576 2827 ἐστιν,
2610 2763 2670 2827 ὃς
2702 2765 2796 2817 καὶ
2827 2765 2969 2837 ὑπὲρ
2999 2765 3106 2819 τῶν
3140 2766 3520 2837 σταυρούντων
3555 2767 3782 2840 προσηύ-

2212 2870 2357 2924 χετο.
2407 2855 2671 2925 Ἐπετίμα
2715 2855 2772 2910 δὲ
2814 2858 2908 2910 καὶ
2939 2860 3054 2921 τοῖς
3084 2858 3353 2929 μαθηταῖς
3383 2861 3528 2913 κατὰ
3553 2860 3657 2914 τῶν
3689 2861 3783 2914 Σαο

2215 2948 2486 3018 μαρειτῶν
2526 2948 2777 3016 λέγουσι,
2827 2949 3008 3009 καθὼς
3055 2951 3149 3003 καὶ
3194 2953 3250 3004 ὲν
3293 2952 3372 3022 τῷ
3404 2953 3548 3006 κατά
3586 2955 3781 3007 Λουκάν

2213 3037 2353 3107 ἁγίῳ
2403 3038 2718 3109 Εὐαγγελίῳ
2762 3038 3113 3110 γέγραπταιο
3174 3041 3283 3094 Καὶ
3342 3040 3454 3112 γάρ
3511 3043 3539 3094 ὁ
3594 3042 3782 3113 Κύριος

2213 3130 2350 3202 πρὸς
2393 3130 2586 3192 αύτοῦς
2618 3147 2781 3201 φησιν
2809 3148 2821 3160 ’
2854 3133 2976 3184 Οὐκ
3005 3130 3202 3184 οἴδατε
3234 3133 3411 3186 ποίου
3459 3134 3779 3202 πνεύματός

2212 3224 2374 3288 ἐστε,
2403 3223 2644 3294 δηλονότι
2677 3223 2806 3296 ποίᾳ
2842 3223 3026 3295 χάριτι
3054 3223 3351 3278 διακονεῖτε
3373 3225 3470 3297 (5).
3503 3227 3574 3279 Σὺ
3606 3227 3650 3279 δ’
3679 3227 3780 3282 ἀνω

2214 3314 2308 3368 καὶ
2351 3315 2502 3368 κάτω
2549 3314 2829 3386 θρυλλεῖς,
2874 3315 2950 3378 ὡς
2996 3315 3086 3369 τὸν
3131 3315 3262 3369 Θεὸν
3309 3316 3658 3389 ὲξεδίκησας,
3699 3319 3778 3371 διὰ

2213 3408 2410 3472 κακίας
2441 3408 2533 3460 τὸν
2566 3407 2783 3477 ἀγαθόν’
2822 3408 3024 3476 ἄπαγε.
3071 3407 3128 3460 Ὁ
3156 3408 3447 3480 ἀρχιερεὺς
3479 3411 3634 3482 ἡμῶν
3659 3413 3779 3482 Χριο

2214 3499 2338 3562 στὸς
2364 3538 2380 3562 ,
2413 3500 2618 3562 ἄκακος
2642 3540 2657 3564 ,
2693 3499 2905 3571 πραῢς,
2951 3499 3175 3569 ἱλασμός
3217 3501 3332 3554 ἐστι
3363 3503 3491 3571 περὶ
3523 3501 3629 3556 τῶν
3655 3505 3780 3572 ἠμε-

2211 3591 2385 3662 τέρων
2414 3591 2718 3662 ἁμαρτιῶν.
2768 3591 2959 3646 Τοίνυν
2995 3593 3099 3646 οὐκ
3141 3591 3517 3670 ἀποδεξόμεθά
3557 3609 3647 3645 σου
3691 3593 3779 3655 τάς

2211 3680 2519 3751 ἀζηλώτους
2560 3681 2771 3752 ὁρμὰς,
2802 3683 2851 3737 εἰ
2885 3682 2978 3736 καὶ
3012 3682 3270 3746 πολλάκις
3307 3682 3584 3755 προϐάλλῃ
3614 3684 3699 3736 τόν
3721 3699 3775 3734 τε

2215 3770 2404 3826 Ἠλίαν
2456 3772 2550 3828 καὶ
2595 3773 2685 3825 τὸν
2727 3772 2909 3838 Φινεὲς
2932 3815 2946 3841 ,
2995 3773 3187 3842 λέγων,
3242 3775 3322 3826 ὃτι
3380 3776 3500 3827 κατ’
3555 3775 3778 3836 ἐκείνους

2211 3865 2471 3935 ἐποίησας
2492 3881 2504 3894 ο
2541 3864 2659 3917 οὐδὲ
2689 3864 2798 3937 γὰρ
2835 3866 3102 3937 ἠρέσκετο
3128 3866 3155 3917 ὁ
3185 3864 3390 3936 Κύριος
3432 3865 3648 3934 λέγουσι
3676 3883 3774 3918 τοι-

2209 3955 2348 4008 αὖτα
2372 3955 2720 4027 ,ἀπάνθρωπα
2751 3959 2862 4020 τοῖς
2899 3957 2980 4010 ἔτι
3013 3957 3300 4028 ἀμετόχοις
3329 3958 3425 4010 τοῦ
3477 3959 3775 4030 Πνεύματος

2212 4051 2498 4122 μαθηταῖς.
2521 4049 2691 4104 Τοῦτο
2705 4051 2760 4104 δὲ
2777 4049 2980 4104 εἶπενό
3001 4051 3189 4123 Πατὴρ
3224 4051 3359 4122 πρὸς
3373 4051 3435 4104 τὸ
3463 4052 3659 4105 τέλειον
3686 4052 3773 4120 τῆς

2208 4143 2416 4215 δωρεᾶς
2452 4142 2677 4207 ἀπιδὼν,
2706 4138 2774 4214 ἦς
2823 4143 3012 4197 ἔλαϐον
3048 4143 3184 4214 μετὰ
3211 4143 3308 4214 τὴν
3341 4144 3664 4199 ἀνάστασιν·
3691 4144 3772 4209 γέ-

2207 4253 2450 4307 γραπται
2474 4236 2582 4306 γάρ
2605 4253 2618 4267 ⁸
2659 4237 2832 4290 Οὔπω
2863 4235 2943 4304 ἦν
2955 4234 3196 4305 Πνεῦμα
3223 4235 3416 4307 ἅγιον,
3435 4237 3523 4292 ὅτι
3555 4236 3770 4306 Ἰησοῦς

2206 4327 2370 4380 οὔπω
2397 4327 2716 4394 ἐδοξάσθη.
2735 4322 3086 4381 Διδάσκέσθαι
3115 4327 3171 4380 δὲ
3194 4328 3332 4400 χρὴ,
3365 4330 3460 4382 κειι)⁸
3475 4331 3534 4382 ού
3565 4329 3768 4393 κολάζε-

2208 4419 2329 4473 σθαι
2356 4420 2482 4483 τοὺς
2513 4419 2860 4487 ἀγνοοῦντας,
2890 4418 3077 4491 ὥσπερ
3100 4421 3192 4473 καὶ
3213 4421 3446 4490 τυφλοὺς
3465 4422 3761 4492 ὁδηγούμεν,

532 4518 687 4584 Quod
716 4521 770 4573 ni
797 4529 919 4576 tuas
943 4521 1153 4576 litteras
1173 4523 1534 4594 excepissem,
1559 4524 1869 4576 nullatenus
1894 4522 2102 4575 fueram

2213 4515 2265 4566 ού
2281 4512 2597 4583 κολάζομεν.
2616 4513 2850 4580 Κόρῥην
2867 4513 2922 4566 δέ
2938 4529 3078 4574 τινες
3097 4512 3194 4583 μὲν
3207 4512 3298 4564 τὸν
3315 4514 3584 4584 κρόταφόν
3601 4528 3758 4582 φασιν·

530 4611 686 4665 alteri
712 4609 866 4664 [idem
903 4612 1190 4668 habiturus
1222 4622 1331 4667 tam
1375 4614 1595 4684 indigna
1631 4613 1698 4668 de
1731 4622 1784 4669 te
1814 4613 2101 4667 referenti:

2213 4604 2334 4658 Ξνιοι
2348 4605 2423 4670 δὲ,
2446 4606 2544 4676 τὴν
2569 4604 3005 4673 γνάθον.Βέλτιον
3026 4605 3081 4657 δὲ
3095 4605 3186 4658 τὸν
3203 4606 3475 4676 κρόταφον
3492 4602 3759 4674 λέγεινΜη

531 4700 661 4770 quia
690 4702 944 4759 videlicet
970 4702 1319 4774 Demophilus
1352 4704 1521 4760 Deum
1554 4704 1772 4774 quidem
1809 4705 2106 4758 arbitrare-

531 4805 620 4849 tur
650 4809 778 4866 erga
806 4811 908 4851 nos
949 4812 1074 4852 esse
1103 4797 1509 4860 inclementem,
1543 4813 1602 4852 se
1625 4805 1807 4852 autem
1841 4797 1977 4851 nihil
2011 4798 2108 4852 hac

531 4886 659 4944 bere
687 4903 825 4958 opus
868 4887 962 4943 Dei
1005 4890 1397 4956 miseratione;
1441 4889 1508 4943 ad
1547 4890 1694 4955 haec,
1745 4889 1894 4944 illius
1942 4891 2105 4945 etiam

531 4980 844 5034 sacerdotes
871 4981 1058 5050 dejicit
1106 4981 1301 5052 gradu.
1356 4980 1628 5035 Caeterum
1683 4979 1946 5036 Dominus
1990 4982 2107 5052 ipse

530 5069 805 5133 Christus,
838 5070 1004 5140 idque
1033 5085 1159 5125 cum
1195 5081 1342 5125 esset
1370 5087 1398 5123 a
1429 5071 1812 5140 peccatoribus
1843 5087 2105 5142 segrega-

530 5171 618 5216 tus
647 5161 938 5231 (peccatum
971 5162 1110 5217 enim
1140 5159 1346 5214 nullum
1390 5161 1642 5226 admisit,
1676 5178 1838 5232 neque
1866 5163 2103 5217 iuventus

528 5251 680 5308 dolus
722 5254 777 5308 in
808 5270 896 5308 ore
924 5257 1038 5323 ejus
1061 5255 1160 5326 '),
1195 5262 1476 5310 strenuam
1521 5270 1586 5310 ac
1636 5256 1956 5325 pervigilem
2003 5270 2102 5324 pa—

528 5349 854 5402 scendarum
875 5347 1060 5401 ovium
1091 5360 1314 5401 suarum
1339 5347 1867 5403 administrationem
1890 5347 2105 5402 illustre

527 5453 650 5494 esse
672 5448 1077 5510 argumentum,
1110 5448 1274 5508 atque
1300 5441 1523 5495 evidens
1545 5441 1697 5495 ducit
1736 5452 1940 5495 nostra:
1974 5454 2102 5508 erga

529 5544 588 5584 se
609 5529 936 5584 dilectionis.
967 5529 1073 5584 Sed
1107 5536 1162 5584 et
1189 5545 1335 5596 eum,
1369 5532 1462 5600 qui
1487 5547 1555 5587 ne
1586 5532 1860 5584 tantillum
1881 5529 2098 5600 quidem

2202 4699 2403 4763 τοίνυν,
2434 4696 2735 4770 παρακαλῶ
2765 4698 2930 4767 ὑμᾶς,
2955 4696 3276 4768 βλάπτωμεν
3296 4715 3308 4728 ο
3329 4697 3489 4750 τοῦτο
3515 4697 3620 4768 γὰρ
3642 4712 3760 4766 παρ-

2206 4791 2473 4862 οιμιωδῶς
2500 4790 2668 4858 λέγει,
2701 4789 2872 4844 ὠθεῖν
2899 4790 3024 4845 καθ’
3065 4789 3295 4845 ἑαυτῶν
3330 4796 3396 4848 τὸ
3418 4787 3761 4860 {Ismeniae

2206 4884 2378 4937 ταῦτά
2407 4900 2594 4954 φησιν,
2623 4876 2709 4935 οἷα
2737 4882 3092 4936 ἐπακολουθεῖ
3122 4885 3234 4945 τοῖς
3262 4883 3466 4936 ἀδικεῖν
3495 4884 3527 4954 ἢ
3561 4884 3751 4955 εὐεργε-

2206 4979 2320 5028 τεῖν
2355 4993 2505 5038 τινας
2539 4974 2880 5046 βουλομένοις
2901 5014 2916 5039 ,
2948 4973 3050 5028 κᾶν
3087 4973 3159 5046 μὴ
3196 4974 3332 5046 πρὸς
3361 4975 3519 5046 ἔργον
3548 4976 3756 5045 ἤνεγκαν

2206 5069 2242 5122 ἃ
2276 5067 2694 5121 ἐϐουλεύσαντοο
2743 5067 2986 5129 ἐκείνους
3028 5065 3171 5137 γάρ,
3220 5065 3420 5138 δηλαδὴ
3466 5066 3559 5131 οὓς
3596 5064 3755 5138 προεί-

2206 5159 2358 5212 λοντο
2403 5158 2658 5229 ἀδικῆσαι
2707 5157 2740 5228 ἢ
2783 5158 3171 5229 εὐεργετῆσαι,
3213 5158 3275 5210 οὐ
3318 5158 3566 5224 πάντως,
3613 5157 3754 5230 φησι.

2205 5250 2459 5320 διέθηκαν
2490 5247 2672 5312 καθὼς
2717 5248 3096 5320 ἠϐουλήθησαν
3116 5265 3129 5278 α
3163 5249 3426 5320 πρόδηλον
3473 5252 3564 5317 δὲ,
3600 5253 3676 5305 ὅτι
3707 5250 3757 5302 τὸ

2211 5331 2492 5414 μὲνπαρά
2522 5343 2581 5395 τὸ
2613 5341 2907 5412 ἀϐούλητον
2935 5341 3042 5394 τῶν
3081 5343 3550 5414 εὐεργετουμένων
3574 5345 3643 5416 (4)
3667 5387 3678 5409 ,
3706 5343 3757 5395 τὸ

2204 5435 2259 5487 δὲ
2292 5435 2441 5506 παρά
2470 5435 2531 5487 τὸ
2560 5435 2788 5506 ἀδρανὲς
2819 5434 2928 5486 τῶν
2965 5433 3311 5491 ἀδικούντων.
3352 5438 3680 5509 Προθέμενος
3711 5435 3756 5488 δὲ

2205 5529 2331 5598 περὶ
2357 5526 2465 5580 τῶν
2495 5526 2587 5580 δύο
2615 5529 2810 5591 εἰπεῖν,
2836 5525 2946 5603 τῶν
2973 5543 3033 5579 τε
3066 5527 3270 5580 ἀδικεῖν
3298 5529 3395 5582 καὶ
3426 5530 3534 5584 τῶν
3563 5531 3757 5600 εύεργεο

528 5619 806 5676 dimittere
833 5621 1006 5675 voluit
1047 5636 1336 5687 conservo,
1379 5624 1468 5678 cui
1518 5631 1628 5676 tam
1672 5623 1844 5676 multa
1893 5620 2098 5688 alioqui

2213 5620 2314 5688 τεέν
2339 5617 2708 5688 προθεμένων,
2743 5617 2871 5688 περὶ
2902 5616 3006 5669 τῶν
3036 5616 3361 5671 ἀδικούντων
3393 5619 3552 5690 μόνον
3590 5615 3755 5684 ἐπιφέ-

528 5713 755 5769 dimissa
791 5711 1024 5778 fuerant,
1058 5728 1291 5784 nequam
1335 5731 1399 5771 ac
1436 5715 1695 5770 malitiosi
1729 5714 1947 5768 nomine
1984 5718 2100 5766 tra-

632 5896 658 5924 ο
689 5889 702 5942 l
731 5885 869 5942 Tim.
912 5905 991 5955 ιιι,
1029 5890 1080 5947 ὕ.
1160 5899 1186 5938 Ρ
1225 5887 1356 5943 Luc.
1391 5903 1501 5952 xw,
1537 5888 1619 5942 10.

2207 5725 2286 5779 ρει
2318 5707 2409 5762 τὸν
2432 5706 2609 5775 λόγον,
2640 5708 2721 5760 ὅτι
2744 5711 2792 5761 οἱ
2832 5708 2929 5779 μὲν
2965 5706 3306 5786 ἀδικούμενοι
3357 5709 3457 5780 τὴν
3505 5705 3755 5779 βασιλείαν

1698 5898 1722 5937 ‘l
1754 5886 1885 5956 Cap.
1924 5899 1982 5951 ιε,
2019 5902 2066 5938 v.
2102 5884 2186 5939 ιε.
2272 5895 2293 5924 τ
2319 5887 2334 5940 l
2359 5885 2471 5940 Pet.
2509 5899 2567 5951 ιι,
2601 5883 2689 5938 22.

1761 6520 2265 6527 Ἣ
