3896 6542
123 449 229 504 ΓΠ

867 443 1317 501 ΡᾹΟΗἾΜΕΒᾸΞ
1357 445 1712 501 PARAPIIRA

1814 445 1843 501 5
1878 445 1944 503 IN
1984 445 2134 503 EPP.
2169 445 2226 502 S.
2263 446 2583 504 DIONYSII.
3259 449 3364 504 £78

99 562 216 654 ιτοῦ
255 557 403 615 Θεοῦ
429 561 951 635 κληρονομήσουσιν·
1004 562 1157 615 αὐτοὶ
1197 561 1252 615 δὲ
1292 563 1342 614 οἱ
1383 561 1694 624 ἀδικοῦντες

1814 561 1988 616 lucit:
2029 569 2084 616 et
2107 552 2232 631 jure
2264 562 2509 617 decernit
2540 570 2597 616 ut
2625 561 2864 632 propriis
2897 559 3130 624 fruatur,
3176 560 3368 617 videli-

124 658 214 710 καὶ
247 658 303 708 ἐν
336 654 413 726 τῷ
447 655 544 726 βίῳ
567 654 740 726 τούτῳ
773 656 866 708 καὶ
897 655 954 706 ἐν
990 654 1068 725 τῷ
1108 653 1352 725 μέλλοντι
1396 653 1695 725 τιμωροῦν-

122 767 252 812 ται,
312 749 448 820 μετά
494 748 760 819 δαιμόνων
809 745 946 802 εἶναι
1007 749 1478 821 κατακρινόμενοι.
1542 748 1697 801 Μετὰ

123 843 294 897 ταῦτα
329 843 424 895 καὶ
466 843 595 914 περὶ
630 843 728 914 τῆς
777 841 1204 914 πολυθρυλλήτου
1248 842 1395 904 Θείας
1435 841 1696 903 ὀπτασίας

122 937 495 1009 δωλαμὸάνει.
543 928 711 999 Οὗτός
741 937 885 988 ἐστιν
912 938 940 989 6
969 937 1229 1006 Κάρπος,
1259 929 1318 990 οῦ
1357 935 1626 1006 μέμνηται
1665 934 1693 985 6

125 1030 268 1095 θεῖος
313 1030 629 1093 Ἀπόστολος
658 1032 716 1082 ἐν
746 1031 811 1099 τῇ
844 1029 980 1100 πρὸς
1009 1027 1268 1099 Τιμόθεον
1303 1027 1528 1099 δευτέρᾳ
1565 1030 1695 1081 ἐπι-

126 1123 321 1194 στολῇ,
351 1122 409 1186 ὃς
437 1123 554 1176 οὐδὲ
590 1125 710 1186 ταῖς
741 1122 846 1175 τῶν
891 1121 1059 1190 ἁγίων
1109 1121 1418 1191 μυστηρίων
1458 1119 1697 1182 τελεταῖς

124 1215 415 1287 ἐνεχείρει,
462 1218 508 1268 εί
557 1217 630 1286 μή
688 1232 832 1278 τινος
887 1214 1149 1285 πρότερον
1210 1213 1404 1282 ἠξίωτο
1457 1211 1698 1283 ὁράσεως

125 1306 270 1362 κατὰ
305 1307 404 1370 τάς
448 1305 790 1377 προτελείους
817 1305 1000 1376 εὐχάς.
1048 1305 1341 1376 Προτέλεια
1379 1305 1436 1357 δὲ
1474 1304 1698 1357 ἐκάλουν

123 1402 174 1453 οἱ
220 1400 489 1471 Ἀθηναῖοι
527 1400 625 1464 τὰς
659 1400 784 1471 περ)⁸
824 1400 932 1453 τῶν
977 1400 1169 1469 γάμων
1193 1389 1341 1470 ’μετὰ
1371 1397 1572 1450 θυσιῶν
1608 1398 1698 1451 εὑ-

125 1495 258 1565 χάς·
290 1495 382 1547 τὸν
426 1493 534 1564 γὰρ
566 1493 741 1564 γάμον
781 1491 933 1555 τέλος
967 1491 1191 1545 ἐκάλουν
1214 1529 1228 1554 ,
1272 1490 1348 1552 ὡς
1392 1487 1699 1542 τελειοῦντα

125 1589 265 1659 πρὸς
293 1589 386 1640 τὸν
419 1586 652 1656 βίον’τδν
685 1585 987 1656 ἄνθρωπον.
1033 1584 1344 1654 Μυστήριον
1380 1581 1510 1651 γοῦν
1557 1578 1700 1652 εἶχον

126 1683 220 1734 καὶ
247 1681 340 1732 τὸν
372 1679 546 1750 γάμον
568 1679 666 1748 (5).
707 1678 930 1746 Ἔλεγον
951 1677 1007 1730 δὲ
1031 1675 1406 1748 προτελεῖσθαι
1435 1676 1527 1729 καὶ
1562 1693 1698 1746 προ-

128 1769 410 1844 μυεῖσθαι,
445 1773 537 1825 καὶ
564 1770 724 1824 οἱονεὶ
753 1768 1248 1841 προκαθαίρεσθαι,
1279 1771 1357 1832 είς
1388 1769 1700 1839 ἐτοιμασίαν

129 1865 439 1938 μυστηρίου
468 1863 562 1934 (6).
595 1863 669 1915 T6
697 1861 828 1931 γοῦν
857 1863 984 1932 παρ’
1023 1860 1276 1931 Ἕλλησιν
1309 1859 1521 1922 ἀσεϐῶς
1548 1859 1700 1928 λεγό-

1797 665 1883 708 cet
1913 653 2149 724 caligine
2174 652 2457 724 (carceris)
2505 662 2559 708 et
2603 653 2893 724 supplicio.
2937 652 3064 708 Haec
3093 654 3238 708 enim
3271 653 3369 708 lla—

1798 746 1995 816 gitioso
2028 745 2248 815 propria
2281 753 2432 799 sunt.
2468 743 2587 814 lpse
2626 760 2818 800 rursus
2849 761 2948 814 pro
2987 762 3046 800 se
3075 746 3368 815 ligentibus

1797 832 1947 887 cruci
1981 847 2174 904 preces
2213 831 2396 887 fudit:
2434 841 2627 888 contra
2666 850 2793 888 vero
2831 835 2945 889 acri
2987 835 3370 905 objurgatione

1797 920 2082 994 percelluit
2110 925 2410 995 discipulos
2447 925 2735 979 adversum
2769 925 3068 981 Samaritas
3108 927 3369 997 interpel—

1798 1017 1993 1082 lantes,
2013 1017 2468 1088 quemadmodum
2494 1017 2548 1084 in
2573 1027 2923 1072 sacrosancto
2940 1017 3098 1073 Luca:
3122 1017 3369 1089 Evange-

1799 1107 1871 1160 lio
1888 1107 2152 1175 scriptum
2170 1116 2272 1160 est.
2295 1106 2368 1160 lhi
2384 1108 2528 1161 enim
2549 1107 2680 1176 legis
2696 1105 2982 1160 Dominum
3002 1108 3134 1176 ipsis
3153 1124 3371 1177 respon-

1799 1200 1948 1255 disse
1978 1215 1991 1250 :
2023 1198 2252 1253 Nescitis
2287 1199 2438 1267 cujus
2489 1201 2708 1266 spiritus
2746 1201 2870 1252 estis
2891 1207 2938 1260 ',
2969 1201 3056 1252 cui
3111 1200 3369 1254 nimirum

1799 1292 1987 1362 gratiae
2016 1291 2363 1346 subservitis.
2406 1290 2472 1344 Et
2507 1299 2562 1344 tu
2595 1291 2814 1346 interim
2861 1306 3081 1346 sursum
3116 1306 3180 1345 ac
3210 1292 3372 1346 deor-

1801 1400 1922 1439 sum
1954 1384 2089 1438 nihil
2120 1398 2229 1436 non
2256 1398 2505 1445 movens,
2543 1382 2732 1437 odiose
2767 1383 3013 1437 inculcas
3045 1382 3180 1446 haec,
3213 1383 3370 1451 quasi

1801 1478 1895 1548 qui
1920 1477 2028 1532 Deo
2047 1475 2308 1530 inﬁictam
2327 1475 2714 1531 contumeliam
2741 1475 2890 1529 ultus
2911 1473 3102 1528 fueris.
3131 1472 3373 1528 Deumne

1803 1579 1859 1623 tu
1895 1568 2083 1622 ulcisci
2124 1582 2222 1637 per
2260 1566 2524 1620 malitiam
2564 1582 2748 1635 paras,
2782 1565 2861 1621 sic
2899 1565 3098 1620 eximie
3130 1565 3376 1619 bonum?

1801 1658 2072 1714 Absithoc
2093 1656 2368 1712 !Pontifex
2387 1665 2574 1712 noster
2594 1655 2870 1720 Christus,
2896 1657 3182 1720 innocens,
3203 1655 3374 1719 mitis,

1805 1751 1922 1821 ipse
1959 1749 2274 1821 prOpitiatio
2307 1757 2392 1804 est
2424 1764 2521 1818 pro
2556 1749 2794 1818 peccatis
2843 1749 3070 1802 nostris.
3105 1744 3183 1801 Ne
3211 1745 3378 1816 igitur

1804 1858 1993 1914 speres
2010 1858 2111 1896 nos
2127 1841 2579 1910 comprobaturos
2596 1841 2951 1894 acrimoniam
2974 1840 3117 1893 hanc
3149 1838 3377 1893 affectus

130 1923 403 2030 pavovueic
435 1923 496 2010 τδ
523 1923 623 2026 τῆς
649 1923 905 2027 ἀληθείας
937 1923 1234 2026 μυστήριον
1262 1957 1290 2007 6
1311 1953 1503 2024 Πατὴρ
1535 1923 1702 2022 μετή-

1814 1938 1906 2000 Lui,
1935 1934 2154 2006 quando
2185 1949 2215 1987 a
2242 1933 2358 1987 zelo
2389 1947 2657 2004 germanae
2687 1932 2904 2017 pietatis
2924 1932 3239 2001 neutiquam
3259 1945 3380 1999 pro-

126 2066 286 2118 γαγε.
321 2049 433 2102 Καὶ
461 2049 841 2117 προτελείους
879 2044 1029 2100 εἶπεν
1069 2049 1254 2114 εὐχὰς
1304 2047 1403 2108 τάς
1454 2045 1560 2116 πρὸ
1607 2043 1701 2096 τοῦ

129 2143 428 2214 μυστηρίου
453 2141 663 2213 δεήσεις
694 2141 834 2212 ὑπὲρ
859 2140 1178 2213 καθάρσεως
1211 2139 1304 2192 καὶ
1335 2138 1702 2208 ἁκατακρίτου

130 2236 486 2308 μεταλήψεως
508 2233 602 2288 τοῦ
633 2233 968 2288 τελειοτάτου
1001 2233 1096 2286 καὶ
1115 2231 1233 2286 τελε
1244 2231 1444 2284 ιοποιοῦ
1473 2232 1581 2284 τῶν
1607 2249 1705 2301 μυ-

129 2330 369 2400 στηρίων
414 2327 604 2398 δώρου.
662 2327 816 2389 Τίνες
858 2325 913 2378 δέ
963 2327 1097 2378 εἰσιν
1136 2327 1190 2378 αἱ
1243 2325 1464 2396 Ίλάριαι
1506 2322 1702 2393 sexui;

125 2416 308 2474 Ἦσάν
338 2436 485 2483 τινες
517 2419 717 2490 ἡμέραι
756 2421 866 2481 τοῖς
893 2414 1322 2488 εἰδωλολάτραις,
1363 2415 1430 2480 ἃς
1473 2415 1706 2485 ’Ῑλαρίας

127 2512 458 2566 ἀπεκάλουν,
488 2512 597 2564 Καὶ
631 2513 684 2564 αί
717 2512 812 2581 μὲν
837 2507 974 2581 ἦσαν
1012 2510 1175 2563 ίδικαὶ
1209 2509 1453 2579 Ἰλάριαι,
1481 2508 1556 2570 ὡς
1580 2509 1705 2560 ὅταν

127 2623 213 2669 τις
247 2604 473 2675 ἐγημεν,
506 2604 538 2673 ἢ
573 2603 684 2656 υἱὸν
729 2605 953 2656 ἐκτᾶτο·
995 2603 1051 2654 αἱ
1089 2602 1145 2655 δὲ
1180 2601 1354 2654 κοιναὶ
1399 2601 1491 2653 καὶ
1536 2599 1706 2668 δημό-

133 2713 272 2759 σιαι,
301 2695 380 2757 ὡς
401 2696 525 2748 ὅταν
558 2693 807 2763 βασιλεὺς
832 2694 1290 2766 ἀναγορευόμενος
1323 2692 1420 2754 τὰς
1446 2691 1709 2764 δημοσίας

140 2789 380 2862 ἰλαρίας
406 2790 632 2862 παρεῖχε
656 2787 766 2842 Καὶ
787 2786 908 2842 οὔτε
939 2786 1174 2859 πένθιμα
1201 2788 1257 2841 ἐν
1278 2787 1500 2849 ταύταις
1523 2787 1706 2856 φορεῖν

130 2883 277 2954 ἐξῆν,
314 2882 451 2962 ἀλλὰ
482 2883 574 2936 καὶ
609 2882 726 2935 θέαι
750 2883 843 2935 καὶ
871 2881 1051 2934 θυσίαι
1083 2880 1202 2934 καθ’
1234 2880 1469 2949 ἑκάστην
1497 2877 1708 2948 ἡμέραν

128 2976 389 3047 δημόσιαι
439 2974 716 3028 ἐτελοῦντο
740 3017 754 3040 ,
805 2975 898 3027 καὶ
947 2972 1210 3026 ἐπαύοντο
1256 2973 1305 3024 οἱ
1347 2968 1706 3032 πενθοῦντες,

130 3072 224 3123 καὶ
268 3067 560 3140 ἐθεώρουν,
597 3069 690 3121 καὶ¹
719 3069 776 3119 ἐν
807 3067 1062 3137 εὐωχίαις
1107 3065 1289 3136 διῆγον
1327 3062 1426 3126 τάς
1455 3061 1710 3124 τοιαύτας

143 3163 404 3232 Ἰλαρίους
449 3161 679 3232 ἡμέρας.
706 3155 812 3214 Ἶίν
859 3159 915 3212 δὲ
958 3159 1052 3211 καὶ
1093 3158 1293 3229 Ἰλάρια
1353 3155 1512 3226 ἑορτὴ
1573 3153 1710 3225 ίδικὴ

142 3253 434 3323 Ῥωμαίων
458 3255 536 3315 είς
558 3252 723 3323 τιμὴν
742 3251 843 3321 τῆς
873 3250 1076 3322 μητρὸς
1102 3250 1209 3303 τῶν
1233 3249 1369 3302 θεῶν
1390 3247 1566 3300 αὐτῶν

1805 2026 2114 2081 ﬁciscitur:
2157 2040 2224 2078 ne
2273 2025 2319 2079 si
2365 2026 2529 2078 etiam
2578 2006 2876 2079 identidem
2922 2038 3166 2093 opponas
3218 2021 3380 2077 nobis

1803 2118 2035 2173 eximios
2088 2118 2466 2182 aemulatores,
2511 2115 2794 2187 Eliamque
2838 2124 2892 2170 et
2933 2115 3167 2170 Phinees
3203 2114 3382 2183 subji-

1761 2232 1769 2239 ·
1804 2211 1979 2276 ciens,
2013 2209 2410 2280 quod,illorum
2428 2216 2758 2278 provocatus
2780 2207 3050 2276 exemplo,
3083 2221 3197 2260 rem
3231 2204 3381 2274 ejus-

1805 2299 1950 2355 modi
1978 2315 2270 2370 aggressus
2304 2299 2400 2355 sis.
2423 2295 2557 2352 Nam
2585 2307 2636 2352 et
2660 2297 2962 2368 discipulos
2996 2298 3183 2366 gratiae
3216 2295 3380 2365 spiri-

1806 2392 1968 2448 tualis
1999 2398 2226 2447 eatenus
2255 2392 2451 2456 rudes,
2501 2406 2630 2444 cum
2679 2389 2910 2443 Domino
2960 2389 3219 2458 quiddam
3269 2402 3380 2439 non

1807 2485 2057 2541 absimile
2106 2485 2411 2547 dixissent,
2463 2483 2533 2537 ab
2585 2479 2823 2536 humana
2876 2481 3134 2535 nimirum
3183 2479 3382 2549 pietate

1809 2577 2065 2640 alienius,
2097 2576 2414 2645 neutiquam
2457 2576 2505 2630 is
2547 2574 2817 2645 probavit.
2860 2571 2974 2626 Hoc
3031 2579 3214 2626 autem
3244 2569 3384 2624 dixit

1809 2671 1969 2726 Pater
1997 2669 2063 2724 ad
2097 2669 2400 2724 absolutam
2431 2668 2579 2721 illam
2616 2667 2889 2737 aspiciens
2926 2665 3115 2735 gratia).
3146 2662 3383 2716 infusio-

1811 2779 1955 2828 nem,
1985 2777 2147 2833 quam
2188 2769 2311 2833 post
2344 2762 2808 2815 resurrectionem
2850 2764 3199 2827 acceperunt.
3235 2753 3388 2808 Scri-

1811 2864 1962 2927 ptum
1985 2855 2185 2925 quippe
2202 2861 2286 2909 est
2310 2872 2324 2908 :
2349 2851 2601 2906 Nondum
2621 2853 2758 2905 enim
2783 2860 2897 2906 erat
2919 2850 3149 2920 Spiritus
3168 2857 3386 2903 sanctus

1811 2949 1968 3004 datus
1990 2989 2005 3014 ,
2027 2951 2152 3020 quia
2169 2947 2202 3001 J
2207 2965 2324 3002 esus
2350 2946 2579 3001 nondum
2600 2955 2714 3000 erat
2734 2944 3060 3015 gloriﬁcatus
3079 2944 3122 2997 ί.
3147 2940 3385 2996 Docendi

1749 3065 1751 3068 ‘
1811 3058 2068 3112 namque,
2102 3057 2212 3095 non
2236 3048 2416 3094 autem
2442 3038 2710 3109 plecteudi
2744 3039 3058 3109 ignorantes
3092 3032 3384 3104 :quemad-

1812 3136 2034 3190 modum
2084 3143 2139 3190 et
2175 3150 2347 3189 caacos
2409 3134 2464 3186 in
2497 3133 2642 3186 viam
2690 3139 2837 3185 recta
2881 3128 3240 3191 deducimus,
3273 3140 3390 3194 pm-

1813 3243 1914 3284 nas
1939 3243 2280 3298 nequaquam
2309 3225 2628 3297 iniligimus.
2659 3224 2879 3295 Κόῤῥην
2911 3219 3133 3291 quidam
3164 3226 3392 3273 conten-

145 3302 297 3396 Ἐπεὶ
339 3343 395 3396 δὲ
425 3302 1075 3410 ἀεὶῖτδέιστινζ
1100 3302 1186 3392 άεῖ
1211 3337 1478 3392 νουθετεῖν
1510 3302 1710 3407 τὸνμὴ

1815 3322 1952 3376 dunt
1990 3320 2259 3391 κρόταφον
2301 3317 2640 3390 signiﬁcare,
2673 3314 2778 3370 hoc
2809 3322 2893 3371 est
2925 3322 3124 3380 tempus
3161 3310 3347 3377 capitis
3371 3327 3391 3363 :

131 3436 338 3504 ἀγαθὸν
357 3438 384 3489 6
410 3435 564 3504 λόγος
589 3434 862 3504 ὑποδηλοῖ.
892 3433 1047 3496 Τινὲς
1077 3432 1207 3501 γοῦν
1239 3429 1464 3502 ἀμαθῶς
1482 3428 1542 3482 τὸ
1562 3432 1713 3482 ἐναν-

130 3528 244 3582 τίον
291 3527 512 3596 λέγουσι
532 3566 547 3592 ,
594 3527 919 3598 κεχρημένοι
957 3524 1035 3595 τῷ
1076 3524 1411 3594 ἀποστολικῷ
1449 3523 1594 3594 ῥητῷ
1637 3521 1714 3592 τῷ

133 3622 385 3690 λέγοντιο
426 3619 737 3688 Αἱρετικύν
785 3618 1096 3686 ἄνθρωπον
1144 3617 1295 3686 μετὰ
1335 3615 1574 3683 πρώτην
1616 3615 1716 3667 καί

133 3712 426 3780 δευτέραν
471 3711 798 3766 νουθεσίαν
847 3708 1134 3783 παραιτοῦ
1155 3725 1167 3740 ο
1231 3708 1304 3779 μὴ
1336 3707 1579 3769 νοοῦντες
1606 3705 1716 3758 τῶν

133 3807 447 3879 εἰρημένων
476 3804 574 3877 τὴν
611 3805 836 3875 δύναμιν
874 3805 938 3856 ἐκ
967 3801 1076 3856 τῶν
1101 3801 1382 3872 ἑπομένων
1411 3799 1586 3871 ῥητῶν
1617 3798 1718 3868 μά-

133 3902 291 3955 λιστα
328 3897 764 3969 σαφηνιζομὲνην
785 3914 798 3927 ·
831 3896 953 3948 τότε
979 3896 1089 3967 γὰρ
1110 3893 1326 3962 εὔλογος
1349 3894 1382 3963 ἡ
1413 3891 1550 3964 μετὰ
1579 3891 1719 3963 πρώ-

134 4013 233 4066 την
291 3992 390 4047 καὶ
445 3990 697 4061 δευτέραν
745 3986 1022 4041 νουθεσίαν
1079 3985 1447 4058 παραίτησις,
1507 3984 1634 4037 ὅταν
1689 3984 1719 4034 6

134 4084 408 4139 διδάσκων
441 4079 579 4151 πρὸς
604 4077 700 4150 τὴν
731 4077 1058 4148 παραίτησιν
1097 4075 1252 4147 ἔλθῃ,
1291 4073 1445 4136 εἰδὼς
1486 4075 1566 4126 ὅτι
1603 4071 1718 4136 ἐξέ-

139 4190 416 4248 στραπται
450 4173 478 4224 6
505 4169 741 4232 τοιοῦτος
759 4211 774 4235 ,
811 4169 907 4221 καὶ
944 4165 1191 4220 λανθάνει
1220 4165 1293 4217 ὢν
1323 4163 1720 4234 αὐτοκατάκρι-

135 4285 258 4331 τος·
297 4264 461 4334 δῆλον
493 4261 601 4333 γὰρ
629 4261 703 4324 ὡς
726 4263 838 4323 τοῖς
881 4261 1044 4331 ἱεροῖς
1076 4255 1411 4319 διδασκάλοις
1449 4255 1721 4309 ἀποκαλύ-

138 4375 338 4413 πτεται
355 4357 449 4426 καί
463 4354 612 4426 ἡτῶν
630 4353 958 4424 προσιόντων
970 4350 1317 4412 κατάστασις.
1339 4347 1623 4418 ’Ἑτεροιδέ
1640 4346 1719 4412 τὸ,

139 4451 304 4506 Μετὰ
330 4448 571 4518 πρώτην
594 4447 689 4501 καὶ
708 4445 994 4513 δευτέραν
1011 4445 1182 4507 οὕτως
1202 4444 1450 4514 ἐνόησαν,
1469 4443 1588 4496 ἀντὶ
1602 4441 1720 4505 τοῦ,

140 4543 299 4597 Μετὰ
327 4542 428 4612 τὴν
451 4542 514 4594 ἐκ
534 4539 778 4602 Παλαιᾶς
797 4539 890 4591 καὶ
907 4538 1051 4600 Νέας
1073 4535 1344 4606 Διαθήκης
1362 4532 1723 4587 διδασκαλίαν.

152 4635 240 4696 Ὧς
292 4632 428 4704 γοῦν
477 4635 505 4686 6
542 4631 766 4702 Κάρπος
816 4629 1087 4701 ἐλυπήθη,
1123 4629 1286 4698 φησὶ,
1331 4625 1417 4679 διὰ
1460 4625 1552 4679 τὸν
1593 4624 1723 4696 παρ’

1818 3417 2062 3472 nonnulli
2109 3413 2326 3484 γνάθον,
2377 3411 2676 3475 maxillam,
2727 3424 2935 3480 genam.
2975 3403 3298 3460 Praestiterit
3335 3410 3394 3456 ut

1819 3506 2196 3576 interpreteris
2233 3521 2355 3560 esse
2400 3503 2595 3572 capitis
2629 3508 2862 3571 partem.
2909 3496 2988 3552 Ne
3017 3497 3206 3568 igitur,
3231 3494 3390 3564 271

1818 3600 2011 3654 hortor
2039 3614 2158 3662 vos,
2197 3597 2306 3651 ulla
2344 3597 2399 3650 in
2441 3611 2498 3650 re
2530 3596 2792 3648 ltedamus
2819 3590 3149 3661 proximum.
3178 3586 3297 3640 .lam
3339 3593 3394 3640 et

1820 3693 1954 3756 hoc,
2004 3692 2163 3746 ὠθεῖν
2209 3689 2328 3743 καθ’
2375 3689 2581 3742 ἑαυτῶν
2628 3688 2689 3740 τὸ
2735 3685 2920 3755 ξίφος,
2976 3683 3253 3736 adversum
3300 3697 3394 3734 nos

1821 3787 1961 3853 ipsos
2001 3785 2313 3853 distringere
2354 3793 2402 3836 et
2432 3797 2641 3836 exerere
2675 3779 2942 3849 gladium,
2998 3773 3395 3847 proverbialem

1821 3879 2050 3951 ﬁguram
2124 3878 2412 3941 imitatus,
2487 3876 2642 3930 dixit,
2721 3875 2970 3944 Explicat
3027 3872 3187 3924 Pater
3272 3875 3399 3936 post

1822 3971 1958 4034 haec,
1991 3983 2238 4039 quaenam
2272 3984 2368 4022 eos
2398 3967 2730 4021 comitentur
2761 3964 2983 4034 praemia
3019 3961 3112 4032 qui
3136 3959 3221 4013 vel
3252 3958 3399 4026 inju-

1821 4059 1903 4113 ria
1926 4058 2181 4128 quapiam
2212 4057 2294 4113 vel
2329 4056 2597 4111 beneﬁcio
2621 4056 2817 4126 cupide
2848 4054 2986 4108 alios
3021 4052 3241 4107 afﬁcere
3270 4063 3400 4102 con-

1821 4151 2084 4216 tendunt,
2120 4150 2283 4204 etiam
2317 4149 2363 4204 si
2402 4164 2471 4203 ne
2515 4147 2582 4202 ad
2614 4163 2751 4217 opus
2791 4161 2966 4216 usque
3008 4148 3396 4215 promoveant,

1823 4259 1944 4315 qua:
1972 4241 2248 4297 destinato
2295 4239 2529 4294 consilio
2583 4239 2951 4294 moliebantur
2996 4234 3229 4290 ellicere.
3272 4233 3400 4288 lllos

1824 4337 1991 4402 enim,
2026 4351 2184 4405 quos.
2204 4333 2456 4389 videlicet
2478 4341 2808 4402 praesumpta
2842 4329 3119 4400 opinione,
3148 4336 3399 4382 antever-

1826 4433 2004 4481 terant
2036 4433 2096 4478 ut
2126 4425 2209 4479 vel
2240 4422 2519 4484 laederent,
2551 4422 2634 4476 vel
2661 4421 2916 4490 juvarent
2949 4418 3212 4474 benelicio
3248 4434 3262 4471 :
3291 4432 3402 4471 non

1825 4531 2216 4586 usquequaque
2246 4524 2406 4584 prout
2433 4513 2794 4576 destinarant,
2825 4510 2922 4576 ait,
2958 4509 3277 4586 aﬁeccrunt.
3311 4506 3405 4561 Li-

1827 4614 1955 4676 quet
1987 4585 2166 4660 autem
2197 4606 2251 4662 in
2275 4604 2467 4675 primis
2490 4605 2591 4657 hoc
2617 4603 2933 4674 contingere
2971 4618 3066 4672 per
3093 4585 3402 4672 incogitan-

142 4685 318 4779 535.00.
352 4685 692 4793 πλανηθέντα
716 4685 881 4784 ,ῠδὲον
916 4685 1012 4773 κοὶι
1044 4685 1374 4790 ἀμίρότέρων
1425 4685 1712 4788 προνοήσα-

1831 4703 1961 4756 tiam
2000 4715 2189 4756 eorum
2212 4741 2228 4765 ,
2275 4700 2329 4753 in
2362 4714 2501 4770 quos
2530 4697 2811 4754 confertur
2839 4695 3230 4761 beneficentia;
3270 4693 3404 4747 illud

143 4817 306 4877 σθαι,
364 4815 458 4868 καὶ
504 4812 855 4865 νουθετοῦντα
889 4811 976 4863 ἀεὶ
1023 4810 1115 4861 ἐπὶ
1155 4809 1255 4880 τὴν
1307 4807 1456 4860 θείαν
1503 4805 1726 4868 τούτους

143 4908 379 4978 ἀγαγεῖν
405 4905 626 4972 γνῶσιν,
661 4904 735 4967 ὡς
769 4902 1054 4974 κριθεισῶν
1077 4901 1178 4973 ἤδη
1205 4900 1298 4953 καὶ
1322 4898 1430 4952 τῶν
1457 4897 1728 4968 ἀμφισϐη-

142 5006 364 5075 τήσεων
396 5001 579 5060 αὐτοῖς
602 5040 616 5064 ,
650 4997 714 5049 δι’
747 4995 812 5059 ἃς
840 4995 1000 5066 τυχὸν
1035 4995 1242 5056 ἐκεῖνος
1281 4993 1377 5064 μὲν
1418 4989 1732 5060 ἀπεπλάνη-

147 5109 262 5158 σεν,
309 5084 470 5152 οὗτος
515 5088 571 5141 δὲ
621 5085 1008 5157 ἀπεπλανήθη·
1045 5085 1104 5136 οὐ
1153 5082 1240 5136 διὰ
1287 5082 1490 5151 ταύτης
1534 5081 1590 5133 δὲ
1633 5081 1733 5151 τῆς

144 5180 617 5255 ἀμφισϐητήσεως
667 5180 872 5240 ἐκεῖνος
931 5177 1026 5247 μὲν
1074 5173 1372 5244 ἐπλάνησεν
1402 5211 1416 5236 ,
1467 5167 1618 5234 οὗτος
1675 5171 1731 5224 δέ

147 5273 460 5344 ἐπλανήθη.
509 5271 647 5323 Ἀλλ’
678 5260 826 5323 αίτία
863 5267 958 5322 τοῦ
983 5285 1044 5320 τε
1075 5265 1363 5338 παρελθεῖν
1396 5265 1475 5326 εἰς
1501 5263 1563 5315 τὸ
1597 5262 1732 5314 πλα-

148 5369 314 5438 νῆσαι
342 5365 435 5418 τὸν
467 5364 813 5435 πλανήσαντα
830 5402 844 5423 ,
871 5361 962 5414 καὶ
986 5359 1080 5411 τοῦ
1112 5354 1514 5430 παραδέξασθαι
1534 5354 1604 5408 τά
1631 5354 1733 5424 τῆς

150 5458 368 5527 πλάνης
408 5457 501 5509 τὸν
539 5454 910 5524 πλανηθέντα,
955 5450 1360 5523 ἀμφισϐήτησίς
1400 5465 1483 5511 τις
1531 5443 1626 5518 ἦν,
1667 5447 1734 5515 ἢν

151 5551 293 5622 ἔχων
325 5551 355 5603 ό
383 5547 610 5618 ὔστερον
640 5545 930 5617 πλανηθεὶς
963 5541 1099 5615 μετά
1125 5541 1268 5604 τινὸς
1286 5583 1301 5607 ,
1329 5540 1450 5593 ἐπεὶ
1489 5539 1589 5592 οὐκ
1620 5536 1736 5590 ἐδύ-

153 5659 287 5694 νατο
337 5639 666 5711 κατισχύσαι
715 5637 808 5691 τοῦ
867 5637 1100 5708 θράσους
1151 5633 1396 5696 ἐκείνου,
1449 5631 1584 5703 πρὸς
1637 5629 1735 5700 τὴν

1831 4809 1963 4850 vero
1992 4795 2059 4848 ab
2082 4791 2456 4850 imbecillitate
2472 4807 2661 4846 eorum
2680 4789 2898 4861 pendet,
2919 4789 3012 4858 qui
3039 4788 3177 4842 alios
3211 4791 3407 4856 parant

1832 4887 2048 4944 laedere.
2095 4885 2342 4956 Cumque
2384 4883 2687 4940 instituerit
2732 4883 2799 4937 de
2840 4891 3074 4952 utroque
3121 4880 3405 4934 hominum

1833 4997 2031 5052 genere
2061 4986 2242 5034 texere
2269 4991 2600 5039 sermonem,
2625 4974 2716 5044 qui
2743 4973 2964 5028 decreto
2993 4978 3252 5042 certoque
3274 4984 3407 5024 con-

1835 5074 1960 5129 silio
1989 5074 2042 5128 in
2081 5071 2359 5144 proximos
2393 5077 2588 5138 parant
2617 5083 2742 5122 esse
2769 5067 2854 5122 vel
2880 5065 3089 5136 injurii,
3118 5064 3202 5118 vel
3236 5063 3404 5116 benc-

1833 5165 1920 5219 ﬁci
1949 5184 1962 5218 :
1989 5165 2056 5220 de
2109 5164 2177 5218 iis
2211 5160 2371 5216 modo
2414 5159 2571 5217 aﬁ'ert
2620 5159 2922 5226 rationem,
2953 5157 3047 5227 qui
3075 5155 3132 5208 in
3163 5153 3297 5208 alios
3324 5153 3410 5207 in-

1827 5257 1960 5329 jurii
1984 5271 2104 5311 esse
2133 5255 2364 5310 malunt.
2399 5251 2536 5306 Nam
2567 5251 2658 5323 qui
2683 5250 2941 5320 injuriam
2968 5249 3181 5303 fortiter
3203 5244 3406 5308 ferunt,

1836 5365 2066 5420 regnum
2097 5347 2191 5402 Dei
2223 5347 2540 5402 haereditate
2568 5351 2980 5415 consequuntur
3014 5361 3026 5396 :
3062 5347 3278 5402 contra,
3313 5335 3407 5407 qui

1837 5443 2051 5513 injuria:
2081 5447 2209 5497 sunt
2238 5447 2514 5505 auctores,
2541 5439 2596 5494 in
2627 5439 2730 5494 hac
2759 5437 2977 5507 quidem
3013 5433 3122 5486 vita
3161 5431 3323 5488 simul
3356 5441 3409 5484 et

1839 5535 1893 5589 in
1927 5536 2105 5589 futura
2135 5548 2325 5603 pmnas
2355 5532 2564 5587 dabunt
2593 5531 2878 5587 destinata:
2905 5525 3128 5580 malitia:
3157 5523 3404 5584 ultrices,

1839 5627 2043 5698 perpeti
2095 5626 2402 5701 daemonum
2454 5622 2651 5678 addicti
2703 5619 3001 5675 consortio.
3055 5615 3152 5669 llis
3205 5613 3407 5668 decisis

155 5731 371 5801 πλάνην
414 5703 701 5784 ἀπέκλινε·
744 5703 1052 5795 106161469
1077 5724 1226 5794 δηλοῖ
1256 5724 1348 5777 καὶ
1388 5721 1448 5776 τὸ
1487 5720 1710 5792 ἐπιφερό

1841 5717 2154 5791 aggreditur
2185 5714 2697 5772 commentationem
2720 5711 2784 5768 de
2814 5709 3168 5783 famigerabili
3213 5721 3278 5761 ac
3319 5703 3405 5759 di-

267 5925 290 5955 ⁶
322 5912 456 5969 Luc.
493 5926 569 5976 Ix,
597 5908 682 5964 55.
769 5905 939 5962 ‘Luc.
971 5919 1067 5971 vn,
1097 5901 1166 5957 '59
