3896 6584
515 460 622 516 Γθ
1193 475 1204 486 ο
1295 459 1640 516 APPENDIX
1677 460 1770 514 AD
1808 458 2035 515 OPERA
2077 461 2135 517 S.
2167 460 2464 517 DIONYSII
2486 460 2972 521 AREOPAGITAS.
3047 533 3054 540 .
3679 473 3770 527 {Si}

515 579 643 633 \iua
677 579 764 631 illa
798 579 1025 632 visione.
1067 576 1166 630 Hic
1200 577 1289 633 ille
1326 587 1412 634 est
1454 579 1688 649 Carpus,
1720 578 1884 648 cujus
1914 580 2090 633 admi-

2197 598 2373 652 μενον,
2402 582 2497 635 καὶ
2535 580 2656 635 τῶν
2671 583 2902 650 ἀλόγως
2940 581 3406 649 θρασυνομίνοη·
3447 585 3772 649 σωφρονεῖν

516 669 711 725 rabilis
741 669 946 725 Paulus
975 671 1352 725 commeminit
1382 671 1439 725 in
1476 671 1782 740 posteriore
1808 672 1875 723 ad
1907 669 2094 724 Timo-

2199 672 2708 742 ἀναγκαζομένων,
2740 673 2980 743 δηλονότι
3011 675 3119 727 τῶν
3162 672 3488 726 ἀδικούντων
3521 673 3739 725 ἐκείνων
3757 715 3770 736 ,

515 765 700 817 theum
736 761 988 831 epistola.
1034 763 1084 817 is
1119 771 1488 818 sacrosancta:
1535 760 1870 816 confectioni
1915 774 2094 814 sacra-

2199 761 2264 814 δι’
2296 761 2389 825 οὒς
2419 765 2448 815 6
2489 761 2779 832 πλανηθεὶς
2821 763 2900 825 είς
2930 762 3030 834 τὴν
3067 762 3274 833 πλάνην
3323 762 3524 816 ἔδωκεν
3571 763 3772 826 ἑαυτὸν,

514 862 822 909 mentorum
851 870 962 909 non
992 855 1147 925 prius
1181 869 1402 908 manum
1431 853 1786 917 admovebat,
1813 867 1976 922 quam
2003 867 2099 920 per

511 947 779 1002 visionem
840 945 982 1001 inter
1033 960 1128 1000 eas
1181 959 1411 1015 preces,
1469 958 1591 1014 quat
1620 941 2093 997 consecrationem

511 1046 794 1100 anteeunt,
823 1038 1200 1093 declararetur
1231 1035 1453 1107 dignus.
1483 1034 1751 1091 Cancrum
1781 1032 2099 1104 προτέλειαν

509 1147 605 1186 eas
634 1146 824 1202 preces
855 1131 1220 1185 Athenienses
1244 1128 1453 1192 dixere,
1473 1143 1595 1198 quae
1613 1142 1720 1180 una
1744 1141 1870 1180 cum
1905 1125 2099 1181 hostiis

508 1226 730 1295 nuptias
759 1225 1166 1295 praecurrebam
1191 1242 1204 1278 :
1239 1222 1392 1285 τέλος
1419 1221 1689 1290 siquidem
1720 1219 1900 1291 γάμον
1943 1234 2102 1273 voca-

509 1317 676 1383 bant,
710 1318 814 1371 hoc
872 1325 959 1372 est
993 1316 1245 1385 nuptias,
1280 1321 1340 1367 ut
1383 1330 1507 1384 qua:
1539 1313 1828 1384 hominem
1879 1311 2100 1365 initient

507 1415 562 1461 et
594 1408 880 1478 perﬁciant
912 1407 980 1461 ad
1025 1407 1150 1463 vita:
1189 1405 1352 1462 istius
1401 1403 1902 1460 conservationem.
1951 1401 2100 1474 Ergo

508 1501 673 1555 etiam
707 1501 929 1568 nuptias
969 1515 1068 1570 pro
1108 1505 1454 1554 sacramento
1498 1497 1792 1552 habebant.
1838 1496 2101 1551 Dicebant

510 1598 693 1645 autem
725 1590 1103 1662 προτελεῖσθαι
1136 1599 1191 1645 et
1225 1589 1590 1660 προμυεῖσθαι
1611 1629 1624 1652 ,
1657 1589 1816 1657 quasi
1850 1588 2100 1643 dicerent

509 1690 636 1737 ante
661 1698 776 1738 rem
807 1699 1018 1738 sacram
1052 1682 1270 1738 lustrari
1299 1697 1363 1736 ac
1393 1697 1561 1752 puros
1584 1681 1759 1746 reddi,
1786 1680 1853 1734 ad
1882 1687 2089 1750 myste-

511 1776 580 1830 rii
611 1785 956 1846 apparatum.
994 1774 1149 1841 Quod
1178 1775 1345 1845 igitur
1370 1791 1398 1828 a
1423 1775 1723 1846 gentilibus
1744 1773 1813 1827 ad
1842 1771 2091 1843 impieta-

508 1877 617 1924 tem
645 1869 1007 1932 referebatur,
1031 1870 1132 1922 hoc
1163 1868 1229 1921 ad
1260 1874 1464 1922 nostra:
1490 1866 1788 1921 verissima:
1811 1863 2096 1933 religionis

2198 854 2610 926 δεινοπαθήσας.
2645 855 2774 909 Δέον
2814 855 2944 925 γοῦν
2984 855 3208 908 τοιαῦτα
3252 855 3503 924 γενέσθαι
3529 895 3545 918 ,
3576 856 3606 907 6
3638 856 3774 926 Κάρ-

2203 961 2334 1008 πος,
2389 946 2488 999 οὐκ
2519 941 2616 1000 οἷδ’
2649 947 2797 1009 ὅπως
2828 947 2927 1018 τὴν
2960 946 3183 1018 πικρίαν
3223 945 3450 1018 ὲντήξας
3469 989 3484 1011 ,
3531 963 3772 1000 κατεκοι-

2205 1036 2462 1109 μήθηεΠε
2475 1039 2527 1111 ρὶ
2545 1039 2602 1092 δὲ
2614 1039 2685 1092 τὸ.
2704 1039 3050 1111 μεσονύκτιον
3075 1039 3216 1093 κατὰ
3229 1039 3289 1092 τὸ
3311 1039 3545 1111 σύνηθες
3571 1039 3771 1111 διεγερο

2204 1129 2320 1193 θεὶς
2343 1133 2423 1194 εἰς
2451 1131 2628 1195 θείους
2641 1130 2844 1201 ὕμνους
2867 1132 3101 1203 (8),οὑδὲ
3129 1133 3307 1196 καλῶς
3327 1133 3774 1203 ἀναπαυσάμενος

2201 1223 2289 1277 διὰ
2332 1225 2425 1279 τὸν
2449 1226 2547 1296 τῆς
2572 1224 2751 1296 ψυχῆς
2775 1224 3001 1297 θόρυϐον
3024 1225 3392 1297 ἐδυσχέραινε,
3417 1224 3632 1278 καὶτοῦ
3653 1225 3772 1277 Θεοῦ

2201 1317 2390 1381 ἐδεῖτο,
2409 1317 2666 1388 ἀφανίσαι
2682 1318 2776 1372 καὶ
2802 1317 3144 1389 ἀμφοτέρους
3166 1317 3254 1371 διὰ
3281 1318 3624 1390 πρηστῆρος,
3652 1319 3772 1370 οἱον-

2201 1409 2251 1462 εὶ
2291 1408 2559 1480 κεραυνοῦ
2594 1410 2737 1481 (ἀπὸ
2771 1410 2865 1464 τοῦ
2895 1409 3098 1479 πρήθω
3131 1411 3193 1465 τὸ
3225 1413 3371 1465 καίω
3413 1413 3552 1483 (9)).
3602 1412 3771 1464 Ταῦτα

2201 1499 2395 1569 λέγων,
2427 1499 2602 1566 ἔδοξεν
2654 1501 2780 1554 ἰδεῖν
2818 1501 2917 1571 τὴν
2961 1500 3198 1572 φοϐερὰν
3229 1502 3445 1572 ἐκείνην
3493 1501 3768 1565 ὀπτασίαν,

2203 1593 2332 1663 περὶ
2362 1587 2429 1663 ἧς
2461 1591 2606 1646 κατὰ
2631 1591 2825 1645 λεπτὸν
2861 1592 3144 1663 διηγεῖται.
3187 1593 3298 1646 Καὶ
3341 1595 3504 1663 ἡμεῖς
3523 1633 3540 1656 ,
3577 1593 3656 1656 ὡς
3687 1610 3770 1646 σα-

2204 1683 2337 1755 φοῦς
2367 1682 2568 1756 οὔσης,
2603 1685 2670 1738 τὰ
2701 1684 2801 1755 τῆς
2842 1683 3154 1756 ἐξηγήσεως
3197 1685 3598 1756 παρελίπομεν,
3629 1685 3772 1738 τοῦτο

2206 1778 2364 1848 μόνον
2407 1777 2722 1840 ὲπειπόντες
2749 1777 2876 1849 περὶ
2905 1777 3013 1829 τῶν
3059 1776 3611 1848 ὑπογαργαλιζόντων
3641 1777 3770 1847 (10),

2203 1871 2296 1924 καὶ
2324 1869 2413 1922 διὰ
2444 1870 2645 1933 παντὸς
2672 1872 2753 1933 εις
2778 1869 2838 1922 τὸ
2870 1870 3066 1940 ἀχανὲς
3099 1869 3210 1940 (ll)
3260 1869 3559 1940 ἐμϐάλλειν
3613 1888 3773 1941 μηχα-

509 1963 830 2032 mysterium
897 1960 1167 2016 derivavit
1215 1959 1401 2015 Pater.
1460 1957 1569 2014 Sed
1629 1964 1684 2012 et
1743 1954 2089 2028 προτελείους

2197 1962 2468 2032 νωμένων.
2529 1962 2840 2034 Σημείωσαι
2892 1962 2974 2015 ὃτι
3032 1961 3152 2025 πῶς
3196 1962 3226 2013 6
3274 1961 3522 2026 διάϐολος
3592 1963 3761 2034 ῥίπτει

507 2051 673 2121 εὐχάς
702 2052 874 2113 dixit,
911 2053 1171 2105 nimirum
1214 2067 1310 2105 eas
1357 2050 1729 2121 precationes,
1761 2063 1882 2118 qua:
1912 2047 2096 2100 initia-

506 2145 713 2199 tionem
749 2153 989 2214 przeeunt
1022 2144 1376 2208 sacramenti,
1411 2159 1511 2213 pro
1541 2143 1880 2214 impetranda
1911 2140 2097 2210 expia-

509 2239 677 2300 tione,
711 2252 774 2290 ac
817 2237 950 2290 nulli
997 2235 1407 2307 pra’judicanda
1455 2234 1919 2290 transmutatione
1958 2249 2094 2308 per-

506 2329 830 2386 fectissima:
862 2333 1025 2386 simul
1056 2339 1109 2386 et
1143 2330 1475 2402 perﬁcientis
1498 2330 1688 2400 gratia:
1719 2334 2096 2383 sacramentu-

507 2437 647 2478 rum.
677 2420 784 2478 Sed
809 2439 928 2493 quaa
957 2423 1176 2478 interim
1200 2431 1329 2478 sunt
1348 2421 1617 2492 ejusmodi
1643 2435 1834 2491 preces
1866 2417 2096 2473 Hilariw

504 2515 703 2570 dictae?
735 2514 877 2570 Sane
896 2516 1015 2570 dies
1040 2516 1263 2586 quidam
1286 2522 1445 2569 erant
1475 2513 1803 2568 idololatriae
1833 2510 2092 2576 addictis,

505 2623 645 2678 quos
680 2609 784 2662 hoc
811 2607 1032 2662 nomine
1062 2607 1339 2663 dicebant.
1369 2605 1603 2660 Privata:
1640 2612 1822 2658 autem
1855 2603 1938 2658 ha‘
1968 2619 2098 2657 cen-

507 2701 801 2766 sebantur,
834 2708 894 2754 ut
946 2716 1068 2756 cum
1119 2699 1245 2769 quis
1311 2713 1538 2753 uxorem
1575 2697 1814 2768 primum
1864 2696 2097 2751 duxerat

507 2800 602 2847 aut
623 2809 689 2848 ex
713 2808 883 2847 uxore
916 2800 1209 2862 exceperat
1249 2791 1448 2857 lilium;
1482 2804 1808 2844 communes
1829 2795 1884 2843 et
1911 2787 2094 2858 publi-

505 2901 619 2951 ca},
679 2888 841 2958 272
892 2896 951 2941 ut
1014 2903 1139 2940 cum
1191 2884 1465 2955 quispiam
1517 2899 1685 2954 regno
1735 2883 2096 2952 inauguratus

505 2982 742 3052 primum
773 2995 1074 3051 recensque
1096 2996 1193 3034 rex
1217 2979 1550 3041 declaratus,
1580 2977 1828 3048 publicas
1857 2974 2094 3031 Hilarias

505 3073 802 3128 indicebat.
834 3072 980 3126 Nulli
1014 3089 1109 3143 per
1136 3087 1232 3128 eos
1261 3072 1377 3126 dics
1411 3071 1614 3125 licebat
1640 3071 1902 3141 gestitare
1931 3069 2096 3140 quid-

505 3182 668 3235 quam
715 3168 965 3238 lugubre,
1001 3168 1096 3222 sed
1136 3165 1452 3236 spectacula
1483 3165 1861 3234 sacriliciaque
1894 3165 1950 3218 in
1977 3164 2094 3220 dies

506 3259 752 3330 singulos
801 3259 1240 3314 celebrabantur.
1289 3258 1335 3310 Α
1375 3258 1525 3312 luctu
1558 3257 1662 3312 sibi
1691 3258 2090 3326 temperabant,

506 3329 684 3421 quiin
718 3349 869 3404 luctu
887 3358 1044 3404 erant
1069 3357 1208 3413 tum,
1231 3358 1396 3419 atque
1417 3351 1718 3403 intererant
1739 3349 2089 3419 spectaculis,
2121 3329 2162 3384 ο

508 3444 674 3514 inque
701 3441 937 3512 publicis
967 3440 1236 3496 conviviis
1279 3440 1727 3496 transmittebant
1758 3440 1920 3495 istius
1944 3455 2046 3494 mo.
2074 3441 2090 3494 i

507 3533 744 3589 Hilarios
767 3533 904 3588 dies.
933 3533 1013 3587 Ad
1037 3533 1150 3587 haec
1173 3541 1291 3587 erat
1321 3541 1375 3588 et
1403 3531 1663 3587 Romanae
1689 3532 1812 3587 urbi
1849 3533 2092 3602 peculia-

507 3626 640 3681 riter
675 3623 847 3680 festus
874 3625 1022 3689 dies,
1067 3623 1273 3678 llilaria
1323 3624 1379 3677 in
1422 3623 1685 3677 honorem
1721 3624 1913 3678 matris
1955 3623 2089 3678 dco-

507 3731 626 3770 rum
663 3718 926 3785 ipsorum.
960 3715 1078 3770 Jam
1104 3715 1324 3785 quando
1353 3730 1570 3784 semper
1591 3721 1675 3769 est
1705 3715 1859 3782 illud,
1887 3714 2040 3767 hodie
2071 3729 2089 3768 :

506 3810 609 3864 hac
633 3826 764 3864 voce
794 3808 1108 3865 subindicat
1135 3825 1282 3871 eum,
1317 3808 1409 3878 qui
1435 3810 1612 3864 bonus
1643 3823 1751 3862 non
1776 3817 1861 3863 est
1893 3809 2089 3863 tantis-

506 3918 603 3972 per
632 3902 761 3955 dum
818 3903 972 3965 vivit,
1005 3916 1224 3972 semper
1245 3917 1368 3955 esse
1399 3899 1822 3956 admonendum.
1856 3899 2088 3965 Quidam

507 4005 691 4050 tamen
735 3996 934 4051 inscite
977 3997 1272 4050 admodum
1306 4001 1538 4050 tuentur
1565 3996 1839 4050 diversam
1871 4002 2093 4050 senten-

507 4090 660 4155 tiam,
693 4090 918 4144 oraculo
957 4089 1276 4158 apostolica:
1313 4088 1583 4143 doctrinae
1613 4089 1825 4144 inducti
1853 4109 1865 4144 :
1905 4088 2093 4144 Haere-

508 4182 666 4234 ticum
696 4182 957 4235 hominem
983 4192 1100 4249 post
1123 4182 1353 4249 primam
1374 4189 1424 4234 et
1456 4181 1681 4234 alteram
1712 4181 2091 4249 correptionrm

505 4277 679 4332 devita
701 4290 728 4316 ιι
758 4297 770 4332 :

2197 2055 2323 2116 τοὺς
2353 2053 2677 2125 ἀνθρώπους
2705 2055 2786 2118 εἰς
2813 2054 2874 2107 τὺ
2907 2055 3100 2118 σκότος
3126 2054 3188 2107 τὸ
3217 2052 3503 2126 ἐξώτερον,
3533 2056 3675 2127 ὅπερ
3695 2056 3772 2107 ὲν-

2195 2144 2368 2198 ταῦθα
2393 2145 2616 2214 ἀχανὲς
2654 2145 2840 2209 καλεῖ,
2887 2147 3129 2200 τουτέστι
3164 2146 3522 2220 βάραθρον,ἢ
3561 2149 3771 2202 ἀπατῶν

2196 2235 2229 2307 ἢ
2261 2237 2356 2290 καὶ
2387 2236 2544 2289 ὠθῶν
2575 2236 2702 2299 τοὺς
2726 2236 3080 2308 πειθομένους
3107 2238 3255 2310 αὐτῷ
3279 2257 3292 2268 ·
3329 2238 3444 2292 ἐστι
3481 2240 3538 2293 δὲ
3569 2240 3660 2292 ὅτε
3691 2242 3772 2294 καὶ

2197 2328 2448 2397 ἀσελγεῖς
2487 2327 2807 2400 ἀνθρώπους
2837 2333 3132 2402 συνεργοὺς
3159 2331 3323 2385 αὐτοῦ
3353 2331 3653 2403 λαμϐάνων
3703 2334 3771 2395 εἰς

2195 2421 2292 2492 τὴν
2321 2421 2523 2492 ἑτέρων
2550 2422 2785 2494 ἀπάτην,
2814 2423 2890 2487 ὼς
2920 2424 3015 2477 καὶ
3038 2424 3129 2477 τὸν
3155 2424 3549 2495 εἰδωλολάτρην
3580 2426 3672 2478 ἐπὶ
3691 2424 3768 2476 τὸν

2195 2513 2566 2585 ἀπατηθέντα,
2598 2515 2726 2586 περὶ
2758 2509 2820 2569 οὗ
2847 2517 2876 2568 6
2904 2515 3078 2584 λόγος.
3115 2516 3206 2570 Διὸ
3235 2517 3329 2570 καὶ
3361 2518 3419 2570 ὲν
3446 2520 3516 2588 τῇ
3547 2518 3769 2586 ὀπτασίᾳ.

2196 2606 2292 2660 καὶ
2317 2605 2516 2677 ἄνδρας
2536 2606 2640 2678 ὁρᾷ
2673 2607 2875 2678 μεταξὺ
2904 2609 3012 2662 τῶν
3039 2601 3236 2679 ὄφεων,
3256 2609 3507 2662 τουτέστι
3532 2608 3650 2662 τῶν
3672 2609 3771 2663 δαι-

2199 2699 2396 2768 μόνων,
2426 2698 2683 2762 ἕλκοντας
2707 2701 2834 2764 τοὺς
2864 2700 2971 2755 ὑπὸ
3015 2701 3110 2755 τοῦ
3153 2702 3399 2758 διαϐόλου
3429 2704 3766 2777 νικηθέντας.

2194 2785 2269 2844 ὧν
2292 2793 2441 2863 ἡμᾶς
2466 2795 2495 2846 6
2524 2792 2725 2865 Κύριος
2751 2791 3129 2865 ὲλευθερώσοιῑ
3157 2795 3230 2847 T6
3257 2794 3333 2858 δὲ,
3369 2796 3666 2862 Ἀκοντες
3689 2795 3769 2848 καὶ

2190 2884 2549 2954 βιαζόμενοι,
2583 2885 2657 2957 μὴ
2679 2886 3084 2958 άναγκαστικήν
3111 2904 3231 2940 τινα
3257 2886 3510 2958 δύναμιν,
3535 2889 3769 2941 τουτέστι

2193 2977 2285 3030 τὸν
2315 2976 2557 3030 διάϐολον
2585 2978 2822 3048 νοητέον,
2851 2979 2929 3042 ὡς
2955 2981 3004 3033 oi
3039 2978 3398 3050 Μανιχαῖκοὶ,
3422 2980 3768 3038 Μεσαλιανοὶ,

2195 3071 2360 3141 ἤγουν
2390 3070 2633 3141 Εὑχῖται·
2660 3070 2916 3143 (μεσὰνῖα
2944 3072 3054 3144 γάρ
3073 3076 3106 3144 ἡ
3129 3071 3261 3144 εὐχὴ
3288 3071 3430 3126 κατὰ
3463 3073 3595 3136 τοὺς
3611 3073 3770 3125 Φοίνιο

2197 3163 2355 3235 καςο)
2396 3163 2511 3217 ἀλλ’
2543 3165 2645 3228 ὅτι,
2675 3163 2984 3236 πειθόμενοι
3007 3165 3068 3218 τὸ
3091 3166 3258 3219 κακὸν
3281 3165 3509 3236 πρᾶξαι,
3529 3165 3614 3236 τῷ
3644 3167 3771 3219 ἀππα-

2195 3254 2358 3308 τῶντι
2384 3255 2568 3328 χώραν
2603 3256 2852 3328 διδόαμεν
2886 3257 3126 3328 συνεχῶς
3151 3261 3284 3329 ἡμῖν
3313 3259 3659 3314 ἐπιτίθεσθαι
3679 3301 3693 3323 ,
3720 3259 3772 3322 ἐξ

2195 3347 2226 3416 ή
2237 3345 2353 3416 μῶν
2382 3346 2503 3399 καθ’
2529 3349 2562 3418 ἡ
2573 3345 2690 3418 μῶν
2719 3345 3046 3418 λαμϐάνοντι
3083 3348 3181 3419 τὴν
3213 3349 3386 3420 ἰσχύν.
3434 3350 3771 3418 Ἀδυνατήσει

2196 3436 2272 3499 δὲ,
2310 3437 2384 3508 μὴ
2423 3437 2758 3508 πειθομένων
2804 3437 2996 3509 ἡμῶν·
3030 3439 3216 3512 ἐπειδὴ
3246 3442 3412 3510 ἐγγὺς
3439 3442 3602 3513 ἡμῶν
3636 3446 3771 3496 ἐστιν

2196 3529 2229 3599 ἡ
2263 3530 2479 3602 βοήθεια
2509 3530 2602 3584 τοῦ
2622 3530 2756 3585 Θεοῦ
2772 3571 2786 3595 ,
2811 3532 3413 3607 συνεπιλαμϐανομένη,
3435 3536 3514 3598 ὡς
3542 3537 3693 3607 δηλοῖ
3708 3537 3768 3590 τά

2195 3621 2392 3694 ἑφεξῆς
2416 3639 2430 3653 ·
2455 3622 2516 3675 τὸ
2535 3623 2592 3676 δὲ
2612 3625 2666 3677 Μ
2673 3621 2709 3692 ἡ
2727 3623 2932 3677 ἄλλων
2951 3625 3412 3694 ἁμαρτανόντων
3431 3627 3769 3695 ἀνθρώπων,

2196 3716 2305 3770 τῶν
2338 3714 2717 3787 σταυρούντων
2741 3713 2947 3786 ’δηλαδὴ
2966 3755 2982 3781 ,
3003 3717 3078 3780 ὡς
3109 3717 3176 3771 ἂν
3203 3719 3251 3771 ει
3272 3717 3455 3785 ἔλεγεν
3474 3736 3490 3750 ο
3525 3721 3772 3791 Ἕτοιμος

2195 3811 2290 3864 καὶ
2322 3805 2479 3871 αὖθις
2525 3807 2756 3879 πάσχειν
2782 3825 2796 3840 ο
2829 3809 2988 3880 μόνον
3018 3811 3081 3864 οὐ
3107 3810 3176 3864 δι’
3206 3811 3532 3884 ἀνθρώπων,
3573 3814 3659 3867 ἴνα
3703 3815 3771 3884 μὴ

2193 3904 2291 3955 καὶ
2328 3901 2490 3955 πάλιν
2533 3902 2852 3973 ἁμάρτωσιν
2896 3903 3195 3975 ἄνθρωποι.
3243 3905 3559 3975 Σημείωσαι
3613 3907 3670 3960 δὲ
3719 3909 3771 3960 ἐν

2195 3993 2405 4057 τούτοις
2426 4037 2441 4061 ,
2474 3995 2557 4047 ὅτι
2589 3993 2733 4049 κατ-ὰ
2759 3994 2858 4066 τὴν
2905 3996 3171 4049 ὀπτασίαν
3205 3998 3300 4050 καὶ
3327 3998 3493 4062 αὐτὸς
3519 4001 3549 4053 6
3578 4001 3772 4072 Κύριος

2194 4087 2433 4155 ἀγαθοὺς
2463 4088 2557 4141 καὶ
2589 4087 3007 4160 φιλανθρώπους
3038 4090 3195 4144 καλεῖ
3222 4092 3350 4156 τοὺς
3392 4093 3582 4163 ἁγίους
3612 4096 3770 4166 ἀγγέ-

2195 4179 2342 4244 λους.

807 4279 992 4333 minus
1036 4293 1168 4335 sane
1217 4277 1589 4347 intelligentes
1628 4276 1906 4332 dictorum
1950 4278 2098 4340 vim,
2127 4292 2251 4347 quae
2311 4291 2370 4334 se
2431 4277 2636 4348 alioqui
2679 4293 2746 4334 ex
2789 4276 3257 4349 consequentibus
3295 4278 3604 4335 clarissima
3656 4283 3770 4337 lure

508 4369 704 4436 aperit.
752 4368 1036 4438 Siquidem
1078 4368 1350 4438 ejusmodi
1387 4381 1510 4440 post
1544 4371 1778 4440 primam
1824 4377 1879 4424 et
1929 4368 2226 4424 secundam
2258 4367 2688 4423 admonitionem
2715 4368 2962 4434 evitatio,
3011 4369 3162 4440 justa
3211 4376 3324 4422 tum
3376 4369 3546 4424 videri
3593 4370 3768 4434 debet.

507 4466 561 4512 ct
601 4459 802 4512 rationi
833 4459 1217 4523 consentiens,
1263 4459 1484 4529 quando
1515 4459 1596 4515 sic
1653 4460 2016 4524 admonitum,
2063 4460 2110 4514 is
2161 4461 2255 4530 qui
2301 4460 2532 4515 docendi
2588 4460 2754 4530 pollet
2795 4461 3155 4527 auctoritate.
3193 4480 3294 4521 suo
3334 4468 3587 4537 exemplo
3631 4470 3771 4539 prior

509 4549 783 4616 vitaverit,
806 4561 863 4605 ut
893 4552 986 4622 qui
1019 4552 1178 4614 sciat,
1203 4552 1331 4624 quia
1360 4553 1662 4609 subversus
1691 4562 1775 4608 est
1815 4551 2109 4622 ejusmodi,
2157 4551 2375 4607 etiamsi
2431 4551 2615 4612 lateat,
2650 4565 2776 4605 cum
2802 4551 2875 4606 sit
2917 4553 3139 4623 preprio
3188 4555 3396 4624 judicio
3443 4557 3770 4613 condemna-

511 4654 622 4702 tus.
681 4647 1029 4703 Manifestum
1087 4650 1260 4713 enim,
1317 4651 1446 4720 quia
1493 4649 1702 4705 sanctis
1767 4649 2091 4705 doctoribus
2138 4649 2417 4702 revehitur
2465 4654 2645 4702 status
2711 4647 3026 4702 conditiove
3076 4649 3449 4717 praesentium.
3497 4649 3606 4704 Alii
3654 4666 3770 4705 vero

509 4738 719 4792 dictum
771 4739 874 4794 hoc
926 4755 939 4791 :
992 4739 1118 4793 Post
1173 4741 1403 4809 primum
1455 4749 1506 4794 et
1551 4741 1777 4794 alterunt
1829 4739 2282 4803 admonitionem,
2343 4737 2408 4792 ad
2456 4738 2603 4793 hunc
2648 4752 2870 4793 sensum
2919 4739 3237 4796 intellexere
3297 4760 3311 4796 :
3363 4743 3524 4814 quasi
3571 4743 3769 4799 dictum

510 4831 583 4886 sit
610 4850 626 4887 :
654 4829 787 4888 Post
816 4832 1122 4888 doctrinam
1163 4849 1232 4889 ex
1276 4832 1472 4891 Vetere
1519 4833 1783 4906 Novoque
1813 4833 2164 4890 Testamento
2192 4834 2594 4906 depromptam.
2635 4831 2757 4887 Jam
2805 4847 2972 4899 vero,
3012 4851 3136 4906 quae
3184 4835 3353 4892 fuerit
3403 4838 3586 4908 Carpo
3645 4838 3767 4892 tanti

509 4925 765 4981 matroris
804 4933 1008 4994 causa,
1052 4927 1214 4983 docet
1263 4946 1278 4983 :
1332 4924 1593 4980 nimirum
1645 4933 1871 4997 propter
1925 4941 2094 4982 unum
2142 4927 2379 4996 aliquem
2431 4925 2501 4980 ab
2529 4925 2703 4979 altero
2732 4925 2992 4995 quopiam
3043 4926 3097 4980 in
3141 4943 3385 4983 errarent
3417 4944 3446 4981 a
3482 4929 3587 4984 [ide
3619 4930 3768 4984 abdu-

509 5033 679 5077 cmm.
713 5021 1084 5080 Conveniebat
1135 5039 1268 5082 sane
1298 5021 1536 5094 Carpum
1576 5023 1975 5094 prospicienter
2000 5023 2288 5077 consulere
2311 5021 2600 5090 utriusque
2653 5019 2841 5085 saluti,
2895 5026 3060 5088 atque
3105 5019 3410 5090 itajugiter
3435 5019 3768 5075 admonendo

509 5113 612 5168 bos
658 5116 960 5186 provehere
1011 5117 1081 5172 ab
1121 5132 1311 5173 errore
1355 5117 1423 5172 ad
1466 5115 1562 5172 Dei
1609 5117 2014 5188 cognitionem,
2051 5123 2109 5170 ut
2148 5116 2233 5170 vel
2277 5114 2313 5168 ii
2363 5115 2585 5169 demum
2644 5113 2914 5184 abjuratis
2960 5112 3265 5184 recisisque
3317 5113 3766 5184 disceptationum

510 5210 767 5273 remoris,
824 5215 1050 5280 propter
1091 5225 1230 5280 quas
1281 5207 1422 5265 forte
1489 5209 1583 5264 ille
1633 5207 1855 5280 quidem
1904 5209 2140 5262 alterum
2179 5207 2233 5260 in
2287 5221 2534 5262 errorem
2582 5205 2843 5275 pellexit,
2881 5205 2971 5261 hic
3015 5215 3197 5261 autem
3245 5222 3444 5276 passus
3487 5216 3574 5262 est
3619 5223 3676 5263 se
3712 5222 3769 5260 eo

509 5297 725 5368 prolici.
765 5295 879 5353 Nec
930 5305 1114 5354 tamen
1181 5304 1252 5359 ob
1290 5305 1434 5361 hanc
1478 5307 1652 5378 ipsam
1700 5305 2140 5360 controversiam
2189 5303 2281 5359 ille
2320 5303 2555 5359 alterum
2593 5301 2846 5373 deet-pit,
2882 5302 3018 5356 alter
3056 5301 3184 5356 item
3227 5303 3357 5357 sivit
3397 5303 3502 5358 sibi
3548 5303 3767 5375 imponi.

511 5390 712 5447 Verum
749 5409 916 5451 causa
967 5396 1129 5452 istius
1163 5401 1644 5472 transgressionis,
1689 5416 1854 5472 quam
1893 5400 1984 5456 ille
2024 5399 2246 5471 quidem
2291 5398 2606 5455 seducendo
2656 5397 2913 5462 admisit,
2965 5396 3095 5452 dum
3142 5398 3401 5463 seduxit;
3459 5399 3556 5456 bic
3598 5408 3766 5455 autem

512 5486 794 5552 seductus,
821 5489 1137 5560 recipiendo
1182 5489 1344 5548 istius
1392 5492 1711 5563 impostoris
1756 5493 2159 5565 suggestiones,
2190 5490 2305 5547 haec
2336 5501 2420 5548 est
2455 5507 2467 5543 :
2502 5489 2705 5546 Exorta
2743 5497 2862 5546 erat
2899 5491 3277 5546 controversia
3307 5490 3583 5561 quaedam,
3615 5505 3768 5563 quam

513 5579 560 5634 is
596 5581 690 5650 qui
718 5579 938 5637 demum
989 5582 1261 5639 abductus
1299 5587 1384 5636 est
1429 5581 1485 5636 in
1540 5597 1824 5650 errorem,
1873 5599 1999 5639 cum
2041 5584 2308 5639 adversus
2347 5581 2580 5635 alterum
2624 5580 2851 5637 haberet
2900 5595 3089 5636 coram
3139 5581 3347 5652 judice,
3397 5599 3502 5640 nec
3543 5584 3688 5639 illius
3716 5582 3764 5634 in

513 5693 572 5730 se
604 5686 788 5745 posset
815 5680 1018 5737 elidere
1057 5680 1318 5737 ferociam
1363 5685 1457 5731 aut
1513 5680 1807 5749 praevalere
1853 5701 1864 5736 :
1910 5681 1981 5736 ab
2025 5680 2341 5750 integritate
2378 5677 2595 5733 tandem
2643 5676 2770 5733 ﬁdei
2809 5675 3030 5733 deﬂexit
3075 5675 3132 5730 in
3165 5691 3411 5730 errorem
3465 5675 3762 5747 gentilium.

514 5765 570 5819 I-'
617 5783 802 5824 verum
844 5786 967 5827 esse
1015 5772 1311 5834 manifesto
1344 5776 1609 5844 declarat,
1651 5778 1797 5849 quod
1851 5778 2080 5835 infertur
2133 5794 2145 5830 :
2194 5777 2260 5832 Et
2308 5776 2372 5832 ab
2423 5777 2655 5850 iir,qua:
2708 5783 2903 5845 praeter
2953 5775 3210 5830 rationem
3246 5772 3507 5829 audacter
3543 5772 3764 5827 admisc-

584 5928 613 5958 ι
641 5919 748 5976 Tit.
781 5937 862 5986 in,
900 5925 984 5981 l0.
