3882 6542
132 383 213 437 181
857 374 1304 432 ΡΑΟΠῩΜΕΒᾸΞ
1341 376 1664 433 PARAPHR

1769 378 1833 436 iS
1869 378 1937 434 IN
1976 379 2123 436 EPP.
2169 380 2227 438 S.
2270 381 2591 442 DIONYSII.
3262 400 3370 456 482

132 506 257 560 rant,
301 494 579 564 resipicere
620 492 779 563 273
823 503 1168 564 congerentur
1214 511 1231 547 :
1289 495 1435 565 quod
1468 496 1720 551 videlicet
1753 497 1843 550 ille
1873 512 1902 550 a
1951 513 2008 552 se
2037 497 2359 554 laedentibus
2407 501 2605 556 misere
2654 503 2728 557 sit
2776 514 3055 578 acceptus,
3102 526 3199 580 per
3227 531 3367 584 quos

133 593 370 648 seductus
391 633 406 657 ,
451 592 507 646 in
549 603 793 647 errorem
838 603 906 642 se
937 586 1164 644 dedidit.
1193 586 1429 642 Docebat
1458 589 1641 659 itaque
1679 590 1793 644 haec
1824 592 1938 646 lieri
1990 607 2090 661 pro
2148 592 2276 646 illis.
2313 592 2525 663 Carpus
2556 595 2772 651 interim
2803 598 2932 654 dum
2983 602 3147 671 hanc,
3179 610 3368 662 nescio

129 703 225 756 quo
251 693 440 756 pacto,
500 685 808 755 illiquasset
861 677 1278 734 amaritudinem
1327 679 1511 734 animo
1560 696 1696 743 suo,
1729 681 2078 737 obdormivit.
2122 681 2282 737 Circa
2315 685 2552 738 medium
2603 688 2784 744 noctis
2821 705 2920 758 pro
2970 697 3371 756 consuetudine

129 777 324 847 Carpus
352 791 553 833 somno
580 787 884 834 excussus,
933 779 986 824 et
1028 769 1097 824 ad
1145 769 1362 824 divinas
1419 771 1633 826 excitus
1685 771 1908 835 laudes,
1941 787 2064 828 cum
2119 774 2322 844 alioqui
2370 791 2466 844 per
2509 779 2924 835 tumultuariam
2989 783 3366 856 intemperiem

130 871 356 939 pressius
399 868 738 924 insidentem
783 864 968 918 animo
1008 863 1351 918 incommode
1381 865 1707 934 requiesset,
1736 866 1976 936 graviter
2009 867 2238 932 ferebat,
2262 875 2314 923 et
2352 871 2718 939 permoleste;
2760 875 2926 930 Deum
2968 877 3193 949 insuper
3235 897 3369 936 ora-

129 959 241 1022 bat,
287 966 590 1028 utrumque
634 964 692 1011 ut
735 954 1078 1025 disperderet
1118 954 1330 1008 caelesti
1381 952 1602 1009 ﬂamma
1647 970 1712 1010 ac
1749 957 1915 1011 veluti
1963 956 2192 1014 fulmine
2246 962 2526 1030 quopiam.
2573 964 2835 1038 Πρηστήρ
2885 971 3029 1024 enim
3062 972 3299 1040 fulmen,
3333 992 3366 1031 a

129 1049 304 1121 πρήθω
340 1050 635 1104 deducitur
666 1067 680 1104 :
718 1052 822 1107 hoc
855 1063 960 1119 est,
998 1051 1164 1119 καίω,
1215 1053 1476 1118 incendo,
1527 1055 1719 1112 adure.
1760 1055 1824 1110 Et
1855 1057 1969 1111 haec
1998 1072 2121 1112 cum
2168 1057 2395 1124 diceret,
2439 1061 2592 1118 visus
2630 1071 2716 1119 est
2752 1065 2936 1122 videre
2967 1067 3364 1129 formidabilem

127 1141 255 1194 illam
283 1141 554 1196 visionem
574 1181 589 1205 ,
617 1155 781 1212 quam
807 1143 998 1198 subtili
1023 1142 1313 1196 admodum
1342 1144 1694 1199 enarratione
1742 1153 2009 1202 recenset.
2040 1144 2154 1202 Nos
2184 1147 2352 1218 igitur
2399 1156 2457 1204 ut
2506 1153 2764 1210 omnibus
2793 1157 3099 1215 confessam
3131 1165 3363 1220 nullius-

127 1251 219 1305 qne
246 1234 490 1306 indigam
538 1234 925 1305 expositionis,
950 1235 1274 1298 omisimus,
1336 1234 1442 1288 hoc
1501 1242 1712 1289 tantum
1769 1237 2142 1306 sulijicientes,
2196 1238 2264 1294 de
2313 1232 2786 1311 dcmulcenti-bus,
2839 1253 3096 1323 omnique
3146 1257 3360 1312 ratione

126 1329 172 1384 in
196 1329 426 1384 hiulcam
490 1329 637 1382 illam
689 1326 1003 1398 voraginem
1038 1327 1271 1380 miseros
1304 1325 1596 1380 deturbare
1642 1328 2023 1385 molientibus.
2065 1328 2202 1384 Nota
2229 1337 2284 1384 et
2333 1347 2400 1386 ex
2456 1332 2544 1388 his
2576 1337 2790 1408 collige,
2827 1357 2988 1410 quam
3023 1345 3222 1400 misere
3246 1346 3365 1399 dia-

123 1424 264 1479 bolus
291 1422 546 1477 homines
600 1421 903 1491 praecipitet
942 1423 995 1476 in
1033 1423 1292 1479 tenebras
1347 1424 1469 1478 illas
1515 1424 1816 1480 exteriores
1846 1465 1862 1489 ,
1924 1441 2062 1497 quas
2105 1426 2194 1480 hic
2249 1427 2446 1497 ὰχανές
2503 1439 2685 1494 vocat,
2727 1432 2938 1489 scilicet
2986 1435 3275 1509 βάραθρον,
3308 1438 3362 1493 id

122 1522 194 1568 est
235 1514 545 1568 vastitatem
575 1527 639 1566 ac
668 1514 1004 1584 voraginem.
1039 1512 1320 1580 Homines,
1351 1515 1596 1585 inquam,
1637 1531 1703 1571 eo
1753 1517 2056 1586 protrudit,
2117 1519 2232 1572 sive
2275 1519 2322 1573 is
2364 1521 2436 1574 sit
2484 1521 2682 1589 planus
2715 1523 2803 1577 ille
2838 1533 2892 1578 et
2935 1528 3217 1596 impostor,
3249 1531 3364 1585 sive

121 1606 199 1675 qui
237 1603 466 1674 impellit
497 1619 526 1657 a
576 1619 635 1658 se
685 1619 984 1676 persuasos
1025 1614 1081 1660 et
1127 1607 1340 1662 illectos
1391 1606 1446 1661 in
1499 1622 1763 1662 errorem.
1800 1607 1895 1662 Est
1928 1609 2017 1663 ubi
2047 1625 2439 1679 nonnunquam
2474 1611 2614 1666 idem
2657 1613 2959 1685 ﬂagitiosos
3011 1618 3364 1688 impurosque

120 1701 452 1770 t-oopcrarios
484 1702 593 1756 sibi
624 1702 876 1770 asciscit,
921 1719 1154 1774 quorum
1196 1719 1363 1775 Opera
1408 1705 1672 1775 implanat
1711 1705 2000 1777 plerosque
2049 1707 2187 1763 alios
2230 1715 2288 1761 ut
2317 1707 2667 1762 idololatram
2715 1708 2868 1762 illum
2903 1708 2970 1762 ad
3021 1711 3142 1780 ejus
3195 1712 3360 1767 sedu-

120 1796 370 1854 ctionem.
410 1795 480 1851 de
525 1810 636 1865 quo
677 1811 920 1866 praesens
966 1813 1149 1852 sermo
1177 1806 1283 1853 est.
1320 1796 1664 1869 Quapropter
1704 1800 1917 1871 Carpus
1969 1803 2023 1856 in
2077 1802 2291 1858 visione
2345 1803 2448 1857 hac
2476 1805 2624 1858 viros
2654 1805 2951 1879 etiamnum
2984 1815 3276 1861 contuetur
3304 1808 3359 1862 in

121 1892 276 1946 medio
300 1893 672 1947 consistentes
722 1893 1081 1962 serpentium,
1137 1895 1238 1948 hoc
1271 1902 1353 1950 est
1383 1895 1691 1949 daemonum
1733 1900 1874 1970 :qui
1926 1898 1994 1953 ab
2043 1899 2328 1954 incentore
2365 1899 2596 1955 .diaholo
2645 1898 2821 1954 victos
2866 1897 3244 1968 pertraherent
3291 1901 3358 1953 ad

119 1979 354 2048 Tartara,
385 2000 415 2038 a
448 1985 651 2055 quibus
695 2001 796 2042 nos
827 1985 1389 2061 Domini‘benignitas
1419 1990 1629 2046 liberet.

1769 1993 1824 2047 )d
1849 2001 2028 2049 autem
2059 1994 2309 2050 addidit:
2342 1995 2566 2059 ἄκοντες
2616 1997 2708 2048 καὶ
2763 1995 3091 2066 βιαζόμενοι,
3153 1995 3208 2050 id
3267 2005 3354 2051 est

121 2077 252 2130 inviti
281 2088 331 2133 et
363 2079 623 2134 violenter
650 2079 853 2151 abrepti
879 2097 897 2134 :
925 2097 1032 2136 non
1064 2082 1168 2137 hoc
1202 2083 1350 2138 dicto
1380 2083 1544 2138 ullam
1586 2085 1818 2155 imponit
1873 2088 2220 2144 necessitatis
2245 2088 2375 2153 vim,
2405 2087 2512 2143 hoc
2565 2098 2649 2144 cst
2691 2096 2749 2142 ut
2807 2105 2876 2143 ne
2927 2088 3203 2156 intelligas
3249 2087 3360 2142 dia-

125 2171 321 2236 bolum,
354 2173 822 2243 quemadmodum
873 2175 1190 2242 Manichaei,
1242 2177 1523 2233 Mesaliani
1573 2179 1688 2234 sive
1745 2179 1991 2235 Euchitaa
2014 2182 2257 2237 sentiunt
2305 2180 2543 2250 (mesala
2573 2190 2753 2237 autem
2803 2183 2988 2253 lingua
3035 2182 3354 2238 Phoenicum

121 2265 272 2318 oratio
303 2265 574 2337 dicitur);
606 2267 702 2324 sed
727 2268 852 2339 quia
882 2270 1133 2340 persuasi
1165 2278 1222 2324 ut
1248 2271 1374 2324 mali
1407 2270 1708 2342 quidquam
1730 2288 2041 2342 operemur,
2097 2290 2198 2330 nos
2222 2275 2459 2331 ultronei
2497 2275 2746 2331 cedimus
2795 2275 3084 2346 impostori
3131 2276 3310 2330 locum
3336 2291 3352 2327 :

118 2353 225 2409 hinc
253 2371 352 2412 nos
402 2355 633 2427 inopine
667 2372 731 2412 ac
774 2357 922 2412 velut
949 2373 1017 2413 ex
1065 2358 1284 2414 insidiis
1326 2359 1594 2425 adoritur,
1655 2376 1722 2416 ex
1773 2362 1934 2417 nobis
1981 2363 2114 2432 ipsis
2155 2364 2300 2418 vires
2344 2363 2634 2417 adversum
2686 2377 2788 2418 nos
2831 2363 3115 2434 colligens.
3167 2363 3357 2434 Neque

115 2447 239 2500 enim
265 2463 372 2502 non
404 2448 696 2518 pcrsuasis
721 2451 903 2518 nobis,
943 2455 1145 2524 poterit
1172 2455 1452 2526 quidpiam
1481 2455 1771 2511 adversum
1796 2474 1932 2526 nos;
1961 2458 2179 2529 quando
2203 2459 2256 2512 in
2284 2469 2528 2530 tempore
2586 2467 2639 2514 et
2694 2475 2724 2516 e
2766 2461 2949 2515 vicino
2991 2461 3144 2527 adest
3196 2461 3356 2515 nobis

118 2541 387 2598 auxiliaris
423 2541 520 2597 Dei
568 2542 879 2614 benignitas
903 2548 1242 2618 coadjuvans
1272 2564 1372 2605 nos
1404 2564 1467 2603 ac
1519 2549 1861 2615 sull'ulcicns,
1922 2551 2381 2623 quemadmodum
2448 2554 2697 2625 proxime
2758 2553 3043 2624 sequentia
3089 2553 3354 2609 indicant.

116 2628 232 2685 Illud
264 2634 419 2699 item,
453 2635 593 2688 Dum
622 2653 726 2690 non
750 2638 846 2691 alii
878 2639 1116 2696 homines
1155 2654 1362 2709 peccent
1392 2660 1411 2697 :
1438 2643 1798 2712 supplendum
1829 2652 1935 2709 est,
1990 2647 2347 2716 crucillgant,
2404 2662 2468 2702 ac
2507 2648 2554 2703 si
2602 2648 2808 2703 diceret
2873 2666 2886 2702 :
2943 2645 3178 2701 Paratus
3234 2663 3353 2701 sum

118 2728 211 2796 pati
240 2729 470 2792 iterum,
501 2737 716 2784 tantum
741 2749 850 2787 non
870 2749 966 2803 per
988 2734 1270 2798 homines,
1305 2745 1364 2791 ut
1390 2753 1458 2791 ne
1488 2752 1680 2791 rursus
1715 2746 1943 2806 peccent
2005 2738 2275 2794 homines.
2314 2740 2625 2797 Notandum
2668 2739 2888 2795 interim
2927 2738 3056 2793 dum
3120 2739 3233 2794 hare
3270 2739 3355 2796 di--

111 2827 310 2884 runtur,
357 2821 496 2892 quia
546 2823 603 2877 in
648 2823 750 2877 hac
787 2823 997 2880 visione
1036 2823 1300 2882 Dominus
1343 2827 1459 2898 ipse
1501 2827 1675 2883 bonos
1707 2836 1870 2899 atque
1902 2837 2151 2884 amantes
2184 2832 2398 2900 generis
2429 2829 2686 2895 humani,
2742 2837 2902 2882 vocat
2952 2835 3175 2885 sanctos
3222 2843 3352 2884 suos

110 2913 332 2983 angelos.

462 3013 574 3065 ΕΙΣ
613 3011 755 3064 ’ῙἨΝ
793 3011 848 3065 Θ⁷
888 3011 1304 3068 ΕΠΙΣΤΟΔΗΝ.

171 3098 321 3170 υἷτὸς
363 3108 522 3159 ἐστιν
570 3105 724 3173 ἆγιος
766 3106 942 3170 Τῖτος,
975 3109 1004 3160 ὁ
1031 3106 1126 3160 τοῦ
1174 3108 1328 3177 ἁγίου
1373 3109 1669 3164 ἀποστόλου

109 3197 296 3252 Παύλου
337 3197 646 3270 γνώριμος,
685 3197 744 3250 ὃν
775 3198 868 3252 καὶ
915 3199 1142 3271 Κρήτης
1179 3199 1510 3272 κατέστησεν
1560 3202 1671 3255 ἐπί-

110 3307 307 3355 σκοπον,
337 3292 416 3354 ὡς
446 3291 482 3362 ἡ
533 3290 672 3361 πρὸς
701 3289 862 3343 αὐτὸν
889 3293 1159 3361 γραφεῖσα
1203 3291 1459 3364 ἐπιστολὴ
1486 3294 1665 3365 δηλοῖ·

111 3383 225 3453 πρὸς
251 3384 307 3436 ὃν
337 3381 678 3436 ἐπιστέλλων
709 3382 872 3452 φησὶν
893 3383 922 3434 ὁ
956 3383 1125 3454 μέγας
1159 3384 1452 3450 Διονύσιος,
1490 3387 1571 3440 ὅτι
1609 3387 1674 3439 '0

103 3472 201 3534 μὲν
222 3473 376 3542 ἱερὸς
405 3475 687 3542 Τιμόθεος
710 3473 821 3525 οὐκ
837 3472 971 3526 οἴδα
999 3473 1057 3526 εἴ
1086 3491 1247 3540 τινος
1269 3475 1388 3529 τῶν
1405 3476 1533 3544 ἐμοὶ
1553 3476 1668 3530 διε-

106 3566 446 3635 γνωσμένωο
459 3563 821 3634 θεολογικῶν
839 3566 1160 3634 συμϐόλων
1169 3564 1428 3633 ἀνήκοος
1444 3567 1634 3637 ἐφάνη
1651 3585 1664 3598 ο

105 3657 220 3728 πρὸς
243 3659 405 3712 αὐτὸν
434 3656 548 3728 γὰρ
574 3656 642 3710 τὰ
671 3655 896 3714 πλεῖστα
929 3657 1036 3710 τῶν
1070 3658 1214 3712 ἰδίων
1246 3660 1507 3732 συνέθηκε
1544 3679 1668 3732 συγ-

103 3753 444 3822 γραμμάτων.
516 3750 608 3802 Ἐν
662 3751 729 3821 τῇ
798 3749 1144 3819 Συμϐολικῇ
1211 3751 1344 3824 γοῦν
1407 3753 1669 3824 θεολογίᾳ

102 3841 590 3916 διηυκρινησάμεθα
652 3840 821 3893 πολλὰ
867 3841 976 3894 τῶν
1030 3841 1334 3897 δοκούντων
1389 3848 1670 3918 τερατολο-

100 3934 216 3999 γιῶν
236 3952 248 3966 ο
279 3935 520 3989 ἀτοπίαν
543 3932 655 4005 γὰρ
674 3931 1022 3990 ἀποτίθενται
1051 3937 1171 3998 ταῖς
1198 3936 1412 3989 ἀτελέσι
1439 3936 1664 4008 ψυχαῖς·

98 4023 120 4075 ὃ
147 4023 203 4096 δὴ
229 4024 726 4094 ἀπομόργνυνταί
755 4038 938 4093 φησιν.
984 4023 1458 4092 Ἀπομὸρξασθαι
1477 4027 1533 4080 δέ
1552 4027 1666 4078 ἐστι

97 4115 147 4167 τὸ
170 4115 662 4186 ὲναπομὰξασθαι
696 4114 792 4167 καὶ
826 4115 1106 4183 ἐμϐαλεῖν
1145 4132 1195 4167 τι
1241 4116 1320 4178 εἰς
1345 4116 1444 4187 τὴν
1473 4116 1664 4169 ἑαυτοῦ

97 4206 334 4274 διάνοιαν,
371 4211 438 4262 ὲκ
472 4207 787 4279 μεταφορᾶς
816 4206 922 4260 τῶν
949 4205 1403 4278 ζωγραφούντων,
1424 4209 1473 4261 οἳ
1507 4225 1668 4279 προσ-

98 4297 291 4369 έχοντες
337 4303 407 4372 τῇ
463 4297 715 4370 ἀληθείᾳ,
753 4298 1025 4371 γράφουσι
1073 4298 1171 4361 τὰς
1204 4298 1436 4365 εἰκόνας,
1466 4301 1664 4355 ὁπόταν

2147 3017 2310 3090 274
2346 3016 2414 3070 ΙΝ
2455 3015 2844 3072 EPISTOLAM
2885 3015 2978 3072 lX.

1846 3105 1944 3162 llic
1986 3107 2078 3163 ille
2138 3116 2223 3163 est
2272 3117 2496 3164 sanctus
2551 3106 2711 3163 Titus
2763 3105 3070 3163 beatissimi
3115 3107 3350 3180 apostoli

1774 3197 1930 3253 Pauli
1982 3215 2246 3270 perquam
2304 3198 2592 3254 familiaris
2625 3197 2950 3269 discipulus,
2981 3213 3141 3268 quem
3178 3196 3352 3253 Cretae

1774 3292 1966 3346 insula:
1996 3291 2241 3362 praefecit
2273 3292 2328 3346 in
2358 3293 2698 3363 episcopum,
2723 3299 2783 3345 ut
2816 3291 2882 3345 ad
2914 3291 3163 3346 eumdem
3212 3290 3353 3346 scri-

1771 3394 1863 3454 pta
1899 3384 2102 3439 indicat
2132 3385 2382 3454 epistola.
2417 3383 2574 3438 Hunc
2611 3383 2911 3438 etiamnum
2946 3398 3042 3453 per
3063 3382 3370 3452 epistolam-

1771 3474 2008 3530 eximius
2041 3482 2197 3545 pater
2229 3474 2522 3542 Dionysius
2552 3473 2755 3528 talibus
2783 3473 3101 3541 alloquitur,
3120 3470 3308 3524 dicens
3334 3487 3347 3522 :

1773 3563 2033 3636 Equidem
2082 3582 2187 3619 non
2229 3566 2363 3620 satis
2387 3566 2520 3628 scio,
2546 3566 2595 3618 si
2635 3564 2787 3633 cujus
2831 3579 3033 3627 eorum,
3065 3577 3180 3632 qua:
3224 3559 3350 3613 mihi

1771 3667 2038 3726 comperta
2080 3666 2224 3721 sunt,
2260 3656 2663 3727 theologicorum
2703 3657 2973 3725 signorum
3021 3652 3168 3706 rudis
3224 3667 3348 3705 eoa-

1771 3750 1904 3802 serit
1947 3749 2226 3819 ignarusve
2277 3763 2428 3803 sacer
2489 3747 2834 3811 Timotheus;
2903 3745 2971 3799 ad
3021 3761 3144 3798 eum
3201 3743 3348 3797 enim

1770 3841 2054 3895 meliorem
2089 3855 2315 3894 suorum
2334 3854 2561 3909 operum
2584 3846 2794 3908 partem
2827 3835 3254 3904 conscripserat.
3289 3831 3346 3885 In

1771 3929 2075 3999 Symbolica
2113 3931 2259 3985 enim
2300 3930 2579 4000 theologia,
2609 3927 2844 3999 plurima
2877 3924 3144 3995 ejusmodi
3192 3925 3345 3976 locu-

1770 4023 2004 4086 tionum,
2058 4037 2180 4092 qua:
2249 4036 2373 4075 cum
2428 4019 2622 4091 primis
2669 4018 2923 4073 absurdae
2975 4016 3347 4086 prodigiisque

1768 4115 2192 4184 haudquaquam
2242 4113 2523 4167 absimiles
2547 4111 2895 4173 videbantur,
2921 4123 3021 4162 nos
3051 4108 3127 4160 illi
3152 4116 3345 4161 exacto

1764 4207 1973 4276 judicio
2003 4204 2422 4261 elucidavimus.
2449 4201 2722 4270 Quiddam
2743 4199 2888 4254 enim
2920 4198 3164 4252 insolens
3187 4211 3346 4265 pror-

1768 4316 1865 4356 sus
1895 4307 1948 4353 et
1977 4297 2299 4360 absurdum,
2331 4296 2561 4350 rudibus
2604 4292 2784 4348 adhuc
2839 4291 3038 4346 animis
3097 4290 3346 4344 inserunt

98 4392 226 4447 ἴδωσι
270 4394 474 4466 δηλαδὴ
519 4392 648 4455 τοὺς
679 4392 919 4462 πατέρας
965 4391 1066 4462 τῆς
1107 4393 1416 4464 ἀπορρήτου
1453 4393 1662 4463 σοφίας,

1770 4395 1931 4457 atque
1947 4387 2245 4451 instillant;
2269 4385 2416 4455 quod
2439 4399 2570 4440 sane
2598 4382 2802 4439 indicat
2823 4381 3048 4436 verbum
3098 4379 3344 4450 ἀπομόρ-

95 4485 271 4560 δηλαδὴ
300 4489 434 4551 τοὺς
475 4485 762 4558 προφήτας
789 4485 878 4538 διά
906 4503 1066 4538 τινων
1095 4485 1664 4558 παρακεκινδυνευμέ-

95 4595 183 4631 νων
210 4578 557 4651 αἰνιγμάτων
597 4577 962 4648 ἐμφαίνοντας
992 4577 1090 4648 τὴν
1119 4577 1394 4650 ἀλήθειαν.
1443 4577 1534 4630 Διδ
1572 4577 1665 4630 καὶ

93 4669 256 4724 πολλοὶ
299 4669 599 4726 ἀπιστοῦσι
639 4667 774 4740 πρὸς
801 4668 862 4720 τὸ
903 4668 1005 4732 ἔξω
1039 4669 1212 4740 μόνων
1251 4667 1358 4721 τῶν
1387 4669 1664 4740 ὀνομάτων

94 4759 380 4828 βλέποντες.
429 4762 626 4831 Ἡμεῖς
660 4759 739 4824 δὲ,
779 4762 827 4812 εἰ
872 4761 1055 4831 γυμνὰ
1097 4760 1167 4814 τὰ
1214 4760 1511 4834 πράγματα
1540 4760 1664 4813 θεα-

93 4855 324 4925 σαίμεθα,
366 4851 780 4925 σεϐασθείημεν
813 4851 909 4923 τὴν
945 4853 1104 4922 ἁγίαν
1149 4853 1244 4906 καὶ
1280 4853 1664 4924 προσκυνητὴν

54 4945 65 4967 ⁸
91 4946 296 5018 Τριὰδα,
324 4950 430 5020 τὴν
483 4947 668 5018 πηγὴν
699 4947 800 5017 τῆς
835 4946 1003 5018 ζωῆς,
1032 4947 1114 5009 εἰς
1153 4945 1350 5018 ἑαυτὴν
1397 4945 1663 5017 χεομένην

91 5041 170 5092 καὶ
193 5040 276 5110 ἐφ’
305 5039 516 5110 ἑαυτῆς
551 5037 822 5091 ἑστῶσαν·
847 5037 1122 5090 δείκνυται
1158 5035 1266 5106 γὰρ
1298 5034 1542 5088 ἐντεῦθεν
1571 5034 1663 5088 καὶ

89 5133 140 5186 ἐδ
164 5135 448 5205 amomi:
468 5150 482 5163 '
512 5133 606 5186 καὶ
635 5132 719 5185 ὅτι
745 5130 998 5202 ἡΜονὰς,
1033 5131 1113 5193 εἰς
1142 5127 1346 5201 Τριάδα
1373 5127 1663 5198 προελθοῦ-

91 5241 165 5290 σα,
207 5227 401 5299 μέχρις
447 5223 624 5294 αὐτῆς
679 5223 915 5286 ἵσταται,
953 5220 1136 5284 καθὼς
1180 5222 1274 5274 καὶ
1328 5222 1356 5273 ὁ
1414 5219 1663 5288 θεολόγος

90 5324 207 5391 φησὶ
259 5321 572 5394 Γρηγόριος
613 5317 746 5390 (ιε).
780 5317 1004 5388 Πρέπον
1055 5315 1186 5385 γοῦν
1245 5313 1503 5386 ᾠήθημεν
1532 5316 1662 5369 ἀνα-

90 5415 379 5486 πυχθῆναι
408 5411 565 5481 αὐτῷ
582 5427 664 5474 τε,
686 5410 780 5464 καὶ
805 5408 882 5480 τῷ
905 5408 1034 5480 ἱερῷ
1054 5407 1323 5478 Τιμοθέῳ,
1343 5407 1437 5460 καὶ
1458 5407 1656 5471 ἄλλοις,

87 5505 172 5576 τὴν
201 5506 462 5577 τοιαύτην
496 5500 827 5574 συμϐολικὴν
857 5499 1071 5563 πλάσιν,
1103 5499 1197 5552 καὶ
1239 5498 1327 5551 διὰ
1365 5498 1522 5551 τοῦτο
1560 5499 1659 5568 τὴν

87 5594 457 5663 Συμϐολικὴν
485 5591 800 5659 θεολογίαν
837 5589 1196 5660 συνεθέμεθαο
1244 5589 1313 5641 τὰ
1353 5588 1460 5659 γὰρ
1507 5589 1660 5652 ἐκτὸς

85 5685 174 5755 τῆς
211 5687 474 5756 τοιαύτης
525 5683 933 5754 ἱεροπλαστίας,
966 5683 1168 5752 ὁπόσης
1196 5681 1416 5752 (15)καὶ
1459 5681 1659 5751 πολλῆς

1768 4497 2008 4546 γνυνται.
2077 4475 2517 4548 Ἀπομόρξασθαι
2566 4475 2732 4538 enim,
2764 4472 2905 4528 idem
2955 4479 3015 4526 ut
3067 4471 3345 4541 ὲναπομά-

1767 4571 1961 4639 ξασθαι
1995 4571 2091 4624 καὶ
2118 4569 2394 4640 ἐμϐαλεῖν,
2425 4568 2475 4624 id
2527 4575 2612 4624 est
2660 4565 3006 4635 impressisse,
3039 4563 3342 4622 inseruisse.

1767 4665 2010 4735 injecisse
2037 4678 2056 4716 :
2089 4663 2193 4717 hoc
2224 4669 2330 4725 est,
2364 4659 2590 4732 quidvis
2613 4658 2913 4715 immisisse
2943 4672 3056 4712 suae
3082 4656 3246 4712 menti
3289 4663 3344 4710 et

1766 4755 2104 4827 cogitationi,
2149 4757 2468 4824 metaphora
2506 4768 2534 4807 a
2554 4751 2861 4824 pictoribus
2891 4751 3080 4811 ducta.
3102 4749 3195 4819 qui
3226 4748 3346 4801 ani-

1765 4863 1857 4904 mo
1905 4849 2060 4918 prius
2103 4845 2245 4901 aliixi
2294 4845 2441 4902 veris
2481 4844 2734 4914 vivisque
2762 4841 3190 4912 exemplaribus,
3213 4852 3345 4894 suas

1764 4942 1963 4998 deinde
2000 4941 2278 4995 delineant
2327 4948 2381 4995 et
2429 4938 2659 5009 pingunt
2709 4933 3210 5006 imagineszidque
3261 4933 3337 4990 lit,

1765 5051 1888 5089 cum
1921 5034 2141 5088 videant
2176 5032 2474 5088 recondita:
2499 5028 2779 5099 sapientiae
2808 5035 3018 5098 patres,
3048 5023 3342 5096 prophetas

1766 5126 2036 5188 videlicet,
2058 5139 2155 5194 per
2182 5123 2430 5192 quaedam
2457 5120 2780 5193 periculosa:
2801 5119 3051 5174 lectionis
3082 5115 3343 5183 aenigma-

1763 5225 1818 5271 ta
1853 5216 2062 5286 speculi
2096 5215 2218 5268 vice
2251 5214 2423 5282 ipsam
2445 5211 2816 5281 exprimentes
2846 5210 3150 5265 veritatem.
3187 5203 3341 5257 Hanc

1763 5305 1834 5358 ob
1863 5318 1976 5357 rem
2033 5301 2281 5371 plerique
2322 5300 2607 5356 hominum
2655 5301 2782 5353 talia
2814 5304 3040 5353 censent
3069 5301 3340 5363 suspech

1761 5411 1884 5450 esse
1920 5391 2065 5454 ﬁdei,
2102 5408 2202 5447 nec
2230 5393 2483 5454 credunt,
2515 5391 2584 5445 ad
2605 5397 2833 5445 externa
2863 5385 3134 5458 ejusmodi
3159 5384 3340 5438 nomi-

1761 5503 1892 5542 num
1917 5485 2200 5540 involucra
2235 5485 2424 5539 attenti
2452 5484 2649 5538 solum.
2679 5479 2914 5534 Proinde
2943 5494 3064 5543 nos,
3101 5476 3146 5532 si
3172 5476 3339 5533 modo

1762 5594 1850 5632 res
1909 5575 2179 5644 ejusmodi
2249 5576 2426 5630 nudas
2485 5570 3014 5641 contemplabimur,
3071 5567 3336 5638 religione

1761 5672 1931 5724 multa
1980 5669 2354 5724 reverebimur
2423 5671 2830 5724 sacrosanctam
2890 5660 3334 5732 adorandamque

82 5753 168 5846 τῆς
187 5753 478 5850 τερατείας
508 5753 952 5846 ἀναπέπλησταιῐ
982 5769 1093 5826 οἷον
1121 5773 1209 5825 ὅτε
1246 5771 1484 5844 γαστέρα
1518 5769 1650 5824 Θεοῦ

1769 5762 2103 5823 Trinitatem,
2155 5762 2280 5817 vitae
2343 5759 2514 5816 totius
2557 5761 2760 5812 fontem
2789 5773 2801 5808 :
2833 5753 3106 5823 siquidem
3146 5755 3202 5808 in
3239 5769 3331 5809 se-

83 5867 365 5941 ἁκούομεν·
409 5870 506 5922 Ἐκ
545 5865 802 5935 γαστρὸς
829 5867 939 5934 πρὸ
982 5865 1322 5934 Ἑωσφόρου
1349 5859 1648 5930 ἐγέννησὰ

1760 5855 1936 5925 ipsum
1963 5851 2142 5919 fundi,
2200 5853 2254 5908 in
2307 5853 2601 5922 semetipso
2638 5846 3001 5904 nihilominus
3054 5846 3330 5902 stabiliter
