3896 6534
525 368 635 426 ιεδ

1316 361 1660 418 APPENDIX
1691 360 1784 418 AD
1817 359 2049 417 OPERA
2083 360 2138 414 S.
2179 357 2479 415 DIONYS"
2517 354 3005 412 AREOPAGITIE.
3064 362 3069 367 ’

3665 357 3761 414 48‘

521 459 846 554 permanere
880 481 1268 551 intelligemus.
1314 478 1453 534 Hinc
1490 480 1635 535 enim
1686 478 1862 549 ipsum
1903 477 2096 550 ὀμοὸυ-

2199 493 2303 533 σε·
2350 476 2444 530 καὶ
2480 474 2637 544 λόγον
2700 472 2954 543 χεόμενον
2972 488 2984 501 ο
3045 468 3433 538 Ἐξηρεύξατο
3475 470 3518 538 ἡ
3563 470 3767 539 καρδία

523 591 640 628 σιον
684 574 1110 634 demonstratur,
1142 587 1241 643 par
1263 572 1524 626 nimirum
1565 571 1865 640 eademque
1891 570 1945 623 in
1979 564 2099 624 Tri-

520 668 695 723 nitate
717 666 1059 722 substantia:
1085 672 1141 721 et
1167 665 1294 736 quia
1319 663 1515 719 Unitas
1537 665 1593 718 in
1619 662 1941 717 Trinitatem
1970 676 2099 731 pro-

521 758 778 829 grediens
821 757 890 810 ad
944 757 1121 826 ipsam
1181 770 1356 826 usque
1384 755 1622 818 sistitur,
1659 754 1813 822 juxta
1838 753 2098 808 assertio-

521 862 645 921 nem
673 845 857 901 eximii
882 845 1031 899 illius
1056 845 1306 915 theologi
1337 842 1605 915 Gregorii.
1637 842 1770 898 Rem
1801 842 1968 912 igitur
1988 856 2097 895 non

521 936 833 993 indecorem
853 936 1097 992 facturos
1113 951 1216 993 nos
1232 952 1355 992 esse
1368 936 1704 1007 putavimus,
1720 936 1766 991 si
1779 935 1882 1006 ipsi
1906 950 1963 989 sa
1972 941 2098 988 ncto

518 1042 626 1098 que
665 1026 974 1093 Timotheo,
1016 1027 1340 1097 earterisque
1377 1029 1644 1082 rationem
1694 1027 2097 1097 explicaremus

400 1180 414 1195 .
519 1118 679 1174 istius
705 1118 1051 1190 figurationis
1084 1118 1419 1189 symbolicaz.
1459 1117 1635 1189 Hujus
1660 1119 1804 1173 enim
1828 1117 1993 1173 unius
2017 1117 2096 1172 rei

517 1208 696 1279 gratia
729 1224 868 1278 opus
898 1209 1002 1279 ipsi
1042 1208 1418 1280 compegimus
1445 1208 1765 1280 Symbolicce
1798 1208 2093 1278 theologica.

517 1302 651 1368 Quae
669 1303 814 1357 enim
843 1303 963 1356 sine
987 1303 1082 1355 tali
1106 1317 1261 1358 sacra
1295 1302 1529 1366 fictione,
1562 1316 1684 1371 quae
1707 1301 1760 1355 in
1793 1299 2097 1372 Symbolira

520 1391 780 1461 theologia
820 1391 1145 1461 explicatur,
1198 1391 1513 1462 capiuntur,
1559 1400 1784 1460 quanta,
1825 1405 2097 1460 quamque

518 1484 690 1537 multa
742 1481 1114 1552 prodigiorum
1168 1482 1344 1536 instar
1378 1482 1700 1553 indignitate
1746 1481 1905 1552 plena
1931 1481 2091 1536 sunt!

519 1573 590 1629 Ut
613 1589 737 1628 cum
770 1574 1085 1629 inaudi-mus
1112 1581 1359 1629 ventrem
1386 1572 1479 1628 Dei
1514 1593 1528 1628 :
1557 1573 1645 1627 Ex
1665 1584 1814 1629 utero
1844 1583 1965 1628 ante
1983 1572 2095 1627 Lu-

517 1669 740 1738 ciferum
772 1669 924 1741 genui
961 1677 1075 1724 ιε’.
1106 1668 1345 1724 Verbum
1381 1667 1618 1724 ell'usdm
1651 1688 1664 1723 :
1701 1667 1980 1723 Eructavit
2003 1683 2097 1722 cor

518 1780 691 1817 meum
717 1762 927 1818 uerbum
979 1760 1171 1815 bonum
1187 1770 1233 1816 ι.
1281 1760 1547 1830 Spiritum
1606 1759 1734 1814 item
1763 1776 1776 1811 ε
1807 1758 1873 1813 Et
1903 1759 2095 1827 spiritu

2194 586 2314 637 μου
2343 567 2529 636 λόγον
2548 565 2799 635 ἀγαθόν·
2832 563 2926 616 καὶ
2963 560 3097 615 πνεῦ
3105 578 3208 632 μα·
3235 561 3349 616 Kal
3376 559 3456 628 τῷ
3484 563 3766 630 πνεύματι

2200 661 2307 717 τοῦ
2340 661 2635 731 στόματος
2661 659 2880 712 αὐτοῦ·
2912 657 3006 711 καὶ
3037 655 3270 718 κόλπους
3301 654 3671 724 θεογονικούς·
3710 657 3765 709 '0

2198 756 2284 808 ὢν
2310 755 2398 819 είς
2424 751 2531 805 τὸν
2561 752 2792 804 κόλπον
2820 748 2926 804 τοῦ
2957 749 3186 817 Πατρός
3204 765 3218 779 ·
3256 749 3352 803 καὶ
3395 749 3593 821 δένδρα
3630 751 3762 803 τινὰ·

2205 847 2273 900 Τὸ
2296 846 2487 910 ξύλον
2513 842 2624 911 τῆς
2660 842 2826 910 ζωῆς·
2863 841 2958 895 καὶ
2995 840 3273 912 βλαστοὺς,
3298 840 3375 905 ὡς
3403 840 3486 904 τὸ,
3505 841 3608 895 Ἐκ
3620 840 3771 905 ,βλα-

2198 938 2371 1000 στοῦ,
2393 936 2487 990 Υἱέ
2508 954 2646 1005 μου,
2692 934 2943 1002 ἀνέϐης·
2977 934 3073 987 καὶ
3095 932 3178 995 τὸ,
3209 931 3473 999 Ἀνθήσει
3500 931 3603 985 καὶ
3624 932 3773 997 ,Βλα-

2199 1028 2418 1094 στήσει
2462 1024 2686 1087 Ἰακὼϐ,
2720 1025 2812 1077 ἐπὶ
2870 1021 3108 1096 Χριστοῦ
3144 1021 3366 1094 ληφθὲν,
3405 1014 3467 1076 οὗ
3500 1021 3530 1073 ὁ
3567 1020 3775 1093 καρπὸς

2197 1119 2302 1189 τῆς
2334 1117 2607 1190 σωτηρίας
2652 1113 2937 1186 ἐπλήρωσε
2964 1113 3062 1185 τὴν
3094 1113 3226 1184 τῆν’
3258 1113 3349 1166 καί¹
3371 1111 3551 1184 ῥίζας,
3586 1112 3666 1175 ὼς
3694 1100 3769 1177 τὸ,

2197 1208 2311 1263 Kal
2341 1208 2406 1262 τὸ
2438 1207 2658 1276 ῥίζωμὰ
2688 1223 2834 1263 σουι
2863 1206 2957 1261 καὶ
2994 1205 3177 1276 πηγὰς
3207 1204 3433 1268 ὑδάτων,
3467 1204 3591 1258 Ὅτι
3623 1204 3777 1272 παρὰ

2198 1299 2300 1354 σοι
2350 1298 2512 1369 πηγὴ
2562 1297 2728 1367 ζωῆς·
2762 1297 2880 1353 καίο
2948 1297 3077 1366 Ἐμὲ
3128 1296 3524 1366 ἐγκατέλιπον
3584 1294 3776 1366 πηγὴν

2196 1390 2414 1457 ὓδατος
2452 1388 2685 1458 ζῶντος,
2732 1390 2825 1444 καὶ
2868 1390 2969 1444 ὅσα
3014 1388 3240 1443 τοιαῦτα
3257 1404 3272 1420 ’
3312 1389 3408 1443 καὶ
3443 1389 3776 1458 φωτογονίας

2197 1484 2666 1554 ἀπαυγασμάτωνσ
2708 1484 2805 1549 Ὃς
2845 1480 2930 1535 ὢν
2978 1481 3345 1550 ἀπαύγασμα
3397 1479 3510 1548 τῆς
3559 1478 3771 1545 δόξης-⁸

2197 1576 2284 1631 καὶ
2342 1576 2540 1644 Κύριε,
2571 1576 2642 1629 ἐν
2669 1573 2749 1640 τῷ
2778 1573 2925 1644 φωτὶ
2953 1572 3059 1628 τοῦ
3080 1573 3403 1641 προσώπου
3427 1586 3547 1625 σου
3576 1571 3776 1638 πορεύ-

2196 1684 2437 1745 σονται,·
2477 1668 2572 1723 καὶ
2600 1666 2670 1721 τὰ
2701 1666 3074 1738 παραπλήσια,
3104 1665 3136 1737 ἢ
3172 1664 3336 1728 ἄλλας
3362 1662 3520 1726 τινὰς
3556 1662 3776 1734 δηλωτι-

2198 1763 2301 1827 κὰς
2324 1760 2672 1834 ίερογραφίας
2697 1758 3111 1831 λαμϐανομένας
3139 1757 3231 1810 ἐπὶ
3262 1757 3373 1811 τῶν
3396 1755 3663 1810 ποικίλων
3685 1753 3774 1807 τοῦ

519 1857 628 1911 oris
654 1857 829 1925 ejust'.
861 1854 980 1910 Jam
1028 1855 1186 1911 sinus
1239 1853 1451 1909 inducit
1481 1852 1575 1908 Dei
1602 1852 1765 1923 275
1801 1850 2095 1923 genitoris;

2200 1854 2335 1909 Θεοῦ
2366 1854 2632 1927 προνοιῶν
2652 1870 2666 1884 ’
2707 1854 2783 1917 ὡς
2811 1852 2891 1916 τὸ,
2928 1851 3126 1917 Ἀετὸς
3165 1849 3456 1905 σκεπάσει
3483 1846 3776 1903 νεοσσιὰν

518 1955 580 2002 ut
607 1964 620 1999 :
646 1947 749 2014 Qui
776 1950 926 2005 estin
946 1948 1067 2002 sinu
1092 1946 1272 2000 Patris
1296 1954 1341 1999 ι.
1373 1946 1439 1998 Et
1461 1947 1688 2001 arbores
1716 1944 2005 2014 quasdam,
2042 1950 2100 1996 ut

520 2047 608 2095 est
641 2056 655 2095 :
685 2038 915 2110 Lignum
960 2039 1144 2093 vitrea.
1178 2036 1245 2091 Et
1286 2037 1523 2108 virgulta
1552 2076 1568 2099 ,
1600 2046 1660 2091 ut
1703 2037 1836 2091 illud
1875 2043 1961 2090 est
1986 2054 2002 2091 :
2025 2034 2100 2088 De

521 2130 767 2202 virgulto,
805 2130 887 2199 ﬁli
937 2129 1032 2192 nti,
1081 2127 1390 2184 ascendisti.
1441 2126 1508 2181 Et
1557 2127 1690 2181 illud
1725 2124 2003 2181 :Florebit
2050 2133 2103 2179 et

520 2222 841 2294 germinabit
889 2219 1058 2275 Jacob
1078 2220 1128 2283 ι’,
1161 2234 1259 2290 pro
1307 2219 1528 2277 Christo
1582 2225 1889 2289 acceptum,
1940 2216 2101 2287 cujus

520 2312 736 2368 fructus
789 2312 965 2367 salute
1034 2309 1279 2380 implevit
1337 2321 1561 2365 terram.
1624 2307 1690 2361 Et
1747 2306 2004 2366 radices.
2040 2313 2101 2360 ut

519 2405 651 2459 illud
678 2424 690 2459 :
715 2403 892 2481 Radix
916 2412 1010 2456 tua
1030 2413 1077 2457 ο.
1110 2401 1311 2458 Fontes
1340 2403 1465 2459 item
1498 2415 1801 2472 aquarum:
1835 2399 2100 2467 Quoniam

521 2494 664 2565 apud
697 2504 744 2549 te
772 2504 851 2548 est
881 2494 999 2564 fons
1032 2495 1150 2548 vita:
1168 2492 1221 2559 ἀ,
1252 2501 1307 2549 et
1339 2515 1353 2549 :
1381 2492 1469 2548 Me
1488 2492 1876 2564 dereliquerunt
1903 2492 2100 2562 fontem

523 2603 675 2658 aqua:
702 2586 979 2642 viventis°.
1010 2585 1078 2642 Et
1109 2601 1448 2658 quaecunque
1472 2587 1577 2639 alia
1608 2584 1795 2639 formae
1838 2581 2102 2638 consimi-

521 2678 617 2738 lis.
658 2677 872 2738 Rursus
909 2676 1212 2751 'lucigenas
1270 2677 1436 2734 infert
1484 2677 1834 2748 splendorum
1873 2690 2100 2747 genera-

526 2773 730 2840 tiones;
758 2782 822 2827 ut
855 2790 868 2826 ε
901 2772 1005 2839 Qui
1033 2788 1151 2825 cum
1190 2771 1265 2825 sit
1293 2769 1539 2839 splendor
1563 2768 1746 2839 gloria:
1770 2767 1816 2833 τ,
1848 2774 1902 2822 et
1933 2785 1948 2822 :
1986 2765 2101 2820 Do-

2201 1946 2446 2002 ἑαυτοῦο
2482 1946 2699 2019 δωρεῶν
2722 1945 2798 2011 δὲ,
2819 1946 2893 2009 ὡς
2915 1934 2997 2011 τὸ,
3041 1944 3313 2015 Ἀνοίγεις
3341 1941 3424 1996 σὺ
3466 1941 3587 2008 τὴν
3614 1937 3776 2009 χεῖρά

2200 2055 2350 2094 σου·
2401 2038 2739 2108 ὲκφάνσεων,
2780 2036 2868 2092 διὰ
2916 2035 2977 2090 τὸ
3015 2038 3074 2089 ὲν
3121 2036 3357 2106 σχήματι
3395 2031 3691 2105 ἀνθρώπου
3721 2032 3775 2084 ὀο

2203 2130 2402 2203 φθῆναι
2426 2129 2536 2201 (14)
2561 2132 2677 2193 τοῖς
2708 2130 2766 2182 ἐν
2793 2131 2859 2201 τῇ
2882 2127 3093 2199 Παλαιᾷ
3121 2126 3319 2197 ἁγίοιςο
3351 2125 3662 2196 δυνάμεων,
3684 2123 3775 2187 ὡς.

2201 2222 2445 2292 Πνεῦμα
2467 2220 2735 2275 διασεῖον
2754 2220 2888 2290 ὄρηο
2924 2220 3222 2289 ίδιοτήτων,
3251 2217 3328 2281 ὡς
3349 2216 3587 2285 ἀδάμας
3605 2215 3698 2270 διὰ
3722 2214 3776 2268 τὺ

2200 2315 2408 2379 ἀπαθὲς
2433 2315 2533 2387 τῆς
2562 2314 2834 2386 θεότητοςο
2870 2313 2999 2367 ίδιον
3029 2312 3139 2385 γὰρ
3176 2311 3333 2365 τοῦτο
3360 2312 3459 2383 τῆς
3497 2310 3655 2374 θείας
3681 2308 3774 2377 φύ-

2202 2420 2359 2467 σεως.
2395 2404 2460 2456 Δί
2490 2403 2549 2455 δὲ
2575 2401 2757 2473 λήξεις
2778 2404 2872 2457 καὶ
2898 2404 2953 2456 al
2982 2402 3142 2474 μοναὶ
3162 2401 3223 2456 τὸ
3252 2402 3351 2473 τῆς
3383 2400 3535 2465 θείας
3568 2400 3775 2470 φύσεως

2200 2493 2596 2565 ἀμετάστατον,
2621 2493 2709 2547 διὰ
2739 2492 2847 2546 τῶν
2876 2490 3276 2564 θεμελιωτικῶν
3307 2488 3679 2562 ὑποδηλοῦται
3702 2489 3773 2541 λί-

2200 2583 2329 2640 θων.
2365 2584 2612 2657 Προόδων
2641 2585 2720 2645 δὲ,
2745 2585 2826 2638 ὅτι
2854 2584 2887 2656 ἡ
2928 2584 3036 2638 τῶν
3067 2583 3310 2654 φυσικῶν
3354 2582 3522 2637 αὐτοῦ
3561 2582 3775 2652 ἀγαθῶν

2204 2674 2488 2750 μετάδοσις
2517 2679 2584 2748 τῇ
2612 2675 2704 2730 τοῦ
2744 2675 2930 2749 κρίνου
2960 2676 3194 2748 εύοσμίᾳ
3229 2674 3504 2749 δηλοῦται,
3529 2675 3675 2753 mea.
3697 2673 3773 2727 λέ-

2198 2786 2376 2840 γεται,
2410 2770 2630 2837 Κρίνον
2667 2768 2785 2823 τῶν
2823 2767 3135 2823 κοιλάὸων.
3168 2769 3233 2822 Ai
3281 2768 3504 2831 ἐνώσεις
3548 2766 3647 2821 διὰ
3687 2765 3773 2820 τοῦ

2200 2858 2522 2930 κασσιτέρου
2555 2858 2734 2913 λίθου·
2766 2860 2861 2913 καὶ
2900 2858 2988 2913 διὰ
3025 2857 3120 2913 τοῦ
3151 2858 3322 2931 πυρὸς
3348 2861 3404 2913 αἱ
3449 2857 3771 2931 διακρίσεις.

2201 2952 2313 3006 Kal
2349 2950 2451 3004 ποῦ
2499 2951 2596 3022 μὲν
2642 2951 2836 3025 ἀνδρὸς
2873 2951 3079 3023 σχῆμα,
3112 2950 3190 3016 ὡς
3232 2950 3385 3023 παρὰ
3425 2950 3507 3023 τῷ
3553 2951 3771 3022 Δανιὴλ’

525 2867 686 2933 mine,
718 2866 771 2920 in
803 2866 1000 2919 lumine
1047 2865 1224 2919 uultus
1266 2864 1346 2917 tui
1378 2861 1723 2917 ambulabunt
1749 2864 1795 2927 ⁸,
1828 2869 1884 2917 et
1907 2861 1994 2917 his
2023 2860 2100 2916 si-

522 2959 696 3022 milia,
731 2959 846 3014 sive
872 2958 1035 3013 etiam
1064 2958 1355 3029 plerasque
1383 2956 1523 3012 alias
1553 2970 1743 3012 sacras
1772 2954 2100 3025 descriptio-

522 3067 624 3107 nes
654 3050 1014 3106 declarativas
1033 3065 1231 3109 sensus
1266 3050 1502 3120 mystici,
1529 3048 1844 3118 desumptas
1877 3049 1933 3103 in
1955 3048 2098 3102 mul-

2199 3044 2313 3099 Kal
2341 3040 2658 3111 ὀΠαλαιὸς
2683 3043 2801 3098 τῶν
2834 3041 3069 3114 ἡμερῶν
3093 3043 3373 3112 ἐκάθητο·
3427 3042 3535 3098 ποῦ
3580 3043 3641 3097 δὲ
3689 3040 3775 3114 θη-

522 3141 713 3211 ῑίριίοἰο
746 3140 841 3195 Dei
889 3138 1251 3210 providentia,
1283 3146 1344 3193 ut
1393 3139 1528 3193 illud
1571 3156 1585 3191 :
1618 3137 1811 3208 Aquila
1842 3144 2090 3208 proteget

2204 3134 2356 3208 ρίων,
2394 3134 2537 3190 κατά
2571 3138 2653 3200 τὸ,
2684 3135 3029 3191 Ἀναπεσὼν
3050 3137 3130 3203 ὠς
3156 3136 3313 3191 λέων
3333 3134 3659 3205 ἐκοιμήθη⁸
3689 3135 3775 3188 καὶ

524 3232 711 3288 nidum
754 3248 931 3287 suum.
989 3230 1049 3285 In
1085 3231 1247 3288 donis
1300 3232 1472 3298 item;
1506 3242 1566 3286 ut
1605 3232 1738 3286 illud
1771 3249 1787 3286 :
1821 3228 2007 3300 Ape'ris
2040 3240 2095 3284 tu

2199 3227 2379 3283 πάλιν·
2438 3229 2534 3295 Ὠς
2555 3227 2847 3297 πάρδαλις
2877 3228 3254 3298 ἀπορουμένη
3294 3228 3447 3282 κατὰ
3477 3227 3601 3297 τὴν
3633 3227 3771 3282 ὁδὸν

525 3340 743 3379 manum
798 3324 1005 3378 tuamh.
1042 3323 1117 3379 De
1148 3324 1606 3394 apparitionibus,
1633 3329 1922 3394 prepterea
1949 3322 2097 3392 quod

2214 3322 2557 3390 Ἀσσυρίων.
2578 3320 2688 3375 Ποῦ
2710 3322 2768 3376 δὲ
2794 3321 2966 3378 ἄλλων
2997 3321 3172 3389 ζώων,
3193 3323 3269 3387 ὡς
3292 3321 3373 3387 τὸ,
3409 3321 3549 3392 Ἐγὼ
3571 3320 3643 3374 δέ
3662 3322 3770 3389 εἶμι

526 3432 589 3474 se
614 3415 926 3472 exhibuerit
969 3415 1025 3470 in
1061 3414 1237 3470 forma
1263 3414 1504 3471 hominis
1537 3416 1894 3486 conspicuum
1937 3412 2095 3469 Vete-

2199 3412 2466 3481 σκώληξ,
2500 3413 2596 3468 καὶ
2618 3415 2729 3468 οὐκ
2753 3412 3076 3483 ἅνθρωπος.
3105 3415 3215 3469 Καὶ
3239 3413 3340 3467 ποῦ
3369 3413 3467 3486 μὲν
3487 3414 3679 3484 φυτὸν,
3700 3412 3773 3474 ὡς

525 3508 605 3565 ris
642 3508 979 3563 Testamenti
1025 3508 1255 3564 sanctis.
1284 3507 1343 3562 In
1391 3507 1709 3575 virtutibus,
1739 3515 1799 3562 ut
1824 3523 1838 3558 :
1866 3505 2097 3576 Spiritus

2200 3504 2350 3577 παρὰ
2391 3504 2469 3577 τῷ
2497 3503 2677 3567 Δαυῖδ,
2712 3506 3036 3574 Ἀμπελοςο
3072 3505 3105 3578 ἦ
3137 3505 3269 3578 παρ’
3296 3505 3468 3577 ἑτέρῳ
3497 3504 3769 3576 προφήτῃ,

525 3600 828 3655 concutiens
871 3610 1070 3653 montes
1094 3601 1136 3653 ί.
1169 3597 1229 3653 in
1274 3599 1702 3670 proprietatibus
1751 3614 1989 3671 quoque,
2039 3606 2098 3653 ut

2213 3596 2435 3651 Ἐλαία.
2454 3596 2561 3650 Ποῦ
2577 3596 2635 3650 δὲ
2653 3596 2812 3650 λίθων
2834 3598 3299 3670 ποικιλομορφίας,
3324 3598 3400 3663 ὡς
3417 3599 3503 3666 τὸ,
3521 3598 3773 3667 Eadgar-

525 3706 652 3746 cum
694 3692 919 3746 adamas
947 3690 1149 3747 dicitur
1178 3707 1192 3743 :
1228 3692 1373 3762 quod
1416 3692 1551 3747 nulli
1588 3693 1660 3748 sit
1684 3690 1896 3748 Numen
1925 3693 2098 3747 obno-

2198 3705 2302 3756 ρος
2316 3704 2329 3719 ⁸
2353 3691 2447 3743 καὶ
2469 3690 2617 3762 παρά
2637 3689 2715 3761 τῷ
2749 3687 2949 3761 Ἀμὼς,
2984 3690 3257 3762 Ἀδάμας.
3275 3692 3387 3745 Καὶ
3414 3691 3656 3763 κόσμους
3674 3710 3772 3761 γυ-

529 3781 681 3835 xium
716 3783 989 3852 passioni.’
1015 3781 1133 3838 Hoc
1170 3784 1315 3838 enim
1343 3783 1694 3853 peculiariter
1725 3784 1987 3854 competit
2014 3781 2098 3837 di-

2199 3782 2487 3845 ναικείους,
2534 3782 2610 3845 ὡς
2665 3782 2746 3849 τὸ,
2800 3780 2895 3835 Ἐν
2944 3783 3234 3853 ἱματισμῷ
3286 3782 3614 3855 διαχρύσῳ.
3661 3780 3771 3838 Ποῦ

525 3874 667 3926 vium
691 3872 768 3926 illi
792 3881 1023 3930 naturae.
1048 3873 1286 3931 Proinde
1311 3875 1530 3933 termini
1558 3883 1723 3948 atque
1759 3877 2095 3940 mansiones,

2202 3871 2541 3945 βαρϐαρικὰς
2568 3871 2901 3939 ὁπλοποιίας,
2940 3875 3070 3938 ἴσως
3095 3873 3170 3938 ὡς
3201 3875 3377 3927 ἐκεῖνο
3400 3891 3416 3905 ⁸
3449 3872 3772 3944 Περίζωσαι

523 3964 671 4034 quod
702 3973 756 4019 et
798 3964 998 4021 divina:
1034 3966 1195 4024 istius
1243 3975 1456 4023 natura!
1502 3969 1860 4026 immutabilis
1920 3978 2098 4027 status

2198 3964 2313 4032 τὴν
2330 3967 2634 4035 ῥομφαίαν
2664 3980 2782 4020 σου
2804 3964 2903 4018 ἐπὶ
2935 3963 3053 4019 τῶν
3078 3964 3284 4034 μηρῶν
3306 3980 3444 4030 σου,
3472 3965 3713 4020 δυνατὲ
3738 3966 3770 4035 ἡ

525 4058 692 4113 tacite
751 4057 1067 4115 insinuetur
1109 4074 1208 4131 per
1251 4061 1523 4131 ejusmodi
1579 4062 1809 4132 lapides,
1840 4062 1935 4132 qui
1966 4063 2098 4117 sub-

2199 4057 2308 4130 γὰρ
2338 4057 2580 4129 ῥομφαία
2604 4057 2936 4130 βαρϐαρικόν
2968 4058 3115 4111 ἐστιν
3136 4057 3318 4123 ὅπλον,
3348 4059 3424 4122 ὡς
3451 4060 3655 4130 ἱστορεῖ
3680 4057 3775 4111 Φύ-

526 4157 850 4204 sternuntur
880 4150 1150 4219 jaciendis
1186 4151 1555 4210 fundamentis
1584 4170 1599 4207 :
1628 4154 1684 4208 in
1727 4153 2098 4224 processioni-

528 4242 633 4299 bus
651 4242 802 4311 item,
833 4246 1092 4313 quoniam
1125 4259 1223 4314 per
1251 4245 1394 4301 hanc
1422 4246 1825 4302 suaveolentem
1856 4246 1957 4300 lilii
1987 4245 2097 4300 fra-

526 4333 801 4404 grantiam
850 4334 1173 4404 exprimitur
1233 4334 1552 4391 distributio
1601 4337 1870 4392 bonorum
1922 4336 2096 4407 ipsius

526 4424 884 4489 naturalium,
935 4425 1098 4494 cujus
1148 4440 1315 4481 causa
1366 4426 1566 4482 dicitur
1601 4442 1614 4480 :
1649 4426 1846 4482 Lilium
1885 4428 2098 4483 conval-

2197 4149 2397 4220 λαρχος
2439 4150 2570 4221 (15).
2606 4151 2733 4204 Ὅτε
2773 4149 2932 4203 πάλιν
2961 4149 3228 4220 ἀκούομεν
3255 4150 3348 4202 ἐπὶ
3376 4148 3513 4204 Θεοῦ
3538 4151 3636 4204 καὶ
3667 4150 3772 4204 τῶν

2199 4241 2356 4296 θείων
2386 4242 2712 4313 κεραμείων,
2733 4241 2809 4304 ὡς
2842 4242 2922 4306 τὺ,
2965 4243 3056 4308 Ὡς
3083 4241 3281 4310 πηλὸν
3307 4240 3610 4296 πλατειῶν
3636 4245 3772 4297 λεα-

2197 4332 2281 4387 νῶ
2309 4333 2547 4398 αὐτούς.
2586 4333 2693 4386 Kal
2720 4333 2959 4404 χωνευτή
2969 4349 3099 4404 ριον’
3150 4332 3492 4401 Ἐπύρωσας
3532 4333 3770 4398 αὐτοὺς,

2198 4425 2277 4490 ὡς
2292 4424 2578 4493 κυροῦται
2597 4423 2661 4478 τὸ
2684 4424 2982 4494 ἀργύριον·
3009 4422 3121 4478 καίο
3148 4423 3400 4489 Ἵππους
3421 4438 3538 4477 σου
3553 4421 3773 4492 rapac-

528 4512 663 4566 lium
686 4514 737 4568 Ιι.
770 4511 1083 4569 Occurrunt
1111 4522 1165 4568 et
1197 4515 1615 4586 conjunctiones
1667 4532 1764 4587 per
1808 4525 2094 4574 stanneum

2198 4532 2424 4582 σοντας
2450 4515 2638 4569 ὕδατα
2683 4513 2883 4569 πολλά
2905 4531 2918 4545 ’
2958 4515 3054 4569 καὶ
3083 4515 3325 4587 ἅρματα·
3367 4513 3435 4568 Τὸ
3464 4514 3624 4584 ἅρμα
3667 4513 3773 4568 τοῦ

527 4603 785 4673 lapidem,
819 4605 913 4660 sed
951 4614 1006 4659 et
1041 4620 1140 4676 per
1168 4606 1348 4676 ignem
1381 4607 1745 4665 discretiones
1790 4608 1907 4664 sive
1951 4608 2098 4676 diju-

528 4694 853 4753 dicationes.
893 4696 989 4754 Est
1029 4714 1247 4768 quoque
1272 4699 1368 4754 ubi
1395 4700 1473 4753 illi
1497 4700 1758 4755 tribuitur
1785 4701 1958 4757 virilis
1987 4701 2099 4755 for—

528 4803 642 4857 ma,
681 4798 743 4844 ut
770 4791 914 4860 apud
941 4789 1221 4846 Danielem
1243 4791 1271 4830 ιι
1300 4811 1313 4846 :
1337 4789 1680 4863 EtAntiquus
1707 4791 1912 4847 dierum
1939 4792 2095 4847 sedit.

528 4880 745 4937 Rursus
787 4881 879 4936 ubi
915 4896 1012 4951 per
1055 4880 1200 4937 feras
1249 4881 1589 4952 signiﬁcatur
1617 4898 1631 4934 :
1657 4880 1791 4937 Cum
1822 4882 2098 4938 accubuis-

527 4984 625 5039 set,
677 4984 736 5030 ut
775 4975 854 5029 leo
902 4973 1283 5029 obdormivit‘.
1314 4973 1554 5044 Itemque
1597 4992 1612 5028 :
1656 4971 1829 5039 Quasi
1850 4974 2092 5043 pardalis

526 5067 744 5138 perditis
794 5068 1049 5136 ferociens
1097 5066 1292 5122 catulis
1334 5066 1498 5136 juxta
1533 5066 1672 5120 viam
1726 5067 2090 5137 Assyriorum.

527 5158 627 5214 Est
672 5158 765 5214 ubi
819 5157 1153 5214 describitur
1212 5158 1446 5213 aliorum
1502 5173 1721 5230 quoque
1771 5159 2121 5241 animalium‘

525 5252 731 5321 specie,
760 5260 821 5306 ut
853 5251 985 5306 illud
1016 5259 1137 5307 est:
1166 5251 1278 5322 Ego
1308 5262 1484 5307 autem
1518 5268 1636 5306 sum
1664 5252 1875 5317 vermis,
1909 5261 1959 5306 et
1988 5268 2094 5306 non

526 5343 679 5399 homo
697 5357 758 5400 ω.
794 5343 891 5400 Est
929 5344 1266 5415 ubi'plantae
1308 5347 1531 5402 nomine
1569 5347 1904 5419 depingitur,
1948 5348 2093 5404 sicut

524 5434 671 5503 apud
725 5434 1005 5496 Davidem.
1057 5436 1174 5490 vitis
1199 5443 1226 5471 υ
1260 5453 1274 5492 :
1303 5434 1446 5491 sicut
1486 5437 1627 5506 apud
1674 5438 1906 5494 alterum
1958 5439 2092 5493 item

2202 4608 2345 4661 Θεοῦ
2375 4606 2841 4677 pwitoca/Iactor
2868 4607 2960 4660 καὶ
2979 4607 3219 4677 θρόνους·
3253 4606 3306 4659 '0
3331 4606 3544 4674 θρόνος
3571 4622 3713 4671 σου,
3742 4608 3776 4658 ὁ

2202 4692 2367 4765 Θεὸς,
2389 4704 2476 4766 εἰς
2504 4700 2610 4754 τὸν
2626 4697 2828 4754 αίῶναο
2845 4700 2938 4752 καὶ
2958 4698 3163 4765 δαῖτας,
3184 4698 3259 4762 ὡς
3277 4700 3335 4752 ὲν
3349 4697 3430 4771 τῷ
3443 4698 3775 4767 Ἐὑαγγελῐῳ

2197 4791 2286 4843 ὅτε
2317 4792 2346 4843 ὁ
2384 4790 2583 4861 μόσχος
2625 4790 2655 4842 ὁ
2698 4788 2959 4853 σιτευτὸς,
2992 4789 3086 4842 καὶ
3120 4786 3188 4841 τὰ
3216 4787 3379 4842 λοιπὰ
3407 4787 3647 4857 γίνονται
3676 4787 3775 4840 ἐπὶ

2199 4880 2265 4949 τῇ
2300 4878 2511 4949 εὑρέσει
2542 4877 2636 4931 τοῦ
2661 4875 2871 4931 ἀσώτου
2897 4876 3035 4931 υἱοῦ.
3059 4878 3169 4933 Kal
3206 4878 3366 4933 πάλιν
3393 4879 3483 4931 ὅτε
3503 4877 3774 4949 ἀκούομεν

2199 4969 2291 5024 τὸν
2323 4970 2455 5023 Θεὸν
2495 4971 2992 5042 κεκραιπαληκὸτα·
3024 4971 3135 5025 Καὶ
3166 4958 3655 5040 κεκραιπαληκὼς
3706 4968 3774 5033 ἐξ

2198 5065 2386 5120 οἴνου.
2420 5066 2529 5119 Kal
2574 5064 2860 5135 μεθύοντα,
2920 5065 3015 5118 καὶ
3068 5062 3428 5118 ὑπνώττοντα·
3464 5062 3590 5117 Ἵνα
3619 5063 3678 5116 τί
3705 5065 3773 5117 ὐ-

2195 5157 2388 5223 πνοῖς,
2410 5159 2609 5226 Κύριε;
2630 5157 2695 5210 Τί
2718 5157 2783 5212 ἀν
2811 5158 2905 5220 τις
2922 5154 3064 5210 εἴποι
3078 5155 3208 5229 περὶ
3229 5155 3357 5221 τῶν,
3381 5154 3493 5208 Kal
3510 5154 3771 5224 ὠργίσθη

2194 5249 2430 5316 Κύριος,
2455 5246 2568 5303 καίο
2593 5249 2726 5303 Ἵνα
2744 5249 2801 5302 τί
2821 5248 3120 5318 ὠργίσθης
3134 5246 3438 5317 ήμᾶςςκαί’
3457 5244 3771 5312 Ἐλυπήθη

2194 5344 2429 5411 Κύριος,
2451 5343 2567 5407 καὶ,
2583 5343 2806 5411 Ὠμοσε
2826 5342 3059 5411 Κύριος,
3079 5342 3194 5406 καὶ,
3219 5336 3623 5409 Μετεμελήθη,
3651 5338 3770 5401 καὶ,

2194 5434 2604 5504 Καττιράσατο,
2633 5435 2748 5500 καὶ,
2792 5433 3083 5505 Ἐμήνισε.
3104 5432 3169 5488 Τί
3187 5433 3245 5488 δὲ
3264 5431 3394 5504 περὶ
3418 5428 3529 5484 τῶν
3559 5428 3772 5485 πολυει-

630 5682 662 5716 ν
692 5673 835 5749 Psal.
876 5692 988 5743 cn,
1021 5680 1074 5735 5.
1150 5730 1153 5737 ,
1182 5694 1208 5721 ι
1240 5680 1385 5735 Psal.
1414 5695 1558 5744 xuv,
1586 5681 1642 5737 2.
1747 5690 1777 5731 γ
1807 5681 1951 5737 Psal.
1987 5699 2161 5749 xxxu,
2185 5682 2239 5738 6.
2348 5693 2371 5721 ι
2398 5681 2557 5738 Joan.
2588 5696 2630 5747 ι,
2668 5680 2752 5738 l8.
2849 5693 2876 5723 ι
2906 5679 3043 5737 Gen.
3076 5695 3139 5745 ιι,
3169 5678 3231 5749 9.
3300 5677 3332 5719 ι
3364 5676 3475 5749 ls_a.
3506 5688 3681 5749 xxvn,
3709 5671 3768 5729 6.

529 5740 786 5813 ξετερι).
811 5740 1049 5810 δίωκε.
1126 5749 1150 5789 ά
1172 5750 1318 5806 Psal.
1359 5767 1522 5813 xxxv,
1549 5740 1651 5808 ⁷10.

530 5812 616 5869 16.
696 5816 714 5856 ί
761 5817 921 5874 Cant.
979 5834 1042 5887 ιι,
1085 5821 1136 5875 1.
1232 5823 1259 5862 ιι
1286 5821 1420 5892 Cap.
1445 5812 1542 5891 vn,
1569 5840 1619 5880 v.
1659 5822 1745 5879 10.

1851 5824 1869 5865 1
1897 5823 2057 5881 Num.
2090 5839 2239 5891 xxiv,
2271 5824 2325 5879 9.

1732 5751 1880 5809 θυῖεν.
1918 5769 1979 5820 ιι,
2014 5754 2098 5809 l5.

2198 5753 2386 5809 'H‘ebr.
2424 5753 2547 5819 i,'5.
2617 5745 2656 5794 γε
2685 5752 2836 5807 Psal.
2864 5766 3133 5814 ιιιιινιιι,
3170 5748 3260 5804 16.
3334 5749 3363 5788 ιι
3404 5745 3767 5820 Ρεθίεῖι-ηό

2424 5816 2463 5866 ni
2490 5824 2636 5897 Psal.
2674 5838 2788 5889 χχι,
2816 5823 2865 5878 7.
2980 5832 3006 5859 ο
3035 5820 3181 5876 Psal.
3240 5833 3445 5881 cxxvn,
3495 5816 3547 5871 3.
