3896 6540
88 363 188 420 635

822 355 1272 412 PACHYMERE
1310 348 1800 412 PARAPHRASIS
1833 349 1902 406 IN
1939 349 2088 407 EPP.
2129 351 2184 410 S.
2230 349 2552 414 DiO—NYSll.

3223 363 3330 420 486

85 477 186 532 δῶν
217 473 314 530 καὶ
347 472 518 539 λοξῶν
546 472 645 543 τῆς
673 472 946 544 ἁμαρτίας
970 472 1078 526 τῶν
1107 471 1448 542 ἐπαγγελιῶν
1501 489 1653 540 σοφι-

1761 468 2100 539 prophetam,
2151 469 2287 523 oliva
2309 477 2356 523 ο.
2422 467 2664 542 Denique
2707 478 2792 527 est
2841 473 2933 529 ubi
2972 487 3070 546 per
3119 479 3332 547 sapphi»

87 570 305 642 σμὰτων
366 566 514 637 (16);
578 565 890 633 Ἀμαρτιας
941 564 998 617 δὲ
1054 564 1153 628 τὰς
1189 564 1485 634 ἀποτυχίας
1545 562 1652 616 τῶν

85 655 425 725 ἐπαγγελιῶν
482 671 636 726 φησι,
669 652 757 706 διὰ
794 652 856 705 τὸ
898 655 954 706 ὲν
999 653 1107 706 τισὶ
1151 653 1260 705 τῶν
1301 653 1654 724 προρρήσεων

84 751 165 804 διὰ
185 750 246 802 τὸ
274 749 563 820 πρόχειρον
593 747 767 800 δοκεῖν
800 747 872 818 μὴ
902 745 1056 808 τέλος
1087 745 1270 798 λαϐεῖν
1295 745 1362 797 τὰ
1385 742 1654 812 ἐπαγγελ-

86 840 239 893 Θέντα
269 837 412 909 (17)·
439 835 548 890 οἷόν
579 838 745 901 ἐστιν,
776 838 840 890 ὲκ
876 835 1084 889 πολλῶν
1115 835 1268 904 ὀλίγα
1296 833 1654 905 παραθέσθαι,

84 930 141 983 τὸ
161 929 298 1002 πρὸς
339 928 528 982 Ἰακὼϐ
555 927 763 998 λεχθὲν,
786 927 971 981 Γίνου
1022 927 1220 995 κύριος
1258 925 1364 978 τοῦ
1394 922 1658 992 ἀδελφοῦ

88 1039 196 1077 σου
217 1041 230 1052 ·
264 1023 361 1076 καὶ
386 1021 454 1074 τὰ
487 1020 738 1092 περὶτῆς
788 1020 1046 1091 διαμονῆς
1093 1019 1205 1071 τῶν
1249 1020 1331 1082 είς
1379 1017 1478 1087 τὴν
1515 1016 1661 1086 βασι-

87 1115 227 1168 λείαν
255 1113 354 1168 τοῦ
405 1114 716 1186 σπέρματος
765 1111 943 1176 Δαυῒδ,
982 1112 1124 1182 ἅπερ
1174 1111 1231 1165 ὲν
1275 1109 1354 1180 τῷ
1395 1110 1662 1177 προφανεῖ

87 1208 380 1278 διήμαρτον
412 1207 509 1276 τῆς
542 1204 837 1264 ἐκϐάσεως.
871 1203 1028 1257 Κατὰ
1076 1203 1132 1256 δὲ
1166 1202 1264 1274 τὴν
1296 1201 1496 1273 ἀκριϐῆ
1530 1201 1661 1254 θεω-

91 1299 226 1366 ρίαν.
251 1297 536 1367 οὐδαμῶς·
571 1296 632 1349 τὸ
666 1297 761 1366 μὲν
787 1294 897 1367 γὰρ
931 1295 1026 1349 τοῦ
1069 1293 1282 1360 Ἰακὼϐ,
1315 1293 1402 1347 διὰ
1430 1293 1531 1363 τῆς
1564 1293 1660 1345 τοῦ

89 1389 143 1452 ἐξ
175 1387 344 1440 αὐτοῦ
373 1388 744 1460 ἐπικρατείας,
765 1389 859 1441 καὶ
887 1387 987 1457 τῆς
1014 1389 1094 1451 είς
1113 1387 1345 1459 Χριστὸν
1373 1385 1662 1456 ἀναγωγῆς

91 1482 443 1554 πεπλήρωται
476 1482 586 1553 (18)
608 1499 621 1512 ·
644 1481 832 1554 ὥσπερ
875 1480 968 1534 xal
1007 1482 1061 1534 αἱ
1098 1481 1234 1553 πρὸς
1272 1480 1363 1532 τὸν
1413 1479 1662 1550 Ἀϐραὰμ.

88 1574 402 1644 ἐπαγγελίαι
418 1575 652 1646 περὶτῆς
666 1575 1042 1644 κατασχέσεως
1053 1573 1153 1643 τῆς
1164 1575 1268 1644 γῆς
1277 1571 1485 1628 καὶτῶν
1497 1571 1663 1624 ἐθνῶν

89 1666 355 1734 εὐλογίας.
378 1665 458 1719 Τὰ
471 1667 526 1720 δὲ
546 1667 680 1737 πρὸς
699 1664 859 1719 Δαυῖδ
877 1666 1032 1736 μόνον
1053 1665 1128 1728 ὡς
1143 1666 1374 1736 Χριστὸν
1393 1664 1661 1735 ἀναφέρε-

88 1776 170 1811 ται
187 1776 200 1788 ·
227 1758 434 1829 ὁμοίως
452 1759 544 1812 καὶ
574 1759 641 1812 τὰ
670 1759 796 1830 περὶ
825 1757 1166 1828 Σολομῶντος
1193 1757 1448 1811 δοκοῦντα
1471 1758 1528 1810 ὲν
1547 1759 1659 1821 τοῖς

89 1850 332 1920 Ψαλμοῖς
373 1850 618 1922 εἰρῆσθαι
657 1853 714 1904 ὲν
754 1850 832 1921 τῷ
860 1849 1079 1923 Χριστῷ
1110 1849 1514 1922 ἐτελειώθησαν.
1549 1849 1658 1913 Τὰς

1757 579 1874 616 rum
1899 573 1927 611 P
1949 602 1962 626 ,
1993 569 2048 616 et
2080 563 2218 631 apud
2252 564 2419 619 Amos
2450 566 2671 620 nomine
2717 566 3040 624 adamantis.
3073 567 3333 626 Mundum

1760 654 1987 725 insuper
2004 655 2326 710 muliebrem
2360 657 2464 726 ipsi
2490 657 2601 712 Deo
2623 659 2945 729 appingunt,
2966 661 3122 730 juxta
3157 663 3290 718 illud
3315 681 3330 717 :

1761 747 1829 802 In
1851 748 2039 802 vestitu
2070 747 2324 800 deaurato
2342 759 2391 802 ιι.
2429 749 2561 803 Item
2595 765 2747 804 arma
2781 753 2858 806 illi
2883 753 3176 809 admovent
3207 755 3334 809 bar-

1758 839 2017 893 barorum
2043 837 2098 892 in
2126 853 2332 894 morem
2365 839 2711 905 confecta,ut
2741 843 2872 896 illud
2895 843 3032 900 forte
3052 853 3136 902 est
3154 867 3167 898 :
3185 846 3336 901 Prae-

1760 934 1965 1002 cingere
2013 931 2312 1000 rhomphwa
2367 941 2456 985 tua
2491 949 2647 1002 super
2685 933 2887 1000 femora
2922 945 3034 996 tua.
3070 955 3098 991 o
3128 925 3332 1007 potens.

1761 1021 1934 1076 Rhom
1943 1023 2091 1092 phaea
2109 1037 2242 1078 sane
2259 1038 2363 1077 vox
2384 1030 2675 1077 armaturte
2694 1033 2778 1080 est
2801 1026 3121 1092 barbaricae,
3143 1043 3338 1099 quem-

1761 1113 2054 1169 admodum
2143 1116 2419 1169 memoriae
2482 1116 2724 1185 prodidit
2793 1116 3150 1189 Pbylarcbus.
3224 1121 3338 1176 Ali-

1761 1206 1981 1274 quando
2009 1221 2228 1262 rursum
2262 1207 2574 1263 inaudimus
2602 1208 2713 1264 Deo
2743 1210 3008 1280 quasdam
3042 1211 3336 1270 admirabi-

1762 1299 1829 1353 lis
1853 1299 2084 1368 figulime
2111 1299 2335 1370 efﬁgies,
2363 1299 2519 1367 juxta
2549 1301 2680 1354 illud
2711 1319 2726 1356 ι
2753 1301 2921 1367 Quasi
2950 1302 3116 1357 lutum
3135 1304 3338 1373 platea-

1763 1399 1880 1445 rum
1905 1389 2081 1445 delebo
2119 1407 2204 1445 eos
2222 1401 2266 1446 ι’.
2299 1392 2466 1463 276
2493 1391 2883 1447 Conﬂatorium
2933 1395 3118 1451 itidem
3155 1413 3170 1450 :
3207 1396 3338 1466 Igne

1763 1499 1852 1538 eos
1884 1484 2225 1546 examinasti,
2275 1484 2411 1537 sicut
2453 1485 2791 1542 examinatur
2836 1495 3178 1555 argentum'.
3209 1487 3329 1542 Jam

1762 1590 1934 1644 equos
1982 1575 2060 1629 illi
2109 1574 2389 1646 allingunt,
2431 1575 2733 1630 secundum
2783 1577 2916 1630 illud
2961 1592 2973 1628 :
3023 1577 3128 1644 Qui
3157 1595 3330 1632 ascew

1764 1667 1892 1720 ἀίειὶ
1945 1684 2102 1737 equos
2165 1676 2319 1731 tuos,
2383 1667 2753 1722 conturbantes
2820 1686 2986 1739 aquas
3053 1671 3248 1723 multas
3291 1672 3332 1725 ι.

1765 1759 1973 1815 Currus
2012 1760 2332 1821 etiamnum.
2359 1768 2419 1813 ut
2458 1761 2591 1814 illud
2636 1767 2719 1815 est
2751 1780 2764 1814 :
2797 1758 2999 1816 Cur-rus
3033 1760 3130 1815 Dei
3157 1761 3336 1815 decem

1764 1853 1998 1907 millibus
2017 1853 2292 1922 multiplex
2307 1865 2354 1905 ιι.
2378 1851 2628 1909 Thronos
2655 1853 2863 1907 addunt
2885 1874 2898 1908 :
2921 1854 3159 1908 Thronus
3185 1863 3333 1918 tuus,

89 1940 212 2009 γοῦν
250 1943 311 1994 ὲν
355 1942 560 2006 τούτοις
603 1941 932 2014 ἐξηγητικὰς
986 1942 1270 2006 ἀποδόσεις
1299 1943 1361 1996 τὸ
1414 1942 1656 1996 ποικίλον

1761 1942 1919 2007 Deus,
1948 1945 2002 1997 in
2031 1947 2285 1998 sarculum
2305 1955 2353 2000 τ.
2386 1944 2584 2015 Dapes,
2618 1954 2675 1999 ut
2698 1946 2752 2000 in
2777 1945 3092 2017 Evangelia,
3115 1947 3338 2018 quando

91 2033 312 2103 ἐχούσας
343 2035 595 2105 πολυειδῆ
629 2034 852 2088 ἐκάλεσε
883 2035 1216 2105 σοφίσματα·
1252 2036 1351 2100 οὐχ
1381 2035 1454 2097 ὡς
1486 2051 1664 2105 παρα-

89 2126 410 2194 λογιστικῶς
429 2126 796 2198 τεχναζὸμενα
823 2128 922 2199 τὴν
948 2126 1222 2197 ἀλήθειαν,
1244 2126 1356 2180 ἀλλ’
1383 2127 1459 2190 ὡς
1486 2127 1663 2194 σοφῶς

92 2216 502 2272 ἀναπτύσσοντα
529 2217 589 2271 τὺ
628 2218 973 2289 ζητούμενον.
1007 2215 1174 2271 Πάλιν
1201 2217 1298 2288 τὴν
1326 2233 1660 2287 γιγαντομα-

91 2307 204 2376 χίαν
232 2308 332 2361 καὶ
358 2306 455 2378 τὴν
488 2308 865 2376 πυργοποιίαν,
897 2308 972 2371 ὡς
999 2311 1055 2362 ὲν
1080 2311 1145 2378 τῇ
1178 2307 1393 2360 Γενὲσει
1414 2306 1654 2378 φέρεται·

91 2399 178 2450 καὶ
211 2398 271 2451 τὸ
299 2397 444 2451 κατᾶ
469 2399 564 2452 τοῦ
600 2399 800 2469 ’Λχαὰϐ
830 2399 1170 2469 συμϐούλιον,
1192 2400 1268 2463 ὡς
1306 2401 1363 2451 ὲν
1403 2401 1467 2470 τῇ
1502 2399 1658 2470 τρίτῃ

90 2488 190 2540 τῶν
221 2489 522 2543 Βασιλειῶν
553 2490 884 2561 εὑρίσκεται,
918 2494 974 2544 ὲν
1015 2485 1059 2558 ᾧ
1100 2489 1449 2560 διαλαμϐάνει
1478 2490 1511 2560 ἡ
1541 2488 1660 2546 θεία

93 2581 296 2653 Γραφὴ,
335 2580 454 2645 πῶς
487 2581 744 2653 συνῆλθεν
778 2581 1044 2651 Ἰωσαφὰτ
1093 2583 1339 2654 βασιλεὺς
1380 2582 1547 2635 Ἰούδα
1583 2581 1660 2652 τῷ

95 2675 298 2745 βασιλεῖ
332 2675 549 2747 Ἰσραὴλ
582 2676 804 2746 ’Λχαάϐ.
842 2678 950 2730 K‘al
995 2672 1116 2730 εἷπε
1156 2675 1406 2746 βασιλεὺς
1448 2673 1660 2746 Ἰσραὴλ

91 2769 217 2839 πρὸς
239 2767 469 2839 βαωλέα
509 2767 708 2820 Ἰούδα·
742 2768 804 2820 Ei
837 2767 1080 2839 ἀναϐήσῃ
1133 2766 1248 2836 μεθ’
1269 2764 1426 2836 ἡμῶν
1463 2767 1542 2828 είς
1562 2767 1661 2819 πό-

89 2859 242 2927 λεμον
293 2860 379 2922 είς
435 2856 677 2928 Ῥεμμὰθ
724 2855 956 2910 Γαλαάδ.
1008 2855 1118 2908 Καὶ
1165 2852 1316 2908 εἶπεν
1370 2853 1654 2922 Ἰωσαφάτ·

91 2949 280 3014 Καθὼς
313 2949 445 3018 ἐγὼ,
476 2948 619 3002 οὕτω
651 2949 744 3002 καὶ
778 2947 861 3000 σύ·
892 2946 1073 3010 καθὼς
1104 2947 1132 2998 ὁ
1164 2945 1289 3009 λαός
1321 2963 1442 3016 μου,
1470 2946 1500 2998 ὁ
1531 2945 1658 3008 λαός

92 3059 199 3096 σου·
233 3040 423 3105 καθὼς
470 3042 521 3095 οἱ
567 3043 719 3094 ἵπποι
767 3057 867 3114 μου
889 3078 904 3102 ,
937 3040 986 3092 oi
1017 3040 1170 3091 ἵπποι
1204 3055 1317 3091 σου.
1367 3038 1477 3091 Kal
1508 3032 1657 3090 εἶπεν

103 3134 367 3204 Ἰωσαφὰτ
396 3133 474 3204 τῷ
509 3133 716 3204 βασιλεῖ
747 3131 982 3204 Ἰσραήλ·
1018 3131 1432 3200 Ἐπερωτήσατε
1461 3127 1528 3200 δὴ
1563 3130 1659 3200 σή-

95 3245 246 3299 μερον
263 3228 366 3280 τὸν
383 3227 606 3298 Κύριον.
628 3225 737 3280 Kal
757 3224 1106 3297 συνήθροισεν
1123 3223 1153 3275 6
1177 3221 1658 3293 βασιλεὺςἹσραὴλ

1766 2035 1968 2090 vitulus
2005 2035 2095 2091 ille
2125 2036 2405 2106 saginatus
2437 2038 2792 2107 reliquusque
2830 2048 3128 2108 apparatus
3155 2039 3340 2110 epula-

1764 2142 1886 2180 rum
1917 2127 2140 2195 jubetur
2169 2127 2389 2191 instrui,
2423 2127 2478 2181 in
2513 2128 2606 2180 lilii
2641 2127 2948 2182 decoctoris
2979 2130 3094 2185 sive
3123 2131 3338 2200 prodigi

1765 2220 2078 2274 inventione
2095 2233 2140 2273 κ.
2175 2218 2574 2289 Nonnunquam
2621 2221 2748 2274 item
2795 2221 3132 2277 advertimus
3167 2223 3337 2279 Deum

1762 2312 1985 2380 crapula
2036 2311 2333 2367 distentum
2376 2327 2544 2367 esse:
2584 2310 2653 2364 Et
2697 2313 3004 2382 crapulatus
3054 2331 3086 2367 a
3150 2315 3332 2369 υἱηοῐ.

1764 2404 1983 2458 Ebrium
2015 2403 2176 2457 simul
2205 2411 2260 2457 et
2289 2403 2805 2468 obdormis'centem,
2834 2389 2941 2476 ut:
2972 2405 3112 2472 Quid
3142 2406 3339 2461 obdor—

1762 2498 1886 2559 mis,
1917 2495 2136 2551 Domine
2158 2497 2226 2548 1I?
2262 2495 2402 2561 Quid
2437 2512 2602 2568 porro
2643 2497 2834 2551 attinet
2860 2505 3054 2553 caetera
3080 2499 3201 2566 ejus
3231 2498 3340 2552 for-

1761 2601 1863 2640 mae
1890 2587 2255 2656 percensere?
2286 2585 2356 2642 Ut
2396 2595 2526 2641 sunt
2558 2604 2570 2640 :
2603 2585 2668 2639 Et
2697 2587 2868 2641 iratus
2899 2598 2975 2641 est
3008 2587 3264 2642 Dominus
3282 2599 3333 2652 ις

1765 2678 1967 2751 thuid
2043 2682 2288 2734 irasceris
2355 2678 2590 2745 nobis”;
2655 2679 3015 2734 Contristatus
3077 2681 3208 2735 item
3257 2693 3338 2736 est

1765 2772 2041 2836 Dominus,
2078 2782 2130 2828 et
2164 2793 2176 2827 :
2219 2771 2431 2826 Iuravit
2473 2771 2730 2826 Dominus
2751 2784 2796 2840 ε,
2839 2773 2936 2828 sed
2967 2780 3021 2828 et
3069 2773 3339 2828 Paeniten-

1762 2869 1836 2920 tia
1880 2870 2070 2918 ductus
2117 2864 2365 2926 docetur,
2396 2870 2449 2918 et
2481 2880 2494 2915 :
2526 2861 2870 2927 Maledixitd,
2901 2871 2956 2920 et
2986 2881 2999 2916 :
3033 2864 3339 2919 Comminu-

1761 2969 1845 3011 tus
1879 2968 2019 3021 esto,
2061 2959 2176 3012 sive
2201 2957 2368 3010 etiam
2394 2957 2747 3013 lsuccensuit.
2779 2957 2918 3023 Quid
2941 2973 3072 3011 vero
3099 2958 3168 3013 de
3194 2960 3339 3014 mul-

1761 3047 2081 3102 til‘ormibus
2140 3055 2194 3101 et
2245 3047 2482 3115 obliquis
2532 3048 2912 3117 argutionibus
2963 3048 3336 3106 frustrationis

1759 3136 2218 3208 promissionum?
2251 3135 2550 3206 Ἀμαρτίας
2589 3143 2766 3190 autem
2799 3137 3182 3195 frustrationes
3209 3156 3339 3210 pro-

1759 3227 2080 3282 missionum
2125 3229 2280 3292 dicit,
2311 3229 2438 3298 quia
2484 3235 2793 3298 promptum
2835 3236 2921 3284 est
2972 3230 3168 3294 videri,
3203 3245 3336 3300 pro-

93 3321 296 3384 πάντας
327 3319 455 3382 τοὺς
487 3319 770 3391 προφήτας
800 3316 876 3382 ὡς
905 3316 1309 3388 τετρακοσίους.
1357 3316 1467 3369 Kal
1506 3311 1656 3368 εἶπεν

1761 3320 1926 3373 missa
1981 3320 2185 3375 exitum
2231 3320 2581 3388 promissioni
2635 3319 3057 3390 respondentem
3113 3321 3337 3377 minime

90 3413 114 3464 6
145 3412 403 3482 βασιλεὺς
450 3411 666 3482 Ἰσραὴλ
696 3415 810 3474 τοῖς
843 3411 1172 3482 προφήταις·
1205 3409 1269 3461 Εἰ
1303 3405 1550 3478 πορευθῶ
1582 3408 1660 3470 εἰς

102 3490 347 3576 Ῥεμμὰθ
379 3504 593 3558 Γαλαὰδ
625 3505 706 3567 είς
735 3502 987 3573 πόλεμον,
1014 3501 1047 3572 ἢ
1078 3501 1316 3570 ὲπισχῶ;
1344 3500 1455 3553 Kal
1487 3494 1655 3553 εἷπον·

94 3599 403 3661 Ἀνὰϐαινε,
444 3599 538 3651 καὶ
567 3598 742 3661 διδοὺς
781 3594 939 3649 δώσει
970 3593 1174 3666 Κύριος
1212 3594 1294 3656 εἰς
1332 3595 1521 3664 χεῖρας
1564 3592 1659 3646 τοῦ

92 3689 371 3758 βασιλέως.
420 3691 531 3744 Kal
579 3685 731 3742 εἶπεν
774 3686 1038 3756 Ἰωσαφὰτ
1089 3685 1225 3757 πρὸς
1270 3684 1493 3755 ’Δχαάϐ·
1547 3686 1662 3738 Ούκ

91 3781 228 3836 ἔστιν
252 3777 363 3836 ὧδε
396 3783 680 3854 προφήτης
711 3780 939 3853 Κυρίου,
974 3778 1064 3832 καὶ
1109 3779 1542 3850 ὲπερωτήσωμεν
1570 3777 1666 3829 τὸν

93 3875 286 3946 Κύριον
311 3874 380 3927 δι’
405 3872 570 3927 αὑτοῦ
591 3891 604 3936 ;
627 3872 738 3926 Kal
767 3867 920 3924 εἶπεν
944 3871 972 3924 6
1001 3868 1252 3940 βασιλεὺς
1279 3867 1496 3939 Ἰσραὴλ
1525 3867 1660 3939 πρὸς

91 3967 379 4037 Ἰωσαφάτ·
438 3967 558 4018 Ἔτι
603 3960 681 4028 εἷς
731 3963 876 4017 ἔστιν
926 3961 1064 4033 ἀνὴρ
1105 3962 1183 4023 είς
1215 3960 1275 4012 τὸ
1318 3959 1659 4030 ἐπερωτῆσαι

87 4060 169 4111 τὸν
201 4059 415 4130 Κύριον
457 4057 524 4110 δι’
544 4056 729 4111 αὐτοῦ.
766 4057 874 4108 Kal
905 4051 1014 4122 ἐγὼ
1051 4052 1329 4123 μεμίσηκα
1359 4051 1542 4114 αὐτὸν,
1579 4052 1666 4104 ὅτι·

88 4152 141 4204 οὐ
185 4153 346 4207 λα.λεῖ
385 4150 522 4222 πρὸς
568 4149 666 4220 ἐμὲ
711 4146 872 4211 καλὰ,
905 4145 1040 4200 ἀλλὰ
1063 4144 1244 4225 ,κακὼ
1281 4144 1517 4214 Μιχαίας
1549 4145 1662 4208 υίὸς

101 4243 377 4316 Ἰεμϐλαά.
413 4243 524 4296 Kal
556 4237 710 4295 εἶπεν
749 4237 1018 4306 Ἰωσαφὰτ
1055 4235 1304 4307 βασιλεὺς
1340 4235 1530 4288 Ἰούδα·
1567 4235 1660 4306 Μὴ

91 4336 286 4407 λεγέτω
321 4339 354 4390 ὁ
393 4335 643 4407 βασιλεὺς
691 4333 852 4388 οὕτω.
904 4332 1014 4386 Kal
1057 4330 1312 4384 ἐκάλεσεν
1337 4333 1366 4385 6
1411 4328 1660 4398 βασιλεὺς

91 4431 302 4503 Ἰσραὴλ
357 4428 608 4499 εὐνοῦχον
650 4429 780 4490 ἕνα,
814 4427 907 4479 καὶ
954 4420 1094 4478 εἷπε·
1129 4423 1204 4477 T6
1226 4421 1388 4492 τάχος
1421 4421 1662 4492 Μιχαίαν

94 4523 194 4574 υἱὸν
231 4521 512 4592 ’Ῑεμϐλαά.
565 4520 677 4574 Kal
707 4516 915 4589 Ἀχαὰϐ
969 4516 1063 4570 xal
1106 4512 1375 4582 Ἰωσαφὰτ
1423 4512 1661 4583 βασιλεῖς

91 4615 355 4687 ἐκάθηντο
405 4614 495 4668 ἐπὶ
536 4612 643 4665 τῶν
691 4610 895 4682 θρόνων
945 4607 1123 4660 αὐτῶν
1174 4604 1386 4658 ἔνοπλοι
1418 4603 1512 4656 ἐπὶ
1542 4605 1662 4666 ταῖς

299 4664 649 4777 -έαμαρείας,
679 4664 772 4756 καὶ
804 4701 1004 4763 πάντες
1034 4699 1085 4751 οἱ
1113 4696 1390 4768 προφῆται
1422 4664 1661 4767 προεφήέ
1691 4664 1736 4724 D

89 4816 237 4854 τευον
272 4797 511 4854 ἐνώπιον
549 4794 749 4850 αὐτῶν.
783 4793 894 4847 Kal
925 4790 1181 4859 ἐποίησεν
1203 4786 1377 4857 ἑαυτῷ
1409 4787 1660 4850 Σεδεκίας

91 4893 196 4956 υίὸς
226 4891 454 4947 Χαναὰν
499 4889 706 4960 κέρατα
755 4885 966 4955 σιδηρᾶ,
1001 4882 1093 4935 xal
1137 4876 1273 4933 εἷπε·
1329 4877 1465 4930 Τάδε
1513 4875 1658 4944 λέγει

92 4983 309 5055 Κύριος·
349 4983 439 5034 Ἐν
468 4980 681 5042 τούτοις
714 4977 986 5049 κερατιεῖς
1031 4973 1131 5043 τὴν
1163 4971 1360 5042 Συρίαν
1394 4969 1497 5031 ἓως
1531 4984 1656 5020 συν-

88 5075 332 5145 τελεσθῇ.
362 5073 473 5126 Kal
499 5071 698 5133 πάντες
725 5070 774 5122 οἱ
802 5066 1074 5139 προφῆται
1098 5063 1466 5134 προεφήτευον
1494 5058 1670 5124 οὓτω,-

88 5163 356 5233 λέγοντες·
408 5162 693 5216 Ἀνάϐαινε
741 5163 822 5224 εἰς
865 5156 1109 5229 Ῥεμμὰθ
1156 5154 1387 5216 Γαλαὰδ,
1418 5153 1512 5206 καὶ
1544 5153 1662 5206 εὐο-

87 5257 258 5323 δῶσει,
297 5259 392 5312 καὶ
425 5256 584 5310 δώσει
618 5254 820 5327 Κύριος
853 5255 932 5317 είς
962 5251 1153 5323 χεῖράς
1197 5267 1290 5302 σου
1315 5248 1404 5300 τὸν
1437 5246 1686 5315 βασιλέα·

89 5349 300 5421 Συρίας.
342 5351 449 5402 Kal
473 5351 501 5402 6
527 5347 774 5417 ἄγγελος,
798 5347 826 5398 ὁ
852 5344 1137 5416 πορευθεὶς
1163 5340 1384 5395 καλέσαι
1415 5339 1506 5391 τὸν
1534 5355 1663 5408 προ-

89 5443 536 5513 φήτηνΜιχαίαν,
553 5441 811 5511 ἐλάλησεν
843 5437 992 5509 αὐτῷ
1023 5437 1216 5506 λέγων·
1260 5433 1392 5486 Ἰδοὺ
1425 5432 1488 5502 δὴ
1523 5431 1670 5484 πάν-ί

87 5550 170 5599 τες
212 5538 263 5589 ot
315 5535 592 5607 προφῆται
623 5537 682 5588 ὲν
714 5533 941 5604 στόματι
985 5531 1067 5584 ὲνὶ
1110 5527 1330 5582 λαλοῦσι
1357 5522 1497 5578 καλὰ
1531 5525 1658 5596 περὶ

143 5719 168 5745 ο
196 5712 327 5768 Ose.
359 5729 471 5773 xw,
503 5712 552 5768 7.
614 5723 639 5764 P
669 5711 865 5768 Ezech.
896 5729 950 5776 χ,
976 5712 1028 5768 1.
1105 5721 1132 5760 ιι
1169 5710 1313 5766 Psal.
1346 5726 1491 5771 XLIV,
1521 5711 1574 5764 9.

88 5793 112 5820 ιι
139 5780 281 5836 Psal.
343 5799 512 5847 txvu,
543 5784 628 5838 18.
728 5793 756 5822 ν
785 5783 946 5839 Hebr.
985 5799 1024 5845 ι,
1050 5782 1100 5836 8.

89 5850 277 5908 δΡείιι.
341 5869 559 5910 uxxw.
586 5855 638 5908 6.
748 5865 770 5893 ο
811 5852 955 5909 Psal.
981 5868 1089 5918 cxx,
1117 5853 1170 5907 4.
1247 5851 1273 5894 ἀ
1309 5850 1438 5906 Gen.
1473 5867 1523 5913 ν,
1554 5849 1641 5904 29.

1652 5725 1671 5747 τ
1700 5707 1746 5764 ll
1796 5705 1931 5776 Reg.
1967 5720 2104 5764 xxn.
2135 5705 2225 5761 45.

1180 5795 1204 5822 ι
1239 5783 1365 5834 Luc.
1396 5799 1461 5835 xv
1559 5789 1586 5828 γ
1616 5778 1762 5834 Psal.
1812 5791 2019 5836 Limn,
2051 5776 2140 5831 65.

1722 5858 1744 5884 ε
1767 5846 1880 5902 Jos.
1911 5863 2066 5910 mu,
2101 5846 2188 5903 15.
2270 5845 2289 5884 τ
2323 5845 2456 5901 Gen.
2495 5861 2666 5912 xxvii,
2695 5845 2782 5901 29.
2864 5849 2889 5887 3
2922 5847 3058 5904 Gen.
3091 5864 3238 5914 xsvn,
3267 5851 3316 5905 4.

1762 3412 2040 3482 accepisse
2075 3431 2088 3466 :
2125 3413 2269 3482 quod
2301 3428 2473 3483 genus
2496 3412 2627 3467 illud
2655 3421 2762 3475 est,
2791 3421 2853 3466 ut
2883 3429 3055 3482 pauca
3084 3429 3116 3469 e
3147 3415 3336 3472 multis

1761 3503 2075 3574 depromam
2111 3523 2122 3556 :
2157 3503 2311 3567 illud,
2339 3506 2580 3574 inquam,
2609 3505 2754 3574 quod
2777 3503 2947 3560 Jacob
2974 3506 3179 3562 dictum
3199 3514 3287 3562 est
3317 3525 3333 3564 τ

1763 3595 1895 3649 Esto
1943 3594 2191 3649 dominus
2223 3596 2410 3664 fratris
2459 3597 2536 3649 tui
2565 3595 2607 3649 τ.
2646 3595 2851 3668 thua:
2877 3596 2946 3652 de
2976 3613 3337 3668 permansura

1762 3703 1862 3743 nec
1893 3687 2271 3758 interpolanda
2321 3689 2672 3744 successione
2704 3688 2772 3743 ad
2820 3704 3049 3759 regnum
3106 3689 3334 3745 seminis

1761 3778 1932 3833 David
1964 3778 2222 3848 praedicta
2263 3786 2440 3833 erant.
2488 3777 2643 3832 Talia
2700 3778 2889 3848 utique
2920 3780 3201 3849 propalam
3247 3788 3336 3837 est

1761 3874 1882 3944 ipso
1909 3873 2058 3928 exitu
2112 3872 2533 3942 haudquaquam
2581 3873 2931 3942 respondisse
2957 3874 3328 3942 promissioni.

1761 3967 2029 4022 Caeterum
2079 3967 2196 4020 haec
2252 3963 2480 4031 eadem,
2535 3964 2584 4020 si
2639 3965 2880 4034 penitius
2938 3967 3332 4036 contemplere,

1763 4057 1911 4113 nulla
1955 4071 2185 4126 prorsus
2230 4056 2591 4110 frustratione
2619 4056 2923 4110 eluserunt.
2955 4054 3050 4110 llla
3085 4057 3231 4111 enim
3263 4055 3334 4110 ab

1759 4148 1928 4204 Iacob
1968 4148 2107 4203 facta
2138 4149 2432 4220 promissio
2459 4164 2525 4203 eo
2556 4149 2774 4218 impleta
2796 4148 3060 4212 creditur,
3093 4149 3239 4218 quod
3268 4148 3330 4209 ii,

1761 4243 1854 4312 qui
1883 4257 1947 4297 ex
1983 4242 2103 4312 ejus
2142 4242 2350 4296 semine
2395 4241 2647 4311 prognati
2689 4247 2838 4304 sunt,
2872 4241 3222 4296 invaluerunt
3253 4241 3343 4296 di-‘

1759 4334 1910 4389 tione
1962 4353 1974 4388 :
2015 4342 2068 4388 et
2112 4349 2205 4400 per
2231 4343 2538 4403 respectum
2601 4332 2668 4386 ad
2717 4332 3000 4387 Christum
3062 4333 3334 4402 completa

1762 4425 2002 4480 fuerunt.
2056 4424 2138 4478 Ad
2200 4425 2346 4478 hunc
2405 4439 2626 4480 sensum
2689 4424 3052 4493 intelligendas
3104 4423 3336 4478 veniunt
3412 4417 3418 4423 ’

1760 4515 2072 4570 Abrahamo
2122 4515 2258 4584 patri
2333 4515 2494 4569 dicta;
2546 4513 2940 4584 promissiones
2991 4515 3058 4569 de
3113 4528 3335 4585 posses-

1763 4608 1916 4663 sione
1943 4614 2103 4661 terrm
2123 4605 2522 4670 Chananitidis,
2540 4613 2594 4659 et
2619 4605 2858 4675 gentium
2883 4607 3264 4664 benedictione
3283 4611 3338 4669 ε.-

1765 4700 1885 4755 Jam
1931 4717 2053 4771 qua:
2103 4699 2170 4753 ad
2229 4698 2401 4753 David
2458 4698 2622 4753 modo
2653 4698 3011 4769 repromissio
3043 4700 3186 4756 facta
3218 4710 3330 4767 est;

1765 4793 1908 4848 haud
1936 4794 2159 4849 dubium
2189 4793 2320 4862 quin
2361 4791 2428 4846 ad
2468 4791 2747 4846 Christum
2780 4792 3062 4847 referenda
3101 4794 3192 4848 sit.
3221 4792 3334 4849 Nec

1763 4884 2128 4947 dissimiliter,
2152 4899 2273 4953 quae
2296 4884 2348 4937 in
2374 4883 2604 4939 Psalmis
2649 4883 2717 4937 de
2761 4882 3052 4938 Salomone
3092 4884 3201 4939 dici
3251 4885 3336 4939 vi-

1764 4974 1963 5028 dentur
2009 4983 2262 5029 tantum:
2294 4975 2428 5028 nihil
2473 4976 2768 5029 obscurum
2812 4984 2894 5030 est
2929 4975 2982 5029 in
3028 4977 3148 5046 ipso
3180 4991 3333 5030 com-

1765 5067 1906 5136 pleta
1939 5081 2061 5121 esse
2104 5061 2348 5120 Christo.
2399 5065 2714 5121 Istiusmodi
2775 5065 2943 5136 igitur
2989 5069 3332 5122 enarrativas

1764 5157 2181 5213 distributiones
2209 5158 2485 5211 diversum
2534 5156 2666 5226 quid
2721 5156 2799 5212 in-
2829 5158 3064 5227 speciem
3105 5173 3216 5226 prae
3269 5173 3332 5213 se

1763 5251 2021 5316 ferentes,
2079 5249 2292 5304 vocavit
2339 5247 2694 5320 multiformia
2751 5250 3089 5320 sophismata
3144 5267 3174 5302 ε’
3218 5265 3330 5305 non

1763 5343 1908 5413 quod
1938 5340 2283 5397 frustratoria
2313 5342 2784 5410 argumentatione
2813 5343 3094 5398 veritatem
3140 5344 3329 5399 elude-

1762 5441 1905 5496 rent,
1940 5432 2121 5488 verius
2155 5431 2283 5502 quia
2312 5430 2367 5484 id
2387 5430 2724 5500 explicarent
2756 5430 3052 5500 sapienter,
3077 5432 3224 5502 quod
3269 5434 3326 5487 in

1761 5524 1952 5596 primis
1981 5523 2294 5578 vertebatur
2321 5522 2380 5576 in
2407 5523 2783 5592 quazstionem.
2826 5520 3094 5578 Praeterea
3136 5524 3324 5595 gigan-

2302 5716 2323 5744 ο
2357 5704 2503 5771 Psal.
2544 5721 2671 5765 ιη,
2707 5705 2792 5759 {0.
2877 5706 2893 5742 ι
2927 5704 3128 5761 Hahae.
3157 5724 3237 5771 ιιι,
3266 5711 3319 5766 3.

2221 5785 2242 5811 ι
2282 5770 2421 5830 Psal.
2456 5792 2610 5835 mn.
2642 5775 2731 5829 23.
2812 5789 2836 5816 ιι
2873 5774 3031 5830 Num.
3061 5794 3194 5837 χιιι.
3227 5779 3317 5836 ‘22.
