3882 6550
537 314 647 370 ζΒἸ

1299 310 1644 369 APPENDIX
1684 311 1778 367 AD
1817 309 2047 368 OPERA
2080 309 2119 368 S
2169 310 2465 370 DIONYSII
2494 311 2978 370 AREOPAGITIE.

3639 315 3780 376 188

535 432 866 488 tomachiant
897 431 1041 485 illam
1075 432 1350 500 turrisque
1376 431 1548 485 multo
1574 431 1942 486 celeberrima:
1973 432 2088 486 sub

2206 429 2298 483 τοῦ
2322 428 2604 500 βασιλέως·
2640 436 2799 499 γενού
2827 431 2920 485 καὶ
2953 430 3017 482 σὺ
3043 430 3123 494 είς
3154 425 3344 500 λόγους
3369 448 3463 485 σου
3490 431 3633 487 κατά
3662 437 3784 500 τοὺς

536 529 914 591 structionem,
945 532 1004 579 ut
1033 526 1085 578 in
1105 524 1301 580 Genesi
1320 525 1369 587 ιι,
1395 523 1612 580 abunde
1642 524 1905 589 refertur;
1931 511 2106 593 neque

537 635 646 674 non
677 619 937 672 adversus
983 615 1206 672 Achaab
1254 618 1452 672 initum
1500 616 1814 678 consilium,
1849 616 1992 672 sicut
2050 617 2104 669 in

537 713 698 767 tertio
718 725 933 780 quoque
959 708 1302 780 Regnorumi
1329 710 1576 764 invenire
1601 717 1715 774 est;
1745 725 1854 778 quo
1885 709 2102 778 quidem

538 805 655 858 loco
682 801 865 855 divina
889 799 1127 869 explicat
1169 798 1477 869 Scriptura,
1526 816 1636 870 quo
1664 806 1821 870 pacto
1842 798 2106 870 Josaphat

533 895 694 965 277
723 909 848 948 cum
877 892 1067 947 Achab
1089 908 1213 962 rege
1246 891 1412 947 Israel
1443 892 1780 947 convenerit.
1810 890 1980 947 Porro
2011 909 2103 948 rex

531 985 698 1042 Israel
745 984 887 1039 dixit
929 985 1040 1053 regi
1089 982 1229 1038 Juda
1257 1003 1270 1038 :
1299 983 1356 1039 Si
1403 984 1669 1039 ascendes
1715 983 2000 1038 nobiscum
2047 984 2101 1038 in

528 1079 729 1134 bellum
762 1078 819 1132 in
851 1077 1176 1133 Rhemmatli
1202 1075 1408 1132 Galaad
1429 1075 1768 1146 ?Ilespondit
1796 1073 2059 1147 Josaphat
2086 1097 2097 1131 :

529 1171 685 1227 Sicut
733 1187 865 1242 ego,
919 1171 996 1225 ita
1045 1177 1100 1225 et
1145 1179 1201 1225 tu
1230 1175 1325 1224 :ut
1378 1168 1612 1238 populus
1651 1183 1824 1230 meus,
1867 1169 2102 1236 populus

526 1274 654 1321 tuus
681 1285 693 1319 :
725 1274 784 1320 ut
811 1265 936 1335 equi
973 1265 1114 1329 mei,
1144 1264 1268 1333 equi
1311 1263 1413 1316 lui.
1457 1260 1667 1330 Adjecit
1701 1275 1917 1330 quoque
1945 1260 2100 1316 Josa-

526 1360 678 1428 pbat,
702 1358 818 1428 regi
844 1342 1222 1412 Israeldicens
1249 1353 1640 1424 :Iuterrogate,
1665 1354 1915 1416 obsecro,
1941 1352 2101 1409 hodie

525 1451 834 1506 Dominum.
861 1449 926 1503 Et
952 1448 1300 1518 congregavit
1331 1463 1426 1502 rex
1452 1445 1617 1502 Israel
1645 1461 1837 1502 ornnes
1869 1449 2097 1517 pr0phe-

523 1551 608 1598 tas
633 1543 791 1612 quasi
822 1542 1269 1612 quadringentos.
1333 1539 1396 1592 Et
1443 1539 1582 1593 dixit
1617 1555 1709 1593 rex
1762 1540 1930 1594 Israel
1973 1554 2100 1609 pro-_

523 1636 702 1706 phetis
728 1653 741 1688 :
767 1634 824 1689 Si
859 1633 1175 1704 proficiscar
1205 1633 1257 1685 in
1292 1631 1617 1686 Rbemmath
1647 1630 1852 1685 Galaad
1887 1631 1952 1686 ad
1987 1632 2101 1685 bel~

523 1729 768 1792 landum,
784 1744 854 1782 an
873 1743 954 1780 me
971 1727 1227 1781 contineo
1241 1726 1264 1778 ‘?
1279 1725 1342 1779 Et
1361 1726 1763 1795 responderunt
1784 1745 1795 1779 :
1817 1723 2095 1791 Ascende;

520 1821 659 1875 dans
679 1821 821 1874 enim
865 1818 1014 1874 dabit
1056 1833 1175 1872 eam
1208 1816 1471 1872 Dominus
1505 1818 1559 1871 in
1601 1833 1798 1873 manus
1830 1818 1992 1888 regis.
2025 1817 2091 1872 Et
2123 1812 2162 1865 Β

520 1913 656 1967 dixit
675 1911 936 1981 Josapbat
963 1910 1028 1963 ad
1057 1909 1284 1962 Acbaab
1305 1928 1318 1964 :
1340 1907 1458 1964 Non
1480 1917 1566 1963 est
1595 1909 1684 1962 hic
1711 1909 1972 1979 propheta
1997 1909 2095 1963 ali-

519 2022 644 2076 quis
687 2003 920 2064 Domini,
963 2013 1021 2058 ut
1049 2005 1452 2073 interrogemus
1483 2002 1772 2058 Dominum
1807 2019 1904 2073 per
1931 2005 2096 2059 eum?

518 2098 586 2153 Et
629 2099 914 2170 respondit
964 2114 1060 2152 rex
1110 2097 1277 2153 Israel
1324 2097 1392 2149 ad
1445 2096 1708 2166 Josaphat
1740 2116 1754 2152 :
1789 2096 1983 2150 Adhuc
2011 2097 2095 2150 vir

518 2209 662 2248 unus
709 2201 812 2255 est,
846 2209 942 2263 per
986 2207 1145 2260 quem
1193 2192 1531 2260 interrogare
1575 2205 1871 2260 possumus
1909 2189 2094 2246 Domi-

514 2299 678 2342 num:
721 2283 816 2338 sed
859 2299 961 2351 ego
1005 2283 1093 2335 odi
1143 2298 1291 2343 eum,
1338 2282 1467 2352 quia
1510 2299 1616 2337 non
1669 2283 1910 2352 loquitur
1959 2283 2090 2336 mihi

515 2374 678 2436 bona,
721 2375 817 2430 sed
849 2374 1014 2433 mala,
1060 2371 1319 2427 Miclimas
1367 2372 1510 2428 lilius
1557 2371 1824 2427 Jemblaa.
1863 2372 1927 2427 Et
1955 2373 2093 2428 dixit

511 2465 776 2534 .Iosaphat
798 2482 892 2520 rex
921 2464 1060 2518 Juda
1091 2485 1104 2519 :
1135 2464 1211 2518 Ne
1241 2465 1486 2535 loquaris
1516 2465 1614 2529 ita,
1648 2481 1764 2519 rex.
1792 2464 1856 2518 Et
1878 2465 2093 2518 vocavit

515 2572 608 2611 rex
648 2555 814 2610 Israel
853 2555 1167 2635 eunuchum
1214 2572 1404 2618 unum,
1443 2564 1497 2612 et
1527 2556 1704 2610 dixit:
1732 2555 1988 2610 Actutum
2022 2555 2090 2610 ad

515 2666 602 2704 me
633 2650 812 2704 accito
857 2649 1138 2705 Micbzeam
1187 2649 1352 2704 lilium
1385 2647 1648 2704 Jemblaa.
1685 2646 1751 2700 Et
1787 2647 2008 2702 Achaab
2036 2656 2090 2702 et

513 2742 778 2813 .Iosaphat
809 2759 965 2812 reges
994 2743 1259 2798 sedebant
1289 2742 1344 2796 in
1374 2741 1528 2796 soliis
1560 2741 1676 2796 suis
1713 2741 1906 2794 armati
1931 2741 2087 2811 juxta

513 2842 701 2904 portas
749 2833 1029 2896 Samaria,
1061 2843 1114 2889 et
1139 2849 1330 2889 omnes
1374 2833 1450 2886 illi
1480 2832 1759 2902 propheta:
1800 2833 2089 2903 propheta-

513 2929 645 2984 bant
693 2944 878 2983 coram
919 2929 1032 2995 eis;
1079 2921 1455 2997 fecitquoque
1495 2926 1600 2982 sibi
1645 2924 1900 2981 Sedecias
1943 2924 2086 2980 Illius

513 3017 775 3073 Chanaan
793 3034 999 3073 cornua
1021 3017 1217 3081 ferrea,
1235 3026 1287 3072 et
1308 3018 1474 3072 dixit:
1499 3015 1624 3072 Ilaec
1639 3015 1772 3071 dicit
1794 3015 2084 3073 Dominus:

2207 524 2396 592 λόγους
2446 524 2565 587 ἑνὸς
2609 523 2835 588 τούτων,
2883 524 2979 578 καὶ
3026 523 3255 593 λάλησον
3307 524 3468 578 καλά.
3505 526 3618 578 Kal
3666 522 3782 580 εἶπε

2206 615 2462 686 Μιχαίαςο
2499 619 2572 687 Ζῇ
2607 617 2830 688 Κύριος,
2853 617 2882 670 ὃ
2919 634 2972 668 τι
3005 615 3072 669 ἂν
3103 615 3230 687 εἴπῃ
3275 617 3480 689 Κύριος
3511 618 3649 690 πρὸς
3695 621 3780 691 μὲ,

2205 708 2360 762 τοῦτο
2391 707 2624 780 λαλήσω.
2673 709 2783 762 Kal
2813 706 2950 781 ἦλθε
2979 709 3219 781 Μιχαίας
3252 709 3388 780 πρὸς
3415 711 3508 764 τὸν
3541 710 3780 781 βασιλέα.

2205 802 2314 855 Kal
2345 797 2496 854 εἶπεν
2525 803 2553 854 ὁ
2582 801 2834 872 βασιλεὺς
2865 801 3013 872 αύτῷ
3035 819 3047 832 ’
3107 803 3340 872 Μιχαία,
3391 805 3439 856 εί
3488 804 3675 857 ἀναϐῶ
3706 806 3783 870 εἱς

2219 893 2465 965 Ῥεμμάθ
2500 894 2711 948 Γαλαὰδ
2741 897 2821 959 είς
2847 895 3100 966 πόλεμον,
3131 895 3164 967 ἢ
3199 896 3436 966 ὲπισχῶ;
3467 897 3580 948 Kal
3613 893 3782 950 εἶπεν·

2205 987 2506 1051 ’Δνάϐαινε,
2533 987 2627 1041 καὶ
2659 988 2910 1042 εύοδώσει
2939 988 3142 1061 Κύριος
3174 987 3252 1052 είς
3284 977 3472 1060 χεῖρας
3504 988 3602 1041 τοῦ
3638 987 3784 1058 βασι-

2202 1078 2355 1143 λέως.
2395 1080 2505 1134 Kal
2543 1075 2698 1134 εἶπεν
2730 1081 2880 1152 αὐτῷ
2908 1084 2936 1135 ὁ
2967 1081 3236 1153 βασιλεύςο
3276 1081 3518 1144 Ποσάκις
3551 1080 3662 1150 ἐγὼ
3689 1085 3780 1154 ὀρ-

2203 1173 2338 1237 κίζω
2366 1190 2424 1226 σε
2455 1173 2602 1236 ὅπως
2627 1173 2866 1248 λαλήσῃς
2899 1173 3036 1244 πρὸς
3074 1173 3142 1244 μὲ
3177 1172 3432 1244 ἀλήθειαν
3466 1175 3524 1227 ἐν
3563 1173 3781 1244 ὀνόματι

2203 1265 2448 1336 Κυρίου;
2483 1264 2593 1319 Kal
2640 1262 2761 1319 εἷπε
2807 1265 3068 1337 Μιχαίας·
3121 1267 3232 1337 Οὐχ
3273 1266 3469 1331 οὕτως.
3533 1266 3781 1340 Ἑώρακα

2205 1357 2382 1410 πάντα
2417 1355 2511 1410 τὸν
2556 1357 2777 1430 Ἰσραὴλ
2817 1357 3214 1430 διεσπαρμένον
3247 1361 3303 1412 ὲν
3334 1363 3446 1424 τοῖς
3495 1361 3678 1432 ὄρεσιν
3706 1361 3780 1425 ὡς

2203 1449 2475 1521 ποίμνιον,
2509 1443 2554 1518 ᾧ
2585 1450 2686 1505 οὐκ
2730 1451 2846 1505 ἐστι
2881 1453 3104 1522 ποιμήν.
3146 1451 3256 1505 Kal
3290 1446 3413 1505 εἷπε
3445 1453 3670 1524 Κύριος
3705 1455 3776 1506 Οὐ

2200 1543 2404 1614 Κύριος
2433 1543 2640 1608 τούτοις
2682 1546 2762 1609 εἰς
2794 1545 2958 1610 Θεόν;
2993 1545 3402 1617 Ἀναστρεφέτω
3439 1545 3671 1608 ἕκαστος
3703 1547 3777 1609 είς

2199 1636 2291 1688 τὸν
2335 1632 2482 1691 οἷκον
2517 1636 2682 1690 αὑτοῦ
2723 1639 2781 1691 ὲν
2813 1638 3024 1710 εἰρήνῃ.
3061 1636 3171 1689 Kal
3203 1632 3352 1690 εἶπεν
3402 1637 3612 1708 Ἀχαάϐ
3647 1638 3776 1709 πρὸς

2203 1727 2489 1798 Ἰωσαφάτο
2514 1731 2627 1783 Οὐκ
2639 1724 2765 1782 εἶπα
2780 1729 2916 1800 πρὸς
2949 1728 3032 1794 σὲ,
3063 1729 3122 1781 ού
3156 1728 3486 1800 προφητεύει
3515 1725 3669 1792 οὗτός
3692 1747 3776 1799 μοι

2193 1821 2352 1886 καλὰ,
2385 1822 2514 1876 διότι
2547 1821 2712 1894 ἀλλ’ἢ
2745 1820 2916 1886 κακά;
2950 1821 3060 1874 Kal
3099 1815 3218 1873 εἶπε
3252 1821 3510 1891 Μιχαίας·
3550 1821 3663 1892 Οὐχ
3685 1821 3775 1874 οὖ-

2194 1933 2322 1980 τως,
2369 1916 2469 1969 οὐκ
2509 1915 2638 1984 ἐγώ.
2697 1915 2896 1968 Ἀκουε
2949 1913 3100 1986 ῥῆμα
3140 1915 3363 1985 Κυρίουο
3414 1915 3527 1984 Ούχ
3581 1913 3770 1978 οὕτως.

2195 2004 2348 2061 Εἶδον
2391 2007 2595 2080 Κύριον
2641 2006 2772 2060 Θεὸν
2820 2005 3039 2078 Ἰσραὴλ
3080 2005 3386 2077 καθήμενον
3437 2006 3533 2059 ἐπὶ
3583 2005 3771 2078 θρόνου

2195 2099 2390 2163 αὐτοῦ,
2427 2101 2519 2154 καὶ
2569 2100 2720 2153 πᾶσα
2766 2099 2798 2169 ἡ
2843 2096 3069 2168 στρατιά
3110 2097 3204 2150 τοῦ
3251 2095 3482 2169 ούρανοῦ
3529 2097 3772 2168 εἱστήκει

2195 2194 2324 2266 περὶ
2343 2192 2505 2247 αὐτὸν
2538 2194 2604 2245 ἐκ
2628 2190 2818 2256 δεξιῶν
2847 2189 3010 2244 αὑτοῦ
3045 2191 3138 2244 καὶ
3170 2189 3228 2256 ἐξ
3257 2189 3553 2259 εὐωνύμων
3585 2189 3770 2243 αὑτοῦ.

2193 2287 2302 2340 Kal
2334 2282 2453 2339 εἶπε
2489 2284 2711 2355 Κύριος·
2742 2284 2838 2346 Τίς
2879 2283 3147 2353 ἀπατήσει
3186 2281 3277 2334 τὸν
3311 2280 3518 2351 Ἀχαάὁ
3550 2281 3772 2351 βασιλέα

2193 2377 2431 2450 Ἰσραὴλ,
2467 2377 2560 2431 καὶ
2593 2375 2946 2446 ἀναϐήσεται,
2980 2374 3074 2427 καὶ
3106 2374 3354 2426 πεσεῖται
3390 2373 3474 2436 εἰς
3523 2372 3770 2444 Ῥεμμάθ

2193 2469 2436 2534 Γαλαάδ;
2457 2470 2568 2523 Kal
2602 2463 2752 2520 εἶπεν
2785 2461 2938 2532 οὗτος
2971 2465 3135 2529 οὕτω,
3159 2465 3251 2518 καὶ⁵
3281 2460 3436 2528 οὗτος
3463 2463 3630 2517 οὕτω.
3668 2465 3774 2517 Kal

2192 2561 2383 2632 ἐξῆλθε
2408 2560 2650 2632 πνεῦμα,
2681 2559 2774 2612 καὶ
2803 2557 2932 2629 ἔστη
2959 2557 3187 2612 ἐνώπιον
3210 2555 3438 2627 Κυρίου,
3472 2557 3569 2610 καὶ
3597 2551 3766 2608 εἶπεν⁹

2191 2655 2334 2724 Ἐγὼ
2363 2656 2630 2726 ἀπατήσω
2661 2653 2842 2708 αὐτόν,
2890 2653 3000 2706 Kal
3033 2647 3152 2705 εἷπε
3185 2649 3323 2721 πρὸς
3363 2649 3496 2702 αὐτὸ
3545 2648 3767 2720 Κύριος-

2191 2751 2281 2803 Ἐν
2303 2750 2437 2808 τίνι;
2471 2748 2582 2801 Kal
2610 2743 2780 2800 εἶπεν·
2817 2744 3197 2814 Ἐξελεύσομαι
3221 2743 3313 2797 καὶ
3340 2740 3536 2812 ἔσομαι
3558 2740 3772 2810 πνεῦμα

2188 2839 2381 2912 ψευδὲς
2404 2843 2460 2895 ὲν
2489 2838 2713 2910 στόματι
2741 2838 2956 2891 πάντων
2983 2835 3093 2890 τῶν
3121 2833 3413 2906 προφητῶν
3443 2832 3634 2887 αὑτοῦ.
3668 2833 3773 2885 Καὶ

2189 2931 2359 2988 εἶπεν
2377 2934 2720 3005 Ἀπατήσεις,
2742 2931 2833 2986 καί
2851 2948 2913 3000 γε
2934 2929 3159 3001 δυνήσῃ,
3181 2926 3382 2992 έξελθε,
3400 2927 3496 2980 καὶ
3549 2925 3772 2996 ποίησον

2187 3025 2348 3081 οὕτω.
2382 3024 2494 3080 Kal
2525 3023 2619 3078 νῦν
2655 3024 2763 3078 ἰδοὺ
2795 3024 2958 3077 1ἔδωκε
2989 3019 3192 3092 Κύριος
3225 3017 3445 3089 πνεῦμα
3486 3018 3681 3088 ψευδὲς
3714 3019 3772 3069 ὲν

515 3111 611 3165 llis
652 3110 914 3165 cornibus
943 3111 1233 3164 ventilabis
1283 3108 1518 3180 Syriam,
1554 3123 1843 3178 usquequo
1876 3122 2076 3162 consu-

749 3198 809 3217 η.
1088 3214 1175 3217 ημ
1207 3200 1238 3217 ,.
1398 3197 1791 3217 __7,‘.A._L-_.
1833 3197 1894 3217 Α
1940 3197 2082 3217 ιημ

2190 3119 2418 3190 στόματι
2468 3117 2682 3171 πάντων
2729 3116 2838 3170 τῶν
2885 3112 3178 3186 προφητῶν
3230 3129 3323 3164 σου
3375 3108 3606 3164 τούτων.
3661 3108 3773 3162 Kal

517 3207 715 3254 metur.
749 3198 815 3252 Et
848 3215 1040 3253 omnes
1087 3200 1363 3269 prOphetae
1397 3197 1791 3267 prophetabant
1830 3197 1897 3250 ad
1940 3197 2086 3252 hunc

2190 3211 2392 3285 Κύριος
2423 3210 2684 3281 ἐλάλησεν
2716 3209 2809 3262 ἐπὶ
2844 3206 2902 3260 σὲ
2932 3204 3096 3259 κακά.
3145 3203 3254 3257 Kal
3287 3200 3564 3272 προσῆλθε
3615 3200 3771 3253 Σεδε-

515 3290 758 3354 modum,
793 3288 1038 3343 dicentes
1081 3307 1095 3342 :
1136 3288 1384 3344 Ascende
1418 3289 1472 3343 in
1496 3286 1824 3342 Rhcmmath
1857 3286 2083 3354 Galaad,

517 3397 838 3452 prosperum
870 3382 1015 3436 enim
1059 3381 1166 3435 erit
1210 3382 1314 3435 iter
1347 3388 1611 3442 tuum,,ct
1640 3380 1790 3434 dabit
1824 3379 2084 3436 Dominus

513 3475 568 3528 in
598 3490 795 3529 manus
838 3481 964 3530 tuas
1000 3490 1182 3544 regem
1227 3472 1417 3545 Syriae.
1452 3473 1516 3527 Et
1555 3473 1784 3529 nuntius
1819 3474 1911 3544 qui
1953 3473 2088 3529 ierat

514 3567 581 3621 ad
613 3567 918 3621 vocandum
955 3567 1274 3637 prophetam
1318 3565 1618 3627 Michaeam,
1654 3565 1870 3620 locutus
1897 3570 1982 3621 est
2018 3564 2086 3619 ad

513 3675 636 3713 eum
669 3660 858 3715 dicens
884 3680 897 3714 :
927 3658 1064 3714 Ecce
1087 3673 1278 3714 omnes
1306 3659 1580 3728 propheta‘
1606 3673 1716 3712 uno
1738 3673 1832 3713 ore
1855 3659 2084 3729 loquun-

514 3759 607 3806 tur
637 3752 781 3807 bona
809 3766 996 3806 coram
1028 3766 1172 3820 rege.
1211 3749 1344 3805 Esto
1381 3759 1435 3804 et
1462 3761 1519 3805 tu
1551 3765 1767 3820 quoque
1791 3750 1845 3803 in
1879 3765 2089 3806 sermo-

516 3845 679 3900 nibus
724 3845 835 3900 tuis
879 3842 1178 3899 secundum
1222 3857 1503 3897 sermones
1544 3841 1708 3897 unius
1749 3841 2002 3904 istorum,
2032 3848 2086 3896 et

515 3937 657 3993 bona
697 3937 987 4008 eloquitor.
1021 3935 1085 3989 Et
1110 3935 1249 3989 dixit
1291 3934 1542 3990 Miclueas
1569 3955 1582 3991 :
1605 3934 1752 3989 Vivit
1784 3933 2082 3996 Dominus;

511 4031 641 4101 quia
689 4030 1054 4101 quodcunque
1101 4027 1304 4083 dixerit
1351 4029 1483 4083 mihi
1534 4027 1817 4090 Dominus,
1860 4027 1964 4082 hoc
2006 4027 2086 4081 lo-

511 4139 670 4193 quar.
702 4123 767 4177 Et
809 4123 956 4178 venit
989 4121 1242 4176 Michzcas
1272 4120 1337 4174 ad
1378 4137 1580 4191 regem,
1609 4128 1665 4175 et
1697 4119 1833 4175 dixit
1865 4118 1913 4173 ei
1944 4133 2038 4173 rex
2066 4136 2080 4173 :

516 4215 759 4279 Michaea,
795 4215 839 4268 si
873 4213 1164 4270 ascendam
1199 4214 1252 4266 in
1285 4211 1606 4266 Rhemmath
1634 4210 1836 4265 Galaad
1865 4209 1932 4264 ad
1969 4210 2080 4265 bel-

512 4309 830 4371 landum,an
849 4307 1165 4378 quiescam?
1186 4305 1249 4359 Et
1273 4305 1579 4376 respondit:
1600 4303 1864 4369 Ascende,
1882 4311 1936 4357 et
1955 4317 2086 4373 pro-

509 4418 670 4473 spere
693 4401 844 4455 dabit
874 4401 1141 4454 Dominus
1173 4414 1292 4455 eam
1326 4398 1382 4452 in
1412 4413 1608 4453 manus
1637 4397 1803 4468 regis.
1857 4395 1920 4450 Et
1946 4394 2084 4451 dixit

2190 3304 2315 3368 κίας
2343 3305 2458 3368 υίὸς
2489 3301 2732 3363 Χαναὰν,
2759 3301 2856 3354 καὶ
2888 3295 3128 3361 ἐπάταξε
3155 3295 3245 3348 τὸν
3275 3292 3522 3363 Μιχαίαν
3551 3292 3647 3346 ἐπὶ
3672 3291 3771 3362 τὴν

2190 3398 2434 3467 σιαγόνα,
2475 3398 2568 3452 καὶ
2596 3391 2735 3448 εἷπε·
2768 3393 2926 3446 Ποῖον
2953 3387 3170 3459 πνεῦμα
3196 3386 3257 3440 τὸ
3281 3385 3530 3455 λαλῆσαν
3559 3385 3618 3437 ὲν
3648 3383 3729 3436 σοί
3753 3398 3769 3446 ;

2186 3494 2296 3545 Kal
2329 3487 2449 3564 εἷπε
2478 3489 2738 3561 Μιχαίας·
2771 3485 2902 3539 Ἰδοὺ
2931 3483 2993 3536 σὺ
3019 3481 3139 3551 ὄψει
3173 3481 3230 3533 ὲν
3258 3481 3324 3550 τῇ
3348 3477 3536 3550 ἡμέρᾳ
3564 3475 3766 3548 ἐκείνῃ,

2184 3587 2313 3640 ὅταν
2361 3583 2609 3656 εἰσέλθῃς
2645 3583 2726 3644 εἰς
2759 3580 2819 3632 τὸ
2862 3579 3085 3648 ταμεῖον
3127 3571 3221 3627 τοῦ
3268 3572 3499 3642 ταμείου
3533 3588 3634 3630 σου
3672 3567 3770 3621 τοῦ

2185 3679 2472 3750 κρυϐῆναι.
2506 3675 2614 3729 Kal
2643 3669 2794 3726 εἶπεν
2836 3668 3062 3739 Ἀχιιάίὸ⁸
3094 3663 3236 3718 Λάϐε
3267 3663 3359 3716 τὸν
3386 3662 3646 3732 Μιχαίαν,
3679 3659 3772 3712 καὶ

2185 3768 2562 3841 ἀποστρέψατε
2593 3764 2756 3819 αὐτὸν
2784 3763 2920 3834 πρὸς
2944 3759 3127 3830 Ἀμὼν
3151 3759 3243 3812 τὸν
3275 3757 3518 3827 ἄρχοντα
3544 3754 3643 3824 τῆς
3674 3751 3773 3804 πό-

2185 3863 2340 3925 λεως,
2377 3861 2470 3914 τοῦ
2503 3859 2690 3912 θέσθαι
2721 3855 2910 3910 τοῦτον
2955 3856 3012 3907 ὲν
3051 3850 3282 3920 φυλακῇ,
3310 3849 3405 3902 xal
3449 3846 3651 3901 ἐσθίειν
3679 3845 3773 3897 αὑ-

2184 3956 2276 4009 τὸν
2312 3956 2476 4026 ἄρτον
2507 3950 2757 4020 θλίψεως,
2792 3948 2885 4002 καὶ
2918 3945 3060 4014 ὕδωρ
3094 3942 3345 4011 θλίψεως,
3380 3941 3488 4002 ἕως
3514 3938 3607 3992 τοῦ
3652 3940 3772 3990 ὲπι-

2186 4042 2414 4115 στρέψαι
2448 4056 2512 4110 με
2542 4041 2599 4092 ὲν
2632 4037 2840 4108 εἰρήνῃ.
2874 4035 2984 4088 Kal
3013 4029 3131 4085 εἷπε
3152 4031 3395 4100 Μιχαίας
3423 4029 3502 4099 τῷ
3536 4026 3767 4098 βασιλεῖ·

2184 4135 2312 4189 Ἐἀν
2347 4131 2690 4203 ἐπιστρέφων
2711 4125 3043 4213 ἐπέστρέψῃς
3067 4125 3124 4177 έν
3155 4123 3376 4194 εἰρήνῃ,
3409 4121 3510 4174 ούκ
3542 4119 3768 4213 ἐλάλησε

2184 4229 2388 4298 Κύριος
2414 4227 2474 4278 ὲν
2503 4222 2644 4294 ὲμοί.
2676 4207 3075 4288 Καῗάνέϐησαν
3097 4216 3147 4268 oi
3172 4213 3265 4266 δύο
3295 4212 3540 4282 βασιλεῖς
3561 4207 3768 4280 ’Δχαάϐ

2183 4321 2277 4375 καὶ
2308 4316 2578 4386 Ἰωσαφὰτ
2613 4316 2692 4377 εἰς
2736 4309 2981 4383 Ῥεμμάθ
3014 4306 3245 4362 Γαλαὰδ.
3297 4307 3409 4358 Kal
3455 4300 3574 4356 εἷπε
3614 4301 3770 4372 βασι-

2181 4415 2306 4478 λεὺς
2338 4409 2556 4484 Ἰσραὴλ
2588 4408 2726 4480 πρὸς
2755 4403 3024 4474 Ἰωσαφὰτ
3060 4399 3284 4472 βασιλέα
3325 4396 3520 4450 Ἰούδα·
3561 4395 3770 4462 Συγκα-

506 4495 557 4548 εί
601 4510 696 4548 ι’θι
728 4493 993 4560 τριιοῑίθε
1041 4509 1140 4563 θεο
1192 4491 1386 4560 adiuro
1433 4499 1515 4552 ιθο
1564 4498 1620 4544 ιη
1664 4489 1908 4559 ιοίιυθνῑε
1949 4487 2080 4542 mihi
2117 4502 2159 4556 D
2184 4505 2349 4575 λυψὸν
2387 4521 2475 4575 με,
2511 4502 2606 4555 καὶ
2638 4497 3014 4568 εἰσελεύσομαι
3051 4495 3130 4557 εἰς
3160 4492 3252 4545 τὸν
3280 4490 3540 4560 πόλεμον,
3576 4488 3670 4540 καὶ
3704 4489 3767 4539 σὺ

506 4585 655 4655 quod
688 4601 875 4640 verum
900 4593 1006 4652 est,
1033 4585 1196 4656 idque
1227 4584 1283 4637 in
1317 4581 1540 4637 nomine
1568 4580 1818 4634 Domini?
1849 4579 1915 4634 Et
1943 4579 2082 4634 dixit

511 4677 802 4733 Michaaas:
831 4677 947 4732 Non
993 4677 1092 4732 sic.
1130 4675 1255 4729 Vidi
1285 4683 1541 4730 cunctum
1569 4672 1737 4726 Israel
1769 4673 2078 4741 dispersum

509 4771 566 4824 in
599 4771 878 4825 montibus
907 4769 1062 4840 quasi
1103 4768 1286 4821 ovium
1337 4779 1577 4836 gregem,
1603 4764 1692 4818 cui
1735 4780 1842 4818 non
1870 4773 1952 4819 est
1982 4779 2080 4834 pa—

508 4871 649 4918 stor.
693 4862 759 4916 Et
808 4862 946 4916 dixit
993 4861 1260 4916 Dominus
1286 4879 1300 4914 :
1324 4859 1463 4912 Num
1494 4859 1759 4912 Dominus
1794 4858 1879 4912 his
1905 4864 1990 4912 est
2021 4858 2076 4911 iu

511 4954 718 5008 Deum?
752 4952 1073 5008 Revertatur
1098 4952 1477 5021 unusquisque
1503 4949 1557 5003 in
1587 4950 1806 5003 domum
1837 4963 1993 5003 suam
2024 4949 2080 5002 iu

511 5059 663 5118 pace.
684 5046 900 5102 Etdixit
922 5045 1143 5100 Achaab
1170 5045 1236 5099 ad
1269 5042 1532 5113 Josapbat
1559 5061 1572 5096 :
1600 5040 1791 5095 Nonne
1812 5039 1926 5095 dixi
1956 5039 2074 5101 tibi,

506 5141 639 5212 quia
666 5155 776 5196 non
803 5139 1090 5210 prophetat
1112 5137 1245 5191 mihi
1273 5137 1376 5191 iste
1393 5137 1556 5198 bona,
1577 5134 1672 5191 sed
1701 5133 1882 5205 potius
1903 5132 2081 5188 mala?

507 5235 574 5290 Et
603 5233 803 5303 adjecit
834 5231 1087 5286 Micbzeas
1112 5249 1124 5284 :
1153 5229 1270 5283 Non
1303 5229 1404 5292 sic,
1437 5243 1545 5282 non
1587 5242 1706 5298 ego.
1738 5226 1905 5297 278
1937 5223 2078 5278 Audi

510 5328 730 5383 verbum
788 5321 1182 5379 DominizNon
1239 5321 1341 5377 sic.
1399 5320 1524 5374 Vidi
1571 5318 1859 5373 Dominum
1906 5315 2074 5371 Deum

508 5423 674 5479 Israel
704 5421 981 5477 sedentem
1007 5435 1172 5489 super
1205 5421 1399 5475 solium
1425 5434 1584 5474 suum
1609 5436 1623 5482 ;
1646 5426 1699 5472 et
1721 5417 1901 5472 omnis
1933 5415 2079 5469 mili-

507 5517 582 5569 tia
614 5515 738 5570 ca-li
776 5519 1004 5568 steterat
1033 5514 1089 5567 in
1137 5511 1374 5566 circuitu
1423 5509 1620 5578 ipsius,
1661 5524 1690 5562 a
1724 5507 1932 5562 dextris
1960 5515 2016 5560 et
2043 5521 2074 5559 a

507 5613 767 5668 sinistris.
821 5612 886 5664 Et
932 5611 1069 5665 dixit
1097 5611 1396 5665 Dominus:
1423 5608 1559 5674 Quis
1588 5605 1821 5676 decipiet
1854 5603 2074 5660 Achaab

621 5771 646 5811 δ
674 5769 806 5838 Cap.
840 5785 917 5822 χι.
1001 5782 1014 5809 ι
1051 5768 1184 5836 Cap.
1223 5781 1329 5823 xvr.

2181 4599 2394 4652 ἔνδυσαι
2428 4596 2517 4650 τὸν
2553 4590 2842 4665 ἱματισμόν
2879 4606 2998 4660 μου.
3035 4587 3144 4640 Kal
3177 4581 3586 4651 συνεκαλύψατο
3611 4580 3640 4630 ὁ
3672 4578 3770 4646 βα-

2183 4691 2362 4753 σιλεὺς
2395 4686 2632 4758 Ἰσραὴλ,
2667 4684 2762 4738 καὶ
2803 4679 3050 4751 εἰσῆλθεν
3096 4681 3174 4740 είς
3206 4676 3299 4729 τὸν
3349 4675 3601 4744 πόλεμον.
3655 4669 3770 4722 Καὶ

2178 4785 2208 4837 ὁ
2236 4783 2488 4853 βασιλεὺς
2513 4778 2713 4850 Συρίας
2735 4775 3038 4829 ἐνετείλατο
3062 4775 3176 4835 τοῖς
3199 4770 3427 4842 ἄρχουσι
3457 4768 3564 4820 τῶν
3592 4763 3772 4836 ἁρμά-

2177 4893 2286 4928 των
2313 4871 2476 4928 αύτοῦ
2509 4870 2804 4941 τριάκοντα
2841 4868 2934 4920 καὶ
2961 4865 3073 4926 δύο,
3100 4863 3294 4932 λέγων·
3337 4861 3433 4931 Μὴ
3477 4859 3768 4928 πολεμεῖτε

2183 4965 2376 5037 μικρὸν
2405 4965 2498 5017 καὶ
2531 4961 2724 5032 μέγαν,
2754 4957 2920 5028 ἀλλ’ἢ
2949 4957 3039 5010 τὸν
3073 4954 3296 5026 βασιλέα
3326 4950 3550 5024 Ἰσραὴλ
3588 4946 3774 5020 μονώ-

2181 5073 2360 5110 τατον.
2403 5055 2510 5109 Kal
2548 5054 2762 5121 ἐγένετο
2791 5051 2865 5113 ὼς
2904 5045 3039 5102 εἶδον
3067 5048 3115 5102 οἱ
3151 5047 3410 5118 ἄρχοντες
3440 5043 3550 5097 τῶν
3580 5039 3771 5110 ἁρμά-

2180 5165 2288 5201 των
2317 5144 2586 5213 Ἰωσαφὰτ
2619 5141 2837 5214 βασιλέα
2867 5139 3058 5203 Ἰούδα,
3093 5140 3185 5191 καὶ
3229 5138 3382 5190 αὐτοὶ
3417 5131 3582 5188 εἷπον·
3631 5131 3773 5185 Φαί-

2178 5255 2326 5291 νεται
2357 5236 2607 5307 βασιλεὺς
2651 5218 2890 5305 Ἰσραὴλ
2912 5227 3084 5294 οὗτος,
3117 5230 3210 5283 καὶ
3246 5227 3561 5282 ἐκύκλωσαν
3590 5222 3771 5277 αὐτὸν

2181 5329 2504 5399 πολεμῆσαι,
2555 5327 2649 5380 καὶ
2701 5323 2997 5395 ἀνέκραξεν
3044 5320 3333 5390 Ἰωσαφάτ.
3387 5320 3498 5373 Kal
3538 5315 3774 5383 ἐγένετο

2177 5420 2253 5482 ὡς
2302 5416 2439 5472 εἶδον
2479 5419 2528 5471 οἱ
2577 5417 2836 5488 ἄρχοντες
2881 5413 2988 5467 τῶν
3029 5413 3317 5484 ἁρμάτων,
3353 5413 3439 5465 ὅτι
3488 5411 3583 5464 οὐκ
3643 5408 3770 5469 ἔστι

2180 5509 2432 5579 βασιλεὺς
2479 5507 2695 5580 Ἰσραὴλ
2727 5502 2900 5570 οὗτος,
2934 5507 3026 5559 καὶ
3067 5504 3421 5576 ἀπέστρεψαν
3452 5498 3768 5556 ἀπἀὒτοῦ.

2178 5603 2287 5656 Kal
2336 5601 2594 5657 ἐνέτεινεν
2631 5597 2711 5664 εἷς
2754 5599 2813 5653 τὸ
2854 5597 3006 5665 τόξον
3050 5597 3338 5668 εὐστόχως,
3376 5597 3470 5651 καὶ
3512 5591 3769 5656 ἐπάταξε
