3882 6548
176 372 272 427 ιεεδ

927 367 1374 426 ΡΑΕΗῩΜΕΒᾹΞ
1415 368 1903 424 PARAPI-IRASIS
1942 369 2009 424 IN
2047 369 2197 427 EPP.
2243 371 2298 427 S.
2344 371 2504 428 DION
2519 375 2666 432 YSII.

3290 399 3302 413 '
3335 386 3442 442 I90

174 488 256 539 τὸν
303 484 540 556 βασιλέα
590 487 808 560 Ἰσραὴλ
841 486 943 541 ἀνά
979 488 1140 558 μέσον
1184 487 1279 541 τοῦ
1327 487 1624 559 πνεύμονος
1669 491 1745 542 κα¹

1863 504 2047 559 regem
2101 488 2302 556 Israel,
2345 503 2408 546 ιιι
2449 495 2711 549 ascendat
2739 503 2794 550 et
2823 497 2985 552 cadat
3018 499 3076 554 in
3115 500 3441 558 Rhemmath

175 577 268 630 ἀνά
301 578 472 648 μέσον
505 579 607 633 τοῦ
651 578 915 651 Θώρακος,
951 580 1046 632 καὶ
1077 575 1199 633 εἶπε
1232 578 1311 650 τῷ
1345 581 1547 652 ἡνιόχῳ
1572 580 1757 636 αὐτοῦ·

187 670 543 742 Ἐπίστρεψον
577 670 682 734 τὰς
716 671 902 743 χεῖράς
927 689 1042 736 σου,
1076 672 1171 725 καὶ
1205 671 1439 740 ἐξάγαγέ
1475 690 1541 743 με
1574 675 1638 726 ἐκ
1668 672 1762 726 τοῦ

175 763 426 834 πολέμου,
462 765 550 817 ὅτι
585 765 884 836 τέτρωμαι.
920 763 1031 817 Kal.
1063 762 1346 836 ἐτροπώθη
1379 767 1408 818 6
1441 765 1674 836 πόλεμος
1705 766 1762 817 ἐν

172 860 230 927 τῇ
267 857 456 929 ἡμέρᾳ
501 858 712 930 ἐκείνῃ.
763 858 874 912 Καὶ
904 859 932 910 6
966 856 1222 927 βασιλεὺς
1262 853 1331 929 ἦν
1382 857 1628 929 έστηκὼς
1669 859 1762 912 ἐπὶ

172 950 257 1002 τοῦ
292 950 546 1022 ἅρματος
582 949 642 1014 ἐξ
675 950 918 1013 ἐναντίας
951 949 1151 1020 Συρίας
1176 949 1285 1002 ἀπὸ
1307 948 1450 1020 πρωῒ
1471 950 1576 1014 ἕως
1602 950 1764 1004 ἐσπέ-

175 1060 285 1114 pag,
321 1043 418 1096 καὶ
453 1042 700 1112 ἀπέχυνε
742 1042 802 1095 τὸ
846 1038 984 1111 αἷμα
1015 1040 1122 1095 ἀπὸ
1153 1041 1254 1111 τῆς
1298 1039 1514 1113 πληγῆς
1548 1043 1628 1105 είς
1669 1042 1761 1096 τὸν

171 1137 362 1189 κόλπον
404 1135 504 1189 τοῦ
554 1136 822 1207 ἅρματος,
859 1137 954 1188 καὶ
987 1134 1254 1188 ἀπέθανεν
1299 1134 1555 1206 ἑσπέρας.
1592 1135 1703 1188 Καὶ
1733 1136 1763 1188 6

173 1229 554 1302 στρατοκῆρυξ
607 1230 734 1303 ἔστη
779 1235 838 1285 ἐν
878 1233 945 1302 τῇ
995 1227 1336 1300 παρεμϐολῇ,
1370 1227 1614 1291 δύνοντος
1665 1227 1760 1281 τοῦ

171 1325 336 1395 ἡλίου,
351 1324 551 1392 λέγων·
575 1325 841 1390 Ἕκαστος
861 1327 940 1388 είς
958 1323 1056 1395 τὴν
1073 1322 1262 1376 ἐαυτοῦ
1282 1321 1434 1374 πόλιν
1453 1321 1546 1375 καὶ
1564 1323 1644 1386 είς
1661 1323 1761 1394 τὴν

169 1417 358 1470 ἑαυτοῦ
393 1417 502 1487 γῆν
538 1420 854 1490 στραφήτω,
883 1418 964 1470 ὅτι
993 1417 1254 1489 τέθνηκεν
1279 1417 1308 1469 6
1340 1415 1611 1487 βασιλεύς.
1650 1416 1761 1469 Καὶ

169 1510 364 1580 ἔθαψαν
383 1509 478 1563 τὸν
499 1509 727 1579 βασιλέα
749 1513 804 1564 ἐν
824 1510 1127 1582 Σαμαρείᾳ,
1141 1511 1236 1563 καὶ
1253 1510 1520 1580 ἀπενίψαν
1537 1511 1596 1564 τὸ
1617 1505 1756 1582 αἷμα

1866 578 2109 634 Galaad?
2137 580 2205 634 Et
2233 597 2376 637 unus
2399 584 2596 655 aliquis
2625 586 2764 641 dixit
2791 610 2801 643 :
2831 588 2922 644 Sic
2951 599 3006 645 et
3037 591 3155 657 sic;
3183 603 3238 648 et
3267 595 3438 652 alter:

1868 670 1960 728 Sic
1987 682 2042 728 et
2075 674 2177 730 sic.
2209 674 2277 729 Et
2297 691 2556 747 egressus
2593 689 2677 735 est
2710 681 2959 751 spiritus,
2985 691 3039 738 et
3066 687 3215 741 stetit
3253 702 3441 742 coram

1864 764 2127 832 Domino,
2177 774 2233 824 et
2270 769 2522 841 aitzEgo
2574 773 2843 844 decipiam
2889 791 3037 833 eum.
3094 777 3349 850 Dixitque
3391 781 3440 836 ei

1864 861 2129 920 Dominus
2155 884 2168 919 :
2193 866 2254 920 In
2297 868 2448 936 quo?
2478 867 2542 922 Et
2573 871 2856 939 respondit
2894 889 2909 926 :
2945 871 3227 942 Egrediar,
3259 881 3315 930 et
3345 891 3443 931 ero

1863 955 2092 1023 spiritus
2127 957 2359 1012 mendax
2391 959 2446 1014 in
2479 974 2572 1016 ore
2603 963 2844 1017 omnium
2876 965 3264 1034 prophetarum
3295 967 3438 1036 ejus.

1863 1045 1930 1101 Et
1973 1047 2114 1102 dixit
2163 1048 2756 1124 Dominus:Decipies,
2797 1063 2853 1112 et
2901 1066 3050 1114 certe
3093 1061 3439 1129 prmvalebis.

1863 1138 2153 1211 Egredere,
2185 1150 2240 1198 et
2269 1142 2356 1198 fac
2395 1144 2492 1200 ita.
2527 1144 2594 1199 Et
2621 1163 2770 1202 nunc
2816 1164 2944 1206 ecce
2981 1149 3131 1206 dedit
3176 1150 3441 1210 Dominus

1863 1233 2113 1301 spiritum
2138 1236 2408 1290 mendacii
2434 1237 2488 1291 in
2513 1252 2609 1294 ore
2634 1239 2879 1295 omnium
2901 1243 3288 1313 prophetarum
3313 1253 3442 1302 tuo-

1863 1339 1985 1378 rum
2019 1325 2270 1383 istorum.
2308 1326 2415 1385 Sed
2445 1337 2498 1384 et
2522 1331 2788 1388 Dominus
2811 1334 3027 1392 locutus
3053 1344 3138 1393 est
3167 1347 3359 1394 contra
3387 1347 3442 1394 te

1862 1418 2024 1473 mala.
2060 1417 2308 1474 Accessit
2351 1432 2534 1477 autem
2585 1421 2844 1481 Sedecias
2878 1425 3024 1482 Illius
3071 1427 3355 1497 Chanaan,
3385 1439 3442 1486 et

1859 1510 2134 1580 percussit
2167 1510 2445 1567 Michaaam
2477 1514 2534 1568 in
2562 1515 2861 1581 maxillam,
2887 1527 2942 1574 et
2975 1519 3113 1574 dixit
3139 1520 3306 1587 :Quis
3329 1525 3442 1593 spi-

167 1603 251 1655 ἐπὶ
275 1603 372 1674 τὴν
403 1603 618 1674 κρήνην
634 1603 966 1674 Σαμαρείας·
992 1603 1086 1655 καὶ
1101 1602 1374 1670 ἐξέλειξαν
1404 1604 1458 1656 αἱ
1485 1601 1578 1666 ὗες
1595 1604 1687 1656 καὶ
1709 1607 1745 1657 oi

1859 1601 2001 1656 ritus
2029 1602 2134 1657 hoc
2163 1604 2380 1660 locutus
2409 1614 2493 1661 est
2522 1607 2578 1661 in
2619 1609 2706 1663 te?
2733 1618 2786 1664 et
2831 1612 3115 1681 respondit
3143 1613 3395 1671 Michazas
3421 1634 3436 1671 :

164 1694 322 1758 κύνες
344 1695 406 1748 τὸ
436 1689 598 1766 αἷμα·
625 1697 717 1748 καί
745 1696 801 1748 αἱ
829 1695 1022 1766 πόρναι
1047 1694 1334 1748 ἐλούσαντο
1353 1698 1411 1749 ἐν
1446 1695 1524 1766 τῷ
1543 1697 1745 1767 αἵματι.

1860 1691 2002 1749 Ecce
2041 1702 2100 1749 tu
2139 1695 2348 1753 videbis
2394 1698 2450 1751 in
2487 1697 2576 1753 die
2616 1699 2730 1764 illa,
2761 1703 2982 1770 quando
3028 1703 3352 1776 ingrcdieris
3382 1705 3440 1761 in

164 1785 300 1839 κατά
331 1785 393 1837 τὸ
431 1785 589 1857 ῥῆμα
618 1785 842 1856 Κυρίου,
871 1785 898 1837 ὃ
926 1784 1178 1855 ἐλάλησε.
1215 1786 1324 1839 Καὶ
1354 1785 1526 1838 ταῦτα
1557 1785 1656 1856 μὲν
1688 1787 1745 1840 τέ

1863 1787 2334 1844 abstrusissimum
2369 1790 2503 1845 illud
2539 1799 2694 1846 tuum
2727 1794 3063 1862 cubiculum,
3103 1805 3165 1852 ut
3204 1799 3442 1854 abscon-

161 1879 257 1949 τῆς
289 1841 524 1946 ἀπάτῆξ
541 1876 636 1930 τοῦ
683 1841 906 1947 ’Ᾰχαάᾱ
936 1841 1249 1948 Σημείωσαι
1283 1877 1340 1930 δέ
1371 1878 1466 1930 καὶ
1499 1841 1628 1950 περὶ
1658 1879 1745 1933 τοῦ

1855 1841 2035 1934 dans.
2059 1841 2157 1933 Et
2179 1841 2333 1935 ius?
2359 1841 3165 1942 Aci;b'§7r';uiie"iﬁ;5i.;;,;'
3181 1841 3442 1956 b335,";

166 1971 440 2041 ’ᾼσματος
475 1969 900 2040 τῶν’ᾁσμάτων,
935 1964 1142 2032 οὗτινος
1172 1968 1321 2038 λέγει
1345 1969 1444 2033 τὰς
1473 1971 1745 2043 ἐταιρικάς

1855 1973 2110 2028 abducite
2139 1989 2264 2028 eum
2298 1975 2367 2030 ad
2395 1972 2573 2029 Amon
2597 1977 2901 2048 principem
2934 1979 3211 2049 civitatis;
3247 1990 3306 2036 ut
3334 1998 3441 2052 po-

162 2063 556 2126 πολυπαθείας,
608 2061 707 2126 τὰς
756 2062 1160 2134 προαγωγείας,
1196 2062 1265 2116 τὰ
1313 2063 1611 2134 φιλήματα,
1658 2066 1745 2118 καὶ

1855 2073 1949 2119 nat
1974 2065 2121 2120 hunc
2142 2067 2196 2120 in
2222 2082 2464 2132 carcere,
2491 2075 2544 2123 et
2573 2077 2841 2126 sustentet
2865 2086 2989 2127 eum
3015 2088 3155 2143 pane
3175 2077 3442 2146 angustiae
3534 2148 3536 2150 ν

158 2155 221 2208 τὰ
248 2155 432 2220 λοιπὰ,
456 2155 528 2209 δι’
549 2153 586 2208 ἀ
605 2154 670 2227 δὴ
705 2154 798 2207 και)⁹
818 2155 846 2206 6
863 2154 1246 2224 Μοψουεστίας
1275 2154 1550 2227 Θεόδωρος
1581 2157 1751 2228 ἀφρό-

157 2265 262 2312 νως
291 2248 351 2302 τὸ
387 2247 598 2318 βιϐλίον
645 2245 908 2300 διέϐαλλε·
958 2246 1053 2299 καὶ
1098 2247 1201 2299 ὅσα
1251 2245 1385 2300 ἄλλα
1435 2247 1750 2319 συνθήματα

156 2343 316 2394 οίονεὶ
333 2341 396 2394 σύ
407 2340 584 2412 μϐολα
602 2337 1028 2410 πεπληθυσμένα
1043 2339 1151 2391 τῶν
1166 2339 1375 2410 νοητῶν
1396 2341 1490 2393 καὶ
1511 2339 1746 2406 ἐνιαίων,

156 2435 248 2486 καὶ
283 2433 518 2505 μεριστά
551 2432 659 2484 τῶν
694 2432 1024 2504 ἀμερίστων.
1057 2429 1140 2484 Τὰ
1172 2430 1229 2483 δὲ
1260 2430 1504 2502 σύμϐολα
1538 2431 1749 2503 πεπλη-

157 2525 397 2596 θυαμένα
433 2525 572 2596 φησι
623 2525 758 2597 πρὸς
800 2525 861 2578 τὸ
908 2523 1105 2597 ἀληθὲς
1151 2526 1328 2578 ἐκεῖνο
1379 2525 1474 2578 καὶ
1525 2526 1741 2578 ἐνιαῖον·

157 2621 329 2671 ἐκεῖνο
360 2618 474 2688 γάρ
509 2617 567 2670 εἴ
583 2633 638 2670 τι
672 2617 738 2671 ἂν
777 2617 870 2670 καὶ
897 2612 953 2688 ᾖ,
989 2616 1188 2669 ἐνιαῖόν
1221 2619 1355 2670 ἐστι.
1404 2616 1486 2669 Τά
1517 2616 1573 2670 δὲ
1609 2616 1748 2687 σύμ-

156 2709 283 2763 ϐολα
312 2709 384 2764 τὰ
414 2708 686 2780 δηλοῦντα
719 2711 895 2763 ἐκεῖνο
927 2707 1306 2780 πληθύνονται·
1346 2708 1462 2778 ἅμα
1512 2709 1632 2780 μὲν,
1663 2710 1746 2762 ὅτι

154 2804 216 2858 δι’
238 2804 399 2858 ἄλλου
452 2804 550 2858 καὶ
583 2803 743 2858 ἄλλου
789 2802 1010 2873 δηλοῦσι
1053 2801 1115 2854 τὸ
1161 2800 1378 2871 ἀληθές·
1415 2799 1530 2871 ἅμα
1563 2801 1620 2854 δὲ
1653 2804 1748 2856 καὶ

155 2899 232 2951 ὅτι
253 2897 445 2972 πόρρω
463 2895 560 2950 τοῦ
585 2896 811 2959 ἐνιαίου,
833 2897 934 2949 ὃσα
954 2895 1018 2949 ἄν
1039 2911 1122 2958 τις
1143 2895 1236 2947 καὶ
1251 2893 1414 2958 εἴποι,
1438 2893 1586 2962 λέγει
1611 2893 1742 2966 (19).

153 2992 258 3045 Καὶ
303 2991 446 3064 πρὸς
498 2988 671 3044 πολλά
727 2989 824 3060 μέν
871 2988 940 3042 τά
982 2985 1326 3060 μορφώματα
1377 2987 1470 3041 καὶ
1515 2988 1566 3041 οί
1599 2986 1745 3057 λόγοι

157 3084 492 3156 μερίζονται,
530 3083 598 3135 δι’
623 3082 651 3135 ὃ
683 3082 740 3135 δὲ
773 3081 945 3134 ταῦτα
997 3081 1092 3135 καὶ
1144 3081 1474 3153 πράττονται
1524 3080 1618 3135 καὶ¹
1661 3081 1747 3136 λέ-

1852 2166 1906 2212 et
1940 2174 2081 2228 aqua
2117 2160 2514 2223 tribulationis,
2550 2162 2725 2217 donec
2771 2172 3021 2219 revertar
3062 2167 3117 2220 in
3163 2181 3319 2237 pace.
3372 2167 3442 2222 Et

1852 2249 1988 2304 dixit
2023 2248 2278 2305 Michaaas
2311 2253 2426 2322 regi
2457 2271 2470 2306 :
2499 2252 2554 2305 Si
2580 2261 2860 2308 revertens
2887 2258 3182 2314 reverteris
3201 2259 3256 2312 in
3279 2274 3435 2330 pace,

1851 2356 1960 2394 non
1988 2350 2072 2397 est
2097 2342 2151 2395 in
2180 2357 2266 2396 me
2288 2343 2504 2398 locutus
2528 2343 2813 2401 Dominus.
2847 2345 2914 2399 Et
2937 2351 3307 2406 ascenderunt
3327 2353 3436 2409 duo

1850 2447 2008 2502 reges
2039 2433 2227 2486 Achab
2259 2440 2312 2488 et
2353 2431 2616 2503 Josaphat
2643 2437 2699 2489 in
2735 2435 3063 2493 Rhemmath
3109 2439 3346 2507 Galaad;
3380 2451 3437 2496 et

1850 2523 1984 2579 dixit
2026 2541 2122 2580 rex
2174 2525 2342 2580 Israel
2384 2525 2452 2578 ad
2500 2523 2764 2597 Josaphat
2815 2542 2996 2600 regem
3047 2528 3188 2584 Iuda
3222 2550 3234 2586 :
3266 2527 3437 2586 Sume

1849 2615 1982 2669 mihi
2015 2630 2188 2679 arma,
2223 2624 2278 2670 et
2309 2616 2587 2687 ingrediar
2629 2617 2941 2684 bellum,.et
2983 2626 3040 2676 tu
3075 2620 3304 2676 induere
3338 2637 3434 2678 ve-

1849 2707 1982 2762 stitu
2022 2721 2163 2762 meo.
2201 2706 2268 2760 Et
2297 2707 2467 2762 armis
2503 2707 2728 2764 indutus
2769 2716 2854 2765 est
2893 2725 2990 2764 rex
3033 2709 3222 2776 Israel,
3251 2721 3307 2767 et
3347 2712 3436 2766 in-

1846 2811 2072 2866 gressus
2099 2804 2184 2852 est
2215 2797 2440 2852 bellum.
2491 2797 2558 2850 Et
2594 2813 2690 2853 rex
2721 2797 2894 2871 Syria:
2925 2802 3185 2871 praecepit
3226 2802 3434 2872 princi-

1847 2889 2010 2958 pibus
2036 2905 2299 2944 curruum
2331 2906 2558 2946 suorum
2599 2891 2817 2946 duobus
2846 2901 2901 2946 et
2929 2893 3154 2959 triginta
3197 2895 3428 2951 dicens:

1845 2981 1925 3038 Ne
1957 2983 2211 3053 pugnetis
2235 2991 2427 3038 contra
2454 2999 2683 3053 parvum
2709 2992 2764 3039 et
2792 2999 3074 3055 magnum,
3099 2986 3204 3040 nisi
3239 2997 3430 3042 contra

1845 3087 2030 3144 regem
2061 3073 2233 3128 Israel
2266 3075 2467 3130 solum.
2502 3073 2731 3130 Factum
2762 3082 2868 3140 est,
2901 3082 2960 3129 ut
2988 3077 3245 3132 viderunt
3277 3079 3431 3148 prino

152 3196 366 3248 γονται,
415 3177 621 3231 ἐνιαῖόν
672 3179 787 3230 ἐστι
833 3175 926 3228 καὶ
973 3174 1268 3246 ἀμέριστον
1314 3174 1453 3246 (20)·
1513 3175 1586 3246 μὴ
1635 3175 1745 3247 γάρ

1848 3165 2000 3235 cipes
2027 3181 2293 3221 curruum
2336 3165 2600 3237 .Iosaphat
2639 3182 2821 3238 regem
2853 3167 3015 3235 Iuda,
3050 3176 3105 3225 et
3133 3171 3244 3242 ipsi
3275 3171 3430 3228 dixe-

151 3270 626 3344 ὑπολαμϐάνωμεν
654 3269 726 3322 τὰ
769 3267 1067 3339 φαινόμενα
1099 3267 1269 3321 ταῦτα
1315 3267 1425 3322 τῶν
1461 3266 1744 3339 συνθημά-

149 3381 249 3422 των
279 3365 448 3418 οίονεὶ
482 3363 592 3417 τῶν
628 3360 970 3432 συμϐολικῶς
1003 3359 1302 3431 γινομένων
1330 3359 1744 3413 ἀναπεπλάσθαι

151 3458 282 3530 ὑπὲρ
333 3456 584 3521 ἑαυτῶν,
632 3455 908 3510 τουτέστιν
960 3454 1102 3524 ύπέρ
1157 3452 1250 3506 τοῦ
1289 3453 1459 3517 ὅντως
1505 3452 1743 3506 νοεῖσθαι

148 3551 274 3604 αὐτά
309 3550 449 3623 (21),
486 3550 567 3613 ὡς
615 3548 676 3602 τὸ
728 3546 1051 3618 φαινόμενον
1099 3544 1233 3614 ἔχει,
1268 3544 1361 3597 καὶ
1403 3543 1464 3597 τὸ
1509 3543 1744 3614 γράμμα

145 3644 306 3714 ψιλῶς
372 3640 746 3713 ὑπαγορεύει,
800 3639 934 3692 ἀλλὰ
987 3636 1379 3710 προϐάλλονται
1431 3634 1604 3688 ταῦτα
1651 3636 1744 3690 καὶ

149 3737 540 3808 προφαίνονται
583 3735 680 3806 τῆς
724 3733 1038 3804 ἀπορρήτου
1072 3733 1186 3794 τοῖς
1219 3729 1433 3793 πολλοῖς
1465 3729 1558 3783 καὶ
1591 3729 1743 3794 θείας

148 3833 476 3903 ἐπιστήμης.
527 3825 1005 3900 Περικαλύμματα
1038 3825 1146 3895 γάρ
1181 3825 1286 3878 εἰσι
1319 3824 1414 3878 καὶ
1441 3821 1600 3876 τύποι
1632 3823 1740 3877 τῶν

149 3924 458 3997 βαθυτέρων
506 3919 748 3992 νοήσεών
779 3936 837 3971 τε
874 3919 968 3972 καὶ
1009 3917 1350 3988 ύπολήψεων·
1397 3913 1602 3978 ταύτας
1631 3915 1742 3987 γὰρ

146 4019 329 4088 ὲπιστή
341 4033 477 4088 μην,
517 4013 673 4085 φησι,
709 4011 999 4084 δηλοῦντος
1034 4008 1128 4063 τοῦ
1161 4009 1345 4077 λόγου,
1374 4008 1450 4071 ὡς
1478 4006 1592 4059 ἐστι
1626 4006 1738 4080 (22)

144 4125 219 4173 τις
249 4109 460 4163 τούτων
499 4103 812 4178 ὑψηλοτέρα
852 4103 1154 4174 ἐπιστήμη,
1189 4100 1256 4172 ἦν
1287 4102 1315 4153 6
1356 4097 1741 4169 πνευματικῶς

147 4199 360 4272 θεωρῶν
396 4199 498 4253 καὶ
526 4197 597 4250 τά
628 4194 970 4266 πνευματικὰ
1005 4192 1314 4264 συγκρίνων
1349 4193 1740 4262 πνευματικῶς

145 4292 453 4354 ἐπίσταται,
503 4289 564 4342 ού
599 4287 778 4357 λόγοις
810 4287 1230 4348 ἀποδεικτικοῖς,
1267 4282 1403 4337 ἀλλά
1443 4299 1742 4352 πνευματι-

145 4388 273 4448 κοῖς.
301 4380 812 4455 Ἱερογραφὴθησαν
830 4379 885 4432 δὲ
905 4378 1046 4432 οὕτω
1067 4377 1156 4431 διά
1175 4377 1299 4439 τοὺς
1323 4374 1575 4438 ἀναξίους
1602 4374 1736 4445 (25),

148 4476 226 4530 ἵνα
259 4477 334 4549 μὴ
371 4471 837 4543 εὐκαταφρόνητα
867 4470 1068 4542 δοκοίη.
1108 4469 1218 4522 Καὶ
1250 4468 1336 4521 ἵνα
1380 4466 1607 4528 ἐκείνοις
1644 4465 1740 4536 μό-

1847 3270 1977 3314 runt
2006 3279 2018 3314 :
2045 3258 2284 3329 Apparet
2303 3260 2452 3331 quod
2483 3260 2571 3314 hic
2604 3261 2677 3316 sit
2699 3277 2794 3316 rex
2826 3260 3010 3318 Israel.
3048 3263 3114 3318 Et
3161 3265 3215 3319 in
3237 3265 3428 3320 orbem

1845 3352 2329 3410 circumdederunt
2362 3368 2510 3418 eum,
2536 3361 2596 3408 ut
2632 3363 2966 3424 pugnarent:
3007 3365 3064 3412 et
3103 3358 3430 3413 exclamavit

1845 3446 2112 3518 Josaphat
2141 3467 2154 3504 :
2203 3446 2428 3502 Factum
2460 3455 2566 3501 est.
2605 3444 2672 3501 Ut
2699 3447 2955 3503 viderunt
2997 3449 3275 3520 principes
3302 3465 3430 3505 cur-

1843 3556 1988 3607 rum,
2039 3543 2169 3612 quia
2202 3556 2312 3596 non
2345 3549 2492 3597 esset
2528 3542 2615 3597 hic
2641 3556 2738 3596 rex
2770 3541 2957 3606 Israel,
3000 3551 3054 3598 et
3085 3544 3429 3599 diverterunt

1841 3631 1911 3687 ab
1942 3647 2028 3687 eo.
2063 3630 2130 3685 Et
2159 3631 2394 3687 intendit
2436 3631 2816 3701 unus.aliquis
2847 3647 3032 3687 arcum
3067 3646 3216 3689 certa
3262 3634 3428 3690 desti-

1841 3726 2067 3780 natione
2099 3724 2427 3789 collineans,
2452 3733 2508 3779 et
2552 3727 2828 3794 percussit
2869 3740 3048 3795 regem
3080 3727 3250 3782 Israel
3285 3727 3428 3782 inter

1839 3817 2081 3873 medium
2113 3817 2391 3887 pulmonis
2419 3825 2474 3873 et
2501 3819 2760 3888 pectoris,
2789 3825 2844 3873 et
2875 3817 3012 3872 dixit
3052 3819 3256 3890 aurigae
3281 3836 3383 3876 suo
3407 3841 3423 3874 :

1838 3907 2108 3964 Converte
2147 3922 2346 3964 manus
2390 3917 2538 3973 tuas,
2574 3915 2629 3964 et
2673 3910 2815 3966 educ
2865 3924 2952 3964 me
2990 3909 3058 3964 de
3095 3909 3260 3975 bello,
3293 3913 3424 3981 quia

1837 4002 2156 4057 vulneratus
2192 4017 2336 4057 sum.
2385 4002 2450 4056 Et
2496 4017 2820 4059 conversum
2866 4010 2950 4058 est
2991 4003 3195 4058 bellum
3245 4005 3300 4058 in
3335 4005 3424 4059 die

1837 4093 1951 4148 illa.
1987 4093 2055 4148 Et
2085 4110 2180 4151 rex
2204 4095 2387 4151 stabat
2414 4096 2470 4150 in
2493 4111 2657 4151 curru
2686 4095 2950 4150 adversus
2972 4093 3185 4166 Syriam
3211 4110 3241 4149 a
3263 4112 3423 4151 mane

1836 4201 2013 4256 usque
2060 4187 2129 4242 ad
2174 4202 2482 4259 vesperam.
2535 4187 2602 4242 Et
2649 4186 3029 4243 eﬁ‘undehatur
3072 4189 3356 4257 sanguinis
3389 4202 3421 4243 a

1837 4278 1997 4348 plaga
2032 4278 2087 4333 in
2115 4279 2296 4334 sinum
2329 4294 2549 4354 currus,
2576 4287 2632 4334 et
2673 4285 2923 4334 mortuus
2957 4286 3041 4334 est
3071 4295 3318 4350 vespere.
3353 4279 3422 4336 Et

1837 4389 2016 4444 praeco
2039 4374 2296 4430 militaris
2319 4375 2468 4429 stetit
2488 4375 2541 4429 in
2567 4375 2788 4438 castris,
2811 4374 2925 4429 sole
2943 4373 3052 4444 jam
3079 4376 3417 4431 inoccasum

1837 4467 2160 4530 inclinante,
2193 4467 2387 4522 dicens
2413 4487 2427 4523 :
2456 4465 2848 4537 Unusquisque
2873 4466 3039 4537 2'79
3067 4468 3123 4521 in
3148 4483 3302 4522 suam
3338 4469 3419 4522 ci-

148 4584 248 4633 νοις
265 4565 764 4623 ἀνακαλύπτωνται
794 4565 907 4626 τοῖς
926 4561 1172 4626 τελείοις,
1195 4561 1290 4614 καὶ
1309 4561 1488 4612 πᾶσαν
1510 4558 1733 4629 ἀπρεπῆ

1846 4559 2061 4613 vitalem
2086 4566 2141 4614 et
2173 4559 2228 4612 in
2254 4572 2409 4613 suam
2435 4568 2635 4614 terram
2662 4564 2990 4623 revertatur,
3014 4559 3140 4629 quia
3168 4567 3419 4615 mortuus

146 4663 445 4730 φαντασίαν
495 4657 591 4712 ἐπὶ
639 4655 842 4710 τούτων
886 4651 1422 4724 ἀποσκευαζομένοις
1462 4648 1603 4720 (24),
1639 4649 1735 4702 καὶ

145 4756 380 4818 δυνατῶς
412 4753 602 4823 ἔχουσι
635 4747 927 4803 διαϐαίνειν
953 4746 1090 4817 πρὸς
1120 4744 1218 4816 τὴν
1253 4743 1531 4816 ἀλήθειαν,
1567 4743 1626 4794 ἐν
1655 4741 1734 4812 τῷ

147 4847 528 4920 παραθεωρεῖν
587 4841 682 4912 μὲν
728 4839 789 4893 τὸ
845 4839 954 4891 τῶν
1021 4835 1302 4907 συμϐόλων
1354 4835 1627 4896 ποικίλον,
1671 4832 1734 4886 τὸ

145 4941 338 4993 ἐνιαῖον
373 4939 433 4991 δὲ
469 4931 935 5003 καταλαμϐάνειν,
964 4930 1063 4982 οὐκ
1096 4931 1155 4981 ἐν
1185 4927 1458 4993 ἀποδείξει
1493 4927 1587 4979 καὶ
1613 4925 1730 4978 δια-

146 5034 364 5102 νοητικῇ
437 5025 721 5096 ἐπιστήμη
744 5064 758 5088 ,
808 5021 922 5077 ἀλλ’
947 5024 1003 5074 ἐν
1060 5020 1258 5083 ἁπλαῖς
1311 5018 1588 5081 ἐπιϐολαῖς
1635 5016 1730 5070 τοῦ

147 5125 260 5189 νοός
314 5122 453 5194 (25).
519 5117 728 5180 Ἀλλως
768 5133 826 5168 τε
880 5115 974 5169 καὶ
1011 5111 1205 5182 διπλῆ,
1244 5113 1428 5181 φησὶν,
1465 5111 1580 5163 ἐστὶ
1626 5110 1735 5162 τῶν

150 5215 416 5284 θεολόγων
441 5215 476 5283 ἡ
508 5209 819 5281 παράδοσις·
852 5208 886 5277 ἡ
924 5205 1020 5276 μὲν
1053 5203 1139 5257 διὰ
1166 5203 1467 5274 συμϐόλων,
1497 5205 1528 5274 ἡ
1565 5202 1621 5255 δέ
1646 5202 1734 5255 διὰ

147 5310 242 5380 τῆς
274 5306 514 5377 θεωρίας
559 5301 659 5372 τῆς
710 5298 960 5361 κτίσεως,
996 5299 1052 5348 ἐν
1098 5295 1174 5365 τῷ
1216 5294 1594 5348 κατανοεῖσθαι
1629 5294 1736 5346 ἀπὸ

149 5400 350 5468 ταύτης
383 5396 478 5448 τὸν
509 5389 901 5460 τελεσιουργόν.
943 5384 1127 5440 Εἰπὼν
1153 5385 1210 5438 δὲ
1240 5385 1339 5456 τὴν
1371 5385 1466 5454 μέν
1498 5384 1738 5455 ἀπόρρη-

151 5508 235 5545 τον
269 5491 367 5544 καὶ
407 5483 696 5559 μυστικὴν,
727 5480 1096 5550 ἐπεξηγεῖται,
1138 5477 1315 5531 καλῶν
1354 5474 1732 5544 συμϐολικὴν

154 5583 337 5654 αὐτὴν,
371 5579 472 5632 ἆτε
521 5574 608 5628 διὰ
655 5570 936 5641 συμϐόλων
971 5565 1522 5639 χρησμοδοτηθεῖσαν.
1573 5563 1734 5617 Ἀλλά

155 5679 241 5728 καὶ
273 5667 620 5738 τελεστικὴν,
652 5659 744 5729 ὡς’
767 5663 878 5726 τάςι
908 5659 1130 5722 τελετὰς
1167 5659 1274 5712 τῶν
1319 5657 1633 5728 μυστηρίων
1676 5661 1732 5711 ἐν

227 5833 252 5872 ⁸⁸
284 5830 326 5886 Il
355 5823 598 5891 Paralip.
628 5835 782 5882 xvut,
812 5835 904 5887 per
928 5823 1119 5871 totum.

479 5920 750 5977 PATBOL.
784 5916 898 5976 Gn.
935 5913 1035 5972 IV.

1841 4658 1924 4705 est
1951 4665 2067 4704 rex.
2105 4648 2173 4704 Et
2203 4649 2538 4720 sepelierunt
2559 4665 2742 4721 regem
2773 4651 2828 4704 in
2860 4647 3128 4714 Samaria,
3155 4659 3206 4704 et
3233 4651 3419 4706 ablue-

1839 4750 1970 4798 runt
2003 4743 2327 4813 sanguinem
2358 4742 2426 4796 ad
2459 4741 2662 4798 fontem
2700 4742 2987 4806 Samaria,
3025 4751 3081 4798 et
3108 4743 3417 4798 elinxerunt

1841 4847 1968 4893 sues
2007 4844 2061 4892 et
2096 4851 2262 4891 canes
2291 4836 2439 4890 hunc
2467 4825 2827 4907 sanguinem.
2862 4835 2969 4892 Sed
3007 4845 3061 4891 et
3100 4836 3414 4891 meretrices

1841 4929 2040 4983 abluta:
2076 4935 2205 4984 sunt
2247 4927 2515 4997 sanguine
2555 4928 2648 4982 illo
2683 4928 2839 4998 juxta
2889 4928 3114 4982 verbum
3163 4925 3411 4988 Domini,

1841 5019 1986 5090 quod
2012 5019 2228 5072 locutus
2256 5023 2340 5070 est
2370 5017 2419 5073 ιε.
2448 5017 2515 5068 Et
2547 5017 2660 5071 haec
2680 5018 2900 5087 quidem
2925 5017 3072 5072 dicta
3103 5017 3212 5071 sint
3239 5013 3413 5083 expli-

1835 5109 2022 5165 candae
2062 5111 2236 5179 gratia
2270 5108 2611 5177 deceptionis
2649 5109 2856 5164 Achab.
2905 5108 3044 5164 Nota
3093 5108 3318 5174 insuper
3356 5115 3412 5160 et

1835 5202 1903 5256 de
1929 5201 2159 5255 Cantico
2184 5201 2544 5262 canticorum,
2563 5199 2722 5268 cujus
2748 5199 2964 5270 quidem
2989 5196 3282 5252 amatorias
3307 5210 3410 5249 nec

1834 5306 2039 5363 paucas
2081 5291 2431 5354 all‘ectiones,
2476 5292 2598 5347 illas
2637 5291 2896 5345 nimirum
2944 5287 3405 5347 lenocinationes.

1837 5382 2317 5452 suaviationesque
2343 5383 2680 5447 osculorum,
2703 5391 2756 5438 et
2780 5383 2986 5450 reliqua
3017 5380 3070 5434 id
3095 5393 3266 5448 genus
3286 5392 3408 5446 qua:

1837 5471 2186 5529 Theodorum
2236 5482 2599 5544 cognomento
2643 5471 3031 5542 Mopsuestium
3080 5469 3403 5530 invitarunt.

1835 5573 1894 5620 ut
1931 5566 2110 5635 ipsum
2146 5566 2484 5620 canticorum
2521 5581 2658 5636 opus
2690 5563 2975 5618 calumniis
3007 5559 3400 5630 proscinderet.

1835 5654 1941 5712 Sed
1974 5662 2028 5710 et
2069 5669 2408 5726 quaecunque
2444 5656 2549 5710 alia
2591 5655 2744 5722 signa
2777 5654 2831 5706 in
2866 5653 3040 5707 sacris
3067 5660 3400 5715 occurrunt,

3010 5903 3083 5962 16
