3896 6540
507 352 602 406 491
639 365 646 372 ‘

1326 352 1670 408 APPENDIX
1709 351 1799 406 AD
1835 350 2063 407 OPERA
2106 351 2166 428 VS.
2209 347 2508 406 DlONYSII
2549 347 3018 406 AREOPAGITE

3667 346 3770 402 ὅθί

506 475 566 518 ιιι
595 474 732 541 sunt
749 469 995 541 symbola
1025 468 1458 541 intelligibilibus
1486 470 1898 542 individuisque
1919 472 2065 526 rebus

2189 469 2476 542 συμῦόλοις
2518 469 2917 542 παραδιδοῦσαν
2959 468 3047 522 διὰ
3079 469 3178 539 τῆς
3219 467 3505 540 ἱερατικῆς
3538 469 3764 540 παραῶ

506 561 876 632 praegnantia,
908 576 1094 632 quaeve
1128 577 1253 616 cum
1300 565 1503 634 partito
1546 563 1894 630 dividantur,
1928 564 2083 635 signa

505 654 708 724 alioqui
743 669 926 709 rerum
954 661 1082 710 sunt
1113 654 1548 724 impartibilium.
1582 654 1649 709 Et
1679 656 1794 711 haec
1831 671 1965 711 sane
1985 669 2084 710 vo-

502 753 589 798 cat
613 745 674 798 σύ
678 745 852 816 μὸολα
871 745 1310 816 πεπληθυσμένα,
1334 747 1490 818 signa
1513 747 1770 802 nimirum
1813 748 1869 802 in
1890 762 2083 802 nume-

499 853 679 891 rosam
728 830 1132 894 multitudinem
1165 839 1542 894 excrescentia
1576 840 1691 896 sive
1720 841 2083 910 multiplicata

495 929 562 983 ad
597 927 731 982 illud
771 930 917 999 quod
948 945 1138 984 verum
1172 938 1258 986 est
1287 938 1341 985 et
1370 930 1650 1002 singulare
1687 933 1910 987 collata.
1944 931 2079 986 Nam

496 1019 627 1074 illud
677 1021 724 1075 si
780 1020 910 1090 quid
959 1020 1146 1084 fuerit,
1193 1021 1384 1092 utique
1431 1022 1711 1092 singulare
1752 1029 1858 1077 est.
1906 1020 2082 1076 Porro

493 1113 648 1182 signa
684 1111 834 1168 illius
865 1112 1164 1182 singularis
1199 1122 1253 1166 et
1281 1111 1574 1167 individua;
1608 1113 1686 1168 rei
1715 1110 2080 1184 signiﬁcativa

495 1201 848 1258 innumerosa
900 1201 1274 1257 extenduntur
1331 1201 1721 1257 multitudine:
1784 1210 1900 1256 tum
1952 1203 2078 1272 qui-

493 1293 638 1358 dem,
671 1293 820 1364 quod
857 1309 955 1364 per
1002 1294 1155 1348 aliud
1182 1302 1238 1349 et
1279 1294 1426 1348 aliud
1477 1295 1758 1350 declarant
1786 1295 2079 1366 genuinam

492 1387 668 1456 ipsam
699 1385 984 1442 veritatem
1013 1406 1026 1442 :
1054 1396 1169 1461 tum
1199 1402 1329 1442 vero
1357 1389 1485 1459 quia
1516 1389 1732 1460 longius
1752 1390 1823 1444 ab
1846 1389 1942 1444 illo
1964 1389 2079 1444 sin-

491 1479 669 1549 gulari
703 1485 834 1533 sunt
863 1493 1206 1549 quaecunque
1235 1479 1438 1550 aliquis
1476 1480 1725 1551 symbola
1769 1479 1991 1545 dixerit,
2023 1488 2078 1534 et

494 1585 594 1641 pro
624 1571 972 1626 multitudine
1018 1569 1317 1625 formarum
1361 1570 1505 1643 (qua:
1535 1570 1646 1628 Deo
1679 1569 2074 1643 attribuuntur)

495 1679 781 1720 sermones
815 1663 979 1743 etiam
1014 1664 1119 1733 ipsi
1160 1663 1482 1718 dividuntur
1509 1663 1585 1736 (et
1615 1662 2097 1736 multiplicantur);

493 1755 624 1811 illud
649 1771 778 1812 vero
807 1756 1185 1827 propterquod
1216 1757 1331 1811 haec
1354 1766 1408 1812 et
1439 1759 1577 1812 liunt
1605 1763 1660 1812 et
1679 1757 1940 1811 dicuntur
1968 1755 2078 1812 sin-

490 1850 680 1918 gulare
704 1857 788 1904 est
817 1857 871 1904 et
906 1849 1269 1905 individuum.
1294 1849 1405 1904 Nec
1427 1851 1572 1904 enim
1604 1848 1935 1904 arbitremur
1960 1848 2075 1902 haec

489 1942 641 2011 signa
686 1942 965 2010 proposita
1007 1957 1192 1996 rerum
1233 1941 1533 2012 symbolice
1562 1940 1942 1996 exsistentium
1973 1955 2073 2010 pro

415 2047 421 2051 '
489 2049 550 2087 se
579 2033 715 2102 ipsis
745 2033 872 2087 ﬁcta
900 2048 1042 2096 esse,
1082 2032 1184 2087 hoc
1222 2039 1306 2087 est
1335 2039 1394 2086 ut
1420 2031 1501 2087 sic
1526 2032 1642 2102 ipsa
1665 2031 2069 2102 concipiantur,

488 2125 949 2196 quemadmodum
1006 2127 1223 2197 signum
1281 2126 1624 2196 propositum
1682 2126 1965 2189 continet,
2019 2134 2074 2180 et

490 2218 636 2272 nuda
666 2218 848 2274 littera
888 2219 1153 2283 insinuat,
1188 2219 1280 2274 sed
1316 2205 1743 2289 prmmittuntur,
1773 2218 2072 2288 praelucent

487 2309 772 2378 sapientia:
804 2309 968 2380 vulgo
1012 2309 1277 2364 indicibili
1331 2318 1387 2365 et
1434 2309 1652 2364 divinae.
1704 2307 1958 2364 Tectoria
1994 2309 2072 2363 si-

485 2399 706 2468 quidem
745 2407 876 2454 sunt
905 2399 1154 2470 quredam
1187 2409 1242 2456 et
1271 2400 1437 2456 rudes
1468 2398 1917 2455 adumbrationes
1944 2414 2072 2454 sen-

485 2507 647 2546 suum
665 2489 824 2561 longe
840 2491 1253 2560 profundiorum
1273 2505 1708 2561 arcanarumque
1725 2491 2066 2560 opinionum.

424 2571 426 2573 ’
488 2580 600 2635 llas
627 2581 776 2635 enim
809 2581 1094 2635 scientiam
1127 2581 1262 2636 dicit
1295 2597 1550 2638 sermone
1579 2583 1893 2638 declarante
1923 2584 2069 2654 quod

485 2673 655 2727 altera
686 2673 1014 2743 requirenda
1030 2672 1102 2726 sit
1119 2673 1239 2729 istis
1265 2673 1450 2742 ﬁguris
1465 2674 1695 2730 scientia
1712 2676 1883 2729 multo
1897 2676 2071 2730 subli-

486 2764 648 2830 mior,
661 2779 824 2834 quam
839 2764 1090 2835 quisquis
1107 2765 1468 2835 spiritualiter
1479 2769 1896 2836 contemplatur,
1912 2769 2072 2840 Spiri-

481 2855 654 2909 tualia
669 2871 996 2927 comparans
1011 2855 1390 2926 Spiritualibus
1410 2877 1423 2913 :
1449 2859 1538 2914 hic
1555 2859 1716 2929 plane
1736 2860 1883 2914 illam
1901 2869 2066 2926 tenet,

481 2947 826 3003 orationibus
855 2948 1076 3018 quidem
1104 2962 1215 3002 non
1255 2949 1721 3014 demonstrativis,
1760 2953 1853 3008 sed
1903 2954 2068 3023 spiri-

482 3037 922 3094 tualibus.Porro
942 3041 1058 3096 haec
1074 3041 1229 3112 signa
1246 3044 1581 3112 oportuit,ad
1599 3061 1726 3101 eum
1745 3045 1966 3102 modum
1986 3062 2070 3102 sa-

480 3131 592 3184 cris
608 3130 911 3186 inumbrari
928 3133 1069 3203 typis
1085 3151 1098 3188 :
1115 3141 1176 3187 ut
1191 3135 1260 3188 ab
1272 3137 1352 3189 eis
1365 3153 1427 3191 su
1435 3137 1822 3192 bmoverentur
1832 3138 2063 3210 indigni,

481 3235 618 3276 neve
636 3222 973 3291 contemptui
990 3233 1425 3292 exponerentur:
1443 3235 1610 3296 utque
1630 3227 1740 3282 illis
1759 3229 1893 3284 solis
1912 3245 2066 3286 reve-

482 3313 664 3367 lentur
679 3314 1016 3382 perfectis,et
1028 3329 1245 3371 omnem
1264 3317 1578 3372 indecoram
1594 3320 1859 3389 superbis
1874 3321 2064 3392 imagi-

480 3405 760 3460 nationem
779 3405 1178 3475 rejicientibus,
1200 3415 1254 3462 et
1276 3409 1344 3462 ad
1373 3411 1546 3478 ipsam
1579 3426 1754 3481 usque
1768 3412 2066 3482 pervadere

465 3496 771 3550 'veritatem
810 3496 1144 3561 valentibus,
1180 3498 1270 3552 vix
1301 3499 1521 3570 quidem
1559 3501 1752 3556 leviter
1780 3501 2062 3573 signorum

478 3586 824 3652 varietatem,
869 3589 1130 3644 unitatem
1163 3589 1331 3660 280
1382 3607 1512 3648 vero
1560 3609 1669 3648 non
1719 3592 2065 3650 demonstra-

486 3678 638 3733 tione
667 3692 769 3732 nec
795 3677 1238 3744 ratiocinatione,
1264 3680 1361 3735 sed
1383 3679 1620 3752 simplici
1645 3684 1842 3738 mentis
1867 3698 2064 3753 appre-

477 3769 747 3824 bensione
767 3771 1300 3839 comprehendendo.
1325 3770 1564 3828 Proinde
1589 3772 1789 3845 duplex
1809 3782 1893 3830 est
1915 3774 2063 3830 theo-

479 3859 728 3930 logorum
773 3857 1033 3913 traditio:
1061 3859 1176 3914 hazc
1211 3860 1431 3930 quidem
1466 3877 1565 3932 per
1593 3864 1772 3935 signa,
1805 3864 1896 3920 illa
1932 3880 2062 3921 vero

478 3961 769 4006 exercetur
836 3966 933 4022 per
985 3961 1255 4008 creaturae
1315 3956 1875 4027 contemplationem,
1930 3958 2060 4014 dum

477 4043 732 4098 videlicet
775 4058 806 4097 a
871 4056 1136 4100 creatura:
1180 4048 1557 4117 speculatione
1609 4050 1916 4106 sublimiter
1969 4067 2060 4106 ra-

477 4137 628 4207 pitur
671 4153 828 4193 mens
859 4137 927 4192 ad
958 4141 1481 4210 contemplationem
1529 4143 1762 4213 opificis.
1813 4142 2056 4200 Priorem

478 4230 668 4284 dicens
710 4244 967 4285 arcanam
997 4240 1048 4286 et
1098 4231 1411 4303 mysticam,
1448 4234 1667 4289 interim
1717 4236 1848 4290 dum
1902 4246 2059 4291 vocat

477 4337 595 4376 eam
638 4323 994 4394 symbolicam
1021 4343 1035 4380 :
1061 4326 1286 4397 perinde
1338 4333 1424 4382 est
1461 4342 1525 4382 ac
1567 4328 1614 4384 si
1658 4329 1899 4384 declaret
1937 4343 2057 4385 eam

476 4430 620 4479 esse,
651 4431 773 4486 quae
803 4431 899 4487 per
947 4415 1150 4489 ﬁguras
1193 4419 1396 4475 divinis
1446 4421 1688 4476 oraculis
1729 4421 1930 4476 tradita
1959 4421 2052 4477 sit.

2186 580 2342 627 σεως.
2380 562 2598 634 Ταύτην
2644 563 2702 616 δὲ
2741 563 2844 633 τὴν
2892 562 3225 633 ἀπόρρητον,
3259 562 3378 633 ἤτοι
3412 561 3765 633 συμϐολικὴν,

2184 655 2375 725 φησὶν,
2409 655 2552 725 ἔχειν
2588 653 3075 725 συμπεπλεγμένον
3107 652 3182 724 τῷ
3217 653 3385 726 ῥητῷ,
3418 655 3668 708 τουτέστι
3695 654 3769 725 τῷ

2186 749 2419 822 ῥηθῆναι
2465 747 2924 820 ἐπιτετραμμένῳ
2957 745 3036 818 τῷ
3068 746 3342 819 συμϐόλῳ,
3376 747 3472 801 καὶ
3503 747 3568 800 τὸ
3597 746 3766 819 ἄρρη-

2180 860 2304 907 τον,
2336 843 2455 913 ἦτοι
2503 841 2779 913 μυστικόν·
2821 841 3208 894 συνεσκίασται
3249 838 3359 911 γὰρ
3403 841 3464 892 ὲν
3514 837 3596 909 τῷ
3636 855 3766 908 συμ-

2181 934 2320 1006 ϐόλῳ
2355 934 2417 988 τὸ
2459 933 2688 1005 ἀληθὲς,
2725 933 2819 987 καὶ
2856 931 3245 1005 ἀδημοσίευτόν
3292 933 3462 995 ἐστιν,
3492 931 3572 994 ὡς
3604 933 3663 984 ὲν
3695 929 3765 999 τῷ

2180 1026 2391 1098 νομικῷ
2417 1026 2478 1079 τὸ
2509 1025 2705 1097 ἀληθὲς
2737 1023 2944 1094 πάσχα,
2969 1022 3158 1094 ὥσπερ
3177 1023 3409 1094 εἴρηταιο
3454 1021 3525 1074 Τὸ
3561 1019 3765 1088 πάσχα

2180 1117 2350 1187 ἡμῶν
2391 1118 2532 1190 ὑπὲρ
2574 1115 2732 1188 ἡμῶν
2763 1116 2941 1183 ἐτύθη
2977 1115 3250 1183 Χριστός.
3295 1113 3368 1166 Τὸ
3410 1113 3470 1166 δὲ
3515 1112 3764 1183 δεύτερον

2184 1209 2348 1280 μέρος
2390 1209 2491 1279 τῆς
2541 1207 2819 1276 θεολογίας
2867 1205 3110 1278 ἐμφανές
3162 1207 3278 1258 ἐστι
3333 1206 3426 1258 καὶ
3469 1203 3761 1275 γνώριμον.

2179 1300 2396 1371 Ταύτην
2426 1299 2526 1371 τὴν
2565 1298 2841 1368 θεολογίαν
2894 1297 3179 1367 φιλόσοφον
3229 1297 3324 1350 καὶ
3377 1295 3764 1364 ἀποδεικτικὴν

2177 1391 2352 1458 εἶπεν,
2385 1392 2460 1456 ὡς
2491 1390 2579 1444 διὰ
2609 1392 2706 1464 τῆς
2736 1392 3116 1462 κατανοήσεως
3157 1389 3266 1443 τῶν
3309 1390 3650 1461 κτισμάτων,
3678 1392 3765 1443 καί

2177 1503 2340 1540 τινων
2370 1485 2530 1538 θείων
2562 1483 2906 1555 οἰκονομιῶν,
2942 1483 3035 1536 καὶ
3067 1482 3168 1553 τῆς
3201 1483 3544 1554 θεωρητικῆς
3576 1483 3766 1554 ἐξηγή-

2179 1595 2317 1642 σεως
2361 1576 2467 1631 τῶν
2501 1577 2628 1648 περὶ
2660 1575 2795 1629 Θεοῦ
2829 1577 3137 1648 λεγομένων
3169 1580 3226 1631 ὲν
3263 1581 3384 1642 ταῖς
3428 1578 3605 1641 θείαις
3637 1578 3763 1650 Γραο

2179 1671 2306 1739 φαϊς
2352 1668 2767 1739 συνισταμένην.
2821 1669 2932 1721 Kai
2981 1668 3117 1740 αῦτη
3164 1670 3263 1740 μὲν
3302 1672 3335 1741 ὴ
3384 1670 3762 1742 ὲμφανεστὲρα

2178 1757 2292 1829 ἔχει
2321 1757 2442 1811 τινὰ
2473 1757 2646 1812 πειθὼ
2678 1759 2772 1812 καὶ
2813 1759 3202 1830 συνδεδεμένην
3238 1760 3496 1831 ἀλήθειαν
3527 1764 3644 1825 τοῖς
3675 1761 3760 1816 λε-

2106 1833 2148 1888 B
2176 1851 2445 1923 γομένοις·
2500 1850 2640 1905 κατὰ
2687 1850 2847 1904 τοῦτο
2895 1853 3002 1924 γάρ
3051 1855 3169 1906 ὲστι
3230 1853 3324 1906 καὶ
3374 1854 3761 1926 ἀποδεικτικὴ,

2173 1943 2432 1998 πείθουσα
2465 1946 2558 1998 καὶ
2605 1944 3010 2016 καταδουμένη,
3046 1945 3138 1998 καὶ
3181 1946 3343 1999 οἱονεὶ
3393 1946 3600 2016 δεσμόν
3641 1966 3761 2001 τινα

2172 2036 2268 2090 καὶ
2315 2037 2585 2109 σφραγῖδα
2628 2040 2740 2100 τοῖς
2781 2036 3092 2107 λεγομένοις
3131 2037 3433 2092 ἐπιτιθεῖσα
3480 2057 3585 2110 την
3635 2039 3762 2109 ἀλή-

2172 2127 2322 2181 θειαν
2371 2126 2516 2195 (26)·
2554 2129 2648 2182 καὶ
2693 2127 2910 2182 διδοῦσα
2955 2127 3015 2180 τὸ
3053 2129 3240 2182 πιστὸν
3284 2131 3394 2192 τοῖς
3439 2129 3759 2190 ἀκούουσιν,

2169 2216 2599 2288 ὑποϐαλλομένη,
2631 2219 2714 2272 ὅτι
2751 2217 2819 2272 τὰ
2849 2219 3062 2290 μεγάλα
3089 2221 3183 2274 καὶ
3211 2221 3462 2291 μεγάλως
3483 2222 3759 2293 ὀφείλουσι

2171 2309 2430 2385 νρεῖσθαι,
2465 2311 2559 2363 καὶ
2611 2312 2996 2382 προσηκόντως
3043 2314 3108 2383 τῇ
3152 2311 3302 2381 σφῶν
3359 2310 3759 2382 μεγαλειότητι,

2172 2402 2266 2454 καὶ
2295 2401 2394 2472 οὐχ
2423 2401 2608 2467 ἁπλῶς
2641 2403 2894 2474 χυδαίως,
2927 2404 3022 2457 xai
3053 2403 3128 2467 ὡς
3159 2404 3210 2456 oi
3246 2402 3432 2457 πολλοὶ
3469 2403 3761 2474 μανθάνειν

2174 2494 2476 2565 βούλονται⁸
2529 2495 2616 2559 τίς
2647 2495 2777 2567 γὰρ,
2825 2495 2950 2549 ἰδὼν
2994 2495 3147 2566 ἣλιον
3203 2495 3522 2565 λάμποντα,
3573 2496 3760 2548 ἔπειτα

2171 2585 2408 2648 ἀκούσας
2439 2585 2531 2639 τὸν
2557 2585 2726 2639 αἴτιον
2752 2585 2916 2639 αὐτοῦ
2950 2587 3043 2640 καὶ
3071 2587 3427 2658 παραγωγέα,
3459 2586 3522 2639 οὐ
3565 2604 3759 2657 φωτει-

2170 2677 2259 2730 νὸν
2295 2677 2392 2749 μὲν
2425 2679 2748 2749 κατανοήσει
2786 2680 3014 2743 ἐκεῖνον,
3045 2679 3138 2733 καὶ
3164 2679 3306 2748 ὑπὲρ
3330 2678 3393 2731 τὸ
3421 2677 3670 2730 τοιοῦτον
3695 2675 3755 2745 δὴ

2170 2767 2330 2822 πάλιν
2364 2768 2479 2838 φῶς
2511 2769 2638 2823 ὄντα
2680 2770 2820 2824 κατὰ
2853 2769 3021 2836 πολύς
3057 2773 3106 2824 εί
3137 2771 3246 2842 γὰρ
3271 2767 3337 2841 ἧν
3363 2770 3632 2834 τοιοῦτος,
3659 2772 3756 2823 οὐκ

2171 2860 2237 2914 ἂν
2267 2860 2509 2914 τοιούτου
2538 2861 2766 2934 ποιητὴς
2794 2861 2860 2915 ἂν
2892 2857 2980 2935 ἦν’
3032 2863 3127 2925 Τίς
3147 2863 3203 2915 δὲ
3231 2862 3412 2926 πάλιν,
3452 2861 3636 2925 ζῶντα
3667 2863 3755 2914 καὶ

2169 2953 2492 3025 ἐνεργοῦντα
2541 2956 2635 3008 καὶ
2682 2954 2977 3026 κινούμενα
3023 2953 3180 3019 ἰδὼν,
3226 2955 3326 3007 οὐκ
3377 2953 3756 3022 ἀναλογίζεται

2167 3045 2263 3100 τὸν
2298 3047 2524 3118 ποιητὴν
2557 3047 2734 3101 αὐτῶν
2765 3049 2858 3101 καὶ
2893 3047 3069 3112 ζῶντα
3095 3047 3237 3118 ὑπὲρ
3260 3047 3434 3100 ταῦτα
3467 3046 3564 3099 καὶ
3589 3049 3754 3113 ἀσυγ-

2169 3140 2389 3213 κρίτως,
2433 3141 2527 3193 καὶ
2548 3139 2863 3210 κινούμενον
2897 3141 3042 3212 ὑπὲρ
3066 3139 3266 3203 ταύτας
3281 3140 3344 3212 δὴ
3365 3139 3465 3202 τὰς
3486 3140 3751 3210 κινήσεις,

2167 3230 2406 3302 δηλονότι
2435 3235 2501 3302 τῇ
2526 3231 2717 3286 ἑαυτοῦ
2740 3232 2943 3304 θεωρίᾳ
2967 3232 3108 3287 κατὰ
3128 3233 3218 3285 τὸν
3242 3231 3408 3285 πολὺν
3429 3231 3500 3284 τὰ
3520 3232 3642 3284 θεῖα
3662 3231 3754 3283 καὶ

2170 3324 2340 3395 μέγαν
2363 3325 2678 3397 Γρηγόριον,
2696 3327 2789 3379 καὶ
2803 3326 3126 3398 ἐνεργοῦντα
3147 3325 3471 3396 κρειττόνως
3495 3325 3554 3388 ἐς
3585 3325 3743 3396 ὑπερ-

2167 3416 2325 3489 ϐολὴν
2357 3417 2498 3490 ὑπὲρ
2524 3417 2593 3470 τὰ
2623 3420 2903 3490 ποιήματα
2927 3436 2942 3485 ;
2973 3419 3082 3471 Καὶ
3109 3417 3329 3488 τοιαύτη
3364 3415 3464 3487 μὲν
3494 3419 3528 3487 ἡ
3570 3417 3749 3487 ἐμφα-

2164 3510 2412 3582 νεστέρα,
2442 3510 2550 3563 άπὸ
2587 3510 2690 3581 τῆς
2719 3510 2828 3564 τῶν
2859 3509 3178 3582 ποιημάτων
3225 3509 3440 3578 φύσεως
3472 3508 3569 3561 τὸν
3599 3525 3749 3578 ποιη-

2162 3603 2261 3673 τὴν
2289 3602 2743 3656 ἀποδεικνύουσα·
2768 3601 2856 3656 διὰ
2881 3602 3040 3655 τοῦτο
3067 3601 3176 3673 γὰρ
3207 3603 3300 3654 καὶ
3337 3601 3650 3670 φιλόσοφος,
3677 3601 3749 3663 ὡς

2161 3699 2228 3767 τῇ
2262 3696 2422 3765 φύσει
2449 3697 2896 3770 ὲμφιλοχωροῦσα
2917 3697 3018 3767 τῆς
3040 3696 3290 3761 κτίσεως,
3310 3694 3610 3747 κάντεῦθεν
3636 3693 3748 3746 θεο-

2162 3788 2394 3858 λογοῦσα
2430 3789 2500 3844 τὰ
2528 3788 2671 3863 ὑπὲρ
2701 3789 2881 3860 φύσιν.
2917 3791 2981 3843 Ἦ
3009 3789 3066 3842 δὲ
3093 3787 3395 3860 ωμσολικὴ
3421 3789 3527 3841 οὐκ
3556 3787 3668 3858 ἔχει
3690 3787 3749 3839 τὸ

2164 3881 2389 3947 πείθειν,
2423 3882 2538 3936 ἀλλ’
2576 3883 2858 3954 ὲνέργειάν
2897 3899 3019 3936 τινα
3061 3882 3207 3935 θείαν
3245 3879 3427 3950 ἀφανῆ
3481 3879 3581 3933 καὶ
3621 3880 3746 3951 δρα-

2165 3975 2402 4045 στήριον,
2429 3975 2551 4044 ἥτις
2576 3972 2676 4037 τὰς
2708 3973 3102 4046 μυστηριώδεις
3133 3975 3227 4028 καὶ
3276 3974 3627 4047 θεωρητικὰς
3649 3975 3746 4044 ψυ-

2162 4065 2262 4135 χὰς
2285 4064 2371 4118 διὰ
2405 4063 2514 4117 τῶν
2542 4063 2838 4135 μυστικῶν,
2869 4065 2988 4136 ἦτοι
3016 4064 3356 4135 συμϐολικῶν
3385 4065 3742 4135 αἰνιγμάτων,

2161 4157 2392 4227 ὲνιδρύει
2421 4158 2515 4210 καὶ
2539 4157 2701 4210 οἱονεὶ
2733 4155 2971 4228 θεμελιοί
3001 4157 3082 4220 είς
3108 4157 3200 4210 τὸν
3226 4156 3359 4210 Θεὸν
3388 4156 3478 4210 διὰ
3520 4158 3632 4209 τῶν
3671 4156 3744 4228 μὴ

2159 4249 2301 4320 λόγῳ
2333 4249 2730 4320 διδασκομένων
2770 4249 3115 4321 μυστηρίων,
3159 4248 3294 4302 ἀλλὰ
3325 4251 3452 4320 σιγῇ
3487 4252 3585 4304 καὶ
3614 4251 3744 4303 ἀπο-

2161 4339 2390 4410 καλύψει
2433 4339 2591 4393 θείων
2627 4338 2946 4410 ὲλλάμψεων
2971 4354 2984 4367 ·
3018 4339 3113 4392 καὶ
3142 4337 3363 4407 φωτίζει
3393 4338 3488 4392 τὸν
3518 4339 3643 4394 νοῦν
3666 4343 3742 4403 εἰς

2159 4431 2258 4496 τὰς
2301 4433 2410 4486 τῶν
2461 4433 2714 4504 ἀρρήτων
2746 4431 3058 4504 μυστηρίων
3104 4431 3489 4501 κατανοήσεις·
3523 4431 3612 4484 διὰ
3635 4430 3740 4502 γὰρ

477 4503 736 4560 Eamdem
767 4522 984 4577 quoque
1007 4509 1324 4582 τελεστικὴν
1353 4510 1572 4576 asserit,
1601 4518 1661 4565 ut
1689 4525 1813 4582 qua).
1841 4527 1938 4580 per
1966 4526 2058 4567 sa-

2166 4523 2266 4577 τῶν
2295 4503 2632 4596 τελουμένων
2647 4523 2839 4595 (ταῦτα
2865 4524 2974 4595 γάρ
3001 4525 3116 4576 ἐστι
3151 4522 3220 4576 τά
3255 4523 3384 4595 παρ’
3410 4524 3583 4596 αὐτῆς
3604 4523 3738 4596 δρώ-

477 4596 760 4652 cerdotum
807 4598 1233 4664 institutionem,
1268 4602 1625 4658 caeremonias
1655 4602 1838 4656 tradat
1867 4616 2054 4656 sacra-

474 4697 823 4756 mentorum,
873 4693 1300 4762 comprehensas
1369 4696 1654 4766 signorum
1728 4697 2048 4754 involucris.

474 4776 629 4836 Hanc
668 4795 863 4837 rursus
897 4797 1159 4838 arcanam
1205 4785 1320 4840 sive
1360 4785 1718 4857 symbolicam
1765 4789 1964 4844 astruit
1997 4791 2051 4845 in

472 4888 534 4928 se
577 4870 860 4928 continere
908 4873 1169 4943 quiddam
1213 4875 1509 4946 implexum
1559 4878 1639 4932 rei
1679 4878 1904 4946 affabili,
1949 4880 2052 4936 hoc

470 4971 574 5028 est,
604 4979 727 5034 quae
751 4974 811 5019 ut
837 4964 946 5019 dici
976 4966 1222 5035 promive
1243 4975 1428 5038 queat,
1461 4968 1650 5040 ﬁguris
1674 4971 2052 5042 signiticativis

469 5055 767 5112 commissa
795 5063 880 5111 est
911 5064 969 5112 et
996 5057 1223 5113 inserta.
1264 5059 1329 5113 Et
1368 5060 1473 5116 hoc
1501 5060 1861 5119 nihilominus
1892 5077 2053 5118 arca-

468 5163 603 5224 num
653 5149 877 5214 dicitur,
913 5150 1018 5205 hoc
1059 5160 1143 5207 est
1189 5155 1507 5224 mysticum.
1537 5155 1873 5213 Adumbrata
1904 5162 2051 5216 enim

468 5245 552 5292 est
598 5237 653 5290 in
700 5238 819 5308 ipso
860 5241 1018 5310 signo
1057 5241 1346 5311 ligurativo
1390 5245 1618 5313 veritas,
1650 5263 1754 5304 nec
1797 5247 1854 5304 in
1901 5251 2046 5322 vulgi

473 5333 836 5402 cognitionem
861 5335 1145 5392 educenda
1173 5355 1185 5391 :
1208 5340 1665 5408 quemadmodum
1687 5345 1746 5399 in
1769 5345 1927 5416 legali
1952 5346 2045 5400 illo

472 5425 640 5495 phase
675 5443 862 5483 verum
893 5426 1103 5484 Pascha
1134 5430 1530 5499 delineabatur,
1563 5437 1865 5492 secundum
1898 5440 2044 5508 quod

471 5515 677 5570 dictum
719 5527 802 5572 est
843 5517 1011 5574 Paulo
1040 5538 1052 5574 :
1080 5519 1293 5576 Pascha
1334 5531 1573 5578 nostrum
1614 5541 1713 5596 pro
1755 5528 1914 5584 nobis
1943 5530 2044 5583 im-

474 5611 703 5662 molatus
755 5618 833 5663 est
876 5609 1119 5667 Christus
1150 5612 1193 5668 ι.
1246 5613 1341 5670 Illa
1383 5616 1555 5673 altera
1589 5618 1876 5692 theologia:
1913 5638 2041 5692 pars

553 5780 570 5820 ι
600 5778 618 5833 ἰ
650 5781 777 5838 Cor.
801 5801 848 5843 ν,
882 5787 932 5843 7.

2164 4633 2317 4687 μενα,
2364 4614 2444 4668 διὸ
2489 4616 2584 4668 καλ⁹
2618 4615 2900 4684 τελεστικὴ
2954 4614 3167 4683 λέγεται
3190 4614 3245 4683 ·)
3293 4617 3626 4686 προσοικειοί
3665 4613 3738 4684 τῷ

2159 4707 2276 4778 Θεῷ
2301 4709 2659 4779 πραγματικῇ
2689 4704 2801 4771 ἕξει
2827 4723 2886 4758 τε
2915 4707 3008 4759 καὶ
3038 4707 3279 4758 τυπώσει
3311 4707 3469 4777 (ὅπερ
3503 4707 3598 4759 καὶ
3625 4705 3736 4758 ἀδι-

2149 4799 2380 4862 δάκτους
2413 4798 2799 4870 μυσταγωγίας
2831 4797 3134 4868 ἐκάλεσεν).
3179 4798 3236 4850 Ὁ
3263 4797 3374 4869 γὰρ
3401 4798 3461 4850 ὲν
3505 4796 3734 4868 μεθέξει,

2151 4889 2284 4960 φέρε
2332 4890 2528 4954 εἰπεῖν,
2575 4887 2686 4942 τῶν
2734 4887 3017 4958 ἀχράντων
3051 4886 3238 4959 δώρων
3283 4887 3579 4958 γενόμενος
3623 4888 3733 4940 ἀδι-

2148 4981 2362 5045 δάκτως
2399 4984 2843 5052 μυπαγωγεῖται
2873 4980 2966 5033 καὶ
3015 4979 3413 5051 πραγματικῶς
3443 4979 3539 5032 τὸν
3582 4980 3736 5046 άγια-

2151 5069 2285 5141 σμὸν
2309 5086 2324 5100 °
2355 5070 2444 5125 διὰ
2470 5069 2629 5122 τοῦτο
2659 5070 2754 5123 καὶ
2785 5068 3062 5140 ἡτοιαύτη
3094 5069 3192 5140 μὲν
3225 5067 3461 5140 μυστικὴ
3493 5066 3733 5135 θεολογία

2149 5161 2270 5233 δρᾷ,
2299 5164 2332 5233 ἡ
2365 5161 2422 5214 δὲ
2452 5161 2540 5216 διὰ
2586 5162 2689 5233 τῆς
2738 5162 3118 5231 κατανοήσεως
3161 5161 3262 5231 τῆς
3294 5161 3536 5224 πίστεως
3563 5158 3734 5214 πείθει

2149 5254 2243 5306 καὶ
2273 5254 2454 5322 ὲνάγει
2485 5254 2621 5326 πρὸς
2649 5252 2749 5326 τὴν
2793 5252 3049 5324 ἀλήθειαν
3082 5251 3213 5324 (27).
3245 5253 3355 5306 Καὶ
3393 5253 3502 5324 μὴν
3531 5253 3591 5304 οὑ
3635 5251 3731 5321 μό-

2148 5363 2238 5400 νον
2264 5348 2297 5418 ή
2330 5347 2528 5418 νομικὴ
2555 5346 2874 5419 παράδοσις,
2905 5347 3039 5401 ἀλλὰ
3067 5346 3161 5400 καὶ
3190 5347 3224 5417 ἡ
3255 5344 3445 5416 τελετὴ
3472 5344 3584 5398 τῶν
3609 5344 3730 5398 καθ’

2146 5441 2293 5511 ἡμᾶς
2329 5440 2642 5512 μυστηρίων
2688 5440 2798 5494 τῶν
2841 5440 2998 5512 ίερῶν
3045 5438 3239 5510 ἐδεήθη
3287 5437 3589 5509 συμϐόλων.
3619 5439 3731 5492 Καὶ

2142 5532 2294 5584 οὐδὲν
2320 5531 2651 5603 θαυμαστὸν,
2685 5533 2817 5587 ὅπου
2850 5550 2914 5602 γε
2965 5532 3058 5586 καὶ
3086 5531 3138 5584 οἱ
3180 5530 3398 5600 ἄγγελοι
3445 5530 3515 5583 δι’
3553 5530 3727 5599 αίνιγ-

2147 5624 2332 5697 μάτων
2382 5625 2450 5680 τὰ
2498 5624 2615 5679 θεῖα
2669 5627 2942 5698 μυστήρια
2989 5623 3310 5696 προάγουσι.
3353 5624 3466 5678 Καὶ
3511 5621 3674 5686 αὐτὸς
3698 5619 3730 5674 6
