3882 6550
205 371 298 438 tas

936 366 1380 423 PACIIYHERE
1420 370 1904 426 PABAPHRASIS
1947 372 2012 427 IN
2049 374 2195 428 EPP.
2241 375 2298 432 S.
2341 377 2664 434 DIONYSII.

3325 391 3429 448 £94

199 487 386 556 Klipr
426 480 590 534 τοῦτο
637 481 734 552 μὲν
788 483 846 534 ἐν
890 480 1219 552 παραϐολαῖς
1257 481 1331 544 ὡς
1378 484 1435 535 ὲν
1480 483 1730 555 συμϐόλοι

1834 533 1836 543 ,
1867 484 2090 540 evidens
2122 496 2207 542 cst
2237 498 2290 543 et
2317 501 2443 545 nota
2487 492 2845 551 familiariter.
2881 496 3032 554 Hanc
3062 466 3221 556 vocat
3251 485 3432 574 philo;

199 579 425 647 φαίνεται
457 574 726 642 θεολογῶν
747 591 760 604 ’
791 573 949 627 τοῦτο
980 573 1038 627 δὲ
1082 575 1176 627 καὶ
1220 575 1542 646 παραδιδοὺς
1580 575 1649 629 τὰ
1697 579 1754 628 ἐν

195 670 262 739 τῷ
289 669 484 737 δείπνῳ
518 665 758 737 θεουργά
791 665 1080 736 μυστήρια,
1113 663 1146 734 ἢ
1174 662 1242 716 τά
1273 663 1428 726 θεοὺς
1454 665 1580 728 τοὺς
1623 683 1754 736 μετ-

196 764 394 833 έχοντας
433 758 797 832 ἐργαζόμενα,
829 757 861 827 ἢ
894 756 962 809 τά
1002 756 1152 827 παρά
1194 756 1288 809 τοῦ
1321 758 1588 811 Δεσπότου
1619 761 1752 830 Χρι-

195 852 305 906 στοῦ
330 854 420 905 καὶ
447 851 586 905 Θεοῦ
627 850 780 922 ἡμῶν
811 848 1116 920 πραχθέντα
1147 848 1233 901 διὰ
1265 849 1580 920 τυπωτικῆς
1617 867 1752 921 τρα-

195 943 482 1008 πεζιέγσεως.
520 939 876 1014 Τραπὲζωσιν
901 941 956 994 δέ
981 957 1112 1012 φησι
1137 941 1257 992 τότε
1291 941 1388 1012 μὲν
1409 942 1508 1013 τὴν
1536 943 1630 994 ἐπὶ
1651 941 1754 1011 τῆς

189 1037 446 1110 τραπέζης
478 1035 802 1090 κατάκλισιν
825 1077 841 1099 ,
877 1032 972 1088 νῦν
995 1035 1051 1087 δὲ
1085 1034 1154 1086 τὰ
1184 1035 1240 1086 ὲν
1266 1037 1333 1105 τῇ
1363 1034 1481 1106 θείᾳ
1503 1035 1750 1107 τραπέζῃ

189 1129 264 1182 διὰ
291 1128 380 1181 τοῦ
411 1127 572 1195 ἁγίου
621 1126 786 1198 ἄρτου
819 1127 911 1180 καὶ
939 1124 1035 1179 τοῦ
1073 1127 1332 1198 ποτηρίου
1364 1127 1464 1197 τῆς
1508 1128 1753 1198 εὐλογίας

187 1219 464 1290 τελούμενα
517 1220 794 1289 μυστήρια
817 1235 830 1248 ·
875 1218 969 1272 καὶ
994 1217 1102 1290 γὰρ
1133 1217 1218 1270 διὰ
1264 1217 1359 1271 δύο
1401 1219 1578 1282 αἰτίας
1609 1219 1751 1273 οὕτω

187 1312 336 1366 ταῦτα
359 1311 644 1365 τελοῦνται
669 1328 682 1340 ·
729 1311 854 1382 μίαν
889 1311 1008 1381 μὲν,
1039 1311 1126 1363 ἵνα
1153 1310 1262 1363 τῶν
1288 1309 1494 1365 πολλῶν
1524 1312 1593 1365 τά
1620 1313 1750 1381 am

186 1405 695 1460 ἁποδιαστέλλωνται
723 1404 854 1475 (28),
895 1404 968 1474 μὴ
1002 1404 1234 1474 ἐχόντων
1277 1405 1610 1474 ἐφικνεῖσθαι
1641 1405 1749 1458 τῶν

185 1499 485 1571 νοουμένων,
522 1495 598 1552 ὧν
629 1498 788 1570 χάριν
819 1498 887 1550 τὰ
924 1497 1166 1568 σύμϐολα
1193 1498 1432 1566 γίνονται
1458 1498 1566 1569 (29)
1586 1516 1600 1528 ·
1631 1498 1750 1552 δευ-

181 1594 327 1665 τέραν
362 1594 439 1659 δὲ,
478 1593 665 1663 ὲπεὶή
711 1591 956 1663 ἡμετέρα
998 1589 1111 1661 ζωὴ
1155 1591 1262 1644 ἀπὸ
1291 1591 1470 1662 ψυχῆς
1511 1593 1625 1644 ἐστι
1656 1593 1748 1644 καί

183 1687 432 1756 σώματος,
461 1687 560 1739 καὶ
608 1686 902 1758 ἀμέριστος
931 1685 1046 1756 ἅμα
1087 1686 1181 1738 καὶ
1225 1686 1454 1756 μεριστὴ
1481 1701 1494 1713 ·
1543 1683 1605 1736 τὸ
1648 1685 1745 1754 μὲν

180 1779 253 1832 διὰ
279 1780 336 1832 τὸ
377 1779 585 1850 ἀμερὲς
612 1777 716 1847 τῆς
756 1777 936 1847 ψυχῆς
979 1777 1072 1829 κα).
1103 1776 1425 1847 ἀσώματον,
1472 1777 1533 1829 τὸ
1572 1777 1628 1829 δὲ
1657 1775 1746 1830 διὰ

181 1872 232 1923 τὸ
258 1871 345 1923 τοῦ
381 1870 639 1940 σώματος
668 1868 912 1922 ποικίλον
941 1869 1035 1922 καὶ
1063 1869 1386 1941 πολυμερὲς,
1416 1869 1567 1940 διττὴ
1596 1869 1743 1936 γίνε-

177 1982 252 2016 ται
276 1964 364 2018 καὶ
398 1965 430 2034 ὴ
480 1962 592 2016 τῶν
627 1962 785 2015 θείων
834 1961 1114 2032 οἰκονομία
1158 1961 1435 2030 ἀναλόγως
1472 1963 1620 2033 ἡμᾶς
1662 1961 1748 2015 ἐλ-

176 2056 460 2127 λάμπουσα.
491 2057 606 2110 Καὶ
635 2055 698 2108 τὸ
734 2054 832 2126 μὲν
864 2054 1073 2118 ἀπαθὲς
1101 2055 1202 2126 τῆς
1247 2055 1444 2126 ψυχῆς,
1473 2055 1536 2108 τὸ
1563 2055 1745 2127 νοερὸν

175 2149 413 2222 δηλονότι,
456 2150 560 2219 οὐχ
608 2149 686 2212 ὡς
727 2147 906 2201 πάντα
943 2147 1208 2219 ἀμέτοχον
1245 2148 1478 2212 πάθους,
1526 2147 1637 2200 ἀλλ’
1669 2147 1746 2211 ὼς

174 2242 349 2308 ἑξωθεν
377 2241 474 2295 τοῦ
530 2242 766 2312 πάσχειν
809 2241 909 2294 οὐκ
947 2240 1067 2310 ἕχον
1112 2239 1214 2303 τὰς
1255 2240 1528 2313 ἀφορμὰς,
1556 2240 1744 2312 ὥσπερ

174 2334 225 2386 τὸ
252 2334 399 2405 σῶμα
438 2333 720 2397 πλείστοις
752 2334 1056 2386 ὑποπίπτον
1089 2335 1301 2397 κακοῖς,
1345 2333 1487 2406 άπερ
1516 2335 1548 2405 ή
1596 2333 1741 2405 ψυχὴ

173 2426 283 2479 ἄνευ
309 2427 408 2497 τῆς
439 2425 651 2488 οἰκείας
675 2424 1054 2496 ὲκουσιότητος
1075 2426 1173 2495 οὐχ
1207 2425 1483 2496 ὑπομένει.
1519 2425 1592 2479 Τὸ
1613 2424 1742 2494 γοῦν

173 2518 358 2582 ἀπαθὲς
400 2518 564 2572 τοῦτο
611 2519 695 2581 εἰς
742 2515 811 2570 τά
866 2516 1031 2589 νοητά
1063 2516 1346 2589 ἀφωρίσθη
1397 2517 1671 2588 θεάματα,
1704 2517 1740 2572 ἃ

172 2611 252 2662 καὶ
287 2611 429 2664 ἁπλᾶ
473 2610 630 2679 λέγει
681 2610 776 2663 καὶ
822 2610 1100 2672 ὲνδότατα,
1147 2610 1309 2662 οἱονεὶ
1351 2608 1735 2682 κρυφιώταταο

169 2700 220 2752 τὸ
245 2700 297 2753 δὲ
329 2699 637 2772 παθητικὸν
669 2699 859 2770 αὐτῆς,
887 2699 948 2752 τὸ
968 2699 1057 2752 διὰ
1086 2698 1196 2752 τῶν
1223 2698 1526 2770 αἰσθήσεων
1549 2698 1737 2769 δηλον-

167 2794 236 2845 ότι
277 2791 670 2864 ἀντιληπτικὸν
702 2791 811 2844 τῶν
854 2790 1074 2856 ἔξωθεν,
1123 2791 1338 2862 δέχεται
1380 2791 1449 2844 τὰ
1503 2793 1735 2863 συγγενῆ

166 2885 318 2940 ταῦτα
362 2884 872 2958 παραπετάσματα.
914 2883 1086 2936 Τοῦτο
1135 2882 1192 2936 δὲ
1228 2882 1385 2954 δῆλον
1424 2882 1484 2948 ἐξ
1523 2879 1598 2936 ὧν
1641 2883 1736 2936 καί

165 2995 289 3042 τινες
311 2979 418 3032 τῶν
467 2976 772 3050 προφητῶν
807 2975 1029 3045 σαφοῦς,
1064 2973 1302 3046 δηλονότι
1351 2975 1566 3046 γυμνῆς
1601 2992 1734 3046 προ-

167 3073 545 3144 καλυμμάτων,
578 3071 856 3139 θεολογίας
895 3071 1193 3143 ἀκηκοότες
1215 3088 1228 3100 ·
1260 3067 1369 3124 οἷον
1400 3069 1574 3141 Ὠφθη
1624 3068 1736 3123 Kc»-

164 3182 259 3235 pro;
285 3166 361 3237 τῷ
403 3166 500 3219 Ἀ6
514 3164 686 3237 ραὰμ,
721 3163 754 3232 ἢ
785 3162 863 3234 τῷ
893 3164 1124 3234 Μωῦσῇ,
1165 3163 1257 3217 καὶ
1288 3158 1408 3216 εἶπε
1438 3162 1499 3216 τὸ
1528 3163 1622 3216 καὶ
1650 3163 1729 3216 τόο
1760 3197 1803 3255 C

159 3258 237 3310 καὶ
281 3259 498 3328 ἐγένετο
546 3257 706 3326 λόγος
752 3255 958 3327 Κυρίου
999 3255 1135 3326 πρὸς
1184 3256 1275 3310 τὸν
1327 3257 1632 3328 προφήτην,
1677 3257 1734 3309 ἐν

157 3351 346 3414 ἑαυτοῖς
385 3349 805 3405 ἀναπλάττουσι
848 3347 1017 3401 τύπον
1049 3347 1170 3402 τινὰ
1195 3391 1208 3414 ,
1251 3349 1492 3421 δηλονότι
1535 3349 1732 3424 εὐσεϐῆ

156 3441 385 3514 θεωρίαν,
418 3445 525 3498 καὶ
570 3445 638 3514 τῇ
677 3441 800 3512 θείᾳ
851 3441 1010 3510 φύσει
1057 3440 1390 3510 κατάλληλον
1432 3441 1564 3511 (⁸50).
1609 3442 1733 3506 Πῶς

155 3533 247 3605 γὰρ
286 3535 346 3589 ἄν
377 3554 463 3600 τις
512 3534 719 3606 ἑτέρως
763 3532 1202 3604 χειραγωγηθείη
1236 3533 1372 3604 πρὸς
1419 3533 1602 3604 νόησιν
1632 3534 1732 3604 τῆς

154 3625 429 3698 εἰρημένης
458 3623 777 3694 θεολογίας;
802 3624 910 3676 Καὶ
942 3623 1079 3676 αὐτὰ
1107 3623 1164 3676 δὲ
1198 3623 1266 3677 τά
1297 3624 1571 3695 κτίσματα
1599 3644 1730 3698 προ-

151 3718 436 3791 ϐέϐληνται,
470 3719 645 3772 οἱονεὶ
692 3717 1008 3788 πρόκεινται
1045 3718 1155 3771 τῶν
1195 3718 1442 3790 ἀοράτων
1475 3719 1568 3772 καὶ
1607 3737 1730 3790 νοη-

149 3809 241 3862 τῶν
268 3811 395 3882 (51).
426 3812 550 3866 Καὶ
572 3808 733 3862 τοῦτο
757 3809 830 3881 μὴ
861 3810 1018 3880 μόνον
1041 3811 1069 3863 6
1097 3809 1238 3873 θεῖος
1267 3809 1561 3872 ἀπόστολος
1583 3811 1729 3863 Παῦ-

149 3899 223 3965 λός
248 3921 429 3975 φησιν,
467 3904 607 3956 ’Ὁτι
632 3902 703 3956 τὰ
734 3903 957 3970 ἀόρατα
983 3902 1170 3956 αὐτοῦ
1197 3902 1268 3955 ἐν
1288 3902 1412 3968 τοῖς
1438 3902 1727 3971 ποιήμασι

145 3996 420 4065 νοούμενα
454 3991 813 4062 καθορᾶται·
850 3992 985 4047 ἀλλά
1019 3995 1110 4048 καὶ
1142 3994 1306 4058 αὐτὸς
1333 3997 1362 4048 6
1393 3995 1600 4065 ἀληθὴς
1626 3996 1726 4048 Λό-

144 4101 225 4152 γος
247 4090 274 4141 ό
299 4089 513 4160 Κύριος
546 4087 703 4158 ἡμῶν
751 4087 955 4158 Ἰησοῦς
993 4087 1247 4159 Χριστὸς,
1283 4088 1408 4140 ὅταν
1450 4087 1582 4159 λέγῃ
1609 4105 1621 4116 ·
1656 4091 1726 4142 Ei

143 4179 205 4233 τὰ
241 4181 471 4251 ἐπίγεια
522 4181 698 4234 εἷπον
737 4179 901 4250 ὑμῖν,
946 4180 1043 4233 καὶ
1087 4181 1159 4232 οὐ
1206 4179 1538 4240 πιστεύετε,
1599 4180 1722 4245 πῶς

139 4269 234 4325 ἐὰν
256 4273 324 4326 τὰ
355 4271 692 4342 ἐποιφάνια
723 4273 868 4326 εἴπω
896 4271 1057 4342 ὑμῖν,
1087 4272 1478 4334 πιστεύσετε;
1507 4271 1599 4323 Διὸ
1630 4273 1724 4324 καὶ

140 4364 181 4414 οἱ
213 4369 512 4438 προφῆται,
548 4365 626 4435 πῆ
662 4365 757 4434 μὲν
792 4364 1084 4427 πολιτικῶς
1111 4364 1206 4417 καὶ
1237 4362 1476 4434 ἐννόμως
1497 4364 1720 4416 ἐπισκο-

139 4459 312 4513 ποῦσιν
343 4461 486 4531 (52),
529 4459 620 4512 ὅτε
649 4457 795 4526 λέγει
826 4460 854 4510 6
887 4457 1138 4519 Ἡσαΐας·
1178 4455 1287 4509 Καὶ
1317 4454 1490 4508 δεῦτε
1521 4454 1719 4510 διαλε-

1861 577 2138 646 sophicam
2193 581 2356 636 simul
2402 591 2456 639 et
2495 587 3013 656 demonstrativam,
3065 594 3264 664 quippe
3310 613 3432 667 quae

1858 669 2181 724 conciliatur
2204 688 2302 742 per
2328 682 2588 731 attentam
2618 681 3113 739 considerationem
3147 694 3432 743 creatura-

1857 776 2002 824 rum,
2028 769 2122 815 aut
2161 764 2359 820 divinae
2389 768 2676 837 cujusdam
2705 772 3156 841 dispensationis,
3191 777 3306 834 sive
3334 794 3433 848 per

1856 853 2247 920 speeulativam
2291 861 2696 916 enarrationem
2745 879 2934 917 eorum
2990 882 3111 934 quae
3156 869 3211 921 in
3253 870 3430 923 sacris

1858 943 2154 1014 Scripturis
2193 948 2261 1001 de
2290 948 2401 1004 Deo
2423 951 2569 1004 dicta
2598 968 2719 1008 esse
2750 957 3184 1026 comperiuntur.
3221 957 3288 1013 Et
3315 960 3431 1014 haec

1855 1050 1986 1092 sane
2013 1047 2072 1090 ut
2102 1039 2427 1106 evidentior,
2462 1045 2572 1095 vim
2619 1044 2828 1099 obtinet
2875 1047 3165 1114 quamdam
3199 1065 3432 1120 persua-

1853 1129 2036 1194 dendi,
2070 1137 2232 1200 atque
2255 1147 2319 1186 ex
2349 1132 2510 1189 dictis
2544 1136 2828 1190 collectam
2855 1139 3139 1195 veritatem
3167 1149 3222 1196 et
3252 1156 3430 1199 asser-

1855 1231 1984 1276 tam.
2021 1221 2332 1280 Secundum
2380 1226 2526 1280 enim
2579 1227 2682 1282 hoc
2722 1229 2925 1286 dicitur
2974 1233 3425 1297 demonstrativa,

1851 1315 1997 1384 quod
2035 1318 2362 1386 persuadeat
2407 1326 2461 1374 et
2509 1320 2808 1387 denuntiet,
2841 1332 2894 1379 et
2943 1327 3100 1395 quasi
3143 1329 3423 1384 vinculum

1851 1408 2128 1476 quoddam
2164 1417 2218 1465 et
2251 1411 2490 1480 sigillum
2523 1411 2688 1468 dictis
2718 1425 2957 1485 apponat
2990 1419 3294 1476 veritatem.
3323 1422 3428 1476 Au-

1851 1497 2121 1556 ditoribus
2150 1503 2293 1556 enim
2326 1503 2441 1557 suis
2469 1502 2592 1558 fidei
2622 1519 2685 1560 ac
2720 1509 3031 1564 securitatis
3062 1492 3259 1582 pignus
3288 1526 3428 1582 prae-

1851 1595 1996 1643 stat:
2026 1591 2135 1646 illis
2175 1607 2493 1662 suggerens,
2520 1596 2666 1666 quod
2716 1613 2914 1670 magna
2960 1601 3156 1657 debeat
3201 1603 3269 1658 de
3314 1603 3426 1659 Deo

1850 1680 2096 1750 cogitare
2120 1682 2411 1740 manifeste
2440 1691 2494 1739 et
2522 1701 2624 1757 pro
2643 1687 2844 1744 decoro
2871 1706 2984 1746 sua:
3009 1695 3424 1764 magnitudinis,

1854 1792 1963 1832 non
2003 1779 2166 1834 etiam
2199 1787 2478 1851 utcunque
2509 1798 2659 1840 more
2685 1786 2833 1856 vulgi
2861 1803 2961 1843 ceu
2994 1789 3239 1862 plerique
3269 1807 3428 1849 assoo

1849 1871 1994 1934 lent,
2033 1871 2228 1944 frigide
2266 1873 2484 1932 discere
2529 1880 2833 1948 cupientes.
2879 1883 3014 1949 Quis
3060 1885 3206 1939 enim
3251 1887 3423 1944 solem

1847 1960 1993 2016 hunc
2020 1965 2420 2035 contemplatus
2445 1966 2826 2026 radiosissimo
2853 1973 3058 2031 lumine
3083 1977 3427 2047 splendican-

1848 2063 1978 2118 tem,
2002 2055 2095 2110 ubi
2128 2057 2363 2126 primum
2395 2067 2450 2114 et
2477 2068 2758 2119 auctorem
2784 2065 2917 2120 solis
2947 2075 3002 2121 et
3030 2070 3167 2124 tanti
3197 2069 3426 2128 luminis

1847 2149 2116 2205 intellexit
2157 2153 2570 2212 eonciliatorem
2600 2177 2612 2210 :
2638 2158 2784 2229 quis,
2833 2159 3078 2232 inquam,
3121 2181 3233 2221 non
3269 2169 3423 2224 illum

1847 2239 2031 2292 statim
2082 2242 2286 2312 cogitet
2332 2245 2557 2314 copioso
2607 2247 2815 2305 lumine
2858 2252 3265 2321 splendescere,
3312 2259 3425 2314 imo

1845 2345 2009 2401 supra
2038 2347 2202 2402 quam
2231 2332 2341 2388 dici
2370 2343 2571 2405 potest,
2597 2341 2988 2398 transcendere
3011 2345 3182 2400 solem
3213 2347 3421 2418 ipsum,

1843 2432 1944 2472 suo
1974 2420 2067 2474 illo
2096 2420 2244 2478 fonte
2269 2423 2410 2482 lucis
2439 2427 2652 2484 omnis?
2683 2427 2839 2496 Quod
2867 2433 2916 2489 si
2939 2435 3021 2489 sol
3049 2437 3177 2494 talis
3205 2453 3269 2494 ac
3298 2449 3425 2496 tan-

1842 2518 1932 2566 tus
1958 2531 1970 2566 :
2000 2514 2247 2584 nunquid
2277 2531 2384 2571 non
2421 2519 2593 2589 ipsius
2636 2521 2819 2592 opifex
2849 2525 2936 2580 vel
2967 2533 3154 2583 tantus
3185 2532 3423 2602 cogitari

1841 2601 2041 2659 debet?
2067 2605 2202 2696 Quis
2232 2623 2450 2675 rursus,
2480 2627 2602 2683 qua:
2629 2613 2842 2681 vivunt,
2875 2617 3114 2675 efﬁciunt
3141 2601 3424 2696 quidpiam

1839 2695 2044 2764 operis,
2075 2693 2143 2752 ad
2179 2699 2294 2755 haec
2317 2715 2629 2770 moventur,
2661 2707 2756 2762 ubi
2781 2707 2980 2764 viderit
3017 2693 3422 2781 primum—non

1837 2787 2102 2845 continuo
2123 2805 2308 2847 secum
2325 2796 2600 2865 reputabit
2618 2798 2806 2852 talium
2826 2801 3076 2870 opificem
3099 2819 3212 2874 prae
3236 2807 3322 2864 his
3343 2809 3423 2863 iu-

1839 2881 2284 2948 comparabiliter
2317 2885 2476 2954 281
2497 2887 2681 2943 vivere
2703 2887 2940 2956 felicius,
2955 2895 3162 2949 moveri
3193 2896 3422 2968 insuper

1838 2981 2004 3038 supra
2024 2970 2296 3027 motiones
2312 2982 2523 3031 naturae
2539 2977 2773 3033 condita:
2785 2981 3416 3051 eminentius,nimirum

1837 3073 1936 3115 sua
1971 3061 2147 3131 ipsius
2191 3069 2654 3138 contemplatione
2682 3085 2742 3127 se
2772 3077 3129 3132 moventem?
3171 3077 3418 3152 Denique

1836 3152 1960 3222 quis
1972 3168 2079 3208 non
2098 3156 2177 3211 sic
2196 3160 2574 3226 praicellenter
2585 3173 2902 3232 operantem
2923 3167 3419 3244 admiretur,atque

1835 3245 2194 3318 Obstupescat
2236 3266 2402 3322 supra
2448 3255 2731 3312 modulum
2779 3271 3047 3317 creaturae
3090 3265 3306 3320 totius?
3351 3265 3419 3320 Et

1834 3338 1950 3394 haec
1983 3341 2146 3410 plane
2179 3341 2363 3398 divina
2392 3354 2522 3400 sunt
2541 3347 2699 3418 juxta
2733 3366 2987 3423 magnum
3024 3355 3176 3409 illum
3214 3355 3420 3430 Grego-

1833 3433 1997 3488 rium.
2034 3433 2102 3488 Et
2127 3436 2256 3491 talis
2276 3437 2498 3508 quidem
2520 3439 2794 3512 theologia
2814 3443 2937 3514 jure
2959 3445 3130 3501 altera
3159 3459 3419 3505 censetur

1830 3527 2155 3593 evidentior,
2180 3543 2211 3582 a
2237 3537 2435 3585 natura
2463 3547 2648 3587 rerum
2677 3534 3048 3602 conditarum,
3073 3539 3417 3596 conditorem
3471 3551 3474 3553 λ

1831 3617 2012 3688 ipsum
2065 3619 2498 3680 demonstrative
2555 3626 2845 3697 colligens;
2901 3645 3072 3699 quare
3129 3630 3416 3702 φιλόσοφος

1829 3711 2027 3765 merito
2071 3711 2296 3777 dicitur,
2329 3714 2434 3770 hoc
2479 3723 2565 3771 est
2612 3719 2859 3776 studiosa
2903 3721 3221 3791 sapientiae;
3266 3725 3415 3793 quod

1828 3803 2163 3870 perlibenter
2198 3806 2519 3865 immoretur
2547 3810 2962 3868 considerandae
3003 3816 3201 3871 nativa:
3243 3818 3414 3872 indoli

1828 3903 2206 3952 creaturarum
2229 3939 2246 3964 ,
2278 3909 2444 3970 atque
2465 3900 2594 3956 hinc
2623 3902 2864 3957 divinam
2892 3908 3411 3964 commentationem

1825 3987 2007 4051 elicit,
2044 3998 2298 4045 naturam
2350 3993 2527 4063 ipsam
2568 3996 3070 4054 transcendentem.
3102 3997 3288 4054 Altera
3318 4001 3408 4054 ni.-

1825 4080 2024 4135 mirum
2061 4084 2361 4154 symbolica
2386 4101 2495 4140 non
2533 4086 2696 4143 habet
2727 4089 2834 4143 tale
2862 4089 3098 4160 aliquid,
3129 4107 3241 4162 quo
3268 4096 3410 4148 nita-

1824 4181 1914 4227 tur
1962 4175 2028 4228 ad
2083 4178 2560 4248 persuadendum;
2623 4181 2719 4236 sed
2771 4180 3047 4239 efﬁcacem
3110 4187 3407 4256 quamdam

1824 4269 1964 4334 vim,
2007 4269 2249 4325 divinam
2296 4272 2550 4343 quidem,
2605 4274 2698 4330 sed
2743 4275 3034 4332 obscuram
3079 4293 3144 4333 ac
3189 4279 3406 4350 plenam

1824 4359 2058 4424 laboris,
2094 4379 2214 4433 quze
2249 4367 2460 4422 animas
2505 4368 2858 4438 mysticarum
2902 4385 3089 4425 rerum
3128 4363 3415 4428 studiosas’

1825 4461 1988 4523 atque
2018 4470 2205 4509 earum
2244 4459 2692 4529 contemplationi
2731 4460 2948 4527 allixas,
2991 4480 3090 4535 per
3129 4469 3360 4538 mystica
3388 4507 3404 4533 ,

137 4553 370 4621 χθῶμεν,
406 4553 577 4622 ⁸ιέγει
607 4552 821 4618 Κύριος
844 4567 856 4579 ο
888 4549 1047 4602 τοῦτο
1089 4548 1198 4620 γάρ
1243 4550 1357 4601 ἐστι
1397 4549 1459 4601 τὸ
1489 4549 1590 4619 τῆς
1619 4567 1718 4602 πο-

1834 4544 1929 4599 hoc
1973 4554 2058 4601 est
2089 4549 2384 4618 symbolica
2411 4550 2703 4622 aenigmata
2747 4554 2921 4611 solide
2957 4558 3299 4626 communit;
3349 4567 3406 4615 et

900 4663 908 4670 ρ

145 4643 332 4710 λιτείας
362 4647 461 4700 xu‘t
489 4644 602 4698 τῶν
631 4643 809 4714 νόμων
837 4643 944 4714 (55)
966 4660 977 4672 ⁸
1017 4642 1094 4712 τιῆ
1117 4642 1174 4695 δὲ
1213 4641 1580 4714 καθαρτικῶς,
1621 4643 1710 4696 ὅτε

135 4738 477 4808 παραινοῦσιν
498 4755 511 4766 ·
550 4738 614 4791 Οἱ
639 4734 933 4804 διψῶντες
962 4735 1284 4803 πορεύεσθε
1310 4735 1402 4804 ἐφ’
1429 4733 1586 4801 ὕδωρ
1614 4735 1712 4789 καὶ

131 4831 449 4893 λούσασθε,
469 4827 718 4896 καθαροὶ
745 4827 1011 4896 γένεσθε,
1034 4829 1150 4889 καὶ,
1174 4830 1542 4895 Προσέλθετε
1563 4831 1711 4897 πρὸς

130 4921 320 4988 αὐτὸν,
352 4923 455 4975 καὶ
495 4920 832 4990 φωτίσθητε
861 4919 995 4990 (54).
1035 4919 1218 4972 Ταῦτα
1244 4920 1352 4992 γάρ
1386 4923 1490 4974 εἱσι
1517 4921 1583 4974 τὰ
1611 4922 1710 4991 τῆς

128 5010 466 5076 διδασκαλίας
491 5011 589 5065 καὶ
616 5011 717 5081 τῆς
746 5011 1083 5083 καθάρσεως.
1121 5011 1333 5064 Ἐκεῖνα
1354 5011 1482 5080 γοῦν
1515 5011 1582 5064 τὰ
1613 5029 1709 5065 πο-

127 5101 293 5157 λιτικά
333 5106 430 5158 καὶ
463 5103 665 5172 ἔννομα
694 5101 848 5170 λόγον
881 5102 1159 5172 συμϐόλων
1205 5103 1460 5172 ἐπέχουσι
1486 5119 1499 5132 ’
1533 5103 1709 5174 παχύ-

125 5211 246 5266 τερα
274 5196 384 5269 γάρ
427 5198 526 5250 καὶ
559 5194 706 5264 σαφῆ
736 5197 866 5266 ἡμῖν
896 5197 1023 5247 εἰσιο
1068 5194 1243 5248 ταῦτα
1295 5194 1352 5246 δὲ
1403 5194 1474 5248 τὰ
1501 5195 1706 5266 καθαρ-

123 5288 236 5340 mea
275 5291 370 5342 καὶ
403 5289 654 5360 ἄχραντα
681 5285 836 5352 λόγον
873 5285 1085 5356 γυμνῆς
1120 5285 1401 5356 συμϐόλων
1431 5285 1706 5355 θεολογίας

123 5382 387 5454 ἐπέχουσι.
443 5383 539 5437 Διὸ
572 5385 799 5437 κάκεῖνα
833 5385 931 5455 μὲν
978 5383 1333 5455 ἀνθρωπίνως
1374 5384 1407 5454 ἢ
1448 5383 1540 5436 καί
1589 5402 1706 5446 πως

121 5475 488 5552 ὐῂλοτέρως·
543 5477 703 5531 τοῦτο
743 5477 852 5550 γάρ
903 5479 1021 5531 ἐστι
1055 5479 1116 5532 τὸ
1154 5479 1357 5547 μέσως
1383 5496 1394 5508 ·
1431 5478 1605 5532 ταῦτα
1647 5479 1703 5532 δὲ

121 5563 340 5635 ὖψηλοτέ
349 5589 460 5642 ρως
482 5570 579 5624 καὶ
601 5569 842 5622 τελεσιου
853 5569 1075 5641 ργικῶς.
1094 5572 1334 5624 Κάκεῖνα
1360 5571 1457 5641 μὲν
1473 5570 1580 5624 ἀπὸ
1595 5571 1702 5623 τῶν

119 5662 452 5730 φαινομένων
472 5661 655 5732 νόμων
672 5679 684 5691 ο
707 5660 878 5714 ταῦτα
905 5661 963 5714 δὲ
983 5661 1090 5714 άπὸ
1104 5661 1211 5713 τῶν
1228 5660 1446 5730 ἀφανῶν
1463 5661 1519 5715 θε
1529 5661 1696 5731 σμῶψ

117 5747 178 5800 τὰ
201 5751 307 5822 γὰρ
326 5753 426 5806 τοῦ
473 5750 706 5805 παλαιοῦ
736 5751 900 5822 νόμου
950 5752 1244 5822 φαινόμενα
1266 5750 1697 5819 ἐξαγγέλλονται,

116 5840 322 5907 ἀφανῶς
354 5844 415 5896 δὲ
457 5842 725 5896 νοοῦνται.
781 5843 930 5897 Ἐπεὶ
979 5844 1096 5908 πῶς
1135 5843 1233 5906 τὰς
1290 5843 1558 5911 νηστείας,
1609 5845 1698 5896 καὶ

1822 4636 1875 4689 in
1904 4636 2015 4692 Deo
2043 4641 2201 4709 quasi
2233 4641 2415 4696 stabili
2443 4641 2798 4700 fundamento
2821 4646 3054 4702 collocat
3075 4663 3172 4718 per
3192 4664 3255 4704 ea
3283 4667 3406 4721 qua:

1820 4729 1974 4783 nullo
2009 4731 2282 4788 docentur
2315 4749 2590 4801 sermone,
2636 4738 2931 4808 mysteria;
2976 4739 3140 4810 idque
3181 4741 3404 4797 silentio

1819 4831 1983 4893 atque
2024 4827 2355 4882 revelatione
2397 4828 2597 4885 divinae
2626 4830 3035 4890 illustrationis.
3070 4832 3137 4888 Et
3162 4844 3400 4890 mentem

1819 4917 2054 4972 illustrat
2079 4919 2145 4972 ad
2177 4920 2476 4975 ineffabilia
2517 4926 2779 4995 mysteria
2811 4927 3212 4982 consideranda
3233 4944 3247 4993 ;
3271 4942 3398 4981 nam

1816 5024 1913 5078 per
1943 5011 2325 5066 sacrificantes
2356 5011 2374 5082 (
2391 5013 2507 5068 haec
2529 5016 2674 5070 enim
2707 5027 2835 5073 sunt
2865 5019 3030 5088 hujus
3061 5034 3246 5090 Opera,
3275 5019 3400 5074 ideo

1813 5103 1977 5156 etiam
2008 5103 2292 5176 τελεστική
2331 5106 2563 5176 dicitur)
2591 5107 2702 5164 Deo
2754 5110 3053 5168 familiares
3075 5111 3248 5181 magis
3277 5109 3399 5164 afﬁ-

1813 5195 1888 5246 cit
1917 5195 2092 5248 activa
2121 5197 2386 5265 qualitate
2408 5238 2421 5259 ,
2459 5207 2514 5253 et
2546 5199 2874 5258 formatione
2898 5203 3067 5274 (quod
3090 5203 3255 5257 etiam
3280 5201 3397 5254 ἀδι-

1812 5285 2039 5349 δάκτους
2074 5290 2482 5357 μυσταγωγίας,
2523 5292 2574 5346 id
2614 5303 2698 5348 est
2743 5311 3020 5350 sacrorum
3067 5295 3393 5350 initiationes

1813 5397 1845 5430 a
1895 5380 2099 5433 nemine
2137 5379 2350 5435 edoctus
2383 5385 2661 5454 vocavit);
2697 5387 2790 5456 qui
2842 5387 2988 5442 enim
3037 5387 3177 5441 dicis
3225 5401 3393 5442 causa

1811 5471 2084 5540 particeps
2134 5472 2609 5530 immaculatorum
2651 5477 2888 5532 efficitur
2923 5479 3231 5542 donorum,
3272 5480 3393 5536 sine
3481 5470 3490 5495 ⁸

1779 5635 1784 5646 κ
1809 5570 2142 5634 praeceptore
2171 5581 2328 5621 sacra
2355 5569 2586 5624 docetur
2614 5577 2667 5624 et
2696 5571 2814 5632 ipso
2836 5576 2960 5624 actu
2986 5569 3388 5634 sanctiﬁcatur,

1793 5661 2093 5724 propterea
2125 5665 2178 5711 et
2208 5660 2334 5713 talis
2361 5660 2582 5729 quidem
2624 5660 2858 5729 mystica
2887 5659 3163 5731 theologia
3193 5677 3390 5732 opera-

1806 5756 1917 5810 tur,
1950 5749 2120 5803 altera
2151 5766 2280 5805 vero
2312 5752 2752 5806 consideratione
2788 5751 2909 5807 fidei
2957 5755 3286 5823 persuadet,
3332 5765 3387 5809 et

1809 5843 1874 5897 ad
1927 5843 2204 5898 veritatem
2257 5845 2494 5901 adducit.
2546 5844 2708 5916 Atqui
2764 5860 2872 5900 non
2925 5847 3114 5920 legalis
3160 5847 3383 5902 traditio
