3896 6540
496 413 601 471 495

1279 390 1622 470 APPENDIX
1658 413 1749 468 AD
1783 410 2013 469 OPERA
2049 411 2108 469 s.
2150 410 2451 468 DlONYSll
2487 411 2974 473 AREOPAGITAE.

3664 415 3769 474 490

495 532 695 595 solum,
720 529 815 587 sed
838 538 893 587 et
914 543 1036 602 quae
1052 529 1273 600 preprie
1301 538 1491 586 nostra
1517 537 1604 586 est
1633 529 2060 587 Christianorum

2177 529 2244 583 τὰ
2275 528 2542 593 σάϐϐατα,
2572 506 2783 595 καὶτὰς
2805 532 3102 605 νουμηνίας
3128 533 3513 606 νομοθετήσας,
3543 533 3769 605 ὕστερον

494 622 883 697 mysteriorum
933 637 1093 678 sacra
1138 621 1416 681 institutio
1442 622 1652 681 sanctis
1691 622 1800 678 illis
1840 622 2074 694 indiguit

494 715 814 788 symbolicis
844 713 1039 787 signis.
1083 711 1274 786 Neque
1315 713 1371 769 id
1413 713 1739 771 admirabile
1771 734 1787 770 :
1821 713 2072 786 quando-

491 806 708 877 quidem
739 806 915 877 angeli
941 803 1045 875 ipsi
1079 821 1177 876 per
1209 803 1499 877 aenigmata
1523 805 1593 861 ad
1611 805 1920 863 divinorum
1955 823 2074 880 my-

490 898 784 955 steriorum
814 897 1186 969 cognitionem
1208 898 1518 968 provehunt
1536 914 1640 956 nos
1658 909 1714 955 et
1738 900 2068 971 perducunt.

488 988 555 1045 Et
585 990 705 1061 ipse
736 988 962 1061 quidem
1008 987 1278 1046 Dominus
1304 990 1360 1045 in
1390 990 1668 1062 parabolis
1700 992 1856 1062 quasi
1896 991 2071 1064 signis

374 1138 378 1145 ,
486 1081 858 1153 quibusdam,
899 1081 1029 1137 dum
1074 1081 1260 1138 divina
1292 1089 1578 1148 tractaret,
1624 1081 1731 1138 hoc
1766 1083 1946 1153 ipsum
1978 1098 2069 1140 se-

485 1182 649 1231 cutus
679 1172 921 1231 videtur.
956 1171 1074 1229 Hoc
1114 1173 1378 1229 nimirum
1406 1173 1694 1248 theologia:
1711 1190 1884 1247 genus
1911 1175 2070 1230 lucu-

482 1267 661 1323 lenter
703 1267 1000 1338 expressit,
1050 1266 1181 1322 dum
1231 1267 1286 1322 in
1317 1282 1475 1323 omna
1521 1268 1778 1340 mysteria
1825 1268 2069 1324 traderet

481 1357 682 1416 divinae
705 1357 1042 1429 operationis
1078 1358 1132 1413 vi
1167 1358 1414 1429 praedita,
1449 1366 1544 1415 aut
1577 1374 1700 1430 quae
1727 1359 1814 1415 sui
1841 1360 2067 1430 partici—

481 1468 582 1525 pes
616 1454 750 1510 deos
777 1451 1166 1524 quadantenus
1196 1452 1514 1522 efficerent;
1565 1454 1682 1511 sive
1726 1468 1793 1509 ea
1834 1470 1960 1525 quae
1996 1454 2067 1511 ab

481 1547 602 1617 ipso
633 1545 866 1602 Domino
887 1543 1018 1603 Iesu
1046 1543 1270 1603 Christo
1294 1554 1348 1603 et
1375 1546 1488 1603 Deo
1514 1556 1704 1603 nostro
1730 1556 1886 1620 gesta
1936 1554 2069 1605 sunt

481 1654 581 1713 per
610 1638 808 1711 typica:
826 1639 978 1695 illius
999 1654 1203 1696 mensae
1223 1646 1568 1711 apparatum.
1596 1638 1835 1698 Proinde
1861 1640 2068 1714 τραπέ-

480 1731 649 1797 ζωσιν
687 1739 849 1789 vocat
890 1747 1052 1797 eum,
1089 1732 1187 1803 qui
1235 1739 1369 1788 tunc
1412 1732 1812 1805 discipulorum
1845 1732 1970 1801 fuit,
1998 1732 2068 1789 ad

477 1839 732 1883 mensam
772 1825 922 1881 illam
957 1840 1173 1895 sacram
1213 1824 1553 1881 discubitum
1589 1825 1793 1892 simul,
1837 1832 1893 1881 et
1946 1841 2068 1896 qua:

2174 623 2322 694 λέγει
2344 624 2432 678 διὰ
2448 623 2544 679 τοῦ
2580 619 2828 678 Ἡσαΐου·
2858 625 2952 691 Τίς
2970 624 3081 695 γὰρ
3108 625 3295 680 ταῦτα
3311 623 3677 694 ἐξεζήτησεν
3701 627 3769 682 ἐκ

2172 714 2292 770 τῶν
2304 713 2520 785 χειρῶν
2532 714 2719 786 ὑμῶν,
2732 716 2780 768 εἰ
2797 714 2871 786 μὴ
2889 713 3137 786 φανερῶς
3152 714 3250 785 μὲν
3263 713 3533 784 λέγονται,
3546 715 3768 784 ἀφανῶς

2171 806 2230 862 δὲ
2281 806 2570 873 νοοῦνται;
2605 807 2700 861 καὶ
2727 806 2787 859 τὸ
2820 806 3093 878 προσῆκον
3133 805 3168 878 ἦ
3196 809 3309 870 τοῖς
3353 807 3677 878 πράγμασιν
3708 805 3762 870 ἃ,

2172 900 2620 973 κρυφιωδέστερα
2643 900 2794 963 ὄντα,
2825 898 2998 964 οὕτως
3027 900 3394 969 ὲκφαίνονται,
3431 901 3521 953 ἵνα
3548 900 3624 971 μὴ
3656 902 3766 963 τοῖς

2174 993 2387 1058 πολλοῖς
2402 992 2850 1066 βεϐηλωθῶσιν,ῆ
2867 994 2980 1057 τοῖς
2996 992 3287 1064 ἡμετέροις
3303 995 3412 1056 νοῖς
3432 993 3528 1045 καὶ
3541 992 3761 1062 ψυχαῖς,

2170 1084 2409 1156 δηλονότι
2441 1083 2583 1140 κατὰ
2614 1086 2713 1157 τὴν
2759 1085 2870 1140 τῶν
2919 1084 3329 1156 ὑποδεχομένων
3376 1083 3609 1155 δύναμιν
3628 1101 3641 1113 ο
3674 1082 3765 1139 ἅλ-

2169 1177 2279 1243 λως
2317 1177 2428 1250 γὰρ
2471 1176 2886 1250 νομοθετοῦνται
2934 1179 2984 1231 οἱ
3024 1176 3305 1241 Ἰουδαῖοι,
3350 1176 3446 1230 καὶ
3491 1175 3670 1239 ἄλλως
3716 1176 3762 1228 οἱ

2170 1268 2315 1323 κατὰ
2349 1268 2586 1341 Χριστὸν
2618 1270 2798 1341 ἡμεῖς,
2837 1270 2939 1342 τὴν
2965 1270 3135 1341 αὐτὴν
3165 1268 3486 1340 νομοθεσίαν
3510 1285 3526 1298 ο
3564 1269 3762 1321 ἐκεῖνοι

2174 1359 2273 1431 μὲν
2306 1360 2366 1413 ἐν
2406 1358 2722 1431 γράμματι,
2765 1360 2926 1431 ἡμεῖς
2970 1357 3028 1413 δὲ
3078 1359 3139 1413 ὲν
3189 1358 3491 1429 πνεύματν
3539 1359 3606 1412 οὐ
3652 1357 3761 1431 γὰρ

2167 1449 2357 1513 ἁπλῶς
2391 1451 2633 1522 ἱστορίαν
2665 1449 2778 1522 ἔχει
2816 1451 2845 1504 ὁ
2897 1449 3055 1520 λόγος
3096 1449 3204 1503 τῶν
3246 1450 3575 1522 προφητῶν,
3626 1448 3760 1504 ἀλλὰ

2169 1543 2406 1616 ζωτικὴν
2437 1544 2716 1599 τελείωσιν
2743 1562 2757 1576 ο
2795 1544 2996 1609 σκοπὸς
3031 1542 3141 1616 γάρ
3171 1544 3289 1596 ἐστι
3322 1547 3432 1607 τοῖς
3464 1542 3641 1611 ἁγίοις
3670 1541 3758 1596 διὰ

2166 1636 2274 1691 τῶν
2291 1638 2549 1710 Γραφῶν,
2570 1638 2707 1711 πρὸς
2720 1639 2819 1709 τὴν
2838 1636 3052 1693 αἰώνιον
3069 1637 3212 1709 ζωὴν
3240 1636 3514 1690 τελεῖσθαι
3532 1638 3661 1701 τοὺς
3675 1636 3759 1689 δι-

2168 1729 2682 1802 δασκομένους(55).
2702 1729 2886 1784 Ταῦτα
2917 1729 2975 1784 δέ
3009 1747 3163 1800 φησι,
3195 1728 3411 1793 δεικνὺς
3440 1727 3758 1797 ἀναγκαίως

2166 1820 2267 1893 τὴν
2288 1821 2577 1896 ἀναγωγὴν
2596 1824 2653 1877 ἐν
2679 1825 2791 1886 τοῖς
2810 1821 2975 1887 θείοις
2996 1820 3175 1891 λόγοις
3196 1820 3440 1891 γίνεσθαι
3464 1819 3601 1891 (56).
3636 1820 3758 1892 Χρὴ

475 1951 627 1992 nunc
656 1938 923 2009 temporis
945 1936 1339 2003 coniiciuntur,
1370 1936 1427 1992 in
1457 1952 1647 1993 mensa
1674 1936 1857 1993 divina
1892 1936 2058 2007 282

2165 1889 2453 1987 τοιγαροῦν
2480 1889 2575 1968 παὶ
2600 1915 2748 1986 ἡμᾶς
2779 1913 2911 1968 εἵσω
2942 1889 3264 1986 παρακύψαι
3306 1912 3414 1966 τῶν
3448 1889 3756 1985 συμϐόλων,

476 2036 833 2084 sacrosancta
855 2027 1118 2099 mysteria
1147 2041 1246 2098 per
1277 2025 1436 2095 panis
1476 2025 1623 2081 sacri
1664 2032 1832 2096 atque
1868 2023 2059 2080 calicis

475 2115 944 2173 benedictionem.
976 2116 1190 2187 Duplici
1227 2116 1450 2188 quidem
1483 2116 1696 2171 ratione
1723 2115 1799 2170 ita
1826 2114 1943 2170 haec
1968 2128 2061 2171 sa-

476 2216 763 2267 cramenta
793 2210 1186 2265 coniiciuntur.
1237 2206 1357 2264 Una
1395 2215 1503 2273 est,
1535 2214 1595 2263 ut
1627 2214 1821 2264 sancta
1871 2207 1988 2262 haec
2024 2219 2059 2260 a

474 2298 794 2370 vulgaribus
825 2298 1144 2355 hominibus
1171 2297 1582 2369 distinguantur
1611 2310 1677 2352 ac
1706 2302 2053 2368 separentur,

473 2388 567 2460 qui
601 2396 880 2461 nequeunt
926 2389 1239 2460 pertingere
1284 2386 1353 2443 ad
1390 2402 1455 2445 ea
1491 2403 1615 2460 quae
1656 2386 2055 2444 consideranda

472 2491 886 2551 proponuntur,
930 2495 1170 2551 quorum
1221 2480 1435 2536 scilicet
1479 2479 1787 2550 vulgarium
1842 2480 2053 2551 gratia,

474 2571 632 2643 signa
671 2571 946 2641 ejusmodi
992 2571 1279 2642 ﬁgurativa
1312 2577 1467 2628 sunt.
1509 2570 1696 2625 Altera
1726 2578 1811 2626 est
1833 2571 2056 2640 quando

472 2665 586 2718 vita
617 2661 735 2718 haec
760 2667 952 2718 nostra
982 2660 1052 2715 ab
1080 2660 1263 2715 anima
1283 2660 1483 2731 pendet
1520 2659 1684 2717 simul
1706 2670 1760 2715 et
1789 2675 2051 2731 corpore:

473 2762 530 2811 ct
559 2752 778 2825 quidem
810 2759 965 2824 parte
990 2766 1101 2806 una
1128 2751 1464 2808 individuam
1487 2760 1650 2823 atque
1672 2752 2055 2824 incorpoream

473 2846 672 2902 animae
706 2853 996 2911 naturam;
1037 2844 1142 2900 hoc
1186 2853 1369 2902 autem
1403 2844 1553 2917 quod
1591 2844 1863 2903 distinctae
1890 2845 1964 2903 sit
1989 2860 2057 2903 ac

472 2934 899 2992 multimembris
927 2942 1142 2991 natura:
1169 2949 1376 3006 corpus
1398 2973 1417 3000 ,
1448 2941 1615 3005 atque
1650 2935 1780 2992 hinc
1806 2934 2013 2991 factum
2033 2975 2052 3003 ,

471 3039 535 3086 ut
571 3030 745 3087 divini
789 3031 954 3087 istius
1002 3028 1336 3087 sacramenti
1383 3029 1657 3086 confectio
1694 3031 1800 3086 sub
1847 3030 2051 3102 duplici

471 3124 699 3177 materia
726 3122 1163 3193 dispensaretur,
1196 3136 1295 3190 pro
1324 3121 1694 3191 qualicunque
1726 3121 1928 3177 virium
1953 3138 2056 3178 no-

472 3221 713 3271 sti-arum
742 3213 1117 3284 proportione,
1143 3212 1379 3270 Domino
1402 3228 1505 3269 nos
1529 3213 1748 3269 interim
1768 3213 2055 3272 erudiente
2081 3231 2123 3289 (ς

472 3317 680 3358 arcano
711 3316 813 3357 suo
847 3301 1049 3357 afﬂatu.
1094 3300 1218 3356 1am
1266 3302 1464 3358 anima:
1506 3302 1943 3374 impassibilitas,
1972 3304 2056 3362 vis

470 3409 669 3464 nempe
713 3393 890 3463 ipsius
936 3392 1318 3450 intellectilis:
1359 3408 1473 3448 non
1518 3392 1665 3463 quod
1706 3393 1935 3453 omnino
1984 3394 2057 3450 sit

470 3498 670 3555 expers
715 3481 979 3556 patiendi,
1013 3484 1110 3540 sed
1155 3483 1285 3555 quia
1326 3490 1675 3540 externarum
1730 3486 2053 3556 passionum

470 3573 637 3629 nulla:
662 3588 722 3630 se
747 3571 979 3628 oﬂ‘erant
1006 3586 1188 3629 causae
1220 3570 1680 3643 quemadmodum
1712 3571 1818 3628 hoc
1849 3586 2055 3643 corpus

472 3665 778 3722 innumeris
825 3665 1121 3720 obnoxium
1150 3661 1513 3719 incommodis
1533 3702 1547 3727 ,
1577 3678 1811 3733 quorum
1841 3664 2052 3719 nullum

472 3769 703 3827 prorsus
725 3756 941 3827 cogitur
962 3755 1145 3810 anima
1168 3754 1466 3821 sustinere,
1503 3754 1613 3810 nisi
1648 3756 1897 3811 ultronea
1924 3769 2054 3825 pro-

470 3849 663 3919 priave
688 3850 980 3905 voluntate
1028 3863 1096 3905 eo
1144 3847 1447 3904 deflexerit.
1493 3846 1620 3903 Haec
1646 3849 1826 3920 .igitur
1855 3848 2052 3904 animae

2159 2009 2254 2064 καὶ
2281 2006 2551 2079 θεωρῆσαι
2573 2006 2714 2062 αὐτὰ
2735 2006 2810 2071 ὡς
2830 2006 3026 2077 ἔκγονα
3053 2006 3210 2060 θείων
3234 2006 3328 2060 καὶ
3355 2006 3563 2077 νοητῶν
3582 2026 3756 2081 χαρα-

2159 2097 2377 2170 κτήρων
2397 2114 2410 2127 ·
2440 2098 2535 2151 καὶ
2570 2097 2683 2170 γὰρ
2706 2098 2767 2151 οὐ
2802 2098 2959 2170 μόναι
2993 2099 3049 2153 αἱ
3080 2099 3453 2171 προσκυνηταὶ
3478 2099 3580 2171 τῆς
3595 2099 3756 2169 ἁγίας

2157 2188 2387 2261 Τριάδος
2402 2188 2725 2253 ὑποστάσεις
2740 2189 3027 2260 πμὸόλοις
3040 2189 3515 2244 διαποικίλλονταιι
3536 2190 3758 2263 καὶπῦρ

2157 2278 2416 2349 λέγεταιὸ
2436 2280 2587 2350 Θεὸς,
2615 2280 2710 2349 ὡς,
2732 2282 2859 2352 Πῦρ
2885 2284 3351 2350 καταναλίσκον,
3373 2283 3470 2337 καὶ
3493 2286 3567 2339 τὰ
3583 2287 3757 2355 λόγια

2156 2375 2371 2429 τούτου
2395 2374 2789 2444 πεπυρωμένα
2802 2392 2815 2405 ·
2835 2374 2968 2429 ἀλλὰ
2989 2375 3148 2429 καὶοὶ
3169 2375 3389 2445 ἄγγελοι
3411 2376 3756 2448 συμϐολικῶς

2156 2464 2542 2539 διαγράφονται
2562 2485 2575 2497 ·
2594 2466 2810 2537 λέγεται
2838 2467 2945 2540 γὰρ
2965 2468 3059 2522 καὶ
3087 2469 3214 2540 περὶ
3241 2468 3440 2522 αὐτῶν
3479 2469 3542 2522 '0
3564 2469 3756 2524 ποιῶν

2156 2557 2298 2624 τοὺς
2327 2557 2620 2628 ἀγγέλους
2639 2559 2826 2615 αὐτοῦ
2851 2561 3179 2630 πνεύματα,
3202 2560 3297 2614 καὶ
3326 2560 3470 2626 τοὺς
3483 2563 3753 2629 λειτοιῬ-

2155 2647 2301 2717 τοὺς
2313 2648 2499 2703 αὐτοῦ
2522 2648 2711 2717 πυρὸς
2724 2651 2941 2720 φλόγα.
2969 2649 3103 2703 Ἀλλ’
3121 2651 3268 2721 ὅμως
3288 2652 3424 2723 πρὸς
3438 2649 3509 2702 τὰ
3526 2651 3753 2704 ὑποκεῖ-

2160 2756 2294 2810 μενα
2306 2739 2462 2793 καὶοὶ
2479 2738 2631 2793 τύποι
2653 2739 2916 2808 νοοῦνται,
2936 2741 3037 2796 κᾶν
3051 2743 3100 2796 οἱ
3116 2742 3268 2795 αὐτοὶ
3293 2738 3401 2795 εἷεν
3421 2757 3434 2770 ⁶
3454 2743 3488 2814 ἢ
3506 2742 3642 2812 γοῦν
3656 2741 3751 2795 τοῦ

2156 2829 2330 2902 πυρὸς
2372 2829 2534 2884 εἰκὼν
2566 2830 2900 2903 λαμσάνεται
2937 2833 3030 2886 ἐπὶ
3074 2832 3209 2886 Θεοῦ
3229 2876 3244 2901 ,
3279 2831 3312 2904 ἢ
3342 2832 3486 2886 κατὰ
3519 2833 3584 2886 τὸ
3612 2834 3751 2905 ὑπὲρ

2157 2919 2357 2991 νόησιν,
2375 2919 2456 2973 ὅτι
2480 2919 2590 2993 πῦρ
2607 2920 2854 2991 λέγεται·
2888 2922 3002 2977 ἀλλ’
3021 2923 3160 2996 ὑπὲρ
3177 2923 3335 2977 τοῦτό
3355 2924 3495 2977 ἐστι.
3518 2924 3673 2988 Τέως
3693 2925 3748 2979 δὲ

2159 3011 2375 3081 λέγεται
2422 3012 2561 3086 πῦρ,
2604 3014 2681 3079 ὡς
2722 3015 2893 3080 αἴτιος
2942 3016 3132 3088 πυρός.
3180 3017 3291 3071 Καὶ
3335 3018 3462 3070 ἐπεὶ
3496 3016 3560 3069 τὺ
3605 3016 3747 3070 θεῖον

2157 3104 2297 3177 ὑπὲρ
2337 3105 2520 3176 νόησίν
2567 3107 2754 3176 ἐστιν,
2807 3108 2916 3162 ἀπὸ
2962 3108 3071 3163 τῶν
3128 3109 3386 3162 αῖτιατῶν
3437 3108 3517 3173 ὡς
3574 3111 3746 3172 αἴτιος

2156 3200 2393 3264 νοεῖται,
2460 3196 2494 3270 ἢ
2543 3198 2687 3253 κατὰ
2735 3198 2833 3272 τὴν
2879 3198 3045 3256 αὐτοῦ
3084 3200 3361 3272 πρόνοιαν,
3405 3200 3483 3265 ὡς
3528 3201 3591 3254 ὲν
3634 3201 3747 3264 τοῖς

2157 3290 2513 3360 Εὐαγγελίοις
2534 3332 2549 3357 ,
2586 3291 2712 3361 Πῦρ
2742 3292 2934 3362 ἦλθον
2971 3293 3192 3359 ,βαλεῖν
3214 3294 3313 3349 ἐπὶ
3345 3294 3457 3364 τῆς
3494 3294 3612 3365 γῆς
3633 3313 3649 3327 -
3686 3293 3747 3348 τὸ

2154 3381 2265 3455 γὰρ
2297 3384 2654 3455 προνοητικὸν
2682 3385 2846 3439 αὑτοῦ
2880 3387 2975 3441 καὶ
3003 3387 3095 3440 ἐπὶ
3128 3389 3261 3442 πᾶσι
3293 3388 3625 3461 δραστήριον
3651 3389 3746 3443 καὶ

2154 3473 2487 3548 διακριτικὸν
2518 3475 2630 3548 πῦρ
2660 3477 2982 3549 ὀνομάζεται
3006 3495 3020 3508 ο
3068 3478 3101 3550 ἢ
3159 3478 3301 3533 κατὰ
3331 3480 3422 3533 τὸν
3451 3480 3635 3549 λόγον,
3668 3480 3744 3543 ὡς

2155 3568 2308 3641 παρὰ
2330 3568 2408 3641 τῷ
2448 3568 2688 3642 Ἱερεμίᾳ
2710 3586 2724 3599 ο
2753 3572 2875 3638 Οὐχ
2905 3570 3093 3636 οὓτως
3111 3573 3165 3624 οἱ
3186 3571 3351 3641 λόγοι
3375 3589 3519 3641 μου,
3540 3571 3742 3640 ὥσπερ

2154 3663 2311 3732 πῦρ;
2338 3662 2499 3733 λέγει
2532 3664 2746 3731 Κύριος
2766 3680 2779 3693 ·
2810 3662 2896 3716 διὰ
2927 3662 2988 3716 τὸ
3017 3662 3254 3735 καθαρὸν
3286 3663 3464 3735 πάντη
3492 3664 3590 3718 καὶ
3620 3663 3741 3718 dxi-

2152 3753 2343 3826 ϐδηλον
2361 3773 2374 3785 '
2399 3753 2581 3819 καθὼς
2599 3756 2694 3808 καὶ
2718 3753 2868 3826 παρὰ
2888 3754 2966 3825 τῷ
2989 3754 3148 3808 Δαυιδ
3168 3771 3182 3786 ο
3224 3755 3298 3809 Τὰ
3322 3756 3501 3825 λόγια
3515 3755 3737 3824 Κυρίου

2151 3846 2563 3916 πεπυρωμένα,
2596 3846 2770 3915 λόγια
2797 3843 2967 3915 ἁγνά.
3007 3844 3142 3898 Ἀλλ’
3170 3844 3313 3898 οὕτω
3357 3846 3457 3916 μὲν
3504 3845 3601 3898 ἐπὶ
3642 3842 3735 3896 τοῦ

2150 3937 2286 3991 Θεοῦ
2305 3955 2318 3968 ·
2354 3937 2571 4007 λέγεται
2618 3938 2675 3991 δὲ
2724 3938 2819 3991 καὶ
2849 3938 2943 3991 ἐπὶ
2970 3936 3080 3991 τῶν
3122 3937 3368 4008 ἀγγέλων
3397 3937 3462 3991 τὸ
3496 3937 3632 4009 πῦρ,
3661 3937 3736 4000 ὡς

2153 4030 2412 4085 αἰτιατῶν
2442 4031 2505 4083 ὲκ
2526 4028 2662 4083 Θεοῦ
2681 4029 2822 4083 κατὰ
2844 4027 3077 4101 μέθεξιν,
3106 4029 3296 4103 ὥσπερ
3324 4029 3459 4103 δῆτα
3486 4029 3734 4100 λέγονται

473 3941 624 3998 circa
648 3943 936 4013 passiones
958 3939 1332 3997 inﬂexibilitas
1354 3940 1423 3995 ad
1448 3941 1781 4013 spectandas
1810 3942 2050 4013 species,

471 4049 594 4107 qua:
626 4035 907 4091 intellectu
936 4033 1057 4091 solo
1092 4031 1657 4103 comprehenduntur,
1688 4033 1938 4103 sejuncta
1964 4037 2051 4088 est

469 4132 526 4183 et
555 4125 830 4197 disparata
859 4143 872 4181 :
909 4139 1049 4196 quas
1075 4124 1298 4195 quidem
1339 4124 1581 4182 visiones
1615 4124 1894 4196 simplices
1924 4138 2050 4181 esse

2161 4124 2249 4178 καὶ
2279 4121 2415 4193 φῶς,
2438 4123 2532 4176 καὶ
2563 4122 2675 4179 θεοὶ
2702 4124 2795 4177 καὶ
2821 4122 2988 4176 τᾶλλα
3016 4122 3085 4176 τὰ
3113 4122 3191 4195 τῷ
3213 4122 3332 4195 Θεῷ
3362 4124 3733 4196 προσήκοντα.

467 4220 528 4271 et
554 4213 779 4271 intimas
819 4216 1040 4280 astruit,
1067 4214 1228 4285 quasi
1282 4228 1519 4271 arcanas
1576 4215 1815 4269 maxime
1859 4220 1915 4269 et
1961 4212 2239 4270 introrsus
2285 4213 2688 4270 delitescentes.
2731 4212 3000 4269 Caeterum
3037 4215 3288 4286 passiva,
3325 4230 3448 4287 qua:
3489 4224 3643 4271 extra
3677 4227 3735 4268 se

473 4307 634 4374 ﬁunt,
664 4308 908 4365 admittit
934 4308 1042 4365 sibi
1081 4318 1315 4381 cognata
1350 4309 1468 4365 haec
1512 4308 1794 4365 involucra
1838 4308 2158 4379 ﬁgurarum.
2205 4307 2400 4380 Liquet
2429 4308 2534 4365 hoc
2583 4326 2650 4366 ex
2707 4326 2794 4377 eo,
2846 4309 2993 4383 quod
3046 4311 3432 4384 prophetarum
3485 4306 3733 4364 nonnulli

471 4403 795 4475 perspicuae,
829 4400 935 4458 hoc
976 4410 1064 4457 est
1101 4401 1264 4457 nuda:
1291 4417 1393 4458 nec
1422 4401 1548 4456 ullis
1575 4400 1821 4456 tectoriis
1849 4399 2189 4456 adumbrata:
2218 4401 2507 4472 theologia:
2570 4401 2851 4458 auditores
2882 4402 3051 4460 fuisse
3099 4403 3414 4459 referuntur
3463 4417 3481 4456 :
3541 4408 3604 4456 ut
3650 4408 3734 4455 est

469 4492 601 4563 quia
628 4492 893 4550 Dominus
928 4508 989 4550 se
1014 4494 1302 4550 visendum
1332 4492 1578 4552 exhibuit
1607 4493 1711 4565 ipsi
1742 4493 2042 4560 Abraham,
2072 4494 2188 4551 sive
2214 4495 2378 4550 etiam
2410 4493 2603 4567 Moysi.
2642 4494 2705 4549 Et
2729 4495 2867 4550 dixit
2892 4496 2995 4552 hoc
3043 4497 3243 4553 ethoc.
3292 4497 3359 4552 Et
3412 4494 3600 4551 factus
3650 4498 3733 4548 est

471 4600 656 4643 sermo
707 4584 925 4641 Domini
969 4584 1040 4640 ad
1075 4585 1222 4643 hunc
1266 4587 1611 4658 prophetam.
1650 4584 1716 4639 Et
1748 4585 1803 4640 hi
1833 4584 2053 4656 quidem
2081 4586 2139 4641 in
2166 4586 2361 4657 seipsis
2391 4601 2559 4641 unam
2595 4586 2833 4658 aliquam
2859 4587 3121 4661 aliingunt
3172 4588 3469 4660 imaginem
3510 4588 3609 4642 tali
3650 4588 3733 4643 vi-

471 4680 639 4745 sioni,
679 4687 810 4751 puta
843 4680 1363 4753 contemplationem
1406 4693 1707 4748 congruam
1755 4677 1970 4748 pietati,
1998 4693 2120 4749 qua:
2145 4678 2343 4734 divina:
2380 4686 2592 4733 naturae
2634 4680 2925 4751 utrobique
2968 4689 3182 4736 servata
3228 4680 3496 4751 temperie
3532 4696 3730 4736 conve-

471 4772 610 4830 niat.
644 4772 764 4840 Quo
809 4773 955 4829 enim
985 4781 1148 4844 pacto
1181 4772 1319 4829 alias
1358 4769 1484 4841 quis
1533 4769 1708 4842 possit
1746 4770 2039 4824 manuduci
2062 4769 2132 4825 ad
2160 4772 2492 4843 praescripta:
2530 4773 2815 4844 theologia;
2860 4773 3314 4847 intelligentiam?
3361 4774 3501 4846 ipsa:
3545 4776 3733 4833 etiam-

471 4880 605 4922 num
635 4871 902 4920 creatura:
926 4870 1338 4935 praeponuntur,
1367 4869 1423 4918 et
1453 4861 1610 4933 quasi
1639 4862 1934 4933 prmjacent
1962 4860 2330 4920 invisibilihus
2368 4871 2424 4919 ct
2471 4866 2926 4937 intelligibilibus.
2968 4867 3138 4939 quue
3174 4884 3286 4923 non
3326 4868 3482 4924 solus
3532 4868 3730 4923 astruit

471 4956 815 5014 admirabilis
864 4957 953 5013 ille
1007 4956 1290 5027 apostolus
1327 4954 1530 5012 Paulus
1592 4954 1783 5014 dicens
1831 4971 1846 5007 :
1884 4956 2024 5023 Quia
2076 4958 2367 5014 inuisibilia
2412 4961 2579 5030 ipsius
2625 4976 2719 5029 per
2763 4978 2867 5027 ea,
2911 4977 3029 5033 qua:
3064 4959 3211 5030 facta
3244 4970 3405 5028 sunt,
3459 4959 3730 5014 intellecta

471 5047 953 5116 conspiciamur"!
994 5046 1092 5104 sed
1124 5056 1179 5104 et
1214 5047 1452 5104 Verbum
1485 5063 1649 5104 verax
1669 5088 1683 5113 ,
1716 5050 1835 5120 ipse
1866 5048 2131 5107 Dominus
2167 5060 2356 5108 noster
2378 5052 2542 5110 Jesus
2569 5052 2826 5110 Christus
2888 5054 3108 5125 quando
3134 5054 3268 5109 dicit
3333 5069 3348 5107 :
3409 5053 3473 5109 Si
3524 5062 3730 5108 terrena

472 5141 589 5199 dixi
619 5137 787 5204 vobis,
819 5149 872 5194 et
907 5156 1012 5194 non
1045 5139 1262 5195 creditis
1287 5155 1306 5193 :
1337 5140 1598 5211 quomodo
1628 5141 1676 5195 si
1708 5140 1941 5195 cwlestia
2003 5142 2188 5197 dixero
2250 5144 2391 5200 vobis
2458 5144 2677 5200 credetis
2711 5146 2784 5200 ιιῖ
2829 5146 3039 5202 Idcirco
3096 5146 3283 5202 eximii
3325 5146 3405 5200 illi
3450 5144 3730 5216 prophetae

475 5230 674 5298 partim
703 5231 925 5303 quidem
964 5232 1022 5287 in
1055 5232 1233 5289 civilis
1274 5248 1339 5288 ac
1384 5234 1593 5305 legibus
1640 5234 1908 5292 institutae
1955 5237 2081 5293 vitae
2133 5252 2341 5295 morem
2376 5253 2477 5294 sua
2517 5239 2957 5309 contemplantur
3005 5240 3264 5303 oracula,
3315 5248 3374 5293 ut
3426 5254 3556 5294 cum
3595 5237 3728 5295 dicit

476 5317 647 5379 Isaias
663 5331 721 5378 °:
749 5323 929 5380 Venite
943 5324 1108 5397 283
1134 5334 1184 5380 et
1205 5324 1714 5395 disceplemus,dicit
1736 5328 2015 5386 Dominus.
2041 5327 2176 5383 Nam
2200 5338 2254 5385 et
2276 5330 2381 5386 hoc
2404 5330 2474 5386 ad
2500 5330 2678 5388 civilis
2706 5331 2832 5387 vita:
2869 5334 3156 5403 legumque
3178 5331 3446 5387 rationem
3472 5332 3724 5403 pertinet.

474 5412 693 5469 Alicubi
738 5419 1058 5490 purgative,
1111 5424 1171 5471 ut
1205 5432 1330 5472 cum
1376 5418 1671 5475 admonent
1712 5440 1727 5478 :
1766 5421 2035 5488 Sitientes,
2061 5427 2227 5480 venite
2259 5423 2327 5478 ad
2367 5437 2645 5496 aquamp;
2694 5435 2749 5483 et
2801 5444 2815 5479 :
2871 5424 3184 5492 Lavamini,
3226 5426 3412 5480 mundi
3467 5436 3722 5495 estates;

478 5512 535 5559 et
566 5524 581 5561 :
616 5507 861 5564 Accedite
892 5510 961 5564 ad
993 5526 1147 5577 eum,
1175 5521 1227 5566 et
1260 5511 1639 5567 illuminamini
1681 5524 1725 5569 τ.
1781 5514 1909 5572 Haec
1941 5518 2089 5573 enim
2145 5518 2453 5573 doctrinam
2511 5521 2819 5590 respiciunt
2877 5520 3042 5576 simul
3088 5528 3141 5575 et
3187 5520 3577 5590 expiationem.
3626 5518 3724 5576 illa

482 5598 670 5668 igitur,
702 5617 825 5671 qua:
856 5603 1083 5672 politica
1104 5611 1266 5671 sunt,
1318 5611 1375 5659 ct
1414 5606 1595 5674 legum
1646 5606 1938 5666 formulam
1998 5610 2335 5681 praeferunt,
2394 5612 2669 5668 rationem
2720 5613 2971 5669 obtinent
3023 5612 3343 5683 signorum;
3399 5622 3529 5667 sunt
3577 5614 3724 5667 enim

482 5693 757 5748 crassiora
785 5696 1057 5767 nobisque
1101 5696 1394 5754 manifesta
1432 5699 1709 5757 omnibus.
1750 5701 1886 5768 Quae
1929 5718 2059 5757 vero
2091 5704 2429 5774 purgatoria,
2490 5706 2761 5761 rationem
2797 5704 3082 5761 continent
3136 5705 3297 5759 nudae
3334 5704 3489 5763 illius
3534 5705 3717 5777 signo-

553 5875 595 5900 ⁸⁸
625 5867 780 5924 Rom.
814 5886 852 5938 ι,
888 5868 978 5925 20.
1056 5882 1084 5912 ιι
1112 5870 1269 5929 Joan.
1305 5888 1389 5943 nr,
1418 5873 1505 5933 12.
1560 5886 1632 5955 μθ
1660 5873 1853 5950 ϐοροι,
1896 5878 1983 5935 l8.

2161 5895 2217 5937 ra.
2250 5894 2337 5951 ιν,
2375 5882 2426 5938 1.
2501 5891 2529 5934 τι
2556 5879 2664 5940 lsa.
2697 5896 2738 5957 ι,
2770 5882 2857 5942 16.
2892 5959 2916 5965 γε
2939 5893 2961 5923 τ
2985 5881 3131 5941 Psal.
3156 5897 3360 5952 xum,
3394 5881 3447 5939 6.

3648 5967 3731 5985 ν
