3882 6534
162 460 252 518 497
884 447 1333 507 ΡΑΟΗΫΜΕΒΕ
1371 441 1721 504 PABAPHN

1824 442 1854 500 5
1892 445 1959 499 ΙΝ
1999 444 2149 504 ΕΡΡ.
2193 445 2253 507 S.
2294 445 2613 504 DIONYSH.
3291 445 3396 502 498

163 589 269 630 rum
296 568 611 642 theologia.
639 567 873 638 ideoque
901 567 993 622 illa
1016 566 1236 638 quidem
1269 565 1495 621 inducta
1550 562 1808 619 videntur
1856 562 2140 618 hominum
2182 579 2367 628 more,
2411 567 2525 621 sive
2583 565 2750 620 etiam
2803 563 3165 634 aliquousque
3225 564 3399 619 subli-

164 665 308 720 mius.
370 661 485 717 Hoc
513 661 661 718 enim
687 661 889 716 indicat
908 659 1077 725 dictio
1107 659 1307 733 μέσως,
1344 661 1398 714 id
1427 667 1511 714 est
1540 658 1728 714 medie.
1792 655 1917 713 llac
1951 674 2080 713 vero
2121 657 2412 715 sublimius
2449 667 2503 714 et
2569 661 2634 715 ad
2677 657 3065 728 perfectionem
3115 656 3398 713 efficacius

162 757 498 812 inducuntur.
538 753 603 808 Et
655 754 748 808 illa
790 752 1008 824 quidem
1043 767 1075 806 a
1117 753 1430 823 conspicuis
1481 753 1726 824 legibus:
1761 752 1877 807 hac
1905 759 2088 807 autem
2121 752 2190 807 ab
2250 751 2320 806 iis
2365 768 2486 822 qua
2519 767 2616 822 per
2660 766 2718 806 se
2767 765 2984 807 arcana
3043 757 3174 805 sunt
3212 757 3266 804 et
3316 747 3400 802 di-

161 852 299 905 vina.
359 847 578 907 Rursus
610 851 702 905 illa
758 851 996 920 antiqua
1040 849 1177 920 legis
1223 849 1441 904 decreta
1488 849 1768 920 pmpalam
1827 848 2047 920 quidem
2091 848 2437 920 evulgantur,
2481 848 2716 903 obscure
2769 852 2950 902 autem
2998 844 3399 914 intelliguntur.

160 941 357 1010 Alioqui
416 944 486 1005 is,
527 942 618 1012 qui
677 941 795 1012 lege
823 939 1007 996 sanxit
1031 937 1265 1008 jejunia,
1313 936 1550 993 Sabbata
1580 945 1635 991 et
1688 936 2047 1000 neomenias,
2106 943 2296 1006 postea
2352 951 2450 1006 per
2500 934 2746 992 lsaiams
2797 936 2878 992 sic
2926 935 3171 1006 loquitur
3212 954 3224 988 :
3268 933 3400 999 Quis

158 1032 279 1084 enim
320 1033 561 1101 quasivit
587 1032 697 1087 hac
727 1031 790 1086 de
810 1038 1052 1092 manibus
1085 1035 1288 1097 vestris,
1319 1034 1428 1090 nisi
1457 1034 1584 1106 quia
1611 1033 1902 1104 perspicue
1931 1032 2153 1103 quidem
2207 1033 2488 1097 dicuntur,
2543 1033 2927 1104 intelliguntur
2975 1039 3155 1085 autem
3206 1029 3400 1084 obscuA

160 1123 302 1177 rius?
356 1122 733 1180 Conveniebat
762 1129 1012 1198 profecto
1040 1126 1352 1184 istiusmodi
1392 1128 1594 1191 rebus,
1627 1141 1748 1196 qua
1781 1141 1878 1195 per
1905 1142 1964 1180 se
1997 1140 2125 1179 cum
2167 1125 2539 1182 abstrusiores
2585 1125 2719 1189 sint,
2755 1123 2824 1178 ad
2877 1124 3026 1179 hunc
3067 1122 3288 1178 modum
3340 1129 3402 1176 ut

158 1212 546 1284 cvulgareutur,
601 1233 670 1272 ne
695 1233 725 1271 a
777 1218 1197 1289 quamplurimis
1240 1216 1700 1289 profanarentur:
1737 1218 1852 1274 sive
1882 1217 1937 1273 id
1969 1217 2176 1273 nostris
2202 1219 2370 1273 etiam
2401 1218 2741 1291 congruebat
2765 1221 3020 1276 sensibus
3063 1228 3118 1273 et
3175 1217 3396 1276 animis.

159 1320 245 1375 pro
306 1309 675 1378 accipientum
705 1311 958 1367 videlicet
988 1320 1174 1382 captu.
1207 1313 1382 1368 Aliter
1409 1315 1557 1370 enim
1587 1312 1758 1369 Judaei
1793 1330 1925 1379 sua,
1949 1313 2109 1370 aliter
2131 1329 2234 1370 nos
2257 1315 2351 1386 qui
2401 1314 2626 1371 Christo
2670 1317 2894 1372 nomina
2937 1316 3219 1374 dedimus.
3263 1313 3400 1382 legis

159 1407 343 1456 nostra
407 1402 632 1459 decreta
673 1404 1123 1476 interpretamur.
1169 1407 1253 1465 llli
1292 1410 1437 1464 enim
1477 1410 1532 1464 in
1577 1410 1757 1464 littera
1794 1412 1902 1466 vim
1941 1425 2054 1466 sua
2093 1409 2230 1482 legis
2262 1409 2643 1479 constituunt;
2705 1427 2809 1466 nos
2853 1411 2910 1466 in
2954 1410 3172 1480 spiritu.
3213 1407 3400 1478 Neque

157 1497 284 1550 enim
331 1497 620 1553 historiam
651 1509 926 1571 utcunque
955 1503 1202 1559 continet
1241 1520 1422 1561 sermo
1459 1505 1848 1576 propheticus,
1881 1504 1977 1559 sed
2024 1511 2080 1559 et
2135 1504 2194 1558 in
2252 1517 2312 1559 se
2369 1503 2534 1558 habet
2579 1503 2921 1559 reconditam
2961 1502 3232 1558 vivificam
3271 1517 3397 1572 per-

159 1588 444 1644 fectionem.
507 1588 609 1646 Hic
661 1592 807 1648 enim
843 1595 1052 1651 sanctis
1083 1596 1280 1652 unicus
1311 1596 1413 1652 fuit
1443 1613 1664 1668 scopus,
1707 1607 1767 1653 ut
1797 1612 1894 1668 per
1917 1612 2013 1653 eas
2037 1596 2384 1667 Scripturas,
2413 1613 2553 1668 quos
2583 1597 2902 1654 docuissent
2926 1597 3116 1661 semel,
3169 1596 3397 1668 perfice-

157 1687 262 1734 rent
303 1681 778 1754 proveberentque
826 1684 896 1739 ad
937 1694 1200 1742 aternam
1251 1689 1440 1744 vitam.
1490 1689 1555 1743 Et
1595 1690 1710 1744 hac
1742 1690 1963 1760 quidem
1983 1689 2082 1752 ait,
2139 1689 2355 1746 interim
2374 1691 2635 1761 graphice
2680 1690 2970 1745 declarans
3023 1688 3398 1744 sublimiorem

156 1771 426 1840 quamdam
500 1772 914 1847 intelligentiam
963 1779 1021 1832 in
1054 1778 1256 1836 divinis
1300 1779 1612 1850 Scripturis
1642 1797 1767 1838 esse
1801 1781 2211 1852 requirendam.
2266 1782 2457 1854 Opera
2498 1785 2667 1854 igitur
2718 1783 2955 1854 pretium
3007 1780 3206 1844 fuerit,
3241 1788 3300 1835 ut
3347 1789 3402 1836 et

157 1880 244 1921 nos
271 1867 540 1936 ejusmodi
571 1869 725 1939 signa
761 1870 1233 1943 introspiciamus,
1285 1860 1532 1932 simulet
1567 1875 1757 1932 eadem
1801 1876 2254 1946 contemplemur,
2291 1878 2450 1948 quasi
2500 1877 2812 1933 divinarum
2863 1875 3402 1947 intelligibiliumque

156 1961 376 2027 germina
419 1964 744 2032 ﬁgurarum.
795 1963 917 2020 Non
959 1967 1106 2021 enim
1141 1970 1272 2025 sola
1309 1971 1414 2024 illa
1461 1971 1721 2026 omnibus
1783 1970 2078 2025 adoranda
2127 1979 2495 2026 sacrosancta
2531 1970 2814 2026 Trinitatis
2860 1982 3110 2040 persona
3155 1967 3402 2038 figurati-

157 2053 227 2106 vis
273 2053 443 2122 signis
497 2055 936 2139 distinguuntur.
995 2057 1145 2129 Ignis
1207 2061 1478 2132 siquidem
1531 2062 1733 2117 dicitur
1762 2060 1938 2127 Deus,
1974 2070 2034 2117 ut
2060 2062 2196 2116 illud
2225 2079 2238 2114 :
2268 2061 2414 2133 Ignis
2452 2078 2764 2118 consumens
2809 2070 2888 2116 est
2916 2062 2970 2126 t;
3032 2067 3086 2115 et
3123 2078 3135 2114 :
3171 2057 3402 2127 Eloquia

156 2150 301 2216 ipsius
349 2151 526 2222 ignita
548 2162 599 2205 ιι.
651 2151 758 2207 Sed
809 2154 991 2224 angeli
1023 2170 1242 2226 quoque
1287 2157 1389 2226 ipsi
1437 2156 1724 2227 figurative
1758 2156 2188 2212 describuntur:
2229 2155 2432 2211 dicitur
2475 2157 2619 2215 enim
2657 2156 2726 2211 de
2768 2156 2855 2211 his
2900 2172 2914 2208 :
2981 2155 3088 2222 Qui
3127 2152 3260 2222 facit
3301 2169 3400 2204 au—

155 2243 280 2308 gelos
323 2258 448 2296 suos
500 2244 724 2312 spiritus
751 2283 767 2309 ,
801 2252 853 2298 et
896 2247 1171 2302 ministros
1217 2264 1342 2303 suos
1387 2249 1523 2320 ignis
1569 2249 1846 2318 ﬂammam
1906 2259 1954 2303 ν.
2012 2249 2266 2303 Attamen
2295 2255 2562 2318 quantum
2631 2247 2699 2302 ad
2733 2246 2850 2300 hac
2890 2245 3141 2314 subjecta
3182 2242 3398 2304 attinet,

155 2335 302 2391 etiam
343 2336 536 2408 figura
583 2340 720 2394 satis
769 2341 1186 2412 intelliguntur,
1235 2342 1376 2398 tales
1425 2343 1552 2397 licet
1591 2343 1724 2412 ipsa
1749 2342 1901 2397 sint:
1941 2342 2058 2397 sive
2080 2341 2244 2414 284
2275 2341 2454 2413 imago
2483 2341 2600 2410 ipsa
2633 2340 2775 2412 ignis
2814 2355 2916 2410 pro
2972 2337 3083 2393 Deo
3138 2337 3398 2399 sumitur,

156 2436 237 2482 aut
263 2432 565 2486 secundum
599 2432 654 2487 id
692 2435 838 2503 quod
863 2434 1276 2507 intelligentiam
1303 2433 1538 2498 excedit,
1568 2435 1698 2504 quia
1738 2433 1882 2504 ignis
1921 2449 2140 2504 quoque
2178 2434 2401 2488 dicitur.
2461 2433 2733 2489 Caterum
2777 2431 2882 2486 hoc
2928 2445 3123 2487 rursus
3166 2442 3405 2497 exsupe-

156 2527 425 2577 ratznam
453 2525 615 2594 prius
648 2524 790 2596 ignis
817 2527 1040 2593 dicitur,
1069 2525 1230 2598 quasi
1276 2527 1372 2599 qui
1422 2534 1618 2583 auctor
1683 2527 1756 2582 sit
1818 2528 1982 2598 ignis.
2040 2527 2108 2581 Et
2166 2528 2388 2599 quando
2447 2542 2650 2582 numen
2697 2540 2918 2582 omnem
2984 2523 3399 2595 intelligentiam

158 2616 474 2670 transcendit
494 2656 510 2680 ,
548 2617 680 2673 hinc
709 2633 740 2672 a
772 2620 936 2677 rebus
975 2621 1176 2678 creatis
1208 2629 1268 2676 ut
1303 2636 1494 2677 earum
1524 2629 1720 2677 auctor
1744 2623 2088 2694 intelligitur,
2151 2623 2268 2679 sive
2295 2631 2519 2694 propter
2549 2622 2724 2694 ipsius
2764 2621 3192 2693 providentiam,
3257 2619 3404 2672 sicut

157 2703 203 2757 in
236 2704 540 2780 Evangeliis
575 2727 590 2764 :
619 2708 801 2782 Ignem
833 2715 1188 2781 venimittere
1217 2715 1273 2769 in
1305 2722 1501 2769 terram
1519 2723 1567 2771 κ.
1595 2714 1722 2770 Hac
1749 2715 1896 2772 enim
1928 2715 2104 2787 ipsius
2135 2717 2504 2786 providentia,
2554 2723 2879 2787 exprompta
2909 2721 2962 2769 et
3015 2712 3215 2767 alacris
3267 2725 3402 2766 cura

155 2804 399 2868 omnium,
433 2806 605 2876 inque
634 2807 967 2876 providendo
988 2809 1283 2867 discretiva
1308 2811 1412 2873 vis,
1451 2811 1594 2880 ignis
1637 2812 1858 2868 nomine
1904 2813 2253 2882 exprimitur.
2305 2810 2433 2868 Sive
2479 2814 2709 2884 insuper
2765 2828 2864 2883 per
2920 2811 3218 2868 efﬁcaciam
3283 2825 3404 2864 ser-

157 2893 337 2959 monis,
366 2895 834 2966 quemadmodum
859 2899 1003 2968 apud
1038 2897 1329 2956 Jeremiam
1351 2908 1382 2949 γ
1413 2914 1428 2951 :
1463 2897 1722 2970 'Nunquid
1755 2918 1860 2955 non
1892 2901 2048 2954 verba
2095 2918 2213 2956 mea
2269 2903 2425 2972 quasi
2476 2902 2651 2971 ignis?
2705 2900 2833 2954 dicit
2888 2899 3180 2960 Dominus;
3237 2895 3403 2966 idque

158 2997 360 3057 propter
412 2991 788 3046 omnimodam
854 2993 1150 3063 puritatem
1199 2992 2210 3064 integritatemque,quemadmodum
2261 2993 2400 3064 apud
2463 2993 2629 3048 David
2681 3013 2694 3049 :
2759 2992 2988 3064 Eloquia
3034 2992 3246 3046 Domini
3284 2992 3404 3062 igne

157 3083 467 3149 examinata,
498 3085 712 3155 eloquia
749 3094 902 3141 casta
925 3097 970 3141 ι.
1013 3086 1078 3141 Et
1120 3086 1235 3141 hac
1260 3087 1479 3158 quidem
1511 3085 1581 3141 de
1609 3084 1720 3142 Deo
1755 3085 1902 3141 dicta
1927 3087 2056 3143 sint.
2083 3087 2320 3143 Proinde
2346 3088 2413 3144 de
2439 3088 2647 3159 angelis
2691 3087 2991 3142 etiamnum
3040 3085 3182 3155 ignis
3226 3099 3403 3139 enun-

161 3176 327 3238 tiatur,
364 3183 644 3247 quatenus
672 3191 700 3230 a
730 3176 842 3234 Deo
873 3178 1102 3244 conditi,
1141 3179 1306 3249 idque
1334 3179 1637 3234 secundum
1675 3179 2145 3251 participationem
2173 3199 2186 3235 :
2211 3179 2669 3250 quemadmodum
2703 3179 2866 3234 tidem
2904 3177 3000 3232 lux
3036 3177 3314 3240 dicuntur,
3347 3181 3404 3230 et

158 3267 243 3331 dii,
276 3269 506 3342 aliisque
534 3270 808 3339 ejusmodi
833 3271 1397 3342 agnominationibus,
1425 3286 1548 3342 qua
1575 3269 1686 3326 Deo
1721 3272 1827 3342 ipsi
1855 3287 1967 3326 non
1995 3271 2298 3341 incongrue
2326 3277 2636 3341 competere
2674 3273 3004 3325 noscuntur.

216 3381 423 3435 Μᾶλλον
453 3381 546 3445 δὲ,
582 3381 670 3434 ἵνα
710 3381 943 3436 συνελὼν
984 3381 1152 3450 εἴπω,
1197 3382 1260 3436 τὺ
1300 3381 1411 3455 πῦρ
1457 3383 1550 3438 ἐπὶ
1581 3382 1719 3438 Θεοῦ

1895 3385 2038 3452 Quin
2077 3385 2298 3456 potius,
2332 3395 2390 3439 ut
2429 3389 2627 3440 cuncta
2657 3382 3025 3453 perstringam
3054 3379 3400 3451 compendio,

157 3471 428 3544 λεγόμενον
478 3474 602 3528 κατ’
651 3473 828 3528 αἰτίαν
885 3474 1099 3543 λέγεται
1123 3491 1138 3506 ο
1187 3477 1434 3529 καλεῖται
1493 3477 1603 3549 γὰρ
1649 3477 1726 3542 ὡς

157 3566 288 3620 αἰτία
315 3566 411 3622 τοῦ
447 3566 654 3637 πυράς·
692 3569 784 3621 ἐπὶ
824 3568 882 3622 δὲ
926 3567 1036 3622 τῶν
1075 3568 1250 3638 λόγων
1287 3569 1380 3622 τοῦ
1421 3569 1556 3623 Θεοῦ
1601 3571 1722 3623 καθ’

158 3657 368 3733 ὕπαρξιν
393 3678 408 3693 °
443 3660 606 3715 τοῦτο
637 3660 694 3714 δὲ
730 3661 876 3731 λέγει
902 3701 916 3726 ,
950 3662 1048 3733 οὐχ
1076 3663 1157 3717 ὅτι
1189 3663 1548 3719 ὲνυπόστατοι
1586 3666 1724 3720 εἰσιν

157 3753 320 3808 αἰτοῦ
362 3753 502 3808 Θεοῦ
538 3753 823 3826 πρόνοιαι,
858 3754 972 3807 ἀλλ’
1010 3754 1092 3807 ὅτι
1143 3755 1251 3808 ἀπὸ
1300 3753 1437 3808 Θεοῦ
1482 3754 1588 3808 εισι
1629 3756 1724 3809 καὶ

157 3844 496 3916 ὑπάρχουσιν,
528 3847 630 3917 οὐχ
655 3846 731 3910 ὡς
760 3845 871 3918 (57)
915 3847 1256 3915 ὑφεστῶσαι,
1292 3847 1407 3901 ἀλλ’
1455 3848 1531 3911 ὡς
1574 3848 1725 3920 ἐνερ-

155 3936 428 4008 γούμεναι·
465 3939 563 3991 ἐπὶ
599 3937 654 3990 δὲ
694 3938 800 3992 τῶν
825 3939 1074 4008 ἀγγέλων
1123 3938 1264 3992 κατὰ
1313 3938 1562 4010 μέθεξινο
1603 3940 1723 3992 ἐπεὶ

155 4025 250 4098 γὰρ
279 4029 370 4084 καὶ
397 4029 655 4093 θεοειδεῖς
682 4029 960 4099 λέγονται,
986 4031 1078 4085 καὶ
1105 4031 1198 4084 τοῦ
1235 4031 1377 4084 θείου
1415 4033 1721 4103 μετέχουσι.

157 4119 261 4192 Πῦρ
289 4122 345 4176 δὲ
390 4123 421 4176 ὁ
465 4121 602 4206 Θεξς
633 4122 887 4193 λέγεται,
946 4123 1058 4195 πῦρ
1111 4123 1205 4176 καὶ
1243 4123 1395 4176 αὐτοὶ
1433 4123 1723 4176 καλοῦνται

155 4213 282 4266 κατὰ
318 4213 418 4286 τὴν
477 4215 730 4286 μετοχὴν.
792 4215 1047 4287 Διαφέρει
1093 4213 1150 4268 δὲ
1199 4213 1261 4268 τὸ
1307 4213 1447 4268 κατὰ
1509 4214 1724 4286 μέθεξιν

155 4303 281 4361 θεῖον
317 4308 412 4362 τοῦ
455 4307 582 4363 καθ’
614 4306 846 4380 ὓπαρξιν
887 4307 1150 4373 ἐνταῦθα,
1185 4309 1268 4361 ὅτι
1294 4307 1355 4361 τὸ
1382 4305 1524 4361 κατὰ
1566 4307 1723 4378 μέθε-

155 4396 226 4462 ξιν
277 4400 428 4471 δηλοί
469 4400 659 4454 οὐσίαν
709 4400 828 4454 καθ’
881 4400 1078 4472 ἑαυτὴν
1133 4395 1296 4454 οὖσαν
1348 4399 1440 4454 καὶ
1486 4400 1724 4454 ἐπακτὸν

152 4489 364 4560 ἔχουσαν
397 4493 460 4546 τὸ
492 4491 723 4556 θεοειδές
743 4509 758 4522 ·
788 4492 850 4545 τὸ
888 4493 946 4546 δὲ
983 4493 1105 4547 καθ’
1155 4491 1407 4564 ὓπαρξιν,
1443 4491 1658 4562 πνεῦμα
1688 4491 1722 4561 ἢ

152 4579 315 4650 λόγιον
365 4584 512 4638 θεῖον
537 4621 552 4647 ,
598 4583 875 4640 τουτέστιν
920 4585 985 4638 ἐκ
1025 4584 1161 4638 Θεοῦ
1197 4585 1476 4658 παραχθὲν
1509 4585 1603 4638 καὶ
1637 4584 1725 4637 λε-

151 4673 266 4744 χθέν
299 4676 434 4749 (58).
471 4676 631 4731 Οὕτω
661 4677 770 4749 γὰρ
811 4679 873 4730 οὐ
923 4677 1295 4751 συμφύρονται
1335 4679 1384 4732 οἱ
1435 4678 1582 4746 λόγοι
1614 4677 1724 4731 τῶν

1824 3479 1970 3548 ignis
2006 3479 2096 3533 hic
2134 3477 2200 3533 de
2238 3476 2348 3532 Deo
2385 3477 2589 3540 dictus,
2633 3474 2936 3530 secundum
2976 3490 3198 3529 causam
3228 3490 3405 3529 enun-

1824 3572 2012 3625 tiatur.
2047 3568 2290 3624 Vocatur
2333 3569 2478 3625 enim
2529 3568 2674 3622 sicut
2715 3574 2928 3631 auctor,
2977 3567 3044 3620 ab
3090 3565 3206 3636 ipsa
3261 3566 3404 3636 ignis

1824 3662 2122 3717 creatione.
2165 3660 2246 3715 De
2281 3659 2640 3730 providentiis
2693 3666 2875 3714 autem
2924 3673 2988 3713 ac
3036 3658 3220 3713 verbis
3267 3657 3399 3721 Dei,

1825 3750 2127 3808 secundum
2155 3749 2541 3806 substantiam.
2569 3747 2680 3802 Hoc
2711 3763 2876 3818 porro
2907 3747 3041 3802 dicit
3073 3745 3257 3809 Pater,
3291 3762 3400 3800 non

1824 3845 1969 3916 quod
2000 3843 2055 3897 in
2086 3858 2145 3898 se
2184 3842 2548 3897 subsistentes
2585 3841 2696 3896 sint
2738 3839 3090 3910 providentia
3130 3838 3224 3892 Dei
3257 3859 3268 3892 :
3306 3839 3402 3894 sed

1823 3939 1952 4011 quia
1987 3952 2017 3990 a
2049 3935 2158 3991 Deo
2185 3941 2334 4000 sunt,
2367 3942 2422 3988 et
2458 3933 2751 3996 exsistunt,
2772 3948 2880 3986 non
2912 3931 3069 4000 quasi
3099 3931 3404 3984 subsisten-

1823 4041 1928 4097 tes,
1958 4030 2055 4086 sed
2087 4037 2146 4084 ut
2174 4027 2466 4084 efﬁcaciter
2494 4033 2805 4097 operantes.
2835 4023 2955 4078 Jam
2985 4039 3114 4079 vero
3140 4024 3206 4078 de
3230 4037 3401 4093 ange-

1825 4124 1894 4180 lis
1924 4121 2250 4193 praedicatur
2278 4117 2577 4175 secundum
2613 4116 3111 4187 participationem,
3152 4115 3403 4186 quando-

1824 4214 2043 4286 quidem
2074 4211 2370 4267 deiformes
2401 4210 2682 4272 dicuntur,
2715 4217 2769 4260 et
2795 4207 2992 4262 divina
3017 4205 3402 4276 quadantenus

1825 4316 2111 4365 consortes
2134 4313 2364 4361 natura.
2398 4303 2543 4375 Ignis
2569 4300 2815 4374 profecto
2844 4299 2990 4354 Deus
3018 4299 3135 4369 ipse
3160 4297 3400 4354 dicitur:

1826 4401 1924 4458 sed
1953 4408 2008 4456 et
2035 4401 2211 4471 angeli
2243 4398 2386 4470 ignis
2407 4403 2700 4461 vocantur,
2743 4394 2868 4464 jure
2909 4391 3205 4464 participii.
3232 4391 3405 4446 Cate-

1825 4509 1948 4547 rum
1977 4491 2236 4546 divinitas
2274 4490 2410 4554 hac,
2445 4504 2566 4559 qua
2595 4486 2895 4543 secundum
2927 4484 3401 4556 participationem

1825 4585 2049 4646 dicitur,
2076 4584 2143 4638 ab
2174 4598 2236 4638 ca
2269 4584 2324 4637 in
2359 4582 2688 4636 immensum
2735 4577 2948 4642 differt,
2990 4592 3112 4648 qua
3149 4577 3403 4647 prasenli

1825 4680 1946 4732 loco
1977 4677 2306 4748 praedicatur
2343 4673 2645 4730 secundum
2679 4671 3048 4727 substantiam
3079 4686 3092 4722 :
3127 4669 3254 4740 quia
3284 4685 3406 4739 qua

154 4769 484 4837 ωμθολικῶν
518 4769 828 4840 ὀνομάτων·
865 4769 1000 4823 ἀλλὰ
1033 4771 1418 4843 προσηκόντως
1446 4774 1560 4834 τοῖς
1591 4772 1721 4824 ὐπο-

1825 4767 2208 4839 participative
2241 4767 2476 4837 capitur,
2522 4763 2888 4820 substantiam
2927 4761 3169 4818 declarat
3209 4777 3305 4832 per
3343 4776 3404 4816 se

151 4861 412 4930 κειμένοις
444 4860 724 4915 νοοῦνται·
762 4861 838 4924 ὡς
870 4861 1002 4934 φέρε
1036 4864 1210 4916 εἰπεῖν
1243 4862 1336 4915 ἐπὶ
1368 4862 1463 4915 τοῠ
1510 4863 1719 4933 φωτὸς,

151 4951 254 5018 φῶς
305 4953 529 5023 λέγεται
581 4955 611 5008 ὁ
659 4952 816 5017 Θεὸς,
877 4954 1012 5008 ἀλλὰ
1067 4955 1146 5027 τῷ
1204 4951 1341 5009 εἶναι
1399 4955 1572 5019 αἴτιος
1621 4954 1718 5008 τοῦ

1822 4861 2042 4932 quidem
2067 4863 2446 4923 exsistentem,
2479 4858 2576 4914 sed
2603 4857 2827 4911 aliunde
2856 4855 3190 4910 obtinentem
3215 4854 3404 4907 asciti-

1821 4955 1953 5008 tiam
1980 4955 2128 5007 illam
2165 4951 2578 5008 similitudinem
2609 4947 2941 5003 Divinitatis.
2976 4946 3070 5000 llla
3101 4960 3249 5009 vero,
3281 4960 3402 5014 qua

150 5044 314 5111 φωτός
338 5061 354 5075 ο
419 5045 542 5116 φῶς
607 5045 678 5099 τὰ
747 5047 1142 5118 προστάγματα
1191 5047 1285 5101 τοῦ
1346 5047 1481 5101 Θεοῦ
1508 5088 1523 5113 ,
1585 5047 1720 5101 ἀλλά

1824 5053 1905 5100 est
1936 5043 2235 5099 secundum
2269 5040 2643 5097 exsistentiam
2671 5038 2982 5109 inspiratio,
3023 5045 3076 5092 et
3116 5035 3399 5089 oraculum

149 5135 279 5189 κατὰ
330 5137 435 5208 τὴν
503 5137 756 5210 ὕπαρξιν.
806 5138 1046 5210 Εἴπομεν
1109 5139 1167 5192 δὲ
1237 5139 1492 5211 ἀνωτέρω
1521 5179 1535 5202 ,
1597 5139 1715 5203 πῶς

147 5225 472 5298 ἐκλαμϐάνει
533 5229 634 5299 τὴν
686 5227 948 5300 ὓπαρξιν
1009 5228 1131 5281 ἐπεὶ
1195 5229 1309 5298 φῶς
1354 5230 1382 5282 ὁ
1442 5229 1574 5292 Θεὸς
1635 5229 1719 5282 λέ-

147 5334 289 5386 γεται
311 5361 326 5384 ,
355 5321 593 5391 ὑπάρχει
621 5320 676 5373 δὲ
702 5321 763 5374 τὸ
791 5321 1118 5392 πρόσταγμα
1141 5321 1198 5388 ἐξ
1223 5321 1385 5374 αὑτοῦ
1417 5320 1715 5392 παραχθὲν,

148 5407 255 5474 φῶς
287 5411 380 5463 καὶ
418 5410 583 5472 αὐτὸς
625 5410 846 5482 κληθείη
869 5427 883 5442 ο
915 5411 1053 5483 πλὴν
1088 5411 1147 5464 οὐ
1186 5410 1326 5464 κατὰ
1368 5410 1614 5481 μέθεξιν·
1656 5411 1717 5463 οὐ

149 5500 248 5572 γάρ
273 5519 325 5556 τι
360 5502 490 5558 ἄλλο
517 5501 576 5556 ὃν
607 5501 668 5555 τὸ
695 5503 1021 5575 πρόσταγμα
1054 5504 1280 5575 μετέσχε
1309 5504 1403 5557 τοῦ
1433 5503 1578 5557 θείου
1607 5520 1720 5572 φω-

149 5590 261 5655 τόςο
303 5595 422 5650 ἀλλ’
466 5594 638 5659 οὕτως
678 5595 811 5650 αὐτὸ
854 5597 1108 5668 παρήχθη
1137 5598 1201 5652 ὲκ
1229 5598 1392 5664 Θεοῦ,
1419 5599 1513 5652 καὶ
1543 5597 1683 5652 θεῖον
1703 5635 1720 5662 ,

1827 5137 2093 5196 divinum,
2132 5133 2235 5188 hoc
2261 5142 2344 5188 est
2383 5149 2413 5186 a
2462 5131 2575 5186 Deo
2610 5131 2937 5201 productum
2967 5137 3021 5185 et
3054 5129 3280 5184 dictum.
3323 5124 3400 5180 Ita

1822 5227 1966 5284 enim
1999 5226 2421 5296 symbolicorum
2453 5223 2740 5277 nominum
2771 5224 3013 5277 rationes
3047 5232 3394 5288 nequaquam

1824 5315 2162 5372 confusanee
2204 5315 2606 5386 permiscentur
2637 5330 2650 5366 :
2687 5314 2862 5385 magis
2900 5326 3032 5366 vero
3078 5308 3396 5379 intelligun-

1825 5421 1912 5466 tur
1942 5423 2040 5480 pro
2063 5408 2265 5464 decoro
2295 5407 2529 5478 subjecti
2565 5407 2834 5478 cujusque
2857 5401 3186 5475 argumenti,
3213 5417 3401 5472 quem.

1825 5502 2115 5558 admodum
2180 5501 2249 5558 de
2304 5503 2428 5557 luce
2489 5515 2707 5571 quoque
2775 5496 3132 5569 pronuntiare
3211 5494 3396 5550 liceat.

1821 5593 1942 5650 Lux
1990 5592 2138 5651 Deus
2174 5593 2292 5665 ipse
2333 5594 2555 5658 dicitur,
2612 5592 2707 5647 sed
2752 5597 3025 5661 quatenus
3068 5594 3264 5644 auctor
3312 5599 3399 5646 est

219 5819 240 5883 ξ
278 5813 384 5870 lsa.
431 5833 470 5878 ι,
501 5812 614 5883 ιε,
670 5816 688 5849 ί
715 5812 873 5870 Deut.
898 5829 974 5882 tv,
1008 5814 1099 5873 24.
1171 5814 1366 5873 “Psal.
1399 5831 1590 5883 cxvm,
1643 5817 1721 5873 Mt

1840 5827 1867 5856 ν
1897 5814 2044 5873 Psal.
2071 5831 2186 5883 cm,
2238 5814 2290 5870 4.
2370 5829 2395 5856 x
2425 5809 2557 5866 Luc.
2603 5822 2704 5873 ιιι,
2741 5807 2829 5864 49.
2906 5816 2934 5859 1
2964 5805 3073 5866 Jer.
3111 5823 3269 5876 um,
3299 5806 3391 5866 29.

156 5887 176 5917 ³
210 5877 352 5939 Psal.
389 5877 525 5944 xvii.
557 5882 646 5937 51.
