3896 6596
440 501 542 557 499

1193 495 1538 552 APPENDIX
1569 494 1660 549 AD
1693 493 1921 550 OPERA
1973 493 2030 548 S.
2070 490 2364 548 DIONYSII
2403 486 2887 543 AREOPAGlT/E.

3595 489 3696 543 509

440 619 605 675 lucis.
631 617 748 672 Lux
781 617 908 673 item
932 615 1025 672 Dei
1055 617 1229 688 ipsius
1261 615 1550 679 mandata,
1587 615 1678 670 sed
1711 614 2014 669 secundum

2126 613 2250 682 5περ
2282 610 2428 677 λέγει
2457 610 2484 660 ὁ
2512 608 2702 680 Πατὴρ
2733 605 2855 659 καθ’
2896 604 3148 677 ὓπαρξιν.
3193 605 3313 668 Φῶς
3343 606 3438 660 καὶ
3474 609 3504 658 ὁ
3535 605 3697 672 ἀγγε-

443 707 826 763 substantiam.
851 705 1115 777 Superius
1143 715 1326 762 autem
1348 707 1556 761 dictum
1580 704 1740 758 nobis
1759 713 1864 768 est,
1891 718 2020 773 quo-

443 800 608 854 modo
657 799 821 870 285
846 799 1232 870 interpretetur
1259 802 1580 856 substantia:
1634 812 1853 854 nomen.
1883 795 2018 850 Nam

443 891 664 960 quando
695 891 787 945 lux
814 891 958 947 Deus
980 893 1096 963 ipse
1125 892 1350 959 dicitur,
1374 900 1460 948 est
1490 903 1669 947 autem
1701 890 2018 945 mandatum

444 983 515 1037 ab
538 983 660 1052 ipso
717 983 1062 1054 profectum,
1105 985 1233 1055 jure
1294 989 1387 1040 lux
1434 984 1754 1039 mandatum
1801 997 2019 1052 quoque

442 1076 627 1131 vocari
655 1083 856 1146 potest;
885 1093 1064 1147 neque
1095 1087 1277 1133 tamen
1307 1077 1360 1131 id
1388 1077 1690 1132 secundum
1724 1074 2017 1144 participa-

441 1167 647 1222 tionem
682 1167 760 1223 fit.
797 1167 916 1224 Non
947 1169 1094 1224 enim
1127 1168 1277 1222 aliud
1306 1168 1510 1239 aliquid
1540 1168 1810 1223 exsistens
1839 1166 2018 1235 ipsum

444 1257 540 1315 Dei
571 1259 892 1314 mandatum
916 1302 932 1326 ,
977 1259 1254 1330 particeps
1276 1258 1387 1314 dici
1416 1259 1611 1314 debeat
1640 1258 1840 1313 divina:
1869 1257 2017 1312 illius

445 1351 624 1418 lucis;
672 1351 772 1407 sed
799 1352 874 1406 ita
913 1367 1048 1406 sane
1077 1352 1146 1406 ab
1175 1353 1297 1422 ipso
1328 1350 1699 1421 proﬁciscitur
1727 1349 1858 1404 Deo.
1894 1348 2017 1418 Ipsa

443 1442 678 1512 denique
703 1442 982 1508 divinitas,
1009 1458 1171 1513 quam
1201 1442 1520 1513 pronuntiat
1536 1440 1696 1495 Pater
1716 1440 2015 1495 secundum

444 1532 828 1586 substantiam.
884 1530 1002 1585 Lux
1052 1531 1238 1586 itidem
1309 1532 1573 1602 angelus,
1625 1537 1679 1583 at
1727 1529 2017 1599 participio

443 1621 670 1689 divinze;
703 1623 842 1678 lucis
863 1622 1101 1694 supremi
1119 1624 1436 1695 angelorum
1459 1622 1680 1677 ordines
1705 1631 1833 1676 sunt
1855 1622 2015 1676 etiam

444 1715 628 1768 lumen
662 1728 760 1784 pro
790 1714 1059 1784 cujusque
1085 1721 1140 1770 et
1163 1715 1355 1770 ordine
1379 1722 1435 1769 et
1458 1712 1688 1779 merito;
1714 1719 1877 1781 prout
1906 1712 2018 1781 pri-

444 1799 618 1855 mario
673 1801 748 1854 illi
787 1801 979 1856 lumini
1015 1803 1242 1873 propius
1279 1803 1576 1869 accedunt,
1618 1802 1872 1871 quodque
1907 1801 2018 1854 vim

442 1892 725 1947 obtineant
751 1908 876 1948 cum
907 1894 1275 1951 illuminandi.
1301 1903 1418 1948 tum
1441 1893 1776 1964 provehendi
1799 1910 1858 1950 se
1879 1892 2017 1946 infe-

2118 705 2242 768 λος,
2272 703 2407 757 ἀλλά
2451 700 2592 754 κατά
2629 699 2841 771 μέθεξιν
2867 698 2961 752 τοῦ
3018 697 3163 752 θείου
3221 699 3395 769 φωτός
3419 716 3432 728 ·
3467 699 3586 767 φῶς
3643 701 3695 751 αί

2119 797 2549 868 ὑπερϐεϐηκυῖαι
2600 793 2709 846 τῶν
2751 792 2997 862 ἀγγέλων
3055 791 3236 858 τάξεις
3269 792 3378 863 (59)
3420 791 3569 845 κατὰ
3602 791 3697 862 τὴν

2116 888 2267 955 τάξιν
2305 890 2398 942 καὶ
2432 887 2529 958 τὴν
2552 886 2708 952 ἀξίαν
2738 885 2947 953 αὐτῶν,
2995 885 3078 938 ὅτι
3125 883 3203 955 τῷ
3240 883 3534 954 πρωτίστῳ
3561 885 3695 952 φωτὶ

2119 980 2506 1053 πλησιάζουσι,
2553 980 2646 1032 καὶ
2673 979 2754 1031 ὅτι
2792 977 3018 1049 δύναμιν
3049 976 3207 1048 ἔσχον
3245 975 3578 1046 φωτιστικὴν
3610 977 3699 1028 καὶ

2117 1072 2398 1142 ἀναγωγὸν
2422 1070 2528 1123 τῶν
2549 1069 2947 1142 ὑποδεεστέρων
2969 1068 3077 1142 (40)
3098 1086 3111 1098 ·
3134 1069 3227 1121 καὶ
3243 1067 3382 1120 οὕτω
3395 1067 3696 1138 προσηκόν-

2116 1182 2223 1228 τως
2274 1163 2702 1218 άναπτύσσονται
2736 1161 2805 1215 τά
2851 1160 2959 1213 τῶν
2990 1159 3268 1231 συμϐόλων
3294 1158 3536 1228 ὀνόματα
3567 1159 3699 1229 πρὸς

2116 1257 2183 1310 τά
2236 1255 2566 1326 ὑποκείμενα
2618 1255 2936 1327 πράγματα.
2984 1252 3122 1305 Ἀλλ’
3148 1253 3297 1316 ὅπως
3356 1253 3431 1323 μὴ
3467 1251 3611 1321 ὑπὲρ
3642 1251 3699 1304 τὸ

2121 1349 2316 1419 μέτρον
2376 1348 2629 1418 λέγοιμεν
2677 1347 2776 1417 τῆς
2821 1345 3127 1416 ἐπιπολῆς,
3170 1343 3412 1414 ἔλθωμεν
3457 1344 3554 1396 ἐπὶ
3604 1342 3699 1413 τὴν

2117 1439 2414 1512 ἐρώτησιν,
2461 1440 2556 1492 καὶ
2603 1439 2665 1491 τὸ
2711 1437 2819 1490 τῶν
2868 1436 3176 1508 παροιμιῶν
3220 1436 3536 1508 πρόϐλημα.
3595 1438 3699 1489 Καὶ

2117 1532 2238 1584 ἐπεὶ
2263 1532 2326 1582 τὸ
2363 1528 2622 1602 ἐρώτημὰ
2659 1530 2794 1595 ἐστι,
2839 1528 2960 1582 τίνα
3003 1529 3072 1582 τὰ
3124 1527 3388 1601 βρώματά
3434 1529 3578 1590 είσι,
3611 1528 3701 1580 καὶ

2117 1624 2238 1674 τίνα
2269 1621 2338 1675 τά
2365 1622 2608 1692 πόματα,
2649 1620 2878 1692 λέγομεν
2909 1623 3036 1692 περὶ
3066 1621 3165 1692 τῆς
3190 1622 3394 1694 τροφῆς
3415 1638 3428 1652 ο
3460 1624 3494 1692 ἡ
3527 1623 3700 1692 τροφὴ

2119 1713 2435 1786 πληρωτική
2470 1715 2584 1766 ἐστι
2605 1711 2699 1765 τοῦ
2733 1712 2964 1777 ἐνδεοῦς,
2994 1714 3086 1766 καὶ
3121 1711 3215 1766 τοῦ
3251 1713 3509 1777 ἀσθενοῦς
3543 1713 3700 1784 θερα-

2120 1806 2384 1876 πευτικὴ,
2442 1807 2535 1858 καὶ
2589 1805 2687 1876 τῆς
2749 1805 2894 1876 ζωῆς
2943 1805 3303 1876 φρουρητικὴ,
3349 1806 3444 1858 καὶ
3491 1804 3703 1858 θάλλειν

2121 1902 2265 1951 ποιεῖ
2315 1901 2409 1950 καὶ
2466 1898 2814 1962 ἀνανεάζειν,
2864 1899 2959 1950 καὶ
3019 1897 3115 1969 τὴν
3169 1899 3406 1970 ζωτικὴν
3449 1898 3702 1969 δωρεῖται

445 1986 620 2042 riores
667 1987 891 2044 ordines
924 1987 992 2042 ad
1023 1989 1405 2044 sublimiorum
1457 2003 1642 2043 rerum
1671 1988 2010 2056 contempla-

2126 1989 2429 2043 aﬁndOEtaV‘
2464 1990 2558 2043 καὶ
2590 1990 2774 2054 ἁπλῶς
2803 1991 2861 2044 τὸ
2882 1989 3086 2044 λυποῦν
3119 1991 3436 2058 ἀπελαύνει,
3477 1991 3576 2044 καὶ
3607 1992 3704 2062 τὴν

445 2078 672 2133 tionem.
731 2079 815 2134 Ad
868 2080 1016 2135 hunc
1074 2081 1296 2136 modum
1360 2081 1671 2136 istiusmodi
1729 2079 2011 2151 signorum

445 2171 666 2225 nomina
725 2187 834 2226 non
893 2172 1151 2228 indecore
1200 2173 1546 2242 explicantur
1590 2172 1890 2228 secundum
1927 2185 2016 2225 res

445 2260 744 2330 subjectas.
777 2260 1046 2316 Caeterum
1095 2278 1164 2318 ne
1207 2277 1374 2333 supra
1400 2263 1714 2333 epistolaris
1745 2275 2017 2316 mensum

447 2352 645 2409 lineam
691 2354 920 2410 dicendo
951 2355 1410 2425 praztervchamur
1442 2373 1456 2409 :
1491 2353 1816 2410 veniendum
1856 2352 2016 2407 nobis

444 2460 592 2500 nunc
611 2445 681 2499 ad
710 2445 1190 2517 interrogationem
1213 2456 1548 2517 prtemotam,
1570 2446 2020 2517 propositionem—

445 2551 552 2604 que
566 2535 954 2606 desumptame
982 2537 1401 2602 Proverbiorum
1431 2537 1590 2593 libro.
1610 2536 1899 2591 Enimvero
1936 2536 2019 2589 in-

447 2628 746 2696 terrogatio
765 2635 853 2680 tua
872 2627 996 2683 talis
1011 2637 1097 2684 est
1116 2646 1128 2682 :
1149 2627 1281 2696 Quae
1303 2629 1492 2699 utique
1507 2629 1811 2693 esculenta,
1828 2643 2018 2698 quave

451 2719 743 2789 poculenta
799 2720 974 2790 ipsius
1032 2728 1162 2776 sunt
1222 2721 1526 2791 sapientiae.
1581 2719 1700 2776 Jam
1761 2722 1830 2777 de
1890 2723 2016 2779 cibo

450 2811 691 2880 primum
738 2812 989 2868 dicimus.
1035 2812 1204 2870 Cibus
1247 2830 1379 2870 sane
1422 2814 1804 2886 adimpletivus
1827 2825 1912 2871 est
1939 2816 2021 2870 rei

451 2903 648 2974 indiga:
703 2915 867 2977 atque
901 2905 1204 2960 deﬁcientis
1260 2906 1490 2962 infirmae
1527 2907 1840 2971 curativus,
1885 2908 2010 2962 vitae

450 2998 885 3064 conservativus;
936 2999 1027 3068 qui
1070 2997 1139 3052 ad
1185 2996 1373 3054 florem
1425 3014 1690 3054 revocans
1735 3000 1934 3066 aatatis,
1972 3009 2023 3054 et

450 3088 605 3158 quasi
636 3104 907 3145 renovans
926 3131 941 3155 ,
971 3091 1186 3146 vitalem
1213 3093 1508 3147 clementer
1534 3092 1778 3163 indulget
1804 3094 2022 3162 corpori

451 3189 875 3251 temperaturam
901 3223 916 3248 ,
961 3199 1288 3254 omnemque
1316 3200 1346 3237 a
1380 3185 1538 3240 nobis
1568 3201 1793 3255 prorsus
1822 3201 2023 3241 mmm-

453 3288 565 3327 rem
624 3275 821 3344 exigit,
873 3283 926 3330 et
969 3277 1280 3346 suppeditat
1319 3278 1741 3347 jucunditatem.
1789 3277 2021 3335 Pulchre

2118 2089 2453 2159 εὐφροσύνην
2501 2093 2742 2161 χορηγεῖ.
2779 2089 2975 2152 Καλῶς
3011 2083 3104 2142 οὗν
3133 2093 3166 2160 ἡ
3201 2089 3510 2160 ὑπέρσοφος
3546 2090 3707 2158 σοφία

2119 2182 2369 2253 κρατῆρα
2404 2182 2542 2252 ἱστᾷ,
2572 2182 2666 2233 καὶ
2691 2181 2752 2234 τὸ
2774 2181 2924 2252 πόμα
2958 2181 3179 2254 προχέει
3207 2198 3221 2210 ·
3255 2178 3415 2233 τοῦτο
3443 2180 3556 2251 γάρ
3583 2182 3697 2233 ἐστι

2117 2270 2178 2322 τὸ
2203 2269 2451 2338 προνοεῖ
2475 2269 2584 2340 (41)
2614 2287 2626 2300 ·
2670 2269 2868 2342 μᾶλλον
2901 2269 2978 2334 δὲ,
3013 2271 3119 2341 πρὸ
3143 2269 3236 2323 τοῦ
3268 2270 3568 2340 κρατῆρος,
3603 2269 3705 2332 τὰς

2122 2359 2347 2432 στερεάς
2394 2359 2599 2431 τροφὰς
2646 2360 2991 2432 προτιθεῖσα,
3040 2362 3284 2424 ἅπαντας
3345 2360 3697 2429 συγκαλείται

2121 2452 2256 2524 πρὸς
2317 2451 2578 2522 εὐωχίαν,
2635 2452 2773 2524 αὐτὴ
2828 2453 3088 2524 ὲφιεμένη
3132 2452 3540 2523 άγαθοπρεπῶς
3589 2452 3697 2505 τῶν

2119 2543 2384 2614 δεομένων
2403 2543 2570 2614 αὐτῆς
2585 2541 2714 2614 (42)·
2735 2545 2828 2596 καὶ
2847 2544 2907 2597 οὐ
2931 2543 3345 2615 παρακαλεῖται,
3372 2542 3511 2596 ἀλλὰ
3537 2561 3706 2614 παρα-

2121 2635 2275 2688 καλεί
2303 2635 2370 2688 δι’
2412 2633 2587 2706 ἄκραν
2614 2635 2941 2706 ἀγαθότητα.
2992 2635 3195 2698 Διττῶς
3240 2630 3331 2688 οὖν
3382 2635 3579 2708 τρέφει
3607 2635 3696 2688 διά

2119 2743 2179 2779 τε
2212 2724 2484 2796 βρώσεως,
2513 2725 2602 2779 διά
2625 2743 2684 2778 τε
2716 2725 2940 2790 πόσεως.
2989 2727 3053 2780 Ἦ
3084 2726 3140 2779 δὲ
3166 2727 3427 2797 πρόχυσις
3448 2725 3547 2778 τοῦ
3577 2744 3706 2798 κρα-

2121 2817 2288 2887 τῆρος
2309 2817 2410 2882 τάς
2437 2816 2798 2888 προνοητικάς
2817 2817 3335 2889 αὑήςάγαθότητας
3356 2818 3706 2889 παριστάνει.

2136 2907 2197 2962 ὐ
2212 2909 2425 2980 κρατὴρ
2449 2905 2561 2974 οῦν,
2587 2907 2862 2972 κυκλικῶς
2895 2908 3196 2980 περιφερὴς
3227 2907 3301 2961 ὢν
3343 2910 3438 2962 καὶ
3462 2909 3710 2979 ἐξηπλω-

2128 3001 2318 3071 μένος,
2345 3000 2493 3071 δηλοῖ
2518 3001 2577 3053 τὸ
2619 2999 3010 3072 ἀνηπλωμένον
3061 3000 3153 3055 ἐπὶ
3189 2999 3396 3063 πάντας
3425 3000 3530 3070 τῆς
3563 3001 3712 3064 θείας

2125 3093 2397 3166 προνοίας,
2457 3094 2581 3163 ἥτις
2642 3095 2733 3147 καὶ
2783 3092 2966 3163 κύκλῳ
3008 3091 3185 3145 πάντα
3215 3091 3614 3164 περιλαμϐάνει
3644 3093 3710 3145 τά

2125 3183 2419 3254 κτίσματα.
2459 3181 2732 3254 ’Ἀναρχον
2761 3181 2819 3236 δέ
2843 3199 2976 3254 φησι
3004 3183 3098 3235 τοῦ
3131 3181 3267 3235 Θεοῦ
3300 3181 3399 3252 τὴν
3428 3182 3705 3253 πρόνοιαν,

2125 3277 2223 3346 οὐχ
2251 3276 2332 3328 ὅτι
2358 3274 2467 3329 τῶν
2485 3275 2654 3329 ὄντων
2681 3275 2842 3345 τυχὸν
2867 3275 3146 3346 συνάρχων
3174 3277 3390 3346 προνοεῖ
3415 3275 3555 3344 (45),
3591 3274 3707 3328 οὐδὲ

453 3363 749 3418 admodum
797 3365 1204 3434 sapientissitna
1265 3368 1383 3437 ipsa
1428 3368 1695 3438 sapientia
1755 3379 2023 3425 craterem

2128 3368 2238 3440 γάρ
2285 3369 2400 3421 ἐστί
2436 3387 2488 3421 τι
2532 3369 2639 3422 τῶν
2673 3369 2840 3423 ὅντων
2872 3369 3204 3441 συνάναρχον
3236 3371 3302 3440 τῇ
3334 3368 3467 3440 ἁγία
3493 3371 3589 3422 καὶ
3616 3369 3708 3439 δη-

455 3463 625 3520 tenet,
679 3465 733 3512 et
786 3459 1060 3527 potionem
1113 3457 1430 3529 profundit;
1487 3461 1591 3516 hoc
1643 3462 1786 3515 enim
1818 3462 2024 3518 indicat

451 3549 677 3602 verbum
709 3552 944 3620 προνοεῖ.
980 3549 1092 3604 Imo
1122 3566 1251 3606 vero
1280 3560 1405 3606 ante
1443 3553 1673 3608 crateris
1701 3569 2026 3610 commemo-

453 3631 717 3696 rationem
734 3642 940 3698 solidos
953 3643 1104 3699 cibos
1120 3659 1420 3714 apponens,
1438 3644 1724 3700 universos
1748 3646 1940 3700 invitat
1959 3647 2027 3702 ad

451 3734 674 3802 epulum
708 3751 721 3787 :
747 3737 885 3806 ipsa,
912 3737 1156 3806 inquam,
1180 3753 1370 3793 eorum
1389 3755 1574 3795 amore
1607 3747 1765 3811 capta
1787 3741 2024 3810 decenti,

454 3827 550 3894 qui
570 3826 692 3895 ejus
721 3827 988 3898 indigent,
1018 3845 1128 3884 non
1153 3838 1211 3885 ut
1232 3831 1383 3902 prior
1409 3831 1690 3896 invitetur,
1722 3842 2023 3903 exspectat;

457 3919 651 3972 invitat
681 3919 796 3990 ipsa
821 3922 1001 3991 potius
1023 3938 1118 3992 per
1138 3938 1408 3977 summam
1434 3939 1588 3979 suam
1610 3923 2022 3995 benignitatem.

455 4009 756 4086 Dupliciter
800 4027 930 4082 ergo
979 4013 1250 4083 sapientia
1281 4015 1476 4080 nutrit,
1503 4030 1648 4070 nune
1680 4017 1899 4086 quidem
1929 4018 2027 4071 ali-

457 4102 661 4167 monia,
712 4118 859 4158 nunc
903 4120 1033 4159 vero
1083 4107 1320 4175 potione.
1371 4105 1491 4177 Ipsa
1523 4109 1754 4164 crateris
1786 4108 2029 4179 profusio

457 4191 813 4264 multiplicem
841 4207 1194 4267 reprtesentat
1219 4201 1568 4270 providentia:
1597 4202 1769 4272 ipsius
1792 4203 2031 4273 benigni-

456 4295 643 4343 tatem.
670 4287 862 4344 Crater
884 4291 1048 4361 igitur
1077 4291 1166 4346 hic
1194 4307 1318 4347 cum
1345 4293 1416 4348 sit
1445 4292 1500 4346 in
1520 4294 1707 4348 orbem
1737 4294 2028 4360 rotundus,

462 4389 516 4435 et
547 4382 601 4435 in
627 4382 866 4451 patulam
899 4383 1312 4453 amplitudinem
1345 4400 1642 4454 expansus,
1675 4385 1876 4441 divina:
1904 4403 2033 4457 erga

463 4488 654 4528 omnes
678 4475 1031 4543 providentia:
1050 4475 1292 4531 declarat
1315 4487 1558 4546 apertam
1581 4478 2028 4548 explicationem:

466 4581 585 4633 qua:
613 4565 833 4634 quidem
866 4567 922 4621 in
951 4568 1267 4623 universum
1300 4585 1490 4625 omnes
1519 4571 1992 4640 circumplectitur
2014 4611 2028 4636 ,

2131 3465 2423 3534 μιουργικῇ
2441 3462 2658 3534 (44)καὶ
2693 3462 2935 3533 μακαρίᾳ
2955 3461 3142 3533 Τριάδι
3162 3479 3175 3491 ·
3213 3461 3326 3516 ἀλλ’
3354 3462 3435 3513 ὅτι
3460 3463 3558 3514 καὶ
3582 3463 3709 3532 πρὶν

2129 3553 2162 3624 ἦ
2189 3553 2528 3625 παραχθῆναι
2551 3553 2620 3607 τὰ
2651 3553 2780 3607 ὄντα
2811 3555 2861 3606 οἱ
2894 3552 3001 3606 τῶν
3028 3553 3532 3624 δημιουργημάτων
3563 3552 3708 3621 λόγοι

2128 3646 2186 3698 ὲν
2218 3645 2295 3716 τῷ
2327 3645 2445 3717 Θεῷ
2481 3646 2723 3718 προῆσαν
2745 3663 2758 3675 ·
2804 3646 2900 3698 καὶ
2940 3647 2998 3699 ἐν
3043 3647 3162 3710 ταῖς
3195 3645 3366 3708 θείαις
3394 3646 3620 3716 νοήσεσι
3645 3645 3709 3697 τὰ

2133 3735 2392 3806 μέλλοντα
2441 3735 2786 3808 παράγεσθαι
2829 3736 3231 3808 προτετύπωτο.
3280 3735 3379 3788 Διά
3425 3734 3592 3788 τοῦτο
3620 3735 3710 3787 καὶ

2129 3829 2162 3896 ἡ
2198 3827 2422 3896 πρόνοια
2469 3827 2563 3880 τοῦ
2602 3825 2736 3880 Θεοῦ
2773 3827 3024 3897 ἀνάρχως
3068 3825 3444 3898 προϋπάρχειν
3495 3824 3710 3894 λέγεται

2132 3917 2310 3987 πάσης
2366 3918 2465 3988 τῆς
2507 3918 2771 3980 κτίσεωςο
2809 3918 3060 3988 προνοίας
3111 3916 3219 3988 γὰρ
3269 3912 3336 3986 ἦν
3367 3916 3556 3981 θείας,
3598 3918 3710 3987 ἦτοι

2135 4009 2494 4080 προνοήσεως,
2515 4009 2607 4060 καὶ
2629 4007 2690 4061 τὸ
2719 4007 3003 4078 βούλεσθαι
3028 4009 3370 4078 παραγαγεῖν
3401 4007 3505 4076 τὴν
3539 4005 3709 4058 κτίσιν

2116 4110 2214 4179 τὴν
2247 4106 2658 4160 ἀπολαύσουσαν
2699 4104 2799 4174 τῆς
2833 4101 3195 4174 προνοητικῆς
3235 4097 3400 4152 αὑτοῦ
3434 4096 3710 4164 άγαθότηη

2116 4217 2204 4262 τος
2237 4199 2372 4268 (45).
2398 4197 2555 4251 Κατά
2578 4195 2738 4250 τοῦτο
2773 4194 2903 4264 γοῦν
2927 4195 3018 4247 καὶ
3040 4191 3393 4261 ἀτελεύτητος
3420 4191 3454 4259 ἠ
3489 4188 3708 4260 πρόνοια

2118 4292 2334 4360 λέγεται
2363 4293 2441 4354 εἰς
2474 4291 2600 4353 τοὺς
2625 4287 2925 4350 ἀθανάτους
2957 4285 3243 4355 ἀγγέλους,
3279 4284 3371 4337 καὶ
3397 4282 3529 4345 τοὺς
3571 4281 3707 4333 ἀπα-

2118 4379 2677 4452 θανατισθησομένους
2697 4379 2867 4449 ἡμᾶς,
2893 4377 2987 4482 καὶ
3011 4377 3077 4429 τὰ
3111 4375 3176 4428 δι’
3201 4374 3347 4445 ἡμᾶς
3375 4370 3565 4439 ἀγαθὰ
3593 4371 3708 4422 ἐσο-

2119 4475 2254 4548 μένη
2286 4475 2417 4546 (46)⁶
2451 4474 2591 4547 πλὴν
2625 4474 2809 4546 ἐπειδὴ
2843 4469 2956 4528 καῖ
2983 4471 3229 4543 πρόεισιν
3256 4472 3290 4541 ἡ
3331 4469 3592 4540 πρόνοια,
3620 4469 3708 4520 καὶ

2137 4575 2535 4644 ἀνεκφοιτήτως
2577 4574 2633 4625 ὲν
2669 4575 2735 4643 τῇ
2769 4571 3057 4642 ταύτότητι
3093 4571 3320 4643 ὲδραίως
3368 4570 3606 4641 ἵδρυταιο
3653 4571 3709 4621 οὐ

464 4657 742 4726 ambitque
771 4666 1073 4714 creaturas.
1110 4659 1347 4715 Proinde
1390 4663 1564 4730 ipsam
1615 4661 1710 4717 Dei
1745 4662 2024 4732 providen-

2140 4668 2248 4739 γὰρ
2278 4666 2550 4737 διαχέεται
2592 4667 2686 4718 καὶ
2721 4665 3040 4734 ἀφανίζεται
3064 4681 3077 4694 ⁶
3107 4664 3196 4717 διὰ
3246 4662 3404 4716 τοῦτο
3436 4661 3658 4732 λέγεται
3685 4661 3706 4711 ἑ

464 4749 596 4802 tiam
636 4749 884 4805 insinuat
921 4752 1068 4806 omni
1099 4768 1325 4823 prorsus
1349 4768 1536 4810 carere
1569 4755 1839 4825 principio
1875 4773 1887 4808 :
1925 4770 2035 4808 non

464 4841 611 4912 quod
639 4843 778 4898 forte
807 4843 970 4899 simul
999 4842 1122 4899 curii
1155 4845 1319 4900 rebus
1344 4847 1608 4902 exsistere
1636 4849 1904 4918 incipiens
1932 4848 2037 4904 illis

465 4935 746 5007 provideat
775 4957 786 4991 :
822 4936 1020 5009 (neque
1046 4939 1192 4994 enim
1220 4939 1517 5010 quidquam
1549 4950 1633 4996 est
1655 4957 1874 5007 eorum,
1918 4957 2038 5011 qua:

466 5037 615 5096 sunt,
649 5037 852 5086 sanctae
882 5029 959 5083 illi
993 5046 1173 5086 rerum
1199 5032 1440 5087 omnium
1473 5034 1746 5099 creatrici,
1777 5049 1840 5088 ac
1867 5034 2039 5090 beatae

464 5119 507 5176 Τ
514 5122 719 5177 rinitati
735 5129 1063 5178 coazternum
1091 5129 1141 5194 :)
1168 5124 1399 5194 sedquia
1425 5125 1742 5197 priusquam
1767 5142 1832 5181 eo
1845 5142 2036 5196 prove-

464 5215 725 5271 herentur
754 5222 814 5269 ut
842 5224 1056 5282 essent,
1103 5218 1344 5287 ipsarum
1374 5219 1428 5272 in
1467 5218 1579 5274 Deo
1609 5221 1852 5274 rationes
1879 5226 2037 5273 erant

464 5311 628 5383 286
647 5321 1043 5378 creaturarum;
1073 5311 1238 5381 inque
1264 5311 1359 5366 Dei
1378 5321 1574 5379 mente,
1601 5329 1722 5384 quae
1742 5311 2036 5382 aliquando

467 5401 649 5468 futura
680 5403 916 5468 fuerant,
940 5402 1052 5472 jam
1091 5411 1248 5458 erant
1279 5404 1645 5473 praeformata.
1677 5407 1886 5461 ldcirco
1909 5423 2034 5476 pro-

464 5495 702 5550 videntia
734 5496 828 5551 Dei
859 5503 984 5551 ante
1013 5511 1229 5551 omnem
1259 5497 1811 5554 omninorcreaturam
1837 5515 2036 5570 praeex-

466 5587 670 5643 stitisse
693 5589 958 5644 astruitur
983 5591 1188 5661 absque
1220 5590 1329 5644 ullo
1358 5592 1646 5662 principio.
1675 5591 2036 5648 Providentiae

467 5679 733 5747 siquidem
767 5682 966 5736 divinat
997 5692 1148 5747 erat,
1183 5683 1296 5738 sive
1345 5684 1563 5738 consilii
1614 5685 1779 5739 rebus
1816 5690 2033 5755 prospi-

465 5770 684 5833 cientis,
707 5771 870 5824 etiam
890 5773 1027 5828 velle
1048 5773 1352 5845 producere
1373 5782 1702 5840 creaturam,
1728 5776 2033 5844 providenti

466 5861 640 5930 ipsius
684 5863 925 5921 bonitate
965 5865 1274 5923 fruituram.
1331 5867 1476 5924 Sane
1514 5869 1579 5923 ad
1626 5869 1773 5924 hunc
1812 5884 2030 5926 sensum

465 5955 617 6009 nullo
682 5970 902 6027 quoque
968 5956 1076 6039 line
1131 5959 1637 6018 circumscribenda
1691 5959 2034 6032 providentia

2140 4757 2350 4830 κρατὴρ
2389 4757 2630 4810 ἑστάναι.
2673 4755 2957 4826 Οίκοδομεῖ
2986 4755 3041 4808 δὲ
3072 4758 3105 4825 ἡ
3134 4754 3292 4822 σοφία
3339 4749 3488 4806 οἶκον
3527 4753 3710 4822 ἑαυτῇ,

2139 4849 2214 4913 ὡς
2243 4845 2380 4901 εἶναι
2411 4848 2505 4901 καὶ
2549 4847 2651 4912 ἔξω
2687 4845 2880 4911 αὑτοῦ,
2916 4847 3011 4899 καὶ
3053 4849 3109 4898 έν
3142 4845 3308 4915 αὐτῷ.
3341 4845 3454 4898 Καὶ
3483 4847 3542 4898 ἐν
3570 4844 3711 4912 αὐτῷ

2139 4938 2414 5010 έτοιμάζει
2437 4941 2472 4994 δι
2491 4940 2593 5010 ἔφη
2611 4979 2625 5001 ,
2660 4940 2742 4991 ὅτι
2788 4939 2882 4991 καὶ
2908 4939 2967 4991 ὲν
2986 4937 3064 5008 τῷ
3096 4939 3257 4990 παντὶ
3344 4937 3464 4989 θεία
3493 4935 3710 5008 πρόνοιά

2139 5034 2282 5098 ἐστι,
2319 5031 2502 5085 καὶτὰ
2529 5031 2705 5084 πάντα
2747 5018 3024 5103 περιέχει,
3053 5031 3147 5084 καὶ
3175 5032 3231 5082 έν
3263 5029 3342 5100 τῷ
3370 5031 3540 5082 παντὶ
3568 5028 3712 5082 οὐδὲν

2140 5127 2196 5177 ὲν
2244 5125 2418 5178 οὐδενὶ
2465 5127 2585 5179 κατ’
2619 5124 2770 5177 οὐδέν
2795 5126 2945 5187 ἐστι,
2994 5122 3194 5193 δηλαδὴ
3242 5121 3359 5174 καθ’
3397 5122 3710 5192 ὑπεροχήν·

2139 5218 2257 5270 οὐδὲ
2288 5216 2396 5288 γὰρ
2430 5217 2570 5270 κατὰ
2611 5217 2891 5289 στέρησιν,
2937 5216 3057 5269 οὐδὲ
3097 5216 3162 5268 δι’
3191 5213 3564 5284 ἀνυπαρξίαν,
3586 5213 3712 5267 ἀλλὰ

2140 5312 2232 5364 καὶ
2254 5309 2328 5364 ὢν
2360 5310 2454 5363 καὶ
2470 5311 2610 5382 ὑπὲρ
2641 5310 2810 5364 ταῦτα
2837 5311 2932 5374 ὢν,
2959 5311 3034 5374 ὡς
3060 5312 3116 5363 ὲν
3140 5309 3219 5379 τῷ
3242 5307 3379 5376 Περὶ
3412 5306 3713 5376 μυστικῆς

2139 5405 2445 5474 θεολογίας
2477 5403 2690 5475 εἴρηται
2714 5421 2726 5432 σ
2764 5403 3020 5474 ἐξῄρηται
3053 5401 3160 5473 γὰρ
3185 5401 3293 5454 τῶν
3320 5399 3479 5459 ὅλων,
3514 5401 3578 5453 οὐ
3601 5400 3711 5452 κατ’

2138 5493 2264 5547 ἄλλο
2305 5494 2402 5564 μὲν
2443 5493 2632 5546 τούτου
2653 5534 2667 5556 ,
2700 5495 2818 5545 κατ’
2869 5491 2997 5545 ἄλλο
3028 5491 3085 5544 δὲ
3117 5490 3325 5543 ἐκείνου
3347 5507 3359 5518 ·
3390 5489 3515 5542 οὐδὲ
3548 5490 3713 5550 ἄλλως

2138 5587 2347 5648 τοῦτου,
2405 5584 2498 5638 καὶ
2545 5584 2719 5648 ἄλλως
2767 5583 3006 5636 ἐκείνου·
3051 5581 3172 5635 οὐδὲ
3223 5580 3413 5633 τούτου
3459 5580 3562 5649 μὲν
3592 5579 3710 5638 ἀεὶ,

2137 5679 2323 5731 τούτου
2373 5677 2426 5729 δέ
2481 5695 2606 5729 ποτε
2642 5695 2654 5706 ·
2695 5677 2830 5729 ἀλλά
2857 5676 3067 5736 ταῦτ-ὦς
3099 5674 3192 5726 καὶ
3233 5673 3419 5735 ἀϊδίως
3451 5673 3545 5724 καὶ
3577 5670 3710 5724 κατὰ

2138 5771 2309 5822 ταύτά
2343 5770 2435 5822 καὶ
2477 5769 2738 5832 ὡσαύτως
2774 5768 2939 5838 ἔχων,
2977 5767 3070 5820 καὶ
3101 5765 3349 5835 οὐδαμῶς
3381 5765 3481 5834 τῆς
3513 5761 3711 5821 οἰκείας

2139 5862 2320 5925 ἑστίας
2352 5861 2804 5930 ἀπολειπόμενος,
2833 5859 2937 5924 ἔξω
2965 5858 3202 5930 δηλονότι
3237 5854 3430 5910 ἑαυτοῦ
3463 5853 3711 5924 γιγνόμεο

2138 5979 2227 6025 νος
2250 5978 2264 5991 ο
2298 5961 2451 6015 ἑστία
2475 5958 2583 6030 γὰρ
2609 5959 2841 6028 λέγεται,
2866 5959 3139 6013 τουτέστιν
3168 5961 3201 6030 ἡ
3227 5956 3302 6020 ὡς
3323 5955 3437 6008 ἔστι
3464 5953 3706 6025 διαμονή,
