3896 6606
163 495 280 555 501

930 491 1378 549 ΡΑΕΗΥΜΕΒᾹΞ
1417 492 1751 548 ΡΑίὶΑΡΗΒ,

1854 491 1904 548 lS
1943 491 2009 546 lN
2044 491 2193 548 EPP.
2237 492 2293 548 S.
2337 491 2688 548 DlONYSll.‘

3333 491 3439 548 502

158 612 274 665 καὶ
305 607 477 674 ἑστὼς
507 610 564 663 ἐν
599 608 776 680 έαυτῷ
795 650 809 675 ,
847 611 940 663 καὶ
971 610 1057 663 ἀεὶ
1085 609 1226 663 κατά
1266 610 1365 680 τὴν
1390 611 1645 682 πρόνοιαν
1679 627 1751 663 κι-

1871 607 2106 672 dicitur,
2139 608 2208 662 ad
2245 608 2584 664 immortales
2621 607 2846 679 angelos
2877 614 3042 678 atque
3081 608 3216 665 adeo
3245 608 3314 663 ad
3340 624 3444 664 nos

158 701 266 757 νού
278 719 460 773 μενος,
491 699 613 754 οὔτε
641 699 811 764 ἑστὼς
831 701 973 764 κατά
998 700 1098 772 τὴν
1127 701 1402 773 πρόνοιαν,
1435 700 1558 754 οὔτε
1581 699 1761 754 κινού-

160 810 341 864 μενος
377 791 518 848 κατά
557 791 719 864 φύσιν
739 810 752 823 ο
793 793 990 864 μᾶλλον
1018 791 1096 856 δὲ,
1130 792 1314 866 ἐπειδὴ
1347 791 1408 846 τὸ
1439 793 1536 864 μὲν
1569 791 1762 860 ἑστὼς

155 887 265 939 ἐπὶ
301 888 402 958 τῆς
431 886 573 940 κατά
603 887 664 940 τὸ
694 885 1049 940 ἀναλλοίωτον
1084 885 1440 957 μονιμότητος
1468 884 1625 938 ἔλαϐε
1652 926 1667 950 ,
1695 884 1762 938 τὸ

152 975 222 1030 δὲ
265 977 624 1048 κινούμενος
663 978 757 1031 ἐπὶ
807 978 906 1048 τῆς
947 975 1170 1048 περὶτὰ
1201 976 1328 1030 ὄντα
1353 977 1639 1049 προνοίας,
1675 977 1760 1045 ἐφ’

154 1066 336 1120 ὲκατέ
343 1085 436 1136 pou
449 1067 652 1120 τούτων
666 1070 806 1121 νοεῖν
829 1068 975 1139 ἡμᾶς
995 1067 1100 1139 χρὴ
1133 1067 1228 1122 καὶ
1251 1069 1544 1138 προσάγειν
1560 1068 1621 1120 τὸ
1639 1068 1763 1122 καθ-

149 1157 316 1225 όλου,
343 1160 431 1213 ἵνα
471 1160 710 1214 τοιοῦτον
747 1160 808 1214 τὺ
837 1160 1148 1231 λεγόμενον,
1173 1159 1294 1214 οῦτε
1336 1159 1508 1225 ἑστὼς
1532 1160 1760 1214 καθόλου

147 1255 231 1316 ῶς
273 1252 355 1324 μὴ
385 1251 647 1306 κινεῖσθαι
679 1255 1068 1325 προνοητικῶς,
1096 1252 1218 1306 οὔτε
1249 1253 1566 1320 κινούμενος
1598 1253 1760 1308 καθό-

147 1343 274 1408 λου,
337 1344 414 1408 ὡς
460 1345 559 1416 τῆς
594 1345 802 1408 οίκείας
845 1344 1202 1417 μεθίστασθαι
1237 1346 1616 1417 μονιμότητος.
1661 1344 1760 1398 Διά

145 1430 328 1484 τοῦτο
378 1431 488 1505 γὰρ
530 1433 697 1502 λέγει,
723 1435 840 1499 ὅτι,
881 1435 973 1488 καὶ
1024 1437 1073 1488 εί
1104 1438 1331 1488 κινεῖται
1367 1436 1447 1498 εἰς
1473 1435 1756 1506 προνοίας,

147 1523 303 1578 ἀλλά
338 1525 404 1578 τὸ
435 1526 660 1597 μόνιμον
698 1525 812 1597 ἔχει
836 1543 850 1558 ’
889 1528 982 1582 καὶ
1012 1529 1061 1581 εί
1098 1528 1250 1598 μένει
1283 1531 1344 1581 ὲν
1370 1528 1448 1600 τῷ
1475 1527 1763 1582 ἀναλλοιὼ

152 1637 237 1689 τῳ
256 1661 274 1685 ,
313 1614 452 1673 ἀλλά
477 1623 599 1685 ταῖς
625 1621 900 1692 προνοίαις
925 1624 1173 1675 κινεῖται.
1219 1621 1502 1675 Ἐντεῦθεν
1527 1621 1758 1691 διαλαμ-

153 1710 357 1776 ϐάνει,
409 1711 494 1774 τίς
534 1710 633 1782 μὲν
675 1713 708 1782 ἡ
755 1711 949 1784 στερεά
983 1713 1179 1784 τροφὴ,
1225 1713 1309 1776 τίς
1339 1712 1396 1766 δὲ
1427 1713 1461 1784 ἡ
1496 1711 1657 1784 ύγρά.
1694 1712 1759 1765 Ἡ

153 1803 296 1872 γοῦν
341 1803 536 1876 στερεά
577 1803 752 1876 τροφὴ
797 1804 1065 1876 σύμϐολόν
1104 1806 1218 1859 ἐστι
1245 1822 1258 1835 ·
1295 1804 1455 1859 τοῦτο
1501 1805 1610 1877 γάρ
1643 1807 1758 1859 ἐστι

155 1894 219 1947 τὸ
290 1894 545 1966 σύνθημα
609 1897 708 1966 τῆς
765 1898 958 1968 νοερᾶς
993 1897 1090 1950 καὶ
1143 1897 1368 1968 μονίμου
1402 1897 1755 1968 τελειότητος.

1867 699 1997 753 olim
2027 697 2242 755 futuros
2272 699 2610 754 immortales
2639 699 2812 754 relata
2843 718 2858 755 :
2905 706 2959 754 et
2985 700 3054 755 ad
3082 700 3228 755 bona
3259 701 3446 758 omnia

1863 807 1984 863 qua:
2033 799 2256 862 propter
2299 806 2402 848 nos
2462 793 2666 849 futura.
2727 790 2996 847 Caeterum
3048 792 3272 863 quando
3324 794 3442 864 ipsa

1863 885 2213 957 progreditur
2239 884 2603 957 providentia,
2635 901 2906 958 nusquam
2931 894 3115 942 tamen
3140 901 3170 940 a
3190 901 3250 942 se
3270 887 3447 941 desci-

1864 977 2088 1042 scendo,
2120 979 2176 1033 in
2199 983 2305 1034 sua’
2333 978 2508 1050 ipsius
2540 979 2822 1036 identitate
2848 979 3019 1035 solide
3049 979 3443 1050 conquiescere

1863 1070 2218 1126 describitur.
2273 1069 2460 1142 Neque
2504 1072 2648 1126 enim
2679 1070 2973 1127 diﬂusione
3002 1071 3088 1127 sui
3131 1069 3438 1142 perellluit,

1862 1163 2180 1219 exinanitur
2227 1170 2323 1218 aut
2371 1163 2662 1218 marcescit
2708 1161 3039 1233 aliquando;
3085 1162 3212 1216 hinc
3244 1161 3441 1215 merito

1863 1264 2045 1312 crater
2085 1256 2203 1326 ipse
2232 1255 2536 1311 consistere
2570 1254 2922 1325 praadicatur.
2955 1252 3211 1307 IEdiﬁcat
3258 1261 3439 1306 autem

1863 1349 1981 1404 sibi'
1999 1350 2220 1405 domum
2259 1349 2537 1420 Sapientia
2569 1361 2632 1415 ις
2680 1347 2908 1420 perinde
2945 1353 3028 1402 est
3051 1355 3212 1416 atque
3237 1344 3385 1399 dicat
3420 1362 3436 1399 :

1863 1440 2030 1496 Extra
2082 1457 2142 1497 se
2197 1449 2306 1506 est,
2361 1449 2416 1498 et
2446 1442 2590 1498 intra
2614 1456 2674 1497 se
2720 1440 2893 1496 nihilo
2918 1439 3101 1496 secius
3133 1444 3433 1508 permanet.

1860 1531 2008 1588 Intra
2041 1549 2100 1590 se
2140 1534 2358 1606 quidem
2405 1549 2469 1589 ea
2517 1539 2742 1604 apparet
2783 1547 2925 1604 quae,
2959 1531 3035 1586 ait
3064 1530 3226 1587 Pater
3259 1550 3275 1584 :
3307 1529 3436 1600 quia

1859 1632 1914 1680 et
1940 1624 1996 1678 in
2023 1624 2279 1681 omnibus
2308 1624 2495 1680 divina
2538 1632 2624 1681 est
2656 1623 3001 1696 providentia
3032 1623 3289 1678 universa
3336 1636 3439 1677 suo

1860 1716 2109 1772 ambiens
2152 1717 2440 1788 complexu
2473 1735 2488 1773 :
2516 1724 2571 1774 et
2612 1718 2668 1772 in
2698 1717 2956 1772 omnibus
2995 1716 3134 1770 nihil
3167 1719 3222 1770 in
3265 1714 3440 1770 nihilo

1860 1811 2160 1866 secundum
2203 1811 2435 1865 nihilum
2493 1819 2606 1878 est,
2668 1811 2835 1882 idque
2885 1810 3152 1866 eminenti
3203 1807 3441 1880 quadam

1859 1904 2250 1975 praerogativa;
2281 1918 2459 1974 neque
2487 1904 2631 1959 enim
2660 1904 2980 1975 privatorie,
3011 1904 3127 1959 sive
3171 1918 3266 1972 per
3311 1901 3442 1956 sub-

155 1984 302 2037 Ποία
329 1985 387 2037 δέ
411 1987 558 2038 ἐστιν
580 1988 612 2058 ἡ
640 1987 802 2058 νοερά
831 1986 926 2040 καὶ
958 1986 1183 2058 μόνιμος
1205 1986 1512 2058 τελειότης;
1538 1987 1751 2049 Πάντως

1865 1997 2080 2052 stantiae
2108 1997 2436 2052 ablationem
2466 2004 2561 2052 aut
2593 1997 2906 2064 interitum;
2934 1997 3029 2052 sed
3052 2011 3178 2054 vere
3193 2005 3279 2050 est
3301 1994 3444 2049 istis-

157 2073 282 2127 καθ’
335 2075 403 2144 ἢν
445 2074 691 2138 νοοῦντες
717 2078 766 2128 οἱ
800 2075 940 2140 ἄξιοι
978 2076 1072 2130 καὶ
1103 2076 1212 2131 τῶν
1245 2077 1404 2130 θείων
1439 2077 1760 2149 μετέχοντες

158 2169 224 2237 (ἡ
262 2165 381 2237 γὰρ
432 2167 616 2238 νόησις
651 2169 853 2241 μετοχὴ
886 2167 1102 2237 λέγεται
1123 2169 1176 2240 ο)
1233 2167 1592 2224 τελειοῦνται·
1621 2169 1759 2225 ἀλλά

159 2260 307 2313 κατά
344 2260 544 2328 γνῶσιν
580 2260 855 2324 ἑστῶσαν,
913 2261 1101 2333 ἐπειδὴ
1155 2263 1246 2316 καὶ
1269 2265 1302 2333 ἡ
1335 2263 1508 2335 τροφὴ
1540 2263 1754 2335 στερεὰ,

158 2353 256 2404 καὶ
310 2355 515 2406 ὲνιαῖον
548 2352 642 2406 καὶ
671 2353 990 2425 ἀδιαίρετον.
1028 2353 1200 2409 Τοῦτο
1230 2356 1290 2409 δέ
1323 2373 1508 2428 φησιν,
1543 2357 1625 2410 ὅτι
1659 2357 1754 2428 δη-

157 2444 294 2515 λαδὴ
324 2445 434 2518 χρὴ
451 2448 506 2498 έν
532 2448 646 2508 τοῖς
672 2446 800 2517 περὶ
811 2445 946 2500 Θεοῦ
959 2446 1138 2517 λόγοις
1169 2447 1243 2520 μὴ
1274 2449 1410 2521 πρὸς
1433 2449 1533 2513 τὰς
1565 2448 1758 2514 ύλικάς

157 2539 377 2602 ἐννοίας
425 2539 889 2611 καταμερίζεσθαι
929 2541 1022 2595 τὸν
1054 2541 1179 2596 νοῦν
1198 2584 1212 2609 ,
1240 2541 1377 2596 ἀλλὰ
1409 2545 1757 2616 μονοτρόπως

158 2630 218 2683 rb
272 2633 558 2704 ὑπερφυὲς
600 2634 694 2687 καὶ¹
739 2631 1141 2705 ἀνεξιχνίαστον
1183 2636 1284 2707 τῆς
1329 2635 1479 2700 θείας
1540 2635 1756 2705 φύσεως

157 2724 507 2793 λογίζεσθαι,
546 2727 642 2780 καὶ
679 2727 854 2781 ταῦτά
897 2745 1018 2781 τινα
1079 2726 1170 2781 τὸν
1196 2727 1267 2781 τά
1297 2727 1626 2801 αἰσθητήρια
1657 2729 1754 2782 τοῦ

159 2818 311 2882 ἐντὸς
376 2817 665 2890 ἀνθρώπου
721 2820 1148 2891 γεγυμνασμένα
1206 2819 1399 2891 ἔχοντα
1435 2837 1449 2850 ο
1510 2821 1568 2873 ὲν
1608 2817 1689 2884 οἷς
1725 2823 1755 2873 6

158 2909 303 2973 θεῖος
359 2909 589 2974 ’Παῦλος
658 2912 1083 2984 ἀπαρυσάμενος
1143 2913 1245 2983 τῆς
1301 2911 1453 2976 θείας
1514 2914 1706 2984 σοφίας
1735 2932 1748 2945 ο

157 3003 353 3057 τούτου
395 3005 504 3075 γάρ
537 3006 682 3058 ἐστιν
714 3007 743 3058 6
786 3004 975 3074 λόγος’
1000 3006 1138 3060 ’Ὅτε
1177 3005 1342 3074 ἥμην
1387 3005 1636 3073 νήπιος,
1671 3007 1753 3073 ὡς

158 3092 381 3158 νήπιος
405 3093 736 3162 ἐφρόνουν-ο
773 3095 1093 3166 μεταδίδωσι
1136 3097 1235 3168 τῆς
1276 3100 1503 3168 στερεᾶς
1544 3100 1752 3171 τροφῆς

157 3191 268 3250 τοῖς
312 3187 542 3250 τελείοις
559 3229 574 3252 ,
625 3187 841 3260 πρῶτον
864 3189 1092 3252 ποτίσας
1118 3188 1278 3258 γάλα,
1309 3190 1398 3242 ὅτε
1418 3190 1580 3261 τυχὸν
1607 3187 1751 3261 εἶχον

155 3281 222 3332 τὰ
254 3279 428 3351 νοητὰ
463 3279 792 3352 αἰσθητήρια
827 3281 1152 3352 ἀγύμναστα
1173 3299 1184 3312 ·
1224 3282 1300 3346 ὡς
1328 3282 1438 3354 γάρ
1464 3285 1493 3336 6
1526 3284 1748 3354 νήπιος,
1779 3316 1825 3378 c

156 3376 221 3430 τά
274 3379 569 3449 σωματικά
614 3380 946 3452 αἰσθητήρια
985 3382 1311 3453 ἀγύμναστα
1339 3383 1514 3455 ἔχων,
1539 3387 1684 3441 ἀπαν
1722 3387 1751 3440 6

157 3467 254 3538 ὁρᾷ
285 3467 323 3538 ἦ
357 3467 567 3534 ἀκούει,
602 3469 664 3521 ού
699 3469 878 3534 καθὼς
905 3470 1020 3542 ἔχει
1050 3473 1154 3544 δρᾷ
1182 3473 1275 3526 καὶ
1305 3473 1512 3528 ἀκούει·
1545 3475 1608 3529 τὸ
1641 3476 1751 3547 γὰρ

161 3557 328 3628 μηδὲν
357 3557 586 3629 φοϐερὸν
618 3559 1012 3630 μορμολύκειον
1044 3560 1238 3625 οίεται,
1266 3564 1359 3616 καὶ
1392 3563 1549 3632 λόγον
1572 3566 1751 3637 πραῢν

158 3648 419 3712 πολλάκις
441 3649 517 3712 ὡς
539 3650 890 3721 ἀπειλητικὸν
919 3652 1168 3722 δέχεται·
1200 3653 1341 3708 οὕτω
1367 3657 1460 3709 καὶ
1492 3657 1521 3709 6
1552 3657 1752 3729 νηπιά-

157 3740 258 3804 ζων
274 3740 424 3795 κατά
444 3741 637 3813 ψυχὴν,
663 3741 986 3814 ἀγύμναστα
1015 3743 1128 3816 ἔχει
1155 3744 1222 3798 τά
1244 3747 1342 3817 τῆς
1363 3746 1540 3819 ψυχῆς
1569 3749 1753 3820 αίσθη-

156 3835 318 3904 τήρια
337 3872 352 3894 ,
393 3835 489 3886 καὶ
520 3835 580 3888 ού
612 3834 832 3888 δύναται
863 3835 896 3907 ἢ
928 3835 1222 3890 θεάσασθαι
1244 3877 1260 3902 ,
1292 3837 1582 3909 ἢάκοῦσαι
1615 3840 1750 3894 θεω-

159 3925 277 3993 ρίαν
296 3925 664 3997 ὑψηλοτέραν,
691 3928 759 3999 ἢν
791 3926 998 3999 τροφὴν
1034 3928 1262 3997 στερεὰν
1293 3931 1322 3982 6
1349 3929 1506 3999 λόγος
1539 3931 1747 3986 ἀποκα-

158 4014 250 4069 λεῖ.
303 4017 421 4088 Τὴν
465 4017 522 4070 δὲ
564 4018 738 4090 ὑγρὰν
777 4018 981 4091 τροφὴν
1049 4018 1300 4091 σύνθημα
1341 4022 1436 4074 καὶ
1482 4022 1748 4092 σύμϐολον

158 4111 320 4163 πάλιν
367 4112 570 4182 οἴομαι.
634 4111 806 4165 Τοῦτο
853 4113 961 4183 γάρ
1005 4113 1120 4165 ἐστι
1155 4112 1217 4166 τὺ
1256 4112 1366 4166 ἀπὸ
1405 4112 1618 4177 κοινοῦ,
1649 4115 1750 4185 τῆς

157 4203 474 4274 διαχυτικῆς
513 4204 806 4276 ἐπιρροῆς,
840 4203 1080 4274 δηλονότι
1124 4203 1226 4276 τῆς
1271 4203 1358 4258 διὰ
1407 4205 1617 4258 πολλῶν
1653 4207 1749 4260 καὶ⁹

161 4296 431 4367 μεριστῶν
470 4295 812 4360 διδασκαλίας
841 4296 951 4368 (47)
985 4314 1000 4326 ·
1033 4297 1132 4369 ούχ
1163 4297 1243 4351 ἑνὶ
1275 4297 1384 4370 γὰρ
1427 4299 1614 4370 τρόπῳ
1653 4301 1748 4354 καὶ

157 4392 340 4463 ἁπλῷ,
376 4391 515 4445 ἀλλά
557 4391 831 4446 πολυειδεῖ
869 4391 964 4444 καὶ
997 4391 1226 4462 ποικίλῳ
1257 4393 1384 4454 τοὺς
1427 4391 1748 4463 διδασκομέ-

158 4501 274 4548 νους
353 4485 451 4537 ἐπὶ
522 4484 584 4538 τὸ
648 4483 851 4537 τέλειον
936 4482 1036 4554 τῆς
1109 4480 1438 4550 θεογνωσίας
1520 4480 1746 4550 ἄγεσθαι

163 4585 467 4657 συμϐαίνει.
519 4584 610 4638 Διὸ
652 4584 745 4638 καὶ
785 4585 994 4656 δρόσῳ,
1041 4584 1134 4638 καὶ
1182 4582 1371 4650 ὕδατι,
1423 4583 1517 4636 καὶ
1576 4583 1744 4652 γάλα-

1860 2104 1968 2159 que
1988 2090 2247 2145 omnibus
2287 2089 2690 2160 supereminet,
2719 2088 2884 2144 sicuti
2910 2089 2966 2143 in
2996 2103 3162 2160 opere
3192 2086 3437 2157 Mystica:

1861 2179 2133 2251 theologia:
2165 2180 2300 2234 mihi
2334 2179 2543 2235 dictum
2587 2187 2690 2237 est.
2720 2179 3040 2236 Eminenter
3069 2179 3140 2234 ab
3183 2177 3441 2234 omnibus

1854 2280 2147 2344 exemptus
2176 2272 2413 2339 dicitur,
2440 2289 2548 2328 non
2578 2273 2800 2344 quidem
2830 2271 3136 2328 secundum
3163 2269 3313 2325 aliud
3337 2271 3442 2324 ali-

1859 2363 1989 2434 quid
2023 2363 2090 2418 ab
2115 2364 2242 2426 hoc,
2267 2363 2572 2420 secundum
2606 2373 2786 2418 autem
2821 2363 2969 2418 aliud
2993 2361 3065 2417 ab
3089 2363 3185 2417 illo
3217 2381 3229 2416 :
3263 2377 3442 2433 neque

1859 2453 2016 2509 aliter
2041 2454 2109 2508 ab
2134 2454 2248 2508 illo.
2280 2453 2467 2525 Neque
2487 2470 2684 2511 rursus
2715 2455 2783 2510 ab
2808 2454 2912 2509 hoc
2938 2453 3159 2525 quidem
3196 2469 3436 2524 semper,

1857 2545 1926 2600 ab
1956 2545 2050 2600 illo
2079 2546 2207 2602 item
2231 2547 2526 2617 aliquando
2545 2565 2560 2614 ;
2579 2547 2674 2602 sed
2701 2547 2819 2618 pari
2838 2546 3001 2602 modo
3026 2553 3082 2601 et
3105 2546 3438 2612 sempiterne

1857 2652 1960 2692 nec
1994 2636 2318 2693 dii‘formiter
2343 2677 2358 2702 ,
2408 2637 2503 2692 sed
2538 2637 2703 2693 modo
2728 2639 3008 2695 consimili
3040 2653 3100 2694 se
3123 2637 3358 2700 habens,
3387 2647 3442 2690 et

1855 2745 2128 2800 nusquam
2172 2745 2203 2784 a
2261 2731 2486 2800 propria
2533 2730 2853 2787 desciscens
2903 2731 3225 2793 mansione,
3284 2739 3441 2786 extra

1855 2823 2116 2878 nimirum
2175 2823 2435 2895 seipsam.
2509 2823 2693 2877 Ἐστία
2749 2822 3018 2894 siquidem
3067 2822 3161 2878 hic
3204 2821 3438 2881 dicitur,

1855 2914 2082 2986 perinde
2120 2921 2285 2985 atque
2319 2915 2570 2988 διαμονή,
2609 2916 2664 2970 id
2708 2923 2793 2971 est
2837 2915 3158 2984 permansio.
3192 2913 3259 2967 Et
3289 2923 3442 2968 stans

1855 3009 1911 3063 in
1940 3007 2122 3079 seipsa
2141 3049 2157 3073 ,
2187 3014 2242 3063 et
2273 3025 2368 3078 per
2394 3008 2757 3078 providentiae
2787 3007 3164 3078 operationem
3221 3021 3440 3074 semper

1854 3107 2021 3154 mota.
2056 3099 2243 3170 Neque
2273 3107 2428 3155 stans
2458 3100 2760 3156 secundum
2797 3099 3229 3171 providentiam,
3261 3112 3442 3166 neque

1852 3207 1949 3262 per
1978 3199 2233 3247 naturam
2270 3200 2520 3248 movetur
2548 3212 2561 3248 :
2596 3194 2848 3263 quinimo
2869 3232 2885 3257 ,
2912 3192 3042 3262 quia
3087 3191 3190 3245 hoc
3219 3189 3440 3260 quidem

1855 3284 2097 3351 dictum,
2142 3295 2297 3341 stans
2334 3286 2389 3340 in
2432 3300 2533 3342 sua
2577 3285 2856 3340 soliditate
2901 3292 3157 3339 naturae:
3200 3297 3266 3337 eo
3301 3281 3440 3336 dixit

1856 3377 2051 3441 Pater,
2085 3379 2231 3450 quod
2283 3381 2625 3436 inalterabile
2661 3379 2734 3435 sit
2772 3395 2998 3434 numen.
3041 3377 3197 3445 Quod
3255 3382 3437 3431 autem

1855 3470 2060 3527 moveri
2095 3471 2309 3538 scribit,
2338 3473 2407 3528 de
2436 3465 2792 3542 previdentiaa
2820 3473 3036 3527 actione
3058 3468 3437 3539 accipiendum

1854 3573 1938 3620 est
1964 3564 2114 3619 circa
2153 3565 2304 3620 entia
2333 3566 2562 3635 quaevis.
2593 3564 2653 3620 In
2686 3573 2919 3634 utraque
2957 3565 3151 3618 harum
3199 3561 3437 3632 partium

1855 3670 2082 3711 necesse
2123 3665 2208 3712 est
2244 3657 2538 3712 dictionem
2582 3658 2728 3712 illam
2763 3657 3163 3724 intelligamus,
3195 3653 3440 3708 simulet

1856 3749 2272 3818 pronuntiemus
2341 3750 2604 3816 καθόλου,
2659 3750 2764 3804 hoc
2831 3759 2914 3805 est
2974 3749 3028 3801 in
3081 3747 3383 3800 universum
3416 3761 3438 3796 :

1852 3841 2012 3910 quasi
2060 3841 2164 3896 hoc
2201 3853 2363 3913 pacto
2393 3843 2720 3899 sententiam
2763 3840 3126 3897 contexuerit.
3158 3838 3348 3909 Neque
3380 3838 3439 3891 in

1852 3939 2026 3987 totum
2057 3941 2214 3990 stans
2240 3935 2321 3990 sic
2341 3975 2356 3998 ,
2385 3944 2445 3990 ut
2485 3937 2798 3990 nullatenus
2838 3940 3124 3989 moveatur
3155 3947 3268 3987 suae
3307 3947 3436 4000 pro-

1853 4024 2106 4080 videntia:
2138 4027 2455 4095 operatione
2482 4043 2493 4077 :
2546 4042 2725 4097 neque
2760 4041 2956 4081 rursus
2989 4025 3070 4080 sic
3100 4015 3358 4077 movetnr'
3378 4021 3440 4076 in

1850 4123 2048 4181 totum,
2075 4125 2134 4172 ut
2162 4133 2193 4172 a
2224 4119 2444 4188 propria
2473 4119 2746 4174 desciscat
2775 4117 3197 4187 transmigretve
3221 4113 3436 4170 stabili-

1850 4217 1982 4266 tate.
2004 4209 2216 4264 ldcirco
2240 4211 2387 4266 enim
2421 4212 2578 4277 dicit,
2605 4213 2734 4282 quia
2761 4219 2814 4266 et
2845 4212 2892 4266 si
2921 4217 3205 4266 moveatur
3229 4223 3436 4262 numen

1851 4302 1919 4356 ad
1968 4301 2280 4358 obeundam
2317 4302 2824 4359 functionemsuze
2878 4302 3279 4373 providentiae,
3337 4301 3444 4356 sed

1850 4395 2013 4464 287
2061 4394 2279 4449 interim
2334 4410 2490 4450 suam
2541 4396 2718 4466 ipsius
2765 4395 2966 4450 retinet
3030 4393 3383 4450 stabilitatem
3415 4433 3431 4456 ,

1848 4486 2064 4541 etiamsi
2093 4487 2149 4541 in
2181 4502 2280 4542 sua
2310 4488 2638 4543 inalterabili
2661 4495 2974 4557 perseveret
3004 4494 3225 4552 natura;
3253 4485 3349 4540 sed
3380 4495 3442 4540 et-

1847 4576 1989 4633 idem
2046 4577 2245 4634 ofﬁciis
2304 4588 2554 4635 movetur
2612 4595 2726 4636 sua:
2787 4580 3165 4651 providentiae.
3225 4580 3432 4636 Dehine

161 4696 270 4745 κτι,
323 4679 420 4732 καὶ
461 4678 624 4749 οίνῳ,
668 4678 762 4732 καὶ
804 4677 1013 4748 μέλιτι,
1063 4675 1132 4730 τὰ
1176 4675 1296 4729 θεῖα
1346 4674 1501 4744 λόγια
1558 4693 1746 4747 παρει-

1854 4673 2100 4741 sequitur
2125 4673 2250 4742 quis
2282 4673 2491 4728 solidus
2513 4675 2584 4729 sit
2611 4673 2766 4729 cibus
2787 4675 2980 4744 quisve
3001 4673 3260 4743 liquidus.
3294 4671 3436 4726 Soli-

161 4772 443 4837 κάςονται·
494 4769 679 4842 ἐπειδὴ
725 4769 833 4842 γὰρ
877 4769 1055 4823 πάντα
1099 4768 1343 4840 ύδατηρά
1391 4770 1531 4821 είσιο
1588 4768 1649 4820 τὸ
1690 4767 1745 4820 δὲ

162 4861 298 4936 ὕδωρ
326 4863 624 4934 ζωογόνον·
657 4863 744 4917 διά
771 4862 870 4937 τὴν
895 4857 1168 4931 τοιαύτηφ
1196 4861 1424 4932 δύναμιν
1466 4861 1609 4915 οὕτω
1657 4861 1747 4914 λέ-

160 4972 357 5023 γονται.
405 4956 480 5010 Ού
519 4955 626 5027 μὴν
666 4955 722 5008 δὲ
771 4955 928 5026 μόνον
975 4953 1038 5006 τὸ
1087 4952 1282 5025 ὑδαρὸν
1325 4952 1560 5024 ἔχουσιν,
1607 4953 1742 5006 ἀλλά

161 5046 411 5119 φέρουσιν
436 5048 667 5101 ἕκαστον
699 5046 793 5099 καί
835 5062 955 5098 τινα
987 5045 1123 5098 ἰδίαν
1157 5045 1438 5116 ποιότητα.
1480 5044 1568 5107 Ὦς
1612 5043 1743 5112 γοῦν

161 5138 442 5210 αύξητικά,
469 5138 700 5208 γάλακτι
745 5137 987 5191 ἐοίκασι·
1021 5137 1082 5189 τὸ
1123 5137 1231 5209 γὰρ
1269 5137 1410 5204 γάλα
1452 5135 1744 5207 θρεπτικὸν

162 5228 245 5280 καὶ
287 5228 613 5300 αὐξητικόν·
661 5228 737 5292 ὼς
785 5225 1096 5292 ἀναζωτικά
1144 5226 1303 5296 οἴνῳ·
1367 5227 1396 5277 ὁ
1443 5225 1552 5296 γὰρ
1600 5222 1740 5290 οἶνος

161 5320 508 5386 ἀναζωτικὸς,
555 5321 617 5375 τὸ
658 5321 894 5392 ἔμφυτον
925 5320 1197 5390 διεγεῖραν
1235 5318 1438 5389 θερμόν
1460 5335 1473 5348 θ
1523 5319 1599 5381 ὡς
1644 5336 1742 5372 κα-

163 5413 386 5488 θαρτικά
416 5415 510 5478 καὶ
539 5415 880 5490 φρουρητικὰ
913 5415 1108 5486 μέλιτιο
1152 5413 1212 5466 τὸ
1245 5412 1355 5487 γὰρ
1385 5412 1504 5484 μέλι
1549 5412 1742 5466 καθαί-

165 5523 239 5576 ρει
271 5509 368 5580 μὲν
399 5509 492 5562 καὶ
519 5507 588 5561 τά
617 5506 844 5579 ἑλκώδη,
876 5507 1134 5577 φυλάττει
1175 5505 1232 5560 δὲ
1262 5505 1355 5558 καὶ
1387 5503 1455 5558 τά
1501 5507 1559 5558 ὲν
1592 5503 1740 5575 αύτῷ

162 5599 260 5653 τῶν
301 5599 535 5674 ὀπωρῶν
565 5599 956 5672 ὲμϐαλλόμενα.
1008 5597 1190 5652 Ταῦτα
1237 5597 1368 5666 γοῦν
1413 5595 1738 5668 ὑπερϐλύζει

170 5691 194 5760 ἢ
237 5691 354 5747 θεία
412 5693 576 5763 σοφία
621 5693 719 5766 τὴν
760 5693 938 5765 ψυχὴν
987 5691 1332 5766 δροσίζον-εει,
1389 5690 1527 5745 κατά
1564 5691 1739 5746 ταῦτα

171 5785 246 5838 (ναὶ
287 5788 482 5858 εὐωχεῖ
529 5789 559 5840 6
607 5786 738 5850 Θεὸς
792 5787 918 5850 τοὺς
967 5785 1180 5851 ἀξίους,
1241 5785 1333 5838 καὶ
1374 5783 1534 5847 αὐτὸς
1581 5784 1740 5854 μεθύ-

282 5963 485 6022 ³ῐ¹ινογ.
520 5980 595 6032 ix,
632 5966 679 6019 l.

1850 4764 1954 4822 dus
1983 4767 2184 4838 quippe
2218 4767 2378 4822 cibus
2410 4768 2717 4839 symbolum
2762 4776 2878 4830 est,
2911 4782 3109 4836 nempe
3136 4767 3353 4836 signum
3379 4772 3435 4819 et

1849 4857 2179 4930 signiﬁcatio
2207 4859 2593 4914 intellectualis
2621 4875 2684 4914 ac
2710 4860 2897 4915 solida:
2919 4859 3297 4930 perfectionis.
3325 4855 3431 4912 Sed

1849 4968 1971 5022 quae
2008 4954 2228 5008 demum
2259 4953 2374 5007 haec
2421 4953 2816 5008 intellectualis
2836 4961 2922 5008 est
2958 4960 3014 5009 et
3043 4950 3219 5008 solida
3249 4948 3429 5020 perfe-

1847 5043 1991 5098 ctio?
2027 5041 2265 5098 Omnino
2298 5044 2387 5096 illa
2422 5058 2546 5099 esse
2572 5051 2862 5106 censetur,
2887 5042 3192 5098 secundum
3223 5055 3386 5110 quam
3406 5079 3420 5099 .

1847 5135 1941 5206 qui
1971 5134 2342 5205 intelligentia:
2385 5135 2530 5188 dono
2579 5135 2788 5204 przediti
2832 5141 3000 5198 sunt,
3037 5133 3199 5187 modo
3233 5131 3424 5197 digni,

1848 5228 2268 5297 divinarumque
2320 5234 2611 5282 consortes
2668 5225 2845 5282 eﬂ‘ecti
2892 5241 3078 5282 rerum
3131 5222 3429 5295 perliciun-
3508 5256 3509 5259 η

1849 5329 1956 5374 tur.
2008 5318 2362 5389 Participatio
2414 5319 2560 5373 enim
2617 5320 2869 5390 quaadam
2922 5328 3007 5374 est
3071 5315 3430 5387 perfectionis

1848 5412 1966 5482 ipsa
1999 5412 2386 5483 intelligentia;
2420 5413 2516 5468 sed
2567 5414 2870 5468 secundum
2902 5410 3186 5466 scientiam
3209 5447 3224 5471 ,
3257 5407 3430 5462 solide

1848 5511 2106 5567 stantem,
2130 5505 2350 5574 quando
2375 5517 2430 5560 et
2457 5505 2547 5560 hic
2575 5506 2733 5561 cibus
2761 5513 2864 5568 est,
2885 5503 2980 5560 sed
3009 5511 3064 5556 et
3093 5499 3430 5570 singularem

1847 5606 2011 5668 atque
2040 5598 2396 5654 individuam.
2430 5597 2546 5661 Hoc
2574 5614 2641 5654 eo
2672 5598 2913 5667 adjecit,
2946 5596 3090 5667 quod
3123 5595 3176 5648 in
3211 5594 3300 5657 iis,
3333 5592 3427 5662 qui

1847 5689 1915 5744 de
1941 5689 2052 5747 Deo
2103 5700 2268 5758 sunt,
2329 5690 2680 5762 sermonibus
2730 5704 3002 5759 nusquam
3042 5687 3239 5743 debeat
3271 5700 3426 5740 mens

1847 5799 1944 5853 per
1965 5791 2272 5856 concretas
2301 5783 2541 5841 materia:
2572 5782 2914 5854 cognitiones
2944 5780 3182 5853 dispesci
3206 5820 3220 5845 ,
3252 5778 3428 5838 aliove.
