3882 6532
474 420 582 477 503

1236 417 1581 476 APPENDIX
1611 420 1705 477 AD
1743 421 1975 479 OPERA
2019 422 2080 480 S.
2122 422 2424 480 DlONYSll
2460 423 2954 485 AREOPAGITE.

3620 427 3751 486 501'

467 529 652 587 diduci
679 548 694 597 ;
726 530 823 587 sed
852 528 1202 587 uniformiter
1234 538 1493 601 reputare
1522 545 1709 588 secum
1750 530 2023 587 inenarra-

2139 549 2219 586 ειν
2259 533 2505 603 λέγεται,
2555 535 2633 602 ὼς
2685 537 2897 611 πλήρης
2950 537 3159 594 τούτων
3206 539 3298 593 καὶ
3339 539 3715 613 ὑπερπλήρης.

466 624 631 682 bilem
656 625 797 680 hanc
823 638 966 691 esse,
987 623 1235 694 nullique
1252 639 1354 695 pro
1375 623 1639 696 dignitate
1661 624 2036 696 vestigahilem

465 717 665 775 divinas
692 726 902 773 naturae
934 715 1276 787 maiestatem
1307 738 1322 773 :
1355 717 1520 788 idque
1544 718 1781 773 maxime
1811 718 2040 775 addecet

464 827 586 867 eum
609 850 627 877 ,
658 811 751 881 qui
780 809 1030 867 sensoria
1058 825 1268 881 organa
1297 811 1462 866 habet
1488 811 1771 867 interioris
1800 810 2037 869 hominis

462 902 751 958 admodum
773 904 1071 959 exercitata
1090 944 1107 970 ,
1133 902 1190 957 in
1218 903 1420 974 quibus
1443 904 1648 960 Paulus
1678 904 1771 961 ille
1792 904 2036 960 admira-

458 994 585 1051 bilis
636 995 821 1051 hausit
877 995 1076 1052 divinae
1118 1009 1290 1067 aquas
1340 998 1640 1067 sapientiae.
1672 996 1809 1051 Nam
1856 999 2036 1069 ipsius

456 1088 682 1144 verbum
716 1096 803 1145 est
835 1107 851 1143 :
895 1088 1030 1145 Cum
1075 1106 1242 1145 essem
1269 1091 1545 1160 parvulus,
1580 1100 1635 1144 ut
1661 1091 1914 1161 parvulus
1941 1110 2032 1147 sa-

454 1177 660 1247 picbam
691 1178 761 1236 ιιι
790 1178 1091 1236 liberaliter
1129 1180 1381 1251 dispertit
1420 1181 1654 1237 solidum
1685 1183 1863 1238 cibum
1885 1222 1903 1248 ,
1936 1183 2035 1240 sed

449 1268 566 1340 jam
597 1271 801 1328 adultis
829 1285 895 1327 ac
921 1271 1183 1343 perlectis
1201 1312 1217 1339 ,
1246 1288 1371 1327 cum
1400 1273 1620 1329 eosdem
1647 1274 1850 1346 alioqui
1878 1275 2032 1345 prius

451 1371 698 1435 potasset
728 1363 892 1427 lacte,
918 1379 1043 1422 cum
1068 1364 1178 1419 illis
1206 1362 1346 1421 forte
1366 1364 1599 1419 necdum
1625 1364 1853 1422 aderant
1880 1383 2035 1425 exer-

450 1456 601 1512 citati
633 1470 831 1511 sensus
856 1456 1192 1525 spirituales.
1218 1453 1290 1512 Ut
1311 1456 1457 1511 enim
1484 1456 1646 1527 pusio
1668 1457 1849 1528 quivis
1869 1472 2031 1529 orga-

451 1562 523 1602 na
555 1548 808 1618 corporis
845 1548 1203 1608 inexercitata
1249 1547 1431 1604 adhuc
1480 1549 1690 1613 habens
1715 1593 1731 1618 ,
1763 1551 2030 1624 quidquid

448 1639 536 1699 vel
562 1638 710 1699 videt
729 1639 814 1697 vel
843 1640 1016 1707 audit,
1036 1639 1089 1698 id
1125 1642 1311 1713 utique
1334 1654 1445 1697 non
1475 1642 1620 1697 sicut
1642 1658 1702 1698 se
1724 1641 1890 1698 habet
1916 1659 2026 1710 res,

447 1736 597 1793 videt
644 1744 698 1793 et
754 1736 924 1792 audit.
974 1734 1263 1792 Larvatam
1314 1734 1459 1791 enim
1499 1749 1791 1806 personam
1834 1734 2031 1791 formi-

448 1828 684 1885 dabilem
763 1829 1022 1900 deputat,
1104 1828 1243 1884 nihil
1310 1828 1518 1899 alioqui
1586 1827 2025 1898 formidabilem;

446 1922 581 1992 quin
617 1922 842 1978 verbum
877 1922 1179 1993 quamlibet
1216 1921 1429 1993 placide
1465 1928 1521 1977 et
1558 1923 1857 1978 clementer
1895 1937 2026 1993 pro-

446 2014 652 2078 latum,
708 2015 1032 2085 plerumque
1089 2015 1326 2085 accipit,
1383 2014 1545 2085 quasi
1607 2014 2026 2070 comminatorie

443 2107 671 2164 dictum.
692 2106 779 2161 Ad
793 2106 1044 2165 eumdem
1071 2107 1317 2171 modum,
1338 2105 1430 2176 qui
1461 2106 1763 2177 secundum
1786 2108 2025 2162 animam

442 2201 680 2272 pusillus
732 2200 914 2256 adhuc
953 2207 1061 2263 est,
1120 2198 1289 2253 habet
1335 2196 1583 2267 profecto
1610 2197 1658 2253 is
1681 2213 1796 2254 suae
1826 2199 2024 2254 animae

441 2293 691 2349 sensoria
720 2292 1105 2358 inexercitata;
1143 2305 1246 2347 nec
1273 2297 1456 2361 potest
1486 2290 1613 2345 talis
1659 2291 2026 2362 contemplari

439 2399 507 2440 ac
537 2401 606 2443 ne
650 2384 843 2440 audire
866 2384 1090 2456 quidem
1116 2384 1285 2439 ullam
1309 2381 1689 2439 sublimiorem
1716 2383 1982 2438 theoriam
2002 2424 2020 2450 ,

437 2491 603 2547 quam
658 2476 880 2531 nomine
937 2476 1097 2532 solidi
1154 2476 1262 2531 eihi
1326 2490 1510 2531 sermo
1557 2481 1720 2529 vocat
1775 2474 2017 2532 divinus.

436 2567 677 2624 Proinde
730 2568 996 2638 liquidam
1049 2568 1365 2623 alimoniam
1431 2584 1630 2624 rursus
1691 2567 2021 2624 crediderim

438 2660 613 2730 accipi
636 2660 835 2716 debere
859 2675 960 2730 pro
980 2660 1286 2731 composito
1318 2660 1660 2731 ﬁgurataque
1691 2660 1871 2731 signo.
1905 2659 2022 2716 lloc

429 2753 584 2821 enim
631 2760 717 2808 est
763 2751 911 2823 quod
966 2752 1295 2807 subauditur
1341 2752 1442 2823 τῆς
1490 2751 1809 2824 διαχυτικῆς
1860 2754 2021 2826 ὲπιῤ-

439 2845 590 2918 ῥοῆς,
624 2844 679 2904 id
725 2853 831 2910 est,
880 2843 1148 2914 diffusius
1186 2845 1519 2900 inundantia:
1563 2845 1682 2900 sive
1728 2844 1966 2913 inﬂuxus
1996 2860 2017 2899 :

439 2938 689 2995 videlicet
715 2937 981 2994 doctrinae
1002 2953 1123 3009 qua:
1148 2953 1247 3008 per
1269 2936 1425 3008 plura
1448 2944 1502 2993 et
1524 2937 1743 2993 dividua
1768 2938 2014 2993 instruit.

434 3032 621 3105 Neque
655 3033 803 3089 enim
836 3048 947 3089 uno
974 3048 1040 3087 ac
1069 3030 1306 3101 simplici
1337 3028 1525 3093 modo,
1556 3030 1653 3086 sed
1687 3029 2017 3086 multiformi

435 3128 696 3197 varioque
721 3126 947 3182 edoctos
973 3125 1129 3197 prius
1148 3124 1416 3194 contingit
1444 3123 1512 3177 ad
1537 3121 1839 3194 perfectam
1867 3122 2029 3201 illam

2139 622 2449 696 Σημεὶωσαι
2494 624 2551 680 δὲ
2602 626 2861 693 ἐνταῦθα,
2910 630 2994 683 ὅτι
3036 628 3129 682 καὶ
3176 627 3236 682 τὸ
3286 629 3513 701 εὐωχεῖν
3569 631 3721 703 ῥῆμα

2137 715 2166 767 ό
2204 716 2392 790 Πατὴρ
2436 716 2545 772 ἀπὸ
2587 717 2680 772 τοῦ
2716 713 2776 773 εὖ
2817 719 2961 792 ἔχειν
2994 719 3326 790 ὲτυμολογεί,
3380 719 3566 785 καθὼς
3610 720 3721 794 ἔχει

2137 809 2230 864 καὶ
2262 812 2297 882 ή
2332 809 2433 878 τῆς
2464 810 2674 878 εὐεξίας
2700 810 2862 879 λέξις.
2899 814 2988 876 Ὡς
3037 811 3166 882 γοῦν
3198 812 3283 883 ἐφ’
3322 812 3535 887 ήμῶνή
3581 816 3717 890 μέθη

2135 900 2273 954 κατά
2326 901 2388 955 τὸ
2433 903 2614 974 χεῖρον
2666 902 2902 971 λέγεται,
2952 903 3095 958 οὕτω
3149 904 3288 960 κατά
3349 905 3411 960 τὸ
3473 909 3719 979 κρεῖττον

2135 1000 2227 1054 ἐπὶ
2274 1000 2443 1055 Θεοῦ·
2494 1003 2618 1057 ὅθεν
2671 1003 2762 1057 καὶ
2810 1003 2894 1074 ἐφ’
2951 1004 3107 1077 ήμῶν
3158 1007 3191 1076 ή
3241 1006 3478 1079 ἀμετρία
3515 1010 3717 1081 χεῖρον,

2133 1091 2225 1145 ἐπὶ
2270 1092 2328 1147 δὲ
2370 1091 2528 1159 Θεοῦ,
2574 1097 2840 1167 κρεῖττον.
2870 1098 2991 1151 Ἔτι
3022 1096 3082 1151 δὲ
3112 1098 3206 1153 καὶ
3254 1098 3314 1153 τὸ
3364 1098 3717 1166 ὲξεστηκέναι

2133 1192 2226 1246 ἐπὶ
2251 1192 2388 1247 Θεοῦ
2433 1192 2650 1263 λέγεται
2682 1196 2820 1250 κατά
2854 1196 2954 1268 τὴν
3000 1197 3288 1271 ὑπεροχὴν,
3323 1200 3418 1254 καὶ
3447 1200 3547 1255 τοῦ
3579 1206 3718 1257 νοεῖν

2131 1285 2225 1339 καὶ
2254 1284 2349 1338 τοῦ
2382 1286 2647 1341 νοεῖσθαι’
2674 1286 2799 1342 οὔτε
2831 1288 2940 1362 γὰρ
2972 1289 3040 1343 τὰ
3072 1290 3201 1344 όντα
3230 1291 3488 1362 γινώσκει
3590 1295 3718 1349 ὄντα

2130 1376 2285 1443 εἰσὶν,
2319 1376 2454 1432 ἀλλά
2486 1379 2631 1434 κατά
2657 1397 2793 1439 τινα.
2816 1380 3160 1454 ὲξῃρημένην
3194 1384 3288 1437 καὶ
3334 1384 3475 1458 ὑπὲρ
3508 1386 3720 1460 ἀνθρω-

2129 1488 2229 1525 πον
2251 1472 2456 1542 νόησιν.
2492 1472 2630 1527 Οϋτε
2666 1472 2770 1545 μὴν
2803 1472 2954 1544 παρὰ
2985 1475 3093 1530 τῶν
3126 1475 3292 1544 ἀξίων
3311 1481 3513 1532 νοεῖται
3533 1476 3717 1543 καθὼς

2128 1562 2241 1636 ἔχει
2261 1582 2275 1595 ο
2317 1565 2438 1619 ἐπεὶ
2471 1566 2565 1620 καὶ
2612 1567 2751 1639 ὑπὲρ
2800 1568 2931 1622 αὐτὸ
2960 1568 3022 1621 τὸ
3053 1564 3189 1625 εἷναί
3221 1572 3360 1635 ὲστι,
3402 1569 3499 1624 καὶ
3530 1568 3717 1636 ἁπλῶς

2126 1659 2227 1713 ὅσα
2274 1659 2413 1714 εἰσὶν
2455 1658 2655 1729 ἀγαθὰ,
2706 1658 2800 1714 καὶ
2835 1658 2914 1724 ὡς
2956 1660 3312 1734 ὑπερπλήρης
3350 1660 3581 1726 τούτων,
3619 1678 3716 1734 με-

2128 1749 2268 1809 θύων
2300 1749 2540 1819 λέγεται,
2575 1750 2668 1806 καὶ
2713 1750 2790 1816 ὡς
2820 1746 2976 1816 αὖθις
3020 1751 3127 1817 ἔξω
3176 1753 3270 1806 καὶ
3317 1752 3577 1808 ἐπέκεινα
3607 1752 3714 1809 τῶν

2127 1842 2384 1897 τοιούτων
2414 1843 2633 1912 ἀγαθῶν
2662 1844 3050 1916 ἀνῳκισμένος,
3095 1843 3406 1916 ἐξεστηκὼς
3454 1845 3675 1915 λέγεται
3694 1861 3711 1877 ⁸

2125 1937 2154 1989 ὁ
2183 1936 2293 2009 γὰρ
2324 1937 2544 2003 ἐκστὰς,
2577 1936 2683 2003 ἐξω
2726 1937 2944 1993 πάντων
2982 1938 3212 2008 γίνεται,
3261 1939 3357 1993 καὶ
3392 1940 3547 1994 οὐδὲν
3580 1936 3716 1996 οἶδεν

2125 2028 2249 2085 οὔτε
2277 2030 2388 2085 τῶν
2419 2022 2611 2095 ὄντων,
2642 2030 2768 2086 οὔτε
2797 2030 2909 2087 τῶν
2941 2032 3300 2104 τελουμένων.
3338 2032 3412 2086 Τὸ
3444 2033 3579 2102 γοῦν
3611 2032 3716 2100 ἔξω

2124 2124 2340 2178 πάντων
2372 2120 2510 2178 εἶναι
2553 2124 2616 2178 τὸ
2660 2123 2802 2178 θεῖον
2843 2124 2983 2179 κατά
3022 2142 3146 2178 τινα
3191 2125 3714 2197 ὑπερανῳκισμένην

2122 2213 2259 2281 ἕξιν,
2291 2215 2354 2269 ἵν’
2393 2214 2569 2279 οὕτως
2600 2214 2760 2279 εἴπω,
2799 2215 3009 2288 πρέπον
3043 2215 3160 2271 ἐστὶ
3202 2214 3282 2287 τῷ
3312 2214 3454 2285 Θεῷ,
3491 2214 3615 2269 καθ’
3648 2202 3713 2285 ἢν

2122 2308 2244 2362 οὐδὲ
2291 2304 2401 2362 οἶδε
2445 2308 2516 2362 τά
2565 2308 2693 2362 ὄντα
2742 2303 2776 2382 ᾖ
2825 2309 2958 2363 ὄντα
3006 2308 3165 2375 εἰσὶν,
3213 2308 3329 2362 ἀλλ’
3369 2306 3713 2380 ὑπεροχικῶς

2121 2397 2474 2472 ἐξῃρημένως
2519 2401 2585 2453 ἐκ
2631 2398 2837 2453 τούτων
2884 2397 3227 2471 ὁρμώμενοι,
3280 2397 3375 2452 καὶ
3420 2396 3492 2451 τά
3539 2399 3599 2451 ὲν
3646 2398 3710 2468 τῇ

2122 2488 2370 2562 βασιλείᾳ
2396 2489 2505 2543 τῶν
2536 2489 2783 2562 οὐρανῶν
2822 2490 3013 2543 δεῖπνα
3056 2489 3522 2561 ἀλληγορήσομεν,
3558 2488 3715 2542 ἅτινα

2120 2582 2442 2654 ἐμφαίνουσι
2475 2584 2659 2654 κοινήν
2719 2599 2842 2636 τινα
2873 2581 2966 2635 καὶ
2996 2580 3356 2653 ὁμονοητικὴν
3396 2580 3509 2633 τῶν
3543 2580 3710 2649 ἁγίων

2119 2673 2422 2739 κοινωνίαν,
2458 2675 2526 2746 ἥν
2576 2673 2669 2727 καὶ
2715 2671 3040 2744 Ἐκκλησίαν
3086 2671 3446 2744 πρωτοτόκων
3490 2668 3655 2740 φησὶν
3681 2667 3710 2719 ὁ

2119 2762 2261 2827 θεῖος
2306 2762 2645 2828 ’Δπόστολος,
2680 2764 2773 2817 καὶ
2804 2763 2903 2834 τὴν
2935 2762 3216 2816 ἀνάκλισιν
3249 2762 3556 2816 ἀνάπαυσιν
3603 2759 3710 2814 τῶν

2118 2856 2327 2912 πολλῶν
2365 2859 2628 2929 καμάτων
2673 2854 3017 2928 λογιζόμεθα.
3068 2855 3365 2927 Εὐφραίνει
3397 2854 3457 2908 δὲ
3487 2854 3710 2919 τούτους

2118 2955 2149 3006 ὁ
2176 2951 2369 3023 Σωτήρ
2400 2948 2557 3021 ἡμῶν
2590 2948 2683 3003 καὶ
2715 2948 3012 3020 Δεσπότης,
3043 2947 3136 3001 καὶ
3157 2946 3453 3011 ἀνακλίνει,
3490 2948 3577 3001 ὅτι
3614 2947 3708 3002 αὑ-

2115 3042 2208 3107 τός
2241 3045 2387 3096 ἐστιν
2420 3039 2590 3103 αἴτιος
2620 3038 2875 3093 ἁπάντων
2920 3037 3031 3092 τῶν
3071 3040 3184 3101 τοῖς
3214 3038 3392 3105 ἀγίοις
3423 3040 3707 3092 ἐναποκει-

2120 3133 2296 3206 μένων
2334 3130 2531 3185 καλῶν.
2567 3132 2640 3185 Σὺ
2675 3130 2733 3185 δὲ
2762 3127 3116 3202 ὲπιξητήσεις
3145 3129 3239 3183 καὶ
3266 3129 3358 3183 τὸν
3388 3129 3580 3195 ὕπνον,
3617 3131 3706 3185 καὶ

439 3218 531 3274 Dei
585 3219 872 3274 scientiam
921 3216 1234 3287 promoveri
1269 3233 1284 3282 ;
1336 3215 1571 3285 ideoque
1604 3230 1763 3271 sacra
1794 3215 2013 3287 eloquia

2122 3223 2215 3295 τὴν
2243 3223 2573 3295 ἐγρήγορσιν
2594 3220 2685 3274 ἐπὶ
2715 3219 2849 3274 Θεοῦ
2879 3219 3513 3292 ἀλληγορηθῆναι.Ὂταν
3544 3221 3703 3277 ὕπνον

346 3294 349 3297 λ
435 3313 570 3375 rori,
598 3321 772 3382 aquae,
797 3311 948 3377 lacti,
977 3310 1107 3364 vino
1132 3316 1295 3379 atque
1322 3308 1469 3364 melli
1503 3307 1771 3364 assimilia
1803 3309 2016 3365 descri-

434 3404 680 3469 buntur;
742 3401 1185 3474 quandoquidem
1220 3402 1379 3471 aquei
1428 3400 1660 3471 liquoris
1716 3400 2009 3473 imaginem

434 3496 682 3553 referunt
708 3496 915 3552 omnia.
948 3494 1105 3566 Aqua
1135 3502 1316 3549 autem
1346 3494 1457 3548 vim
1488 3493 1680 3548 sortita
1715 3501 1801 3549 est
1831 3493 2010 3547 vivili-

434 3589 599 3643 candi
639 3598 695 3643 et
740 3586 1107 3653 fecundandi;
1151 3593 1206 3641 et
1246 3585 1414 3656 288
1441 3585 1545 3640 hac
1569 3586 1762 3657 gratia,
1794 3585 2010 3655 eloquia

436 3695 592 3752 aquae
636 3681 859 3736 nomine
893 3679 1169 3735 dicuntur.
1226 3676 1297 3732 At
1331 3693 1440 3733 non
1474 3678 1616 3732 hanc
1646 3677 1825 3733 solum
1856 3692 2012 3747 aquae

432 3774 543 3828 vim
572 3776 630 3829 in
679 3788 739 3828 se
766 3772 1048 3836 obtinent,
1081 3771 1178 3826 sed
1224 3768 1657 3840 unumquodque
1686 3778 2013 3840 progenerat

429 3866 587 3935 juxta
617 3865 861 3919 innatam
907 3863 1011 3919 sibi
1051 3878 1116 3917 ac
1149 3862 1426 3935 propriam
1476 3861 1833 3932 qualitatem,
1857 3868 1919 3915 ut
1945 3875 2011 3916 ea

431 3972 555 4028 quae
574 3955 800 4027 praedita
830 3963 960 4011 sunt
983 3955 1217 4027 augendi
1240 3954 1317 4020 vi,
1341 3954 1469 4008 lacti
1499 3953 1859 4023 perhibentur
1887 3967 2011 4008 esse

433 4050 652 4112 similia.
669 4049 779 4105 Lac
807 4048 1076 4121 siquidem
1093 4056 1148 4103 et
1172 4048 1345 4103 nutrit
1373 4054 1427 4102 et
1456 4046 1708 4117 perducit
1736 4046 1804 4101 ad
1830 4046 2011 4101 incre-

429 4152 696 4201 mentum.
718 4143 846 4199 Pari
869 4142 1053 4208 modo,
1089 4157 1211 4213 quae
1237 4147 1491 4196 recreant
1517 4139 1848 4203 excitantve,
1882 4138 2011 4193 vino

430 4238 822 4306 Conferuntur;
853 4236 962 4293 vim
992 4235 1138 4291 enim
1166 4234 1329 4289 habet
1358 4233 1545 4289 vinum
1576 4231 1803 4303 spiritus
1826 4229 2009 4284 vitalis

2118 3313 2307 3385 φῶμεν
2333 3313 2536 3375 τοίνυν,
2572 3311 2633 3366 τὸ
2660 3305 2769 3365 οἷον
2799 3311 3254 3384 παραχωρητικὸν
3299 3312 3395 3366 τοῦ
3451 3312 3589 3366 Θεοῦ
3615 3314 3703 3385 δη-

2114 3405 2351 3477 λοῦμεν
2411 3405 2540 3458 ὅταν
2583 3403 2641 3457 δὲ
2690 3403 3039 3477 ἐγρήγορσιν,
3086 3403 3185 3476 τὴν
3232 3405 3311 3468 είς
3357 3404 3419 3458 τὸ
3458 3408 3703 3477 προνοεῖν

2115 3498 2409 3570 προσοχὴν.
2443 3498 2517 3551 Σὺ
2546 3496 2602 3550 δὲ
2634 3494 2793 3551 πάλιν
2840 3493 2932 3548 καὶ
2975 3494 3110 3548 ἄλλα
3160 3494 3436 3566 ζητήσεις.
3477 3496 3572 3549 Διὸ
3614 3495 3706 3551 καὶ

2113 3590 2370 3663 περιττὸν
2408 3589 2504 3660 μὲν
2552 3587 2850 3659 οἰηθέντες,
2882 3586 2952 3640 τὰ
2996 3585 3135 3640 αὑτά
3176 3587 3700 3654 ὲπανακυκλοῧντες,

2112 3683 2275 3754 ἕτερα
2304 3681 2480 3735 δοκεῖν
2509 3679 2706 3749 λέγειν,
2737 3677 2971 3733 ἐνταῦθα
3003 3679 3277 3750 στήσομεν
3310 3678 3403 3732 τὸν
3448 3680 3551 3751 τῆς
3588 3683 3705 3735 ὲπι-

2114 3773 2307 3844 στολῆς
2356 3772 2532 3841 λόγον,
2598 3769 3001 3833 ἀποδεδωκότες
3058 3768 3134 3833 ὡς
3186 3768 3558 3839 ὑπολαμϐάνω
3614 3771 3702 3825 καὶ

2112 3860 2351 3925 πλείονα,
2390 3853 2466 3912 ὧν
2515 3860 2572 3911 ὲν
2622 3861 2735 3921 τοῖς
2793 3859 2903 3922 σοῖς
2958 3856 3277 3928 γράμμασιν
3331 3859 3697 3932 ὲπεζήτησας.

2111 3952 2429 4024 Πειθόμενοι
2453 3951 2511 4004 δὲ
2550 3949 2709 4005 πάλιν
2739 3949 2866 4020 ὑμῖν
2903 3948 3114 4001 θέλουσι
3146 3948 3275 4020 περὶ
3318 3949 3544 4005 πάντων
3573 3970 3701 4023 μανι

2112 4043 2313 4108 θάνειν,
2335 4041 2503 4113 αὐτὴν
2533 4041 2662 4112 ὃλην
2687 4040 2785 4112 τὴν
2816 4038 3201 4109 Συμϐολικὴν
3231 4044 3553 4113 θεολογίαν
3572 4044 3701 4096 ἀπο-

2112 4132 2420 4203 στέλλομεν,
2472 4130 2592 4185 καθ’
2623 4132 2689 4203 ἢν
2730 4130 2982 4203 εὑρήσεις
3026 4129 3223 4196 πάντα,
3272 4133 3367 4185 καὶ
3417 4136 3550 4206 περὶ
3605 4137 3698 4207 τῆς

2112 4224 2326 4293 σοφίας,
2358 4224 2450 4278 καὶ
2490 4223 2618 4294 περὶ
2657 4221 2753 4277 τοῦ
2800 4223 2973 4288 οἴκου,
3015 4223 3108 4277 καὶ
3156 4226 3285 4298 περὶ
3323 4226 3427 4299 τῆς
3474 4230 3698 4301 στερεᾶς

430 4332 802 4398 excitativam;
826 4331 1013 4384 innata
1034 4328 1179 4383 enim
1202 4327 1281 4381 illi
1314 4326 1395 4381 vis
1419 4333 1504 4382 est
1533 4324 1829 4381 excitativa
1859 4322 2013 4377 calo-

2122 4315 2334 4387 τροφῆς,
2373 4315 2754 4387 διαιρουμένης
2808 4314 2890 4377 είς
2943 4312 3143 4385 ἄρτους
3201 4317 3292 4370 καὶ
3343 4317 3567 4389 θύματα
3609 4319 3697 4374 καὶ

428 4425 527 4481 ris.
551 4422 663 4481 Nec
686 4411 1032 4480 dissimiliter
1060 4421 1375 4492 purgatoria
1405 4417 1896 4486 conservativaque
1922 4415 2005 4471 vis

2122 4407 2238 4478 περὶ
2270 4406 2379 4461 τῶν
2410 4406 2584 4460 ἄλλων
2612 4406 2896 4460 ἁπάντων·
2942 4406 3059 4460 ἐστι
3090 4408 3198 4479 γὰρ
3235 4408 3296 4461 τὸ
3326 4410 3572 4465 τοιοῦτον
3618 4411 3698 4484 βιο

429 4520 573 4577 inest
599 4518 772 4585 melli;
795 4523 994 4587 purgat
1006 4515 1151 4570 enim
1175 4512 1441 4584 quidquid
1475 4511 1682 4568 saniem
1714 4517 1809 4563 aut
1838 4509 2007 4579 putri-

2122 4500 2256 4554 ὅλίον
2285 4499 2562 4572 εὑρετικόν
2590 4498 2818 4553 ἀπασῶν
2857 4496 2966 4551 τῶν
3005 4499 3349 4570 συμϐολικῶν
3387 4501 3693 4573 θεολογιῶν,

431 4564 573 4577 ...ν--
603 4564 772 4585 ....,-.-,
795 4564 1151 4587 νησαπη---
1180 4564 1439 4584 Ἴτην--.
1478 4564 1497 4568 ε
1608 4564 1621 4566 ε
1838 4564 1854 4579 _

428 4615 663 4687 laginem
713 4610 934 4684 praefert
964 4609 1303 4674 ulcerosam;
1342 4605 1412 4660 ad
1438 4604 1543 4659 hoc
1572 4603 1786 4658 fructus
1809 4600 2004 4656 condi-

2122 4593 2205 4648 καὶ
2224 4564 2538 4665 όμοῷωνοῦν
2552 4591 2688 4666 πρὸς
2705 4589 2804 4655 τὰς
2826 4590 2974 4662 ἱερὰς
2991 4564 3335 4663 παραδόσεις,
3354 4592 3422 4657 ἀς
3439 4613 3515 4649 πα
3523 4564 3591 4666 pd
3604 4564 3692 4648 tofi

426 4686 621 4763 taneos
662 4710 954 4760 conservat
1000 4700 1250 4769 injectos.
1282 4696 1408 4752 Haec
1457 4696 1642 4765 itaque
1684 4694 1869 4749 divina
1902 4690 2004 4746 Sa-

2122 4690 2265 4759 Ξγίου
2291 4687 2608 4742 Ἀποστόλου
2639 4686 2731 4740 καὶ
2763 4686 3080 4740 διδασκάλου
3100 4686 3254 4757 ήμῶν
3288 4687 3690 4761 παρελάϐομεν.

426 4799 634 4870 pientia
661 4794 957 4851 inundanti
998 4808 1068 4848 ex
1116 4807 1176 4846 se
1215 4789 1553 4860 scaturigine
1574 4786 1823 4853 eil'undit,
1857 4788 2059 4859 quibus
2101 4789 2335 4840 animam
2381 4781 2603 4849 irroret,
2629 4782 3037 4851 clementerque
3068 4787 3343 4851 aspergat.
3377 4780 3691 4836 Secundum

426 4892 545 4946 hac
585 4889 732 4946 Deus
799 4902 861 4943 se
901 4886 1097 4956 dignos
1138 4880 1445 4936 lautissima
1493 4878 1693 4949 accipit
1742 4880 2019 4935 convivio.
2065 4875 2213 4934 idem
2284 4889 2501 4948 quoque
2551 4872 2813 4962 inebriari
2853 4872 3163 4937 astruitur,
3213 4873 3420 4943 quippe
3471 4873 3567 4944 qui
3608 4872 3692 4928 his

426 4985 621 5055 plenus
639 4994 765 5038 esse
785 4977 1138 5039 describitur,
1170 4982 1226 5030 et
1244 4989 1508 5045 perquam
1533 4974 1749 5045 plenus.
1793 4972 2017 5030 Interim
2066 4980 2250 5028 tamen
2287 4970 2547 5042 praesenti
2591 4968 2714 5024 loco
2776 4967 3078 5023 notandum
3120 4968 3302 5033 venit,
3359 4968 3493 5039 quia
3543 4971 3688 5026 verbi

426 5077 587 5133 istius
650 5074 874 5144 εὐωχεῖν
935 5080 1175 5140 etymum
1226 5067 1420 5123 beatus
1480 5064 1642 5123 Pater
1698 5066 1914 5122 derivat
1967 5064 2023 5120 at

2150 5064 2308 5129 bene,
2338 5059 2628 5124 commode,
2659 5066 2714 5115 et
2764 5057 2933 5130 ἔχειν,
2967 5060 3110 5114 sicut
3150 5068 3206 5115 et
3266 5060 3437 5115 dictio
3487 5063 3687 5129 εὐεξία.

426 5166 497 5223 Ut
519 5167 685 5237 igitur
705 5162 992 5218 hominum
1047 5172 1200 5212 more
1225 5156 1461 5212 ebrietas
1490 5156 1545 5211 in
1573 5156 1813 5226 pejorem
1842 5155 1989 5210 trahi
2025 5155 2165 5212 solet
2190 5160 2423 5225 partem;
2454 5151 2535 5207 sic
2557 5149 2860 5207 secundum
2902 5149 2956 5204 id
3003 5150 3148 5221 quod
3191 5153 3548 5221 praestantius
3585 5162 3685 5221 est,

425 5260 484 5315 in
539 5258 672 5315 Deo.
725 5253 886 5311 Unde
932 5258 1129 5306 nostro
1177 5264 1331 5305 more
1384 5248 1679 5320 loquendi,
1738 5251 2034 5306 immodica
2100 5254 2267 5320 potus
2323 5245 2555 5316 repletio
2617 5243 2676 5298 in
2728 5242 3056 5300 deteriorem
3113 5246 3351 5300 sumitur
3400 5255 3614 5319 partem
3668 5265 3685 5304 :

425 5359 639 5420 contra,
674 5350 744 5407 de
769 5349 879 5405 Deo
905 5347 1054 5403 dicta
1095 5343 1301 5413 aliquid
1346 5343 1590 5400 declarat
1628 5346 1996 5412 praestantius.
2027 5343 2257 5415 Insuper
2298 5356 2561 5397 excessus
2589 5340 2680 5395 ille
2723 5338 2781 5393 in
2809 5336 2951 5404 Deo,
3006 5335 3073 5391 de
3106 5335 3226 5407 ipso
3276 5352 3379 5406 per
3441 5339 3687 5394 eminen—
3770 5370 3775 5377 ι

425 5445 560 5500 tiam
589 5443 922 5514 praedicatur
949 5454 1118 5509 supra
1145 5456 1313 5512 quam
1357 5439 1665 5510 cogitemus
1712 5448 1807 5496 aut
1831 5442 2225 5511 intelligamus.
2280 5436 2470 5507 Neque
2511 5437 2656 5492 enim
2699 5450 2789 5490 res
2834 5432 3129 5505 agnoscit,
3182 5439 3349 5502 prout
3372 5448 3465 5489 res
3517 5439 3681 5499 sunt;

426 5538 525 5596 sed
549 5534 705 5605 juxta
730 5529 1131 5604 praecellentem
1161 5537 1215 5584 et
1243 5543 1407 5601 quam
1422 5528 1664 5582 humana
1686 5530 1779 5596 sit,
1803 5531 2180 5602 angustiorem
2218 5528 2657 5598 intelligentiam.
2722 5524 2831 5580 Sed
2877 5541 3058 5597 neque
3116 5543 3147 5581 a
3207 5528 3455 5599 qualibet
3506 5529 3682 5601 dignis

426 5640 608 5687 mente
649 5629 988 5701 percipitur,
1020 5633 1084 5680 ut
1111 5641 1171 5701 se
1197 5632 1347 5680 tanta
1381 5625 1499 5681 haec
1528 5625 1688 5681 habet
1718 5627 1996 5698 maiestas.
2023 5626 2295 5692 Quoniam
2318 5623 2542 5695 quidem
2563 5636 2755 5678 omnes
2780 5621 2951 5677 anteit
2989 5622 3195 5693 gradus
3253 5624 3531 5687 essentia,
3575 5625 3680 5679 imo

426 5699 767 5796 quaecunque
808 5699 1046 5792 usquam
1084 5699 1225 5775 bona
1270 5728 1400 5777 sunt
1449 5737 1677 5792 prorsus
1721 5723 2135 5795 supergreditur
2173 5742 2186 5775 :
2221 5728 2385 5792 atque
2416 5731 2478 5776 ut
2521 5734 2786 5792 perquam
2848 5719 3043 5790 plenus
3096 5713 3318 5780 horum,
3380 5716 3679 5791 inebriatus

427 5818 629 5875 dicitur
674 5833 819 5874 esse.
882 5812 1119 5881 Rursus,
1172 5813 1320 5885 quod
1356 5823 1512 5871 extra
1556 5816 1718 5874 simul
1750 5827 1805 5874 et
1845 5819 1989 5873 ultra
2017 5817 2207 5874 isthzee
2235 5817 2376 5873 bona
2432 5815 2618 5872 omnia
2649 5814 2972 5886 longissimo
3013 5823 3235 5868 secessu
3296 5811 3451 5867 velut
3500 5821 3678 5867 transv

501 5933 532 5974 ιδ
558 5931 581 5986 l
605 5931 731 5989 Cor.
772 5946 895 5992 xm.
923 5931 1009 5985 ll.

454 6064 535 6081 .3-
