3882 6538
118 461 207 518 505
852 456 1299 516 Pacuvianum
1334 461 1818 520 PARAPHRASIS
1851 463 1915 516 IN
1956 463 2105 520 EPP.
2158 465 2214 520 s.
2259 466 2583 522 DIONYSII.
3257 473 3366 530 δυσ

117 570 374 667 niigrarit:
407 572 544 667 hinc
580 572 784 667 dcitur
813 573 1155 643 excessisse,
1203 575 1560 632 similitudine
1597 577 1665 631 ab
1695 591 1762 631 eo
1787 579 1950 631 ducta
1973 617 1990 640 ,
2036 578 2184 650 quod
2211 580 2304 650 qui
2359 582 2567 636 cxstasi
2623 581 2791 636 semel
2827 581 3159 653 corripitur,
3205 593 3361 638 eatra

115 659 272 758 omnia
319 659 397 716 fit.
439 661 495 716 Is
535 663 905 758 enim‘eorum
950 680 1074 734 quae
1123 678 1273 732 sunt,
1305 683 1494 737 quaeve
1543 667 1688 722 facta
1717 667 1832 727 iam
1868 676 2025 732 sunt,
2059 671 2196 724 nihil
2240 672 2394 726 novit
2456 671 2700 727 omnino.
2764 671 3132 726 Conveniebat
3161 673 3362 742 quippe

116 749 201 816 ipsi
232 749 354 815 Deo,
381 759 445 805 ut
471 761 629 807 tanta
652 753 745 808 illa
773 753 1032 824 majestas
1061 763 1216 811 extra
1245 759 1430 813 omnia
1457 765 1800 813 astruerclur
1833 773 1957 814 esse
1990 760 2295 816 secundum
2337 761 2629 831 quamdam
2681 763 2748 818 ab
2803 763 3060 818 omnibus
3113 765 3360 818 eminen-

113 848 230 905 tiore
245 852 406 905 modo
428 853 770 924 disparatam
795 854 968 925 (utsic
983 855 1245 928 dixerim)
1271 857 1644 914 habitudinem
1671 877 1683 912 :
1711 873 1805 927 per
1825 874 1988 929 quam
2021 876 2199 930 neque
2225 861 2372 916 entia
2393 861 2535 916 sicut
2558 863 2703 916 entia
2721 867 2868 924 sunt,
2895 861 3067 927 novit;
3093 862 3189 915 sed
3222 875 3362 931 prae.

113 943 372 1001 cellentius
393 988 408 1011 ,
435 947 728 1016 multoque
756 949 1103 1004 eminentius.
1137 949 1233 1005 His
1261 951 1480 1006 demum
1507 951 1671 1006 exciti
1706 959 1871 1022 atque
1913 951 2114 1006 redditi
2146 953 2466 1018 alacriores,
2487 969 2580 1010 eas
2604 954 2790 1017 eliam,
2837 969 2958 1024 quae
3003 954 3057 1006 in
3093 953 3360 1007 cmlorum

113 1053 256 1108 regno
289 1050 696 1107 memorantur,
735 1042 1022 1099 celebratae
1040 1061 1232 1110 etenus,
1261 1047 1330 1100 ad
1361 1048 1678 1118 allegoriam
1713 1046 2018 1111 trahemus,
2055 1055 2327 1118 quotquot.
2355 1047 2474 1100 vice
2515 1046 2724 1115 speculi
2771 1047 2933 1101 nobis
2994 1045 3162 1100 veluti
3223 1044 3362 1099 deli-

112 1138 254 1232 neant
279 1134 740 1232 communehillud
772 1144 1087 1192 sanctorum
1111 1153 1452 1210 concorsque
1475 1140 1790 1195 sodalitium
1821 1158 1834 1194 :
1861 1139 1914 1193 id
1937 1141 2084 1210 quod
2136 1141 2373 1196 eximius
2428 1137 2725 1208 Apostolus
2776 1137 3075 1192 Ecclesiam
3125 1138 3364 1207 appellat

111 1224 518 1322 primitiv-orum:
570 1225 676 1281 Sed
717 1235 772 1282 et
817 1231 1123 1286 recubitum
1182 1231 1367 1297 illum,
1409 1249 1529 1288 eam
1573 1249 1697 1288 esse
1729 1235 1974 1304 requiem
2006 1247 2299 1288 censemus
2325 1246 2446 1302 qua:
2471 1231 2679 1286 sanctis
2705 1229 2971 1297 succedit;
2999 1245 3134 1284 sane
3197 1245 3360 1299 quam

111 1311 273 1414 inultis
321 1313 609 1414 laboribus
654 1319 804 1388 prius
829 1321 1144 1376 exantlatis.
1187 1320 1323 1376 Mire
1379 1330 1562 1378 autem
1609 1324 1710 1379 hos
1743 1326 2014 1381 exhilarat
2039 1331 2244 1379 nostrae
2267 1323 2433 1394 289
2457 1322 2650 1378 salutis
2671 1330 2914 1376 assertor
2971 1331 3024 1376 et
3053 1319 3316 1376 Dominus
3341 1359 3358 1384 ,

106 1405 343 1476 iubetque
392 1410 724 1466 accumbere
759 1431 772 1466 :
806 1413 951 1483 quod
982 1413 1029 1469 is
1057 1421 1254 1468 auctor
1293 1416 1679 1472 universorum
1715 1417 1810 1482 sit,
1830 1434 1950 1488 quae
1967 1416 2176 1472 sanctis
2198 1415 2437 1483 reposita
2460 1415 2920 1478 sunt,'bonorum.
2983 1411 3116 1467 Dein
3176 1413 3366 1469 scisci-
3401 1430 3407 1450 ι

110 1499 288 1600 labere,
494 1516 744 1600 somnus,
776 1506 907 1575 quid
937 1515 1131 1561 contra
1157 1507 1438 1578 evigilatio
1490 1507 1558 1562 de
1619 1506 1731 1562 Deo
1765 1509 2062 1580 allegorice
2106 1507 2254 1562 dicta
2307 1508 2572 1562 insinuet.
2621 1507 2810 1578 Itaque
2859 1505 3080 1576 quando
3107 1522 3364 1562 somnum

109 1589 350 1656 dicimus,
380 1593 541 1646 illum
597 1594 854 1651 videlicet
906 1599 1340 1654 secretissimum
1389 1593 1488 1652 Dei
1542 1597 1890 1654 declaramus
1952 1613 2234 1656 secessum
2281 1617 2294 1651 :
2337 1613 2368 1652 e
2411 1598 2662 1662 diverso,
2732 1599 2955 1654 nomine
2999 1599 3365 1670 evigilationis

109 1684 508 1742 subiudicamus
584 1695 853 1744 attentam
923 1691 1100 1762 ipsius
1151 1699 1317 1762 atque
1361 1690 1679 1763 pervigilem
1715 1708 2076 1764 curam,qua
2108 1693 2273 1748 rebus
2317 1692 2558 1748 conditis
2587 1692 2772 1748 studio
2832 1708 2946 1747 sua:
3007 1692 3368 1762 providentia:

107 1779 344 1834 consulit.
371 1777 482 1836 Sed
517 1789 573 1836 et
605 1783 711 1836 alia
772 1784 1006 1840 subinde
1065 1801 1312 1856 quaerere
1367 1786 1568 1855 possis.
1631 1785 1905 1844 Caeterum
1942 1802 2046 1842 nos
2083 1787 2184 1840 hac
2227 1788 2295 1844 de
2331 1805 2390 1844 re
2433 1786 2538 1840 rati
2575 1801 2699 1840 esse
2745 1800 3252 1855 supervacaneum,
3298 1790 3359 1838 ut

104 1871 270 1970 eadem
298 1874 644 1938 retexendo,
679 1877 911 1933 totiesve
967 1877 1335 1941 inculca‘ndo,
1401 1880 1576 1935 videri
1634 1880 1871 1936 velimus
1921 1893 2062 1933 nova
2112 1878 2364 1948 quaedam
2415 1878 2633 1940 dicere,
2691 1875 2782 1930 hic
2831 1875 3054 1930 modum
3105 1875 3365 1946 praesenti

106 1966 428 2063 imponemus
452 1966 704 2063 epistolae
728 1985 741 2021 :
768 1977 831 2063 ut
858 1971 951 2041 qui
969 1971 1134 2063 plura
1165 1972 1346 2042 longe,
1377 1988 1542 2042 quam
1577 1979 1686 2027 tum
1719 1972 1786 2026 ad
1817 1988 1920 2027 nos
1951 1972 2146 2026 littera:
2180 1987 2301 2027 meo
2363 1969 2633 2024 arbitratu
2665 1967 3011 2023 desiderasse
3070 1967 3326 2022 videntur
3347 2007 3363 2032 ,

104 2053 531 2113 disseruerimus.
577 2057 816 2116 Proinde
857 2059 1100 2129 cupienti
1142 2060 1240 2114 tibi
1289 2059 1470 2117 fusius
1518 2061 1736 2117 edoceri
1771 2060 1839 2115 de
1870 2060 2128 2115 omnibus
2158 2059 2244 2115 bis
2273 2073 2373 2113 nos
2414 2066 2946 2129 moremgerentes,
3009 2056 3366 2128 Symbolicam

105 2143 397 2218 theologiam
439 2153 900 2216 transcribimus,
938 2151 1035 2207 sed
1073 2161 1128 2206 et
1158 2152 1424 2218 solidam,
1456 2152 1514 2206 in
1543 2167 1654 2221 qua
1701 2151 1952 2206 invenies
1980 2151 2221 2205 dilucide
2243 2156 2503 2204 enarrata
2540 2127 2744 2214 omnia,
2801 2163 2922 2217 quae
2953 2149 3021 2202 de
3056 2127 3366 2218 sapientia,

101 2237 159 2292 de
179 2239 354 2304 domo,
381 2240 452 2297 de
478 2243 662 2298 solido
683 2245 808 2298 cibo
831 2244 885 2298 in
916 2259 1085 2314 panes
1114 2258 1179 2298 ac
1222 2245 1476 2300 victimas
1543 2245 1862 2307 distributo,
1923 2244 2103 2313 deque
2125 2243 2176 2296 id
2199 2258 2372 2312 genus
2403 2242 2525 2296 aliis
2555 2241 2608 2294 in
2636 2241 2954 2295 universum
3006 2241 3366 2294 tradebantur

103 2330 394 2387 obscurius.
441 2331 542 2388 Est
591 2334 736 2389 enim
777 2333 991 2388 libellus
1029 2333 1119 2388 hic
1149 2334 1314 2397 talis,
1357 2341 1418 2388 ut
1465 2334 1521 2388 in
1553 2349 1663 2404 quo
1696 2349 1868 2404 queas
1893 2332 2140 2386 invenire
2193 2331 2511 2403 symbolice:
2535 2330 2704 2386 totius
2767 2330 3052 2400 theologiae
3076 2330 3362 2384 rationes:

103 2423 181 2491 qui
208 2425 382 2481 verbis
413 2427 720 2481 etiamnum
749 2425 1049 2496 Scriptura:
1077 2427 1215 2482 mire
1241 2428 1488 2482 concinit
1511 2428 1669 2497 juxta
1705 2442 1894 2482 sacras
1933 2426 2280 2491 traditiones,
2301 2441 2441 2496 quas
2469 2441 2499 2479 a
2531 2431 2727 2480 sancto
2779 2425 3061 2496 Apostolo,
3135 2425 3367 2479 admira-

103 2512 284 2584 bilique
327 2515 561 2570 doctore
599 2531 752 2581 meo,
802 2517 908 2587 ipsi
946 2519 1095 2572 velut
1129 2533 1227 2588 per
1271 2533 1470 2573 manus
1508 2520 1846 2590 accepimus.

469 2629 582 2681 ΕΙΣ
610 2630 755 2682 ΤΗΝ
784 2631 1178 2685 ΕΠΙΣΤΟΛΗΝ
1210 2633 1270 2687 l'.
1698 2647 1746 2702 Α

165 2717 225 2771 Ἠ
246 2719 342 2789 μὲν
372 2721 635 2792 ἐπιστολὴ
663 2722 790 2787 ἀξία
815 2723 916 2794 τῆς
948 2723 1306 2796 ἀρχαιότητος
1324 2723 1542 2793 ἐκείνης
1570 2724 1669 2795 τῆς

103 2813 232 2884 ἱερᾶς
262 2817 354 2868 καὶ
385 2815 482 2868 τοῦ
515 2815 781 2887 μαθητοῦ,
807 2817 866 2869 δν
899 2818 1089 2886 ἠγάπα
1122 2820 1151 2870 ὁ
1184 2815 1420 2889 Ἰησοῦς,
1450 2817 1550 2889 τὴν
1581 2817 1672 2886 χάο

102 2922 174 2974 ριν
212 2907 646 2976 ἀπαγγέλλουσα.
682 2908 836 2960 Ἐστι
869 2908 927 2961 δὲ
963 2907 1288 2979 συμϐάλλειν
1322 2909 1385 2960 ὲκ
1417 2907 1517 2978 τῆς
1550 2909 1671 2960 ἐπι-

104 2997 269 3068 στολῆς
299 2998 528 3069 ταύτης,
562 2999 655 3050 καὶ
687 2999 752 3052 ὲκ
783 2998 884 3068 τῆς
917 2999 1055 3070 πρὸς
1086 2999 1178 3052 τὸν
1199 2999 1354 3067 άγιον
1389 2997 1674 3068 Πολύχαρ-

103 3105 186 3141 nov
225 3090 455 3162 ἑϐδόμης
501 3089 698 3161 οὔσης,
745 3086 886 3144 εἶναι
917 3092 1009 3145 τὸν
1049 3091 1223 3163 μέγαν
1255 3091 1549 3155 Διονύσιον,
1584 3093 1670 3144 ὅτε

101 3181 250 3236 ταῦτα
281 3184 541 3257 ἔγραψεν,
585 3182 722 3236 ἐτῶν
756 3183 883 3251 περί
918 3201 1020 3236 που
1054 3185 1410 3256 ἐννενήκοντα
1430 3200 1444 3214 ο
1481 3185 1538 3237 ὲν
1574 3183 1672 3255 μὲν

102 3272 192 3344 γὰρ
219 3277 281 3345 τῇ
315 3275 453 3345 πρὸς
484 3273 578 3326 τὸν
612 3273 766 3340 ἅγιον
800 3272 1154 3344 Πολύκαρπόν
1183 3291 1368 3345 φησιν,
1405 3274 1485 3326 ὅτι
1518 3274 1576 3327 ἐν
1606 3276 1672 3346 τῇ

102 3368 203 3418 κατ’
233 3367 506 3435 Αἴγυπτον
538 3365 878 3419 Ἡλιουπόλει
908 3366 1132 3434 διάγων,
1168 3365 1431 3420 ἐθεάσατο
1460 3366 1560 3438 τὴν
1579 3367 1674 3421 ἐπὶ

101 3454 165 3525 τῷ
195 3458 442 3528 σωτηρίῳ
479 3455 701 3525 σταυρῷ
733 3456 1030 3528 γενομένην
1080 3457 1174 3509 τοῦ
1208 3457 1359 3529 ήλίου
1411 3456 1672 3526 ἔκλειψιν,

99 3547 216 3619 ὅπερ
246 3550 464 3618 γέγονεν
504 3551 563 3602 ὲν
595 3549 673 3620 τῷ
704 3549 1158 3622 ὀκτωκαιδεκάτῳ
1210 3551 1319 3604 ἔτει
1362 3552 1462 3622 τῆς
1511 3550 1674 3605 Τιϐε-

104 3641 199 3707 ρίου
233 3641 540 3712 βασιλείας·
575 3642 654 3713 τῷ
687 3643 796 3714 γάρ
829 3643 1298 3714 πεντεκαιδεκάτῳ
1331 3643 1439 3696 ἔτει
1471 3642 1674 3714 ἤρξατο
1702 3704 1710 3713 ,

99 3733 177 3786 τοῦ
208 3735 560 3808 κηρύγματος
593 3736 622 3788 ὁ
653 3735 860 3808 Κύριος
891 3736 1048 3807 ήμῶν
1071 3736 1279 3808 Ἰησοῦς
1311 3736 1565 3808 Χριστὸς,
1597 3735 1675 3797 ὡς

100 3823 148 3873 ἐν
175 3823 246 3894 τῷ
276 3825 418 3878 κατὰ
451 3825 668 3879 Λουκᾶν
699 3825 951 3897 δηλοῦται
985 3826 1113 3897 Θείῳ
1145 3827 1484 3898 Εὑαγγελίῳ.
1535 3824 1673 3897 Τρία

99 3913 138 3966 δ’
165 3915 252 3986 ἐτη
285 3918 399 3988 μετ’
425 3917 626 3986 ὀλίγων
656 3918 750 3970 καὶ
786 3916 972 3990 μηνῶν
1007 3917 1270 3990 κηρύξας,
1307 3917 1446 3971 ἑκὼν
1473 3917 1672 3987 πάσχει

97 4007 122 4057 ὁ
147 4009 411 4081 Δεσπότης
443 4011 683 4081 Χριστὸς
708 4014 803 4065 καὶ
833 4011 966 4074 Θεὸς
1011 4010 1167 4082 ήμῶν
1187 4050 1202 4074 ,
1238 4011 1313 4074 ὡς
1347 4007 1484 4064 εἷναι
1513 4010 1674 4062 Τιϐε-
1705 3992 1748 4047 Β

101 4098 202 4168 ρίου
247 4101 313 4172 ιη’
361 4101 501 4165 ἔτος.
536 4102 882 4156 Ἐϐασίλευσε
914 4103 970 4156 δὲ
1001 4103 1250 4175 Τιϐέριος
1282 4104 1425 4175 ἀμφὶ
1473 4101 1543 4156 τά
1588 4107 1672 4172 κγ’

100 4190 210 4262 ἐτη,
247 4193 320 4256 ὼς
351 4189 492 4248 εἶναι
525 4193 634 4246 άπὸ
664 4191 756 4245 τοῦ
793 4194 1060 4265 σωτηρίου
1097 4193 1300 4256 πάθους
1344 4194 1449 4257 ’έως
1493 4193 1677 4246 τελευ-

100 4284 188 4354 τῆς
217 4285 464 4357 Τιϐερίου
500 4285 597 4356 ἔτη
634 4286 708 4350 ς’.
742 4285 1039 4358 Ἐξωρίσθη
1085 4287 1141 4340 δὲ
1173 4289 1201 4340 ὁ
1234 4286 1388 4355 ἆγιος
1421 4286 1675 4340 Ἀπόσιτο-

99 4375 178 4438 λος
207 4380 296 4431 καὶ
327 4379 736 4450 Εὑαγγελιστὴς
775 4378 1024 4449 Ἰωάννης
1057 4382 1113 4432 ὲν
1147 4379 1354 4449 Πάτμῳ
1386 4381 1451 4450 τῇ
1500 4380 1670 4450 νήσῳ,

99 4470 207 4538 ἥτις
237 4473 348 4526 ἐστὶ
384 4473 484 4544 μία
515 4471 624 4526 τῶν
657 4471 956 4526 Κυκλάδων
989 4474 1198 4544 νήσων,
1236 4474 1366 4545 περί
1396 4474 1456 4526 τὺ
1488 4473 1674 4526 τελευ-

97 4566 231 4617 ταῖον
263 4565 378 4628 ἔτος
420 4566 520 4637 τῆς
546 4565 874 4636 Δομετιανοῦ
911 4565 1216 4634 βασιλείας*
1267 4566 1581 4618 ἐϐασίλευσε
1613 4566 1672 4619 δὲ

98 4647 237 4718 οὗτος
268 4657 360 4728 ἐτη
395 4658 477 4722 ιε’,
514 4659 610 4711 καὶ
646 4657 823 4727 μῆνας
857 4657 916 4710 ε’.
953 4658 1283 4726 Συνάγονται
1332 4659 1390 4711 δὲ
1437 4658 1545 4711 ἀπὸ
1576 4657 1670 4711 τοῦ

101 4746 160 4815 ιη’
207 4747 349 4813 ἔτους
381 4751 660 4822 Τιϐερίου,
689 4750 777 4802 ὅτε
812 4752 844 4820 ή
880 4749 1117 4820 ἔκλειψις
1156 4751 1401 4820 γέγονεν,
1437 4752 1542 4815 ἓως
1572 4753 1672 4824 τῆς

95 4838 333 4911 τελευτῆς
359 4840 713 4913 Δομετιανοῦ,
749 4841 844 4912 ἕτη
877 4842 947 4907 ξδ’
977 4844 1106 4914 περί
1139 4861 1241 4896 που
1269 4845 1364 4898 καὶ
1396 4847 1561 4916 μῆνες
1602 4844 1666 4910 ξ’

103 4926 450 5004 ’Υποοώμεθα
471 4935 528 4987 δὲ
562 4935 656 4988 καὶ
687 4935 779 4986 τὸν
838 4935 980 4988 θεῖον
1011 4936 1307 5000 Διονύσιον,
1342 4939 1431 4990 ὅτε
1476 4937 1545 4990 τὰ
1579 4940 1670 4991 ἐπὶ

95 5020 165 5090 τῷ
216 5025 422 5098 σταυρῷ
475 5025 570 5078 τοῦ
620 5025 828 5097 Κυρίου
875 5021 1035 5090 εἶδεν,
1077 5023 1216 5082 εἶναι
1269 5029 1406 5082 ὲτῶν
1449 5030 1546 5092 κε’,
1573 5031 1670 5083 ἅτε

94 5108 256 5184 οἶμαι,
306 5120 395 5171 καὶ
445 5118 526 5171 ἔτι
573 5117 1050 5186 ἀναγινώσκοντα,
1086 5121 1161 5184 ὡς
1209 5118 1346 5176 εἶναι
1388 5121 1458 5175 τὰ
1490 5122 1670 5178 πάντα

97 5208 227 5277 ἀμφὶ
256 5211 321 5262 τὰ
349 5207 397 5268 k'
431 5211 524 5282 ἔτη
560 5211 692 5281 (48).
728 5211 1014 5283 Μέμνηται
1043 5212 1099 5264 δὲ
1130 5214 1230 5285 τῆς
1261 5215 1353 5267 ἐπὶ
1372 5215 1465 5267 τοῦ
1499 5217 1670 5284 Δομε-

95 5297 264 5351 τιανοῦ
291 5300 503 5372 ὲξορίας
534 5299 629 5353 τοῦ
671 5301 973 5367 άγιωτάτου
999 5302 1242 5356 Ἰωάννου
1278 5305 1372 5357 καὶ
1417 5304 1664 5372 θεολογου

96 5391 184 5442 καὶ
212 5392 486 5464 Εἰρηναῖος
535 5396 594 5447 ὲν
639 5392 719 5463 τῷ
745 5393 913 5465 τρίτῳ
945 5395 1040 5448 καὶ
1084 5397 1316 5466 πέμπτῳ
1367 5397 1508 5468 λόγῳ
1557 5397 1666 5450 τῶν

97 5491 244 5546 Κατὰ
271 5495 576 5562 αἱρέσεων,
624 5493 719 5545 καὶ
752 5493 984 5566 Κλήμης
1016 5495 1044 5547 ὁ
1089 5495 1467 5569 Ἀλεξανδρεὺς
1499 5498 1556 5550 ἐν
1587 5498 1667 5570 τῷ

97 5579 228 5651 λόγῳ
255 5583 329 5654 τῷ
361 5586 489 5656 περὶ
521 5582 640 5646 τοῦ,
682 5584 776 5648 Τίς
808 5587 840 5637 ὀ
871 5583 1203 5652 σωζόμενος
1244 5588 1570 5652 πλούσιος·
1607 5590 1666 5641 ἐν

97 5665 136 5738 ᾧ
182 5677 264 5730 καὶ
311 5678 438 5749 περὶ
486 5675 584 5730 τοῦ
617 5676 898 5745 γεγονότος
946 5676 1252 5750 λῃστάρχου
1304 5679 1472 5749 λέγει.
1509 5679 1665 5734 υῦτω

101 5764 410 5838 πληροῦνται
440 5769 698 5842 Τιϐερίου
724 5768 793 5822 τὰ
823 5768 1096 5833 λείποντα,
1128 5772 1288 5826 Γαΐου
1313 5812 1328 5837 ,
1371 5772 1660 5842 Κλαυδίου,

201 5957 219 5982 ε
255 5946 383 6019 Cap.
424 5965 510 6013 ιιι,
548 5948 596 5999 1.

2262 2630 2332 2686 ΙΝ
2363 2630 2758 2689 EPISTOLAM
2788 2629 2858 2685 Χ.

1843 2723 2089 2796 Epistola
2137 2725 2254 2780 haec
2285 2732 2478 2779 sancta
2524 2725 2615 2778 illa
2647 2723 2973 2792 antiquitate
3018 2735 3143 2774 cum
3173 2720 3368 2790 primis

1773 2815 1958 2886 digna,
1979 2813 2073 2869 sed
2098 2829 2273 2883 neque
2297 2813 2575 2884 indignam
2593 2828 2688 2882 par
2709 2820 2794 2866 est
2828 2809 3039 2864 censeri
3070 2809 3362 2878 discipulo.

1773 2923 1935 2978 quem
1958 2920 2285 2976 magnopere
2315 2906 2572 2976 diligebat
2608 2904 2790 2967 Jesus,
2829 2905 3031 2974 quippe
3075 2917 3193 2971 quae
3239 2917 3357 2972 gra-

1773 3001 1900 3054 tiam
1936 2999 1993 3052 in
2034 3013 2325 3052 commune
2350 2998 2684 3067 pronuntiet.
2719 2995 2875 3061 Quod
2921 3001 3101 3048 autem
3131 2993 3366 3048 eximius

1775 3091 1864 3144 hic
1891 3089 2186 3162 Dionysius
2231 3105 2502 3144 annorum
2533 3087 2711 3143 atatis
2761 3087 2932 3141 fuerit
2973 3085 3364 3156 propemodum

1775 3183 2114 3254 nonaginta,
2156 3182 2376 3252 quando
2422 3182 2566 3235 banc
2639 3180 2864 3250 scripsit
2917 3178 3246 3248 epistolam,
3298 3191 3365 3230 ex

1773 3275 1877 3330 hac
1929 3277 2047 3345 ipsa
2098 3276 2260 3331 liceat
2304 3275 2680 3344 conjecturam
2741 3287 2970 3342 capere;
3010 3286 3076 3326 ex
3103 3285 3166 3324 ea
3211 3270 3364 3330 item,

1775 3386 1897 3441 qua:
1926 3371 1994 3424 ad
2022 3377 2274 3427 sanctum
2291 3369 2650 3440 Polycarpum
2677 3365 2870 3422 ordine
2897 3363 3150 3434 septima.
3183 3363 3239 3415 ln
3264 3361 3368 3414 hac

1778 3463 2046 3534 siquidem
2098 3461 2166 3516 ad
2207 3469 2458 3516 sanctum
2489 3459 2848 3531 Polycarpum
2887 3456 3081 3511 asserit
3120 3465 3368 3517 se,cum

1775 3557 1833 3611 in
1877 3555 2146 3627 HeliOpoli
2190 3553 2408 3624 JEgypti
2448 3552 2711 3622 degeret,
2752 3548 3099 3620 perspexisse
3131 3545 3367 3599 solarem

1775 3649 1924 3703 illam
1953 3646 2207 3718 eclipsin,
2245 3660 2354 3714 quo
2391 3651 2638 3712 tempore
2669 3640 2933 3694 Dominus
2962 3637 3123 3692 Jcsus
3149 3653 3180 3690 a
3221 3635 3370 3690 salu-

1775 3739 1881 3793 tari
1907 3753 2072 3792 cruce
2101 3735 2374 3808 pendebat
2404 3753 2416 3788 :
2443 3733 2593 3803 quod
2617 3730 2927 3802 prodigium
2961 3729 3154 3782 incidit
3185 3728 3238 3780 in
3265 3741 3366 3780 an-

1775 3848 1908 3887 num
1962 3835 2118 3902 regni
2155 3829 2362 3884 Tiberii
2403 3834 2660 3882 octavum
2712 3831 2766 3878 et
2797 3822 3093 3877 decimum.
3122 3819 3367 3874 Exorsus

1776 3925 1921 3981 enim
1946 3931 2032 3979 est
2065 3926 2240 3978 lucem
2271 3921 2554 3977 effundere
2585 3933 2698 3972 suae
2733 3915 3143 3986 praedicationis
3183 3913 3366 3965 Domi-

1776 4033 1881 4072 nus
1910 4022 2098 4071 noster
2127 4013 2288 4069 Jesus
2321 4012 2579 4067 Christus
2608 4023 2754 4062 anno
2785 4007 2946 4062 istius
2975 4003 3180 4058 Tiberii
3203 4003 3366 4072 quin-

1776 4117 1834 4163 to
1879 4115 1932 4162 et
1983 4106 2198 4162 decimo
2219 4145 2232 4168 ,
2265 4100 2724 4175 quemadmodum
2768 4098 3120 4168 Evangelium
3151 4095 3312 4149 Luem
3337 4105 3360 4133 ο

1775 4200 1936 4271 plane
1983 4198 2229 4254 divinum
2276 4197 2540 4252 declarat.
2587 4193 2792 4248 Tribus
2823 4199 3004 4245 autem
3043 4189 3202 4242 annis
3255 4203 3364 4239 una

1775 4309 1900 4348 cum
1930 4291 2200 4348 mensium
2242 4291 2450 4359 aliquot
2498 4287 2838 4350 accessione,
2882 4283 2977 4338 ubi
3021 4281 3367 4352 praedicatio-

1774 4387 1864 4442 nis
1895 4400 2123 4440 munere
2168 4383 2492 4454 perfunctus
2523 4389 2636 4445 est,
2675 4380 2961 4432 ultroneus
2994 4374 3157 4444 290
3183 4389 3242 4428 se
3283 4372 3368 4426 of-

1777 4478 1881 4534 fert
1911 4475 2154 4546 passioni
2189 4474 2455 4528 Dominus
2498 4472 2663 4528 simul
2694 4477 2748 4525 et
2791 4468 2936 4523 Deus
2979 4476 3168 4521 noster
3205 4463 3366 4518 Jcsus

1773 4569 2050 4632 Christus,
2085 4566 2308 4620 circiter
2329 4581 2533 4618 annum
2577 4562 2783 4618 Tiberii
2823 4569 3080 4615 octavum
3117 4566 3170 4613 et
3214 4557 3365 4616 deci-

1773 4679 1946 4717 mum.
1976 4660 2243 4730 Regnavit
2274 4668 2454 4713 autem
2480 4656 2735 4711 Tiberius
2773 4653 2934 4709 annis
2973 4649 3365 4723 propemodum

1773 4757 1953 4812 tribus
1980 4763 2033 4810 ct
2059 4754 2285 4826 viginti,
2321 4753 2403 4806 sic
2436 4760 2493 4806 ut
2541 4766 2573 4804 a
2617 4749 2848 4805 salutari
2872 4747 3079 4802 Christi
3113 4745 3367 4817 passione

1773 4851 1842 4905 ad
1879 4852 2084 4906 exitum
2118 4864 2293 4919 usque
2315 4846 2517 4901 Tiberii
2544 4845 2673 4898 anni
2706 4860 2800 4899 sex
2832 4841 3145 4897 intermedii
3175 4852 3362 4892 nume-

1772 4951 1984 4998 rentur.
2022 4942 2259 4996 Proinde
2299 4951 2522 4995 sanctus
2550 4940 2639 4992 hic
2671 4937 2953 5006 apostolus
2997 4944 3052 4989 et
3094 4929 3365 5000 evangeli«

1772 5044 1857 5090 sta
1889 5035 2128 5089 Joannes
2172 5034 2455 5102 ablegatus
2493 5031 2688 5086 exsilio
2732 5037 2814 5084 est
2864 5030 2918 5082 in
2951 5027 3188 5082 insulam
3231 5021 3358 5074 Pat-

1773 5143 1924 5191 ηιοην
1958 5141 2078 5195 quae
2121 5123 2418 5195 Cycladum
2464 5139 2572 5176 una
2609 5129 2715 5186 est,
2737 5121 2842 5176 sub
2873 5128 3176 5174 extremum
3209 5112 3362 5182 regni

1771 5217 2062 5272 Domitiani
2093 5231 2322 5270 annum.
2355 5213 2625 5286 Regnavit
2653 5221 2836 5267 autem
2875 5214 2922 5265 is
2947 5211 3106 5264 annis
3131 5205 3361 5275 quinde-

1769 5312 1899 5374 cim,
1937 5311 2220 5365 mensibus
2250 5308 2378 5363 item
2411 5309 2672 5378 quinque.
2703 5306 2784 5360 Ab
2815 5319 2959 5358 anno
2989 5300 3190 5355 Tiberii
3218 5304 3367 5351 octa-

1771 5420 1838 5458 vo
1873 5409 1928 5458 et
1971 5402 2183 5457 decimo
2210 5441 2224 5464 ,
2273 5416 2385 5471 quo
2436 5401 2648 5454 celebre
2694 5397 2826 5451 illud
2877 5395 3009 5450 solis
3047 5389 3352 5460 deliquium

1769 5495 2016 5566 contigit,
2047 5493 2116 5546 ad
2140 5499 2369 5547 mortem
2393 5508 2569 5562 usque
2590 5485 2916 5547 Domitiani,
2959 5482 3206 5537 recensio
3237 5482 3352 5534 col-

1766 5591 1954 5661 ligitur
1982 5602 2252 5642 annorum
2296 5588 2419 5657 plus
2469 5586 2651 5638 minus
2682 5590 2918 5650 quatuor
2961 5585 3014 5632 et
3044 5575 3349 5645 sexaginta,

1769 5683 2036 5738 mensium
2068 5693 2288 5750 quoque
2314 5685 2541 5747 septem.
2577 5674 2963 5741 Supponamus
2997 5670 3142 5724 enim
3175 5667 3352 5721 adiui-

1767 5773 1993 5829 rabilcm
2017 5772 2164 5827 hunc
2185 5770 2536 5841 Dionysium,
2568 5763 2786 5837 quando
2819 5760 3067 5836 prodigia
3104 5760 3345 5832 ejusmoo
