3882 6530
478 468 586 524 507

1255 461 1600 519 APPENDlX
1639 464 1728 517 AD
1765 459 1999 516 OPEIiA
2043 458 2099 510 S.
2144 452 2442 511 DIONYSII
2481 451 2972 509 AREOPAGITIE.

3657 453 3754 509 508

479 591 558 655 di,
593 588 820 643 Domino
847 585 1004 640 cruci
1027 583 1208 646 aﬂixo,
1243 580 1554 654 perspexit,
1587 593 1856 636 annorum
1888 579 2058 635 fuisse

2164 574 2448 645 Νέρωνος,
2483 571 2898 626 Οὐεσπασιανοῦ
2919 610 2934 634 ,
2971 569 3161 632 Τίτου,
3208 571 3560 642 Δομετιανοῦ.
3599 571 3756 640 Λέγει

480 682 671 752 viginti
706 679 968 750 quinque,
1005 675 1469 746 quemadmodum
1515 690 1601 728 me
1644 673 1824 727 adhuc
1863 670 2064 740 legisse

479 773 742 832 arbitror,
785 770 865 825 sic
907 776 969 821 ut
997 783 1190 823 omnes
1221 767 1351 821 anni
1396 766 1600 821 fuerint
1631 764 1851 820 circiter
1890 778 2065 817 nona-

475 867 646 936 ginta.
677 863 919 918 Meminit
951 861 1117 931 hujus
1151 861 1502 931 relegationis
1534 857 1874 916 sanctissimi
1895 855 2063 910 Joan-

475 957 560 1010 nis
613 963 668 1010 et
715 955 980 1024 theologi,
1041 954 1346 1022 imperante
1396 952 1706 1007 Domitiano
1745 948 2061 1012 faciteJre-

472 1061 625 1101 meus
675 1045 732 1099 in
778 1045 940 1099 tertio
986 1053 1042 1099 et
1082 1047 1275 1114 quinto
1306 1043 1461 1097 libris
1505 1042 1764 1096 Adversus
1814 1041 2057 1094 hereses.

471 1135 728 1191 Clemens
761 1135 891 1190 item
920 1135 1334 1190 Alexandrinus
1363 1134 1418 1188 in
1449 1149 1513 1188 co
1537 1148 1722 1203 Opere,
1755 1131 1844 1186 cui
1872 1130 2064 1185 inscri-

471 1227 585 1296 ptio
611 1237 696 1284 est
729 1245 742 1280 :
777 1228 909 1294 Quis
935 1227 1077 1283 dives
1121 1246 1241 1283 cum
1274 1230 1379 1290 sit,
1421 1227 1588 1294 possit
1627 1225 1805 1280 salvus
1828 1225 1980 1294 ﬁeri:
2005 1223 2060 1276 in

469 1333 580 1386 quo
615 1319 683 1374 de
713 1319 819 1374 isto
847 1320 1168 1388 prtedonum
1194 1319 1635 1388 sicariorumque
1667 1315 1916 1387 principe
1945 1313 2063 1367 vio-

475 1409 625 1464 lento
654 1425 763 1464 non
795 1425 968 1480 pauca
1003 1410 1284 1465 edisserit.
1314 1409 1492 1479 Atque
1530 1410 1606 1462 ita
1652 1407 1746 1476 qui
1779 1422 1809 1460 a
1841 1405 2061 1460 Tiberio

475 1502 606 1556 anni
631 1501 905 1566 resident,
941 1503 1269 1573 supplentur
1295 1517 1393 1571 per
1436 1502 1870 1556 intercurrentes
1911 1498 2062 1568 prin-

474 1596 626 1666 cipes
653 1593 848 1649 Gaium
880 1595 1026 1660 dico,
1057 1593 1348 1650 Claudium
1370 1635 1385 1657 ,
1427 1592 1698 1649 Neronem
1721 1632 1736 1656 ,
1769 1590 2061 1661 Vespasia-

475 1703 632 1750 num,
662 1686 870 1750 Titum,
898 1685 1294 1760 Domitiannm.
1327 1686 1471 1740 Dicit
1503 1686 1670 1756 igitur
1696 1683 1856 1738 Pater
1883 1682 1973 1736 hic
1997 1681 2054 1736 S.

476 1778 979 1849 Joanni'I‘heologo,
1007 1779 1099 1833 ubi
1127 1779 1365 1850 primum
1393 1794 1490 1848 per
1515 1777 1852 1852 scripturam.
1878 1775 2061 1830 verbis

475 1884 600 1924 eum
642 1868 992 1924 salutationis
1039 1871 1354 1940 appellavit.
1389 1869 1532 1936 Quid
1573 1869 1938 1924 admiratione
1973 1867 2060 1922 di-

2163 661 2296 732 γοῦν
2327 665 2355 716 ὀ
2388 661 2574 732 πατὴρ
2600 661 2737 732 πρὸς
2767 660 2859 713 τὸν
2891 659 3286 732 εὐαγγελιστην
3319 661 3475 730 άγιον
3504 661 3758 731 Ἰωάννην

2160 755 2252 808 τὸν
2285 754 2562 822 θεολόγον,
2609 753 2742 824 μεθὸ
2785 753 3078 824 ἐγγράφως
3110 752 3271 806 αὐτὸν
3323 754 3755 826 προσηγόρευσε·

2162 846 2227 898 Τί
2277 844 2587 916 θαυμαστὸν
2635 845 2684 897 εἰ
2730 845 2967 915 Χριστὸς
3014 843 3300 916 ἀληθεύει,
3358 845 3454 898 καὶ
3504 845 3756 899 διώκουσι

2159 937 2288 1000 τοὺς
2339 937 2526 1004 ἁγίους
2565 937 2614 988 οἱ
2666 935 2875 999 ἄδικοι,
2917 934 3084 1000 ἀξίως
3131 935 3408 998 ποιοῦντες
3457 935 3623 988 τοῦτο
3671 939 3758 990 καὶ

2162 1030 2371 1092 ἑαυτοῖς
2405 1029 2636 1092 καὶτοῖς
2669 1027 2874 1096 ἀγίοις;
2922 1029 3134 1089 ἑαυτοῖς
3177 1029 3274 1098 μὲν
3297 1066 3312 1090 ,
3347 1029 3430 1080 ὅτι
3479 1029 3584 1081 οὐκ
3626 1028 3759 1094 ἄξιοί

2161 1121 2266 1172 είσι
2297 1119 2398 1189 τῆς
2429 1119 2608 1172 αὐτῶν
2641 1119 2858 1190 ὁμιλίας
2877 1136 2890 1148 ·
2938 1121 3052 1180 τοῖς
3098 1117 3272 1185 ἁγίοις
3313 1117 3370 1170 δὲ
3389 1158 3404 1181 ,
3434 1119 3519 1172 ὃτι
3557 1117 3756 1186 φυλάσ-

2163 1208 2351 1262 σεσθαι
2386 1208 2598 1262 ποιοῦσι
2629 1210 2697 1262 τά
2723 1209 2854 1276 ἀγια
2877 1209 3122 1279 ἀχραντα
3156 1207 3264 1261 ἀπὸ
3295 1209 3396 1278 τῆς
3427 1209 3614 1262 αὐτῶν
3651 1227 3758 1262 κοι-

2161 1302 2375 1365 νωνίας.
2413 1302 2596 1354 Ταῦτα
2626 1301 2694 1355 τά
2739 1301 2910 1372 ὀρατά
2953 1301 3160 1364 εἰκόνες
3192 1301 3298 1354 εἰσὶ
3328 1301 3437 1354 τῶν
3472 1302 3720 1372 ἀοράτων
3740 1345 3753 1366 ,

2161 1393 2254 1445 καὶ
2314 1393 2470 1466 εἴπερ
2527 1396 2585 1447 ἑν
2630 1393 2707 1464 τῷ
2754 1393 2883 1464 θείῳ
2929 1392 3242 1464 Εύαγγελίῳ
3292 1394 3601 1465 ἀκούομεν,
3655 1397 3757 1448 Καὶ

2159 1485 2392 1554 ἀφοριεῖ
2416 1487 2639 1553 αὐτοὺς
2670 1488 2770 1541 ἀπ’
2805 1485 3116 1551 ἀλλήλων,
3151 1487 3212 1539 οὺ
3251 1487 3354 1558 χρὴ
3388 1486 3603 1540 οἴεσθαι
3637 1488 3757 1540 ὅτιό

2159 1577 2293 1640 Θεὸς
2323 1577 2498 1640 αἴτιός
2527 1581 2642 1631 ἑστι
2674 1577 2769 1630 τοῦ
2801 1576 3108 1648 ἀφορισμοῦ
3136 1580 3247 1640 τοῖς
3281 1578 3762 1650 άμαρτωλοῖς,τῆς

2159 1674 2218 1725 ὲν
2250 1671 2515 1743 ἀριστερᾷ
2550 1673 2812 1735 στάσεωςο
2851 1671 2965 1732 ἀλλ’
2995 1671 3148 1725 αὐτοὶ
3182 1673 3394 1736 ἑαυτοῖς
3439 1673 3606 1727 αἴτιοι
3641 1675 3756 1727 τού-

2157 1781 2265 1818 των
2313 1767 2361 1817 οί
2414 1765 2765 1838 ἁμαρτωλοὶ,
2813 1764 3092 1829 παντελῶς
3139 1767 3365 1830 ἑαυτοὺς
3396 1767 3758 1837 ἀφορίσαντες

2156 1856 2251 1909 τοῦ
2301 1855 2470 1909 Θεοῦ·
2520 1857 2712 1928 ὥσπερ
2761 1859 2857 1912 καὶ
2901 1859 3094 1922 ἀλλους
3142 1859 3358 1930 ὁρῶμεν
3404 1859 3482 1922 ὡς
3527 1861 3758 1930 ἐραστὰς

477 1974 677 2027 gnum,
725 1961 771 2015 si
807 1959 1082 2027 Christus,
1112 1962 1258 2032 quod
1294 1978 1482 2018 verum
1529 1969 1613 2017 est
1654 1959 1970 2030 eloquitur:
2006 1966 2058 2014 et

2161 1945 2270 2002 τῶν
2313 1947 2494 2000 καλῶν
2545 1948 2682 2018 μετὰ
2732 1947 2868 2001 Θεοῦ
2930 1949 3242 2020 γινομένους
3265 1989 3280 2013 ,
3327 1951 3377 2003 οἳ
3415 1950 3481 2022 δὴ
3537 1951 3634 2004 καὶ
3692 1953 3752 2003 ὲκ

477 2061 885 2124 persequuntur
912 2054 1087 2124 iniqui
1123 2056 1382 2110 sanctos?
1417 2055 1485 2107 At
1505 2054 1561 2108 bi
1593 2053 1791 2124 seipsis
1813 2067 2062 2123 peraeque

477 2159 540 2198 ac
597 2146 803 2202 sanctis
851 2146 1016 2218 digna
1068 2157 1284 2218 gerunt.
1334 2147 1546 2217 Seipsis
1603 2145 1861 2216 quidem,
1916 2143 2060 2215 quod

475 2246 799 2292 sanctorum
845 2254 1204 2310 congressum
1252 2255 1482 2310 prorsus
1513 2239 1624 2294 sint
1652 2237 1896 2308 indigni;
1941 2251 2063 2290 san-

474 2327 580 2382 ctis
615 2338 819 2394 autem,
843 2331 990 2400 quod
1023 2331 1125 2385 hac
1175 2331 1386 2384 ratione
1429 2328 1784 2400 provideatur
1825 2337 1903 2391 ut,
1939 2343 2062 2398 qua:

472 2431 660 2474 sancta
693 2431 855 2481 sunt.
906 2422 1230 2478 intemerata
1277 2429 1564 2478 serventur
1596 2425 1663 2475 ab
1699 2421 1917 2475 illorum
1967 2419 2062 2472 im-

472 2529 608 2584 pura
651 2518 1056 2574 communione.
1110 2518 1303 2572 Isthmo
1331 2517 1477 2571 enim
1513 2515 1748 2570 visibilia
1794 2515 2060 2584 imagines

472 2623 751 2676 expressa:
782 2617 911 2662 sunt
945 2609 1324 2666 invisibilium.
1359 2609 1586 2664 Etiamsi
1620 2609 1674 2662 in
1705 2616 2060 2664 sacrosancto

474 2697 772 2769 Evangelia
808 2702 1029 2756 recitari
1078 2702 1371 2758 audiamus
1404 2723 1416 2756 :
1469 2701 1538 2754 Et
1568 2699 1836 2768 separabit
1874 2716 1962 2754 eos
1993 2698 2058 2752 ab

475 2792 794 2847 invicemd:
847 2810 956 2849 non
997 2795 1262 2850 continuo
1295 2795 1446 2851 credi
1497 2795 1657 2850 debet
1705 2794 1848 2850 Deus
1898 2793 2059 2848 istius

473 2892 668 2939 auctor
716 2901 838 2942 esse
887 2888 1254 2958 separationis
1303 2904 1334 2942 a
1389 2888 1797 2960 peccatoribus,
1852 2889 1944 2958 qui
1989 2887 2058 2941 ad

473 2975 762 3031 sinistram
796 2978 1169 3035 constituendi
1200 2987 1330 3034 sunt
1362 2999 1374 3034 :
1408 2980 1595 3036 verius
1632 2979 1686 3033 bi
1719 2979 1823 3035 sibi
1870 2987 2059 3034 aucto-

475 3082 565 3121 res
599 3075 729 3122 sunt
751 3068 872 3138 ejus
902 3070 1032 3123 mali
1070 3081 1386 3140 peccatores
1408 3109 1424 3134 ,
1467 3070 1669 3140 quippe
1705 3071 1798 3140 qui
1847 3070 2057 3138 seipsos

474 3171 706 3227 prorsus
756 3159 994 3214 ultronei
1055 3167 1475 3230 sequestrarunt
1530 3175 1561 3214 a
1609 3159 1705 3215 Dei
1750 3161 2054 3214 consortio.

475 3247 946 3316 Quemadmodum
975 3250 1081 3320 ipsi
1114 3251 1250 3305 alios
1281 3249 1647 3320 perspicimus
1667 3290 1681 3313 .
1713 3249 1858 3342 quieti
1901 3249 2056 3342 probi
2086 3284 2127 3342 ϐ

477 3341 592 3396 sint
613 3347 887 3395 amatores
916 3355 1100 3394 rerum
1132 3355 1228 3409 per
1255 3356 1315 3394 se
1347 3341 1734 3402 honestarum,
1770 3338 1879 3395 Deo
1906 3338 2059 3393 fami-

475 3431 670 3486 liarius
702 3431 893 3502 jungi:
937 3431 1161 3501 jamque
1191 3433 1350 3502 291
1383 3448 1450 3486 ex
1491 3433 1750 3502 prementi
1784 3433 2058 3502 primitias

476 3517 746 3590 quasdam
799 3528 1073 3574 secutura:
1112 3536 1238 3574 mox
1286 3523 1410 3575 vita:
1441 3537 1808 3592 praecerpere;
1855 3530 1914 3577 ut
1963 3524 2058 3594 qui

477 3611 622 3666 inter
668 3611 918 3667 homines
955 3612 1023 3667 ad
1063 3613 1321 3684 angelica:
1365 3615 1803 3670 conversationis
1860 3614 2057 3685 imagi-

477 3718 603 3758 nem
653 3718 784 3759 suos
837 3705 940 3775 ipsi
994 3721 1175 3761 mores
1237 3706 1496 3761 decenter
1545 3715 1882 3776 componunt
1929 3723 2056 3762 cum

475 3795 628 3851 omni
651 3796 823 3850 divini
852 3798 1093 3853 nominis
1123 3798 1503 3854 obsecratione
1540 3807 1594 3853 et
1624 3801 1934 3855 sanctitate.
1961 3799 2056 3856 Dei

477 3889 696 3958 quidem
721 3888 1218 3946 denominationem
1250 3906 1316 3947 eo
1345 3889 1557 3945 inducit
1585 3889 1746 3945 Pater
1765 3891 1881 3948 sive
1909 3891 2053 3963 quod

477 3982 725 4038 actiones
759 3998 889 4040 suas
917 3999 1110 4040 omnes
1142 3983 1198 4038 in
1246 3983 1342 4039 Dei
1381 3999 1598 4054 semper
1640 3985 1862 4040 nomine
1907 4001 2058 4056 pera-

476 4082 641 4145 gant;
670 4083 764 4129 aut
796 4076 927 4146 quia
953 4092 981 4130 a
1006 4076 1136 4140 Deo.
1167 4076 1428 4131 nimirum
1470 4076 1715 4142 Christo,
1748 4078 2058 4133 nomencla-

478 4174 658 4221 turam
693 4169 892 4232 sortiti,
919 4168 1128 4225 Christi
1159 4169 1326 4224 vitam
1368 4170 1533 4241 digna
1578 4171 1893 4241 exprimunt
1921 4187 2056 4226 con-

478 4258 806 4314 versatione.
839 4258 958 4314 Jam
993 4267 1045 4316 te
1078 4261 1302 4331 quidem
1353 4275 1637 4331 nunquam
1679 4261 1913 4316 dixerim
1945 4263 2057 4316 ulla

479 4350 619 4407 allici
651 4353 943 4422 passione;
976 4353 1071 4410 sed
1102 4361 1158 4408 et
1191 4354 1237 4409 si
1265 4352 1397 4424 quid
1425 4353 1644 4409 interim
1685 4353 1910 4409 aﬂlictat
1932 4369 2060 4409 cor-

481 4459 658 4513 porea:
684 4445 958 4514 passionis
977 4486 992 4510 ,
1025 4454 1254 4502 eatenus
1283 4447 1394 4516 pati
1427 4453 1481 4502 te
1515 4447 1851 4515 censuerim,
1875 4455 2058 4519 quate-

482 4551 608 4597 nus,
645 4552 917 4607 sensuque
949 4537 1067 4607 ipso
1097 4539 1336 4609 percipis
1365 4538 1710 4601 dolorem,ut
1736 4554 1805 4594 ne
1827 4539 2056 4594 'maneas

2157 2036 2261 2110 τῆς
2291 2038 2570 2111 παρούσης
2599 2039 2744 2111 ζωῆς
2769 2039 2870 2110 τῆς
2903 2039 3200 2112 μελλούσης
3232 2042 3614 2113 ἀπάρχονται,
3657 2043 3750 2110 ἀγ-

2163 2130 2518 2204 γελοπρεπῶς
2551 2135 2606 2186 ὲν
2643 2133 2792 2204 μέσῳ
2830 2133 2940 2186 τῶν
2981 2132 3153 2186 ἀλλων
3187 2133 3491 2205 ἀνθρώπων
3539 2135 3757 2206 ἐμπολι-

2161 2223 2444 2294 τευόμενοι
2481 2224 2578 2277 σὺν
2613 2225 2763 2299 πάσῃ
2798 2223 3074 2297 θεωνυμίᾳ
3103 2227 3197 2279 καὶ
3231 2227 3501 2298 ἁγιότητι.
3549 2229 3757 2282 Θεωνυο

2166 2315 2294 2386 μίαν
2328 2314 2386 2368 δὲ
2415 2315 2562 2383 λέγει
2591 2315 2624 2386 ἢ
2654 2315 2715 2368 τὸ
2750 2316 2981 2370 πάντοτε
3012 2319 3068 2368 ἑν
3102 2315 3180 2387 τῷ
3211 2317 3437 2388 ὀνόματι
3485 2319 3580 2372 τοῦ
3629 2319 3756 2372 Θεοῦ

2163 2407 2340 2461 πάντα
2376 2407 2636 2478 πράττειν
2661 2407 2860 2472 αὐτούς
2885 2425 2898 2439 ·
2934 2409 2968 2480 ἢ
3001 2409 3062 2461 τὸ
3097 2409 3206 2462 ἀπὸ
3252 2409 3346 2462 τοῦ
3381 2411 3518 2464 Θεοῦ
3545 2452 3560 2474 ,
3595 2414 3757 2482 ἤγουν

2161 2495 2255 2550 τοῦ
2284 2496 2519 2569 Χριστοῦ
2540 2496 2993 2568 ὀνομαζομένους,
3015 2497 3136 2551 κατ’
3159 2496 3327 2550 αὑτὸν
3357 2499 3753 2554 πολιτεύεσθαι.

2175 2589 2347 2659 ’Υμᾶς
2379 2585 2474 2642 οῦν
2506 2589 2605 2642 οὐκ
2639 2587 2705 2643 ἀν
2742 2605 2871 2642 ποτε
2923 2587 3134 2660 εἴποιμι
3185 2590 3452 2662 πάσχειν,
3487 2590 3626 2643 ἀλλά
3672 2592 3755 2643 καὶ

2161 2681 2224 2736 εἴ.
2241 2699 2293 2735 τι
2325 2681 2392 2735 ἂν
2428 2682 2684 2751 πάσχοιτε
2734 2683 3079 2751 σωματικὸν,
3128 2683 3270 2738 κατά
3319 2682 3578 2736 τοσοῦτον
3620 2683 3756 2750 λέγω

2161 2775 2388 2844 πάσχειν
2433 2774 2606 2843 ὑμᾶς,
2652 2772 2882 2827 καθόσον
2921 2773 3225 2846 διακρίνετε
3269 2775 3364 2828 καὶ
3406 2773 3754 2834 αἰσθάνεσθε.

2162 2865 2249 2919 ἵνα
2299 2865 2374 2937 μὴ
2407 2866 2780 2933 ἀστεφάνωτοι
2825 2866 3065 2938 μείνητε.
3103 2867 3406 2938 Μέμφομαι
3437 2868 3493 2921 δὲ
3540 2867 3757 2928 δικαίως

2158 2958 2285 3021 τοὺς
2315 2956 2635 3028 νομίζοντάς
2665 2974 2725 3010 σε
2757 2957 2850 3010 τὸν
2887 2957 2983 3011 τοῦ
3017 2959 3352 3028 Εὐαγγελίου
3382 2958 3536 3029 ἥλιον
3574 2976 3755 3030 περιο-

2162 3051 2352 3122 ρίζειν.
2390 3049 2635 3121 Εῦχομαι
2669 3050 2724 3104 δὲ
2754 3051 2905 3121 ὅμως
2949 3051 3220 3122 ἀνανῆψαι
3253 3053 3348 3105 καὶ
3382 3053 3755 3125 προσδραμεῖν

2163 3159 2266 3206 σοι,
2298 3143 2385 3196 ἵνα
2419 3143 2778 3212 φωτισθέντες
2813 3143 3059 3198 σωθῶσιν
3082 3161 3095 3174 ·
3131 3145 3322 3217 ὥσπερ
3367 3146 3478 3218 γάρ
3517 3147 3756 3219 μέμηνεν

2159 3237 2188 3288 ὀ
2214 3235 2460 3307 οἰόμενος
2508 3236 2602 3289 τὸν
2644 3236 2796 3306 ἥλιον
2839 3236 3025 3291 τοῦτον
3076 3237 3410 3310 περικλείειν
3457 3242 3517 3293 ἐν
3569 3240 3752 3310 τόπῳ,

2160 3324 2302 3378 οῦτω
2331 3326 2426 3379 καὶ
2450 3317 2597 3379 οὗτοι
2629 3328 2903 3398 μεμήνασι
2942 3326 3254 3398 νομίζοντες
3292 3328 3354 3380 τὸ
3386 3328 3505 3396 φῶς
3538 3329 3634 3382 τοῦ
3667 3332 3757 3384 Εὑ-

2161 3417 2414 3484 αγγελίυυ
2460 3418 2797 3490 περιορίζειν
2844 3420 2940 3472 σὺν
2993 3419 3077 3471 σοὶ
3125 3421 3183 3472 ἑν
3246 3419 3454 3490 Πάτμῳ
3486 3424 3554 3492 τῇ
3591 3423 3751 3493 νήσῳ.

2172 3509 2351 3580 Ἠμᾶς
2383 3511 2440 3565 δὲ
2499 3511 2621 3565 οὐδὲ
2653 3512 2714 3564 τὸ
2745 3511 3005 3576 ἐναντίον,
3040 3513 3284 3565 τουτέστι
3315 3513 3376 3566 τὸ
3415 3515 3513 3568 καὶ
3543 3520 3753 3587 πορῤω-

2158 3602 2301 3673 τέρω
2333 3604 2634 3673 ἀφεστάναι
2671 3604 2798 3676 (49),
2815 3605 3067 3676 στερήσει
3107 3603 3203 3657 τοῦ
3249 3603 3344 3657 σοῦ
3392 3607 3595 3674 φωτός·
3643 3604 3749 3660 ἀλλ’

2159 3698 2217 3750 ἑν
2253 3699 2350 3767 μὲν
2381 3697 2460 3768 τῷ
2492 3698 2714 3751 ἀπεῖναι
2764 3715 2824 3751 σε
2844 3737 2859 3764 ,
2911 3699 2972 3751 τὸ
3019 3698 3110 3752 σὺν
3143 3698 3478 3768 Εὑαγγέλιον
3508 3701 3750 3770 ἀναγνω-

2161 3789 2384 3861 σόμεθα,
2415 3789 2555 3860 ὅπερ
2591 3789 2812 3860 μνήμην
2845 3789 2943 3860 τῆς
2975 3787 3208 3859 ἀληθοῦς
3261 3790 3428 3843 αὑτοῦ
3478 3791 3752 3860 θεολογίας

2158 3881 2462 3945 εύθυϐόλως
2487 3880 2762 3952 ὀνομάζει.
2800 3882 2957 3936 Μετά
2992 3883 3164 3954 βραχὺ
3198 3884 3253 3937 δὲ
3275 3925 3290 3948 ,
3319 3885 3410 3937 ὅτε
3444 3883 3764 3955 ἁνακληθῇς,

2158 3972 2299 4026 κατά
2336 3973 2629 4044 πρόσωπον
2661 3971 2910 4043 ἀλλήλοις
2929 3971 3309 4043 ἐντευξόμεθαο
3347 3973 3375 4025 ὃ
3406 3974 3504 4026 καὶ
3537 3974 3612 4036 ὡς
3631 3974 3750 4026 ἀπο-

2159 4067 2453 4135 καλυφθεὶς
2486 4069 2551 4119 ἑκ
2589 4064 2724 4118 Θεοῦ
2757 4066 3102 4136 προφητεύω,
3135 4067 3219 4119 ὅτι
3247 4066 3381 4120 ετσω
3415 4067 3746 4137 βραχυτάτου

2159 4160 2356 4231 χρόνου
2389 4157 2745 4230 ἀνακληθήσῃ
2780 4157 2880 4228 τῆς
2905 4156 3140 4230 ἑξορίας.
3177 4159 3312 4230 Περὶ
3344 4159 3454 4230 γὰρ
3487 4160 3550 4212 τὸ
3579 4159 3747 4212 τελευο

2158 4255 2307 4306 ταῖον
2339 4251 2458 4315 ἑτος
2484 4251 2585 4321 τῆς
2613 4249 2941 4320 Δομετιανοῦ
2982 4249 3258 4320 βασιλείας
3289 4252 3348 4303 ὲν
3391 4252 3604 4323 Πάτμῳ
3633 4255 3746 4320 ἔφυ·

2160 4345 2416 4415 γαδεύθη,
2452 4343 2690 4414 διωγμὸν
2731 4343 3057 4414 κινήσαντος
3101 4343 3194 4396 τοῦ
3231 4345 3587 4415 Δομετιανοῦ.
3625 4341 3746 4398 Εἶτα

2160 4441 2289 4511 περὶ
2314 4439 2412 4510 τὴν
2439 4437 2698 4508 τελευτὴν
2727 4436 2891 4489 αὐτοῦ
2923 4436 3016 4490 τοῦ
3047 4436 3332 4506 βασιλέως,
3358 4439 3463 4512 ὁρᾷ
3493 4440 3592 4511 τὴν
3607 4439 3746 4492 θείαν

2161 4530 2517 4600 ἀποκάλυψιν.
2551 4528 2660 4581 Καὶ
2695 4527 2830 4598 μετά
2851 4527 3022 4580 ταῦτα
3052 4528 3324 4598 βασιλεύει
3359 4531 3626 4602 Νερούας’
3658 4531 3746 4584 καὶ

482 4628 856 4684 incoronatus.
890 4628 1127 4685 Pr'oinde
1168 4646 1276 4686 non
1317 4630 1520 4700 injuria
1571 4629 1680 4686 illis
1727 4646 2051 4696 succenseo,

2161 4624 2320 4688 εὐθὺς
2350 4622 2699 4677 ἀνακαλεῖται
2717 4621 2927 4684 πάντας
2941 4622 3067 4684 τοὺς
3084 4618 3484 4692 ὲξορισθέντας,
3506 4627 3594 4678 ὅτε
3617 4625 3705 4678 καὶ
3722 4626 3745 4676 ὀ

477 4718 574 4783 qui
619 4733 678 4778 se
711 4719 993 4775 confidunt
1036 4735 1197 4794 posse
1227 4728 1301 4786 te,
1347 4721 1854 4792 splendidissimum
1880 4722 2053 4777 solem

479 4808 758 4880 Evangelii
788 4811 841 4863 in
887 4809 1140 4865 exsilium
1181 4812 1544 4880 proscribere.
1592 4812 1651 4866 ln
1684 4812 1828 4868 votis
1857 4812 2056 4868 nihilo-

479 4901 689 4967 minus,
734 4909 794 4956 ut
834 4902 920 4957 vel
949 4901 1006 4956 hi
1047 4903 1267 4960 demum
1298 4904 1367 4958 ad
1397 4896 1638 4959 sobriam
1687 4912 1744 4959 et
1772 4904 2054 4959 meliorem

478 4999 712 5048 mentem
756 4994 1010 5061 redeant,
1041 5005 1094 5051 et
1125 4995 1193 5050 ad
1225 5003 1279 5051 te
1313 5003 1608 5052 accurrant
1635 4996 1792 5053 ocius
1819 5015 1833 5052 :
1871 5007 1930 5052 ut
1959 5006 2054 5053 tuo

474 5085 764 5153 splendore
788 5087 1071 5150 illustrati,
1099 5095 1320 5143 aeternae
1348 5089 1542 5146 salutis
1573 5089 1707 5144 ﬁant
1738 5089 2051 5160 participes.

475 5172 949 5238 Quemadmodum
995 5177 1140 5232 enim
1192 5178 1240 5234 is
1287 5179 1518 5234 insania:
1565 5179 1759 5235 morbo
1809 5181 2054 5251 percitus

474 5266 722 5320 creditur
751 5268 847 5338 qui
889 5285 950 5325 se
995 5276 1147 5338 putat
1184 5270 1355 5324 solem
1389 5270 1536 5326 hunc
1579 5272 1863 5328 includere
1893 5287 2056 5343 posse

2163 4717 2318 4786 ἀγιος
2359 4715 2612 4784 Ἰωάννης
2651 4714 2680 4764 ὀ
2733 4711 2980 4780 θεολόγος
3025 4712 3326 4783 ἐπανῆλθεν
3382 4717 3465 4778 εἰς
3507 4717 3743 4784 Ἔφεσον.

2162 4813 2254 4864 Δεῖ
2282 4809 2338 4863 δὲ
2371 4806 2658 4878 γινώσκειν
2703 4807 2784 4860 ὃτι
2821 4809 2854 4878 ἡ
2907 4805 3001 4860 ἑπὶ
3031 4805 3128 4878 τὴν
3176 4805 3340 4876 νῆσον
3384 4808 3572 4879 ἑξορία
3604 4806 3744 4878 παρά

2175 4902 2465 4974 Ῥωμαίοις
2492 4899 2792 4970 κεφαλικὴν
2819 4897 3088 4968 τιμωρίαν
3119 4898 3386 4968 ἑμιμεῖτοο
3416 4900 3514 4952 καὶ
3545 4899 3746 4967 λέγεται

2162 4993 2580 5064 δεπορτατίων.
2608 4992 2718 5044 Καὶ
2749 4991 2809 5043 οὐ
2844 4988 3066 5044 δύναται
3085 4989 3114 5041 ὀ
3141 4989 3324 5060 ἄρχων
3337 4989 3436 5060 τὴν
3465 4992 3625 5060 νῆσον
3648 4990 3741 5040 ὀνο

2165 5087 2376 5160 μάζειν,
2412 5088 2460 5140 εί
2503 5085 2578 5156 μὴ
2617 5086 2647 5138 ὀ
2686 5083 2938 5154 βασιλεὺς
2973 5082 3151 5153 μόνος.
3193 5083 3250 5136 Ὀ
3282 5083 3413 5151 γοῦν
3455 5084 3746 5153 άγιὼτατος

2160 5177 2454 5241 ἀπόστολος
2504 5175 2598 5229 καὶ
2655 5171 3046 5243 εύαγγελιστὴς
3108 5173 3362 5246 Ἰωάννης
3416 5177 3446 5228 ὀ
3511 5173 3745 5241 θεολόγος

2162 5267 2523 5337 δεπορτάτος
2547 5266 2784 5335 ἐγένετο,
2819 5267 2984 5337 ἡγουν
3010 5266 3091 5328 είς
3121 5265 3282 5336 νῆσον
3312 5263 3611 5339 ἐξόριστος.

476 5356 583 5412 1οοί
613 5359 925 5431 cujuspiam
959 5361 1270 5432 angustiis:
1331 5362 1477 5418 haud
1523 5379 1684 5420 secus
1741 5365 1819 5419 illi
1855 5365 1988 5419 mihi
2033 5361 2279 5419 insanire
2335 5360 2626 5424 videntur,
2687 5357 2783 5428 qui
2832 5357 3286 5413 micantissimam
3351 5356 3629 5430 Evangelii
3668 5355 3719 5408 lu

475 5465 597 5508 cem
645 5455 985 5510 arbitrantur
1035 5471 1094 5511 se
1146 5471 1306 5526 posse
1363 5465 1540 5512 tecum
1592 5460 1735 5513 intra
1802 5461 2076 5516 cancellos
2143 5457 2320 5512 Patmi
2385 5456 2580 5511 insula:
2635 5453 3114 5510 circumscribere.
3161 5449 3272 5505 Nos
3331 5458 3519 5505 autem
3577 5461 3745 5517 neque

478 5547 848 5612 contrarium,
884 5549 990 5602 hoc
1021 5558 1140 5610 est,
1174 5547 1497 5617 longissimo
1541 5551 1668 5606 licet
1700 5550 1998 5606 interstitio
2027 5567 2058 5604 a
2110 5548 2272 5605 nobis
2319 5548 2651 5619 scjungaris,
2705 5547 2927 5617 privare
2977 5543 3177 5616 poterit
3222 5551 3330 5596 tua:
3391 5542 3601 5612 fulgore
3657 5553 3744 5591 sa-

483 5637 742 5705 pientiae:
786 5639 917 5708 quin
964 5639 1189 5695 absente
1234 5639 1534 5694 etiamnum
1585 5649 1658 5705 te,
1704 5654 1856 5698 tuum
1913 5641 2270 5696 nihilominus
2330 5640 2627 5694 identidem
2673 5637 3030 5692 recitabimns
3082 5633 3473 5703 Evangelium.
3532 5631 3594 5686 Et
3641 5631 3740 5683 boc

485 5724 726 5791 profecto
783 5729 1098 5783 memoriam
1160 5731 1458 5788 verissima:
1531 5732 1702 5802 ipsius
1760 5733 2044 5805 theologia:
2118 5731 2616 5788 sciteoadniodum
2671 5728 2918 5785 nominat
3016 5727 3145 5781 Post
3209 5741 3338 5780 vero
3407 5726 3739 5796 aliquantum

558 5903 585 5943 ἀ
630 5903 818 5959 Matth.
862 5922 987 5972 xxv,
1020 5909 1106 5964 5'2.
