3882 6560
492 430 598 488 527
1226 419 1566 478 APPENDIX
1599 419 1691 474 AD
1723 417 1950 475 OPERA
1994 417 2051 472 S.
2084 415 2381 473 DlONYSll
2415 413 2896 501 AREOPAGITAS.

940 723 1375 895 ΤΟΥ
1431 723 2101 896 ΑΓΙΟΥ
2172 624 3240 909 ΜΑΞΙΜΟΥ

1562 1020 1565 1022 ’
1788 997 2424 1137 ΣΧΟΛΙΑ

822 1253 994 1340 ΕΙΣ
1045 1242 1248 1343 ΤΑΣ
1299 1247 1524 1336 ΤΟΥ
1558 1241 1895 1333 ΑΓΙΟΥ
1951 1243 2549 1355 ΔΙΟΝΥΣΙοΥ
2595 1237 3371 1333 ΑΡΕΟΠᾸΙἸΤΟΥ

1670 1432 2540 1556 ΕΠΙΣΤΟΛΑΣ

1378 1743 2083 1906 SANCTI
2133 1747 2840 1907 MAXIMI

1647 1989 1654 1995 ’
1766 2025 2440 2156 SCHOLIA
2753 2159 2755 2162 ι

847 2279 974 2366 ΙΝ
1051 2277 1695 2371 EPISTOLAS
1767 2279 1862 2368 S.
1932 2276 2487 2370 DIONYSII
2544 2278 3341 2374 AREOPAGI'UE

949 2472 1298 2547 interprete
1328 2434 1684 2529 Baithasare
1719 2468 2048 2543 Corderio,
2074 2434 2416 2533 ’Societatis
2445 2472 2600 2535 Jesu
2635 2472 2894 2534 doctore
2929 2471 3246 2553 theologo.

3593 423 3706 481 528

502 559 3692 610 nam

870 2692 1031 2768 303
1066 2695 1133 2750 IN
1173 2694 1565 2752 EPISTOLAM
1602 2696 1644 2750 ι.
2075 2706 2122 2764 Α

556 2787 802 2860 Coniicio
830 2787 1022 2842 Caium
1054 2788 1200 2842 hunc
1256 2803 1401 2852 esse,
1431 2787 1498 2841 ad
1522 2803 1682 2858 quem
1714 2787 1779 2844 D.
1809 2786 2051 2846 Joannes

2240 2791 2540 2846 Ἐπιϐἀλλω
2570 2793 2728 2845 Γάϊον
2770 2790 2960 2845 τοῦτον
3003 2787 3158 2856 εἶναι,
3177 2785 3222 2858 ᾧ
3245 2791 3345 2862 τὴν
3377 2792 3564 2864 τρίτην
3589 2794 3719 2850 ἑπι-

485 2874 821 2951 evaugelista
857 2879 1074 2935 tertiam
1124 2893 1279 2934 suam
1320 2878 1540 2949 scripsit
1579 2878 1886 2949 epistolam,
1918 2895 2054 2936 con-

2159 2885 2346 2955 στολὴν
2371 2882 2604 2955 ἔγραψεν
2641 2883 2670 2935 ὁ
2706 2881 2845 2946 θεῖος
2874 2880 3262 2953 εὐαγγελιστὴς
3289 2881 3558 2957 Ἰωάννης,
3635 2904 3730 2939 τε-

484 2971 752 3042 jecturam
803 2969 948 3038 hanc
993 2985 1214 3041 quoque
1264 2971 1490 3027 ﬁrmans
1541 2985 1609 3025 ex
1661 2971 1820 3039 aliis,
1851 2971 2053 3042 quibus

2159 2973 2520 3046 κμαιρόμενος
2534 2974 2628 3030 καὶ
2655 2974 2721 3027 ὲκ
2765 2971 2876 3027 τῶν
2922 2971 3115 3038 ἄλλων,
3145 2967 3224 3036 οἷς
3255 2973 3547 3043 συγγέγονε
3579 2975 3723 3046 μετά

488 3063 708 3120 divinus
735 3061 825 3118 hic
855 3062 939 3119 vir
959 3076 1068 3118 una
1098 3078 1225 3118 cum
1256 3064 1520 3134 apostolis
1547 3064 1808 3119 convixit.
1842 3063 2050 3118 Thera-

2159 3067 2260 3123 τῶν
2303 3066 2613 3120 ἀποστόλων
2653 3067 2682 3120 ὁ
2726 3067 2867 3129 θεῖος
2903 3059 3056 3129 οὗτος
3107 3066 3263 3137 ἀνὴρ.
3295 3064 3723 3137 Θεραπευτάςᾶ

487 3162 681 3224 petitas
716 3163 921 3220 autem,
949 3155 1128 3225 capite
1166 3162 1319 3210 sexto
1347 3154 1423 3208 De
1451 3155 1812 3209 ecclesiastica
1850 3155 2053 3208 hierar-

2159 3155 2256 3227 ἔφη
2285 3157 2564 3210 καλεῖσθαι
2593 3160 2650 3210 ὲν
2669 3155 2746 3227 τῷ
2777 3155 2916 3224 Περὶ
2948 3155 3058 3224 τῆς
3103 3155 3608 3226 ἐκκληοωστικῆς
3637 3162 3720 3211 ἱε-

488 3247 790 3311 chia,dix.it
852 3247 1110 3317 appellari
1180 3248 1518 3312 monachos,
1580 3247 1778 3302 ibidem
1850 3248 2052 3303 docens

2159 3249 2400 3319 ραρχίας
2453 3249 2726 3318 κεφαλαίῳ
2791 3253 2844 3314 ς’
2886 3249 3012 3312 τοὺς
3070 3250 3355 3319 μοναχοὺς,
3390 3249 3555 3302 είπὼν
3603 3250 3725 3302 ἐκεῖ

2505 2697 2614 2752 ΕΙΣ
2651 2696 2794 2752 ΤΗΝ
2830 2697 3225 2752 ΕΠΙΣΤΟΛΗΝ
3261 2700 3341 2754 Δ’.

488 3353 727 3408 quanam
759 3337 975 3393 ratione
1003 3339 1386 3405 instituantur,
1425 3355 1546 3396 cum
1571 3355 1682 3395 non
1707 3341 1817 3396 sint
1845 3341 2050 3405 clerici,

490 3422 690 3500 po'pulo
729 3436 914 3484 tamen
962 3429 1332 3486 sublimiores.
1392 3429 1501 3486 Hos
1550 3440 1729 3487 autem
1771 3421 1926 3486 Philo
1957 3429 2054 3486 Ju-

488 3523 639 3575 daeus
670 3520 929 3576 admirari
973 3522 1126 3576 visus
1164 3531 1250 3577 est
1294 3523 1351 3577 in
1397 3523 1535 3578 libro
1579 3523 1653 3578 De
1682 3525 1788 3578 vita
1826 3535 2053 3579 contem-

486 3614 713 3684 plativa,
749 3613 864 3669 sive
904 3613 981 3666 De
1023 3614 1368 3683 supplicibus,
1408 3615 1760 3687 therapeutas
1789 3619 1936 3688 ipsos
1961 3632 2054 3672 vo-

487 3722 644 3771 cans,
687 3713 742 3760 et
790 3719 982 3760 eorum
1032 3706 1158 3760 vitae
1195 3708 1504 3762 institutum
1556 3711 1837 3779 explicans
1893 3711 2055 3780 paulo

488 3806 616 3854 ante
648 3793 807 3852 ﬁnem
839 3795 1000 3850 istius
1045 3797 1192 3853 libri.
1227 3797 1368 3870 Lege
1393 3799 1459 3856 de
1493 3801 1628 3872 ipsis
1674 3803 1835 3856 verba
1867 3801 2054 3856 Philo-

487 3891 592 3947 nis.
1596 3899 1604 3912 '

557 3985 660 4040 Sed
691 4003 794 4041 non
827 3985 1112 4042 secundum
1147 3985 1512 4054 privationem.
1543 3983 1680 4048 Hoc,
1711 3983 1908 4056 inquit,
1939 3999 2052 4040 non

2152 3343 2245 3397 καὶ
2275 3342 2392 3405 πῶς
2423 3342 2774 3395 καθίστανται
2804 3341 2876 3412 μὴ
2904 3341 3054 3404 ὅντες
3072 3341 3344 3412 κληρικοὶ,
3373 3341 3508 3394 ἀλλὰ
3529 3342 3725 3396 ἀνώτε-

2157 3453 2236 3508 ροι
2278 3435 2372 3488 τοῦ
2418 3433 2569 3487 λαοῦ.
2611 3433 2842 3497 Τούτους
2888 3433 2946 3486 δὲ
2995 3432 3138 3486 ἔοικε
3165 3431 3461 3504 θαυμάζειν
3491 3435 3664 3487 Φίλων
3693 3437 3726 3489 ὁ

2165 3529 2408 3591 Ἰουδαῖος
2423 3530 2480 3580 ὲν
2500 3525 2576 3597 τῷ
2595 3526 2730 3595 Περὶ
2760 3525 3108 3594 θεωρητικοῦ
3128 3518 3160 3588 ἢ
3198 3523 3436 3579 Ἰκετῶν
3461 3528 3722 3598 συντάγ-

2148 3637 2308 3690 ματι,
2351 3617 2691 3690 θεραπευτὰς
2737 3618 2935 3679 αὐτοὺς
2986 3616 3188 3680 καλῶν,
3236 3619 3330 3671 καὶ
3375 3616 3471 3688 τὴν
3513 3619 3724 3672 δίαιταν

2152 3713 2330 3765 αὐτῶν
2348 3710 2700 3783 διηγούμενος
2727 3709 2833 3780 πρὸ
2860 3708 3040 3775 ὀλίγου
3071 3707 3162 3760 τοῦ
3192 3707 3377 3771 τέλους
3404 3709 3497 3762 τοῦ
3520 3709 3723 3779 βιϐλίου

2153 3803 2357 3858 τούτου.
2399 3803 2690 3872 ’Δνάγνωθι
2721 3801 2788 3854 τά
2817 3801 2910 3854 τοῦ
2939 3800 3098 3853 αὑτοῦ
3129 3801 3377 3865 Φίλωνος.

2226 3981 2407 4037 Ἀλλά
2428 3981 2515 4052 μὴ
2543 3983 2690 4036 κατὰ
2717 3983 3022 4050 στέρησιν.
3055 3982 3243 4043 Τοῦτο,
3282 3983 3453 4053 emat;
3479 3985 3554 4055 μὴ
3583 3985 3723 4038 κατά

487 4076 789 4132 secundum
833 4091 1152 4130 communes
1193 4089 1388 4131 sensus
1428 4075 1691 4146 accipias,
1722 4076 1868 4146 quod
1910 4064 2088 4132 sicut1

2159 4074 2250 4138 τὰς
2279 4074 2466 4138 κοινὰς
2499 4074 2704 4136 ἐννοίας
2751 4073 3045 4143 ὑπολάϐῃς,
3076 4073 3179 4138 ὅτι,
3211 4071 3400 4146 ὥσπερ
3433 4076 3494 4128 τὸ
3538 4076 3724 4140 σκότος

484 4169 726 4225 tenebrae
769 4168 1056 4223 abolentur
1095 4167 1320 4231 lumine,
1355 4175 1410 4222 et
1449 4165 1756 4236 praesertim
1803 4167 2049 4236 copioso,

485 4261 571 4313 vel
604 4260 748 4314 sicut
782 4260 1111 4335 ignorantia,
1147 4275 1271 4330 quae
1291 4260 1536 4330 quedam
1569 4261 1792 4314 tenebra
1824 4269 1930 4324 est,
1960 4275 2054 4315 co-

487 4351 822 4422 gnitionibus
854 4352 1019 4417 cedit,
1049 4352 1286 4407 maxime
1313 4352 1636 4419 luculentis;
1658 4352 1734 4404 ita
1769 4351 1936 4406 etiam
1967 4367 2050 4416 ea,

489 4459 609 4512 quae
631 4443 929 4501 secundum
959 4443 1127 4500 Deum
1160 4452 1264 4508 est,
1291 4443 1557 4515 ignoratio
1587 4442 1781 4498 similis
1805 4443 1876 4498 sit
1904 4443 2056 4514 igno-

490 4535 712 4598 rationi,
744 4551 866 4604 quae
903 4551 1001 4606 per
1043 4536 1317 4590 inscitiam
1345 4535 1580 4598 exsistit,
1613 4535 1692 4589 uti
1715 4535 2052 4601 dicebamus,

493 4625 588 4680 sed
629 4636 836 4694 quanto
868 4627 1038 4695 magis
1081 4627 1205 4696 quis
1256 4642 1287 4680 a
1319 4626 1434 4683 Deo
1469 4629 1797 4694 illustratur,
1829 4629 2053 4684 uberio-

491 4729 718 4785 remque
758 4731 938 4771 rerum
988 4718 1201 4788 colligit
1233 4719 1622 4789 cognitionem,
1649 4721 1859 4775 scilicet
1895 4720 2056 4775 intel-

492 4806 754 4860 lectilium
797 4815 849 4862 et
895 4809 1343 4879 intelligentium,
1385 4816 1538 4864 tanto
1569 4810 1744 4880 magis
1789 4810 1856 4866 ad
1904 4825 2049 4875 eam,

493 4912 615 4968 quae
640 4897 706 4952 de
735 4895 845 4951 Deo
876 4897 1126 4962 habetur,
1157 4900 1522 4971 cognitionem
1571 4901 1891 4966 ascendens,
1919 4901 2058 4955 divi-

494 5003 618 5042 nam
654 4988 1360 5059 incomprehensibilitatem
1399 5003 1726 5063 cognoscet;
1768 4995 1821 5050 id
1853 5003 1958 5061 est,
1991 4996 2058 5052 il-

492 5081 601 5136 lam
637 5079 733 5136 Dei
778 5081 1196 5151 ignorationem,
1228 5083 1404 5139 lucem
1440 5099 1562 5140 esse
1594 5094 1757 5156 atque
1791 5091 2058 5158 cognitio-

493 5188 616 5227 nem
654 5189 775 5242 quaa
809 5184 1006 5230 cuncta
1051 5175 1441 5246 cognoscibilia
1486 5177 1856 5241 transcendat,
1904 5185 2060 5233 οπεο-

493 5279 724 5336 rumque
767 5267 908 5322 hanc
948 5283 1102 5324 suam
1148 5267 1216 5322 de
1252 5268 1361 5324 Deo
1399 5268 1766 5340 eloquentiam
1790 5271 1953 5342 304
1987 5273 2059 5327 si-

2153 4169 2336 4223 λύεται
2375 4169 2532 4237 φωτὶ,
2569 4168 2660 4221 καὶ
2704 4167 2935 4238 μάλιστα
2975 4165 3170 4236 πολλῷ,
3203 4167 3448 4239 ἣῶσπερ
3480 4169 3512 4239 ἡ
3543 4171 3721 4238 ἀγνω-

2157 4261 2268 4324 σία,
2311 4261 2434 4331 ἥτις
2466 4261 2558 4313 καὶ
2590 4259 2725 4330 αὐτὴ
2762 4259 2952 4324 σκότος
2991 4260 3127 4323 ἐστὶ,
3173 4259 3405 4312 παύεται
3446 4261 3720 4327 γνώσεων,

2153 4353 2247 4406 ’καὶ
2278 4353 2507 4423 μάλιστα
2533 4351 2738 4404 πολλῶν
2768 4351 3162 4422 ἐπιγενομένων
3181 4368 3194 4382 ·
3229 4350 3372 4404 οὕτω
3399 4354 3492 4404 καὶ
3524 4355 3557 4422 ἡ
3587 4354 3721 4406 κατά

2154 4441 2285 4494 Θεὸν
2329 4443 2570 4511 ἀγνωσία
2616 4442 2756 4495 ἔοικε
2787 4438 2852 4512 τῇ
2901 4440 3041 4494 κατὰ
3091 4442 3327 4513 ἀμαθίαν
3358 4443 3616 4515 ἀγνωσία,
3649 4443 3722 4508 ὡς

2156 4531 2391 4603 ἔφημεν·
2423 4533 2536 4586 ἀλλ’
2571 4535 2678 4596 ὅσῳ
2717 4531 3005 4606 φωτίζεταί
3034 4550 3117 4596 τις
3148 4531 3275 4602 περὶ
3311 4532 3468 4598 Θεοῦ,
3502 4536 3592 4587 καὶ
3613 4537 3723 4606 ὅσῳ

2153 4640 2237 4687 τις
2259 4624 2477 4692 συνάγει
2505 4625 2702 4692 γνῶσιν
2723 4624 2830 4676 τῶν
2851 4602 3037 4689 ὄντων,
3068 4624 3313 4676 τουτέστι
3340 4625 3439 4696 τὴν
3470 4625 3723 4694 περὶτῶν

2157 4712 2358 4784 νοητῶν
2389 4714 2481 4766 καὶ
2509 4713 2728 4784 νοερῶν,
2763 4713 3001 4783 τοσούτῳ
3035 4713 3248 4784 μᾶλλον,
3269 4713 3573 4767 ἀναϐαίνων
3596 4713 3723 4782 περὶ

2155 4807 2253 4878 τὴν
2291 4807 2488 4875 γνῶσιν
2529 4807 2628 4876 τὴν
2665 4807 2792 4877 περὶ
2821 4805 2970 4872 Θεὸν,
3000 4805 3265 4873 γνώσεται
3303 4805 3402 4877 τὴν
3447 4804 3722 4876 ἀκαταλη-

2154 4899 2303 4968 ψίαν,
2339 4900 2457 4970 ἦτοι
2489 4897 2586 4969 τὴν
2628 4899 2899 4967 ἀγνωσίαν
2941 4899 3042 4970 τὴν
3082 4900 3208 4970 περὶ
3235 4898 3388 4962 Θεὸν,
3437 4898 3553 4967 φῶς
3584 4894 3722 4951 εἶναι

2155 4993 2250 5047 καὶ
2297 4991 2495 5062 γνῶσιν
2540 4991 2676 5062 ὑπὲρ
2721 4991 2895 5044 πάντα
2929 4990 2997 5044 τὰ
3044 4990 3378 5059 γνωσθένταο
3416 4991 3509 5043 καὶ
3545 4988 3723 5043 λοιπὸν

2154 5087 2280 5156 σιγῇ
2305 5086 2439 5155 τιμᾷ
2475 5083 2572 5154 τὴν
2619 5085 2745 5154 περὶ
2775 5083 2906 5135 Θεὸν
2949 5082 3201 5152 ἀφασίαν.
3245 5079 3455 5135 Οὐκοῦν
3493 5083 3553 5134 οὐ
3583 5081 3723 5134 κατά

2158 5174 2409 5246 στέρησιν
2468 5174 2718 5243 γνώσεως
2756 5174 2970 5242 λέγεται
3019 5176 3051 5245 ἡ
3109 5174 3234 5245 περὶ
3281 5171 3417 5225 Θεοῦ
3462 5174 3724 5242 ἀγνωσία,

2156 5267 2290 5321 ἀλλά
2328 5266 2447 5320 καθ’
2497 5265 2766 5337 ὑπεροχὴν
2824 5267 2917 5318 καὶ
2973 5265 3274 5336 ὑπερϐολὴν
3319 5263 3549 5336 [πάσης]
3591 5263 3724 5332 γνὼ-
3776 5273 3788 5286 ⁸

494 5356 661 5411 lentio
699 5359 953 5417 honorat.
985 5359 1172 5429 Itaque
1215 5375 1324 5414 non
1367 5361 1664 5416 secundum
1695 5362 2053 5432 privationem
2082 5414 2088 5449 γ

2159 5377 2316 5423 σεως,
2343 5360 2425 5412 ὅτι
2453 5358 2593 5426 ἔγνω
2622 5375 2706 5421 τις
2727 5358 2817 5410 τὸν
2846 5359 2976 5411 πᾶσι
2998 5358 3091 5411 καὶ
3116 5356 3292 5427 ἑαυτῷ
3320 5357 3594 5425 ἄγνωστον
3628 5356 3720 5407 καὶ

495 5447 695 5502 dicitur
739 5451 829 5504 illa
861 5449 953 5506 Dei
984 5451 1310 5521 ignorantia,
1341 5451 1437 5506 sed
1463 5467 1560 5521 per
1586 5453 1964 5508 excellentiam
1997 5462 2051 5508 et

2159 5451 2552 5522 ἀκατάληπτον.
2594 5450 2774 5504 Ταῦτα
2801 5450 2895 5505 καὶ
2925 5452 2983 5502 ἐν
3010 5449 3088 5519 τῷ
3111 5448 3246 5516 Περὶ
3281 5447 3573 5515 μυστικῆς
3598 5449 3724 5501 θεο-

495 5551 776 5593 excessnm
815 5540 1038 5614 [omnis]
1097 5543 1444 5612 cognitionis,
1486 5545 1741 5614 quoniam
1777 5545 2057 5614 cognoscit

497 5628 618 5695 quis
671 5631 725 5685 id
774 5635 918 5704 quod
962 5635 1216 5689 omnibus
1252 5643 1308 5690 et
1347 5633 1450 5690 sibi
1493 5634 1599 5704 ipsi
1641 5636 1977 5707 incognitqu
2003 5643 2057 5691 et

2163 5545 2370 5613 λογίας
2401 5543 2678 5613 κεφαλαίῳ
2715 5548 2761 5594 α’
2797 5543 3030 5614 εἴρηται,
3055 5541 3148 5593 καὶ
3178 5542 3235 5592 ὲν
3267 5539 3346 5609 τῷ
3380 5540 3522 5607 Περὶ
3553 5539 3723 5592 θείων

2163 5633 2462 5704 ὀνομάτων
2488 5633 2762 5704 κεφαλαίῳ
2795 5632 2859 5704 β’.

499 5717 1041 5791 illcomprehcnsibile
1084 5726 1319 5782 exsistit.
1367 5725 1492 5782 Haec
1536 5726 1701 5782 etiam
1760 5727 1907 5785 dicta
1949 5735 2078 5785 sunt
2127 5727 2231 5800 53.1
2265 5725 2505 5799 Hystica:
2547 5726 2834 5796 theologica,
2893 5732 2946 5782 et
2984 5739 3106 5799 cap.
3131 5722 3167 5777 ‘2
3209 5721 3283 5776 De
3313 5720 3509 5777 divini:
3553 5719 3725 5774 nomi-

500 5815 672 5872 mbas,
