3882 6556
165 436 262 494 529

1004 428 1062 484 S.
1098 425 1348 484 MAXIM]
1388 425 1680 484 SCHOLIA
1719 423 1786 478 IN
1827 421 1977 478 EPP.
2023 418 2081 478 S.
2116 419 2437 484 DlONYSll.

3293 413 3397 470 550

243 528 414 584 Ἀλλά
437 546 496 583 τι
530 528 653 583 τῶν
686 524 868 583 αὐτοῦ
897 522 1013 577 τῶν
1042 522 1248 576 ὄντων.
1293 522 1454 575 Ὅσον
1476 538 1558 584 τις
1590 521 1723 590 ἔχει,

1901 514 2002 570 Sed
2033 514 2232 584 aliquid
2278 530 2305 568 e
2349 512 2501 568 rebus
2531 513 2666 583 ejus.
2694 513 2912 582 Quanto
2946 514 3093 570 enim
3137 510 3285 583 quis,
3319 512 3377 564 in

169 623 310 692 φησὶ,
343 619 446 674 τῶν
473 620 646 674 ὄντων
666 617 763 689 τὴν
792 615 1012 686 γνῶσιν,
1048 613 1140 667 καὶ
1171 613 1234 667 τὸ
1271 613 1328 666 ὃν
1340 613 1386 646 ⁸³
1411 613 1544 682 φῶς,
1571 629 1727 664 τουτ-

170 713 276 766 έστι
321 712 539 786 [αὐτὴν]
573 714 673 784 τῆς
706 709 958 782 ἀληθείας
989 709 1089 780 τὴν
1121 708 1326 779 νόησιν,
1373 705 1625 760 τοσοῦτον
1661 706 1730 758 τὰ

171 806 288 877 περὶ
334 804 464 857 Θεοῦ
499 803 690 873 ὄψεται
729 802 1011 870 ἄγνωσταο
1061 800 1122 853 ού
1167 798 1277 872 γὰρ
1319 799 1396 870 τῷ
1426 799 1563 868 φωτὶ
1599 797 1728 871 ἢτῇ

170 893 356 964 γνώσει
387 891 766 964 φανεροῦνται,
788 889 922 944 ἀλλὰ
947 888 1145 960 μᾶλλον
1171 889 1298 951 τοὺς
1320 888 1492 945 ταῦτα
1514 888 1731 958 ἔχοντας

169 984 422 1039 λανθάνει.
464 984 578 1038 Καὶ
612 985 644 1054 ἠ
668 985 726 1035 ὲν
761 981 970 1046 τούτοις
997 980 1237 1043 ἐπίδοσίς
1267 996 1328 1033 τε
1359 980 1454 1033 καὶ
1481 979 1726 1048 αὔξησις,

169 1075 240 1145 τῷ
270 1075 402 1144 φωτί
433 1091 577 1146 φημι
606 1075 700 1128 καὶ
725 1076 790 1144 τῇ
817 1071 1036 1142 γνώσει,
1059 1072 1122 1126 τὸ
1147 1071 1300 1125 Θεῖον
1317 1070 1548 1127 δεικνύει
1565 1069 1731 1124 ἀθέα-

167 1168 250 1221 τόν
275 1184 336 1220 τε
357 1167 451 1220 καὶ
478 1167 782 1236 ἄγνωστον·
806 1166 889 1219 ὅτι
909 1167 938 1219 ό
971 1165 1103 1220 Θεὸν
1133 1163 1464 1236 θεασάμενος
1487 1166 1582 1220 καὶ
1612 1166 1735 1237 ναή-

173 1277 262 1323 σας
291 1259 320 1312 ὃ
345 1255 499 1323 εἶδεν,
534 1258 700 1312 αὐτὸν
747 1259 844 1331 μὲν
881 1259 980 1330 οὐχ
1030 1257 1295 1330 ἑώρακεν,
1336 1258 1473 1312 ἀλλά
1513 1275 1566 1312 τι
1623 1257 1733 1316 τῶν

171 1348 324 1402 αὑτοῦ
344 1349 450 1404 τῶν
471 1348 642 1406 ὄντων
673 1349 770 1403 καὶ
800 1348 1236 1420 γινωσκομένων.

225 1617 390 1685 Αὐτῷ
436 1619 518 1687 τῷ
569 1622 851 1678 καθόλου.
912 1623 1295 1694 Προσεπινοεῖν
1341 1623 1422 1678 δεῖ
1486 1623 1582 1678 καλ⁴
1640 1625 1737 1681 ἐπὶ

171 1715 372 1781 τούτοις
397 1717 458 1771 τὸ
487 1718 629 1773 κατὰ
657 1719 727 1774 τὰ
764 1720 894 1776 ὄντα
912 1721 1006 1775 καὶ
1031 1722 1427 1793 γινωσκόμενα.
1451 1721 1524 1775 Τὸ
1563 1722 1619 1775 δὲ
1659 1721 1737 1794 μὴ

171 1802 296 1860 εἶναι
330 1810 670 1880 πρόσκειται,
696 1814 882 1882 ἐπειδὴ
906 1813 968 1868 τὸ
1000 1815 1118 1868 ἐστὶ
1143 1813 1254 1868 τῶν
1289 1810 1524 1869 κτιστῶν
1549 1815 1698 1868 ἐστιν
1715 1831 1730 1845 ο

170 1899 196 1952 6
221 1898 273 1954 δὲ
297 1900 430 1966 Θεὸς
457 1904 550 1957 καὶ
583 1905 724 1977 ὑπὲρ
754 1905 816 1959 τὸ
844 1901 1003 1972 εἶναι,
1039 1905 1170 1960 διότι
1199 1907 1475 1970 ἀκτιστος.

507 2103 617 2156 ΕΙΣ
653 2103 798 2159 ΤΗΝ
834 2105 1226 2160 ΕΠΙΣΤΘΛΗΝ
1262 2106 1336 2158 B'.

235 2190 365 2258 Πῶς
409 2197 441 2247 d
491 2193 736 2248 πάντων
778 2195 1072 2252 ἐπέκεινα.
1122 2197 1307 2252 Ταῦτα
1339 2197 1598 2263 πολλάκις
1636 2199 1733 2270 μὲν

172 2283 255 2335 καὶ
285 2286 346 2337 ὲν
372 2286 448 2357 τῷ
472 2286 612 2355 Περὶ
644 2286 818 2342 θείωὸι·
847 2289 1151 2359 ὀνομάτων
1187 2290 1456 2362 διαφόρως
1485 2291 1730 2363 εἴρηταιο

1831 606 1972 676 quit,
2003 607 2266 676 majorem
2297 605 2460 661 habet
2486 621 2668 660 rerum
2695 607 2966 675 notitiam,
3007 620 3070 661 ac
3098 616 3283 662 veram
3313 603 3401 657 lu-

1831 713 1988 766 cem,
2043 698 2097 753 id
2135 705 2221 754 est
2264 697 2506 754 veritatis
2567 699 2970 770 cognitionem,
3023 702 3179 752 tanto
3226 681 3400 763 nidgls

1832 789 2015 861 ignota
2062 799 2249 847 cernet
2291 806 2413 846 esse
2453 791 2546 844 illa
2579 807 2700 862 quae
2729 791 2797 846 de
2837 790 2948 845 Deo
2975 788 3257 855 dicuntur;
3292 801 3401 841 non

1832 884 1979 939 enim
2006 885 2088 938 vel
2135 883 2339 939 lumine
2381 884 2662 954 quopiam,
2708 883 2794 938 vel
2829 882 3138 953 cognitione
3181 879 3406 934 manife-

1835 983 2080 1042 stantur,
2130 976 2224 1032 sed
2267 976 2454 1046 potius
2505 977 2680 1031 latent
2725 991 3070 1046 possessores
3099 989 3250 1031 suos.
3280 972 3402 1044 Ipsa

1811 1082 2051 1138 quoque
2091 1067 2429 1138 quantalibet
2465 1068 2760 1138 promotio,
2805 1076 2860 1124 et
2904 1069 3302 1124 incrementum
3346 1066 3404 1120 in

1833 1159 1941 1225 bis,
1974 1160 2178 1216 lumine
2205 1159 2330 1216 dico
2352 1169 2404 1215 et
2428 1160 2760 1232 cognitione,
2798 1158 2966 1216 Deum
2997 1160 3280 1215 declarant
3318 1157 3402 1218 in-

1832 1253 2104 1310 visibilem
2145 1269 2269 1309 esse
2307 1260 2360 1309 et
2405 1253 2915 1324 incognoscibilem,
2953 1253 3209 1323 quoniam
3250 1251 3406 1322 quis-

1832 1345 1958 1416 quis
1991 1346 2111 1400 viso
2154 1344 2266 1401 Deo
2310 1345 2563 1415 intelligit
2618 1346 2673 1401 id
2698 1345 2844 1417 quod
2867 1345 3024 1408 vidit,
3063 1358 3406 1416 nequaquam

1817 1436 2012 1508 ipsum
2038 1437 2191 1502 vidit,
2235 1437 2329 1494 sed
2365 1438 2646 1510 quidpiam
2676 1454 2867 1494 eorum
2891 1454 3013 1510 qua:
3041 1439 3316 1495 exsistunt
3349 1445 3404 1494 ct

1834 1539 2259 1601 cognoscuntur.

1906 1623 2024 1678 Hoc
2051 1625 2164 1694 ipso
2185 1625 2323 1696 quod
2345 1625 2576 1681 omnino.
2608 1624 2668 1680 In
2690 1625 2780 1680 bis
2801 1624 2965 1682 etiam
2997 1624 3412 1695 subintelligen—

1833 1713 1963 1770 dum
1994 1724 2098 1782 est,
2129 1717 2428 1774 secundum
2458 1733 2521 1774 ea
2546 1733 2668 1789 qum
2691 1717 2970 1780 exsistunt
2990 1724 3045 1773 et
3068 1729 3414 1785 cognoscun-

1835 1816 1944 1863 tur.
1978 1808 2179 1865 Verum
2215 1811 2349 1866 illud
2387 1827 2497 1865 non
2544 1827 2669 1867 esse
2697 1810 2801 1881 ipsi
2831 1811 3122 1877 convenit;
3155 1810 3416 1880 quoniam

1763 1897 1808 1954 Β
1834 1897 1890 1954 id
1920 1901 2064 1971 quod
2097 1903 2177 1958 sic
2207 1911 2313 1967 est,
2349 1911 2730 1957 creaturarum
2775 1912 2896 1970 est;
2935 1901 3077 1958 Deus
3119 1909 3415 1960 autemest

1837 2008 2003 2066 supra
2026 1995 2428 2062 exsistentiam,
2461 1995 2664 2073 quippe
2694 1995 2992 2051 increatus.

2326 2108 2396 2164 ΙΝ
2433 2107 2824 2165 EPISTOLAM
2857 2107 2922 2165 ll.

1907 2199 2182 2267 Quomodo
2215 2203 2305 2272 qui
2359 2213 2437 2257 est
2477 2218 2640 2271 supra
2692 2203 2890 2256 omnia.
2941 2199 3068 2255 Hmc
3109 2199 3328 2272 quidem
3363 2201 3416 2255 in

1833 2292 1978 2348 libro
2009 2294 2088 2348 De
2132 2294 2325 2349 divinis
2373 2294 2676 2348 nominibus
2717 2291 3087 2348 diversimode
3117 2293 3415 2362 explicuit,

171 2379 280 2430 κατ’
313 2378 586 2450 ἐξαίρετον
615 2380 670 2438 δὲ
691 2381 830 2435 αὐτὰ
855 2383 1195 2454 ήρμήνευσεν
1222 2386 1279 2439 ὲν
1316 2383 1464 2455 αὐτῷ
1496 2383 1574 2455 τῷ
1594 2383 1736 2455 λόγῳ

1852 2386 2164 2442 excellenter
2203 2395 2386 2442 autem
2422 2388 2538 2441 haec
2585 2387 2704 2457 ipsa
2752 2385 2933 2456 capite
2982 2385 3274 2440 undecimo
3315 2386 3419 2440 sub

171 2470 440 2542 κεφαλαίῳ
473 2478 562 2536 ια’,
600 2473 727 2544 περὶ
775 2472 835 2526 τὸ
875 2474 1045 2538 τέλος,
1079 2474 1284 2544 λέγωνκ
1305 2473 1429 2538 Πῶς
1458 2475 1488 2527 6
1520 2474 1736 2531 πάντων

1852 2479 2000 2535 linem
2037 2480 2430 2552 interpretatus
2465 2489 2572 2543 est,
2603 2479 2794 2534 dicens
2825 2477 3148 2544 :Quomodo
3179 2478 3274 2548 qui
3299 2494 3421 2533 om-

172 2559 336 2624 αἴτιος
361 2564 451 2616 καὶ
493 2562 683 2634 θεότης
733 2565 826 2618 καὶ
869 2566 1160 2637 ἁγαθὸτης,
1198 2565 1294 2620 καὶ
1321 2566 1572 2640 θεότητος
1603 2568 1737 2620 ὑπο-

1852 2573 1993 2628 uium
2021 2580 2107 2630 est
2143 2579 2357 2639 auctor,
2391 2574 2504 2629 imo
2547 2573 2668 2644 ipsa
2721 2572 2902 2629 deitas
2927 2577 2981 2627 et
3009 2571 3250 2636 bonitas,
3289 2564 3419 2626 elle-

173 2654 386 2725 στάτης,
445 2655 540 2707 καὶ
582 2655 721 2726 ὑπὲρ
776 2655 964 2712 ταῦτα.
1007 2657 1163 2715 Οὕτω
1212 2659 1270 2714 δὲ
1328 2659 1734 2728 ἀναγνωστέον·

1852 2670 1967 2720 ctor
1995 2665 2068 2721 sit
2090 2673 2202 2719 tam
2232 2653 2495 2722 bonitatis
2510 2680 2672 2736 quam
2703 2663 2946 2728 deitatis,
2978 2669 3032 2718 et
3050 2662 3134 2718 his
3162 2662 3421 2718 emineat.

184 2745 417 2817 Ἐρωτᾷς
462 2744 583 2811 πῶς
621 2747 649 2799 ὁ
697 2745 829 2812 Θεὸς
879 2749 1019 2821 ὑπὲρ
1070 2749 1322 2821 θεότητος
1366 2751 1575 2832 ἀρχήνς
1604 2747 1740 2806 Εἶτα

1852 2755 2154 2828 Legendum
2187 2766 2367 2812 autem
2400 2757 2504 2812 hoc
2544 2754 2939 2826 modozﬁogas
2967 2753 3245 2824 quomodo
3275 2753 3441 2810 Deus.

173 2840 542 2916 ἀποκρίνεται·
568 2843 633 2894 El
672 2843 882 2913 νοήσεις
918 2844 1001 2898 ὅτι
1039 2843 1228 2914 θεότης
1271 2844 1402 2898 αύτὸ
1421 2843 1481 2897 τὸ
1512 2846 1577 2898 ὲκ
1605 2842 1741 2898 Θεοῦ

1852 2849 1916 2906 sit
1944 2864 2108 2920 supra
2139 2849 2469 2920 principium
2500 2849 2843 2906 divinitatis?
2869 2847 3078 2907 Deinde
3104 2845 3430 2916 respondet:

173 2932 336 3006 δῶρόν
386 2937 502 2989 ὲστι
537 2935 656 2990 καθ’
691 2935 720 2989 6
759 2935 1050 3007 θεούμεθα,
1085 2936 1146 2992 ού
1189 2936 1296 3011 μὴν
1336 2937 1498 3002 αὐτὸς
1527 2939 1557 2992 6
1588 2939 1739 3006 Θεὸς,

174 3024 310 3095 ἔχεις
339 3027 436 3098 τὴν
465 3027 647 3082 λύσινο
683 3029 712 3080 6
733 3027 840 3101 γὰρ
869 3029 1020 3093 Θεὸς,
1051 3030 1184 3084 αύτό
1210 3047 1351 3102 φημι
1383 3030 1477 3085 καὶ
1505 3030 1740 3104 ύπερού-

176 3135 280 3183 σιος
313 3121 466 3174 οὐσία
499 3121 636 3193 ὑπὲρ
668 3121 763 3194 τὴν
794 3124 925 3195 παρ’
949 3122 1114 3177 αὐτοῦ
1153 3123 1503 3196 δωρουμένην
1541 3124 1634 3179 καὶ
1653 3142 1744 3196 χα-

1843 2941 1905 2998 Si
1952 2942 2293 2998 divinitatem
2345 2942 2622 3013 intelligas
2674 2956 2798 2998 esse
2852 2941 3058 3000 donum
3099 2939 3279 3010 ipsum
3324 2953 3424 3009 per

1842 3033 1992 3105 quod
2031 3032 2374 3099 deiﬁcamur,
2417 3049 2530 3090 non
2573 3042 2755 3089 tamen
2791 3033 2974 3105 ipsum
3023 3031 3218 3096 Deum,
3252 3031 3426 3088 habes

1845 3127 2206 3194 solutionem;
2241 3125 2385 3184 Deus
2427 3126 2598 3192 enim,
2645 3127 2951 3184 secundum
2983 3125 3331 3196 se,inquam,
3366 3131 3425 3179 ut

178 3213 460 3286 ριζομένην
499 3213 778 3286 θεαρχίαν,
827 3216 1074 3269 τουτέστι
1120 3215 1314 3270 θέωσίν
1343 3219 1481 3285 ἐστι,
1531 3219 1626 3272 καὶ
1674 3217 1741 3273 τὰ

1852 3221 2320 3292 superessentialis
2341 3220 2604 3286 essentia,
2633 3229 2720 3277 est
2743 3227 2912 3292 supra
2939 3217 3268 3290 principium
3293 3216 3428 3272 illud

177 3302 296 3375 ἑξῆς
327 3307 545 3377 ὁμοίως.
589 3303 723 3361 Εἶτα
738 3306 924 3362 λοιπὸν
958 3308 1326 3378 συλλογίζεται
1365 3311 1608 3380 φάσκων,
1636 3311 1742 3378 ότι,

176 3400 218 3450 εἰ
236 3399 293 3451 τὸ
314 3401 374 3453 ἐκ
405 3400 539 3454 Θεοῦ
561 3400 732 3472 δῶρον
761 3401 901 3473 ἁρχὴ
926 3402 1132 3471 γίνεται
1162 3403 1255 3456 τοῦ
1288 3402 1540 3458 θεοῦσθαι
1576 3406 1745 3478 ἡμᾶς,

177 3489 341 3560 δῆλον,
373 3493 454 3546 ὃτι
587 3493 769 3565 πάσης
783 3494 957 3566 ἀρχῆς
977 3495 1168 3559 αἴτιος,
1187 3495 1281 3548 καὶ
1314 3496 1457 3568 ἀρχὴ
1480 3492 1578 3563 ὢν,
1614 3497 1748 3569 μᾶλ-

176 3579 256 3634 λον
275 3583 329 3636 δὲ
351 3585 708 3657 ύπεράρχιος,
738 3584 878 3638 θ’ύτω
907 3587 1000 3639 καὶ
1029 3587 1126 3658 τῆς
1145 3587 1442 3660 λεγομένης
1473 3589 1744 3662 θεότητος,

177 3671 296 3742 ἢὼς
312 3674 572 3748 θεαρχεας
592 3676 848 3730 έπέκεινά
869 3677 1036 3730 ἐστιν.
1057 3679 1114 3731 Ὀ
1134 3681 1230 3750 μὲν
1246 3679 1354 3752 γὰρ
1381 3681 1512 3746 Θεὸς
1532 3682 1593 3735 ού
1607 3683 1747 3737 κατὰ

180 3762 374 3834 σχέσιν,
406 3765 482 3829 ὡς
501 3767 686 3837 ἡμεῖς,
706 3768 900 3821 κτᾶται
915 3767 974 3821 τὸ
991 3767 1214 3837 ἀγαθὸν,
1229 3769 1341 3823 ἀλλ’
1355 3771 1597 3842 ἀσχέτως
1615 3772 1746 3843 ἔχει’

181 3855 333 3924 ἡμεῖς
354 3857 412 3909 δὲ
436 3856 647 3931 σχετῶς
663 3856 728 3924 ⁸³,
747 3860 970 3932 τρεπτοὶ
1002 3858 1132 3932 γὰρ,
1161 3863 1365 3927 ἐκεῖνος
1391 3863 1447 3917 δὲ
1463 3865 1750 3935 ἄτρεπτος.

1847 3315 2182 3384 divinitatis;
2221 3313 2370 3386 quod
2414 3315 2532 3385 ipse
2567 3313 2664 3370 dat
2727 3321 2896 3384 atque
2940 3310 3336 3375 communicat,
3372 3310 3429 3365 id

1847 3416 1953 3475 est,
1985 3423 2153 3478 supra
2187 3387 2610 3472 deiﬁcationem,
2642 3412 2698 3462 et
2743 3406 2827 3462 sic
2865 3404 2934 3461 de
2965 3403 3204 3460 caeteris.
3223 3400 3450 3458 Deinde.

1847 3500 1930 3556 sic
1979 3498 2412 3572 argumentando
2465 3499 2558 3562 ait,
2592 3496 2739 3569 quod
2791 3497 2839 3555 si
2886 3497 2992 3553 hoc
3020 3511 3051 3551 a
3074 3495 3186 3551 Deo
3213 3507 3432 3565 proma-

1849 3607 1990 3648 nans
2031 3593 2256 3656 donum,
2301 3591 2636 3666 principium
2684 3597 2770 3648 est
2810 3596 3016 3645 nostra:
3043 3585 3430 3651 deiﬁcatiouis,

1847 3685 2036 3755 utique
2067 3686 2232 3740 etiam
2273 3692 2468 3740 auctor
2510 3685 2655 3740 idem
2700 3690 2786 3740 est
2813 3685 2984 3738 totius
3020 3679 3296 3752 principii,
3320 3678 3432 3732 init.

1848 3778 2031 3846 potius
2066 3793 2230 3848 supra
2259 3779 2590 3848 principium
2617 3787 2723 3840 est,
2751 3784 2917 3847 atque
2939 3775 3014 3828 ita
3041 3775 3244 3829 dictam
3265 3770 3434 3826 etiam

1850 3868 2196 3925 divinitatem
2230 3868 2594 3925 transcendit.
2628 3862 2774 3926 Deus
2805 3867 2951 3923 enim
2991 3881 3103 3920 non
3127 3860 3454 3920 secundum.

178 3949 439 4018 habitum,
469 3954 551 4024 uti
585 3969 710 4020 nos,
745 3955 905 4026 305
927 3955 1226 4012 bonitatem
1251 3957 1479 4024 obtinet,
1511 3959 1608 4013 sed
1649 3960 1769 4015 sine
1817 3959 2007 4019 habitu
2055 3963 2254 4031 habet;
2315 3978 2420 4020 nos
2465 3970 2649 4018 autem
2685 3977 2784 4032 per
2810 3961 3208 4028 habitudinem,
3260 3955 3444 4027 siqui-.

177 4044 292 4101 dem
315 4061 418 4102 nos
444 4046 738 4102 mutabiles
769 4063 979 4112 sumus,
1007 4048 1125 4118 ipse
1149 4064 1277 4108 vero
1303 4050 1680 4108 immutabilis.

242 4142 312 4194 El
343 4139 599 4208 θεότητα
623 4137 720 4192 καὶ
740 4140 1092 4209 ἀγαθότητα.
1127 4143 1239 4196 υύκ
1267 4142 1454 4213 αὐτὴν,
1491 4145 1642 4214 φησὶ,
1658 4143 1754 4217 τὴν

179 4233 294 4286 κατ’
319 4230 509 4291 οὐσίαν
553 4229 782 4300 θεότητα
819 4232 914 4287 καὶ
959 4233 1290 4305 ἀγαθότητα,
1329 4236 1358 4288 ὃ
1397 4252 1449 4288 τι
1478 4237 1608 4289 ποτέ
1639 4239 1755 4291 ἐστι

180 4321 334 4395 λέγω,
366 4323 505 4378 ἀλλὰ
539 4322 640 4394 τὴν
684 4323 1006 4393 ἀγαθοποιὸν
1040 4327 1133 4380 καὶ
1159 4326 1402 4382 θεοποιὸν
1415 4327 1622 4401 δωρεὰν
1660 4329 1756 4384 τοῦ

180 4418 324 4482 όντος
347 4417 484 4472 Θεοῦ
508 4419 604 4472 καὶ
642 4418 876 4488 ἀγαθοῦο
906 4419 1065 4474 τοῦτο
1100 4419 1209 4492 γὰρ
1242 4422 1276 4492 ἠ
1305 4420 1446 4493 ἀρχὴ
1482 4424 1578 4476 καὶ
1609 4423 1758 4477 αἰτία

181 4509 266 4563 τοῦ
303 4509 563 4578 θεοῦσθαι
592 4509 688 4563 καὶ
725 4509 1108 4579 ἀγαθύνεσθαι,
1140 4509 1402 4565 καὶκατὰ
1439 4509 1625 4566 τοῦτον
1667 4511 1759 4566 τὸν

1930 4140 1992 4198 Si
2041 4139 2368 4196 divinitatem
2406 4149 2457 4196 et
2493 4141 2802 4197 bonitatem.
2843 4139 2965 4195 Non
3004 4141 3201 4212 ipsam,
3232 4140 3433 4210 inquit:

1860 4232 2164 4289 secundum
2212 4234 2579 4290 substantiam
2629 4232 2970 4288 divinitatem
3014 4240 3069 4288 et
3113 4232 3432 4296 bonitatem,

1858 4327 1985 4386 dico
2023 4325 2154 4398 quid
2194 4327 2415 4383 tandem
2455 4327 2577 4398 ipsa
2623 4327 2714 4392 sit,
2739 4325 2836 4382 sed
2877 4325 3174 4381 bonillcum
3200 4331 3256 4379 et
3282 4324 3436 4380 deiti-

1861 4433 1988 4474 cum
2018 4419 2222 4474 donum
2251 4418 2367 4474 veri
2413 4417 2510 4476 Dei
2550 4433 2616 4473 ac
2647 4418 2799 4473 boni.
2831 4415 2948 4472 Hoc
2979 4416 3123 4473 enim
3167 4424 3254 4472 est
3281 4416 3436 4486 prin-

1862 4511 2068 4581 cipium
2109 4517 2164 4566 et
2202 4523 2371 4564 causa
2419 4507 2785 4564 deiﬁcationis
2814 4523 2880 4562 ac
2922 4505 3357 4574 bonilicationis;
3384 4513 3455 4565 et.

182 4606 377 4677 τρόπον
401 4604 538 4676 φησι
574 4602 824 4672 λέγεσθαι
887 4603 1027 4676 ὑπὲρ
1074 4604 1333 4676 θεαρχίαν
1372 4604 1469 4660 καὶ
1509 4605 1741 4678 ἀγαθαρ·

1859 4601 1966 4658 hoc
1996 4601 2158 4658 modo
2185 4601 2263 4655 ait
2297 4601 2479 4682 ipsum
2517 4600 2628 4658 dici
2665 4615 2831 4671 supra
2881 4599 3212 4672 principium
3244 4599 3442 4658 divini-

183 4699 322 4768 χίαν,
356 4699 460 4769 τὴν
491 4696 635 4751 οὕτω
662 4697 861 4768 δηλαδὴ
890 4697 1206 4769 νοουμένην.
1237 4699 1550 4770 Σημείωσαι
1580 4699 1636 4753 δὲ
1663 4701 1741 4754 κατ

1863 4696 1992 4753 tatis
2040 4710 2106 4751 ac
2155 4693 2443 4760 bonitatis,
2506 4694 2589 4752 sic
2636 4708 2834 4765 nempe
2882 4693 3236 4749 intellectum.
3296 4691 3440 4758 Quin

183 4789 450 4856 ἐντεῦθεν,
475 4790 558 4842 ὅτι
591 4791 625 4862 ἠ
657 4787 846 4860 θεότης
866 4790 1008 4862 καὶὴ
1038 4789 1308 4861 ἁγαθότης
1337 4792 1438 4846 οὐκ
1461 4792 1741 4847 adt-conata

1860 4789 2028 4846 etiam
2058 4788 2186 4846 hinc
2219 4797 2349 4842 nota
2378 4785 2718 4842 divinitatem
2746 4801 2810 4841 ac
2841 4786 3142 4842 bonitatem
3162 4784 3310 4840 illam
3330 4801 3443 4844 non

186 4883 298 4935 ἐστὶ
322 4882 417 4936 τοῦ
446 4880 616 4936 Θεοῦο
643 4882 737 4936 καὶ
765 4881 873 4954 γὰρ
902 4882 996 4937 καὶ
1022 4883 1178 4936 τοῦτο
1205 4883 1250 4915 ⁸⁸
1280 4885 1537 4940 ἐπέκεινα
1572 4886 1601 4938 6
1626 4885 1741 4950 Θεὸς

1863 4895 1989 4938 esse
2040 4881 2213 4951 ipsam
2245 4879 2343 4935 Dei
2392 4879 2714 4943 essentiam,
2773 4879 3032 4949 quoniam
3084 4893 3252 4948 supra
3297 4878 3442 4932 hanc

189 4966 392 5042 [μόνος]
427 4969 486 5025 ἓν
507 4969 586 5042 τῷ
616 4969 756 5038 Περὶ
783 4971 954 5027 θείων
989 4971 1296 5043 ὀνομάτων
1362 4974 1638 5048 κεφαλαίῳ
1690 4995 1741 5031 ια

1866 4975 2032 5030 etiam
2076 4973 2223 5028 Deus
2271 4979 2381 5036 est,
2428 4981 2488 5027 ut
2531 4971 2610 5026 De
2645 4971 2840 5026 divinis
2890 4970 3212 5036 nominibus,
3261 4969 3441 5040 capite

187 5060 516 5143 πλατύτερον
539 5061 774 5134 εἴρηται.

1867 5064 2182 5129 undecimo,
2210 5063 2388 5119 fusius
2412 5072 2496 5119 est
2523 5064 2876 5134 explicatum.

265 5153 577 5224 Ἀμίμητος
606 5153 706 5208 καὶ
734 5153 1008 5224 ἄσχετος.
1056 5155 1112 5208 Ὁ
1135 5155 1276 5211 κατὰ
1307 5157 1488 5229 σχέσιν
1507 5159 1607 5214 οὐκ
1625 5158 1768 5231 ἔχων

109 5291 115 5297 .
187 5263 260 5310 τι,
281 5247 395 5300 ἀλλ’
418 5247 478 5314 ἐξ
503 5245 699 5300 ἑαυτοῦ
734 5247 962 5318 μίμησις
990 5247 1084 5301 καὶ
1115 5249 1295 5318 σχέσις
1315 5250 1455 5304 αὐτὰ
1485 5250 1556 5305 τὰ
1586 5253 1766 5325 πράγ-

193 5354 354 5407 ματα,
391 5336 712 5410 μετέχοντες
734 5337 790 5391 δὲ
822 5339 914 5394 καὶ
947 5339 1288 5410 μιμούμενοι,
1318 5341 1447 5412 περὶ
1479 5339 1574 5405 οὒς
1595 5342 1767 5398 ταῦτα

189 5428 442 5501 ὁρῶνται.
470 5429 773 5502 Ἀμεμητον
794 5430 850 5484 δὲ
873 5431 968 5485 καὶ
993 5433 1219 5503 ἄσχετον
1238 5432 1344 5504 ἔφη
1371 5433 1434 5487 τὸ
1458 5434 1634 5504 Θεῖον,
1659 5436 1762 5503 ὅτι,

191 5521 299 5592 ὅσῳ
329 5540 413 5586 τις
464 5522 605 5596 πρὸς
645 5522 874 5595 μίμησιν
919 5523 1020 5581 καὶ,
1058 5524 1238 5594 σχέσιν
1280 5525 1414 5580 Θεοῦ
1446 5527 1764 5599 προκόπτει,

1937 5158 2035 5212 Est
2065 5156 2398 5217 inimitabilia
2444 5166 2494 5212 et
2529 5155 2738 5210 habitus
2766 5173 2975 5228 expers.
3009 5155 3110 5223 Qui
3139 5153 3439 5211 secundum

1866 5249 2111 5305 habitum
2141 5263 2250 5303 non
2283 5247 2450 5303 habet
2480 5247 2803 5318 quidquam,
2848 5250 2943 5306 sed
2979 5265 3046 5305 ex
3086 5245 3284 5315 seipsis
3319 5244 3451 5298 inlitt-

1867 5343 2006 5398 tatio
2027 5347 2082 5396 et
2108 5339 2330 5396 habitus
2357 5349 2486 5395 sunt
2516 5355 2607 5398 res
2643 5341 2796 5412 ipsae,
2828 5339 3216 5411 participantes
3232 5347 3361 5390 vero
3386 5339 3452 5391 et

1869 5433 2172 5499 imitantes,
2229 5432 2379 5487 circa
2433 5447 2572 5503 quos
2625 5432 2758 5487 talia
2795 5429 3229 5499 conspiciuntur.
3269 5422 3441 5480 Deum

1870 5539 2050 5584 autem
2077 5525 2216 5580 dixit
2243 5525 2623 5585 inimitabilem
2646 5535 2701 5583 ct
2717 5523 2936 5581 habitus
2964 5525 3274 5591 expertem:
3303 5529 3441 5584 quo-

1137 5722 1374 5779 VARIIE
1412 5722 1796 5784 LECTIONES
1828 5725 1916 5782 ET
1951 5723 2492 5784 CORBECTIONES.

301 5883 344 5916 "
382 5883 442 5935 τὸ
473 5879 665 5946 ὅντως.
766 5881 810 5913 ⁸³
836 5881 1131 5966 naming.
1232 5881 1274 5913 "
1296 5879 1514 5938 τούτων.

3487 5619 3538 5648 Ὦ»
