3896 6542
524 458 625 518 531

1312 449 1658 508 APPENDIX
1691 449 1784 507 AD
1816 446 2047 509 OPEBA
2077 447 2136 506 S.
2172 443 2472 505 DIONYSII
2504 439 2986 501 AREOPAGLTE.

3684 435 3785 493 533

528 581 678 636 niam
705 581 909 649 quanto
941 573 1066 647 quis
1093 573 1164 629 ad
1201 574 1563 633 imitationem
1592 582 1648 629 et
1679 569 1777 629 Dei
1814 570 2089 627 habitudi-

2203 567 2445 622 τοσοῦτον
2488 562 2899 637 καταλαμϐἀνει
2926 555 2992 617 τδ
3025 556 3316 632 ἀνέφικτον
3340 556 3443 633 τῆς
3488 559 3781 634 μιμήσεως

528 686 653 727 nem
681 667 995 733 accesserit,
1026 673 1183 721 tanto
1210 666 1396 737 magis
1425 665 1703 737 intelligit,
1731 665 1913 735 ipsum
1943 662 2097 719 nulla

526 763 613 820 vel
637 760 941 817 imitatione
965 759 1050 815 vel
1078 757 1401 813 habitudine
1431 757 1625 829 attingi
1653 770 1838 829 posse.

1000 870 1069 927 IN
1108 868 1502 927 EPISTOLAM
1539 867 1628 925 Ill.

594 963 817 1037 Repente
845 973 924 1020 est
952 964 1008 1019 id
1032 962 1170 1035 quod
1210 972 1404 1034 preter
1426 979 1590 1034 spem.
1618 958 1888 1016 Existimo
1921 957 2095 1030 potis-

522 1058 725 1115 simum
779 1057 925 1113 istud
966 1056 1347 1128 propheticum
1389 1056 1596 1112 dictum
1645 1053 1927 1108 Malachim
1968 1067 2097 1123 pro-

521 1148 700 1222 phetae
722 1147 917 1204 Caium
949 1148 1343 1219 interrogasse,
1368 1145 1512 1218 quod
1539 1146 1619 1202 sic
1635 1146 1799 1201 habet
1828 1164 1843 1201 :
1870 1143 2097 1215 Repente

519 1243 689 1297 ueniet
712 1240 779 1294 ad
808 1238 1058 1308 templum
1085 1254 1243 1293 suum
1260 1237 1517 1292 Dominus
1537 1252 1688 1308 quem
1716 1252 1805 1290 vos
1832 1235 2094 1307 queritis,

520 1342 574 1388 et
604 1331 821 1403 angelus
867 1331 1169 1386 testamenti
1215 1346 1367 1401 quem
1413 1345 1504 1385 vos
1547 1326 1866 1382 desideraris
1892 1337 1936 1383 ο.
1966 1325 2096 1380 Mihi

520 1431 706 1480 autem
742 1424 895 1480 visus
922 1431 1007 1480 est
1034 1424 1148 1478 hanc
1177 1422 1570 1492 interrogasse,
1599 1437 1666 1478 eo
1695 1419 1841 1490 quod
1873 1418 2092 1489 subjun-

519 1524 653 1588 gat:
684 1514 800 1570 Hoc
852 1517 1082 1571 arbitror
1130 1512 1465 1583 Scripturam
1522 1515 1817 1581 insinuare,
1870 1511 1961 1567 ubi
2006 1524 2093 1568 ea.

517 1625 644 1680 qua:
674 1608 743 1665 de
763 1606 994 1664 Domino
1016 1606 1147 1663 Jesu
1167 1606 1396 1663 Christo
1412 1612 1565 1671 sunt,
1597 1604 1829 1663 mirifice
1850 1603 2093 1675 exponit.

518 1700 765 1757 Observa
811 1714 963 1769 vero,
1016 1696 1289 1769 quomodo
1333 1699 1489 1753 vocis
1542 1697 1800 1767 ἐξαίφνης
1831 1693 2095 1764 originem

519 1792 847 1863 investiget;
902 1791 1215 1862 ibidemque
1285 1795 1421 1844 nota
1465 1787 1747 1847 Christum
1799 1786 2095 1842 humanam

519 1884 879 1941 substantiam
901 1882 1294 1953 assumpsisse.

2198 662 2293 717 καὶ
2321 660 2577 734 σχέσεως.

2566 861 2678 917 ΕΙΣ
2712 862 2857 918 ΤΗΝ
2893 857 3295 917 ΕΠἹΣΤΟΛΗΝ
3325 857 3401 914 Γ’.

2280 948 2599 1021 Ἐεάίφνης
2638 950 2771 1007 ἐστὶ
2806 951 2873 1006 τὸ
2911 950 3047 1019 παρ’
3082 948 3320 1004 ἐλπίδα.
3359 945 3681 1018 Ἑφίστημι,
3709 944 3778 1009 ὥς

2196 1043 2280 1099 ὅτι
2335 1042 2535 1115 μᾶλλον
2582 1044 2761 1097 ἐκεῖνο
2804 1042 2868 1097 τὺ
2902 1039 3241 1115 προφητικὸν
3289 1036 3385 1093 τοῦ
3428 1038 3720 1109 προφήτου
3741 1037 3779 1067 ⁵⁸

2195 1134 2476 1207 Μαλαχξου
2501 1134 2785 1209 ἠρώτησεν
2807 1137 2837 1190 ὁ
2862 1133 3041 1202 Γάϊος,
3075 1134 3137 1188 τὸ
3169 1133 3314 1205 ἔχιδν’
3341 1131 3455 1186 Kal
3483 1131 3779 1202 ἐξαίφνης

2196 1225 2329 1297 ἥξει
2351 1230 2445 1295 εἰς
2460 1227 2567 1282 τὸν
2583 1228 2735 1283 ναὸν
2748 1228 2936 1283 αὐτοῦ
2957 1231 2991 1284 δ
3004 1228 3237 1297 Κύριος,
3258 1226 3333 1281 ὃν
3350 1224 3517 1295 ὑμεῖς
3533 1222 3778 1291 (incita,

2195 1319 2296 1374 καὶ
2324 1324 2358 1375 ό
2386 1321 2639 1391 ἅγγελος
2658 1320 2768 1390 τῆς
2790 1318 3098 1389 διαθήκης,
3128 1318 3202 1375 ὃν
3227 1319 3397 1391 ὑμεῖς
3419 1317 3776 1373 ἐπιποθεῖτε.

2199 1412 2387 1481 Ἔδοξε
2434 1413 2493 1469 δέ
2540 1431 2631 1485 μοι
2665 1413 2823 1468 τοῦτο
2859 1412 3174 1486 ὴρωτῆσθαι
3215 1413 3282 1467 ὲκ
3314 1411 3410 1467 τοῦ
3437 1413 3774 1480 ἐπαγαγεῖν·

2202 1506 2383 1560 Τοῦτο
2399 1507 2560 1577 οἶμαι
2579 1505 2694 1576 τὴν
2720 1507 3033 1576 θεολογίαν
3051 1507 3412 1562 αἰνίττεσθαι
3425 1522 3439 1536 ο
3458 1504 3778 1575 θαυμασίως

2196 1598 2431 1655 ἐνταῦθα
2453 1599 2774 1670 θεολογεῖτά
2794 1601 2922 1673 περῖ
2952 1600 3046 1654 τοῦ
3071 1599 3277 1672 Κυρίου
3317 1598 3490 1670 Ἰησοῦ
3512 1598 3774 1669 Χριστοῦ.

2196 1695 2506 1767 Σημείωσαι
2539 1694 2597 1748 δὲ
2632 1693 3081 1767 πῶςὲτυμολογεῖ
3110 1693 3173 1747 τὸ
3188 1692 3480 1763 ἐξαίφνης
3498 1709 3513 1722 ’

2198 1804 2288 1842 σαι
2313 1788 2408 1845 καὶ
2437 1787 2500 1843 τὺ
2530 1787 2883 1862 ἀνθρωπίνως
2900 1785 3223 1861 οὗσιωθῆναι
3244 1786 3474 1859 Χριστόν
3490 1785 3560 1839 ⁸⁷.

593 1972 845 2030 Occultus
886 1980 1063 2027 autem
1093 1979 1195 2027 est.
1228 1970 1480 2028 Occultus
1508 1970 1577 2025 ab
1609 1968 1730 2040 ipso
1757 1980 1900 2036 saepe
1927 1962 2082 2037 poni.

2264 1967 2527 2038 Κρύφιος
2555 1967 2624 2024 δέ
2662 1968 2814 2024 ἐστι.
2847 1968 2920 2025 To
2940 1970 3187 2040 κρύφιος
3219 1968 3476 2032 πολλάκις
3512 1968 3639 2022 ἀντῖ
3686 1968 3775 2022 τοῦ

520 2071 612 2119 tur
648 2080 750 2135 pro
794 2078 929 2120 voce
966 2061 1135 2129 Deus,
1161 2071 1218 2118 et
1258 2077 1524 2118 arcanum
1562 2075 1665 2132 pro
1695 2057 2000 2121 divinitate,
2031 2062 2094 2110 ut

517 2170 586 2210 cx
615 2152 1047 2225 praecedentibus
1067 2152 1225 2209 libris
1247 2160 1417 2223 patet.
1453 2151 1705 2209 Occultus
1739 2150 1905 2223 igitur
1927 2147 2093 2204 etiam

518 2244 610 2303 hic
637 2262 738 2318 pro
752 2243 896 2300 Deus
912 2245 1242 2317 ponitur,,ut
1262 2244 1356 2316 qui
1389 2229 1683 2299 invisibilis
1703 2248 1808 2298 est.

983 2358 1053 2414 1N
1087 2356 1485 2415 EPISTOLAM
1521 2356 1616 2414 ιν.

585 2474 884 2544 Quomodo,
916 2474 1116 2545 inquis,
1144 2470 1325 2529 Iesus.
1358 2470 1594 2538 Quaeris,
1632 2468 1834 2541 inquit,
1863 2479 2092 2539 quomo-

515 2566 588 2622 do
636 2568 776 2624 hoc?
814 2566 955 2623 Nota
1002 2573 1185 2622 autem
1219 2565 1323 2632 his,
1354 2564 1410 2618 id
1449 2571 1535 2619 est
1567 2563 1624 2617 in
1651 2560 2089 2632 dispensatione,

515 2659 776 2728 quoniam
800 2659 919 2714 sine
947 2657 1073 2724 hac,
1100 2664 1163 2713 ut
1188 2655 1474 2711 hominum
1491 2662 1684 2710 auctor
1700 2662 1865 2725 atque
1883 2649 2087 2723 epifex,

514 2748 679 2802 etiam
702 2748 864 2804 homo
901 2747 1127 2804 dicitur.

584 2839 750 2911 306
796 2837 925 2895 Non
965 2840 1105 2895 enim
1139 2849 1200 2894 ut
1234 2847 1420 2894 auctor
1453 2836 1743 2893 hominum.
1784 2834 1899 2891 Hoc
1924 2834 2091 2891 etiam

513 2932 685 2989 tradit
734 2932 1029 2991 Africanus
1080 2933 1139 2989 in
1189 2934 1305 2990 suis
1359 2928 1833 3002 Chronographiis;
1887 2928 2092 2984 dicitur

512 3024 660 3081 enim
711 3024 904 3082 eodem
958 3026 1187 3081 nomine
1236 3023 1382 3079 Deus
1434 3022 1692 3078 omnibus
1719 3035 1842 3091 qua:
1869 3036 1938 3076 ex
1966 3020 2089 3091 ipso

512 3126 668 3183 sunt,
696 3118 956 3189 quoniam
1000 3119 1057 3173 in
1107 3116 1364 3172 omnibus
1409 3114 1649 3171 exsistit.
1691 3113 1753 3168 In
1772 3112 1877 3167 hac
1906 3120 2088 3167 autem

514 3209 945 3283 dispensatione,
972 3216 1235 3281 tanquam
1268 3207 1571 3265 secundum
1623 3208 1794 3261 totam
1847 3205 2087 3261 hominis

2195 2057 2342 2126 Θεὸς
2385 2055 2527 2129 εἶπε,
2575 2062 2669 2116 καὶ
2700 2062 3037 2135 κρυφιότητα
3063 2062 3161 2134 τὴν
3204 2062 3451 2135 θεότητα,
3477 2062 3556 2125 ὼς
3581 2063 3647 2115 ὲν
3670 2066 3778 2127 τοῖς

2193 2150 2313 2206 ἀνω
2332 2151 2530 2220 λόγοις.
2565 2153 2639 2207 Τὸ
2658 2155 2905 2225 κρύφιος
2930 2149 3024 2210 οὖν
3043 2152 3278 2211 ἐνταῦθα
3303 2152 3546 2210 ἀντὶτοῦ
3573 2155 3608 2207 ὁ
3630 2153 3775 2219 θεὸς

2191 2241 2431 2315 εἴρηται,
2460 2244 2538 2308 ὡς
2561 2245 2815 2317 ἀόρατος.

2576 2360 2688 2414 ΕΙΣ
2720 2362 2864 2416 ΤΗΝ
2899 2363 3296 2420 ΕΠΙΣΤΟΛΗΝ
3332 2366 3407 2419 Δ¹⁸

2260 2472 2415 2540 Πῶς,
2438 2471 2582 2543 φῂς,
2624 2472 2873 2544 Ἰησοῦς.
2908 2476 3240 2552 Ἐπερωτᾷς,
3263 2480 3419 2552 φησὶ,
3444 2479 3564 2546 πῶς
3589 2481 3772 2551 τοῦτος

2192 2561 2504 2634 Σημειωσαι
2533 2565 2592 2618 δὲ
2630 2565 2691 2619 τὸ
2731 2566 2963 2637 ἐνθάδε,
2983 2570 3258 2624 τουτέστιν
3280 2571 3339 2624 ὲν
3368 2574 3435 2644 τῇ
3462 2574 3774 2645 οἰκονομία,

2183 2655 2315 2709 ’ἐπεὶ
2337 2655 2461 2729 δίχα
2486 2656 2711 2730 ταύτης,
2760 2660 2854 2715 καὶ
2886 2661 2964 2725 ὡς
2990 2661 3161 2727 αἴτιος
3186 2662 3510 2737 ἀνθρώπων,
3554 2666 3777 2735 λέγεται

2190 2743 2498 2818 ἄνθρωπος,
2525 2746 2605 2811 ὡς
2622 2748 2852 2819 ποιητὴς
2884 2748 3204 2821 ἀνθρώπων.

2256 2844 2348 2897 σὺ
2382 2845 2495 2914 γὰρ
2525 2845 2607 2912 ὥς
2656 2846 2845 2914 αἴτιος
2888 2848 3233 2916 ἀνθρώπων.
3280 2850 3453 2905 Τοῦτό
3500 2870 3637 2924 φησι
3686 2851 3779 2906 καὶ

2202 2930 2530 3006 Ἀφρικανὸς
2565 2936 2625 2989 ὲν
2670 2938 2793 3000 ταῖς
2838 2939 3332 3009 Χρονογραφίαις·
3397 2941 3621 3010 λέγεται
3670 2943 3777 3015 γὰρ

2189 3022 2494 3094 ὁμωνύμως
2515 3024 2543 3078 ὁ
2575 3023 2708 3089 Θεὸς
2738 3026 2871 3079 πᾶσι
2903 3028 3016 3090 τοῖς
3043 3025 3103 3091 ἐξ
3136 3026 3323 3092 αὑτοῦ,
3359 3027 3546 3098 ἐπειδὴ
3576 3030 3637 3081 ὲν
3674 3029 3777 3081 πᾶ-

2194 3114 2277 3168 σίν
2316 3115 2487 3168 ἐστιν.
2526 3113 2615 3171 Ἑν
2644 3115 2703 3168 δὲ
2729 3118 2795 3187 τῇ
2843 3116 3126 3189 οἰκονομίᾳ
3171 3115 3248 3179 ὡς
3276 3115 3420 3169 κατὰ
3449 3115 3548 3188 τὴν
3587 3117 3775 3170 οὐσίαν

2189 3204 2319 3277 ὅλην
2351 3204 2635 3271 οὐσιωθεὶς
2663 3205 2947 3278 ἄνθρωπος
2984 3206 3220 3277 λέγεται,
3260 3206 3403 3261 κατὰ
3438 3206 3501 3261 τδ
3551 3207 3774 3280 εἰρημέ-

515 3302 881 3359 substantiam
902 3301 1282 3358 substantialis
1312 3299 1477 3355 homo
1501 3298 1726 3363 dicitur,
1754 3298 1910 3366 juxta
1937 3294 2083 3367 quod

2203 3315 2279 3352 θον
2297 3314 2310 3330 ο
2348 3298 2444 3352 Ἑν
2459 3297 2506 3363 ᾧ
2527 3298 2793 3353 κατοικεῖ
2804 3297 2927 3355 πᾶν
2951 3298 3063 3367 τῆς
3091 3303 3369 3368 θεότητος
3388 3300 3454 3354 τὸ
3484 3298 3774 3371 πλήρωμα

514 3394 725 3452 dictum
756 3402 842 3451 est
873 3409 888 3447 :
924 3392 992 3448 In
1015 3411 1115 3465 quo
1138 3391 1455 3447 inhabitavit
1500 3390 1671 3446 omnis
1707 3388 1981 3459 plenitudo
2005 3387 2091 3440 di-

511 3488 751 3543 vinitatis
784 3486 1130 3556 corporaliter
1150 3484 1170 3525 ι
1183 3526 1196 3540 .
1239 3482 1480 3542 Observa
1511 3483 1711 3553 iautem
1756 3488 1934 3537 totum
1983 3480 2093 3550 epi-

515 3578 672 3635 stolae
725 3584 1061 3643 contextum,
1095 3575 1355 3647 quoniam
1386 3583 1472 3630 est
1512 3570 1703 3629 conti-a
1732 3588 1949 3629 omnem
1979 3573 2091 3628 hae-

512 3670 702 3736 resim,
731 3678 842 3723 tam
869 3668 1151 3739 antiquam
1178 3681 1342 3737 quam
1373 3680 1593 3720 novam.

586 3759 702 3817 Nos
725 3770 901 3816 autem
930 3759 1136 3817 Iesum.
1163 3758 1285 3814 Non
1313 3773 1410 3829 per
1437 3757 1855 3822 humanitatem,
1886 3756 2085 3827 inquit,

511 3854 717 3911 Christi
753 3855 934 3925 ipsum
974 3852 1288 3919 deﬁnimus,
1336 3852 1454 3908 sive
1490 3866 1661 3921 supra
1699 3850 1977 3907 hominem
2004 3849 2090 3905 di-

511 3949 710 4010 cimus.
753 3947 913 4019 quasi
960 3946 1268 4018 prodigium
1311 3946 1417 4000 hoc
1463 3944 1770 4001 secundum
1814 3944 2088 4001 rationem

396 4069 402 4077 σ
512 4042 835 4099 substantia:
865 4041 1172 4097 communis
1200 4048 1413 4096 natura:
1432 4040 1815 4108 deﬁniremus;
1841 4038 1937 4096 sed
1972 4054 2089 4093 ma-

511 4136 712 4191 nifeste
752 4136 1053 4191 secundum
1104 4134 1373 4189 rationem
1412 4133 1745 4189 divinitatis.
1785 4132 1924 4187 Nam
1964 4132 2090 4188 sub-

504 4231 735 4301 junxit:
766 4228 954 4299 Neque
1005 4230 1153 4285 enim
1200 4230 1364 4285 homo
1399 4237 1634 4293 tantum,
1684 4242 1875 4283 verum
1922 4226 2088 4281 etiam

511 4322 680 4378 Deus.
715 4320 853 4387 Etsi,
886 4321 1089 4392 inquit,
1117 4329 1288 4378 totam
1334 4320 1575 4377 hominis
1606 4318 1975 4376 substantiam
1997 4332 2088 4373 as-

505 4411 765 4480 sumpsit,
788 4409 934 4465 haud
963 4418 1147 4467 tamen
1179 4427 1497 4483 separamus
1527 4411 1707 4482 ipsum
1733 4408 2083 4476 adivinitate;

503 4503 771 4573 quoniam
802 4504 1084 4574 subiungit
1107 4520 1121 4555 :
1144 4502 1263 4559 Non
1297 4504 1443 4559 enim
1472 4503 1638 4558 homo
1654 4512 1863 4558 tantum
1887 4518 1902 4567 ;
1930 4498 2087 4554 dein-

2190 3390 2553 3459 σωματικῶς.
2580 3391 2767 3445 Πᾶσαν
2804 3390 2861 3443 δὲ
2906 3389 3047 3457 λέξιν
3080 3391 3179 3463 τῆς
3211 3391 3501 3463 ἐπιπολῆς
3533 3394 3771 3465 σημείω-

2193 3498 2316 3535 σαι·
2349 3481 2467 3535 ἔστι
2494 3481 2605 3555 γὰρ
2639 3482 2780 3538 κατὰ
2834 3482 3017 3556 πάσης
3060 3483 3344 3556 αἱρέσεως,
3397 3485 3772 3558 πρεσϐυτέρας

2188 3588 2249 3627 τε
2277 3575 2369 3629 καὶ
2391 3576 2677 3650 νεωτέρας.

2270 3757 2460 3827 Ἡμεῖς
2485 3757 2554 3812 δὲ
2581 3758 2687 3813 τὸν
2718 3759 2981 3830 Ἰησοῦν.
3046 3762 3123 3817 Οὐ
3156 3761 3245 3816 διὰ
3291 3761 3354 3817 τὸ
3412 3761 3770 3835 ἀνθρώπινον,

2190 3849 2344 3920 φησὶ,
2374 3850 2468 3903 τοῦ
2517 3852 2754 3923 Χριστοῦ
2801 3854 2964 3908 αὐτὸν
3012 3853 3361 3927 ἀφορίζομεν,
3418 3856 3587 3926 ἤγουν
3636 3855 3772 3926 ὑπὲρ

2189 3940 2476 4013 ἄνθρωπον
2507 3941 2758 4015 λέγομεν,
2788 3945 2865 4009 ὡς
2887 3945 3033 4011 ξένον
3061 3946 3221 4000 τοῦτο
3252 3946 3391 4000 κατά
3421 3947 3514 4000 τὸν
3555 3947 3655 4018 τῆς
3680 3947 3767 3998 οὑ-

2191 4031 2312 4095 σίας
2339 4031 2502 4101 λόγον
2523 4033 2618 4086 τοῦ
2653 4034 2834 4088 κοινοῦ
2862 4036 2962 4107 τῆς
3008 4035 3223 4106 φύσεως
3267 4037 3601 4109 ὁριζόμενοι,
3640 4037 3769 4091 ἀλλά

2190 4124 2472 4197 προδήλως
2517 4126 2658 4180 κατά
2707 4126 2801 4181 τὸν
2832 4128 2931 4200 τῆς
2963 4128 3216 4200 θεότητος
3264 4128 3444 4199 λόγον.
3494 4131 3767 4202 Ἐπήγαγε

2187 4217 2327 4288 γάρ’
2365 4217 2497 4269 Οὐδὲ
2532 4216 2649 4289 γάρι
2671 4217 2955 4290 ἄνθρωπος
2991 4220 3170 4290 μόνος,
3205 4217 3340 4273 ἀλλά
3390 4218 3487 4273 καὶ
3520 4219 3674 4283 Θεός.
3708 4219 3768 4271 Εἰ

2189 4308 2283 4362 καὶ
2329 4308 2459 4381 ὅλην
2489 4310 2677 4364 οὐσίαν
2724 4308 3011 4382 ἀνθρώπου
3046 4310 3298 4376 ἀνέλαϐε,
3334 4311 3525 4382 φησιν,
3560 4310 3677 4365 ἀλλ’
3705 4310 3762 4362 οὐ

2185 4398 2499 4472 διαιροῦμεν
2530 4401 2693 4455 αὑτὸν
2724 4402 2831 4455 ἀπὸ
2861 4401 2961 4472 τῆς
2994 4401 3245 4471 θεότητος
3264 4420 3283 4432 ν
3315 4402 3515 4471 ἐπάγει
3547 4402 3764 4474 γάρύῠ

2186 4490 2294 4563 γὰρ
2326 4491 2611 4563 ἄνθρωπος
2647 4494 2837 4563 μόνον·
2873 4489 3013 4556 εἶτα,
3047 4493 3208 4547 τοῦτο
3248 4492 3441 4560 εἰπὼν,
3477 4495 3756 4567 ἐπιφέρει,

504 4594 580 4650 sle
603 4608 727 4649 cum
756 4594 861 4650 hoc
890 4594 1051 4660 dixit,
1074 4594 1282 4651 infert:
1311 4594 1499 4666 Neque
1529 4590 2080 4665 suprasubstantialis

2203 4582 2318 4636 )ὺδὲ
2350 4582 2669 4655 ὑπερούσιος
2695 4584 2876 4654 μόνον,
2911 4584 3041 4638 καθ’
3064 4584 3094 4637 ὃ
3125 4584 3218 4637 καὶ
3248 4584 3557 4656 ἄνθρωπος.

504 4684 709 4751 solum,
739 4692 1008 4755 quatenus
1033 4687 1195 4741 etiam
1230 4687 1415 4741 homo.

582 4774 759 4845 Supra
784 4776 1039 4834 homines.
1074 4777 1251 4849 Supra
1291 4779 1540 4835 homines
1581 4778 1825 4850 quidem,
1855 4779 1985 4850 quia
2012 4794 2080 4835 ex

509 4865 767 4939 Virgine;
797 4870 1098 4925 secundum
1138 4871 1388 4928 homines
1416 4885 1569 4939 vero,
1607 4878 1833 4943 propter
1860 4880 2080 4944 tempus

507 4961 566 5015 in
596 4970 780 5026 utero,
820 4977 1014 5032 nempe
1056 4965 1356 5019 secundum
1395 4963 1771 5034 conceptionis
1816 4966 1961 5035 leges
1984 4979 2083 5020 ex-

508 5055 738 5130 pletum.
778 5054 858 5111 Ex
891 5056 1130 5111 humana
1165 5073 1296 5113 vero
1333 5058 1663 5122 substantia,
1706 5059 1987 5130 quoniam,
2022 5067 2083 5115 ut

506 5146 653 5202 idem
686 5155 912 5203 sanctus
954 5147 1116 5204 Pater
1144 5148 1378 5216 dicebat,
1415 5166 1483 5205 ex
1511 5151 1774 5223 virgineis
1806 5150 2082 5223 sanguini-

509 5239 614 5296 hus
648 5249 898 5296 sanctum
925 5241 1131 5297 Christi
1164 5258 1362 5314 corpus
1390 5246 1697 5300 constabat.

579 5326 755 5398 Supra
777 5328 1151 5395 substantiam,
1183 5333 1534 5389 substantiam
1564 5336 1868 5405 assumpsit.
1900 5335 2076 5392 Etiam

513 5429 636 5489 post
684 5421 1119 5480 incarnationem
1161 5426 1849 5495 suprasuhstantialitatem
1878 5429 2067 5500 appel-

620 5591 645 5621 ⁶
676 5579 800 5639 Mal.
833 5599 921 5653 ιιι,
952 5586 1002 5642 1.
1084 5584 1340 5642 εϐοὶοεε.
1377 5600 1440 5653 ιι,
1470 5584 1525 5641 9.

2272 4780 2439 4850 Ὑπὲρ
2487 4781 2852 4851 ἀνθρώπους.
2897 4782 3069 4854 ’Υπὲρ
3100 4781 3422 4855 ἀνθρώπους
3460 4788 3559 4856 μὲν
3590 4786 3675 4841 διὰ
3704 4786 3767 4839 τὸ

2189 4873 2255 4927 ὲκ
2287 4873 2554 4945 παρθένου
2574 4891 2588 4904 ·
2625 4876 2745 4927 κατ’
2779 4872 3099 4946 ἀνθρώπους
3131 4873 3188 4928 δὲ
3239 4874 3327 4928 διὰ
3357 4874 3455 4928 τὸν
3488 4880 3549 4930 ὲν
3587 4878 3766 4949 μήτρᾳ

2189 4965 2456 5037 χρόνον,ἦ
2487 4966 2562 5029 ὡς
2590 4967 2719 5031 τοὺς
2750 4968 2948 5039 νόμους
2978 4967 3079 5038 τῆς
3111 4969 3377 5040 κυήσεως.
3414 4968 3511 5022 Ἐκ
3542 4971 3643 5042 τῆς
3670 4971 3736 5022 ἀν

2191 5055 2426 5128 θρώπων
2456 5056 2514 5109 δὲ
2546 5056 2753 5121 οὐσίας,
2772 5059 2874 5125 ὅτι,
2894 5058 2970 5123 ὡς
3002 5059 3165 5123 αὐτὸς
3196 5061 3223 5112 ὁ
3247 5061 3400 5128 ἅγιος
3426 5060 3621 5133 Πατὴρ
3640 5061 3761 5129 ἔφη.

2187 5152 2255 5204 ὲκ
2285 5150 2394 5204 τῶν
2437 5150 2781 5223 παρθενικῶν
2823 5152 3070 5224 αἱμάτων
3114 5153 3179 5207 τὸ
3226 5153 3384 5223 ἅγιον
3428 5153 3594 5224 σῶμα
3640 5154 3765 5224 Χρι-

2185 5260 2333 5296 στου.
2422 5265 2425 5268 ’

2267 5336 2435 5406 Ὑπὲρ
2463 5337 2685 5407 οὐσίαν
2724 5338 3004 5408 οὐσιώθη.
3036 5339 3146 5394 Καὶ
3182 5337 3319 5411 μετά
3351 5337 3455 5415 τὴν
3486 5336 3761 5411 ἑνανθρὼι

2183 5445 2349 5500 πησιν
2400 5429 2831 5503 ὑπερου’σιότητα
2873 5432 3124 5503 ὠνόμασε
3167 5434 3268 5505 τὴν
3300 5432 3553 5505 θεότητα.
3590 5430 3662 5488 Τὸ
3702 5429 3761 5484 ὁὶ

1466 5750 1698 5808 ἾΛΙΠᾹΞ
1748 5751 2126 5810 LECTIONES
2162 5752 2249 5809 ET
2281 5750 2829 5811 CORRECTIONES.

577 5902 652 5987 Ἀ
645 5906 738 5987 τοῦ
778 5905 1072 5965 δωδεκάτου
1127 5914 1416 5981 προφήτου.

1465 5915 1561 5997 ’-ξ’
1601 5912 1925 5973 οὓσιωθέντα
1958 5914 2369 5981 προεληλυθέναι
2417 5913 2511 5970 τὸν
2542 5914 2791 5977 Χριστόν.
