3896 6596
205 483 311 545 533

1013 493 1016 501 ‘
1089 475 1148 533 S.
1186 475 1435 533 MAXIMI
1470 476 1743 536 SCHOLIA

1847 462 2051 537 inpr.
2088 477 2147 538 s.
2183 473 2502 536 morus".
3142 513 3186 561 ι.

3317 468 3422 535 838

199 595 405 666 ταύτης
454 590 775 664 ὑπερούσιον
817 588 886 644 τὸ
927 588 1258 661 ὑπερϐάλλον
1286 588 1388 660 τῆς
1433 588 1641 655 οὑσίας,
1675 606 1743 644 κα

1870 586 2003 642 lavit
2038 586 2401 645 divinitatem.
2441 587 2616 660 Hujus
2657 593 2839 646 autem
2883 586 3423 658 supersubstantiali-

201 684 418 754 σοφίας,
451 683 543 737 καὶ
573 684 870 754 δυνάμεως.

269 861 380 917 Kal
418 863 570 932 ὑπὲρ
611 863 938 931 ἄνθρωπον.
979 859 1288 934 Ἀνθρώπου
1324 858 1424 931 μὲν
1469 859 1533 914 τὸ
1565 863 1631 915 ὲκ
1659 875 1761 928 γυ-

193 956 382 1018 ναικός
399 973 414 986 ⁸
452 956 592 1027 ὑπὲρ
623 955 902 1028 ἄνθρωπον
939 955 1016 1019 δὲ,
1037 954 1098 1008 τὸ
1120 959 1184 1009 ὲκ
1205 953 1492 1026 παρθένου.
1517 951 1763 1025 Σημείω-

198 1067 288 1104 σαι
318 1051 397 1115 δὲ,
432 1051 514 1104 ὅτι
545 1049 727 1122 γήϊνον
769 1049 832 1101 τὸ
879 1048 1038 1120 σῶμα
1084 1050 1178 1104 τοῦ
1228 1049 1486 1124 Χριστοῦ,
1521 1049 1614 1105 καὶ
1643 1049 1763 1122 ούχὶ

194 1141 465 1212 οὐράνιον,
501 1140 575 1206 ὥς
605 1158 749 1206 τινες
781 1141 1035 1215 ᾠήθησαν
1052 1143 1117 1196 ⁸⁸.

267 1234 530 1302 Δύναμιν
568 1232 954 1303 ὑπεροχικῆς.
1001 1234 1131 1288 Ἰδοὺ
1167 1235 1258 1288 καὶ
1290 1228 1522 1288 ἐνταῦθα
1555 1233 1761 1302 ὑπεροι-

196 1324 380 1394 χικῶς
412 1322 532 1378 εἷπε
565 1325 701 1396 πρὸς
733 1326 1137 1399 ἀντιδιαστολὴν
1168 1327 1276 1380 τῶν
1321 1329 1462 1382 κατά
1511 1328 1794 1400 στέρησιν’

193 1417 638 1487 λαμὸανομένων.
675 1417 850 1483 Εὐθὺς
880 1419 938 1472 δὲ
971 1417 1058 1472 διὰ
1098 1417 1206 1471 τῶν
1252 1420 1602 1489 ἐπαγομένων
1634 1419 1766 1473 ἑαυε

189 1509 286 1563 τὸν
334 1511 712 1581 ὲφερμηνεύει.
763 1511 828 1565 Τί
873 1512 930 1565 δέ
977 1515 1093 1566 ὲστι
1161 1512 1486 1581 κατάφασις,
1538 1511 1765 1582 εἴπομεν

190 1602 306 1656 ἅνω
341 1605 396 1656 ὲν
427 1604 504 1674 τῷ
534 1604 675 1673 Περὶ
708 1605 1009 1674 μυστικῆς
1041 1604 1363 1675 θεολογίας,
1385 1604 1660 1677 κεφαλαίῳ
1691 1612 1761 1674 γ’.

183 1692 321 1782 Pd);
364 1693 421 1746 δὲ
471 1694 563 1747 ἐπὶ
605 1694 700 1748 τοῦ
739 1695 942 1766 Κυρίου
989 1695 1144 1766 ἡμῶν
1202 1694 1376 1766 Ἰησοῦ
1422 1693 1674 1766 Χριστοῦ
1707 1697 1763 1749 αἱ

188 1785 527 1852 καταφάσεις
545 1784 771 1857 δύναμιν
803 1786 983 1858 ἔχουσι
1017 1786 1385 1858 ὑπερεχούσης
1417 1787 1761 1857 ἀποφάσεως,

185 1871 257 1925 τὰ
307 1874 451 1928 κατά
493 1876 812 1947 ἀνθρώπους
858 1877 1148 1949 ἐξηγεῖται.
1186 1879 1247 1931 Εἰ
1279 1878 1388 1950 γὰρ
1421 1879 1766 1950 καταφάσκο-

1862 686 1947 736 tas
1985 687 2070 736 est
2112 680 2409 736 eminentia
2447 679 2767 740 substantia:
2810 687 2867 736 et
2897 679 3179 751 sapientia:
3221 694 3285 735 ac
3321 696 3424 752 po-

1861 772 2088 828 testatis.

1931 862 2001 918 Et
2030 879 2190 934 supra
2213 866 2496 920 hominem.
2526 865 2774 924 Hominis
2802 867 3043 939 quidem,
3077 865 3221 938 quod
3254 865 3325 921 sit
3353 880 3420 922 ex

1863 955 2129 1021 muliere;
2178 969 2344 1025 supra
2397 956 2673 1012 hominem
2712 972 2863 1020 vero,
2897 957 3041 1027 quod
3071 973 3139 1013 ex
3173 955 3417 1026 Virgine.

1873 1043 1999 1100 iota
2027 1047 2431 1102 autem-Christi
2463 1063 2661 1119 corpus
2683 1056 2959 1104 terrenum
2987 1049 3276 1114 exsistere,
3309 1063 3418 1104 non

1875 1138 2302 1204 mtem-caaleste,
2328 1149 2387 1194 ut
2407 1139 2629 1211 quidam
2666 1142 3104 1209 exsistimarunt.

1942 1225 2059 1288 Vim
2091 1227 2412 1284 excellentis.
2445 1228 2584 1284 Ecce
2605 1229 2769 1284 etiam
2792 1231 2882 1285 hic
2909 1231 3237 1291 excellenter
3257 1229 3418 1294 dixit,

1862 1316 1930 1371 ad
1968 1316 2325 1374 diil‘ereutiam
2364 1335 2553 1377 eorum
2605 1336 2726 1390 qua:
2785 1329 3079 1379 sumuntur
3119 1321 3419 1378 secundum

1861 1409 2244 1478 privationem.
2285 1409 2478 1464 Statim
2511 1419 2691 1466 autem
2721 1426 2817 1482 per
2836 1427 2899 1467 ea
2929 1427 3049 1483 qua:
3079 1413 3422 1484 subiungun-

1862 1504 1976 1562 tur,
2000 1499 2352 1570 semetipsum
2382 1502 2637 1572 explicat.
2663 1501 2803 1568 Quid
2829 1517 2993 1574 porro
3011 1503 3094 1559 .sit
3115 1502 3417 1568 afﬁrmatio,

1863 1589 2100 1645 diximus
2150 1605 2314 1661 supra
2358 1591 2433 1646 De
2482 1594 2704 1662 mystica
2737 1593 2994 1665 theologia
3027 1593 3205 1664 capite
3235 1595 3417 1650 tertio.

1866 1679 1971 1736 Sed
1997 1682 2352 1752 qnomodoin
2388 1683 2620 1738 Domino
2646 1691 2839 1740 nostro
2865 1683 2995 1740 Jesu
3025 1684 3247 1740 Christo
3279 1683 3422 1737 amr-

1863 1772 2129 1827 mationes
2159 1771 2268 1826 vim
2315 1772 2548 1828 habeant
2594 1775 2913 1831 excellentis
2964 1775 3297 1846 negationis,
3335 1791 3422 1829 res

1862 1860 2113 1917 humanae
2149 1862 2446 1919 declarant.
2501 1863 2614 1921 Etsi
2671 1866 2816 1921 enim
2859 1865 3143 1927 Christum
3191 1865 3422 1919 amrmc-

187 1982 290 2035 μεν
324 1966 581 2036 Χριστοῦ,
613 1968 862 2037 λέγοντες
892 1968 1174 2041 ἄνθρωπον
1207 1964 1364 2033 εἶναι,
1399 1970 1490 2023 καὶ
1523 1973 1587 2025 ὲκ
1619 1988 1743 2043 παρ-

1858 1969 2002 2018 ums,
2036 1953 2166 2010 dum
2201 1970 2323 2010 esse
2365 1956 2642 2011 hominem
2681 1957 2948 2022 dicimus,
2993 1967 3046 2013 et
3086 1975 3154 2013 ex
3202 1956 3422 2028 Virgine

183 2056 342 2110 θένου
379 2058 583 2130 μητρὸς
615 2061 733 2113 κατ’
764 2059 950 2114 οὑσίαν
981 2060 1158 2135 ἡμῶν,
1193 2060 1326 2114 ἀλλά
1372 2063 1757 2135 κεκρυμμένην

181 2143 300 2216 ἔχει
348 2146 440 2199 καὶ
487 2147 626 2219 ὑπὲρ
674 2148 800 2204 νοῦν
846 2151 946 2222 τὴν
1138 2129 1487 2221 ἀποφάσεως-
1508 2129 1752 2224 δύναμιν.

193 2237 345 2308 Ἑρεί
374 2237 487 2310 γὰρ.
513 2241 542 2292 ὁ
574 2239 805 2306 ἀκούων,
840 2242 939 2294 οὑκ
971 2241 1273 2314 ἄνθρωπος,
1309 2243 1494 2316 ἐπειδὴ
1526 2247 1591 2298 ὲκ
1623 2263 1756 2318 παρ-

180 2325 360 2392 θένου,
410 2329 526 2381 ἀλλ’
560 2330 702 2402 ὑπὲρ
751 2331 1055 2404 ἄνθρωπον,
1092 2335 1140 2387 εί
1191 2335 1284 2388 καὶ
1329 2334 1471 2392 κατά
1517 2335 1587 2390 τὰ
1617 2337 1755 2392 ἄλλα

176 2417 487 2490 ἄνθρωπος.
535 2420 838 2492 Ἐξηγεῖται
870 2424 928 2477 δὲ
961 2425 1054 2478 καὶ
1086 2426 1265 2492 τοῦτο,
1301 2429 1542 2498 φάσκων,
1577 2430 1659 2488 ᾰτι
1690 2429 1753 2484 τὸ

175 2509 358 2578 λέγειν
407 2513 566 2569 αὑτὸν
615 2515 897 2587 ἄνθρωπον
943 2520 1347 2588 καταφατικῶς,
1379 2521 1537 2575 τοῦτο
1581 2522 1746 2595 δηλοῖ,

174 2605 280 2658 οὐκ
310 2600 449 2660 εἶναι
494 2606 776 2679 ἄνθρωπον
825 2609 1197 2679 ἀποφατικῶς,
1231 2612 1344 2666 ἀλλ’
1379 2614 1518 2686 ὑπὲρ
1549 2613 1753 2687 ἀνθρω-

175 2714 308 2763 των,
334 2697 573 2770 δηλονότι
601 2700 688 2754 διά
719 2700 788 2754 τὰ
824 2706 1022 2774 σημεῖα
1038 2704 1108 2760 τά
1127 2707 1390 2779 γενόμενα
1411 2707 1539 2780 παρ’
1559 2708 1743 2764 αὑτοῦ.

235 2885 338 2939 Οὐ·
361 2883 512 2938 κατὰ
557 2884 704 2938 Θεὸν
735 2885 806 2939 τὰ
836 2886 960 2942 θεῖα
1000 2885 1248 2956 δράσας.
1284 2889 1359 2942 Ού
1412 2889 1554 2944 κατά
1612 2889 1745 2944 Θεὸν

66 2995 80 3009 ι
175 2971 275 3043 μιν
308 2973 501 3044 δρᾶσαι
531 2973 601 3027 τὰ
631 2973 750 3030 θεῖα
780 2975 925 3045 λέγει
956 2976 1046 3030 τὸν
1077 2977 1332 3048 Χριστὸν,
1352 2979 1431 3032 ὅτι
1455 2978 1592 3050 μετά
1624 2998 1748 3054 σαρ-

171 3063 270 3128 κὸς
304 3065 398 3118 καὶ
430 3067 492 3119 οὑ
525 3071 704 3140 γυμνῇ
737 3073 802 3141 τῇ
837 3070 1047 3141 θεότητι
1066 3088 1078 3100 ·
1098 3072 1240 3143 ὅμως
1257 3072 1300 3125 δ’
1326 3068 1418 3127 οῦν
1444 3073 1588 3128 θεῖα·
1621 3074 1742 3128 οὔτε

165 3154 240 3208 τὰ
272 3155 587 3228 ἀνθρώπινα
617 3163 736 3214 κατ’
769 3161 1079 3235 ἀνθρωπονε
1113 3164 1170 3216 ὲν
1203 3163 1419 3238 ἐξουσίᾳ
1439 3165 1547 3238 γὰρ
1567 3165 1740 3239 θεῖκῇ,

163 3247 258 3300 ὅτε
309 3247 589 3314 ἐϐούλετο,
623 3251 798 3316 διδοὺς
859 3254 1049 3325 καιρὸν
1108 3258 1174 3327 τῇ
1228 3259 1390 3328 σαρκὶ
1432 3255 1500 3310 τὰ
1545 3257 1742 3328 ἑαυτῆς

1855 2055 2029 2102 matre
2074 2046 2375 2106 secundum
2414 2047 2779 2106 substantiam
2813 2058 3081 2116 nostram,
3109 2057 3290 2104 tamen
3328 2064 3422 2106 oc-

1853 2137 2054 2193 cultam
2085 2153 2302 2209 quoque
2334 2138 2516 2204 habet,
2553 2141 2717 2216 301
2743 2155 2973 2219 eamque
3018 2150 3206 2200 mente
3246 2139 3422 2200 Subli-

1853 2230 2077 2284 miorem
2115 2229 2419 2302 negationis
2446 2232 2576 2286 vim.
2610 2231 2872 2302 Quisquis
2909 2232 3055 2288 enim
3096 2233 3200 2287 hoc
3242 2231 3417 2295 audit,

1852 2318 2016 2398 dicet,
2046 2319 2222 2390 ipsum
2254 2337 2363 2379 non
2395 2322 2697 2391 simplicem
2725 2337 2845 2378 esse
2866 2323 3165 2388 hominem,
3197 2338 3320 2377 cum
3353 2338 3418 2377 ex

1856 2408 2073 2482 Virgine
2101 2419 2262 2467 natus
2295 2412 2386 2477 sit,
2413 2413 2505 2466 sed
2532 2413 2751 2468 homine
2775 2413 3172 2478 sublimiorem,
3201 2413 3416 2468 etiamsi

1850 2509 2045 2557 caetera
2094 2504 2166 2558 sit
2219 2504 2402 2559 homo.
2460 2503 2708 2575 Explicat
2752 2512 2933 2560 autem
2985 2503 3110 2570 hoc,
3145 2519 3270 2558 eum
3315 2504 3413 2567 ait,

1847 2593 1994 2664 quod
2025 2594 2205 2666 ipsum
2230 2595 2415 2651 dicere
2441 2595 2718 2652 hominem
2761 2595 3106 2661 afﬁrmative,
3149 2595 3419 2668 signiﬁcet

1846 2686 2028 2757 ipsum
2067 2702 2176 2742 non
2213 2703 2336 2744 esse
2366 2689 2641 2744 hominem
2674 2688 2945 2760 negative.
2980 2687 3076 2743 sed
3119 2701 3288 2766 supra
3316 2687 3418 2743 ho~

1845 2785 2067 2848 minem,
2104 2797 2297 2853 nempe
2319 2791 2539 2853 propter
2563 2783 2715 2854 signa
2746 2797 2866 2852 qua:
2897 2781 2966 2836 ab
2999 2781 3118 2851 ipso
3140 2781 3359 2835 ﬁebant.

1916 2870 2039 2926 Non
2101 2889 2207 2944 qua
2265 2872 2406 2928 Deus
2457 2873 2638 2928 divina
2696 2873 2964 2943 palrabat.
3034 2872 3179 2927 Dicit
3232 2881 3417 2928 autem

1843 2961 2121 3019 Christum
2151 2980 2262 3020 non
2291 2981 2399 3036 qua
2431 2965 2599 3022 Deum
2629 2966 2812 3020 divina
2842 2965 3121 3035 perlicere,
3138 2964 3265 3035 quia
3289 2979 3416 3019 cum

1843 3068 2026 3118 carne,
2055 3064 2109 3110 et
2144 3071 2254 3110 non
2302 3057 2418 3112 sola
2465 3056 2769 3112 divinitate.
2811 3055 3277 3123 Quemadmodum
3309 3056 3415 3127 igit-

1842 3157 1932 3203 tur
1966 3148 2173 3213 divina,
2205 3149 2287 3205 sic
2336 3161 2438 3204 ne‘c
2483 3149 2722 3204 humana
2777 3147 3075 3203 secundum
3117 3148 3413 3212 hominem,

1844 3239 2100 3312 quoniam
2131 3241 2187 3295 in
2219 3248 2486 3312 potestate
2513 3239 2719 3304 divina,
2739 3239 2958 3310 quando
2979 3239 3212 3304 volebat,
3234 3239 3414 3295 dando

165 3338 433 3409 ἐνεργείνο
466 3341 614 3412 ὅμως
643 3341 688 3394 δ’
719 3338 814 3397 οὖν
857 3324 1188 3415 ἀνθρώπινα..
1223 3324 1383 3400 Τδδὲ
1414 3324 1741 3416 ἀνδρωθέκ-

1847 3341 2054 3403 tempus
2097 3332 2250 3389 carni
2299 3333 2518 3403 propria
2568 3332 2832 3402 operandi
2876 3331 3039 3386 simul
3067 3340 3120 3386 et
3144 3331 3411 3399 humana;

165 3446 271 3496 τος
317 3431 468 3502 δηλοί
510 3433 570 3486 τὸ
620 3434 1209 3503 ἐνανθρωπήσαντος.
1259 3437 1324 3490 Ἠ
1367 3437 1425 3492 δὲ
1457 3436 1743 3511 θεανδρικὴ

163 3521 420 3596 ἐνέργεια
453 3525 705 3596 σημαίνει
738 3527 887 3581 θείαν
919 3527 1014 3582 καὶ
1047 3528 1415 3601 ἀνθρωπίνην.
1450 3530 1603 3585 Οὕτω
1634 3533 1742 3604 γὰρ

160 3613 331 3683 ἡμῖν,
372 3614 539 3684 ἡγουν
585 3615 653 3668 δι’
700 3618 865 3689 ἡμᾶς,
901 3617 993 3670 ἐπὶ
1025 3618 1130 3689 γῆς
1161 3618 1386 3690 δηλαδὴ,
1421 3621 1740 3678 πεπολιτευ-

162 3703 350 3774 μένος,
373 3705 614 3778 ἔδρασεν,
639 3708 715 3772 ὼς
747 3708 1052 3780 πρόκειται,
1076 3710 1144 3764 τὰ
1170 3711 1286 3765 θεῖα
1310 3712 1403 3766 καὶ
1434 3712 1503 3767 τά
1534 3713 1740 3786 ἀνθρώ-

159 3811 316 3848 πινα.
352 3787 663 3866 Σημείωσαι
697 3796 753 3850 δὲ
798 3797 897 3869 τὴν
931 3799 1184 3870 ὑπερφυῆ
1218 3799 1310 3854 καὶ
1343 3801 1614 3873 ἄφραστον
1644 3802 1738 3860 τοῦ

157 3886 377 3958 Κυρίου
423 3887 635 3953 ἕνωσιν,
670 3890 751 3944 ὅτι
782 3891 842 3943 ού
877 3891 1019 3945 κατά
1059 3892 1190 3946 Θεὸν
1231 3892 1300 3946 τὰ
1332 3893 1450 3949 θεῖα
1493 3895 1734 3966 ἔδρασεν,

159 3972 255 4048 (ἦν
286 3977 399 4050 τάρ
429 3979 733 4053 ἄνθρωπος)
767 3982 892 4036 οὔτε
925 3984 1065 4038 κατά
1097 3985 1379 4057 ἄνθρωπον
1410 3985 1480 4041 τά
1525 3987 1736 4059 ἀνθρὼ-

157 4085 296 4123 πινα
331 4065 420 4141 (ἦν
465 4069 574 4141 γὰρ
620 4072 712 4126 καὶ
745 4073 917 4145 Θεός).
955 4075 1115 4128 Ὅθεν
1179 4075 1505 4147 θαυμαστῶς
1535 4079 1564 4132 ὁ
1597 4077 1735 4143 θεῖος

155 4159 459 4230 Γρηγόριος
489 4155 530 4213 ’ὁ
575 4161 820 4232 θεολόγος
866 4167 1031 4237 φησὶ,
1086 4167 1428 4238 κιρναμένων
1483 4169 1732 4241 ὣσπερδν

152 4249 267 4303 τῶν
311 4249 547 4318 φύσεων,
582 4252 722 4306 οὑτω
764 4254 827 4327 δὴ
872 4255 966 4310 καὶ
1005 4255 1112 4309 τῶν
1163 4256 1407 4329 κλήσεων
1440 4260 1533 4312 καὶ
1579 4279 1735 4335 περι-

155 4337 452 4411 χωρουσῶν
484 4342 565 4404 είς
595 4341 827 4412 ἀλλήλας
857 4343 936 4414 τῷ
967 4343 1106 4416 λόγῳ
1153 4346 1255 4416 τῆς
1289 4349 1582 4418 συμφυΐας.
1608 4335 1732 4416 Πῶς

155 4427 211 4484 δὲ
270 4429 334 4482 ού
395 4431 543 4486 κατὰ.
583 4431 714 4486 Θεὸν
768 4433 844 4490 τά,
886 4435 1004 4490 θεῖα
1045 4435 1182 4508 ἔργα
1241 4437 1505 4511 πεποίηκε
1526 4479 1541 4504 ,
1583 4441 1734 4503 δηλοῖ

151 4517 212 4571 τὸ
260 4520 595 4590 σωματικῶς
639 4522 795 4576 ποσὶν
841 4524 932 4577 ἐπὶ
981 4524 1256 4600 θαλάσσης
1301 4528 1550 4598 βαδίσαιο
1594 4527 1728 4586 Θεοῦ

156 4608 254 4678 μὲν
288 4608 400 4679 γὰρ
430 4610 490 4663 τδ
523 4611 858 4684 συμπιλῆσαι
890 4612 1032 4686 ὕδωρ
1056 4632 1070 4646 ·
1105 4616 1164 4669 οὐ
1198 4617 1331 4671 Θεοῦ
1363 4618 1419 4671 δὲ
1455 4619 1514 4674 τὸ
1547 4637 1730 4692 σαρκι-

151 4703 270 4764 κοῖς
309 4700 438 4755 ποσὶ
471 4704 858 4776 περιπατῆσαι.
895 4706 1036 4762 υύδὲ,
1079 4706 1335 4779 θεότητος,
1361 4711 1519 4786 ’σὰρξ
1549 4714 1728 4771 ποδῶν

151 4790 244 4844 καὶ
289 4791 444 4845 ὀστᾶ.
481 4793 613 4847 Θεοῦ
663 4796 824 4849 πάλιν
871 4795 1137 4868 παρθένον
1180 4799 1240 4853 τὸ
1273 4800 1423 4856 κύειν
1465 4805 1724 4876 ποιῆσαν

150 4882 264 4936 ἀλλ’
311 4883 375 4936 οὑ
417 4883 666 4956 θεότητος
695 4887 756 4940 τὸ
786 4888 1265 4959 διαμεμορφῶσθαι
1308 4894 1426 4964 ὄψει
1473 4895 1567 4951 καὶ
1615 4900 1729 4963 τοῖς

149 4972 357 5039 λοιποῖς
389 4975 744 5048 ἀνθρωπίνοις
778 4978 1010 5049 μέλεσιν.
1047 4980 1201 5035 Οῦτω
1233 4982 1324 5036 καὶ
1358 4986 1421 5038 ἐκ
1445 4985 1540 5039 τοῦ
1573 4987 1727 5042 ἐναν-

148 5065 264 5118 τίου
297 5069 369 5119 τὰ
402 5067 541 5121 αὑτά
561 5083 576 5099 ’
611 5068 671 5121 οὑ
702 5068 813 5141 γὰρ
843 5070 985 5124 κατά
1015 5071 1295 5143 ἄνθρωπον
1326 5073 1399 5127 τὰ·
1425 5075 1724 5150 ἀνθρώπων

149 5157 408 5229 ἐποίησεν
430 5175 443 5188 ³
471 5158 756 5232 ἄνθρωπος
808 5163 906 5232 μὲν
936 5161 1045 5234 γὰρ
1083 5159 1152 5234 ἦν
1196 5164 1260 5218 ὲκ
1291 5165 1388 5235 τῆς
1421 5166 1718 5238 Παρθένου,

147 5249 260 5302 ἀλλ’
293 5249 357 5302 οὑ
392 5250 535 5303 κατά
566 5251 846 5322 ἄνθρωπον
883 5253 1072 5306 τοῦτο·
1109 5257 1258 5319 ποῖος
1289 5255 1396 5327 γὰρ
1437 5258 1719 5332 ἄνθρωπος

147 5339 210 5393 ἐκ
231 5340 538 5412 παρθένου;
563 5342 730 5395 Πάλιν
759 5344 819 5396 τὸ
852 5346 978 5398 ποσὶ
1011 5345 1241 5416 βαδίζειν
1261 5348 1542 5420 ἀνθρώπου
1565 5354 1681 5408 ἐστί
1697 5372 1712 5385 ο

145 5431 204 5485 τὸ
222 5432 282 5497 δὲ
313 5432 407 5484 ἐπὶ
434 5431 645 5498 ὕδατος,
669 5435 770 5489 οὐκ
800 5435 1086 5508 ἀνθρώπου
1106 5455 1120 5470 ·
1137 5441 1288 5505 ποῖος
1307 5439 1414 5514 γὰρ
1434 5443 1530 5498 ἀνθ
1539 5461 1718 5515 ρωπος

144 5521 300 5578 τοῦτο
325 5523 626 5595 πεποίηκες

1841 3423 1974 3478 illud
2002 3432 2184 3479 autem
2217 3425 2294 3478 vir
2323 3424 2518 3494 factus,
2554 3424 2695 3479 idem
2734 3423 3026 3494 signiﬁcat,
3053 3422 3198 3492 quod
3230 3421 3417 3476 incar-

1840 3521 2021 3571 natus.
2053 3513 2325 3572 Deivirilis
2371 3523 2550 3570 autem
2593 3515 2837 3586 operatio
2876 3513 3127 3585 designat
3174 3514 3414 3570 divinam

1840 3607 2001 3662 simul
2035 3614 2089 3663 et
2121 3606 2436 3676 humanam.
2485 3606 2577 3662 Sic
2624 3607 2771 3662 enim
2817 3605 2998 3671 nobis,
3025 3607 3140 3662 sive
3188 3611 3414 3676 propter

1837 3713 1960 3766 nos,
1985 3698 2040 3753 in
2070 3709 2212 3754 terra
2243 3699 2522 3765 nimirum,
2548 3709 2925 3764 conversatus,
2953 3699 3031 3752 uti
3070 3697 3410 3769 propositum

1836 3795 1944 3852 est,
1966 3789 2151 3844 divina
2178 3797 2234 3845 et
2266 3789 2502 3844 humana
2531 3791 2720 3860 gessit.
2751 3788 2986 3845 Adverte
3016 3795 3199 3844 autem
3230 3787 3410 3844 admi-

1835 3879 2062 3935 rabilem
2103 3890 2157 3936 et
2187 3879 2622 3951 inexplicabilem
2674 3881 2890 3936 Domini
2936 3882 3227 3949 unionem;
3263 3896 3408 3952 qu")-

1834 3972 1982 4026 niam
2011 3986 2122 4026 non
2161 3979 2221 4024 ut
2261 3972 2406 4027 Deus
2447 3972 2630 4026 divina
2661 3972 2830 4042 gessit
2861 3974 2999 4044 (erat
3021 3973 3166 4027 enim
3196 3971 3408 4044 homo),

1833 4076 1935 4118 nec
1967 4068 2027 4118 ut
2056 4062 2218 4117 homo
2246 4062 2484 4116 humana
2506 4061 2647 4135 (erat
2671 4064 2815 4118 enim
2838 4061 3023 4134 Deus).
3054 4061 3208 4117 Unde
3235 4061 3406 4117 mira-

1832 4151 2016 4208 biliter
2052 4150 2212 4207 divus
2259 4149 2865 4222 GregoriusTheologus
2895 4151 2992 4214 ait,
3025 4150 3240 4212 naturis
3277 4166 3427 4220 quo-.

1832 4243 2122 4299 dammodo
2146 4243 2440 4314 permistis,
2457 4242 2930 4298 denominationes
2952 4255 3170 4313 quoque
3185 4250 3406 4313 propter

1828 4341 2049 4390 mutuas
2076 4333 2624 4390 circuminsessiones
2663 4340 2923 4404 cognatas
2949 4349 3072 4390 esse
3103 4334 3222 4404 (seu
3253 4347 3406 4388 com-

1829 4424 2068 4497 munes).
2117 4424 2402 4492 Quomodo
2444 4440 2576 4480 vero
2604 4439 2715 4480 non
2759 4433 2824 4479 ut-
2849 4424 2992 4480 Deus
3023 4425 3207 4479 divina
3236 4439 3403 4495 opera

1827 4517 2078 4588 patrarit,
2119 4517 2361 4573 declarat
2389 4518 2468 4582 id,
2500 4516 2647 4588 quod
2678 4517 2959 4588 corporeis
2987 4515 3215 4588 pedibus
3237 4532 3403 4588 supra

1829 4623 1977 4664 mare
2011 4609 2308 4664 ambularit
2341 4628 2356 4665 :
2389 4608 2485 4664 Dei
2514 4609 2661 4664 enim
2694 4614 2782 4664 est
2807 4623 3003 4680 aquam
3031 4607 3400 4675 consolidare,

1828 4716 1940 4756 non
1986 4699 2081 4757 Dei
2113 4708 2294 4757 autem
2323 4702 2604 4773 corporeis
2637 4702 2869 4774 pedibus
2893 4701 3192 4757 ambulare.
3212 4699 3404 4772 Neque

1825 4807 1955 4848 caro
1999 4793 2199 4865 pedum
2234 4801 2289 4850 et
2319 4808 2446 4851 ossa
2475 4794 2780 4850 divinitatis
2821 4801 2970 4850 sunt.
2995 4793 3236 4849 Rursum
3267 4793 3400 4850 item

1824 4885 1922 4942 Dei
1949 4894 2034 4942 est
2060 4886 2291 4952 ellicere,
2317 4896 2378 4942 ut
2408 4886 2576 4958 Virgo
2610 4888 2818 4959 pariat;
2858 4886 2996 4942 fac-ie
3029 4895 3208 4942 autem
3239 4895 3399 4942 cane-

1822 4977 2009 5049 risque
2059 4979 2324 5034 membris
2369 4980 2634 5035 humanis
2671 4979 2966 5046 eil'ormari,
3000 4995 3111 5034 non
3145 4986 3229 5035 est
3257 4977 3396 5032 divia

1823 5071 2032 5126 uitatis.
2062 5070 2155 5126 Sic
2197 5072 2363 5127 etiam
2403 5087 2434 5127 e
2464 5072 2682 5128 diverso
2713 5073 2954 5128 vicissim
2983 5073 3099 5126 haec
3124 5070 3311 5126 eadem
3335 5084 3396 5124 se

1824 5162 2054 5229 habent;
2087 5179 2198 5218 non
2242 5162 2388 5217 enim
2431 5177 2539 5233 qua
2572 5162 2735 5218 homo
2775 5163 2944 5234 gessit
2972 5177 3035 5219 ea
3069 5175 3189 5232 qua:
3216 5157 3398 5214 homi-

1823 5271 1954 5310 num
1981 5265 2131 5318 sunt,
2155 5255 2424 5326 siquidem
2452 5256 2616 5311 homo
2640 5264 2758 5311 erat
2787 5272 2854 5312 ex
2886 5254 3138 5326 Virgine;
3171 5251 3264 5309 sed
3288 5250 3393 5307 hoc

1823 5361 1937 5402 non
1984 5354 2070 5402 est
2121 5347 2419 5403 secundum
2478 5346 2720 5403 hominis
2771 5345 3158 5403 conditionem.
3202 5341 3392 5408 Qualis

1819 5439 1967 5496 enim
1993 5439 2155 5495 homo
2181 5447 2342 5496 natus
2365 5424 2432 5495 ei
2459 5438 2720 5511 Virgine?
2740 5438 2952 5495 Rursus
2984 5435 3214 5509 pedibus
3239 5434 3391 5491 ince-

1819 5531 1948 5587 dere
1977 5538 2063 5587 est
2091 5531 2358 5600 hominis;
2383 5538 2447 5585 at.
2481 5545 2649 5603 supra
2690 5546 2909 5601 aquam.
2935 5541 3043 5584 non
3084 5536 3167 5584 est
3209 5525 3389 5581 holmo

1818 5625 1941 5690 nis;
1973 5623 2150 5693 qualis
2177 5623 2322 5678 enim
2351 5624 2517 5680 homo
2544 5623 2650 5681 hoc
2684 5621 2850 5680 fecit?

1077 5832 1082 5838 ,
1192 5763 1421 5826 VARIE
1458 5769 1834 5832 LECTIONES
1865 5773 1952 5830 ET
1983 5773 2531 5833 CORRECTIONES.

242 5910 292 5946 δ’
325 5911 556 5983 ἔφασαν.
657 5916 700 5950 ⁸⁸
732 5917 892 5985 ὅλως.
