3886 6534
525 427 632 485 535

1279 420 1615 478 APPENDIX
1652 421 1742 476 AD
1776 421 2003 479 OPERA
2047 422 2106 481 S.
2141 420 2437 480 DIONYSII
2468 423 2945 484 AREOPAGITE.

3651 423 3756 482 556

599 538 802 594 Novam
829 535 1142 609 quamdam.
1179 534 1350 592 Nemo
1400 535 1456 590 in
1485 535 1881 607 stultiloquium
1909 551 2093 592 erum-

2263 533 2488 601 Καινήν
2530 552 2680 590 τινα.
2715 534 2940 608 Μηδεὶς,
2982 534 3062 598 εἰς
3125 533 3461 606 μωρολογίαν
3501 535 3753 607 τραπεὶς,

525 648 661 706 pens
682 633 824 688 dicat
853 633 1026 702 ipsum
1048 628 1335 684 Dominum
1360 625 1547 684 Jesum
1569 627 1882 700 θεανδρίτην
1903 627 2088 698 appel-

527 727 672 782 lasse
705 745 717 781 :
752 740 860 780 non
915 723 1060 779 enim
1109 721 1487 794 θεανδριτικήν
1523 737 1552 776 a
1586 721 1900 794 θεανδρίτης
1929 720 2088 776 effor-

467 857 473 866 .
527 817 747 880 mando,
776 815 870 872 sed
898 815 1219 888 θεανδρικήν
1252 830 1352 871 seu
1382 814 1685 871 deivirilem
1718 813 2087 884 Oper-stionem

527 910 682 972 dixit,
703 909 860 979 quasi
885 923 916 962 a
945 907 1054 965 Deo
1097 923 1163 964 ac
1191 910 1310 964 viro
1331 909 1710 980 compositam.
1744 906 1897 963 Unde
1926 906 2088 962 etiam

526 1000 694 1055 Deum
720 1008 877 1055 vocat
900 1001 1264 1073 ἀνδρωθέντα,
1292 1001 1345 1056 id
1368 1010 1453 1056 est
1473 999 1638 1056 Deum
1662 1001 1834 1054 virum
1865 998 2085 1052 factum.

525 1091 682 1147 Nunc
723 1100 904 1148 autem
930 1093 1094 1166 308
1115 1094 1264 1148 illam
1297 1094 1696 1150 miscellaneam
1723 1091 2089 1162 operationem

526 1183 698 1237 solam
734 1183 1037 1240 deivirilem
1068 1186 1394 1258 appellavit;
1424 1185 1690 1256 siquidem
1717 1191 1777 1238 ut
1801 1183 1942 1240 Deus
1964 1191 2087 1240 tan-

525 1281 641 1328 tum
669 1275 1277 1348 Operabatur,quando,
1302 1277 1522 1342 absens,
1549 1276 1896 1332 Centurionis
1919 1275 2088 1329 lilium

526 1369 786 1434 sanabat;
818 1368 874 1423 in
895 1377 1160 1440 quantum
1190 1383 1320 1424 vero
1345 1369 1505 1424 homo
1529 1374 1739 1422 tantum
1775 1367 1898 1438 (etsi
1925 1365 2089 1420 etiam

529 1457 672 1514 Deus
698 1459 837 1529 erat)
863 1459 1082 1531 quando
1104 1461 1421 1516 comedebat
1439 1467 1492 1514 et
1523 1459 1861 1516 tristabatur.
1893 1456 2091 1512 Mistim

528 1557 709 1605 autem
739 1550 1067 1620 operabatur
1091 1549 1370 1613 miracula,
1411 1550 1570 1606 caecis
1590 1549 1777 1605 oculos
1815 1546 2094 1602 illiniendo

527 1642 849 1706 restituens,
903 1641 1324 1699 haemorrhousae
1383 1642 1588 1697 ﬂuxum
1646 1642 1764 1698 solo
1811 1648 1962 1696 tactu
2019 1639 2094 1697 si-

531 1743 701 1793 ειθηε.

1013 1852 1081 1908 IN
1113 1847 1501 1907 EPISTOLAM
1543 1847 1608 1907 Ὺ.

606 1945 672 2001 In
711 1947 806 2002 hoc
851 1947 1079 2002 exsistit.
1111 1945 1193 2000 Ad
1246 1939 1651 2015 intelligendum
1685 1940 1739 1995 id
1780 1940 1924 2012 quod
1949 1939 2038 1994 hic
2065 1956 2096 1996 a

531 2034 693 2091 Patre
720 2036 924 2092 dictum
952 2044 1057 2100 est,
1091 2049 1244 2091 sume
1275 2034 1584 2103 exemplum
1618 2031 1686 2087 ab
1711 2031 1871 2086 oculo
1897 2043 2096 2101 corpo-

533 2129 630 2184 ris.
661 2127 816 2194 Quod
842 2129 986 2184 enim
1019 2129 1178 2184 ellicit
1208 2126 1456 2183 absentia
1496 2124 1742 2190 luminis,
1767 2123 1976 2180 scilicet
2004 2135 2098 2176 va-

531 2220 798 2276 cationem
821 2236 1016 2276 sensus
1041 2220 1346 2283 oculorum,
1367 2219 1470 2272 hoc
1495 2215 1656 2273 efficit
1691 2215 1974 2271 intendere
1997 2213 2099 2270 fixe

533 2312 702 2368 aciem
736 2313 1016 2369 oculorum
1039 2312 1301 2368 adversus
1335 2310 1466 2367 solis
1487 2309 1670 2365 radios
1711 2308 1955 2364 meridie.

1008 2510 1075 2564 lN
1116 2509 1501 2564 EPISTOLAM
1533 2507 1624 2562 Vl.

596 2602 743 2658 Fieri
793 2605 929 2659 enim
969 2613 1158 2674 potest.
1193 2602 1398 2666 Potest,
1427 2601 1622 2672 inquit,
1655 2598 1928 2671 quispiam
1969 2597 2098 2654 dum

531 2696 675 2752 inter
720 2697 892 2750 multa
924 2694 1272 2767 splendidum
1302 2691 1522 2764 aliquod
1566 2691 1911 2747 mendacium
1941 2705 2101 2746 coar-

531 2785 682 2858 guit,
726 2786 956 2857 ipsemet
998 2802 1031 2841 a
1071 2799 1203 2841 vero
1253 2785 1533 2851 aberrare,
1565 2782 1711 2854 quod
1763 2799 1932 2838 unum
1984 2789 2095 2846 est;

533 2880 693 2932 unica
714 2877 858 2934 enim
883 2878 1108 2942 veritas,
1131 2891 1331 2932 arcana
1351 2884 1535 2931 tamen
1558 2883 1780 2946 propter
1809 2873 2099 2946 mysticam

529 2969 842 3040 dogmatum
873 2969 1306 3041 intelligentiam,
1340 2968 1618 3037 multaque
1648 2967 1826 3022 adhuc
1855 2981 1978 3021 cum
2006 2963 2098 3019 Dei

527 3065 702 3140 gratia
746 3079 886 3136 opus
929 3064 1091 3120 habet
1130 3061 1513 3133 indagatione;
1564 3060 1729 3117 veluti
1785 3058 2094 3124 Nestorius,

2188 626 2392 696 λεγέτω
2432 629 2512 682 ὅτι
2562 627 2912 698 θεανδρίτην
2941 626 3033 682 τὸν
3064 625 3266 702 Κύριον
3311 626 3517 700 Ἰησοῦν
3552 643 3712 698 φησιν
3734 645 3752 660 ο

2187 719 2248 773 οὐ
2281 719 2388 790 γὰρ
2421 719 2829 788 θεανδριτικὴν
2871 713 3024 774 εἶπεν
3067 717 3173 771 άπὸ
3203 717 3296 772 τοῦ
3343 722 3376 773 ὁ
3409 717 3757 787 θεανδρίτης

2191 809 2550 882 σχηματίσας,
2593 809 2727 866 ἀλλὰ
2761 807 3118 878 θεανδρικὴν
3148 808 3446 880 ἐνέργειαν,
3479 803 3590 862 οἷον
3622 807 3756 862 Θεοῦ

2189 900 2283 955 καί
2334 898 2524 970 ἀνδρὸς
2587 898 3078 975 συμπεπλεγμένην
3123 899 3416 970 ἐνέργειαν.
3457 899 3620 952 Ὅθεν
3664 901 3759 954 καὶ

2187 990 2558 1059 ἀνδρωθέντα
2589 991 2720 1063 φησί
2744 990 2874 1043 Θεὸν
2907 990 3026 1044 ἀντὶ
3047 988 3162 1055 τοῦ,
3190 989 3318 1044 Θεὸν
3342 990 3512 1063 ἄνδρα
3545 991 3759 1060 γενόμε-

2190 1099 2300 1135 vov.
2318 1081 2432 1136 Νῦν
2465 1081 2522 1136 δὲ
2552 1083 2650 1155 τὴν
2687 1080 2881 1154 μικτὴν
2914 1080 3192 1152 ἐνέργειαν
3229 1080 3394 1155 μόνην
3439 1081 3758 1154 θεανδρικὴν

2192 1173 2472 1232 ἐκάλεσεν·
2536 1174 2804 1247 ἐνήργησε
2868 1173 2966 1246 μὲν
3016 1174 3124 1246 γὰρ
3169 1173 3245 1238 ὡς
3292 1173 3424 1238 Θεὸς
3459 1173 3639 1244 μόνον,
3673 1174 3758 1227 ὅτε

2192 1263 2346 1320 ἀπὼν
2375 1265 2465 1320 τὸν
2505 1264 2599 1321 τοῦ
2632 1265 3023 1340 ἑκατοντάρχου
3068 1264 3234 1322 παῖδα
3285 1263 3504 1320 ἰάσατο·
3541 1265 3620 1331 ὼς
3667 1266 3758 1319 άν-

2193 1357 2408 1430 θρωπος
2438 1357 2495 1412 δὲ
2529 1357 2708 1428 μόνον,
2742 1359 2790 1411 εἰ
2823 1358 2913 1411 καὶ
2945 1357 3078 1421 Θεὸς
3107 1352 3195 1430 ἦν,
3230 1359 3287 1410 ἐν
3317 1356 3394 1428 τῷ
3428 1355 3633 1412 ἐσθίειν
3671 1358 3760 1409 καὶ

2193 1447 2491 1505 λυπεῖσθαι.
2542 1449 2764 1514 Μικτῶς
2817 1449 2873 1503 δέ
2913 1450 3181 1522 ἐνήργησε
3228 1448 3296 1502 τὰ
3345 1447 3624 1520 θαύματα,
3669 1465 3759 1502 τυ-

2194 1542 2342 1610 φλοῖς
2373 1542 2679 1614 ὀφθαλμοὺς
2729 1541 2816 1596 διὰ
2863 1542 3094 1614 χρίσεως
3124 1541 3488 1614 δημιουργῶν,
3525 1541 3622 1597 καὶ
3667 1541 3761 1611 τῆς

2196 1633 2592 1709 αἱμορροούσης
2622 1637 2688 1706 τῇ
2709 1636 2820 1707 ἁφῇ
2857 1635 3155 1694 συστέλλων
3184 1634 3282 1706 τὴν
3316 1633 3490 1705 ῥύσιν.

2571 1837 2680 1891 ΕΙΣ
2714 1837 2858 1896 ΤΗΝ
2889 1836 3283 1894 ΕΠΙΣΤΟΛΗΝ
3315 1836 3392 1894 E'.

2283 1930 2383 1984 Ἐν
2429 1929 2614 1996 τούτῳ
2652 1931 2931 2000 γίγνεται.
2968 1929 3040 1983 Τὸ
3091 1928 3377 2002 εἰρημένον
3427 1927 3664 1988 ἐνταῦθα
3691 1927 3764 1997 τῷ
3841 1982 3849 1990 ,

2199 2019 2375 2092 Πατρὶ
2405 2017 2539 2078 λαϐέ
2589 2037 2680 2091 μοι
2714 2019 2821 2078 ἀπὸ
2845 2018 3239 2090 ὑποδείγματος
3259 2017 3353 2072 τοῦ
3376 2017 3519 2072 κατὰ
3550 2018 3642 2072 τὸν
3677 2035 3766 2073 σω-

2201 2111 2423 2182 ματικὸν
2454 2110 2752 2182 ὀφθαλμόν.
2791 2112 2965 2181 Ὅπερ
2994 2111 3102 2186 γάρ
3135 2112 3278 2164 ποιεῖ
3308 2109 3482 2182 φωτὸς
3514 2111 3764 2174 ἀπουσία,

2199 2203 2585 2278 ἀνενεργησίαν
2641 2203 2748 2258 τῶν
2795 2203 3031 2258 όπτικῶν
3077 2203 3358 2275 δυνάμεων
3405 2202 3764 2275 ἐργαζομένη,

2196 2297 2356 2351 τοῦτο
2407 2297 2500 2354 καὶ
2533 2299 2567 2368 ἡ
2601 2297 2737 2369 πρὸς
2768 2296 2915 2369 ἥλιον
2947 2299 3006 2354 ἐν
3041 2297 3356 2370 μεσημϐρίᾳ
3387 2295 3584 2368 ἀτενὴς
3637 2295 3765 2352 ἁπό-

2201 2390 2388 2461 6λεψις
2420 2391 2690 2450 ἀποτελεῖ.

2581 2506 2689 2560 ΕΙΣ
2720 2506 2864 2560 ΤΗΝ
2894 2505 3288 2560 ΕΠΙΣΤΟΔΗΝ
3313 2505 3402 2573 q'.

2269 2595 2534 2651 Δυνατὸν
2574 2596 2684 2667 γὰρ
2716 2597 2834 2651 καί.
2868 2594 3098 2650 Δύναται
3119 2637 3132 2661 ,
3168 2595 3321 2666 φησὶ,
3355 2595 3440 2658 τὶς
3474 2595 3534 2649 ἐν
3568 2592 3768 2657 music

2200 2689 2474 2760 προφανὲς
2522 2688 2714 2759 ψεῦδος
2765 2689 3022 2759 ἐλέγχων,
3058 2687 3218 2752 αὐτὸς
3261 2687 3655 2759 διαμαρτάνειν
3685 2688 3767 2740 τοῦ

2200 2779 2457 2850 ἀληθοῦς,
2513 2780 2648 2852 ὅπερ
2701 2780 2757 2835 ἒν
2809 2779 2956 2854 [οὐκ]
3018 2781 3170 2836 ἔστι·
3242 2781 3339 2853 μία
3378 2782 3488 2852 γάρ
3533 2785 3682 2835 ἐστιν
3739 2782 3767 2852 ἡ

2201 2871 2463 2943 ἀλήθεια,
2521 2872 2749 2946 κρύφιον
2793 2873 2849 2928 δέ
2895 2873 2985 2928 διά
3027 2877 3088 2930 τὸ
3139 2874 3396 2946 μυστικὸν
3428 2873 3538 2930 τῶν
3570 2875 3764 2947 δογμά-

2197 2980 2324 3027 των,
2359 2964 2454 3019 καὶ
2505 2965 2707 3036 πολλῆς
2755 2966 2982 3040 ἐρεύνης
3033 2968 3169 3038 μετὰ
3210 2969 3310 3039 τῆς
3343 2968 3496 3035 θείας
3528 2971 3769 3042 δεόμενον
3823 2983 3834 2988 ‘

2200 3055 2419 3128 χάριτος
2438 3073 2452 3086 ·
2467 3049 2580 3111 οἷον
2606 3057 2898 3131 Νεστόριος
2917 3059 2985 3112 τά
3013 3060 3221 3132 Ἀρείου
3242 3061 3338 3116 καὶ
3371 3062 3768 3135 Ἀπολλιναρίου

529 3156 660 3212 dum
712 3156 829 3210 Arii
878 3153 1308 3225 Apollinariique
1343 3153 1544 3224 placita
1586 3152 1863 3218 convellit,
1887 3152 1973 3208 vel
2004 3151 2096 3210 alii

2203 3146 2526 3220 διασείων,ἢ
2558 3147 2736 3223 ἕτεροι
2755 3150 2982 3204 τοιοῦτοι
3014 3153 3216 3224 ὁμοίων
3247 3154 3566 3227 ἐτέρων,εἰς
3589 3155 3768 3226 ἐτέρας

530 3249 741 3307 similes
794 3248 1025 3302 aliorum
1071 3247 1355 3313 similium,
1387 3246 1483 3318 qui
1529 3247 1587 3301 in
1621 3246 1755 3302 alias
1800 3245 1907 3317 ipsi
1947 3261 2096 3317 aeque

2203 3236 2432 3304 ἀτόπους
2482 3239 2722 3315 αἱρέσεις
2777 3223 3059 3296 ἐνέπεσον.
3103 3242 3308 3316 Μηδεὶς
3343 3223 3415 3298 ⁷δέ
3464 3245 3530 3300 ἐκ
3575 3223 3768 3298 τούτων

529 3341 802 3399 absurdas
857 3340 1092 3396 haareses
1140 3339 1471 3397 inciderunt.
1523 3337 1692 3395 Nemo
1751 3346 1931 3395 autem
1972 3340 2101 3397 hinc

529 3433 855 3498 offendatur,
885 3431 1206 3490 existimans
1243 3432 1540 3504 improbari
1567 3431 1787 3490 Patrum
1834 3432 2013 3490 studia
2042 3433 2100 3490 in

530 3523 802 3581 haereticis
844 3522 1150 3580 refutandis
1180 3525 1474 3592 collocata;
1507 3541 1616 3580 non
1637 3525 1784 3581 enim
1809 3525 1914 3580 hoc
1941 3515 2106 3591 dicit;

530 3616 691 3689 quasi
741 3631 851 3671 non
903 3615 1212 3672 refellendae
1241 3625 1295 3672 et
1323 3617 1628 3696 evertenda:
1671 3617 1782 3674 sint
1810 3617 2102 3688 opiniones

530 3708 846 3779 impiorum,
867 3707 1161 3780 (quomodo
1189 3708 1334 3765 enim
1358 3708 1600 3781 alioquin
1628 3711 1855 3780 ipsemet
1875 3711 1930 3764 in
1959 3710 2100 3766 libro

529 3799 612 3855 De
622 3799 812 3854 divinis
834 3799 1131 3856 nominibus
1147 3799 1350 3872 Etyma:
1373 3801 1627 3874 dogmata
1643 3803 1724 3858 sic
1742 3800 2098 3874 exagitaret?)

530 3894 628 3953 sed
661 3909 769 3949 non
795 3894 851 3950 in
873 3895 977 3949 hoc
997 3893 1328 3965 prmeipuum
1357 3894 1597 3953 studium
1627 3894 1936 3965 ponendum
1954 3908 2097 3960 esse,

530 3996 593 4045 ut
639 3998 828 4044 contra
861 3988 999 4044 alios
1051 3988 1290 4052 dicatur,
1328 3985 1426 4044 sed
1451 3994 1512 4041 ut
1554 3987 1768 4042 erudite
1817 3993 1871 4042 et
1908 3993 2101 4042 exacte

529 4080 777 4138 veritatis
814 4080 954 4136 ratio
983 4090 1310 4150 exponatur,
1342 4079 1598 4136 refutatio
1629 4088 1810 4134 autem
1841 4081 2099 4139 adhibea-

531 4183 620 4230 tur
639 4180 826 4229 eontra
853 4172 1247 4243 oppositionem
1273 4172 1550 4228 instantia:
1575 4171 1886 4242 impiorum.
1903 4171 2094 4228 Aliter:

528 4263 650 4320 Non
684 4263 1193 4335 oportere'aliorum
1217 4263 1506 4334 opiniones
1527 4262 1792 4328 refutare,
1824 4263 1919 4319 sed
1942 4279 2100 4320 suam

526 4355 804 4425 stabilire;
845 4371 1023 4427 neque
1057 4364 1252 4412 contra
1291 4355 1602 4426 opinionem
1632 4362 1728 4411 aut
1763 4355 2099 4427 cultum,qui

526 4447 676 4504 haud
719 4449 896 4504 bonus
935 4455 1180 4523 apparet,
1215 4447 1312 4503 sed
1354 4462 1455 4518 pro
1483 4448 1707 4505 veritate
1745 4449 2096 4508 scribendum

2200 3333 2666 3406 παρακρουέσθω,
2703 3333 3102 3391 ἀποϐάλλεσθαι
3133 3334 3203 3393 τὰ
3256 3335 3400 3391 κατὰ
3437 3337 3550 3392 τῶν
3603 3339 3768 3408 ἑτερο-

2198 3427 2364 3495 δόξων
2397 3431 2687 3501 πονήματα
2721 3431 2830 3485 τῶν
2859 3431 3155 3504 Πατέρωνσ
3193 3434 3255 3488 οὒ
3288 3433 3399 3507 γάρ
3440 3434 3604 3490 τοῦτό
3648 3451 3767 3506 φησι

2197 3521 2260 3576 τὸ
2323 3520 2397 3594 μὴ
2448 3520 2688 3593 ἐλέγχειν
2740 3524 2833 3579 καὶ
2878 3524 3201 3595 ἀνατρέπειν
3259 3525 3358 3590 τὰς
3405 3527 3516 3582 τῶν
3567 3527 3768 3581 ἀσεϐῶν

2197 3614 2374 3682 δόξας,
2395 3616 2536 3689 (ἐπεὶ
2558 3617 2677 3682 πῶς
2711 3617 2872 3682 αὐτὸς
2902 3618 2962 3673 ἐν
2991 3618 3071 3691 τῷ
3096 3619 3236 3688 Περί
3269 3620 3444 3674 θείων
3473 3621 3768 3691 ὀνομάτων

2199 3710 2447 3780 φαίνεται
2500 3711 2569 3766 τὰ
2614 3711 2708 3765 τοῦ
2764 3711 2968 3783 Ἐλύμα
3009 3710 3388 3782 διασαλεύων;)
3435 3711 3553 3765 ἀλλ’
3585 3713 3666 3766 ὅτι
3711 3710 3766 3764 ού

2197 3803 2306 3877 χρὴ
2337 3803 2478 3858 κατά
2527 3802 2938 3876 προηγούμενον
2985 3802 3140 3872 λόγον
3174 3805 3254 3866 εἰς
3282 3801 3442 3856 τοῦτο
3473 3802 3763 3873 ἐνασχολεῖ-

2201 3895 2343 3959 σθαι,
2377 3895 2436 3948 τὸ
2469 3895 2588 3949 καθ’
2625 3896 2823 3968 ἐτέρων
2858 3894 3054 3963 λέγειν,
3089 3893 3226 3948 ἀλλὰ
3255 3893 3652 3959 διδασκαλικῶς
3682 3893 3763 3946 τὸν

2196 3987 2297 4058 τῆς
2359 3986 2614 4059 ἀληθείας
2667 3987 2975 4042 ἐκτίθεσθαι
3025 3987 3181 4058 λόγον
3238 3989 3653 4060 ὴκΡι-δωμένωςν

2197 4079 2512 4152 άντιρῤήσει
2567 4079 2623 4134 δέ
2675 4079 2816 4134 κατὰ
2866 4079 3184 4154 περίστασιν
3207 4080 3253 4112 ⁸⁸
3285 4079 3385 4151 τῆς
3425 4081 3534 4134 τῶν
3567 4079 3762 4135 ἀσεϐῶν

2197 4173 2620 4238 ἐπαναστάσεως
2651 4173 2905 4244 χρῆσθαι.
2945 4174 3202 4240 Ἄλλως·
3265 4173 3384 4227 Ὅτι
3439 4174 3502 4230 ού
3549 4175 3631 4228 δεῖ
3672 4172 3761 4234 τὰς

2197 4265 2305 4318 τῶν
2338 4267 2538 4337 ἐτέρων
2570 4267 2726 4333 δόξας
2741 4265 3065 4330 διαϐάλλειν,
3109 4265 3242 4320 ἀλλὰ
3268 4265 3366 4336 τῂν
3402 4265 3540 4321 ἰδίαν
3583 4262 3762 4335 κρατύ-

2197 4376 2312 4414 νειν
2340 4378 2354 4391 ·
2390 4359 2505 4412 ἀλλ’
2538 4359 2658 4413 ούδέ
2691 4359 2831 4414 κατὰ
2863 4358 3018 4432 δόξης
3049 4359 3082 4431 ἢ
3119 4357 3413 4430 θρησκείας
3443 4360 3544 4414 οὐκ
3563 4356 3761 4426 ἀγαθῆς

2206 4451 2532 4524 φαινομένης
2572 4452 2838 4525 γράφειν,
2870 4452 2984 4506 ἀλλ’
3034 4453 3174 4524 ὑπὲρ
3235 4452 3515 4525 ἀληθείας.
3549 4453 3669 4517 Πῶς
3708 4451 3760 4505 δέ

524 4555 669 4596 esse.
698 4539 980 4608 Quomodo
1009 4547 1191 4596 autem
1229 4538 1338 4597 hoc
1366 4539 1650 4610 intelligat,
1680 4542 1912 4613 epistola
1939 4543 2096 4599 dein-

2203 4543 2357 4598 τοῦτό
2388 4562 2570 4616 φησιν,
2601 4546 2634 4618 ὴ
2669 4544 2795 4616 ἑξῆς
2827 4543 3080 4617 ἐπιστολὴ
3114 4544 3418 4617 σαφηνίζει.

526 4644 658 4701 ceps
685 4631 947 4687 declarat.

597 4722 708 4777 Pro
736 4725 969 4779 ueritate.
989 4723 1225 4783 Adverte
1257 4738 1384 4779 vero
1409 4737 1510 4780 cur
1530 4740 1629 4796 pro
1659 4727 1890 4784 veritate
1919 4728 2097 4784 solum
2167 4789 2172 4794 ,

529 4813 881 4872 scribendum
905 4811 998 4879 sit‘,
1021 4823 1077 4869 et
1104 4830 1216 4869 non
1245 4822 1435 4870 contra
1469 4817 1629 4872 alios.

891 4924 1056 4998 309
1092 4925 1158 4981 IN
1203 4924 1591 4985 EPISTOLAM
1631 4929 1741 4989 vn.

599 5016 630 5088 ς
658 5017 700 5070 1.
719 5014 948 5071 Sanctus
977 5018 1067 5073 hic
1102 5017 1432 5092 Polycarpus
1463 5021 1707 5095 Smyrnae
1737 5025 1794 5080 in
1833 5026 1962 5084 Asia
1992 5027 2098 5084 fuit

525 5108 838 5178 episcopus,
859 5117 914 5165 et
945 5110 1246 5182 discipulus
1275 5117 1452 5170 sancti
1479 5115 1706 5176 Joannis
1725 5121 2091 5191 evangelista,

526 5199 610 5252 uti
646 5208 879 5256 testatur
915 5201 1149 5260 tremens
1191 5205 1331 5260 libro
1359 5207 1519 5262 tertio
1543 5209 1808 5267 Adversus
1838 5210 1967 5280 falsi
1998 5228 2095 5268 no-

528 5291 684 5344 minis
709 5291 985 5348 scientiam
1007 5309 1028 5348 :
1057 5297 1379 5368 martyrium
1414 5307 1596 5356 autem
1621 5301 1798 5373 ignem
1828 5317 2092 5359 consum-

528 5380 717 5437 mavit.
769 5382 996 5442 Divinus
1045 5387 1137 5443 hic
1178 5387 1511 5461 Polycarpus
1540 5395 1760 5464 scripsit
1787 5395 1952 5450 etiam
1979 5395 2094 5465 epi-

526 5471 698 5530 stolas
747 5475 816 5530 ad
864 5475 1260 5549 Philippenses.
1302 5482 1556 5540 Continet
1596 5495 1776 5541 autem
1816 5486 1933 5542 haec
1974 5487 2092 5556 epi-

528 5563 668 5621 ςωιι
732 5565 877 5622 beati
927 5567 1172 5643 Dionysii
1227 5575 1400 5632 multa
1451 5577 1771 5633 admiranda
1818 5580 2087 5653 prodigia,

2281 4725 2458 4796 ’Υπὲρ
2488 4727 2789 4795 ἀληθείας.
2820 4726 3128 4799 Σημείωσαι
3158 4726 3213 4781 δὲ
3252 4727 3339 4781 διά
3376 4727 3429 4780 τί
3466 4727 3603 4799 ὑπὲρ
3631 4723 3755 4796 άλη-

2198 4817 2346 4884 θείας
2381 4819 2538 4891 μόνον
2567 4819 2965 4892 συγγραπτέον,
2997 4821 3058 4874 οὐ
3097 4819 3200 4892 μὴν
3233 4819 3353 4873 καθ’
3389 4819 3609 4892 ἐτέρων.

2571 4935 2676 4992 ΕΙΣ
2709 4936 2851 4991 ΤΗΝ
2882 4937 3274 4993 ΕΠΙΣΤΟΛΗΝ
3306 4934 3381 4992 Z'.

2268 5027 2296 5099 ξ
2315 5028 2354 5081 l.
2372 5026 2434 5081 '0
2461 5026 2626 5098 ἅγιος
2635 5021 2787 5092 οὗτος
2802 5029 3155 5104 Πολύκαρπος
3167 5028 3420 5100 Σμύρνης
3430 5029 3532 5100 τῆς
3543 5030 3599 5082 ὲν
3612 5027 3756 5097 Ἀσίᾳ

2194 5120 2416 5188 γέγονεν
2462 5119 2774 5185 ἐπίσκοπος,
2809 5121 3080 5194 ἀκροατὴς
3128 5121 3418 5192 γενόμενος
3462 5121 3556 5176 τοῦ
3604 5121 3755 5188 άγίου

2208 5212 2451 5266 Ἰωάννου
2499 5211 2594 5266 τοῦ
2644 5212 3049 5282 εὐαγγελιστοῦ,
3083 5213 3158 5277 ὥς
3191 5231 3352 5284 φησιν
3385 5214 3667 5286 Εἰρηναῖος
3698 5213 3753 5263 ἐν

2191 5303 2272 5376 τῷ
2302 5305 2470 5378 τρίτῳ
2501 5305 2689 5377 βιϐλίῳ
2718 5305 2826 5360 τῶν
2867 5306 3027 5361 Κατὰ
3055 5306 3164 5376 τῆς
3188 5305 3584 5377 ψευδωνύμου
3613 5305 3756 5376 γνώ-

2193 5413 2385 5464 σεωςο
2437 5397 2531 5452 καὶ
2595 5397 2878 5470 μαρτυρίῳ
2947 5396 3005 5452 δέ
3067 5397 3351 5471 ἐτελειώθη
3415 5397 3505 5454 διὰ
3565 5395 3750 5466 πυρός.

2195 5490 2348 5559 Ἔχει
2379 5489 2434 5542 δὲ
2467 5488 2559 5542 καὶ
2591 5488 2876 5553 ἐπιστολὰς
2915 5490 2944 5543 ό
2989 5488 3150 5554 αὐτὸς
3202 5488 3342 5553 θεῖος
3405 5488 3755 5561 Πολύκαρπος

2189 5580 2328 5654 πρὸς
2357 5579 2766 5653 Φιλιππησίους.
2803 5582 3052 5655 Περιέχει
3075 5581 3131 5636 δέ
3161 5583 3194 5653 η
3227 5581 3321 5636 τοῦ
3358 5581 3621 5656 μακαρίου
3639 5584 3754 5633 Διο-

1467 5753 1695 5815 ΥΑΒΙᾸΕ
1731 5755 2104 5817 LECTIONES
2137 5757 2225 5820 ET
2257 5754 2799 5818 CORRECTIONES.

614 5865 660 5896 ¹⁰
691 5869 1044 5931 παράστασιν.
