3886 6554
151 451 240 506 537

1044 449 1100 505 S.
1138 445 1387 504 ΜΑΧΙΜΙ
1420 444 1721 506 SCHOLIA
1754 443 1821 498 IN
1853 441 2004 502 EPP.
2039 442 2098 500 S.
2133 443 2443 504 DIONYSIL

3265 447 3368 505 538

151 562 322 615 νυσίου
355 559 504 634 αὕτη
539 561 795 633 ἐπιστολὴ
827 559 994 615 πολλά
1025 560 1310 632 θαυμαστά
1342 562 1434 616 καὶ
1473 560 1597 626 ξένα
1623 560 1701 615 ὲπῖ

1814 577 1936 633 quae
1989 562 2046 618 in
2090 564 2282 635 eclipsi
2341 565 2433 620 illa
2490 563 2654 622 solari
2697 562 2952 632 tempore
3004 563 3369 622 cruciﬁxionis

150 657 208 725 τῇ
239 654 381 708 κατά
411 655 509 710 τὸν
544 655 774 726 σταυρὸν
804 653 897 709 τοῦ
939 652 1173 724 Χριστοῦ
1209 653 1404 724 ήλιακῇ
1450 653 1706 722 ἐκλείψει.

225 767 778 838 Ἔξελετχθήσεται.
813 767 967 822 Κατά
999 765 1176 819 κοινοῦ
1207 765 1268 819 τὸ
1295 765 1715 836 ἐξελεγχθήσεο

1813 654 2018 712 Christi
2043 658 2405 730 contigerunt.

1884 770 2164 840 Argutur.
2221 769 2665 827 Subaudiendum
2706 770 2841 826 illud
2889 780 3248 841 redarguetur,
3288 773 3371 827 sic

151 879 234 916 tat
262 861 304 893 ⁹¹
329 878 344 893 ο
379 859 530 914 οὕτω
561 859 671 938 γὰρ
712 859 806 912 καὶ
849 859 884 930 ή
937 857 1202 925 σύνταξις.
1255 857 1546 930 [Είὸωλον
1591 860 1701 913 ἀντὶ

1810 861 1956 915 enim
1984 861 2152 933 exigit
2187 863 2547 919 constructio.
2593 862 2827 936 [Idolum
2849 863 3068 933 ponitur
3107 878 3206 932 pro
3249 864 3371 918 imi-

149 951 236 1007 τοῦ
258 951 546 1026 μίμημα-1

214 1067 240 1138 §
260 1066 324 1122 ll.
337 1067 452 1122 Τὸν
467 1068 770 1141 σοφιστὴν
784 1066 1222 1138 Ἀπολλοφάνη.
1237 1068 1311 1120 II:
1319 1066 1370 1139 pl
1384 1066 1708 1137 Ἀπολλοφά-

147 1176 260 1224 νους
309 1158 407 1212 τοῦ
457 1160 732 1229 σοφιστοῦ,
768 1160 984 1231 ἑταίρου
1021 1159 1302 1228 γεγονότος
1341 1158 1434 1213 τοῦ
1473 1158 1708 1229 μεγάλου

144 1251 432 1316 Διονυσίου,
474 1254 569 1306 καὶ⁹
614 1253 969 1324 λοιδοροῦντος
1022 1253 1213 1317 αὑτὸν,
1265 1252 1340 1316 ὠς
1385 1253 1708 1324 Χριστιανὸν

145 1344 447 1414 γενόμενον,
478 1344 573 1398 καὶ
597 1343 716 1398 καθ’
763 1345 1024 1414 Ἑλλήνων
1052 1343 1305 1412 λέγονταο
1344 1343 1437 1398 καὶ
1477 1343 1584 1416 γάρ
1614 1343 1710 1397 καὶ

143 1436 173 1505 ή
199 1434 511 1507 ἀνθρωπίνη
548 1435 706 1506 σοφία
735 1436 946 1490 ὲκΘεοῦ
980 1439 1145 1490 ἐστιν.

206 1547 312 1600 Kal
345 1547 420 1602 οὐ
459 1545 576 1615 τὴν
608 1545 727 1601 τῶν
751 1547 1014 1603 πολλῶν.
1058 1547 1130 1602 Τὸ
1152 1548 1312 1620 ῥητὸν
1339 1547 1480 1602 οῦτω
1513 1567 1706 1603 συντα-

141 1637 306 1691 κτέον·
352 1637 464 1695 Καὶ
507 1638 570 1694 οὐ
614 1638 712 1710 τὴν
760 1638 868 1692 τῶν
901 1637 1108 1692 πολλῶν
1150 1639 1322 1708 ἔγωγε
1367 1640 1509 1711 λέγω
1551 1641 1703 1709 δόξαν

138 1725 241 1779 τῶν
290 1727 578 1798 προσύλως
639 1730 733 1783 καὶ
788 1729 1050 1800 ἐμπαθῶς
1114 1731 1551 1802 ὲναπομενόντων
1593 1736 1704 1797 τοίς

137 1816 241 1871 τῶν
267 1818 512 1890 ποιητῶν
541 1820 718 1891 λόγοις
749 1820 782 1894 ἢ
817 1821 1031 1876 πάθεσι.

1809 953 1957 1009 talio.

1881 1065 1909 1138 §
1937 1064 2004 1122 ll.
2022 1065 2322 1137 Sophistam
2336 1069 2376 1122 Α
2384 1069 2767 1139 pollophanem.
2802 1067 2878 1124 De
2891 1067 3260 1140 Apollophane
3277 1085 3366 1126 so-

1805 1158 2005 1230 phista,
2038 1163 2130 1230 qui
2166 1161 2341 1217 fuerat
2381 1162 2564 1218 socius
2600 1162 2780 1232 magni
2810 1159 3076 1232 Dionysii,
3097 1168 3150 1216 et
3179 1163 3368 1216 convi-

1806 1251 2045 1306 tiabatur
2081 1252 2280 1324 ipsum,
2312 1254 2456 1324 quod
2494 1253 2844 1309 Christianus
2893 1254 3070 1308 factus
3119 1259 3283 1317 esset,
3313 1261 3368 1308 et

1805 1341 2064 1397 adversus
2093 1343 2318 1413 gentiles
2342 1343 2564 1400 diceret.
2581 1341 2735 1416 [Nam
2761 1352 2815 1400 et
2841 1344 3078 1398 humana
3105 1341 3366 1412 sapientia

1805 1449 1836 1491 a
1869 1434 1976 1491 Deo
2003 1435 2130 1509 est.]

1877 1544 2058 1617 Neque
2109 1547 2192 1602 hic
2232 1547 2294 1601 de
2333 1545 2710 1602 multitudinis.
2743 1543 2959 1600 Dictum
2987 1544 3090 1598 hoc
3131 1543 3210 1599 sic
3236 1559 3370 1598 con-

1805 1637 2126 1693 struendum
2177 1646 2302 1695 est:
2356 1637 2543 1708 Neque
2585 1652 2686 1707 ego
2739 1636 2807 1692 de
2846 1635 3208 1692 multitudinis
3253 1636 3371 1707 opi-

1805 1730 1968 1786 nione
1997 1731 2211 1801 loquor,
2228 1738 2348 1802 qua!
2369 1736 2648 1800 poetarum
2673 1728 2872 1783 fabulis
2901 1735 2994 1783 aut
3023 1728 3369 1799 passionibus

1805 1822 2160 1877 materialiter
2189 1821 2561 1893 tcnaciterque
2589 1820 2842 1876 adbmret.

208 1930 285 2000 Τῇ
313 1932 426 2002 γὰρ
452 1931 574 1986 τῶν
603 1932 792 1988 ὄντων
830 1935 1063 2005 minet.
1101 1934 1220 1991 Τῶν
1250 1936 1416 1990 ὄντων
1447 1937 1644 2007 γνῶσιν
1658 1939 1701 1970 ³³

1873 1934 2018 1991 Nam
2050 1952 2142 2006 per
2191 1936 2327 1990 hanc
2373 1936 2542 2004 ipsam
2599 1950 2772 1989 rerum
2821 1932 3111 1988 scientiam.
3164 1929 3369 1987 Rerum

134 2025 374 2093 ἐκάλεσε,
409 2026 472 2081 τὺ
519 2029 982 2104 ὲπιτετηρημένον
1012 2031 1113 2102 τῆς
1145 2032 1411 2103 κινήσεως
1459 2031 1568 2086 τῶν
1613 2031 1704 2087 οὑ-

135 2118 361 2189 ρανίων,
411 2120 508 2174 καὶ
561 2119 658 2192 τὴν
703 2119 933 2194 θεωρίαν
977 2121 1086 2177 τῶν
1124 2121 1297 2177 ἀλλων
1343 2123 1442 2193 τῆς
1475 2123 1702 2188 κτίσεως

136 2209 330 2281 μερῶν,
367 2212 509 2264 κατά
568 2212 658 2264 τὸν
719 2213 814 2266 ἕνα
876 2212 968 2266 τὸν
1028 2212 1128 2284 τῆς
1176 2213 1366 2281 σοφίας
1388 2214 1433 2245 ⁸³
1457 2213 1580 2286 ὅρον
1610 2213 1742 2285 τὸν,

131 2297 371 2368 λέγοντα,
405 2302 612 2370 γνῶναι
643 2302 713 2356 τὰ
748 2303 875 2356 ὄντα
974 2305 1103 2360 ὄντα
1134 2305 1267 2358 ὲστί.
1305 2305 1410 2359 Τοῦ
1443 2306 1498 2361 δὲ
1545 2307 1702 2360 Ἀπο-

132 2390 310 2444 στόλου
342 2394 374 2464 ή
411 2394 590 2465 φωνή,
617 2395 698 2468 τῷ
717 2397 890 2449 εἰπεῖν
920 2398 979 2450 ὲν
1010 2399 1076 2468 τῇ
1105 2403 1154 2450 α’
1187 2397 1325 2469 πρὸς
1357 2398 1697 2470 Κορινθίουςο

141 2485 373 2556 Ἐπειδὴ
408 2488 520 2556 γὰρ
569 2489 639 2542 ἐν
681 2488 755 2558 τῇ
804 2491 990 2560 σοφίᾳ
1019 2491 1125 2546 τοῦ
1165 2491 1310 2548 Θεοῦ
1343 2494 1454 2547 οὐκ
1491 2495 1643 2563 ἔγνω
1667 2497 1700 2548 ό

130 2578 348 2647 κόσμος
392 2577 492 2633 διὰ
551 2577 661 2647 τῆς
699 2582 918 2650 σοφίας
967 2581 1074 2636 τὸν
1116 2583 1289 2638 Θεόν’
1323 2583 1566 2640 τουτέστι
1599 2585 1700 2657 τῆς

130 2667 528 2740 ἐμφαινομένης
576 2669 658 2742 τῷ
718 2671 1019 2743 ὲναρμονίῳ
1068 2674 1162 2726 καὶ
1221 2675 1538 2746 τεταγμένῳ
1597 2676 1700 2746 τῆς
1749 2728 1756 2736 .

131 2758 376 2824 κτίσεως,
421 2759 585 2813 τοῦτο
638 2761 856 2833 συνῆκε.
905 2764 1216 2836 Σημείωσαι
1261 2760 1374 2830 οὖν,
1408 2765 1489 2818 ὅτι
1523 2766 1558 2837 ἡ
1589 2765 1699 2820 τῶν

128 2849 288 2904 ὅντων
332 2849 536 2920 γνῶσις
567 2852 852 2924 φιλοσοφία
912 2855 1148 2924 λέγεται,
1181 2855 1276 2912 καὶ
1322 2856 1444 2911 τίνα
1487 2856 1699 2912 καλεῖὸ

140 2939 450 3005 ’Δπόστολος
528 2943 590 2996 ὲν
667 2946 734 3016 τῇ
797 2951 844 2998 α’
910 2946 1045 3018 πρὸς
1120 2947 1441 3021 Κορινθίους
1504 2949 1696 3020 σοφίαν

129 3034 274 3092 Θεοῦ.
313 3033 474 3107 [Elite
497 3034 608 3109 γάρ
627 3036 685 3091 ὲν
711 3039 854 3110 ἀρχῇ
887 3040 978 3098 τὸν
1010 3040 1232 3104 σκοπὸν,
1259 3039 1326 3094 δι’
1348 3040 1406 3094 ὃν
1431 3039 1554 3099 οὔτε
1575 3041 1696 3098 καθ’

140 3125 420 3197 Ἑλλήνων,
445 3124 573 3180 οὔτε
605 3127 726 3182 καθ’
763 3129 963 3202 ἑτέρων
987 3130 1373 3206 συνέγραψεν.]

195 3218 368 3319 ἜἚΑ
383 3218 688 3319 ’συνιδεῖν
735 3219 842 3274 τὸν
881 3221 1322 3292 Ἀπολλοφάνη.
1403 3223 1534 3279 ’Δπὺ
1589 3225 1697 3280 τῶν
1721 3258 1765 3319 c

1801 2029 2088 2088 scientiam
2125 2029 2339 2084 vocavit
2389 2028 2827 2084 observationem
2859 2034 3039 2082 motus
3081 2025 3367 2091 caelorum,

1802 2127 1856 2176 et
1889 2122 2119 2176 aliarum
2141 2128 2406 2177 creaturae
2431 2120 2666 2192 partium
2689 2118 3204 2183 considerationem,
3214 2117 3372 2188 juxta

1800 2212 2091 2284 quamdam
2114 2212 2390 2284 sapientia:
2418 2212 2808 2275 deﬁnitionem,
2837 2226 2944 2281 qua
2965 2218 3372 2280 cognoscuntur

1800 2320 1890 2360 res
1918 2313 2190 2376 quatenus
2236 2321 2328 2361 res
2367 2316 2513 2361 sunt.
2540 2304 2636 2358 Est
2657 2311 2836 2358 autem
2866 2303 2958 2356 illa
2986 2319 3091 2358 vox
3123 2302 3370 2373 Apostoli

1801 2395 1858 2452 in
1899 2397 2076 2468 prima
2127 2396 2194 2451 ad
2243 2395 2580 2461 Corinthios,
2613 2394 2844 2450 dicentis
2865 2396 2890 2434 ³
2922 2413 2936 2450 :
2970 2393 3114 2448 Nam
3146 2396 3272 2466 quia
3313 2396 3370 2449 in

1799 2488 2064 2558 sapientia
2090 2486 2188 2543 Dei
2216 2505 2321 2542 non
2361 2488 2596 2560 cognovit
2647 2487 2895 2554 mundus,
2925 2502 3018 2556 per
3052 2487 3369 2557 sapientiam

1798 2577 2000 2645 Deum;
2031 2579 2087 2634 id
2135 2586 2217 2635 est
2256 2595 2354 2651 per
2401 2577 2723 2651 sapientiam
2755 2579 2810 2633 in
2835 2579 3106 2634 concinna
3141 2579 3369 2634 decora-

1797 2684 1906 2739 que
1934 2678 2199 2725 creaturaa
2249 2669 2642 2740 compositione
2684 2664 3065 2741 apparentem;
3097 2685 3218 2740 quae
3265 2670 3369 2725 hoc

1799 2759 2086 2816 intellexit.
2119 2759 2258 2817 Nota
2289 2761 2454 2833 igitur
2479 2778 2662 2818 rerum
2693 2763 2942 2818 notitiam
2972 2764 3157 2818 vocari
3187 2762 3368 2833 philo-

1799 2853 2071 2922 SOphiam,
2111 2869 2274 2923 quam
2329 2855 2493 2910 etiam
2542 2855 2840 2926 Apostolus
2868 2857 2923 2911 in
2967 2857 3142 2926 prima
3172 2855 3239 2910 ad
3264 2855 3369 2912 Co-

1794 2944 2032 3000 rinthios
2067 2943 2163 3001 Dei
2203 2946 2525 3017 sapientiam
2558 2946 2869 3017 appellavit.
2905 2945 3079 3020 [Dixit
3120 2946 3266 3002 enim
3311 2946 3368 3001 in

1795 3033 2088 3107 principio,
2122 3036 2373 3106 quisnam
2425 3052 2628 3108 scopus
2659 3039 2765 3095 sibi
2811 3048 2990 3104 esset,
3014 3038 3174 3108 juxta
3203 3053 3367 3110 quem

1795 3141 1976 3198 neque
2000 3136 2190 3183 contra
2225 3127 2443 3184 Graecos
2473 3144 2650 3199 neque
2679 3136 2870 3186 contra
2899 3129 3038 3186 alios
3063 3128 3332 3202 scripsit.]

1871 3219 2021 3275 Scire
2042 3218 2259 3276 debebat
2286 3221 2695 3294 Apottophanes.
2741 3220 2822 3278 Ex
2869 3237 2936 3279 eo
2982 3236 3195 3295 nempe.
3220 3221 3367 3294 quod

128 3311 251 3382 παρ’
285 3309 540 3382 Ἕλλησιν
570 3311 1009 3387 ὁμολογουμένων
1037 3313 1136 3388 τὴν
1167 3314 1407 3383 διάταξιν
1441 3314 1536 3373 τοῦ
1569 3315 1698 3370 πάνυ

1806 3309 1942 3380 apud
1969 3311 2200 3381 gentiles
2233 3311 2290 3367 in
2315 3312 2572 3370 confesso
2600 3321 2708 3378 est,
2731 3329 2913 3370 rerum
2941 3313 3185 3369 omnium
3219 3313 3370 3370 ordi-

131 3417 229 3456 των
273 3400 447 3454 αἰτίου
499 3400 636 3455 Θεοῦ
690 3404 1069 3478 παρατίθεται,
1124 3405 1324 3476 φήσας,
1380 3405 1446 3459 ὲκ
1504 3403 1695 3462 τούτου

128 3492 268 3560 ἀξιον
311 3493 608 3563 ἐπιγνῶναι
659 3493 750 3548 τὸν
801 3495 1018 3550 πάντων
1046 3495 1302 3568 ὀροθέτην
1329 3497 1481 3561 Θεὸν,
1512 3499 1576 3554 ὲκ
1600 3497 1694 3552 τοῦ

128 3584 212 3638 τὸν
236 3585 386 3657 ἣλιον
423 3585 518 3640 καὶ
548 3586 648 3658 τήν
681 3587 907 3660 σελήνην
953 3589 1080 3660 τοὺς
1113 3589 1565 3662 διατεταγμένους
1596 3591 1697 3662 τῆς

128 3676 329 3748 ήμέρας
356 3676 500 3747 ἔχειν
530 3678 710 3749 ὅρους,
731 3680 824 3732 καὶ
853 3679 930 3751 τῷ
960 3682 1120 3735 παντὶ
1149 3680 1242 3734 τοῦ
1264 3682 1493 3754 ούρανοῦ
1516 3683 1696 3756 κύκλῳ

127 3769 526 3840 συμπεριθέειν,
571 3770 843 3827 τουτέστιν
895 3771 954 3838 ἐξ
1005 3773 1277 3827 ἀνατολῶν
1328 3776 1422 3829 ἐπὶ
1465 3777 1691 3848 δυσμάς.

128 3861 244 3915 Εἴτε
274 3862 347 3934 μὴ
379 3862 868 3935 συμπεριφέροιντο
893 3864 970 3936 τῷ
997 3866 1301 3937 περιέχοντι
1328 3869 1523 3932 αὐτοὺς
1541 3870 1697 3940 ούρα-

127 3952 217 4023 νῷ,
251 3953 343 4007 τοῦ
376 3954 475 4025 μὲν
501 3955 734 4026 οὐρανοῦ
756 3957 849 4011 καὶ
875 3957 974 4028 τῆς
997 3957 1267 4022 ἀπλανοῦς
1293 3957 1401 4012 τῶν
1428 3960 1694 4030 ἀκινήτων

127 4045 362 4116 ἀστέρων
385 4046 643 4117 σφαίρας,
673 4047 780 4100 ἀπὸ
805 4047 1076 4102 ἀνατολῶν
1097 4051 1174 4112 είς
1192 4049 1399 4122 δυσμάς
1426 4051 1696 4116 κυκλικῶς

128 4137 530 4208 στρεφομένων,
567 4137 747 4192 αὐτῶν
767 4137 824 4192 δὲ
853 4139 1003 4210 ήλίου
1034 4141 1127 4196 καὶ
1157 4140 1384 4213 σελήνης
1411 4144 1510 4216 τὴν
1542 4145 1696 4199 ἐναν-

128 4228 242 4282 τίαν
287 4229 363 4300 τῷ
411 4229 577 4283 παντὶ
615 4246 916 4302 τρεχοντων
943 4232 1008 4285 ὲκ
1033 4231 1250 4306 δυσμῶν
1284 4235 1364 4298 είς
1396 4235 1656 4299 ἀνατολάς
1677 4254 1691 4267 ο

127 4321 224 4374 καὶ
249 4319 387 4375 οὕτω
440 4320 678 4392 μάλιστα
705 4323 1064 4395 γνωρίζεσθαι
1090 4324 1184 4379 καὶ
1214 4322 1588 4396 θαυμάζεσθαι
1619 4328 1696 4382 δί-

128 4428 276 4475 καιος
304 4415 332 4466 ὁ
357 4412 451 4466 τοῦ
485 4412 684 4477 παντὸς
713 4413 1038 4487 δημιουργὸς
1082 4417 1177 4473 καὶ
1226 4417 1516 4490 διατάκτης
1544 4421 1693 4486 Θεὸς.

131 4507 312 4560 Ταῦτα
355 4506 778 4580 ήρμηνεύσαμεν
835 4509 976 4562 κατά
1027 4508 1422 4583 Ἀπολλοφάνην
1475 4511 1564 4565 τὸν
1610 4512 1698 4568 λέ-

1794 3418 1919 3459 nem
1945 3404 2254 3459 earumdem
2285 3408 2493 3462 auctori
2516 3406 2627 3462 Deo
2649 3406 2998 3463 tribuendum
3023 3422 3167 3472 esse,
3186 3406 3366 3472 docet,

1794 3509 1861 3550 ex
1891 3494 1996 3550 hoc
2025 3498 2285 3568 cognosci
2325 3513 2487 3568 posse
2511 3497 2678 3554 Deum
2712 3500 2876 3556 rebus
2905 3500 3159 3555 omnibus
3195 3499 3366 3570 legem

1794 3600 2018 3657 ponere,
2049 3587 2196 3659 quod
2243 3589 2324 3642 sol
2356 3597 2410 3644 et
2433 3590 2560 3644 luna
2598 3591 2860 3645 terminos
2892 3590 3001 3644 diei
3033 3591 3366 3645 constitutos

1794 3678 2058 3744 habeant,
2109 3687 2162 3735 et
2205 3679 2366 3734 simul
2417 3695 2544 3734 cum
2602 3682 2860 3736 universo
2906 3683 3176 3736 caelorum
3233 3681 3368 3737 orbe

1795 3769 2323 3838 circumvolvantur;
2375 3772 2586 3828 sciliCet
2637 3789 2706 3828 ex
2757 3774 2968 3828 oriente
3009 3775 3064 3827 in
3110 3774 3367 3828 occiden-

1794 3869 1925 3918 tem.
1958 3861 2113 3928 Quod
2151 3862 2198 3918 si
2240 3877 2351 3916 non
2377 3863 2538 3934 310
2578 3863 3032 3919 circumferantur
3084 3880 3191 3919 una
3239 3880 3366 3920 cum

1796 3951 1936 4008 celo
1968 3967 2076 4022 quo
2099 3952 2470 4017 continentur,
2496 3954 2569 4006 ita
2597 3961 2654 4006 ut
2673 3954 2869 4008 cmlum
2886 3955 3103 4024 quidem
3132 3962 3186 4009 et
3215 3955 3365 4009 iner-

1795 4043 2035 4097 rantium
2099 4051 2262 4114 atque
2329 4044 2602 4099 stabilium
2674 4045 2954 4100 stellarum
3012 4046 3237 4115 sphatrze
3297 4062 3365 4101 ex

1797 4135 2009 4191 oriente
2056 4135 2113 4190 in
2154 4135 2491 4192 occidentem
2543 4135 2885 4192 circulariter
2917 4141 3214 4203 vertantur,
3247 4136 3366 4208 ipse

1799 4235 1980 4282 autem
2029 4228 2114 4283 sol
2160 4236 2214 4284 et
2267 4229 2396 4283 luna
2447 4228 2782 4282 contrarium
2842 4228 3100 4284 universo
3140 4244 3364 4284 cursum

1799 4328 2019 4378 teneant
2047 4336 2116 4378 ex
2144 4321 2425 4377 occidente
2459 4319 2516 4375 in
2543 4320 2841 4388 orientem;
2877 4322 3065 4391 utique
3105 4321 3191 4376 vel
3235 4320 3366 4374 hinc

1798 4413 2034 4469 maxime
2084 4412 2468 4484 cognoscibilis
2501 4421 2556 4468 et
2604 4412 2967 4468 admiratione
3004 4411 3200 4482 dignus
3231 4426 3364 4466 ccu-

1797 4504 2008 4560 sebitur
2061 4505 2301 4561 universi
2347 4512 2563 4560 creator
2618 4515 2782 4574 atque
2827 4505 3160 4575 gubernator
3198 4501 3363 4558 Deus.

130 4615 308 4668 γοντα,
328 4598 402 4671 μὴ
434 4600 532 4654 σὺν
549 4599 627 4671 τῷ
643 4599 779 4671 ήλίῳ
798 4600 892 4654 καὶ
921 4601 1012 4656 τὸν
1041 4601 1270 4673 οὐρανὸν
1302 4603 1524 4658 ἑστάναι
1551 4603 1692 4670 τότε,

1806 4595 1924 4652 Haec
1967 4611 2302 4667 exponemus
2352 4605 2542 4652 contra
2583 4597 3009 4669 Apollophanem
3059 4596 3362 4661 dicentem,

128 4690 247 4744 ἐπεὶ
281 4692 338 4746 ὲν
367 4692 434 4762 τῇ
484 4690 592 4762 πρὸ
618 4691 821 4764 ταύτης
852 4695 1143 4765 προγραφῇ
1175 4694 1236 4747 τὸ
1264 4695 1487 4766 ἀκριϐὲς
1514 4713 1699 4768 προει-

128 4780 388 4852 ρήκαμεν.
432 4779 592 4853 [Περὶ
615 4781 715 4852 τῆς
757 4783 865 4836 τῶν
914 4783 1156 4856 ἀστέρων
1194 4784 1487 4850 διατάξεως
1531 4785 1698 4840 ἑστώς

130 4889 228 4944 σης
277 4873 438 4944 βουλῇ
479 4870 638 4938 Θεοῦ,
699 4873 796 4928 καὶ
862 4875 937 4946 μή
987 4878 1450 4950 μετακινουμένης
1517 4875 1694 4947 αὖθις,

128 4964 250 5019 ὅταν
303 4965 483 5037 ἐθέλῃ,
524 4964 600 5028 ὡς
639 4965 734 5019 ἐπὶ
773 4965 957 5038 Ἰησοῦι
1014 4968 1101 5022 τοῦ
1154 4970 1312 5043 Ναυῆ
1371 4972 1467 5026 καὶ
1539 4971 1696 5037 Ἱεζεη

131 5056 300 5130 mm

198 5148 381 5203 Ὅταν
437 5149 615 5217 ἥλιος
664 5150 766 5206 ὑπ’
804 5152 1010 5206 αὑτοῦ.
1070 5152 1153 5207 Τὰ
1210 5153 1306 5207 τοῦ
1373 5153 1547 5228 Ἰησοῦ
1598 5155 1692 5209 τοῦ

130 5235 280 5310 Ναυῆ
308 5240 366 5292 ὲν
402 5237 615 5304 τούτοις
639 5242 1016 5312 παρατίθεται,
1050 5245 1144 5298 καὶ
1169 5244 1572 5317 ἀναμιμνήσκει
1603 5247 1694 5300 τὸν

133 5326 278 5395 ἅγιον
306 5329 661 5403 Πολύκαρπον
706 5333 805 5404 τῆς
846 5334 1085 5402 ἱστορίας
1127 5333 1347 5407 ταύτης,
1382 5337 1468 5390 ἵνα
1493 5336 1694 5409 ταύτην

133 5418 313 5492 ἀντιθῇ
365 5421 444 5493 τῷ
505 5421 905 5494 Ἀπολλοφάνει.
949 5426 1116 5498 Φησὶν
1162 5421 1290 5480 οὖν’
1325 5427 1462 5484 Είπὲ
1504 5428 1690 5500 αὐτῷ’

203 5600 227 5638 ⁸
259 5599 391 5674 cap.
429 5615 470 5664 ι,
503 5616 553 5654 v.
577 5598 670 5654 21.

1799 4705 1911 4747 non
1939 4706 2048 4745 una
2087 4707 2211 4749 cum
2242 4692 2357 4747 sole
2379 4691 2578 4748 cretum
2641 4693 2746 4746 hoc
2789 4692 3122 4756 constitisse,
3150 4690 3363 4745 tametsi

1758 4828 1761 4831 .
1799 4782 1851 4838 id
1893 4783 1950 4838 in
1992 4783 2163 4853 priori
2207 4785 2504 4855 scriptione
2553 4792 2807 4840 accurate
2855 4783 3226 4854 probavimus.
3268 4780 3366 4853 [De

1798 4885 2071 4933 astrorum
2095 4878 2474 4948 dispositione,
2490 4893 2610 4949 quae
2635 4876 2852 4946 quidem
2882 4875 3064 4930 divina
3090 4875 3364 4927 voluntate

1799 4967 1954 5023 ﬁrma
2001 4977 2119 5037 est;
2173 4977 2431 5037 attamen,
2464 4985 2588 5025 cum
2640 4969 2757 5040 ipse
2800 4966 3054 5034 voluerit,
3094 4964 3360 5028 variatur,

1799 5068 1858 5113 ut
1888 5067 2130 5128 tempore
2156 5057 2322 5115 Josue
2353 5067 2407 5114 et
2444 5059 2794 5134 Ezechielis.]

1869 5148 2094 5216 Quando
2124 5150 2206 5205 sol
2236 5150 2300 5204 ab
2332 5152 2464 5222 ipso.
2489 5149 2752 5222 Proponit
2790 5151 2881 5207 hic
2925 5166 3044 5223 quae
3090 5149 3192 5205 sub
3230 5146 3364 5206 Jesu

1795 5240 1942 5298 Nave
1978 5242 2351 5314 contigerunt,
2384 5251 2439 5299 et
2468 5243 2528 5298 B.
2561 5242 2863 5316 Polycarpo
2892 5244 3033 5297 hanc
3073 5240 3360 5295 historiam

1794 5335 1850 5390 in
1880 5335 2195 5391 memoriam
2222 5345 2458 5404 revocat,
2487 5344 2546 5391 ut
2564 5351 2684 5392 eam
2714 5333 3072 5407 Apollophaui
3096 5339 3356 5402 opponat.

1794 5424 1884 5484 Ait
1911 5427 2092 5498 itaque
2126 5445 2142 5484 :
2172 5426 2270 5484 Dic
2296 5429 2374 5484 illi
2414 5449 2427 5486 :
2458 5429 2617 5488 Disce
2643 5430 2916 5505 quomodo
2936 5428 3079 5484 Deus
3104 5425 3273 5482 solem
3307 5431 3359 5478 et

1055 5716 1288 5772 VARIIE
1325 5717 1710 5778 LECTIONES
1746 5721 1834 5778 ΕΤ
1867 5721 2415 5788 ΟΟΒΒΕΟΤΙΟΝΕΞ.

225 5876 263 5906 ⁸³
296 5873 697 5948 ἐλεγχθήσεται.
793 5877 838 5912 ⁸⁸
868 5876 1134 5945 γνώσεων.
1232 5878 1278 5910 ⁸³
1302 5876 1634 5947 φιλοσοφίας.
