3886 6538
572 466 680 523 559

1300 452 1647 512 APPENDIX
1676 451 1768 507 AD
1801 448 2034 508 OPERA
2068 448 2128 506 S.
2167 442 2466 503 DlONYSll
2497 437 2979 500 AREOPAGITE.

3650 446 3653 449 '
3710 431 3801 488 566)

574 576 791 643 lunam;
821 588 947 631 cum
994 568 1294 629 secundum
1330 566 1707 625 diametralem
1750 563 1951 618 lineam
1994 576 2026 618 e
2060 574 2148 615 re-

2266 557 2402 613 uae;
2450 556 2569 621 πῶς
2598 557 2628 609 ὁ
2657 552 2788 618 Θεὸς
2826 552 2917 606 τὸν
2944 549 3094 622 ήλιον
3126 544 3221 601 καὶ
3257 545 3359 617 τὴν
3405 536 3629 613 σελήνην
3673 542 3803 597 κατά

574 669 735 741 gione
784 681 905 723 sese
952 668 1347 735 respectarent,
1394 660 1511 717 sole
1565 657 1784 731 quidem
1811 654 1925 726 jam
1953 651 2146 708 dever-

576 765 735 829 gente
773 757 829 811 in
857 769 1136 820 occasum,
1165 752 1455 808 luminaria
1485 750 1580 805 illa
1618 747 1817 806 stiterit
1836 745 1893 800 in
1915 744 2148 800 statione

573 864 695 913 sua,
722 847 911 917 utique
935 846 1139 902 virtute
1162 842 1422 900 inell'abili
1453 841 1699 897 auctoris
1720 852 1911 897 eorum
1940 834 2057 892 Dei.
2080 833 2148 887 Et

571 934 848 993 i'mmonile
885 934 1187 990 etiamtum
1214 931 1457 989 substitit
1483 930 1797 986 universum
1836 940 1962 981 cum
1997 929 2149 979 utro-

570 1046 679 1102 que
704 1028 996 1095 luminari;
1030 1026 1235 1083 etenim
1273 1041 1385 1081 non
1430 1026 1628 1081 coelum
1671 1023 1873 1095 ipsum,
1908 1033 2018 1075 non
2044 1032 2150 1073 caa-

571 1130 689 1179 tera
715 1122 897 1178 sidera
917 1118 1508 1182 circumvolvebantur,
1532 1115 1627 1173 sed
1653 1130 1761 1169 una
1786 1128 1911 1170 cum
1933 1110 2148 1168 duobus

572 1215 695 1271 istis
726 1213 1091 1269 luminaribus
1119 1211 1329 1281 absque
1366 1215 1517 1263 motu
1546 1206 1927 1263 substiterunt.
1962 1200 2150 1272 Neque

575 1321 749 1378 parvo
771 1306 1040 1360 duntaxat
1073 1313 1316 1374 tempore
1358 1315 1555 1356 cursus
1592 1296 1833 1353 universi
1867 1310 1933 1349 ac
1968 1300 2150 1349 motus

505 1469 513 1478 ι
579 1400 871 1463 inhibitus,
906 1397 1003 1454 sed
1022 1397 1232 1467 integro
1253 1393 1362 1459 die,
1397 1394 1469 1448 ita
1496 1400 1553 1447 ut
1578 1390 1681 1447 sub
1702 1387 1834 1445 Jesu
1853 1386 2013 1443 Nave’
2030 1384 2150 1441 dies

576 1491 1069 1561 fuerit'duplicata,
1112 1503 1305 1558 nempe
1334 1485 1411 1542 ad
1440 1484 1634 1557 viginti
1676 1490 1911 1555 quatuor
1944 1480 2110 1536 horas
2132 1520 2148 1547 ,

578 1560 1032 1653 quemadmodum
1080 1580 1227 1635 clare
1265 1577 1423 1633 docet
1460 1575 1623 1632 Jesus
1672 1573 1817 1629 ﬁlius
1870 1570 2061 1628 Sirach
2095 1570 2150 1624 in

498 1682 527 1745 ri
578 1674 780 1745 hymno
812 1670 1054 1726 Patrum.
1106 1669 1314 1725 Deinde
1359 1666 1688 1738 subjungit:
1745 1663 1803 1720 Si
1832 1679 1963 1720 vero
2002 1663 2152 1719 dicat

503 1744 529 1771 Ψ
577 1744 977 1835 ApoHophanes
992 1761 1043 1816 id
1059 1777 1183 1817 esse
1205 1759 1563 1833 impossibile,
1584 1765 1646 1813 ut
1661 1772 1767 1812 una
1790 1772 1913 1811 cum
1937 1754 2151 1810 duobus

576 1854 943 1911 luminaribus
981 1854 1180 1909 coelum
1201 1892 1219 1919 ,
1253 1862 1307 1908 et
1334 1851 1546 1922 reliqua
1589 1857 1739 1905 astra
1774 1844 2149 1912 substiterint,

2246 649 2538 721 διάμετρον
2585 644 2745 709 ὅντας
2798 642 2919 696 τότε
2975 640 3200 710 ἀντικρὺ
3258 634 3524 707 ἀλλήλων,
3555 631 3801 704 δυομένου

2252 744 2356 816 ήδη
2392 741 2487 795 τοῦ
2526 740 2700 813 ήλίου,
2736 737 2962 808 ἔστησεν
3000 732 3093 787 ἐπὶ
3124 731 3288 784 τόπου
3331 729 3459 791 τοὺς
3502 725 3801 796 φωστῆρας,

2249 815 2435 888 στάσιν
2482 831 2603 886 τινὰ
2650 828 2792 884 κατά
2838 826 3063 897 δύναμίν
3104 840 3224 881 τινα
3273 821 3476 890 ἄφατον
3518 815 3611 875 τοῦ
3644 816 3804 873 αἰτίου

2247 925 2423 978 αὐτῶν
2451 921 2605 977 Θεοῦ.
2636 921 2746 974 Καὶ
2772 918 2900 989 ἔστη
2934 916 3003 969 τδ
3021 916 3127 968 πᾶν
3152 912 3404 983 ἀκίνητον
3438 907 3575 980 μετὰ
3599 905 3709 959 τῶν
3724 906 3804 960 δύο

2249 1016 2547 1089 φωστήρων
2569 1031 2582 1044 ·
2616 1011 2736 1066 οὔτε
2766 1011 2873 1083 γὰρ
2900 1003 3281 1082 οὐρανὸς,οὓτε
3313 1003 3362 1055 0t
3393 1000 3570 1053 λοιποὶ
3593 997 3805 1071 ἀστέρες

2250 1107 2626 1183 περιεπόλουν,
2656 1102 2790 1157 ἀλλὰ
2823 1100 3263 1170 συνειστήκεισαν
3289 1096 3400 1157 τοῖς
3420 1092 3543 1146 δυσὶ
3568 1090 3805 1160 φωστῆρ-

2252 1180 2335 1259 civ
2366 1198 2631 1268 ἀκίνητοι.
2664 1194 2773 1248 Καὶ
2806 1191 2929 1247 οὔτε
2956 1191 3050 1245 ἐπὶ
3080 1188 3258 1257 ὀλίγον
3289 1187 3317 1239 ὁ
3344 1184 3542 1257 δρόμος
3572 1180 3666 1235 τοῦ
3697 1198 3809 1233 πανο

2248 1292 2363 1357 τὸς,
2395 1292 2489 1345 καὶ
2520 1294 2552 1363 ή
2589 1289 2801 1360 κίνησις
2824 1286 2951 1358 ἔστη
2986 1283 3164 1355 μόνον,
3198 1279 3311 1334 ἀλλ’
3340 1279 3425 1347 ἐφ’
3455 1275 3670 1347 ἡμέραν
3701 1272 3806 1326 ὁλό-

2251 1382 2471 1455 κληρον,
2506 1381 2580 1445 ὡς
2628 1377 2878 1450 γενέσθαι
2929 1376 3021 1428 ἐπὶ
3065 1370 3238 1445 Ἰησοῦ
3278 1367 3372 1423 τοῦ
3413 1366 3569 1437 Ναυῆ
3610 1363 3809 1436 ἡμέραν

2249 1474 2441 1545 διπλῆν
2483 1471 2558 1525 κδ’
2610 1468 2788 1542 ὡρῶν,
2823 1467 2899 1531 ὡς
2941 1463 3128 1535 σαφῶς
3164 1462 3321 1517 τοῦτό
3353 1476 3520 1533 φησιν
3564 1456 3760 1529 Ἰησοῦς
3785 1456 3811 1508 ό

2250 1564 2344 1619 τοῦ
2380 1562 2579 1636 Σειράχ
2610 1562 2667 1615 ἐν
2695 1560 2771 1632 τῷ
2806 1559 2961 1631 ’ὕμνῳ
2986 1556 3094 1610 τῶν
3126 1554 3405 1625 Πατέρων.
3440 1546 3576 1605 Εἶτα
3608 1549 3807 1617 ἐπάγει·

2252 1658 2315 1711 Εἰ
2347 1656 2403 1709 δέ
2440 1657 2579 1710 εἴποι
2626 1651 3025 1720 Ἀπολλοφάνης
3047 1689 3061 1715 ,
3109 1645 3411 1710 Ἄδύνατον,
3445 1643 3513 1696 οὔ
3546 1640 3655 1712 γάρ
3697 1640 3811 1708 ἔστη

2257 1746 2394 1819 μετά
2415 1732 2633 1800 τῶνδύο
2652 1744 2834 1816 φωστὴ
2844 1761 2949 1816 ρων
2968 1739 3191 1813 οὐρανὸς
3206 1739 3299 1793 καὶ
3317 1737 3367 1791 οί
3384 1735 3564 1790 λοιποὶ
3582 1733 3812 1806 ἀστέρες,

2254 1838 2367 1895 ἀλλ’
2400 1839 2596 1891 ἐκεῖνοι
2632 1837 2729 1908 μὲν
2756 1832 3049 1898 ἐκινοῦντο,
3079 1824 3231 1892 οὗτος
3260 1828 3317 1881 δὲ
3359 1828 3573 1881 ἵστατοο
3600 1823 3813 1896 ἀπόκρι-

582 1947 678 2003 sed
707 1946 800 2001 illa
830 1954 977 2000 mota
1011 1945 1182 2001 fuisse
1206 1944 1321 2001 sole
1352 1914 1707 2005 subsistente,
1734 1938 2004 2011 responde
2022 1938 2151 2009 ipsi,

2266 1949 2341 1986 ναι
2370 1929 2518 2000 αὕτῷ
2541 1930 2642 1993 ὅτι,
2663 1927 2914 1982 Μάλιστα
2943 1923 3102 1981 τοῦτο
3131 1923 3236 1995 χρή
3264 1938 3323 1974 σε
3348 1917 3675 1991 ἐπιπρέψαι
3697 1914 3816 1987 πρὸς

528 2049 532 2053 ’
577 2039 670 2095 vel
715 2039 820 2095 hoc
862 2039 1095 2094 maxime
1127 2037 1197 2092 ad
1239 2052 1429 2091 verum
1457 2035 1629 2091 Deum
1674 2033 2030 2105 ejusdemque
2062 2046 2158 2086 eo-

577 2132 877 2203 gnitionem
912 2130 1092 2202 ipsum
1122 2136 1441 2185 convertere
1472 2127 1753 2191 debuisse,
1783 2124 1930 2196 quod
1961 2138 2158 2195 nempe

577 2225 759 2295 polus,
803 2224 895 2294 qui
948 2223 1243 2277 luminaria
1295 2221 1627 2283 continebat,
1672 2220 2155 2289 circumageretur,

578 2315 880 2371 luminaria.
896 2329 1043 2378 vero,
1066 2329 1187 2385 quae
1212 2314 1388 2384 ipsius
1408 2297 1695 2383 complexu
1714 2310 2159 2379 continebantur,

574 2406 797 2462 immota
841 2406 1212 2461 consisterint.
1240 2403 1355 2460 Hoc
1390 2404 1539 2460 enim
1581 2404 1810 2474 majoris
1835 2411 1920 2460 est
1940 2402 2160 2461 virtutis

576 2500 719 2556 coelo
751 2499 1071 2569 caaterisque
1109 2496 1284 2553 stellis
1328 2495 1514 2562 motis,
1539 2495 1709 2552 solem
1743 2502 1798 2551 et
1831 2495 2017 2549 lunam
2044 2494 2165 2551 sine

576 2600 727 2647 motu
756 2592 1073 2655 consistere,
1113 2598 1166 2649 et
1204 2604 1314 2644 non
1347 2587 1541 2645 eodem
1582 2594 1734 2642 motu
1757 2602 1881 2641 cum
1908 2587 2165 2642 universo

578 2681 814 2747 moveri,
853 2696 979 2735 cum
1016 2696 1129 2752 quo
1157 2696 1374 2752 semper
1403 2679 1702 2750 circumagi
1736 2685 2161 2734 consueverunt.

643 2771 900 2843 Statuque
930 2773 1165 2827 mirabili
1193 2773 1354 2828 simul
1378 2788 1497 2827 cum
1530 2771 1627 2825 hac
1668 2770 2026 2825 universitate.
2072 2767 2165 2823 Ait

576 2880 794 2937 nempe,
846 2865 1121 2936 quomodo
1181 2865 1346 2921 simul
1408 2864 1528 2936 ipso
1578 2864 1705 2936 polo
1759 2864 1995 2919 immoto
2048 2876 2167 2916 ma-

579 2963 745 3013 nente
783 2956 955 3028 (hunc
997 2957 1144 3014 enim
1172 2957 1587 3013 universitatem
1609 2955 1925 3029 appellavit)
1952 2956 2085 3012 solis
2112 2962 2167 3012 et

576 3049 723 3105 luna:
770 3051 936 3106 statio
988 3050 1132 3105 facta
1178 3042 1272 3106 sit.
1327 3048 1472 3117 Quin
1520 3050 1723 3120 potius,
1766 3049 1925 3121 311
1967 3049 2166 3120 inquit,

576 3143 753 3196 multo
807 3143 984 3214 magis
1015 3142 1350 3208 mirandum,
1398 3142 1446 3197 si
1486 3142 1646 3213 polus
1674 3142 1894 3213 quidem
1929 3141 2170 3196 circum-

577 3231 843 3303 agebatur
875 3234 1044 3305 (hunc
1068 3235 1215 3291 enim
1245 3233 1593 3305 signiﬁcavit,
1626 3232 1838 3299 dicens,
1883 3232 2165 3298 universis,

2256 2020 2349 2076 τὸν
2380 2021 2552 2093 ἀληθῆ
2581 2018 2712 2073 Θεὸν
2749 2017 2844 2072 καὶ
2874 2017 2974 2087 τὴν
3005 2013 3168 2069 αὑτοῦ
3210 2012 3433 2083 γνῶσιν,
3484 2010 3581 2065 καὶ
3609 2008 3702 2063 τοῦ
3740 2019 3817 2060 κιά

2257 2112 2474 2177 νοῦντος
2507 2112 2602 2183 μὲν
2634 2109 2727 2164 τὸν
2754 2107 3072 2179 περιέχοντα
3101 2106 3236 2169 τοὺς·
3260 2102 3556 2174 φωστῆρας
3584 2099 3816 2173 οὐρανὸν,

2261 2207 2505 2270 ἱστάντος
2538 2204 2596 2259 δὲ
2632 2204 2919 2276 ἀκινήτους
2934 2200 3059 2264 τοὺς
3080 2196 3500 2271 περιεχομένους
3523 2194 3817 2265 φωστῆρας.

2260 2298 2432 2354 Τοῦτο
2470 2297 2580 2370 γάρ
2632 2295 2877 2369 μείζονές
2927 2294 3043 2347 ἐστι
3074 2289 3374 2362 δυνάμεως,
3407 2286 3490 2350 τὸ,
3517 2284 3818 2356 κινουμένου

2259 2392 2490 2467 οὐρανοῦ
2528 2391 2623 2446 καὶ
2656 2388 2769 2444 τῶν
2798 2386 3015 2442 λοιπῶν.
3037 2383 3300 2455 ἀστέρων,
3328 2380 3517 2451 στῆναι
3554 2377 3698 2448 ἥλιον
3736 2374 3823 2429 καὶ

2264 2486 2493 2558 σελήνην
2531 2483 2841 2554 ἀκινήτους,
2872 2479 2968 2538 καὶ⁵
3011 2476 3083 2549 μὴ
3126 2474 3227 2545 τὴν
3256 2471 3425 2542 αὐτὴν
3454 2468 3624 2541 φορὰν
3651 2484 3823 2536 συγκι-

2262 2578 2493 2652 νηθῆναι
2529 2575 2608 2647 τῷ
2630 2573 2813 2640 παντὶ,
2838 2570 2954 2644 μεθ’
2976 2564 3038 2624 οὗ
3065 2566 3161 2622 ἀεὶ
3178 2581 3355 2638 σιλμπε
3366 2565 3619 2637 ριήγοντο
3629 2559 3697 2615 ⁸⁸.

2347 2770 2873 2843 Ὑπερφυεστὰτην
2897 2768 3019 2839 ἅμα
3044 2765 3124 2833 τῷ
3161 2764 3359 2820 παντί.
3394 2760 3558 2832 Λέγει
3618 2759 3728 2831 μὲν,
3757 2755 3823 2821 ὡς

2264 2866 2399 2941 όμοῦ
2430 2866 2510 2938 τῷ
2535 2864 2680 2936 πόλῳ
2701 2863 2939 2934 ἀκινήτῳ
2975 2858 3217 2932 μείναντι
3243 2854 3421 2929 (τοῦτο
3451 2853 3562 2926 γὰρ
3592 2851 3823 2922 ὠνόμασε

2265 2958 2325 3012 τὸ
2353 2956 2481 3027 πᾶν)
2526 2958 2560 3026 ή
2592 2953 2685 3008 τοῦ
2708 2952 2858 3026 ήλίου
2890 2952 2981 3005 καὶ
3002 2950 3103 3022 τῆς
3129 2948 3355 3019 σελήνης
3382 2946 3602 3014 ἐγένετο
3632 2942 3822 3004 στάσις.

2267 3048 2483 3103 Μᾶλλον
2544 3047 2634 3114 δὲ,
2703 3045 2857 3116 φησὶ,
2921 3043 3100 3114 πολλῷ
3151 3035 3638 3110 θαυμασιώτερον,
3678 3031 3823 3101 εἴπερ

2267 3144 2296 3197 ὁ
2333 3141 2429 3212 μὲν
2459 3138 2620 3202 πόλος
2642 3138 2957 3209 περιήγετο,
2986 3134 3192 3207 (τοῦτον
3223 3130 3332 3203 γάρ
3350 3129 3636 3200 ἐδήλωσεν,
3668 3122 3823 3177 εἰπὼν

2266 3232 2388 3287 τῶν
2401 3231 2579 3295 ὅλων,
2598 3228 2693 3283 καὶ
2712 3226 3079 3297 κρειττόνων,
3102 3223 3196 3278 καὶ
3218 3216 3659 3290 περιεχόντων),
3688 3215 3823 3285 ἥλιος

577 3323 971 3393 «potioribus,
1014 3330 1070 3380 et
1113 3321 1555 3395 continentibus);
1603 3323 1686 3379 sol
1728 3331 1909 3378 autem
1954 3330 2008 3378 et
2037 3323 2161 3378 luna

2266 3325 2324 3379 δέ
2345 3322 2441 3379 καὶ
2461 3321 2656 3395 σελήνη
2700 3319 2791 3392 (τά
2820 3318 2931 3391 γὰρ
2968 3314 3356 3387 περιεχόμενα
3386 3308 3591 3383 ταῦτα)
3630 3308 3823 3379 00mm.-

579 3417 720 3489 (hac
753 3417 900 3473 enim
938 3416 1367 3487 continebantur)
1409 3430 1521 3470 non
1556 3430 1663 3470 una
1712 3414 1877 3471 simul
1910 3430 2032 3472 cum
2077 3431 2164 3482 eo,

580 3511 746 3582 cujus
786 3511 1081 3581 complexu
1113 3509 1462 3574 tenebantur,
1490 3506 2028 3577 circumagebantur.

657 3603 1070 3658 Continuatione
1116 3600 1232 3670 fere
1264 3599 1421 3669 triplo
1457 3598 1662 3669 longior
1683 3598 1898 3667 eﬂ'ectus
1941 3599 2031 3655 sit.
2058 3597 2170 3671 Ap.

581 3694 770 3767 posuit
802 3693 930 3764 fere,
960 3691 1107 3763 quod
1127 3691 1243 3747 dies
1273 3682 1363 3745 ille
1403 3703 1516 3744 non
1546 3703 1938 3759 usquequaque
1966 3689 2162 3760 plenus

582 3787 750 3843 fuerit
773 3784 981 3857 triplici
1004 3781 1379 3839 dimensione:
1410 3780 1662 3852 (duarum
1693 3780 1840 3836 enim
1871 3790 1923 3836 et
1945 3781 2171 3853 triginta

584 3878 688 3935 fuit
716 3876 999 3949 horarum)
1024 3877 1093 3931 ab
1123 3875 1334 3931 oriente
1378 3874 1588 3930 scilicet
1612 3873 1682 3927 ad
1710 3889 1834 3929 eum
1864 3889 2039 3945 usque
2086 3876 2171 3931 lo-

584 3989 737 4039 cum,
772 3973 829 4028 in
854 3986 964 4044 quo
996 3970 1080 4027 sol
1130 3977 1250 4024 tum
1294 3969 1547 4024 inventus
1576 3978 1682 4035 est,
1712 3968 1933 4039 quando
1961 3968 2169 4024 editum

590 4074 679 4123 est
710 4065 859 4123 istud
913 4065 1155 4136 signum,
1218 4062 1407 4119 decem
1460 4061 1609 4117 horae
1661 4062 2063 4133 praeterierant,
2113 4069 2170 4117 et

587 4158 790 4215 iterum
823 4156 1037 4220 decem,
1067 4156 1196 4211 dum
1228 4154 1381 4209 illinc
1408 4153 1511 4209 iter
1538 4152 1748 4208 reﬂexit
1777 4152 1844 4208 ad
1875 4153 2165 4219 orientem,

586 4256 642 4306 et
666 4248 955 4305 duodecim
984 4247 1111 4302 inde
1133 4261 1310 4316 usque
1336 4245 1404 4301 ad
1434 4245 1795 4302 occidentem.
1837 4245 2038 4302 Eadem
2068 4261 2169 4300 au-

585 4351 695 4400 tem
753 4340 1012 4411 loquendi
1061 4338 1299 4394 formula
1340 4338 1429 4395 hic
1456 4356 1591 4395 usus
1621 4346 1742 4404 est,
1798 4338 1945 4409 quod
1973 4354 2175 4409 nempe

585 4436 744 4506 polus
771 4448 881 4488 una
904 4446 1039 4486 “cum
1070 4432 1184 4490 sole
1215 4430 1406 4502 viginti
1433 4440 1668 4502 quatuor
1697 4432 1960 4486 horarum
1988 4434 2169 4502 spatio

588 4524 973 4580 admirandam
1006 4522 1170 4578 istam
1198 4525 1682 4597 retrogressionem
1723 4522 1934 4589 fecerit,
1972 4524 2057 4579 vel
2084 4523 2167 4580 sol

586 4617 705 4687 ipse
736 4616 910 4671 solus.

668 4707 763 4762 Vel
806 4706 1100 4761 universum
1146 4708 1340 4778 aequali
1392 4708 1641 4778 temporis
1690 4708 1883 4776 spatio.
1944 4706 2158 4762 Dictum

589 4801 694 4857 hoc
724 4800 799 4855 ita
831 4807 1087 4856 construe
1114 4818 1129 4854 :
1178 4799 1315 4855 Cum
1342 4802 1415 4857 sit
1444 4816 1541 4871 per
1572 4800 1976 4869 trajectionem,
2012 4800 2157 4869 quod

587 4908 786 4964 nempe
850 4893 1165 4951 universum
1236 4909 1334 4964 per
1393 4892 1701 4948 contrarias
1767 4892 1869 4948 has
1928 4892 2161 4950 lationes

587 4986 783 5057 :equali
813 4986 1036 5041 omnino
1063 4987 1327 5057 temporis
1358 4985 1537 5055 spatio
1577 4983 1845 5040 mirandis
1876 4984 2000 5040 istis
2034 5000 2161 5040 ver-

586 5079 848 5151 tiginihus
902 5078 1304 5134 retrocesserit.
1362 5076 1489 5130 Haec
1548 5076 1712 5132 etiam
1765 5077 1908 5132 libro
1962 5084 2161 5151 quarto

584 5171 782 5244 Regum
840 5172 1188 5227 declarantur
1216 5211 1232 5238 ,
1302 5176 1357 5224 et
1421 5169 1724 5239 praesertim
1784 5170 1841 5224 in
1916 5170 2159 5227 editione

588 5264 927 5337 Symmachi,
978 5272 1034 5320 ct
1087 5264 1229 5318 libro
1271 5262 1513 5318 secundo
1566 5263 2033 5334 Paralipomenon.

656 5358 751 5413 Sol
779 5359 834 5412 in
864 5356 1080 5429 proprio
1112 5371 1292 5412 cursu.
1348 5354 1777 5411 Anniversarius
1821 5358 1953 5413 solis
1979 5366 2163 5412 motus

585 5450 827 5521 quinque
866 5448 998 5502 facit
1054 5448 1464 5513 conversiones,
1497 5449 1739 5513 scilicet,
1781 5450 2162 5506 ascensionem

586 5544 884 5606 borealem,
924 5554 1091 5611 quam
1153 5538 1374 5594 conﬁcit
1421 5555 1452 5593 a
1489 5556 1657 5596 verno
1706 5542 2036 5611 aequinoctio
2094 5539 2163 5594 ad

587 5637 839 5692 aestivum
890 5647 1068 5702 usque
1131 5631 1427 5689 solstitium
1468 5641 1524 5690 et
1574 5633 1908 5689 descensum
1969 5634 2166 5689 borea-

2267 3419 2560 3489 περιήγετο
2589 3412 2668 3487 τῷ
2698 3412 3023 3485 περιέχοντι.

2336 3602 2500 3660 Κατὰ
2553 3598 2876 3671 συνέχειαν
2939 3593 3164 3666 σχεδὸν
3210 3588 3711 3662 τριπλασιάζηται.
3754 3582 3821 3640 Τδ

2266 3694 2491 3765 σχεδὸν
2518 3690 2890 3764 προσέθηκεν,
2930 3686 3116 3757 ἐπειδὴ
3176 3682 3377 3756 τριπλῆ
3424 3680 3569 3735 κατὰ
3608 3680 3667 3734 τὸ
3700 3677 3820 3745 πλῆ-

2269 3805 2361 3861 ρες
2385 3786 2485 3840 οὐκ
2522 3783 2738 3855 ἐγένετο
2760 3784 2795 3853 ή
2815 3779 3016 3852 ήμέρα
3053 3776 3237 3848 ἐκείνη
3280 3773 3540 3847 (λβθίγάρ
3565 3770 3713 3861 ὡρῶν
3738 3768 3821 3861 γέ-

2266 3855 2390 3949 γονε
2408 3894 2423 3909 ο
2452 3877 2471 3950 )
2500 3875 2563 3930 τὸ
2612 3875 2720 3929 ἀπὸ
2751 3871 3017 3942 ἀνατολῆς
3068 3868 3228 3941 μέχρι
3256 3865 3352 3920 τοῦ
3398 3865 3568 3919 τόπου
3591 3865 3647 3916 ἐν
3669 3855 3709 3930 ᾧ
3737 3856 3817 3929 ἦν,

2265 3972 2357 4025 ὅτε
2386 3969 2448 4024 τὸ
2477 3970 2699 4041 σημεῖον
2732 3964 2909 4034 ἐδόθη,
2942 3962 3038 4017 καὶ
3099 3959 3231 4013 δέκα
3290 3956 3501 4011 ἐκεῖθεν
3534 3955 3626 4009 ἐπὶ
3663 3954 3819 4006 ἀνατο-

2265 4065 2386 4130 λάς,
2414 4063 2509 4118 καὶ
2543 4060 2753 4115 δώδεκα
2782 4057 2942 4130 μέχρι
2979 4054 3079 4126 τῆς
3130 4050 3449 4113 τελευταίας
3473 4048 3691 4111 δύσεως.
3738 4042 3815 4111 Τῷ

2266 4158 2416 4231 αὐτῷ
2461 4156 2519 4211 δὲ
2559 4156 2798 4227 σχήματι
2834 4150 2928 4204 τοῦ
2976 4149 3135 4217 λόγου
3163 4147 3259 4199 καὶ
3285 4142 3521 4197 ἐνταῦθα
3555 4141 3815 4212 ἐχρήσατο,

2266 4256 2348 4309 ὅτι
2445 4254 2474 4306 ὁ
2532 4249 2695 4312 πόλος
2732 4244 2895 4308 αὐτὸς
2948 4242 3044 4325 σὺν
3074 4238 3152 4311 τῷ
3209 4238 3348 4310 ήλίῳ
3386 4240 3459 4291 ἐν
3506 4235 3584 4307 τῷ
3612 4233 3712 4287 τῶν
3748 4228 3813 4281 κδ’

2265 4322 2424 4418 ὡρῶν
2486 4342 2813 4412 διαστήματι
2851 4336 2951 4407 τὴν
2984 4322 3239 4404 ὑπερφυῆ
3271 4331 3493 4404 ἐκείνην
3532 4330 3815 4397 ἀντιπερια-

2268 4420 2453 4510 γιογὴν
2487 4435 2802 4506 ἐποιήσατο,
2828 4431 2862 4504 ἢ
2899 4430 3059 4502 μόνος
3085 4430 3114 4482 ὁ
3143 4425 3315 4497 ἥλιος.

2338 4706 2417 4761 Ἦ
2432 4704 2496 4758 τὸ
2514 4700 2637 4758 πᾶν
2650 4700 2940 4755 τοσούτου
2956 4694 3197 4765 χρόνου.
3216 4691 3292 4746 Τὸ
3311 4688 3475 4764 ῥητὸν
3495 4689 3639 4743 οὕτω
3653 4682 3817 4741 σύνθες

2263 4798 2384 4854 καθ’
2423 4795 2723 4870 ὑπέρϐασιν
2789 4791 2882 4844 δν*
2918 4790 2988 4842 Ἢ
3034 4786 3097 4840 τὸ
3149 4786 3260 4839 πᾶν
3304 4781 3696 4853 ἐπαναστρέφει
3722 4774 3811 4835 τὰς

2264 4869 2750 4953 ἐναντίαςταύτας
2791 4880 2982 4955 φορὰς,
3038 4876 3294 4934 τοσοῦτον
3325 4876 3598 4946 διάστημα
3647 4869 3815 4951 χρόνου

2265 4980 2582 5047 ἀναποδίζον
2640 4980 2758 5042 ταῖς
2807 4975 2947 5047 ὑπὲρ
2978 4973 3134 5041 λόγον
3179 4969 3407 5033 ταύταις
3452 4966 3812 5039 περιδινήσεσι.

2264 5074 2451 5130 Ταῦτα
2486 5073 2542 5126 δέ
2571 5071 2663 5125 καὶ
2718 5071 2774 5122 ἐν
2805 5069 2873 5138 τῇ
2930 5066 2971 5119 δ
3029 5063 3136 5117 τῶν
3187 5060 3523 5116 Hadulac?»-
3565 5054 3814 5129 δηλοῦται,

2269 5165 2364 5221 καὶ
2392 5164 2623 5238 μάλιστα
2655 5162 2712 5215 ἐν
2741 5162 2808 5231 τῇ
2844 5157 2985 5213 κατά
3038 5156 3334 5227 Σύμμαχον
3380 5148 3610 5213 ἐκδόσει,
3643 5148 3725 5203 καὶ
3756 5146 3815 5196 ἐν

2266 5260 2340 5331 τῇ
2372 5258 2416 5329 β’
2449 5256 2557 5310 τῶν
2591 5248 3143 5322 Παραλειπομένων.

2343 5321 2419 5403 Ἦ
2454 5350 2487 5401 ὁ
2516 5321 2689 5413 ἣλιος
2716 5342 2786 5395 ἐν
2827 5340 2951 5403 ὶδίῳ
2979 5338 3191 5406 δρόμῳ.
3247 5335 3317 5389 Ἠ
3352 5334 3448 5388 τοῦ
3482 5332 3630 5405 ἡλίου
3665 5321 3818 5380 ἐνιαύ-

2264 5458 2377 5505 σιος
2417 5440 2632 5510 κίνησις
2679 5435 2839 5488 πέντε
2877 5434 3111 5486 ποιεῖται
3163 5426 3393 5499 τροπὰς,
3446 5424 3699 5479 ἀνάϐασιν
3736 5415 3817 5486 βο-

2266 5536 2436 5607 ρείαν,
2478 5507 2754 5586 τουτέστιν
2779 5526 2886 5581 ἀπὸ
2911 5523 3230 5596 ίσημερινῆς
3280 5521 3339 5573 ἐν
3383 5519 3463 5589 τῷ
3496 5518 3614 5589 ἔαρι
3647 5515 3717 5574 εἰς
3732 5507 3817 5607 τὸν

2263 5598 2472 5689 θερινὸν
2504 5622 2783 5697 τροπικὸν,
2806 5620 2901 5675 καὶ
2929 5616 3228 5673 κατάὅασιν
3287 5612 3510 5685 βορείαν
3556 5609 3645 5665 ἀπ’
3669 5598 3816 5660 αὺτῡῦ

1506 5794 1735 5851 νΑΡιιιΕ
1776 5793 2159 5853 LECTIONES
2197 5791 2287 5847 ET
2319 5782 2868 5877 COBBECTIQNES.

698 5910 743 5942 "
780 5913 1195 5981 συμπεριήγετο.

1128 5990 1228 6071 ...Α
