3886 6542
146 478 235 536 δη
1041 453 1097 530 s.
1130 472 1379 532 unum
1413 475 1707 536 senem
1740 478 1811 535 IN
1843 479 1994 538 EPP.
2034 481 2093 540 s.
2128 478 2442 544 mons".

3274 489 3381 547 διε

148 598 237 652 ἐπὶ
270 593 365 649 τδν
402 588 729 664 ἰσημερινὸν
774 588 853 663 τῷ
908 590 1231 664 μετοπώρῳ,
1269 591 1362 645 καὶ
1416 590 1704 646 κατάϐασιι

1825 593 1955 659 lem,
1989 593 2066 650 ab-
2089 595 2279 651 eodem
2308 611 2482 666 usque
2511 594 2579 650 ad
2606 596 2992 669 aequinoctium
3045 603 3380 659 autumnale.

149 688 324 746 νοτίαν
380 686 497 742 ἀπὸ
557 684 654 739 τοῦ
717 682 1028 757 ίσημερινοῦ
1086 684 1178 738 ἐπὶ
1255 682 1348 738 τὸν
1412 683 1717 757 χειμερινὸν

148 780 399 853 τροπικὸν
420 818 439 844 ,
487 777 584 832 καὶ
620 776 715 831 ἀπ’
739 775 901 830 αὑτοῦ
936 777 1099 831 πάλιν
1134 775 1396 831 ἀνάϐασιν
1426 777 1604 831 νοτίαν
1626 777 1718 830 ἐπὶ

148 874 229 927 τὸν
274 870 643 943 ἰσημερινὸν,
696 869 788 923 καὶ
842 869 1098 941 πέμπτην
1174 870 1275 941 τὴν
1340 868 1585 924 ἐναντίαν
1638 868 1718 940 τῷ

147 966 319 1020 παντί.
347 963 539 1017 Εἰπὼν
576 959 670 1017 οὖν
702 961 863 1016 αὑτοῦ
913 963 1011 1035 τὴν
1069 964 1437 1035 πεντάτροπον
1484 961 1714 1032 κίνησιν,

146 1058 226 1111 διὰ
247 1056 348 1127 τῆς
376 1054 699 1128 προσθήκης
747 1054 841 1107 τοῦ
882 1054 1106 1126 ἄρθρου,
1147 1056 1240 1108 καὶ
1269 1054 1363 1108 τοῦ
1402 1052 1717 1126 προσθεῖναι

147 1147 333 1216 αὐτοῦ,
352 1148 459 1218 τὴν
506 1145 779 1217 γνώριμον
808 1147 902 1199 καὶ
939 1145 1141 1219 συνήθη
1169 1146 1431 1218 ὑπέφηνε.
1467 1146 1541 1199 Τὸ
1567 1145 1623 1199 δὲ
1658 1146 1718 1199 ἐν
1774 1214 1779 1221 .

144 1239 347 1301 τούτοις
388 1239 687 1309 λεγόμενον
738 1238 842 1292 ὑπὸ
899 1238 993 1293 τοῦ
1044 1239 1257 1311 Πατρὸς
1296 1240 1577 1310 νοήσωμεν
1625 1236 1718 1290 οῦ·-

144 1350 276 1398 τωςο
315 1332 681 1403 Ύποθώμεθα
718 1332 811 1385 τὸν
850 1330 1001 1402 ἧλιον
1033 1326 1173 1385 εἶναι
1223 1332 1364 1385 κατὰ
1384 1332 1484 1402 τὴν
1504 1330 1715 1403 ἡμέραν

142 1426 348 1494 ἐκείνην
382 1427 453 1495 τῇ
489 1422 609 1496 ὥρᾳ
638 1422 738 1494 τῆς
770 1423 1035 1494 ἀνατολῆς
1072 1424 1130 1478 ὲν
1171 1422 1363 1499 πρώτῃ
1404 1424 1567 1497 μοίρᾳ⁵
1617 1422 1713 1477 τοῦ

142 1516 309 1589 Κριοῦ
360 1516 586 1588 πλήρει,
626 1516 702 1587 μὴ
759 1516 959 1588 ἐχούσῃ
1021 1513 1232 1569 λεπτά·
1292 1518 1371 1580 είς
1413 1516 1512 1589 τὴν
1546 1514 1715 1586 αὐτὴν

141 1607 230 1665 οὖν
255 1612 451 1682 μοῖραν
480 1609 642 1662 αὐτὸν
681 1607 991 1661 ἐπανελθεΝ
1034 1608 1134 1662 οὑκ
1182 1604 1273 1679 ἦν,
1322 1609 1397 1679 μὴ
1423 1607 1715 1662 τελέσαντα

140 1704 234 1775 τὴν
273 1705 643 1775 προταγείσαν
669 1694 771 1773 τὴν
816 1700 1187 1772 πεντάτροπον
1225 1701 1457 1773 κίνησιν,
1486 1700 1518 1773 ἡ
1546 1700 1624 1765 ὡς
1642 1700 1707 1753 δι’

141 1794 361 1867 ἡμερῶν
397 1794 542 1862 τξε’,
592 1795 691 1848 καὶ
736 1794 1183 1865 τεταρτημορίου.
1252 1793 1339 1847 Ἑν
1361 1796 1485 1857 ταῖς
1539 1800 1568 1846 ι’
1618 1787 1713 1846 οὖν

141 1887 305 1959 ὥραις
352 1889 477 1950 ταῖς
506 1885 615 1940 ἀπὸ
688 1885 759 1939 ιϐ’
788 1886 835 1917 ⁸⁸
866 1886 926 1938 ἐν
1041 1881 1130 1956 ἦν,
1182 1884 1341 1957 μέχρι
1396 1883 1491 1938 τοῦ
1543 1885 1714 1938 τόπου

1819 693 1875 741 et
1902 685 2228 743 descensum
2274 688 2566 744 australem
2594 688 2664 744 ab
2716 689 2819 746 hoe
2846 690 3172 760 aequinoctio
3200 693 3267 747 ad
3295 694 3382 749 bi-

1816 775 2047 833 bernum
2074 794 2247 850 usque
2278 779 2597 845 solstitium,
2630 788 2684 836 et
2712 782 2781 836 ab
2806 782 2911 837 hoc
2940 798 3133 838 rursus
3187 799 3382 841 ascen-

1818 881 1941 922 sum
1970 871 2264 925 australem
2294 871 2361 925 ad
2392 870 2810 941 aquinoctium;
2863 880 2917 928 et
2956 874 3227 945 quintam,
3256 876 3381 930 uui-

1816 975 1977 1015 verso
2008 963 2363 1017 contrariam.
2406 962 2634 1029 Quando
2686 963 2853 1034 igitur
2903 965 3379 1036 quinqueformem

1816 1053 1936 1123 ejus
1964 1061 2171 1109 motum
2198 1054 2513 1125 appellavit,
2543 1055 2883 1125 appositione
2929 1056 3145 1111 articuli
3182 1057 3380 1113 subiu-

1815 1145 2019 1200 dicavit
2066 1146 2217 1201 illum
2262 1156 2467 1204 motum
2514 1155 2568 1203 et
2620 1156 2945 1204 consuetum
2973 1149 3105 1206 solis
3150 1159 3379 1207 motum.

1817 1234 1909 1292 Sic
1937 1238 2122 1309 itaque
2149 1238 2522 1309 expendamus
2548 1239 2678 1310 quid
2712 1256 2744 1294 a
2767 1239 2925 1296 Patre
2950 1256 3046 1311 per
3072 1241 3188 1296 haec
3217 1242 3381 1297 verba

1815 1328 2020 1383 dictum
2052 1330 2143 1385 sit.
2199 1328 2582 1400 Supponamus
2640 1332 2810 1388 solem
2861 1332 2954 1387 illa
2996 1332 3105 1399 die,
3128 1333 3265 1389 hora
3294 1335 3381 1391 sui

1815 1427 1991 1487 ortus,
2023 1418 2194 1477 fuisse
2225 1421 2281 1474 in
2313 1422 2490 1492 prima
2535 1430 2690 1493 parte
2746 1423 2972 1489 Arietis,
2994 1439 3116 1494 quae
3143 1440 3253 1480 non
3283 1424 3383 1479 ba-

1812 1512 1938 1567 beat
1967 1513 2208 1580 minuta;
2243 1528 2349 1567 non
2372 1520 2585 1583 poterat
2629 1514 2813 1584 itaque
2841 1515 2908 1570 ad
2957 1515 3099 1571 hanc
3150 1516 3382 1587 primam

1813 1608 2023 1673 partem
2052 1602 2256 1658 Arietis
2278 1603 2481 1667 redire,
2514 1602 2621 1657 nisi
2647 1603 2917 1669 confecta,
2949 1620 3111 1676 quam
3134 1605 3385 1677 praeseri-

1812 1694 2046 1764 psimus,
2074 1694 2480 1766 quinqueformi
2531 1695 2794 1765 motione,
2823 1712 2926 1767 per
2982 1697 3100 1753 dies
3131 1696 3385 1753 videlicet

1812 1794 2088 1842 trecentos
2148 1787 2431 1857 sexaginta
2468 1788 2711 1858 quinque
2765 1797 2818 1843 et
2869 1800 3119 1859 quartam
3148 1798 3380 1861 partem.

1813 1877 1873 1933 In
1904 1878 2092 1934 decem
2126 1879 2293 1950 igitur
2334 1879 2509 1945 horis,
2560 1896 2591 1933 a
2629 1881 2972 1947 duodecima,
3021 1882 3212 1954 inqua
3242 1894 3381 1951 erat,

138 1977 201 2031 ἐν
230 1972 274 2047 ᾧ
322 1976 425 2049 τὴν
447 1976 712 2048 ἀνατολὴν
753 1976 917 2031 αὑτοῦ
967 1978 1279 2049 ἐποιήσατο,
1324 1977 1569 2030 τουτέστι
1610 1977 1704 2048 τῆς

1813 1986 1988 2041 usque
2014 1970 2082 2025 ad
2112 1972 2294 2026 locum
2320 1970 2377 2026 in
2407 1987 2515 2042 quo
2544 1980 2723 2028 ortum
2751 1990 2910 2029 suum
2941 1974 3092 2042 fecit,
3136 1977 3192 2032 id
3237 1986 3323 2041 est
3350 1995 3383 2034 a

138 2070 360 2142 πρώτης
432 2070 630 2141 μοίρας
682 2067 777 2123 τοῦ
834 2070 1027 2142 Κριοῦ,
1077 2070 1401 2133 ἀναποδίσας
1450 2069 1510 2123 ἐν
1550 2070 1708 2141 αὐτῇ,

137 2159 203 2213 τὰ
231 2161 333 2231 τῆς
374 2161 751 2231 πεντατρόπου
806 2162 1093 2231 κινήσεως,
1148 2162 1315 2232 ἡγουν
1376 2162 1477 2233 τῆς
1536 2162 1713 2215 ἐνιαυ-

140 2252 307 2305 σιαίου
351 2250 624 2322 περιόδου,
674 2249 989 2321 ἐπλήρωσε*
1046 2249 1140 2303 καὶ
1185 2250 1242 2302 ἐν
1280 2253 1400 2313 ταῖς
1439 2248 1627 2313 ἄλλαις
1678 2255 1710 2303 ι’

135 2347 251 2408 ταῖς
281 2344 424 2416 μετά
472 2343 564 2395 τὸν
607 2341 971 2412 ἀναποδισμὸν
1021 2340 1161 2395 κατά
1192 2342 1283 2396 τὸν
1336 2342 1498 2395 τόπον
1552 2341 1709 2410 γενύ-

139 2453 294 2506 μενος
330 2437 389 2488 ἐν
432 2427 478 2503 ᾧ
510 2430 576 2505 ἧν
602 2434 690 2487 ὅτε
727 2434 788 2487 τὸ
844 2435 1066 2504 σημεῖον
1091 2433 1270 2504 ἐδόθη,
1309 2433 1388 2495 ὡς
1427 2435 1485 2487 ἐν
1519 2434 1711 2487 ὑποθέ-

137 2547 219 2582 σει
245 2530 421 2582 εἰπεῖν
454 2528 513 2582 ἐν
536 2530 604 2599 τῇ
634 2529 733 2599 μιᾷ
786 2527 882 2580 καὶ
932 2528 1157 2598 ἡμισείᾳ
1190 2526 1356 2599 μοίρᾳ
1385 2527 1478 2580 τοῦ
1514 2526 1706 2599 Κριοῦ,

133 2619 330 2690 ὁμοίως
374 2618 445 2673 τὰ
488 2617 589 2687 τῆς
629 2618 800 2689 αὐτῆς
844 2618 1213 2689 πεντατρόπου
1247 2620 1514 2690 κινήσεως
1545 2618 1711 2689 ἐπλή-

136 2728 275 2782 ρωσε
323 2710 468 2764 κατά
517 2710 793 2775 ἀνάλυσιν,
846 2711 985 2782 ὅπερ
1038 2709 1374 2773 ἀναλυτικῶς
1416 2710 1706 2763 ἐκάλεσεν·

133 2802 231 2853 οὐκ
260 2796 328 2871 ἧν
361 2800 475 2871 γὰρ
535 2799 696 2853 αὑτὸν
744 2799 906 2853 πάλιν
956 2800 1014 2851 ἐν
1070 2801 1143 2869 τῇ
1194 2800 1290 2869 μιᾷ
1337 2799 1429 2851 καὶ
1483 2796 1709 2868 ἡμισείᾳ

136 2890 299 2962 μοίρᾳ
322 2890 505 2963 ταύτῃ
523 2888 618 2943 τοῦ
644 2888 1107 2961 Κριοῦγενέσθαι,
1124 2886 1272 2953 ἅπαξ
1284 2888 1591 2942 ἀποστάντα
1612 2888 1708 2941 ἀπ’

132 2984 319 3055 αὐτῆς,
349 2982 425 3054 μὴ
458 2982 551 3035 διὰ
585 2982 693 3036 τῶν
715 2982 809 3035 τοῦ
838 2982 1082 3036 ἐνιαυτοῦ
1106 2980 1348 3054 ἡμερῶν,
1372 2982 1447 3042 ὠς
1474 2982 1704 3053 εἴρηται.

213 3074 553 3143 Ἐμφέρεται
582 3071 823 3143 φήμαις.
888 3073 1039 3127 Ἀντὶ
1062 3072 1153 3126 τοῦ
1202 3072 1481 3144 ἱστορίαις.

198 3164 426 3232 Μίθρου
465 3163 731 3217 τελοῦσι.
780 3163 995 3234 Μίθραν
1044 3162 1136 3216 τὸν
1188 3162 1336 3234 ἥλιον
1361 3162 1565 3233 Πέρσαι
1616 3179 1709 3217 κα-

128 3252 300 3306 λοῦσι.
332 3252 407 3305 Τὸ
440 3251 773 3323 παρέκταμα
813 3248 905 3306 οὖν
966 3251 1067 3321 τῆς
1119 3252 1333 3324 ἡμέρας
1377 3251 1591 3323 ἐκείνης
1619 3254 1707 3309 διά

1811 2064 1988 2134 prima
2018 2071 2172 2134 parte
2199 2065 2425 2131 Arietis,
2457 2064 2525 2120 ad
2552 2065 2726 2137 ipsam
2762 2068 3188 2138 retrogrediens,
3220 2070 3385 2141 quin-

1811 2156 2151 2227 queformem
2179 2166 2407 2223 motum,
2464 2159 2580 2215 sive
2612 2175 2854 2214 annuum
2906 2162 3272 2229 curriculum;
3328 2172 3385 2219 et

1810 2247 1868 2302 in
1899 2248 2023 2305 aliis
2060 2248 2247 2304 decem
2280 2258 2406 2319 post
2432 2250 2981 2321 retrogradationem,
3015 2254 3177 2324 312
3205 2255 3261 2310 in
3282 2269 3382 2311 eo-

1810 2341 1933 2397 dem
1975 2341 2132 2412 signo
2160 2340 2284 2407 fuit,
2348 2343 2405 2397 in
2454 2358 2564 2414 quo
2593 2352 2731 2408 erat,
2777 2345 2998 2415 quando
3042 2348 3257 2417 signum
3286 2362 3383 2403 ex-

1809 2432 2085 2500 bibeatur,
2118 2442 2177 2488 ut
2207 2434 2607 2504 quodammodo
2629 2435 2806 2493 dicam
2835 2452 2903 2491 ex
2930 2437 3303 2508 suppositione
3322 2438 3382 2494 iu

1809 2525 1986 2595 prima
2014 2533 2068 2580 et
2098 2526 2321 2580 dimidia
2354 2534 2509 2597 parte
2539 2528 2739 2585 Arietis
2758 2569 2773 2595 ,
2818 2529 3071 2586 similiter
3101 2530 3158 2584 in
3199 2530 3380 2586 reditu

1810 2617 1977 2689 (quod
2004 2618 2331 2673 resolutorie
2388 2620 2547 2681 dixit)
2605 2620 2858 2677 eumdem
2907 2620 3381 2693 quinqueformem

1809 2715 2020 2763 motum
2050 2710 2306 2779 explevit,
2353 2711 2611 2781 quoniam
2639 2727 2750 2770 non
2796 2720 3011 2783 poterat
3050 2712 3250 2767 iterum
3276 2711 3382 2782 pri-

1808 2811 1954 2850 mam
1980 2806 2035 2853 et
2091 2798 2371 2853 dimidiam
2419 2798 2565 2853 illam
2600 2799 2800 2856 Arietis
2828 2809 3036 2871 partem
3088 2801 3377 2871 attingere,

1809 2894 2101 2958 postquam
2135 2889 2301 2945 semel
2327 2890 2395 2945 ab
2438 2905 2501 2945 ea
2530 2893 2867 2960 recesserat,
2898 2892 3005 2948 nisi
3034 2906 3133 2963 per
3166 2891 3381 2948 dierum

1808 2980 1938 3035 anni
1969 2980 2228 3052 spatium,
2261 2982 2340 3036 uti
2373 2982 2579 3038 dictum
2605 2992 2711 3039 est.

1877 3070 2151 3126 Feruntur
2176 3073 2343 3142 fama.
2386 3072 2444 3129 ld
2476 3082 2560 3129 est
2599 3074 2866 3132 hiStoriis.

1879 3159 2373 3219 Hithricelebrant.
2431 3161 2917 3240 Mithram’veeant
2954 3161 3137 3220 Persa:
3182 3163 3379 3222 solem.

1807 3252 1922 3308 Diei
1945 3259 2125 3307 autem
2150 3253 2299 3309 illius
2325 3253 2700 3309 extensionem
2717 3269 2811 3325 per
2826 3255 2984 3320 ritus,
3009 3272 3148 3327 quos
3160 3264 3381 3329 propter

128 3344 223 3399 τοῦ
254 3344 576 3417 τριπλασίου
609 3344 868 3415 ἐσήμανε.
911 3343 1223 3414 Σημείωσαι
1273 3343 1331 3396 δέ
1376 3342 1515 3412 πρὸς
1535 3343 1704 3415 τούτῳ

1809 3344 2129 3399 memoriam
2176 3344 2438 3415 triplicati
2487 3346 2621 3401 solis
2675 3346 2991 3411 observant,
3031 3346 3377 3417 signiﬁcavit.

131 3438 221 3492 καὶ
266 3437 397 3509 περὶ
449 3432 547 3489 τοῦ
598 3434 706 3489 ἀπὸ
732 3434 879 3506 ὥρας
924 3434 1090 3505 ἕκτης
1134 3434 1239 3498 ἕως
1288 3434 1435 3506 ὥρας
1464 3435 1508 3488 θ’
1563 3452 1708 3505 γενο-

133 3528 293 3597 μένου
328 3525 558 3588 σκότους
594 3525 689 3578 ἐπὶ
744 3526 924 3579 πᾶσαν
971 3524 1070 3596 τὴν
1128 3527 1232 3597 γῆν
1274 3526 1353 3597 τῷ
1389 3527 1567 3599 καιρῷ
1608 3527 1707 3600 τῆς

128 3619 218 3673 τοῦ
252 3618 465 3691 Κυρίου
504 3614 877 3688 σταυρώσεως,
912 3618 965 3670 τί
996 3617 1141 3686 λέγει
1163 3618 1192 3670 ό
1215 3619 1425 3691 Πατήρ.

193 3708 361 3763 Κατά
433 3705 553 3775 τὴν
632 3706 1038 3761 Ἡλιούπολιν.
1120 3706 1233 3777 Τὴν
1316 3708 1375 3759 ἐν
1446 3705 1706 3777 Αἰγύπτῳ

139 3798 482 3854 Ἡλιούπολιν
518 3796 652 3860 ῐσως
700 3795 898 3867 φησιν’
950 3795 1031 3849 ἔτι
1072 3794 1181 3868 γὰρ
1206 3797 1567 3867 ἀνεγίνωσκον
1590 3798 1706 3850 ἐκεῖ

127 3897 258 3962 ἅμα.

192 3989 571 4060 Παραδόξως.
632 3986 769 4043 Φασὶ
832 3987 969 4060 γὰρ,
1050 3986 1127 4060 μὴ
1198 3987 1399 4059 ἑτέρως
1457 3987 1701 4056 γίνεσθαι

125 4084 219 4156 τὴν
239 4083 487 4153 ἔκλειψιν
517 4120 533 4146 ,
564 4081 613 4133 εί
649 4082 722 4154 μὴ
745 4081 1069 4153 συνεμπέσοι
1098 4083 1131 4153 ἡ
1160 4081 1357 4153 σελήνη
1384 4081 1461 4152 τῷ
1491 4081 1645 4152 ἡλίῳ.

189 4176 377 4242 Αὖθις
400 4192 466 4229 τε
491 4171 703 4240 αὐτήν.
757 4174 1070 4244 Σημείωσαι
1114 4171 1361 4226 ἐντεῦθεν
1413 4173 1510 4243 τὴν
1548 4171 1700 4225 λύσιν

124 4268 215 4322 τοῦ
240 4267 395 4340 παρά
412 4265 495 4337 τῷ
521 4264 875 4336 εὕαγγελιστῇ
900 4266 1084 4335 Λουκᾷ
1106 4264 1476 4336 ἀπορήματος.
1512 4262 1699 4326 Οὐδεὶς

123 4362 178 4415 δὲ
207 4361 269 4415 τὸ
300 4360 456 4427 ξένον
494 4356 588 4410 τοῦ
643 4356 847 4427 τρόπου
896 4357 990 4409 καὶ
1042 4355 1138 4409 τοῦ
1192 4355 1466 4425 θαύματος
1509 4353 1699 4424 διηγή-

127 4468 272 4516 σατο,
308 4452 359 4504 εί
428 4447 505 4520 μὴ
567 4446 726 4518 μὸνος
766 4439 940 4512 οὗτος.
994 4447 1101 4501 Τοῦ
1156 4446 1264 4518 γὰρ
1320 4445 1461 4499 θείου
1515 4444 1699 4499 Λουκᾶ

126 4542 391 4602 είπὸντος,
428 4538 537 4591 ἀπὸ
563 4543 618 4602 ς’
657 4536 807 4608 ὥρας
859 4537 1048 4600 σκότος
1102 4536 1160 4589 ἐν
1215 4536 1293 4607 τῷ
1358 4534 1572 4605 σταυρῷ
1602 4534 1695 4587 τοῦ

125 4634 326 4703 Κυρίου
388 4629 676 4700 γενέσθαι,
751 4629 846 4683 τοῦ
909 4629 1063 4702 ἡλίου
1118 4629 1489 4692 ἐκλείποντος,
1548 4626 1697 4699 παρὰ

1784 3434 1946 3491 'Nota
1969 3435 2193 3505 insuper
2223 3436 2354 3507 quid
2384 3436 2532 3492 dicat
2579 3437 2667 3491 hic
2697 3435 2861 3491 Pater
2886 3437 2953 3493 de
2983 3438 3224 3493 tenebris
3243 3438 3375 3503 illis,

1807 3542 1929 3597 qua:
1958 3534 2200 3596 tempore
2232 3528 2608 3583 cruciﬁxionis
2632 3526 2848 3582 Domini
2886 3528 3042 3583 taetre
3067 3538 3193 3584 sunt
3213 3544 3379 3599 super

1784 3618 2118 3674 universam
2148 3626 2375 3684 terram,
2404 3619 2473 3673 ab
2506 3620 2640 3674 hora
2664 3627 2816 3675 sexta
2846 3635 3019 3690 usque
3054 3620 3122 3675 ad
3151 3636 3373 3679 nonam.

1874 3707 2044 3763 Juxta
2070 3708 2411 3777 Heliopolim.
2470 3710 2853 3765 Verisimiliter
2889 3711 3237 3781 intelligenda
3268 3711 3378 3767 He-

1804 3800 2044 3871 liopolis,
2078 3816 2201 3870 qua:
2227 3809 2311 3856 est
2332 3800 2389 3855 in
2421 3800 2678 3873 Egypto.
2710 3801 2787 3856 ibi
2811 3803 2963 3856 enim
2991 3803 3173 3859 adhuc
3206 3804 3371 3861 simul

1803 3892 2094 3963 degebant.

1784 3990 1789 3993 ’
1872 3981 2207 4053 Prodigiosa.
2236 3980 2404 4035 Aiunt
2434 3980 2603 4045 enim,
2622 3996 2731 4035 non
2759 3982 2917 4038 aliter
2956 3983 3205 4054 eclipsim
3228 3983 3368 4053 ﬁeri,

1801 4075 1910 4130 nisi
1942 4075 2069 4129 luna
2098 4089 2223 4129 cum
2254 4074 2369 4128 sole
2394 4073 2663 4129 inciderit.

1870 4167 1941 4221 Et
1984 4167 2221 4223 eamdem
2276 4183 2479 4221 rursus.
2552 4166 2792 4225 Observa
2850 4169 2985 4224 hinc
3035 4167 3369 4226 solutionem

1801 4260 1952 4316 dubii
1976 4260 2123 4332 apud
2150 4261 2351 4315 Lucam
2381 4262 2787 4332 evangelistam.
2817 4261 2988 4317 Nemo
3014 4265 3159 4317 enim
3185 4262 3369 4332 prodi-

1800 4354 2015 4424 giosum
2044 4354 2211 4409 istum
2260 4354 2510 4408 miraculi
2559 4355 2781 4409 modum
2814 4355 3133 4425 explicavit,
3167 4364 3369 4425 prater

1799 4447 1947 4502 hunc
1979 4447 2176 4501 solum.
2211 4446 2349 4502 Cum
2407 4449 2554 4503 enim
2588 4447 2653 4503 D.
2686 4447 2863 4503 Lucas
2889 4448 3056 4515 dicat,
3110 4449 3180 4503 ab
3231 4448 3367 4504 hora

1799 4546 1953 4593 sexta
1976 4539 2231 4594 tenebras
2264 4539 2321 4592 in
2351 4555 2517 4594 cruce
2572 4538 2787 4594 Domini
2838 4539 3013 4595 factas
3051 4554 3195 4607 esse,
3250 4540 3367 4596 sole

1798 4633 2101 4699 deficiente,
2129 4634 2198 4689 ab
2225 4634 2483 4690 omnibus
2536 4635 2740 4706 passim
2800 4634 3185 4701 dubitabatur,
3230 4650 3368 4708 que—

124 4727 287 4778 πᾶσιν
332 4720 731 4793 ἀμφεϐἀλλετο,
763 4720 880 4784 πῶς
924 4720 1163 4790 ἔκλειψιν
1213 4720 1436 4773 ἐκάλεσε
1468 4718 1691 4788 ταύτην,

1808 4727 1960 4783 modo
1988 4728 2128 4783 hanc
2148 4728 2380 4798 eclipsin
2405 4729 2711 4798 appellarit,
2738 4742 2862 4783 cum
2914 4738 3060 4785 esset
3095 4730 3223 4783 luna
3266 4730 3367 4785 de-

121 4820 217 4890 τῆς
275 4816 509 4888 σελήνης
552 4813 1201 4885 τεσσαρεσκαιδεκαταίας
1232 4812 1418 4886 οῦσης,
1467 4814 1527 4866 οὐ
1586 4813 1694 4883 μὴν

124 4909 342 4961 συνόδου
375 4905 547 4975 οὔσης
574 4904 725 4975 ἡλίου
773 4905 865 4957 καὶ
911 4905 1157 4976 σελήνης.
1188 4907 1250 4958 Οἱ
1287 4904 1397 4976 γὰρ
1436 4904 1694 4975 ἐξηγηταὶ

124 5001 310 5071 σχεδὸν
356 4998 560 5060 πάντες
610 4994 1052 5066 μεταγενέστεροι
1110 4995 1287 5066 πολλῷ
1332 4996 1439 5050 τῶν
1487 4996 1692 5069 χρόνων

120 5092 325 5146 τούτων
364 5091 537 5152 ὄντες,
566 5087 830 5141 ὑπέλαϐον
860 5086 951 5140 τὸν
999 5088 1146 5158 ἥλιον
1198 5089 1357 5143 αὑτὸν
1401 5088 1693 5141 ἀποϐαλεῖν

119 5185 219 5248 τάς
258 5185 484 5245 ἀκτῖνας
516 5180 617 5243 τὰς
647 5183 794 5252 τρεῖς
819 5180 967 5252 ὥρας
1002 5180 1108 5244 ’ἐως
1135 5182 1236 5251 τῆς
1290 5182 1533 5252 ἐννάτης.
1576 5181 1690 5233 Ἐν-

120 5274 294 5329 ταῦθα
324 5274 509 5346 μέντοι
542 5270 635 5325 καὶ
687 5273 716 5325 ό
749 5271 897 5338 ξένος
925 5272 1121 5344 τρόπος
1152 5273 1361 5345 εἴρηται
1384 5274 1482 5344 τῆς
1513 5272 1688 5325 ἐκλεί-

120 5367 284 5434 ψεως.
310 5366 485 5436 Φησὶν
534 5360 627 5417 οὖν
668 5362 749 5415 ὅτι
782 5364 873 5416 ἀπ’
899 5364 1164 5417 ἀνατολῶν
1187 5364 1696 5436 τεσσαρεσκαιδεκα-

119 5460 249 5512 ταία
299 5454 436 5512 οὖσα
500 5455 582 5526 (οὐ
645 5455 754 5528 γὰρ
808 5451 876 5528 ἦν
917 5457 1133 5511 συνόδου
1186 5457 1427 5529 καιρός·)
1460 5458 1693 5528 ἔφθασεν

119 5550 270 5619 ὥραν
307 5554 361 5614 ςθ
390 5549 485 5602 τὸν
517 5547 705 5620 ἥλιον,
753 5549 846 5601 καὶ
900 5548 1212 5618 ἐμπεσοῦσα
1244 5552 1323 5613 είς
1354 5550 1515 5603 αὐτὸν
1562 5551 1694 5605 ὑπέ-

119 5644 349 5715 δραμεν,
394 5644 559 5697 αὐτὸν
610 5644 963 5699 εἱσϐἀλλουσα
1004 5646 1086 5708 είς
1132 5646 1194 5698 τὸ
1246 5648 1381 5717 πρὸς
1431 5649 1694 5715 ἀνατολὰς

1798 4820 1942 4875 eima
1966 4827 2180 4891 quarta,
2211 4821 2431 4891 quando
2485 4837 2594 4877 non
2627 4828 2712 4876 est
2764 4820 3081 4892 conjunctio
3116 4824 3271 4885 solis
3310 4830 3365 4877 et

1792 4913 1957 4969 lente.
1990 4914 2462 4971 Commentatores
2512 4914 2683 4970 ferme
2718 4931 2929 4984 omnes,
2960 4923 3149 4986 utpote
3201 4916 3365 4985 longo

1792 5012 2039 5077 tempore
2089 5006 2423 5076 posteriores
2484 5008 2910 5077 suspicabantur
2961 5009 3133 5063 solem
3184 5007 3359 5075 ipsum

1793 5112 1889 5167 per
1917 5108 2026 5153 tres
2055 5098 2221 5153 horas
2249 5098 2430 5153 radios
2455 5099 2730 5155 abdidisse
2755 5115 2931 5171 usque
2960 5100 3026 5154 ad
3050 5100 3236 5154 horam
3268 5111 3362 5150 no-

1791 5205 1936 5244 nam.
1969 5188 2070 5244 Hic
2092 5198 2241 5245 certe
2267 5206 2444 5246 novus
2475 5192 2565 5247 ille
2595 5192 2900 5261 eclipsandi
2932 5190 3124 5246 modus
3145 5198 3230 5244 est
3257 5204 3357 5242 ex-

1790 5281 2045 5351 plicatus.
2105 5280 2195 5335 Ait
2251 5280 2437 5352 itaque
2466 5282 2613 5353 quod
2661 5284 2731 5337 ab
2777 5285 3006 5346 oriente,
3040 5296 3162 5335 cum
3210 5287 3357 5335 esset

1792 5374 1921 5428 luna
1948 5373 2157 5429 decima
2186 5383 2381 5444 quarta
2436 5376 2634 5447 (neque
2685 5377 2830 5431 enim
2882 5383 3095 5444 tempus
3125 5373 3357 5442 conjun-

1789 5465 1987 5522 ctionis
2009 5465 2148 5538 erat)
2172 5468 2277 5521 sub
2299 5468 2491 5523 horam
2526 5477 2735 5524 sextam
2764 5468 2935 5523 solem
2973 5471 3223 5520 asseCuta
3259 5464 3351 5527 sit,

1789 5566 1843 5614 et
1870 5557 2184 5615 coincidens
2211 5560 2315 5616 sub
2340 5560 2460 5630 ipso
2489 5576 2709 5616 cursum
2763 5557 3020 5621 tenuerit,
3050 5556 3227 5627 ipsum
3257 5573 3352 5611 us-

1788 5667 1895 5723 que
1924 5651 1992 5707 ad
2025 5652 2340 5707 orientalem
2364 5654 2515 5709 orbis
2537 5651 2733 5710 solaris
2781 5656 2991 5721 partem
3020 5648 3325 5706 invadendo

1043 5777 1274 5838 VAlile
1314 5784 1693 5846 LECTIONES
1726 5786 1813 5843 ΕΤ
1845 5786 2391 5846 CORRECTIONES.

178 5895 226 5927 ⁸⁸
255 5894 509 5966 δεκάτης.
