3886 6534
566 400 672 457 545

1336 395 1674 451 APPENDIX
1716 395 1808 450 AD
1853 394 2081 452 OPERA
2122 394 2182 453 S.
2216 390 2511 450 DlONYSll
2544 389 3022 450 AREOPAGITE.

3692 387 3786 442 5M

568 511 726 571 Unde
755 511 917 566 etiam
943 510 1088 566 venit
1117 510 1244 565 luna
1269 519 1324 566 et
1359 511 1603 582 ingressa
1630 511 1732 566 sub
1765 512 1882 582 ipso
1907 524 2126 565 cursum

2231 508 2324 560 τοῦ
2347 505 2572 578 ἡλιακοῦ
2604 506 2784 560 δίσκου
2827 505 3022 578 μέρος·
3058 503 3178 558 ὅθεν
3210 505 3304 559 καὶ
3326 499 3491 578 ἦλθεν
3513 505 3548 574 ή
3583 503 3785 574 σελήνη,

567 607 764 671 tenuit,
797 619 861 659 ac
896 613 1231 675 retrogressa
1260 613 1343 661 est
1360 605 1534 662 donec
1563 613 1736 661 totum
1791 606 1912 675 ejus
1941 605 2128 661 orbem

567 698 899 755 obscuravit.
960 697 1260 768 Oportebat
1315 701 1539 772 utique,
1588 701 1635 756 si
1678 701 1879 756 usitata
1934 699 2131 755 fuisset

567 789 807 861 eclipsis,
831 806 898 846 ex
923 791 1110 847 eadem
1134 803 1288 862 parte
1313 801 1368 849 et
1391 792 1748 849 defectionem
1789 798 1842 848 et
1869 805 2132 862 repurga-

565 881 767 936 tionem
794 883 1080 952 exsistere,
1111 891 1172 938 ut
1201 886 1422 956 quando
1449 885 1583 940 luna
1627 885 1729 941 sub
1760 884 1876 940 sole
1905 898 2128 938 cursum

563 989 722 1028 suum
746 976 976 1046 peragit,
995 977 1147 1032 verbi
1169 978 1341 1050 gratia
1365 995 1430 1034 ex
1452 979 1684 1043 oriente,
1703 978 1930 1049 primam
1957 977 2133 1032 oriena

561 1066 724 1121 talem
757 1068 952 1124 solaris
974 1069 1112 1125 disci
1135 1078 1343 1143 partem
1363 1069 1521 1143 313
1543 1069 1815 1135 obfuscat,
1841 1069 1943 1126 sub
1965 1073 2130 1139 quam

563 1158 727 1212 etiam
759 1174 984 1217 currere
1013 1163 1215 1234 coepit;
1263 1163 1390 1219 inde
1436 1163 1603 1235 igitur
1629 1163 1794 1219 etiam
1845 1177 1914 1216 ex
1948 1161 2130 1217 orien-

563 1251 656 1305 tali
687 1261 840 1322 parte
889 1255 1128 1324 primum
1183 1255 1374 1327 incipit
1427 1256 1558 1312 solis
1598 1255 1782 1312 discus
1821 1254 2126 1328 repurgari,

561 1341 689 1396 dum
713 1345 841 1399 luna
867 1345 1041 1400 tendit
1058 1346 1124 1402 ad
1152 1347 1509 1416 occidentem,
1532 1353 1584 1402 et
1607 1347 1778 1418 prima
1807 1364 1933 1418 pars
1956 1347 2130 1420 (nem-

561 1449 630 1503 pe
661 1436 965 1503 orientalis,
1020 1453 1184 1508 quam
1240 1439 1403 1494 etiam
1456 1440 1688 1510 primam
1739 1438 2128 1512 occultaverat)

562 1524 853 1597 detegitur,
879 1529 1006 1583 dum
1041 1530 1143 1585 sub
1177 1531 1344 1586 solem
1395 1533 1633 1602 praaterit
1657 1539 1818 1602 atque
1849 1539 2130 1588 transcur-

475 1651 518 1693 ι,
562 1616 656 1674 rit.
718 1617 832 1674 Sub
883 1619 1176 1675 salutarem
1235 1628 1415 1675 autem
1471 1623 1806 1693 passionem,
1857 1636 1969 1676 non
2024 1621 2128 1676 hoc

512 1717 536 1747 *-
563 1709 726 1764 modo
759 1711 1041 1781 contingit,
1103 1711 1194 1766 sed
1227 1713 1526 1771 contrario.
1584 1711 1719 1767 Nam
1748 1714 1876 1767 luna
1906 1712 2129 1769 veniens

565 1800 634 1854 ab
656 1801 862 1857 oriente
898 1804 1004 1858 sub
1034 1804 1202 1859 solem
1233 1805 1496 1869 cucurrit,
1555 1812 1610 1860 et
1666 1812 1836 1860 totum
1895 1805 2014 1876 ejus
2045 1819 2130 1860 or-

562 1889 684 1944 bem
713 1891 958 1959 obduxit;
977 1893 1171 1949 deinde
1200 1911 1306 1949 non
1336 1896 1480 1950 ultra
1511 1896 1577 1950 ad
1609 1896 1947 1952 occidentem
1961 1906 2135 1952 trans-

562 1978 648 2045 iit,
709 1983 802 2037 sed
824 1983 985 2038 rediit
1013 2001 1209 2041 rursus
1241 1985 1308 2041 ad
1366 1987 1654 2054 orientem,
1685 1998 1738 2043 et
1766 1989 2000 2060 primum
2034 1987 2130 2043 de-

560 2073 764 2128 nudata
795 2082 878 2131 est
913 2077 1109 2134 solaris
1141 2079 1278 2135 disci
1305 2095 1431 2150 pars
1459 2081 1836 2146 occidentalis,
1861 2080 2128 2151 siquidem

558 2167 876 2222 retrocessit
905 2183 1097 2225 versus
1129 2170 1392 2226 orientem
1433 2171 1502 2225 ad
1529 2171 1855 2226 diametrum
1887 2172 1989 2227 soli
2026 2187 2128 2242 op-

557 2257 814 2325 positum,
877 2260 951 2313 ita
1001 2268 1058 2315 ut
1110 2262 1426 2332 conjunctio
1481 2272 1534 2318 et
1575 2264 1888 2334 repurgatio
1918 2279 2027 2319 non
2058 2264 2128 2320 ab

555 2347 744 2401 eadem
790 2358 942 2419 parte
980 2351 1122 2407 facta
1161 2354 1290 2409 sint.
1340 2353 1578 2426 Phlegon
1623 2355 1841 2428 gentilis
1901 2356 2130 2412 chrono-

555 2439 795 2508 graphus
827 2442 967 2498 libro
993 2443 1204 2500 decimo
1233 2454 1430 2517 quarto
1473 2445 1938 2518 Chronographize
1989 2464 2122 2512 suae,

557 2529 614 2584 in
663 2529 982 2605 Olympiade
1049 2539 1350 2593 centesima
1416 2539 1620 2605 tertia,
1685 2540 1849 2609 hujus
1907 2536 2126 2611 quide‘m

556 2622 824 2692 eclipseos
853 2627 1018 2681 etiam
1071 2629 1340 2695 meminit,
1372 2630 1563 2687 dicens
1593 2646 1714 2688 eam
1759 2647 1913 2688 more
1966 2633 2128 2690 solito

557 2713 847 2782 accidisse,
913 2717 1009 2774 sed
1060 2720 1279 2775 modum
1332 2723 1451 2792 ejus
1495 2738 1605 2778 non
1638 2725 1936 2796 expressit.
1984 2723 2127 2791 Quin

556 2804 722 2861 etiam
766 2806 1061 2866 Africanus
1109 2818 1298 2868 noster
1345 2813 1485 2868 libro
1536 2814 1730 2885 quinto
1776 2815 2123 2888 Chronogra-

554 2895 715 2966 phiae,
742 2907 795 2956 et
821 2899 1089 2960 Eusebius
1108 2902 1425 2978 Pamphilus
1465 2905 1665 2964 ibidem
1691 2907 1940 2980 ejusdem
1975 2907 2128 2965 defe-r

555 2992 753 3052 ctionis
780 2997 1108 3054 mentionem
1129 2997 1278 3057 fecit.

1010 3195 1080 3253 IN
1108 3198 1499 3258 EPISTOLAM
1525 3201 1662 3260 VIII.

633 3285 660 3359 §
695 3287 737 3344 ι.
758 3285 1109 3360 Demophilus
1130 3291 1218 3348 hic
1243 3294 1544 3350 monachus
1565 3301 1704 3362 erat,
1730 3304 1789 3352 ut
1817 3294 2022 3351 indicat
2049 3295 2130 3353 in-

558 3377 798 3448 scriptio
822 3396 838 3446 ;
866 3379 925 3434 th
938 3388 1227 3452 erapeutas
1255 3382 1402 3439 enim
1433 3383 1734 3441 monachos
1758 3385 2124 3456 appellabant.

556 3470 611 3524 ls
635 3476 816 3524 autem
839 3471 1136 3528 insultabat
1155 3475 1472 3554 presbytero
1489 3491 1612 3544 suo,
1641 3476 1773 3548 quin
1795 3477 1958 3532 etiam
1981 3476 2126 3533 indi-

559 3559 848 3629 gnabatur,
875 3561 1020 3632 quod
1072 3563 1359 3634 quemdam
1406 3581 1438 3624 e
1495 3568 1889 3637 pmnitentibus
1930 3584 2124 3627 susce-

558 3650 750 3720 pisset.
801 3649 1161 3711 Pmnitentem
1209 3657 1390 3728 itaque
1438 3660 1759 3718 verberibus
1836 3670 2124 3734 exceptum

560 3744 898 3811 exturbarat,
925 3748 1303 3819 presbyterum
1330 3766 1458 3806 vero
1485 3752 1885 3821 eliminaverat,
1910 3765 1965 3813 et
2007 3757 2126 3828 ipse

559 3840 819 3903 tanquam
851 3849 882 3888 a
911 3851 972 3893 se
1001 3838 1284 3910 presbyter
1315 3849 1556 3908 creatus,
1608 3846 1832 3903 resedit.
1866 3847 2124 3915 Adverte,

558 3921 724 3994 igitur
744 3923 905 3980 etiam
921 3926 1042 3982 istis
1075 3929 1412 3999 temporibus
1441 3931 1751 3990 istiusmodi
1797 3936 1942 3991 mala
1992 3952 2127 3992 con-

557 4013 767 4086 tigisse.
803 4017 993 4075 Merito
1020 4019 1201 4091 itaque
1226 4020 1362 4076 dicit
1420 4024 1594 4081 illud:
1653 4025 1698 4082 0
1749 4043 1992 4099 generose
2018 4028 2126 4085 De-

560 4109 803 4178 mophile,
836 4111 1171 4183 exprobrans
1196 4114 1299 4184 ipsi
1327 4113 1702 4174 fortitudinem
1730 4120 2122 4187 inordinatam,

558 4208 614 4257 et
643 4201 897 4270 pietatem
935 4204 1159 4262 minime
1220 4205 1482 4276 divinam,
1526 4217 1586 4266 ut
1616 4210 1722 4265 hoc
1747 4211 1912 4266 modo
1934 4228 2125 4268 mona-

561 4293 723 4348 chum
748 4297 1096 4369 perstringat.

627 4386 704 4440 Ac
733 4387 782 4442 si
807 4389 1016 4458 quando
1062 4390 1231 4460 ipsum
1274 4401 1446 4450 extra.
1483 4393 1544 4449 Id
1589 4400 1676 4450 est
1730 4394 1950 4466 quando
1974 4393 2124 4452 Scri-

559 4487 731 4550 pturze
757 4480 1000 4548 tradunt,
1035 4480 1212 4552 ipsum
1270 4483 1326 4539 in
1376 4484 1474 4540 Dei
1527 4485 1954 4557 indignationem
1983 4486 2122 4552 inci-

560 4567 730 4634 disse,
763 4580 817 4626 et
845 4571 903 4625 in
934 4573 1275 4629 aversionem
1302 4575 1488 4632 vultus
1519 4577 1658 4647 ejus.
1705 4576 1888 4646 Prius,
1921 4579 2116 4650 inquit,

561 4658 842 4718 declarant
872 4662 1048 4732 ipsum
1073 4681 1102 4720 a
1132 4666 1552 4722 mansuetudine
1574 4665 1891 4734 descivisse,
1915 4675 1970 4723 et
2006 4676 2119 4724 tum

560 4756 776 4812 demum
803 4770 834 4810 a
861 4755 1043 4812 divina
1070 4757 1282 4814 visione
1302 4755 1591 4813 excidisse.

626 4936 672 4990 Α
722 4937 1104 5006 praeminente.
1132 4933 1368 4991 Adverte
1397 4934 1764 5006 praestantiam
1792 4943 1845 4992 et
1873 4937 2118 4993 eminen-

559 5026 690 5082 tiam
716 5028 1150 5084 mansuetudinis
1193 5028 1250 5082 in
1297 5027 1409 5082 Deo
1453 5027 1736 5094 imitando,
1766 5034 1820 5084 et
1847 5030 2120 5099 quomodo

560 5119 772 5193 Moyses
794 5129 1016 5193 propter
1041 5117 1510 5174 mansuetudinem
1534 5117 1628 5174 Dei
1655 5119 1890 5178 famulus
1910 5138 2121 5179 nuncu-

597 5221 741 5270 Θῑυΐ.

559 5229 794 5378 Pagi-ap
821 5300 1135 5361 Ambitione.
1189 5300 1429 5358 Ambitio
1456 5305 1675 5375 proprie
1712 5311 1796 5360 est
1846 5306 2120 5378 appetitus

561 5409 618 5458 et
645 5415 801 5455 amor
856 5396 1105 5453 honoris.
1154 5396 1426 5468 Θεοκρίτῳ
1469 5405 1672 5462 autem,
1696 5412 1805 5452 non
1832 5397 1996 5453 alicui
2040 5397 2122 5454 sic

565 5491 856 5562 appellato,
910 5487 1007 5544 sed
1047 5502 1079 5542 a
1133 5485 1243 5542 Deo
1294 5486 1363 5542 ad
1404 5487 1690 5561 imperium
1741 5488 2014 5545 destinato
2065 5497 2121 5545 et

564 5582 778 5637 idoneo.

2231 602 2325 655 καὶ
2364 601 2547 672 εἰσέϐη
2598 601 2968 672 ὑποτρέχουσα
3017 597 3177 652 αὐτὸν
3229 599 3324 652 καὶ
3383 596 3785 664 ἀναποδίζουσιι,

2229 691 2334 755 ἕως
2354 685 2414 745 οὗ
2460 691 2580 744 ὃλον
2617 692 2708 744 τὸν
2746 690 2908 744 αὐτοῦ
2958 689 3139 743 δίσκον
3176 689 3446 742 ἱσκίασεν.
3486 688 3634 742 Ἔδει
3681 685 3784 755 οὖν,

2231 786 2279 838 εί
2301 781 2369 856 ἦν
2395 785 2535 839 κατά
2589 785 2651 838 τὸ
2691 784 2917 856 σύνηθες
2954 783 3211 855 ἔκλειψις,
3270 783 3334 837 ἐκ
3358 783 3454 836 τοῦ
3487 783 3649 837 αὐτοῦ
3705 786 3786 854 μέ-

2234 897 2360 950 ρους
2392 880 2483 933 καὶ
2505 879 2603 951 τὴν
2631 879 2869 950 ἔκλειψιν
2892 879 2986 932 καὶ
3014 879 3112 950 τὴν
3135 878 3502 950 ἀνακάθαρσιν
3526 877 3782 947 γενέσθαιι

2230 966 2339 1025 οἷον
2366 973 2453 1025 ὅτε
2480 971 2820 1045 ὑποτρέχειὴ
2857 972 3052 1043 σελήνη
3084 971 3174 1024 τὸν
3195 970 3344 1042 ἥλιον
3363 1011 3378 1037 ,
3440 971 3573 1043 φέρε
3607 972 3782 1034 εἰπεῖν,

2231 1063 2288 1131 ἐξ
2331 1064 2600 1118 ἀνατολῶν
2630 1063 2843 1136 πρῶτον
2877 1063 3222 1135 ἀντιφράττει
3272 1063 3434 1134 μέρος
3457 1062 3552 1115 τοῦ
3579 1063 3783 1134 ἡλιακοῦ

2230 1156 2413 1214 δίσκου
2438 1158 2498 1212 τδ
2522 1157 2854 1225 ἀνατολικὸν,
2883 1157 3019 1228 ὅπερ
3066 1157 3162 1212 καὶ
3192 1157 3396 1229 ῆρξατο
3441 1157 3781 1228 ὑποτρέχειν·

2230 1247 2438 1304 ἐκεῖθεν
2471 1244 2563 1304 οῦν
2587 1251 2649 1303 ὲκ
2679 1248 2775 1303 τοῦ
2800 1247 3118 1304 ἀνατολικοῦ
3157 1250 3355 1322 μέρους
3388 1251 3485 1303 καὶ
3511 1250 3785 1303 ἀνακαθαί-

2233 1341 2420 1414 ρεσθαι
2453 1341 2676 1413 ἀρχεται
2702 1344 2730 1396 ὁ
2751 1342 2933 1406 δίσκος
2978 1342 3072 1397 τοῦ
3104 1343 3277 1414 ήλίου,
3309 1343 3412 1414 τῆς
3452 1343 3678 1415 σελήνης
3707 1344 3784 1396 ἐπὶ

2229 1432 2439 1506 δυσμὰς
2468 1436 2785 1507 τρεχούσης,
2828 1437 2920 1490 καὶ
2953 1435 3165 1507 πρῶτον
3199 1435 3679 1507 ἀνακαλυπτούσης
3705 1436 3784 1507 μέ-

2232 1543 2324 1597 ρος
2355 1527 2413 1580 ὲν
2443 1526 2519 1599 τῷ
2555 1528 2803 1599 παριέναι
2845 1528 2936 1582 καὶ
2965 1527 3328 1600 παρατρέχειν
3356 1528 3424 1560 "'
3457 1528 3551 1581 τὸν
3577 1528 3737 1598 ἥλιον,
3762 1528 3785 1580 ὃ

2230 1617 2323 1670 καὶ
2351 1617 2564 1690 πρῶτον
2595 1619 2853 1689 ἐκάλυψε,
2898 1620 3144 1674 τουτέστι
3194 1621 3256 1673 τὸ
3294 1619 3630 1674 ἀνατολικὸν.
3678 1621 3784 1673 Ἐπὶ

2229 1710 2285 1764 δὲ
2336 1711 2429 1765 τοῦ
2476 1713 2742 1784 σωτηρίου
2785 1711 2989 1776 πάθους
3036 1712 3134 1784 οὐχ
3193 1711 3334 1766 οὕτω
3370 1713 3614 1781 γέγονεν,
3664 1711 3784 1765 ἀλλά

2229 1804 2554 1860 τούναντίον.
2633 1803 2722 1870 Ἐξ
2773 1804 3042 1860 ἀνατολῶν
3084 1804 3193 1877 γὰρ
3244 1804 3471 1858 ἐλθοῦσα
3520 1806 3553 1876 ἡ
3607 1804 3783 1874 σελήνη

2231 1895 2507 1969 ὑπέδραμε
2537 1897 2627 1951 τὸν
2658 1897 2839 1969 ἥλιον,
2905 1897 2999 1952 καὶ
3063 1897 3294 1968 ἔφραξεν
3345 1895 3464 1952 ὅλον
3509 1896 3600 1950 τὸν
3622 1897 3784 1949 δίσκον

2231 1986 2415 2043 αὐτοῦ.
2452 1984 2583 2043 Εἶτα
2614 1989 2796 2042 οὐκέτι
2848 1989 2940 2042 ἐπὶ
2967 1987 3174 2060 δυσμὰς
3201 1987 3497 2060 παρῆλθεν,
3531 1988 3647 2042 ἀλλ’
3677 1989 3784 2041 ἀνευ

2230 2081 2415 2134 πόδισε
2442 2081 2602 2135 πάλιν
2651 2083 2744 2136 ὲπὶ
2799 2081 3081 2144 ἀνατολὰς,
3117 2081 3211 2135 καὶ
3258 2082 3542 2153 ἐγύμνωσε
3587 2081 3784 2153 πρῶτον

2233 2171 2397 2244 μέρος
2419 2173 2478 2226 τὸ
2499 2173 2712 2229 δυτικὸν
2761 2172 2856 2227 τοῦ
2899 2171 3123 2245 ἡλιακοῦ
3176 2173 3390 2227 δίσκου’
3435 2174 3517 2237 είς
3560 2172 3785 2225 τούπίσω

2229 2265 2338 2338 γὰρ
2365 2265 2662 2338 ἀνέδραμεν
2701 2265 2792 2320 ἐπὶ
2827 2264 2889 2318 τὸ
2919 2264 3153 2318 ἐναντίον
3181 2264 3471 2336 διάμετρον
3524 2263 3619 2318 τοῦ
3647 2264 3783 2335 ἡλίου

2229 2357 2321 2411 ἐπὶ
2346 2358 2633 2423 ἀνατολάς·
2675 2356 2815 2411 ὥστε
2851 2357 3044 2430 μηκέτι
3093 2357 3193 2428 τὴν
3234 2355 3513 2428 ἔμπτωσιν
3566 2358 3656 2411 καὶ
3699 2357 3784 2428 τὴν

2192 2448 2194 2450 ⁷
2229 2449 2594 2523 ἀνακάθαρσιν
2627 2450 2799 2506 ὲκτοῦ
2823 2449 2984 2503 αὑτοῦ
3018 2448 3216 2520 μέρους
3265 2448 3536 2518 γενέσθαι.
3580 2449 3785 2520 Μέμνη-

2227 2556 2317 2592 ται
2348 2540 2446 2612 μὲν
2487 2541 2581 2594 καὶ
2624 2541 2840 2611 Φλέγων
2870 2541 2898 2592 ὁ
2954 2539 3262 2611 Ἐλληνικὸς
3322 2541 3692 2611 χρονογράφος
3731 2541 3782 2592 ὲν

2226 2631 2653 2703 τρισκαιδεκάτῳ
2673 2629 3122 2702 Χρονογραφιῶν
3157 2630 3215 2683 ὲν
3244 2633 3308 2702 τῇ
3340 2637 3422 2702 ργ¹
3462 2629 3780 2700 Ὀλυμπιάδι,

2227 2722 2326 2794 τῆς
2363 2722 2656 2794 ἐκλείψεως
2693 2723 2916 2796 ταύτης,
2981 2724 3132 2796 παρά
3179 2723 3242 2777 τὺ
3271 2721 3460 2785 εἰωθὸς
3495 2721 3660 2792 αὐτὴν
3710 2719 3784 2772 λέ-

2227 2829 2341 2881 γων
2369 2813 2618 2882 γενέσθαι
2648 2819 2666 2840 ⁶
2705 2814 2768 2868 οὑ
2821 2814 2927 2886 μὴν
2950 2813 3038 2868 τὸν
3099 2813 3300 2885 τρόπον
3343 2811 3636 2884 ἀνέγραψε.
3688 2812 3783 2864 Καὶ

2241 2905 2564 2977 Ἀφρικανὸς
2594 2906 2651 2960 δὲ
2688 2907 2718 2960 ὁ
2755 2905 3024 2979 ἡμέτερος
3069 2905 3130 2960 ὲν
3185 2906 3422 2976 πέμπτῳ
3475 2907 3782 2973 Χρονογρα-

2225 2998 2398 3069 φιῶν,
2448 3000 2542 3053 καὶ
2581 2997 2840 3064 Εὐσέϐιος
2865 2999 2893 3052 ὁ
2925 2997 3212 3069 Παμφίλου
3237 2998 3296 3052 ὲν
3316 2999 3439 3063 ταῖς
3483 2997 3668 3061 αὐταῖς
3699 2994 3782 3066 μέ-

2229 3109 2429 3165 μνηται
2449 3091 2548 3164 τῆς
2592 3090 2764 3162 αὐτῆς
2792 3089 3104 3161 ἐκλείψεως.

2604 3201 2714 3257 ΕΙΣ
2741 3200 2887 3255 ΤΗΝ
2916 3201 3314 3256 ΕΠΙΣΤΟΛΗΝ
3336 3201 3420 3257 Η’.

2313 3291 2341 3365 ς
2375 3290 2419 3349 1.
2459 3292 2764 3364 Δημόφιλος
2814 3285 2971 3357 οὗτος
3024 3292 3256 3364 μοναχὺς
3300 3287 3391 3366 ἦν,
3451 3291 3530 3356 ὡς
3572 3289 3711 3364 δηλοῖ
3749 3291 3778 3357 ή

2228 3384 2546 3457 ἐπιγραφή·
2609 3384 2948 3457 θεραπευτὰς
2999 3385 3108 3458 γὰρ
3168 3386 3296 3450 τοὺς
3351 3384 3617 3456 μοναχοὺς
3667 3383 3779 3438 ἑκά-

2229 3476 2376 3532 λουν.
2411 3477 2759 3550 Τυραννήσας
2785 3478 2843 3532 δὲ
2872 3477 3013 3532 κατά
3069 3477 3440 3552 πρεσϐυτέρου
3489 3475 3668 3540 αὑτοῦ,
3697 3475 3777 3528 καὶ

2228 3569 2636 3642 ἀγανακτήσας,
2682 3571 2766 3625 ὅτι
2822 3569 3038 3638 ὲδέξατό
3092 3588 3214 3626 τινα
3260 3571 3318 3623 ὲν
3363 3569 3619 3641 μετανοίᾳ
3665 3568 3774 3620 ὅντα

2228 3663 2660 3736 ἁμαρτημάτων,
2711 3663 2953 3734 ἐξέϐαλε,
2983 3665 3264 3736 τυπτήσας
3287 3662 3378 3716 τὸν
3419 3661 3771 3733 μετανοοῦντα,

2227 3753 2318 3810 τὸν
2344 3753 2401 3808 δὲ
2437 3753 2802 3826 πρεσϐύτερον
2860 3753 3120 3826 ὲξὼθησε,
3171 3753 3268 3807 καὶ
3319 3753 3576 3808 ἐκάθισεν
3637 3753 3774 3805 αὑτο-

2225 3847 2599 3921 χειροτόνητος
2646 3847 3032 3920 πρεσϐύτερος.
3094 3847 3410 3918 Σημείωσαι
3437 3843 3554 3910 οὖν.
3605 3847 3677 3900 ὅτι
3713 3844 3770 3897 τὰ

2223 3939 2373 3994 κακά
2391 3937 2566 3994 ταῦτα
2593 3938 2685 3993 καὶ
2726 3939 2818 3993 ἐπὶ
2865 3937 3086 3992 ἐκείνων
3146 3937 3257 3992 τῶν
3293 3939 3502 4012 χρόνων
3555 3939 3763 4008 ἐγένετο.

2224 4024 2465 4089 Εἰκότως
2522 4019 2626 4080 οὖν
2672 4025 2760 4079 τόν
2799 4017 2868 4077 Ὦ
2920 4022 3154 4094 γενναῖε
3212 4025 3546 4094 Δημόφιλος,
3608 4023 3764 4095 φησὶν,

2183 4149 2190 4157 ι
2226 4117 2381 4188 ἰσχὺν
2429 4115 2661 4170 ἄτακτον
2695 4114 2786 4169 καὶ
2831 4114 2932 4167 οὐκ
2987 4111 3271 4169 εὐλάϐειαν
3305 4113 3490 4170 ἔνθεον
3529 4114 3766 4178 ὀνειδίζων

2223 4209 2393 4282 αὐτῷ,
2419 4211 2514 4264 καὶ
2545 4208 2718 4280 ταύτῃ
2744 4205 3011 4277 διασύρων
3039 4203 3128 4259 τὸν
3163 4205 3416 4278 μοναχὸν.

2295 4386 2407 4444 Καὶ
2471 4388 2671 4443 εἴποτε
2744 4385 2930 4441 αὑτὸν
2985 4385 3119 4452 ἔξω.
3171 4385 3501 4450 Τουτέστιν,
3561 4387 3676 4440 ὅταν
3717 4381 3762 4435 αἱ

2219 4481 2434 4553 Γραφαὶ
2455 4481 2705 4551 λέγωσιν,
2735 4481 2794 4534 ὲν
2820 4480 3184 4551 ἀγανακτήσει
3224 4477 3359 4531 Θεοῦ
3392 4478 3660 4547 γεγονέναι
3684 4474 3762 4528 αὐ-

2221 4576 2441 4639 τὸν,καὶ
2463 4578 2518 4629 ὲν
2543 4574 2857 4646 ἀποστροφῇ
2880 4571 2973 4626 τοῦ
2990 4571 3278 4643 προσώπου
3302 4571 3490 4625 αὐτοῦ.
3525 4570 3761 4643 Πρότερον

2220 4667 2296 4732 δὲ,
2347 4666 2499 4738 φησὶ,
2528 4664 2862 4720 δεικνύουσιν
2894 4662 3056 4716 αὑτὸν
3086 4661 3187 4732 τῆς
3238 4662 3542 4733 πραότητος
3570 4659 3665 4726 έξω
3693 4673 3761 4724 γε·

2222 4758 2456 4828 γονέναι,
2487 4758 2580 4812 καὶ
2599 4752 2696 4811 εἷθ’
2720 4755 2860 4809 οὕτω
2888 4754 3078 4809 παθεῖν
3101 4754 3162 4806 τὸ
3192 4753 3301 4806 ἀπὸ
3333 4752 3510 4824 ὅψεως
3539 4748 3758 4822 γενέσθαι

2218 4849 2313 4904 τοῦ
2349 4847 2504 4903 Θεοῦ.

2306 4944 2398 4996 Ἐκ
2422 4941 2532 5010 τῆς
2568 4941 2970 5011 προύχούσης.
3011 4938 3322 5012 Σημείωσαι
3379 4939 3463 4993 ὅτι
3518 4938 3757 5009 ἐξαίρετον

2225 5036 2320 5090 καὶ⁹
2371 5029 2604 5106 προῦχον
2665 5035 2744 5096 είς
2792 5031 3020 5103 μίμησιν
3078 5029 3211 5084 Θεοῦ
3274 5030 3308 5101 ή
3366 5031 3633 5102 πραότης,
3682 5025 3757 5078 καὶ

2224 5127 2306 5182 ὅτι
2351 5125 2441 5180 διὰ
2473 5126 2573 5199 τὴν
2624 5123 2903 5198 πραότητα
2964 5121 3207 5192 Μωῢσῆς
3255 5121 3474 5190 λέγεται
3535 5118 3755 5192 θεράπων

2225 5215 2382 5271 Θεοῦ.

2291 5306 2647 5375 Φιλοτιμίας.
2688 5303 2969 5376 Φιλοτιμία
3000 5301 3202 5374 κυρίως
3233 5301 3295 5357 τὸ
3347 5301 3514 5372 τιμῆς
3537 5293 3750 5370 ἐφίεσθαι

2221 5397 2316 5451 καὶ
2351 5399 2502 5469 ὲρᾷν.
2551 5395 2836 5464 Θεοκριτῳ
2888 5394 2944 5448 δὲ
2995 5393 3091 5466 οὐχ
3121 5391 3261 5447 οὓτω
3295 5391 3406 5446 τινὶ
3443 5387 3748 5460 καλουμένῳ,

2221 5489 2354 5543 ἀλλὰ
2386 5489 2445 5542 τὸ
2488 5489 2552 5542 ὲκ
2577 5487 2710 5542 Θεοῦ
2737 5490 2817 5552 εἰς
2854 5487 2914 5541 τὸ
2940 5487 3126 5560 ἄρχειν
3156 5485 3461 5558 κρινομένῳ
3512 5481 3602 5540 καὶ
3648 5479 3750 5533 ἑπι-

2220 5580 2343 5652 τηδε
2351 5579 2435 5651 ίῳ.
3026 5583 3034 5591 ’

1439 5743 1448 5753 ·
1494 5732 1725 5790 νΑῐὶΙᾹΞ
1763 5732 2144 5792 LECTIONES
2176 5732 2264 5791 ET
2297 5731 2845 5793 CORRECTIONES.

659 5856 724 5888 ”‘
760 5853 1111 5923 περιτρέχειν.
