3886 6552
949 361 980 407 Ἰ
1014 409 1072 466 S.
1109 409 1357 466 MAXIM!
1393 409 1686 466 SCHOLIA
1719 411 1785 467 ll“
1827 409 1974 468 EPI‘.
2015 410 2072 466 S.
2115 407 2436 468 DlONYSll.

3244 417 3348 473 556

196 525 254 580 Τί
295 525 361 579 δὲ
417 526 527 580 τὸν
579 525 918 594 θεοπάτορα.
983 527 1104 580 Ὅτι
1157 527 1460 598 Θεοπὰτορα
1515 525 1686 590 καλεῖ,

1864 525 2003 594 Quid
2030 542 2187 593 porro
2215 527 2367 581 illum
2399 525 2498 580 Dei
2529 528 2926 597 progenitorem.
2970 529 3224 587 Davidem
3254 548 3348 587 vo-

130 616 210 673 ea
233 617 319 671 τὸν
339 620 604 689 Χριστὸν,
659 619 748 672 τὸν
778 618 956 672 Δαυίδ.
991 611 1129 690 Φησὶ
1169 618 1276 690 γὰρ
1314 616 1342 671 ὁ
1372 617 1511 682 Θεῖος
1544 617 1691 672 Παῦ-

131 715 228 778 λος*
272 713 704 783 Ἀφωρισμένος
750 714 836 777 εἷς
880 711 1263 781 Εὐαγτέλιον,
1310 712 1341 765 ὂ
1392 725 1686 782 προεπηγ-

128 807 351 874 γείλατο
394 806 468 858 ἐν
489 802 757 873 Γραφαῒς
806 803 1000 872 ἁγίαις
1061 802 1196 870 περὶ
1250 803 1355 858 τοῦ
1401 804 1535 858 Υἱοῦ
1583 806 1687 858 αὐ-

128 896 244 960 τοῦ,
296 896 404 950 τοῦ
451 894 776 965 γενομένου
821 894 889 946 ἐκ
933 892 1269 962 σπέρματος
1325 894 1504 950 Attle
1539 897 1687 950 κατὰ

128 985 328 1054 σάρκα.
377 986 626 1050 Εἰκότως
661 981 754 1040 οῦν
783 984 1067 1056 θεοπὰτωρ
1106 988 1134 1039 ό
1158 986 1335 1042 Δαυίδ.

187 1081 384 1133 Καίτοι
424 1079 526 1133 καὶ
550 1079 790 1149 θεσμός.
830 1078 1142 1149 Γέγραπται
1175 1079 1282 1149 γὰρ
1311 1079 1366 1131 ἐν
1414 1078 1490 1150 τῷ
1515 1079 1683 1150 νόμῳ,

126 1168 253 1220 ὥστε
290 1169 387 1222 καὶ
427 1167 491 1222 τὸ
520 1166 615 1222 τοῦ
647 1167 841 1239 ἐχθροῦ
870 1165 1158 1236 ὑποζύγιον
1187 1171 1524 1224 καταπῖπτον
1554 1169 1687 1238 ἐγεί-

129 1275 228 1329 ρειν
259 1259 325 1312 ⁸⁵.

200 1349 346 1403 Ἀλλ’
373 1348 475 1402 ἐπὶ
519 1349 584 1402 τὸ
630 1349 900 1417 ἄναντες.
977 1353 1099 1407 Ἐπὶ
1127 1352 1188 1405 τὸ
1220 1350 1563 1422 ὑψηλότερον.
1591 1351 1686 1421 Ση-

127 1440 344 1509 μείωσαι
371 1440 432 1493 δὲ
456 1439 518 1494 τὸ
572 1440 952 1512 φιλάνθρωπον
1010 1443 1118 1496 τῶν
1171 1442 1432 1510 ἀγγέλων,
1482 1443 1572 1495 καὶ
1601 1443 1683 1494 ὅτι

124 1531 319 1584 δέονται
366 1532 511 1604 ὑπὲρ
538 1532 705 1587 ἐθνῶν
749 1533 842 1586 τοῦ
897 1533 1052 1600 Θεοῦ,
1086 1535 1176 1588 οιαὶ
1204 1535 1284 1586 ὅτι
1306 1536 1422 1596 ταῖς
1449 1534 1684 1585 ἀποστα-

124 1616 285 1686 meai;
349 1623 645 1696 ἐπιτιμῶσι
720 1624 1013 1697 δυνάμεσι,
1083 1625 1326 1679 τουτέστι
1398 1627 1511 1687 τοῖς
1567 1623 1682 1677 δαί-

128 1730 294 1782 μοσιν.

197 1804 372 1862 Ἀλλά
442 1803 551 1858 τοῦ
604 1802 788 1870 ὄντως
857 1804 1101 1873 ἀγαθοῦ.
1152 1805 1287 1876 Περὶ
1355 1804 1680 1876 ἀγαθότητος

123 1895 206 1948 τοῦ
251 1891 460 1966 Κυρίου
513 1895 671 1990 ἡμῶν
741 1894 916 1965 Ἰησοῦ
977 1896 1212 1967 Χριστοῦ
1276 1896 1368 1950 τοῦ
1426 1896 1676 1968 ἀληθινοῦ
1710 1929 1754 1990 Β

123 1986 263 2040 Θεοῦ.
305 1986 544 2059 [Ὄντως
574 1981 709 2040 εἶναι
742 1990 903 2054 ποιεῖ,
930 1987 1074 2042 τοῦτ’
1101 1987 1215 2042 ἔστι
1243 1988 1521 2060 διακρατεῖ
1545 1990 1680 2061 πρὸς

123 2077 197 2130 δια
203 2077 413 2150 μονήν.]

184 2170 290 2225 Kal
343 2167 544 2222 πάντα
596 2169 886 2234 βούλεται
957 2170 1049 2225 ἀεὶ
1111 2171 1403 2240 γενέσθαι.
1464 2172 1679 2244 Ἐπειδὴ

123 2261 284 2316 πάντα
311 2255 485 2324 εἶπεν,
521 2263 577 2314 ἐν
619 2263 676 2316 δὲ
708 2265 819 2326 τοῖς
846 2263 977 2316 πᾶσι
1006 2263 1099 2317 καὶ
1138 2263 1316 2334 ἄψυχα
1365 2264 1457 2317 καὶ
1491 2264 1677 2334 ἄλογα,

123 2351 363 2422 προσθεὶς
387 2351 532 2405 κατὰ
560 2353 658 2423 τὴν
684 2353 926 2407 ἑκάστων
954 2354 1381 2426 ἐπιτηδειότητα,
1400 2355 1496 2426 τὴν
1525 2356 1682 2427 ὑφορ-

126 2441 300 2511 μῶσαν
348 2443 619 2496 ἀντίθεσιν
647 2443 1101 2516 προεθεράπευσε.

184 2535 291 2587 Καὶ
331 2535 678 2604 φιλονεικεῖ.
722 2536 847 2598 Πῶς
888 2538 987 2608 ἐρᾷ
1017 2537 1232 2590 πάντων
1262 2538 1291 2590 ὁ
1333 2538 1556 2610 Κύριος,
1585 2539 1679 2593 καὶ

123 2628 413 2698 παρακαλεί
438 2630 473 2699 ἡ
484 2629 590 2699 μᾶς
622 2628 696 2699 μὴ
752 2629 1003 2682 ἐκπεσεῖν
1051 2629 1236 2694 αὐτοῦ,
1282 2629 1402 2684 ὅθεν
1429 2632 1523 2685 καὶ
1568 2631 1681 2686 Πα-

124 2717 378 2787 ράκλητος
402 2718 614 2772 ἀκούει.

183 2813 290 2862 Kal
351 2810 792 2882 θρυπτομένων.
848 2812 1187 2884 Θρύπτεσθαι
1245 2813 1446 2886 κυρίως
1474 2813 1535 2868 τὸ
1581 2833 1680 2870 κα-

123 2903 436 2956 τακλᾶσθαι·
483 2904 699 2973 λέγεται
733 2905 790 2959 δὲ
819 2907 851 2977 ἡ
899 2905 1043 2970 λέξις
1089 2906 1181 2959 καὶ
1226 2907 1448 2961 ἐπὶτῶν
1471 2909 1679 2980 ἐρωμέ-

124 3010 237 3054 νων,
262 2995 334 3057 οἳ,
385 2995 487 3067 τὴν
523 2997 658 3066 πρὸς
687 2996 813 3060 τοὺς
850 2997 1085 3069 ἐρῶντας
1115 2997 1530 3070 ἀναϐαλλόμενοι
1558 3017 1679 3052 συν-

125 3084 320 3153 τυχίαν,
365 3085 596 3157 τοιούτῳ
656 3085 734 3156 τῷ
777 3088 1103 3157 σωματικῷ,
1153 3089 1396 3142 τουτέστι
1445 3106 1678 3144 κατακε-

123 3175 413 3247 κλεισμένῳ,
479 3178 776 3248 κέχρηνται
829 3178 966 3249 ἤθει.
1013 3179 1174 3233 Ὅθεν
1225 3180 1552 3252 λαμϐάνεται
1585 3184 1678 3237 καὶ

121 3266 203 3320 ἐπὶ
221 3267 398 3324 ἄλλων
428 3270 798 3340 ὁμοιοτρόπων
820 3271 1175 3342 πραγμάτων.

185 3448 376 3516 Ὅμως
421 3445 743 3514 προσιοῦσι
787 3445 1157 3514 προστρέχει.
1213 3447 1294 3499 Τὰ
1357 3447 1456 3518 τῆς
1509 3448 1672 3518 εὐαγ-

124 3537 335 3607 γελικῆς
375 3537 690 3607 παραϐολῆς
721 3536 813 3590 τοῦ
862 3536 1068 3590 ἀσώτου
1097 3538 1405 3592 ὑποτίθεται
1450 3540 1507 3593 ἐν
1561 3557 1676 3594 του-

119 3645 244 3696 τοις,
278 3630 382 3701 ,καὶ
411 3629 482 3682 τὰ
520 3629 698 3699 ὅμοια.
725 3628 1048 3698 Θαυμασὶως
1091 3630 1146 3682 δὲ
1181 3632 1273 3683 καὶ
1295 3630 1354 3682 τὸ
1387 3631 1504 3694 ὅλος
1523 3633 1673 3696 ὅλους

120 3721 264 3792 φησί,
295 3721 669 3791 καταισχύνων
694 3721 821 3784 τοὺς
857 3722 974 3774 τότε
1000 3724 1326 3793 αἱρετικοὺς,
1356 3724 1548 3786 οἵτινες
1571 3723 1673 3794 ψυ-

119 3811 209 3883 χὴν
245 3813 406 3883 μόνην
433 3810 698 3877 σώζεσθαι
727 3813 830 3865 ὑπὸ
852 3811 1006 3877 Θεοῦ,
1051 3815 1143 3866 καὶ
1171 3815 1230 3865 οὐ
1264 3813 1441 3885 σῶμα,
1472 3816 1670 3883 ἔλεγον.

122 3905 272 3968 Ὀλος
299 3901 409 3967 ὀῦν,
442 3905 627 3975 φησὶν,
656 3905 683 3956 ό
715 3903 934 3975 Κύριος,
963 3903 1037 3967 ὡς
1067 3904 1242 3976 ψυχὴν
1272 3906 1364 3958 καὶ
1394 3906 1549 3976 σῶμα
1582 3908 1676 3960 λα-

119 3993 240 4058 ϐὼν,
273 3996 423 4059 ὅλους
455 3997 601 4066 ἡμᾶς
629 3996 753 4060 τοὺς
779 3995 842 4047 ἐκ
883 3994 1058 4066 ψυχῆς
1090 3997 1183 4049 καὶ
1237 3996 1482 4066 σώματος
1511 3999 1674 4050 σέσω-

118 4103 224 4141 κεν.
249 4082 424 4140 Ἦσαν
452 4087 510 4139 δέ
559 4086 678 4138 τότε
707 4087 972 4157 αἶρετικοὶ
1027 4087 1133 4140 ἀπὸ
1166 4086 1424 4158 Σίμωνος,
1477 4089 1552 4152 ὡς
1581 4089 1675 4161 δη-

118 4176 291 4231 λοῦσιν
330 4179 617 4249 Εἰρηναῖος
650 4177 743 4230 καὶ
777 4177 1106 4240 Ἱππόλυτος.
1135 4178 1244 4229 Καὶ
1289 4179 1336 4230 οἱ
1369 4177 1434 4230 τὰ
1469 4177 1675 4249 Ὠριγέ-

1787 627 1876 673 cat
1905 617 1998 673 Dei
2027 619 2427 689 progenitorem
2470 627 2692 688 propter
2717 618 3016 676 Christum.
3067 622 3158 676 Ait
3201 624 3346 679 enim

1787 706 1852 764 D.
1878 707 2078 764 Paulus
2105 710 2133 748 ιι
2161 727 2174 762 :
2210 707 2518 778 Segregatus
2559 708 2613 762 in
2659 708 3018 780 Evangeliam,
3059 710 3197 782 quod
3225 730 3350 782 pro-

1787 800 1930 854 misit
1961 802 2013 853 in
2042 797 2330 870 Scripturis
2366 799 2564 854 sanctis
2592 797 2656 854 de
2705 799 2850 855 Filio
2893 817 3010 866 suo,
3051 805 3139 873 qui
3173 805 3347 873 facta:

1785 901 1861 948 est
1888 907 1952 946 ea:
1981 892 2173 946 semine
2201 890 2374 945 David
2413 891 2695 946 secundum
2733 898 2962 949 carnem.
3022 893 3213 950 Merito
3241 896 3344 967 igi-

1785 995 1877 1043 tur
1911 985 2078 1040 David
2105 995 2189 1041 est
2215 984 2311 1040 Dei
2331 993 2503 1055 pater.

1858 1080 1998 1146 Quin
2023 1082 2180 1133 etiam
2216 1078 2323 1149 lege
2345 1079 2626 1135 sancitum.
2661 1077 2931 1151 Scriptum
2971 1081 3114 1138 enim
3152 1089 3236 1139 est
3286 1084 3343 1138 iu

1786 1173 1903 1243 lege
1939 1172 1984 1239 ἱ,
2036 1177 2097 1225 ιιι
2127 1171 2288 1226 etiam
2323 1170 2531 1226 inimici
2582 1172 2863 1245 subjugale
2900 1172 3103 1229 cadens
3137 1173 3342 1230 levare-

1785 1271 1897 1318 tur.
2469 1263 2474 1267 ’

1856 1353 2114 1409 Caterum
2147 1352 2216 1408 ad
2247 1352 2465 1410 altiora.
2492 1351 2574 1408 Ad
2603 1355 2680 1422 id,
2709 1357 2852 1427 quod
2873 1357 3341 1416 'sublimius.Nota

1784 1457 1965 1503 autem
2006 1443 2428 1517 benignissimos
2484 1447 2702 1518 angelos
2741 1449 2902 1504 etiam
2961 1465 3059 1520 pro
3091 1451 3342 1521 gentibus

1783 1537 1950 1594 Deum
1983 1537 2284 1608 deprecari,
2316 1541 2369 1592 et
2417 1539 2750 1607 apostaticas
2774 1540 3027 1610 virtutes,
3055 1541 3110 1596 id
3138 1548 3221 1598 est
3242 1541 3344 1598 dte-

1781 1643 1971 1683 mones
1998 1628 2300 1699 increpare.

1850 1805 1954 1863 Sed
1983 1823 2096 1862 vere
2125 1806 2265 1864 boni.
2297 1807 2373 1864 De
2405 1807 2616 1864 Domini
2638 1807 2815 1863 nostri
2841 1806 2970 1864 Iesu
2994 1807 3200 1865 Christi
3225 1811 3340 1866 veri

1782 1895 1876 1952 Dei
1903 1897 2251 1968 benignitate.
2292 1897 2458 1970 [Vere
2485 1912 2606 1954 esse
2661 1896 2813 1964 facit,
2844 1897 2950 1952 hoc
2984 1906 3070 1954 est
3117 1893 3342 1956 conser-

1781 1993 1892 2052 vat,
1920 1994 1979 2042 ut
2001 1987 2402 2061 permaneant.]

1852 2163 1923 2218 Et
1954 2165 2132 2219 omnia
2175 2165 2285 2219 vult
2311 2180 2513 2233 semper
2541 2165 2678 2234 ﬁeri.
2710 2165 2846 2221 Cum
2877 2164 3107 2220 dixisset
3133 2166 3336 2233 omnia,

1778 2255 1922 2312 inter
1957 2257 2137 2313 omnia
2169 2266 2347 2312 autem
2378 2257 2542 2312 etiam
2569 2258 2680 2312 sint
2723 2257 3018 2311 inanimata
3043 2265 3096 2312 et
3121 2258 3341 2312 irratio-

1779 2349 1948 2413 nalia,
1975 2349 2178 2404 addens
2204 2349 2500 2404 secundum
2524 2348 2791 2418 cujusque
2806 2348 3184 2418 aptitudinem,
3209 2349 3338 2404 sub-

1779 2441 2044 2496 orientem
2078 2440 2475 2510 Oppositionem
2504 2439 2817 2495 moderatus
2845 2444 2950 2495 est.

1851 2530 1922 2584 Et
1950 2548 2130 2585 amore
2158 2529 2444 2585 contendit.
2499 2529 2784 2595 Quomodo
2835 2528 3098 2586 Dominus
3150 2544 3342 2585 omnes

1779 2629 1944 2687 amet,
1968 2631 2022 2678 et
2061 2622 2311 2676 hortetur
2356 2636 2480 2682 nos.
2513 2635 2582 2676 ne
2619 2621 2688 2675 ab
2711 2621 2830 2690 ipso
2854 2621 3188 2687 excidamus,
3221 2635 3342 2691 pro-

1777 2719 1899 2782 pter
1924 2714 2068 2782 quod
2099 2714 2262 2768 etiam
2307 2711 2622 2767 Paraeletus
2654 2713 2980 2783 appellatur.

1856 2800 2032 2855 Etiam
2085 2801 2380 2856 deliciosos.
2419 2800 2668 2856 Deliciari
2725 2817 2822 2856 seu
2879 2802 3115 2858 molliter
3158 2803 3351 2868 vivere,

1776 2894 1997 2964 pr0prie
2025 2903 2110 2948 est
2128 2894 2378 2948 enervari
2422 2908 2518 2948 seu
2566 2892 2861 2964 confringi.
2916 2893 3124 2948 Dicitur
3159 2902 3340 2952 autem

1776 2985 1892 3038 haec
1915 2984 2082 3038 dictio
2108 2985 2270 3038 ctiam
2293 2984 2361 3038 de
2388 2983 2456 3038 iis
2491 2984 2583 3054 qui
2624 2985 2905 3040 amoribus
2936 2993 3168 3051 vacant,
3219 2987 3339 3057 qui,

1778 3087 2079 3132 amatorum
2105 3077 2446 3147 adeptionem
2473 3077 2964 3148 procrastinantes,
2985 3084 3216 3131 utuntur
3238 3077 3340 3131 hac

1779 3183 2058 3238 corporea,
2104 3168 2158 3222 id
2204 3177 2286 3223 est
2315 3167 2600 3239 praefracta
2631 3176 2686 3224 et
2733 3168 2882 3222 molli
2923 3168 3336 3224 consuetudine.

1697 3270 1741 3328 α
1775 3257 1930 3314 Unde
1981 3260 2145 3314 etiam
2195 3258 2262 3311 ad
2302 3273 2393 3314 res
2435 3260 2709 3330 quaslibet
2751 3258 3067 3315 consimiles
3121 3267 3342 3315 transu-

1775 3351 1963 3406 mitur.

1847 3442 2106 3498 Similiter
2175 3441 2573 3497 adventantibus
2633 3443 2882 3497 occurrit.
2958 3442 3337 3512 Evangelicam

1775 3534 2084 3607 parabolam
2114 3536 2324 3606 prodigi
2353 3535 2409 3588 in
2441 3535 2527 3589 his
2577 3535 2868 3603 proponit,
2928 3543 2983 3589 et
3032 3549 3152 3603 quae
3210 3542 3341 3589 sunt

1777 3625 1994 3680 similia.
2019 3624 2159 3690 Quin
2179 3624 2341 3679 etiam
2366 3633 2510 3678 totus
2535 3630 2699 3688 totos,
2738 3623 2934 3693 inquit,
2960 3625 3045 3678 sui
3075 3624 3340 3692 temporis

1776 3715 2060 3771 haereticos
2090 3713 2449 3779 confundens,
2493 3713 2585 3783 qui
2626 3713 2846 3783 quidem
2877 3713 3113 3766 animam
3137 3714 3337 3768 salvari

1777 3807 1957 3875 aDeo,
1990 3823 2099 3862 non
2125 3807 2253 3862 item
2274 3819 2498 3874 corpus,
2531 3803 2918 3873 praedicabant.
2958 3801 3048 3855 Ait
3073 3817 3224 3872 ergo,
3257 3809 3342 3855 to-

1775 3907 1864 3955 tus
1894 3899 2176 3964 Dominus,
2227 3906 2288 3952 ut
2309 3896 2403 3967 qui
2435 3896 2672 3949 animam
2699 3903 2753 3949 et
2780 3909 2984 3964 corpus
3015 3893 3334 3963 assumpsit,

1775 4007 1877 4048 nos
1915 3999 2079 4057 totos,
2112 3991 2204 4060 qui
2244 3990 2425 4043 anima
2454 3995 2508 4042 et
2530 4000 2758 4056 corpore
2783 3991 3122 4046 constamus.
3155 3983 3336 4038 salvos

1776 4084 1923 4140 fecit.
1986 4079 2155 4138 Erant
2208 4081 2352 4137 enim
2404 4087 2536 4133 tunc
2595 4079 2651 4135 in
2702 4085 2889 4133 errore
2942 4077 3048 4132 isto
3095 4074 3334 4145 Simonis

1775 4176 2052 4246 discipuli,
2110 4174 2188 4229 uti
2249 4169 2487 4228 lrenmus
2540 4177 2596 4226 et
2650 4168 2974 4239 Hippolytus
3025 4167 3330 4221 declarant.

119 4284 234 4331 νους
273 4268 324 4322 δὲ
346 4258 760 4339 δογματίζοντες
778 4268 846 4320 τὰ
874 4268 1010 4321 αὐτὰ
1040 4267 1310 4339 φρονοῦσι.
1338 4270 1597 4338 Περιφὺς
1617 4271 1674 4324 δὲ

1796 4265 2084 4334 luinetiam
2103 4263 2423 4334 Origenista:
2444 4261 2630 4317 eadem
2648 4261 2845 4314 docent
2867 4274 2932 4314 ac
2952 4258 3212 4314 sentiunt.
3231 4259 3336 4310 Ile-

119 4359 232 4414 ἀντὶ
268 4360 358 4414 τοῦ
381 4360 733 4430 περιπλακεί
735 4381 786 4427 ς.

1796 4357 1936 4427 ›ιφύς
1983 4371 2113 4413 vero
2169 4355 2339 4421 dixit,
2393 4368 2494 4423 pro
2548 4349 2940 4422 περιπλακεις,
2992 4348 3045 4402 id
3095 4355 3182 4404 est
3219 4363 3335 4400 am-

1889 4459 1998 4503 tens
2007 4489 2020 4504 .

186 4533 425 4602 Δηλιιδὴ
471 4532 615 4599 τοὺς
657 4534 935 4603 ἀγαθούς.
987 4534 1295 4606 Σημείωσαι
1346 4535 1494 4600 τινας
1543 4541 1673 4610 φησὶ

1796 4451 2020 4504 ιιεσιειιε.

1837 4510 2105 4594 ’γξάειίεθι
2147 4538 2330 4590 bonos.
2383 4533 2523 4590 Nota
2576 4548 2716 4604 quos
2768 4534 2972 4586 amicos
3011 4530 3159 4584 dicat
3196 4545 3332 4586 con~

119 4622 162 4656 ⁸⁷
195 4628 318 4688 τοὺς
364 4625 835 4696 συγκαλουμένους
874 4626 1088 4695 φίλουςο
1134 4629 1249 4698 μετ’
1277 4627 1429 4696 ὀλίγα
1455 4628 1510 4681 δὲ
1547 4609 1674 4695 τοὺς

1796 4637 2031 4695 ιοοιιιοε;
2059 4635 2182 4698 post
2212 4639 2385 4695 pauca
2411 4639 2544 4678 vero
2601 4623 2840 4692 intellige
2879 4621 2977 4676 hos
3011 4636 3132 4676 esse
3160 4620 3333 4676 bonos

119 4716 346 4782 ἀγαθοὺς
375 4716 639 4784 ἀγγέλους
670 4714 803 4771 εἶναι
848 4718 1070 4782 τούτους
1114 4721 1241 4772 νοεῖ.
1291 4717 1431 4790 Ὅρα
1470 4720 1526 4773 δέ
1557 4721 1672 4787 πῶς

1796 4721 2018 4792 mgelos.
2049 4717 2209 4790 315
2235 4716 2371 4772 Vide
2419 4723 2598 4770 autem
2663 4713 2934 4783 quomodo
2987 4712 3089 4766 hoc
3129 4711 3332 4766 intelli-

118 4810 222 4860 νοεί
268 4808 348 4872 τὸ,
409 4809 542 4862 Ἵνα
587 4805 627 4876 ᾗ
684 4809 923 4863 πάντων
958 4810 1431 4878 εὐφραινομέηυν
1468 4813 1506 4880 ἡ
1534 4829 1672 4867 κατ-

1796 4817 1864 4878 ςει
1897 4827 1910 4864 :
1974 4805 2042 4861 Ut
2073 4809 2144 4862 sit
2184 4807 2416 4861 omnium
2451 4803 2745 4858 la'tantium
2777 4801 3052 4857 habitatio.

123 4903 284 4954 οικία.

187 4987 269 5047 Σὺ
294 4995 379 5059 δὲ,
410 4996 491 5061 ὡς
515 4994 586 5048 τὰ
607 4993 906 5064 γράμματὰ
933 5007 1047 5047 σου
1071 4991 1262 5060 δηλοῖ.
1295 4995 1366 5048 Σὺ
1386 4995 1461 5058 δὲ,
1486 4996 1667 5067 φησὶν.

1847 4985 1927 5043 Tu
1950 5004 2088 5051 vero,
2116 4996 2173 5040 ut
2204 4994 2312 5040 tute
2334 4986 2519 5039 littera
2550 4984 2838 5038 declarant.
2883 4980 2963 5035 Tu
2995 4988 3173 5036 autem
3199 5018 3213 5043 ,
3249 4979 3333 5032 in-

119 5076 164 5138 ὦ
191 5085 476 5157 Δημόφίλε,
514 5087 606 5139 καὶ
637 5083 727 5138 τὸν
757 5084 905 5158 ἱερέα
936 5083 1184 5155 ὕϐρισας.
1218 5087 1434 5140 εἰπόντα
1455 5086 1668 5158 ἐλεητὸν

1796 5080 1908 5149 luit,
1941 5095 1976 5132 o
2004 5078 2320 5147 Denmphile
2345 5118 2361 5143 ,
2407 5078 2572 5132 etiam
2620 5074 2891 5130 sacerdoti
2944 5070 3328 5127 contumeliam

123 5172 320 5250 [siuet],
357 5179 630 5232 τουτέστιν
665 5177 846 5240 ἐλέους
879 5177 1047 5240 ἄξιον,
1083 5177 1174 5230 τὸν
1200 5177 1367 5248 ἀσεϐῆ
1388 5176 1482 5231 καὶ
1509 5196 1670 5250 μετα-

1796 5171 1966 5233 ecisti,
1994 5168 2139 5240 quod
2169 5168 2374 5223 diceret
2400 5166 2792 5229 miserandum,
2827 5165 2880 5219 id
2910 5173 2992 5218 est
3023 5162 3332 5216 misericor-

122 5269 352 5323 νοοῦντα.
386 5271 542 5323 Δοκεῖ
560 5269 615 5322 δέ
635 5284 723 5340 μοι
750 5270 778 5320 ό
797 5268 1100 5339 Δημόφιλος
1126 5269 1490 5341 πρεσϐύτερον
1513 5269 1670 5343 ὕϐρι-

1796 5263 1858 5317 lia
1875 5261 2097 5332 dignum
2119 5274 2240 5315 esse
2260 5257 2485 5328 impium
2502 5271 2565 5310 ac
2589 5258 2959 5328 pmnitentem.
2991 5251 3117 5304 Mihi
3149 5261 3327 5303 autem

123 5357 295 5413 κέναι·
324 5362 450 5422 τοὺς
480 5359 590 5431 γὰρ
622 5357 799 5431 ἱερέας
835 5357 1237 5430 πρεσϐυτέρους
1274 5359 1428 5413 εἴωθε
1464 5341 1666 5427 καλεῖν,

1796 5355 1982 5411 νίιιειιιι·
2008 5350 2356 5420 Demophilus
2384 5349 2702 5420 presbytero
2748 5347 3000 5417 injuriam
3039 5341 3324 5406 intulisse;

123 5445 194 5509 ὠς
219 5450 274 5500 ἐν
299 5447 389 5526 τῷ.
409 5448 546 5515 Περὶ
576 5445 686 5514 τῆς
706 5443 1211 5526 ἐκύησιαστιπῆς
1239 5447 1536 5516 ἱεραρχιας
1559 5447 1668 5501 διε-

1796 5443 2098 5504 oleteuim
2146 5441 2492 5512 presbyteros
2539 5455 2736 5496 vocare
2780 5433 3126 5498 sacerdotes,
3160 5433 3236 5486 uti
3273 5431 3329 5485 in

191 5583 219 5626 δ
248 5585 401 5642 Rom.
435 5601 472 5650 ι,
508 5584 626 5639 1-5.
706 5583 725 5626 ί
759 5583 914 5639 Deut.
949 5599 1082 5648 xxu,
1112 5582 1167 5637 4.

1070 5738 1303 5797 ἾΔΒΙᾸΕ
1373 5736 1751 5797 LECTIONES
1780 5737 1868 5794 ΕΤ
1903 5729 2451 5796 CORBECTIONES.

185 5853 228 5886 “
247 5856 564 5928 ἀνεγείρειν.
666 5852 707 5884 ⁵⁷
736 5855 860 5906 νοεῖ.
