3886 6566
546 367 652 424 δι’)

1335 361 1673 418 APPENDIX
1706 361 1800 417 AD
1831 361 2060 418 OPERA
2095 362 2151 418 S.
2187 360 2486 419 DIONYSII
2518 360 3000 423 AREOPAGITE.

3661 362 3757 434 sis

544 479 921 535 Ecclesiastica
976 477 1271 534 hierarcliia
1318 477 1466 533 clare
1511 478 1719 533 docuit.
1757 477 1898 544 Quin
1941 478 2080 535 etiam

2209 480 2475 550 τράνωσε.
2507 479 2617 534 Καὶ
2646 480 2878 534 ἐνταῦθα
2906 481 2963 535 δὲ
3001 482 3138 553 μετά
3162 482 3363 557 βραχέα
3387 486 3757 548 ὑποκατιὼντδ

540 572 634 627 hic
658 572 823 639 infra,
856 572 1017 642 paulo
1044 578 1170 641 post
1191 569 1383 624 eodem
1427 570 1591 625 modo
1634 570 1928 627 dictionem
1970 572 2080 627 han

2204 569 2500 642 εἰρημένον
2532 589 2620 643 μοι
2642 571 2942 645 συνίστησι.
2973 575 3108 627 Καθ’
3129 577 3443 650 ’ὑπερϐατὸν
3481 581 3541 634 δὲ
3568 583 3602 655 ἡ
3642 586 3756 639 σύν·

541 665 811 735 intelligit.
843 663 1193 719 Constructio
1234 670 1413 717 autem
1445 663 1561 717 lucc
1591 669 1675 717 est
1704 679 1800 733 per
1831 663 2080 733 traiectio

2206 661 2380 729 ταξις,
2410 662 2669 735 ’Υϐριζες
2705 664 2797 718 τὸν
2837 666 2988 738 ἱερέα
3020 666 3380 724 δικαιώσαντα
3408 674 3503 727 καὶ
3540 675 3620 742 τὸ,
3672 677 3757 733 τδν

539 769 663 810 nem
695 753 838 824 (cum
853 752 948 823 ait)
975 751 1419 806 :Convitiatuses
1443 750 1779 805 sacerdotem
1804 750 2109 819 iustiﬁcan-

537 851 645 898 tem
668 883 684 908 ,
719 843 797 897 uti
847 849 901 898 et
939 842 1110 897 illud:
1146 842 1372 912 impium
1404 841 1771 897 miserandum
1802 856 1955 906 esse,
2008 858 2103 897 seu

534 937 911 992 misericordia
944 936 1192 1007 dignum.

602 1029 804 1085 Sancta
849 1040 1155 1085 sanctorum
1202 1028 1487 1085 sustulisti.
1540 1027 1823 1084 Sustulisti
1852 1044 1951 1100 pro
1981 1030 2106 1086 vili-

529 1122 763 1194 pendisti
795 1130 849 1178 et
874 1123 1218 1190 extenuasti;
1245 1122 1331 1177 vel
1354 1122 1401 1176 si
1426 1121 1529 1175 hoc
1551 1137 1682 1186 non,
1715 1132 1900 1178 tamen
1925 1129 2105 1177 sustu-

529 1217 661 1281 listi,
690 1232 790 1287 pro
820 1214 1228 1280 contemerasti,
1261 1213 1419 1284 quasi
1468 1213 1647 1268 dicat:
1691 1211 2102 1279 Quodammodo

526 1308 827 1373 abstulisti,
860 1316 915 1363 et
939 1323 969 1362 e
1000 1307 1247 1363 sacrario
1276 1303 1450 1359 tulisti
1475 1344 1491 1367 ,
1539 1319 1662 1359 cum
1694 1304 1746 1358 id
1776 1312 1830 1359 et
1857 1305 2102 1361 diaconis

525 1409 581 1458 et
629 1400 964 1472 presbyteris
1004 1399 1121 1470 lege
1146 1398 1372 1453 vetitum
1405 1397 1514 1461 sit,
1549 1412 1668 1467 qua:
1694 1396 1862 1451 dicit:
1900 1395 1966 1449 Et
1996 1396 2101 1451 Sa-

526 1493 763 1548 cerdotes
802 1490 1045 1546 vetabunt
1074 1498 1259 1544 sancta
1284 1526 1302 1554 ,
1333 1489 1412 1544 uti
1440 1488 1601 1544 etiam
1634 1489 1831 1559 pagina
1864 1504 2097 1559 sequen—

528 1585 570 1638 ti
599 1584 696 1638 ait.

591 1671 762 1743 Nefas
797 1667 1143 1727 sacerdotem.
1184 1668 1454 1736 Quoniam
1510 1682 1620 1722 non
1659 1676 1871 1739 oportet
1906 1681 2095 1727 sacer—

515 1766 721 1830 dotem,
771 1764 897 1820 licet
950 1770 1284 1834 peccantem,
1336 1776 1367 1815 a
1422 1760 1653 1815 diacono
1689 1760 1773 1815 vel
1824 1759 2095 1814 monacho

2207 754 2379 825 ἀσεϐἧ
2400 754 2616 827 ὲλεητὸν
2644 756 2931 831 ὑπάρχειν,
2964 760 3131 832 ἤγουν
3151 761 3332 827 ἒλέους
3358 764 3517 830 ἄξιον.

2278 1018 2356 1071 Τὰ
2390 1018 2553 1088 Ἅγια
2589 1020 2707 1074 τῶν
2739 1021 2923 1090 ἁγίων
2953 1022 3369 1092 συνέστειλας.
3418 1028 3757 1099 Συνέστειλας

2202 1108 2322 1162 ἀντὶ
2356 1109 2449 1163 τοῦ
2486 1112 2874 1179 ὲταπείνωσας,
2906 1114 3000 1169 καὶ
3036 1117 3387 1189 ὲσμίκρυνας·
3432 1121 3467 1192 ἢ
3498 1122 3561 1175 οὐ
3592 1124 3751 1190 τοῦτο,

2201 1202 2335 1255 ἀλλά
2360 1204 2722 1269 συνέστειλας,
2740 1205 2860 1259 ἀντὶ
2870 1207 2965 1260 τοῦ
2990 1208 3240 1280 συνῆξας,
3255 1210 3332 1275 ὡς
3355 1211 3592 1284 εἴρηται,
3609 1217 3754 1269 οἱονεὶ

2201 1294 2430 1364 ἐπῆρας,
2467 1296 2532 1347 ὲκ
2558 1296 2651 1348 τοῦ
2696 1295 3077 1369 θυσιαστηρίου
3110 1298 3405 1369 βαστάσας,
3438 1305 3615 1359 καίτοι
3652 1308 3754 1361 δια-

2205 1385 2374 1439 κόνων
2412 1387 2505 1441 καὶ
2539 1388 2924 1461 πρεσϐυτέρων
2960 1390 3116 1445 τοῦτο
3150 1397 3321 1447 ποιεῖν
3359 1396 3752 1471 ἐπιτετραμμέ-

2205 1494 2309 1530 νων
2335 1476 2430 1530 τοῦ
2452 1478 2615 1549 νόμου
2635 1480 2903 1549 λέγοντος
2936 1482 3045 1536 Καὶ
3066 1484 3233 1552 ἱερεῖς
3252 1490 3671 1554 περιστελοῦσι
3690 1493 3752 1546 τὰ

2198 1570 2336 1639 ἅγια
2352 1609 2366 1632 ,
2391 1570 2467 1634 ὡς
2491 1571 2586 1625 καὶ
2630 1574 2686 1625 ὲν
2717 1572 2795 1644 τῷ
2820 1574 2945 1645 ἑξῆς
2976 1577 3157 1649 φύλλῳ
3181 1579 3361 1649 φησίν.

2271 1663 2352 1715 Οὐ
2388 1663 2625 1732 θεμιτὸν
2647 1664 2821 1733 ἱερέα.
2860 1667 2980 1720 Ὅτι
3008 1669 3068 1721 οὑ
3104 1669 3184 1723 δεῖ
3219 1672 3619 1744 πρεσϐύτερον,
3659 1676 3751 1729 κᾶν

2198 1754 2507 1829 ἁμαρτάνῃ,
2544 1756 2647 1810 ὑπὸ
2676 1758 2919 1813 διακόνου
2944 1761 2977 1833 ἤ
3012 1762 3331 1833 μονάζοντος
3359 1767 3747 1832 εὑθύνεσθαι⁸⁸,

518 1857 755 1929 corrigi,
794 1856 993 1912 nedum
1026 1870 1059 1911 a
1100 1854 1291 1919 laicis,
1332 1853 1635 1924 praesertim
1685 1860 1838 1908 extra
1873 1850 2080 1907 electio-

2201 1851 2268 1920 μή
2293 1850 2345 1902 τί
2375 1867 2439 1919 γε
2470 1850 2573 1903 ὑπὸ
2592 1851 2818 1917 λαῖκῶν,
2852 1853 3026 1908 ταῦτα
3062 1856 3121 1909 δὲ
3143 1856 3264 1928 δίχα
3298 1859 3595 1929 αἱρέσεως·
3623 1862 3750 1932 ὑπὲρ

516 1964 675 2015 nem;
715 1963 840 2003 nam
879 1956 963 2002 est
998 1960 1163 2016 supra
1211 1942 1458 1999 ordinem
1516 1944 1910 1997 monachorum
1935 1982 1949 2005 ,
2008 1940 2094 1997 vel

515 2039 892 2095 ministrorum
949 2051 1045 2093 seu
1097 2035 1472 2091 diaconorum.
1514 2032 1669 2100 Quod
1711 2048 1833 2087 cum
1875 2032 1949 2086 ita
1988 2032 2091 2099 sit,

515 2131 691 2187 multo
736 2129 924 2201 maius
966 2126 1120 2184 nefas
1170 2127 1240 2182 sit
1278 2126 1593 2197 episcopum
1633 2139 1664 2178 a
1703 2123 1958 2195 quopiam
1998 2124 2089 2179 in-

515 2238 583 2278 cu
590 2238 696 2279 san
704 2261 719 2274 .

584 2308 895 2365 Sacerdotes
940 2307 1320 2380 autem.angeli
1358 2319 1502 2363 sunt.
1543 2305 1682 2361 Nota
1719 2305 1866 2377 quod
1920 2307 2085 2362 etiam

515 2400 827 2457 sacerdotes
853 2400 1032 2472 angeli
1062 2407 1118 2455 et
1148 2400 1494 2469 interpretes,
1528 2399 1582 2455 id
1612 2407 1699 2457 est
1728 2410 2085 2471 praeceptores

513 2492 822 2547 divinorum
864 2490 1197 2562 iudiciorum
1246 2491 1357 2546 sint
1398 2499 1521 2561 post
1568 2492 1885 2562 episcopos;
1915 2499 1969 2548 et
2002 2493 2084 2548 vel

511 2584 641 2639 hinc
684 2583 922 2638 maxime
948 2588 1097 2652 patet
1122 2622 1138 2646 ,
1168 2580 1465 2651 Epistolam
1505 2581 1649 2635 hanc
1673 2582 1931 2652 scriptam
1964 2598 2084 2638 esse

510 2675 579 2732 de
604 2675 925 2746 presbytero
949 2713 965 2740 ,
1018 2674 1114 2745 qui
1156 2688 1187 2727 a
1230 2672 1501 2728 monacho
1551 2674 1987 2743 persecutionem
2028 2682 2083 2729 et

509 2767 765 2838 iniuriam
794 2780 994 2837 passus
1023 2765 1224 2821 fuerat.

579 2857 939 2913 Mediantibus
968 2857 1250 2913 ministris.
1303 2856 1443 2912 Nota
1474 2858 1619 2928 quod
1640 2858 1735 2930 qui
1757 2872 1845 2914 res
1868 2859 2081 2917 divinas

506 2964 539 3004 a
579 2948 913 3021 presbyteris
961 2948 1108 3004 scire
1152 2948 1377 3013 volunt,
1424 2964 1533 3003 non
1578 2964 1676 3019 per
1705 2964 1764 3005 se
1791 2949 1892 3004 hoc
1921 2964 2081 3021 agere

506 3038 771 3102 debeant,
818 3038 1036 3095 tametsi
1081 3040 1336 3094 monachi
1380 3039 1526 3101 sint.
1582 3041 1676 3096 sed
1716 3041 2080 3097 mediantibus

505 3127 793 3196 diaconis;
842 3128 1008 3199 idque
1054 3127 1272 3195 quando
1322 3136 1537 3201 tempus
1591 3128 1828 3185 adfuerit
1879 3144 2081 3201 oppor-

503 3228 719 3276 tunum.

574 3310 682 3367 Per
709 3327 837 3381 quos
877 3313 1037 3366 etiam
1064 3320 1124 3365 ut
1166 3328 1329 3368 esses.
1379 3311 1469 3367 Uti
1514 3313 1753 3369 diximus
1806 3330 1971 3386 supra
2019 3315 2075 3370 in

507 3400 889 3456 Ecclesiastica
937 3401 1266 3467 hierarchia,
1325 3404 1506 3474 capite
1554 3405 1621 3461 de
1666 3408 2075 3464 consecratione

503 3494 940 3563 monachorum,
988 3508 1020 3547 a
1063 3492 1439 3550 sacerdotibus
1488 3496 1623 3565 ipsis
1668 3496 1787 3552 dari
1828 3498 2071 3554 habitum

502 3588 909 3644 monachicum.

575 3679 881 3735 Distinctio.
912 3679 1038 3751 Agit
1065 3681 1133 3736 de
1162 3681 1547 3738 ecclesiasticis
1587 3681 2033 3741 distinctionibus
2052 3728 2068 3753 ,

502 3780 556 3827 et
580 3773 726 3842 quod
751 3774 819 3829 sit
844 3773 1209 3828 ministerium
1230 3775 1619 3831 monachorum
1641 3795 1656 3831 :
1681 3776 1950 3847 siquidem
1969 3778 2071 3833 hos

501 3863 742 3919 cultores
771 3871 949 3919 vocat.
1001 3863 1128 3920 Haec
1176 3867 1337 3921 etiam
1388 3865 1553 3922 tradit
1592 3866 1648 3923 in
1696 3865 2071 3922 Ecclesiastica

502 3955 823 4014 hierarcltia.

571 4051 736 4122 316
781 4049 1072 4121 Adytorum
1111 4058 1304 4119 postes.
1336 4050 1590 4107 Diaconis
1618 4052 1763 4107 enim
1804 4052 2069 4107 attributa

502 4149 588 4198 est
613 4151 895 4213 portarum
925 4143 1167 4198 ecclesiae
1193 4143 1439 4198 custodia
1464 4183 1481 4208 ,
1514 4152 1573 4197 ut
1603 4142 1660 4197 in
1691 4143 2068 4197 Ecclesiastica

504 4234 821 4298 hierarchia,
855 4235 1030 4305 capite
1058 4234 1133 4290 De
1158 4235 1665 4291 consecrationibus
1712 4235 2066 4292 sacerdotali-

503 4325 625 4390 bus,
653 4326 813 4397 paulo
846 4334 969 4397 post
996 4327 1211 4382 initium
1238 4328 1435 4398 capitis
1462 4327 1651 4383 tradit.

574 4510 878 4577 Divinarum
930 4525 1357 4579 velamentorum.
1414 4523 1685 4591 Quoniam
1735 4523 1899 4579 etiam
1950 4534 2063 4580 tum

501 4612 801 4667 velamenta
829 4623 983 4669 erant
1012 4615 1216 4669 circum
1247 4615 1437 4670 altare.

574 4702 754 4775 Neque
788 4704 1071 4775 quidquam
1104 4705 1297 4760 habeas
1330 4721 1511 4759 eorum
1537 4720 1654 4776 quia
1674 4703 1874 4759 decent.
1898 4703 2061 4770 Nota,

500 4797 755 4869 quoniam
794 4806 987 4867 praater
1014 4798 1260 4853 ordinem
1288 4805 1344 4857 et
1373 4812 1561 4853 sacros
1590 4797 1753 4863 ritus,
1786 4796 1844 4851 in
1869 4805 2065 4853 sancta

500 4890 787 4954 involarat,
825 4890 960 4944 nihil
988 4905 1056 4944 ex
1085 4890 1216 4955 illis,
1244 4904 1422 4959 neque
1454 4888 1661 4956 videre,
1690 4903 1867 4959 neque
1902 4890 2060 4944 audi-

496 4996 556 5036 re
580 5020 596 5045 ,
626 4996 801 5051 neque
834 4980 1033 5036 habere
1072 4980 1362 5046 credatur,
1410 4980 1631 5037 tametsi
1676 4982 1929 5039 manibus
1970 4983 2060 5039 illa

481 5080 882 5128 contrectaret.

567 5166 935 5231 Prwsumeret,
964 5163 1174 5225 nedum.
1200 5170 1304 5217 etc.
1335 5161 1781 5221 Subaudienuum
1799 5205 1816 5233 ,
1860 5166 2057 5222 merito

496 5257 802 5327 puniretur,
833 5253 1287 5327 quemadmodum
1315 5262 1369 5309 et
1393 5255 1506 5311 hic.

565 5347 790 5416 Quando
832 5349 950 5419 quis
980 5347 1189 5417 majora
1218 5348 1415 5403 meritis
1444 5357 1746 5406 attentaret.
1786 5349 2056 5417 Quoniam

497 5441 540 5495 si
571 5441 694 5509 quis
722 5440 886 5494 etiam
917 5454 982 5494 ea
1010 5453 1130 5508 qua:
1159 5447 1524 5497 consentanea
1554 5450 1685 5498 sunt
1711 5441 1876 5497 faciat
1899 5481 1916 5506 ,
1959 5441 2058 5497 sed

494 5540 689 5603 praeter
716 5531 962 5588 ordinem
993 5539 1049 5587 et
1070 5531 1407 5603 dignitatem,
1440 5535 1529 5593 hic
1552 5544 1733 5594 tamen
1749 5537 1841 5608 ius
1868 5538 2057 5608 fasque

497 5618 683 5677 violat.

606 5836 649 5866 ⁵⁸
686 5834 1124 5906 κατηγορεῖσθαι.

2094 4591 2139 4646 Β
2168 4610 2559 4681 ραπετάσματα
2580 4607 2648 4682 ἦν
2675 4610 2802 4682 περὶ
2828 4611 2889 4663 τὸ
2907 4610 3309 4683 θυσιαστήριον.

2193 1939 2303 2012 γὰρ
2328 1941 2426 2013 τὴν
2450 1942 2602 2008 τάξιν
2631 1944 2739 1996 τῶν
2768 1947 3037 2016 μοναχῶν,
3072 1948 3105 2019 ἢ
3137 1948 3245 2001 τῶν
3282 1952 3612 2023 λειτουργῶν
3641 1954 3748 2024 ἦτοι

2191 2032 2470 2087 διακόνων.
2506 2035 2616 2088 Καὶ
2644 2036 2691 2087 εξ
2720 2034 2905 2101 τοῦτο,
2941 2038 3119 2109 πολλῷ
3162 2040 3359 2110 μᾶλλον
3388 2042 3509 2096 οὐδὲ
3540 2044 3746 2097 ἐπίσκο-

2191 2141 2290 2178 πον
2325 2127 2747 2199 κατηγορεῖσθαι
2777 2127 2932 2200 θέμις
2960 2131 3064 2183 ὑπό
3090 2148 3249 2196 τινος.

2260 2304 2326 2355 Ol
2363 2302 2434 2356 δὲ
2466 2305 2641 2373 ἱερεῖς
2674 2307 2934 2377 ἄγγελοι.
2986 2311 3297 2381 Σημείωσαι
3344 2314 3425 2367 ὃτι
3454 2316 3548 2368 καὶ
3595 2318 3747 2388 ἱερεῖς

2184 2394 2403 2463 ἄγγελοι
2429 2397 2522 2451 καὶ
2551 2399 2843 2470 ὑποφῆται,
2876 2403 3119 2455 τουτέστι
3139 2404 3446 2460 διδάσκαλοι
3467 2408 3579 2462 τῶν
3603 2408 3748 2465 θείων

2185 2489 2468 2560 χριμάτων
2494 2491 2599 2544 είσὶ
2627 2492 2763 2562 μετά
2788 2495 2914 2558 τοὺς
2944 2496 3220 2567 ἱεράρχας’
3249 2499 3340 2551 καὶ
3362 2500 3445 2553 ὅτι
3473 2502 3604 2573 περὶ
3626 2521 3748 2573 πρε-

2187 2578 2446 2652 σϐυτέρου
2470 2582 2784 2653 διωχθέντος
2813 2586 2904 2638 καὶ
2938 2586 3280 2657 ὑϐρισθέντος
3314 2590 3466 2661 παρά
3497 2593 3747 2661 μονάζον-

2182 2689 2273 2736 τος
2305 2674 2336 2728 ἡ
2367 2674 2621 2746 ἐπιστολὴ
2654 2675 2892 2747 ἐγράφη,
2937 2678 3186 2732 ἐντεῦθεν
3216 2680 3447 2750 μάλιστα
3480 2682 3743 2755 δηλοῦται.

2249 2848 2351 2903 Διὰ
2376 2849 2584 2919 μέσων
2608 2850 2724 2903 τῶν
2740 2851 3117 2923 λειτουργῶν.
3144 2854 3456 2926 Σημείωσαι
3498 2858 3580 2912 ὅτι
3614 2861 3661 2913 οἱ
3680 2860 3742 2913 τά

2180 2938 2299 2992 θεῖα
2339 2937 2628 3011 ζητοῦντες
2669 2941 2818 3011 παρά
2870 2943 3257 3015 πρεσϐυτέρων
3314 2946 3531 3016 μαθεῖν,
3578 2950 3639 3002 οὺ
3683 2948 3747 3003 δι’

2179 3032 2387 3086 ἑαυτῶν
2407 3032 2563 3085 τοῦτο
2586 3033 2843 3105 πράττειν
2872 3034 3164 3101 ὀφείλουσι,
3190 3035 3293 3088 κᾶν
3330 3036 3622 3107 ὑπάρχωσι
3657 3056 3742 3108 μο-

2184 3126 2360 3195 ναχοὶ,
2377 3124 2512 3178 ἀλλά
2526 3124 2614 3178 διὰ
2649 3125 2828 3196 μέσων
2854 3125 3135 3190 διακόνων,
3150 3125 3244 3180 καὶ
3263 3126 3422 3179 τοῦτο
3435 3128 3564 3181 ὅταν
3590 3128 3744 3201 ἁρμό-

2104 3242 2148 3298 C
2179 3214 2290 3281 διος
2315 3220 2461 3289 παρῇ
2485 3218 2692 3289 καιρός.

2248 3310 2327 3363 Δι’
2355 3310 2439 3364 ὧν
2480 3311 2577 3364 καὶ
2612 3310 2679 3363 τὸ
2724 3310 2891 3365 εἶναι.
2931 3311 3139 3383 Ὥσπερ
3180 3310 3405 3383 εἴπομεν
3434 3314 3549 3368 ἀνω
3587 3315 3645 3367 ὲν
3676 3315 3735 3385 τῇ

2190 3402 2687 3471 Ἑκκλησιαστικῇ
2732 3404 3015 3472 ἱεραρχίᾳ,
3057 3404 3113 3455 ὲν
3152 3403 3229 3473 τῷ
3275 3404 3403 3476 περὶ
3450 3406 3738 3476 μοναχικῆς

2173 3494 2503 3557 τελειώσεως
2534 3494 2829 3564 κεφαλαίῳ,
2858 3493 2945 3547 διὰ
2978 3494 3362 3566 πρεσϐυτέρων
3398 3498 3586 3562 αὑτοῖς
3608 3498 3733 3551 δίδο-

2172 3603 2261 3638 ται
2298 3583 2357 3637 τδ
2382 3585 2672 3656 μοναχικδν
2707 3587 2908 3656 σχῆμα.

2252 3676 2317 3733 Ἠ
2361 3676 2774 3746 διακόσμησις.
2814 3678 2947 3747 Περὶ
2992 3678 3100 3731 τῶν
3132 3678 3734 3749 ὲκκλησιαστικῶιξβια·

2172 3771 2412 3841 κόσμων,
2441 3769 2536 3823 καὶ
2557 3768 2640 3833 τίς
2658 3771 2690 3841 ὴ
2708 3770 2813 3822 τῶν
2833 3769 3168 3840 μοναζόντων
3188 3772 3521 3843 λειτουργία’
3550 3772 3733 3835 αὐτοὺς

2169 3861 2278 3933 γὰρ
2304 3860 2459 3915 καλεῖ
2486 3860 2845 3932 θεραπευτάς.
2878 3862 3063 3915 Ταῦτα
3092 3862 3185 3915 καὶ
3204 3862 3263 3916 ὲν
3282 3866 3349 3934 τῇ
3394 3864 3731 3932 Ἐκκλησια-

2169 3952 2348 4022 στικῇ
2370 3954 2631 4022 ὶεραρχίᾳ
2660 3953 2841 4024 φησίν.

2238 4046 2308 4098 Αἱ
2350 4045 2537 4099 πύλαι
2577 4044 2695 4099 τῶν
2723 4044 2973 4100 ἀδύτων.
3004 4046 3278 4110 Διακόνοις
3303 4046 3415 4119 γὰρ
3456 4049 3491 4119 ἠ
3528 4039 3727 4117 φυλαὲιὴ

2166 4135 2275 4189 τῶν
2315 4138 2414 4208 τῆς
2473 4137 2798 4209 Ἐκκλησίας
2848 4137 3029 4193 πυλῶν
3067 4138 3396 4211 ἀφώρισται,
3456 4140 3534 4203 ὡς
3587 4141 3643 4191 ὲν
3667 4138 3724 4208 τῇ

2180 4227 2678 4297 Ἐκκλησιαστικῇ
2698 4230 2983 4299 ίεραρχίᾳ,
3003 4231 3059 4283 ὲν
3077 4231 3154 4301 τῷ
3180 4230 3432 4303 περὶτῶν
3447 4229 3725 4303 ἱερατικῶν

2165 4321 2493 4375 τελειώσεων
2523 4321 2799 4395 κεφαλαίῳ
2838 4322 2991 4392 φησὶ,
3025 4324 3141 4393 μετ’
3154 4321 3308 4391 ὀλίγα
3327 4322 3426 4393 τῆς
3441 4324 3615 4394 ἀρχῆς
3636 4319 3719 4374 τοῦ

2166 4412 2484 4482 κεφαλαίου.
2535 4463 2541 4469 .

2242 4517 2367 4571 Τῶν
2394 4518 2567 4573 θείων
2586 4518 3155 4587 παραπετασμάτων.
3193 4520 3315 4572 Ὀτι
3354 4520 3451 4573 καὶ
3478 4520 3599 4573 τότε
3625 4534 3721 4570 πα-

2234 4704 2382 4757 οὕτε
2406 4704 2565 4773 ἔχεις
2586 4721 2639 4757 τι
2667 4702 2784 4757 τῶν
2807 4704 3254 4772 προσηκόντων.
3301 4706 3613 4777 Σημείωσαι
3647 4704 3722 4755 ὅτι

2159 4796 2187 4849 ὁ
2215 4792 2465 4859 ἀτάκτως
2494 4795 2589 4849 καὶ
2620 4794 2770 4867 παρά
2800 4797 2928 4859 τοὺς
2952 4797 3131 4869 ἱεροὺς
3154 4797 3390 4868 θεσμοὺς
3417 4802 3532 4863 τοῖς
3556 4798 3721 4867 ἁγίοις

2158 4888 2521 4960 ὲπεισπηδῶν,
2550 4888 2702 4941 οὐδὲν
2723 4885 2784 4953 ἐξ
2802 4888 2981 4942 αὐτῶν
3010 4888 3134 4941 οὔτε
3162 4888 3454 4952 ῖδεῖν,οὖτε
3474 4891 3718 4951 ἀκοῦσαι,

2156 4979 2278 5034 οὔτε
2306 4980 2449 5051 ἔχειν
2475 4980 2872 5045 πιστεύεται,εζ
2900 4981 2992 5035 καὶ
3010 4984 3130 5046 ταῖς
3158 4983 3347 5054 χερσὶν
3369 4984 3549 5039 αὐτῶν
3568 4984 3721 5038 ἄπτε-

2157 5091 2268 5127 ται.

2236 5168 2615 5235 Ἐτόλμησεν·
2644 5166 2809 5221 οὔπω
2837 5166 2964 5237 γάρ.
3000 5168 3157 5224 Κατά
3176 5167 3356 5223 κοινοῦ
3380 5170 3444 5224 τὸ
3472 5166 3715 5228 Ἑνδίκως

2152 5261 2493 5330 ἐτιμωρεῖτο,
2527 5258 2727 5313 ὡσανεὶ
2766 5258 2860 5313 καὶ
2888 5254 3063 5324 οὗτος.

2224 5355 2399 5408 Ὅταν
2423 5351 2574 5420 ὑπὲρ
2596 5350 2775 5415 ἀξίαν
2803 5368 2892 5417 τις
2934 5348 3236 5421 ἐγχειρῶν.
3275 5354 3419 5418 Ὅτι,
3453 5356 3502 5408 εἰ
3531 5352 3621 5407 καὶ
3648 5349 3710 5403 τὰ

2151 5445 2335 5499 εἰκότα
2358 5462 2443 5508 τις
2476 5445 2639 5509 ποιεῖ,
2670 5441 2823 5515 παρά
2862 5431 2960 5514 τῆν
2989 5443 3191 5499 οίκείαν
3217 5443 3275 5497 δὲ
3313 5444 3469 5511 τάξιν
3514 5462 3570 5500 τε
3620 5440 3709 5496 καὶ

2152 5538 2326 5605 ἀξίαν,
2359 5537 2452 5591 καὶ
2473 5530 2627 5600 οὗτος
2664 5526 2731 5589 το
2752 5537 2969 5601 ἐφικτὸν
3004 5535 3339 5609 ὑπερϐαίνει.

1419 5720 1650 5780 VARUS
1684 5718 2062 5780 LECTIONES
2094 5717 2181 5775 ET
2215 5715 2757 5778 CORBECTIONES.

3736 4620 3790 4650 ο
