3886 6548
108 391 192 447 549
973 385 1029 444 S.
1069 385 1315 442 MAXIM]
1347 382 1645 472 SCHOLIA
1675 381 1744 439 ΙΝ
1777 381 1925 442 EPP.
1969 381 2026 438 S.
2062 379 2385 446 DIONYSII.

3209 387 3316 444 550

163 506 434 574 Δαίμονες
451 505 696 573 ἀληθῶς
717 499 1157 576 θεολογοῦντες.
1174 506 1315 579 «Περὶ
1349 505 1456 561 τῶν
1475 505 1644 559 Θεολο-

1821 502 2096 558 υωηιοηεε
2140 519 2254 557 vere
2298 501 2468 556 Deum
2506 503 2836 574 proﬁtentes.
2869 503 2945 562 De
2980 505 3317 565 daemonibus
3353 574 3356 577 ‘

103 598 315 667 γοῦντων
333 597 426 650 τὸν
472 597 684 668 Ἰησοῦν
714 597 1002 669 δαιμόνων.

162 692 304 745 Ἀλλ’
338 689 730 758 ὲκκήρυκτος.
768 691 888 746 Ὀτι
926 691 1265 764 ἐκκήρυκτος
1297 693 1364 764 τῇ
1409 691 1652 766 θεολογίᾳ

103 783 194 845 πᾶς
223 781 763 853 ἀλλοτριεπίσκοπος.

160 959 255 1014 Kal
285 963 339 1013 οι
359 960 537 1028 ἱερεῖς
565 959 1046 1029 περιστέλλουσι.
1090 963 1246 1027 Τίνες
1268 963 1521 1033 συνάγειν
1555 965 1649 1018 καὶ

105 1051 324 1123 ἐπαίρειν
362 1052 621 1106 δύνανται
658 1052 725 1107 τὰ
769 1053 928 1122 ἅγια,
979 1053 1075 1107 καὶ
1111 1055 1192 1107 ὅτι
1227 1056 1286 1108 οὐ
1330 1057 1494 1110 πᾶσιν
1531 1057 1651 1125 ἐφι-

103 1141 229 1194 κτόν.

157 1233 254 1287 Kal
277 1234 517 1304 Μαριὰμ
532 1236 877 1304 λεπροῦται.
903 1237 1214 1309 Σημείωσαι
1243 1238 1342 1310 τὴν
1377 1238 1554 1294 αἰτίαν
1581 1239 1648 1294 δι’

101 1327 156 1397 ἣν
181 1325 452 1399 ἐλεπρώθη
476 1328 664 1399 Μαρία
691 1331 723 1400 ἡ
751 1329 844 1382 τοῦ
877 1329 1151 1393 Μωῦσέως
1168 1331 1389 1402 ἀδελφή.

160 1418 252 1472 Kal
281 1417 376 1471 ἐπὶ
405 1419 548 1485 τοὺς
566 1420 762 1474 Σκευᾶ
786 1422 974 1486 υἱούς.
1014 1419 1136 1475 Ἐπὶ
1156 1423 1282 1485 τοὺς
1303 1423 1450 1486 υἱοὺς
1474 1423 1531 1476 δὲ
1553 1421 1648 1476 τοῦ

1683 611 1687 615 ’
1751 592 1936 650 Iesum
1962 593 2056 649 Dei
2084 592 2283 648 Filium
2315 594 2721 651 conﬁtentibus.

1830 686 2020 740 Verum
2043 686 2400 758 ἐκκήρυκτος.
2434 683 2700 751 Quoniam
2731 688 3066 759 ἐκκήρυκτος
3098 707 3192 748 seu
3229 709 3318 749 re-

1745 776 2018 846 jiciendus
2045 791 2077 831 a
2111 777 2382 849 theologia
2411 778 2590 832 omnis
2617 777 2917 834 alienorum
2947 782 3200 840 curiosus
3229 785 3316 840 in-

1748 867 1994 938 dagator.

1821 959 1892 1013 Et
1908 957 2202 1014 sacerdotes
2225 960 2621 1030 cireumtegunt.
2640 959 2870 1026 Quinam
2895 962 3107 1033 possint
3126 973 3314 1022 sancta

1748 1065 2074 1122 componere
2126 1059 2181 1108 et
2233 1053 2448 1108 elevare
2480 1093 2497 1120 ,
2557 1051 2720 1124 idque
2776 1067 2886 1108 non
2940 1057 3195 1113 omnibus
3247 1059 3316 1114 li-

1747 1143 1897 1199 bere.

1822 1233 1894 1289 Et
1932 1233 2114 1289 Maria
2160 1235 2366 1303 leprosa
2405 1236 2490 1306 ﬁt.
2534 1234 2774 1292 Observa
2805 1253 3028 1294 causam
3051 1239 3120 1296 ob
3151 1256 3314 1312 quam

1749 1324 1938 1393 Maria,
1964 1341 2122 1382 soror
2145 1326 2371 1398 Moysis,
2405 1327 2620 1398 leprosa
2646 1328 2788 1383 facta
2817 1331 2909 1385 sit.

1817 1415 1889 1470 Et
1915 1419 1972 1471 in
1999 1417 2140 1487 ﬁlios
2167 1416 2426 1474 Scevan
2455 1419 2596 1476 ﬁlios
2625 1428 2806 1476 autem
2840 1420 3022 1476 Scevaa
3049 1421 3317 1480 daemonia
3399 1493 3410 1506 θ

102 1509 253 1562 Σκευᾶ
286 1508 353 1562 τὰ
376 1510 633 1581 δαιμόνια
659 1512 909 1583 ἐφήλατο,
934 1513 1014 1566 ὅτι
1045 1514 1181 1583 μήτε
1209 1513 1551 1576 πιστεύοντες
1571 1516 1644 1578 εἰς

1774 1509 2082 1574 nsilierunt,
2132 1510 2277 1580 quod
2309 1526 2434 1565 cum
2467 1511 2519 1566 in
2548 1511 2828 1566 Christum
2854 1529 2965 1568 non
2994 1515 3314 1584 crederent,

101 1600 329 1671 Χριστὸν,
362 1603 503 1674 μήτε
533 1604 1036 1676 κεχειροτονημένοι
1071 1602 1365 1674 ἐξώρκιζον
1392 1605 1516 1667 τοὺς
1536 1604 1650 1658 δαί-

106 1708 274 1760 μονας,
311 1694 450 1766 ὅπερ
487 1698 603 1758 τοῖς
635 1697 1003 1766 ἐπιορκισταῖς
1054 1696 1234 1766 μόνοις
1283 1695 1508 1766 θεμιτὸν
1558 1691 1644 1767 ἦν.

102 1781 247 1835 Τοῦτο
279 1785 334 1838 ἐν
361 1787 489 1848 ταῖς
517 1785 756 1858 Πράξεσι
787 1786 893 1840 τῶν
918 1785 1087 1856 ἁγίων
1113 1787 1422 1841 ἀποστόλων
1453 1792 1644 1844 κεῖται.

1747 1617 1925 1672 neque
1947 1602 2172 1658 ordines
2201 1604 2612 1673 suscepissent,
2643 1603 2919 1661 daemones
2962 1606 3314 1677 adjurareut,

1747 1694 1896 1764 quod
1929 1695 2064 1751 solis
2111 1696 2402 1753 exorcistis
2448 1695 2806 1767 competebat.
2838 1695 3095 1754 Refertur
3125 1699 3230 1756 hoc
3258 1700 3316 1755 in

1747 1785 1904 1843 Actis
1932 1789 2301 1858 apostolorum
2320 1789 2370 1843 ιι.

163 1874 300 1927 οὐδὲ
343 1876 416 1931 τὰ
461 1840 672 1930 31x22“;
707 1877 790 1946 μὴ
849 1840 978 1931 κατ’ς
1006 1878 1202 1942 ἀξίαν.
1242 1840 1644 1950 Σημείω-σαι

1807 1840 2423 1953 -ὶιὲᾳκέἶῖᾇέιᾷξαέια
2445 1881 2602 1946 sunt,
2636 1897 2740 1936 non
2759 1881 3040 1936 secundum
3083 1881 3318 1952 dignita-

104 1965 218 2028 ἐστι,
245 1968 489 2032 Amale
509 1966 778 2032 διώξεται
809 1970 876 2022 τὸ
906 1969 1155 2034 δίκαιον,
1180 1971 1208 2024 ὃ
1235 1988 1367 2041 φησι
1391 1972 1648 2044 Μωῦοῆς,

103 2057 180 2108 καὶ
197 2058 271 2110 ὅτι
294 2058 415 2112 οὐδὲ
431 2059 501 2112 τὰ
521 2059 708 2113 ’δίκαια
739 2059 954 2131 θεμιτὸν
983 2062 1057 2134 μὴ
1077 2063 1199 2114 κατ’
1227 2060 1385 2127 ἀξίαν
1412 2061 1646 2118 διώκειν.

107 2147 263 2217 Ἔχεις
291 2150 347 2203 δὲ
374 2150 536 2204 τοῦτο
566 2152 660 2204 καὶ
689 2153 746 2205 ἐν
766 2155 878 2215 τοῖς
903 2153 1049 2219 ἐξῆς.
1085 2154 1338 2218 Πλατέως
1359 2155 1416 2208 δὲ
1445 2155 1647 2229 [τοῦτο]

103 2237 422 2310 διαγυμνάζει
468 2242 748 2314 Ὠριγένης
790 2244 847 2296 ἐν
885 2243 963 2315 τῷ
981 2239 1134 2299 ι’τῶν
1179 2248 1267 2312 εἰς
1296 2248 1439 2314 τοὺς
1483 2250 1650 2318 Ἰερε-

95 2331 217 2398 μίου
241 2333 530 2401 Θρήνους.

157 2507 182 2578 ς
207 2507 282 2563 Π.-
309 2511 370 2564 Τί
389 2511 506 2565 οὖν
522 2512 680 2581 ςρῄςη
719 2514 1007 2579 Ἀντίθεσις
1038 2517 1114 2580 ὡς
1136 2517 1201 2569 ἐκ
1222 2519 1548 2589 Δημοφίλου,
1565 2521 1646 2576 ὅτι

104 2599 227 2655 ἐστὶν
249 2603 470 2656 ἀσέϐεια
499 2605 560 2659 ἐν
582 2608 697 2670 τοῖς
715 2607 924 2678 ’ἱερεῦσι
951 2609 1026 2680 μὴ
1053 2609 1408 2682 εὐθυνομένη.

169 2784 296 2855 Ἐγὼ
314 2785 382 2839 δὲ
398 2786 866 2858 ἀπολογήσομαι
898 2805 1025 2844 σοι.
1070 2789 1355 2859 Ἀπολογία
1391 2791 1527 2865 πρὸς
1547 2793 1648 2866 τὴν

103 2875 339 2931 ἀντίθεσιν
369 2880 501 2950 περὶ
527 2879 885 2949 ίδιοπραγίας.

157 2967 228 3042 [α]
247 2971 348 3024 Kal
373 2955 462 3040 μὴ
494 2970 765 3036 τοπικῶς.
803 2973 924 3026 Ὅτι
967 2972 1035 3026 τὰ
1064 2972 1318 3044 περὶτῶν
1345 2975 1647 3044 ἀγγελικῶν

102 3061 386 3117 ὖποὸάσεων
417 3065 513 3118 καὶ
545 3064 751 3129 τάξεων
779 3066 840 3118 οὐ
875 3066 1114 3130 τοπικῶς
1137 3066 1218 3119 δεῖ
1245 3066 1526 3137 δέχεσθαι,
1561 3069 1647 3122 ὅτι

1751 1978 1876 2026 tem.
1899 1971 2061 2038 Nota,
2089 1972 2221 2043 quid
2249 1973 2354 2029 sibi
2382 1973 2512 2028 velit
2542 1972 2710 2029 illud:
2736 1972 2891 2028 Juste
2914 2013 2931 2038 ,
2958 1973 3095 2044 quod
3108 1973 3318 2043 justum

1748 2071 1865 2126 est,
1910 2065 2212 2135 exsequeris
2237 2106 2253 2132 ,
2299 2065 2444 2135 quod
2477 2062 2690 2135 Moyses
2717 2065 2794 2120 ait
2815 2062 2835 2104 ι
2859 2085 2879 2120 ε
2911 2075 2965 2120 et
2991 2080 3101 2121 non
3150 2066 3320 2124 licere

1749 2153 1913 2208 etiam
1940 2169 2005 2209 ea
2033 2169 2154 2226 quae
2169 2155 2320 2224 justa
2343 2162 2508 2220 sunt,
2539 2171 2649 2210 non
2675 2157 2975 2212 secundum
2999 2157 3316 2228 dignitatem

1748 2247 1996 2318 exsequi.
2016 2246 2168 2312 Quin
2201 2248 2365 2302 etiam
2391 2247 2495 2302 hoc
2517 2247 2691 2303 habes
2720 2247 2775 2301 in
2806 2249 3182 2318 sequentibus.
3209 2249 3312 2304 Fu-

1749 2336 1865 2392 sius
1891 2345 2073 2392 autem
2104 2337 2158 2392 id
2183 2337 2421 2408 explicat
2449 2335 2714 2408 Origenes
2743 2336 2968 2392 homilia
2996 2337 3202 2394 decima
3261 2341 3319 2393 in

1751 2425 1982 2482 Threnos
2005 2426 2268 2482 Jeremiw.

1821 2517 1850 2589 ς
1891 2517 1955 2574 ll.
1991 2518 2131 2586 Quid
2162 2520 2323 2590 igitur
2346 2520 2561 2590 inquis?
2589 2517 2872 2591 Oppositio
2897 2521 3054 2591 quasi
3082 2537 3151 2578 ex
3179 2537 3304 2594 per-

1749 2625 1884 2666 sona
1913 2611 2215 2682 DemOpbili
2246 2611 2498 2678 dicentis,
2527 2613 2674 2684 quod
2701 2613 2953 2684 impietas
2982 2614 3318 2672 insacerdo-

1749 2702 1898 2758 tibus
1927 2703 1998 2757 sit
2026 2703 2144 2759 sine
2179 2705 2541 2760 correctione.

1819 2793 1930 2864 Ego
1959 2805 2133 2849 autent
2163 2795 2258 2850 tibi
2287 2796 2620 2864 respondebo.
2672 2795 2978 2867 Responsio
3024 2797 3097 2853 ad
3130 2779 3326 2868 objec-I

1748 2884 1950 2941 tionem
1981 2886 2047 2942 de
2077 2887 2241 2942 rebus
2272 2887 2508 2958 propriis
2537 2887 2800 2955 curandis

1817 2976 1890 3030 At
1915 2978 2005 3047 qui
2032 2995 2136 3031 non
2167 2977 2427 3031 localiter.
2477 2976 2746 3043 Quoniam
2779 2977 2870 3030 illa
2894 3015 2910 3041 ,
2944 2991 3066 3047 quae
3093 2986 3222 3031 sunt
3249 2977 3317 3032 de

1749 3068 2290 3125 subordinationibus
2317 3076 2372 3124 et
2397 3071 2683 3125 ordinibus
2733 3069 3037 3141 angelicis,
3086 3076 3180 3124 aut
3229 3084 3318 3126 se—

101 3153 429 3224 πλησιάζουσι
458 3155 600 3228 Θεῷ,
629 3155 762 3210 ἀλλὰ
793 3157 929 3229 πρὸς
955 3157 1051 3230 τὴν
1085 3159 1314 3213 ἑκάστου
1353 3161 1644 3230 ἐπιτηδειό-

1774 3158 1988 3212 :undum
2016 3157 2176 3228 317
2203 3159 2383 3212 locum
2409 3157 2726 3228 accipienda
2755 3157 2900 3227 quod
2937 3165 3088 3222 sunt,
3121 3173 3318 3229 nempe

99 3261 230 3314 τητα·
252 3246 342 3320 [β’]
365 3250 427 3301 οὐ
458 3249 570 3320 γὰρ
599 3251 656 3302 ἐν
683 3249 833 3319 τόπῳ
865 3251 894 3303 ό
919 3249 1069 3314 Θεός
1100 3251 1328 3316 εἰκότως
1349 3247 1440 3306 οὖν
1461 3253 1568 3307 οὐδ’
1590 3255 1644 3307 ai

101 3339 257 3407 νοηταὶ
275 3340 552 3410 δυνάμεις.

153 3512 230 3586 [γ]
279 3514 566 3585 Σύμϐολα
617 3515 1025 3592 Χριστοερδῶς.
1077 3518 1334 3572 Τουτέστι
1391 3521 1490 3591 τὴν
1537 3520 1646 3576 τῶν

100 3608 385 3678 μυστηρίων
411 3606 838 3679 τελεσιουργίαν.
885 3609 1248 3680 Χριστοειδῶς
1292 3611 1375 3674 δὲ,
1422 3612 1556 3664 διότι
1596 3612 1647 3665 οἱ

97 3696 259 3766 ἱερεῖς,
286 3700 398 3763 τοῖς
421 3698 588 3762 Θείοις
605 3699 956 3770 ἐπευχόμενοι
983 3699 1175 3771 δώροις
1200 3702 1316 3772 ἦτοι
1340 3703 1642 3773 συμϐόλοις,

94 3788 178 3857 τὴν
201 3790 290 3844 τοῦ
332 3790 576 3864 Χριστοῦ
607 3791 759 3857 τάξιν
780 3791 1084 3862 ἐπέχουσιν.

155 3880 274 3951 ςιιι.
302 3881 375 3955 [δ]
429 3883 583 3937 Ἀλλ’
600 3885 671 3937 οὐ
699 3885 1029 3952 Δημοφίλῳ.
1056 3885 1127 3937 Οὐ
1147 3883 1253 3956 γὰρ
1278 3883 1639 3957 ἕξεστι,φησὶ,

95 3972 362 4045 Δημοφίλῳ
388 3973 702 4047 θεραπευτῇ
737 3975 874 4042 ὄντι,
900 3975 1074 4050 ταῦτα
1103 3975 1344 4030 εὐθύνειν
1371 3975 1439 4029 τὰ
1465 3978 1643 4049 ἁμαρ-

93 4063 307 4134 τήματα.

152 4157 344 4211 Δίκαια
376 4157 446 4212 δέ
471 4159 624 4214 ἐστι.
664 4159 728 4212 Τί
757 4161 895 4224 ἐστι,
923 4161 1147 4224 δικαίως
1171 4161 1240 4214 τὰ
1269 4161 1452 4214 δίκαια
1478 4176 1644 4231 μετα-

91 4245 307 4313 διώκειν,
346 4253 442 4305 καὶ
469 4253 552 4306 ὅτι
577 4253 825 4321 ἀγγέλοις
854 4254 914 4306 τὸ
936 4254 1140 4307 δίκαιον
1169 4253 1517 4323 ἀπονέμεται.
1634 4237 1639 4241 ’

157 4336 236 4413 [ε’]
283 4345 627 4413 Δημόφιλος
669 4343 740 4398 δὲ
783 4347 960 4416 λόγῳ.
1011 4346 1266 4399 Τουτέστι
1306 4344 1402 4416 τὴν
1450 4345 1641 4399 ἐαυτοῦ

91 4430 312 4499 ἀλογίαν,
347 4434 554 4489 καὶτὸν
583 4435 775 4507 θυμὸν,
812 4438 907 4491 καὶ
944 4437 1042 4510 τὴν
1072 4438 1364 4510 ἐπιθυμίαν
1397 4439 1494 4509 τῆς
1524 4440 1644 4492 ἐαυ-

90 4523 175 4575 τοῦ
197 4527 481 4598 φιλαρχίας
508 4528 782 4591 κολαζέτω
811 4532 838 4582 ὁ
859 4530 1179 4600 Δημόφιλος.
1207 4529 1299 4601 [ξ’]
1330 4530 1637 4602 Σημεῐωσαι

90 4613 159 4671 δὲ.
179 4617 248 4675 ὼς
270 4620 327 4672 ἐν
357 4621 494 4673 πᾶσι
525 4621 641 4684 τοῖς
663 4617 781 4674 οὖσι
803 4621 892 4674 διὰ
927 4621 1035 4674 τῶν
1061 4622 1291 4694 πρώτων
1313 4626 1426 4687 τοῖς
1458 4623 1643 4676 δευτέ-

91 4726 196 4776 ροις
225 4713 558 4784 ἀπονέμεται
584 4713 653 4766 τὰ
680 4715 800 4766 κατ’
828 4712 1004 4780 ἀξίαν.

153 4800 224 4874 [ζ]
270 4806 424 4859 Ἀλλ’
471 4804 804 4874 ἐπαρχέτω.
846 4808 1150 4877 Κρατείτω,
1203 4806 1387 4876 φησὶν,
1417 4808 1444 4859 ὁ
1485 4805 1644 4874 λόγος

87 4889 244 4963 θυμοῦ
272 4896 365 4950 καὶ
397 4896 714 4968 ἐπιθυμίαςο
746 4896 918 4951 ταῦτα
943 4897 1052 4969 γὰρ
1077 4897 1145 4951 τὰ
1176 4898 1440 4969 ὑφειμένα
1457 4913 1471 4927 ⁸
1495 4899 1552 4950 ἐν
1572 4899 1638 4968 τῇ

87 4984 272 5040 τούτων
312 4989 424 5062 γὰρ
462 4991 633 5060 ἐποχῇ
673 4991 707 5060 ἡ
748 4989 940 5061 λογικὴ
984 4991 1235 5060 φαίνεται
1283 4990 1499 5054 ἐξουσία
1545 4990 1638 5042 καὶ

85 5073 313 5150 δύναμις,
339 5081 486 5135 ὥστε
519 5081 594 5153 μὴ
619 5081 825 5147 ἁπλῶς,
860 5082 994 5141 ἀλλὰ
1027 5082 1162 5153 πρός
1179 5099 1232 5135 τι
1248 5084 1518 5154 χρήσιμον
1546 5098 1636 5134 κε·-

90 5169 300 5239 κρῆσθαι
330 5174 534 5236 αὐτοῖς.
610 5180 615 5184 ’

160 5262 249 5317 Ἐκ
274 5266 420 5321 Θεοῦ
448 5264 791 5335 νομοθέτης.
825 5266 928 5318 Τὸν
948 5265 1088 5319 Θετον
1118 5267 1328 5320 Παῦλόν
1352 5283 1536 5337 φησιν.

151 5356 266 5408 Οὐκ
283 5356 566 5427 ἀξιοῐτῆς
590 5358 961 5424 Ἐκκλησίαν.
999 5358 1092 5411 Ἐκ
1109 5359 1206 5428 τῆς
1225 5357 1362 5430 πρὸς
1384 5357 1643 5429 Τιμόθεον

90 5443 376 5519 ἐπιπολῆς.

151 5535 174 5604 §
216 5536 299 5592 IV.
347 5539 424 5592 Τὰ
453 5538 582 5591 καθ’
613 5538 794 5601 ἀξίαν
834 5539 1088 5608 ἀφόριζε.
1121 5539 1434 5610 Σημείωσαι
1485 5538 1652 5603 τάξιν

1753 3250 1858 3307 Deo
1885 3251 2324 3322 appropinquant
2347 3292 2364 3320 ,
2393 3250 2488 3307 sed
2525 3250 2592 3306 de
2633 3249 2929 3320 cujuslibet
2977 3251 3314 3321 capacitate;

1748 3356 1927 3411 neque
1969 3340 2115 3395 enim
2159 3342 2215 3396 in
2258 3342 2378 3396 loco
2427 3339 2571 3397 Deus
2612 3347 2737 3404 est,
2787 3346 2950 3410 atque
2978 3341 3113 3395 adeo
3140 3357 3318 3410 neque

1749 3434 1982 3488 virtutes
2009 3432 2424 3489 intellectuales.

1818 3524 2074 3596 Symbola
2123 3524 2585 3593 Christiformiter.
2633 3521 2691 3576 1d
2737 3528 2820 3577 est
2848 3529 3315 3578 sacramentorum

1745 3617 2234 3673 consecrationem.
2268 3614 2412 3668 Dicit
2438 3622 2620 3670 autem
2650 3612 3112 3669 Christ’iformiter
3137 3654 3152 3679 ,
3185 3614 3315 3683 quia

1745 3707 2066 3764 sacerdotes
2111 3705 2241 3761 dum
2283 3705 2468 3760 divina
2511 3720 2739 3760 munera
2785 3704 2902 3760 sive
2930 3704 3088 3774 signa
3116 3719 3315 3761 conse-

1745 3810 1925 3866 crant,
1957 3800 2164 3856 Christi
2194 3798 2368 3854 vicem
2402 3796 2696 3854 sustinent.

1818 3889 1845 3961 ᾗ
1878 3889 1968 3944 Ill.
1995 3890 2065 3942 At
2095 3885 2210 3942 non
2224 3885 2552 3955 Demophilo.
2600 3883 2721 3940 Non
2766 3884 2911 3940 enim
2942 3883 3068 3939 licet
3113 3884 3312 3940 Demo-

1741 3982 1912 4052 philo,
1945 3996 2069 4036 cum
2101 3978 2402 4034 monachus
2433 3977 2526 4042 sit,
2567 3974 2875 4031 istiusmodi
2915 3982 3140 4045 peccata
3187 3991 3311 4031 cor-

1743 4073 1940 4144 rigere.
3171 4129 3174 4134 .
3207 4073 3213 4081 ’

1810 4163 1973 4219 Justa
2000 4180 2118 4218 vero
2142 4171 2285 4218 sunt.
2324 4159 2466 4227 Quid
2494 4159 2586 4222 sit,
2632 4158 2779 4228 iuste
2811 4157 2960 4227 justa
3003 4171 3311 4229 exsequen-

1743 4256 1811 4312 da
1839 4271 1980 4322 esse,
2016 4264 2178 4325 atque
2211 4253 2417 4324 angelis
2441 4250 2709 4321 justitiam
2742 4249 2929 4304 tribui.

1809 4347 2148 4417 Demophilus
2179 4348 2352 4416 itaque
2377 4342 2625 4400 sermoni.
2659 4340 2718 4394 Id
2745 4349 2830 4397 est
2853 4381 2868 4406 ,
2900 4355 3054 4397 suam
3085 4335 3310 4396 temeri;

1740 4445 1909 4494 tatem
1933 4479 1950 4502 ,
1984 4446 2038 4493 et
2068 4437 2307 4493 furorem
2333 4477 2350 4502 ,
2382 4443 2436 4490 et
2465 4431 2815 4505 cupiditatem
2847 4432 3162 4488 ambitionis
3195 4448 3311 4488 sua:

1669 4511 2092 4602 DDemopbilus
2141 4529 2349 4600 puniat.
2406 4526 2647 4583 Observa
2702 4541 2871 4590 vero,
2926 4525 3197 4596 quomodo
3252 4529 3311 4582 in

1741 4624 1908 4679 rebus
1930 4623 2186 4678 omnibus
2208 4637 2308 4692 per
2327 4620 2556 4692 priores,
2586 4618 2982 4690 posterioribus
3006 4617 3309 4674 secundum

1738 4713 1935 4768 merita
1963 4713 2298 4768 tribuantur.

1811 4803 1915 4861 Sed
1941 4805 2257 4860 dominetur.
2290 4803 2632 4874 Compescat,
2664 4800 2862 4872 inquit,
2894 4800 3034 4854 ratio
3065 4798 3307 4855 furorem

1737 4902 1792 4951 et
1819 4896 2173 4967 cupiditatem
2198 4913 2214 4961 ;
2245 4895 2360 4950 haec
2389 4895 2534 4950 enim
2566 4892 2825 4947 inferiora
2856 4898 3016 4958 sunt;
3050 4891 3305 4960 quoniam

1739 4986 1798 5041 in
1826 4987 2021 5042 horum
2049 4986 2388 5056 subjectione
2435 4984 2718 5040 rationalis
2768 4990 3012 5052 potestas
3029 4989 3103 5037 ‘ac
3129 4981 3305 5036 virtus
3388 5018 3391 5020 »

1741 5085 2006 5150 apparet,
2034 5086 2093 5133 ut
2121 5093 2229 5133 non
2260 5077 2620 5148 simpliciter,
2669 5074 2765 5129 sed
2811 5074 2880 5128 ad
2925 5072 3128 5144 aliquid
3171 5070 3306 5125 utile

1741 5169 1813 5225 iis
1841 5178 2043 5225 utatur.

1807 5261 2029 5317 Divinus
2062 5261 2260 5332 legifer.
2290 5259 2352 5316 Ι).
2381 5259 2609 5314 Paulum
2641 5257 2914 5327 intelligit.

1810 5353 1932 5409 Non
1963 5354 2178 5424 dignum
2204 5363 2373 5408 censet
2419 5351 2689 5406 Ecclesia.
2739 5347 2832 5402 Est
2865 5363 2930 5401 ex
2957 5347 3198 5414 Epistola
3230 5341 3296 5396 ad

1735 5444 2080 5501 Timotheum
2102 5455 2162 5501 “‘.

1803 5539 1832 5611 ᾗ
1865 5537 1956 5594 1V.
1994 5538 2103 5593 Pro
2144 5538 2342 5591 meritis
2371 5533 2667 5605 pra’scribe.
2708 5529 2939 5584 Adverte
2969 5524 3294 5580 laudabilem

91 5626 462 5702 ἐπαινουμένην
509 5629 986 5701 ἐκκλησιαστικὴν,
1034 5632 1122 5684 ἵνα
1165 5634 1276 5694 τοῖς
1317 5631 1636 5702 μονάζουσιν

1774 5630 1974 5686 rdinem
2001 5628 2454 5691 ecclesiasticum,
2483 5633 2540 5679 ut
2563 5620 2845 5678 monachis
2869 5617 3104 5681 diaconi,
3133 5626 3187 5672 ct
3210 5616 3297 5673 bis

155 5817 175 5856 ¹ί
201 5820 314 5876 Act.
349 5837 461 5883 xix,
501 5819 586 5874 M.
673 5816 683 5856 ¹
726 5814 880 5870 Deut.
914 5830 1023 5881 va,
1053 5814 1124 5869 20
1204 5811 1428 5867 mll‘im.
1455 5827 1514 5878 ιι,
1551 5811 1604 5866 5.
