3886 6534
592 377 692 434 551

1296 390 1298 393 -
1359 347 1701 420 APPENDIX
1743 360 1834 416 an
1879 359 2111 416 omne.
2151 359 2210 416 s.
2245 355 2548 417 momsn
2580 357 3083 420 AREOPAGITAS.‘

3723 360 3822 420 552

587 488 928 566 presbyteri,
977 495 1030 542 et
1076 481 1405 557 presbyteris
1434 479 1676 552 episcOpi
1707 477 2004 532 adhibeant
2029 491 2142 534 cor-

2259 476 2308 530 οί
2352 474 2610 540 διάκονοι,
2653 477 2748 530 καὶ
2792 477 3007 540 τούτοις
3044 476 3094 530 οἱ
3151 474 3529 548 πρεσϐύτεροι,
3580 474 3674 529 καὶ
3717 477 3824 542 τοῖς

586 586 914 647 rectionem;
948 577 1218 650 episcopis
1247 589 1377 632 vero
1407 571 1676 644 apostoli,
1711 578 1768 626 et
1795 568 1994 625 borum
2025 583 2153 626 suo-

586 691 851 733 ccssores.
884 668 1266 744 Apostolorum
1312 666 1549 738 denique
1590 677 1942 722 successores
1973 675 2004 716 a
2033 661 2151 719 suis

582 766 879 840 aequalibus
913 763 1284 834 corriguntur.

653 939 720 994 Et
741 939 998 1010 episcopis
1027 935 1276 1007 apostoli.
1308 933 1471 998 Nota,
1502 933 1648 1004 quod
1681 933 1846 988 etiam
1874 933 2147 1004 episcOpis

579 1034 814 1106 majores
837 1033 948 1089 sint
977 1030 1233 1102 apostoli,
1261 1029 1744 1100 apostolorumqne
1772 1039 2145 1091 successores,

577 1138 631 1183 et
666 1125 812 1198 quod
855 1124 1084 1196 quilibet
1132 1123 1201 1178 ab
1244 1119 1436 1176 ordine
1483 1135 1584 1176 suo
1631 1120 1905 1175 sanctiore
1945 1117 2146 1189 corrigi

577 1219 794 1274 debeat.
845 1213 1230 1286 Apostolorum
1273 1221 1456 1266 autem
1498 1223 1848 1266 successores
1890 1209 2148 1265 existimo

577 1325 726 1364 nunc
756 1321 878 1362 esse
908 1303 1270 1378 patriarchas.

650 1399 842 1455 Nescio
866 1415 965 1470 quo
994 1406 1135 1452 statu
1161 1395 1430 1466 plangam.
1453 1391 1910 1456 Amarituclinem,
1937 1390 2021 1448 vel
2048 1407 2146 1463 po-

575 1494 687 1548 tius
715 1490 1152 1563 compassioaem
1181 1486 1391 1544 Patris.

645 1583 852 1638 Etenim
880 1581 984 1635 nisi
1011 1581 1157 1634 illius
1185 1579 1325 1634 boni.
1353 1573 1600 1642 Etenim,
1633 1575 1846 1647 inquit,
1879 1573 1985 1630 nisi
2016 1575 2145 1630 boni

573 1677 669 1732 Dei
699 1677 877 1732 cultor
907 1689 936 1728 a
966 1673 1124 1728 nobis
1168 1669 1422 1726 habearis
1444 1708 1460 1735 ,
1506 1683 1735 1740 prorsus
1765 1677 1821 1724 et
1851 1682 1881 1722 a
1908 1665 2066 1724 nobis
2091 1674 2146 1722 et

576 1770 644 1824 ab
671 1769 924 1823 universa
954 1764 1195 1820 Ecclesia
1227 1762 1440 1818 alienus
1484 1761 1726 1818 exsistis.
1767 1759 1906 1815 Nota
1936 1766 2144 1824 autem,

2253 565 2649 640 πρεσϐυτέροις
2697 568 2749 620 οἱ
2787 569 3078 622 ἐπίσκοποι
3116 567 3434 638 ἐπιτιμῶσιο
3474 568 3590 628 τοῖς
3631 567 3686 620 δὲ
3713 568 3824 620 ὲπι-

2254 658 2476 723 σκόποις
2497 659 2546 712 οἱ
2579 657 2866 714 ἀπόστολοι
2907 659 3003 714 καὶ
3035 659 3084 712 οἱ
3118 658 3322 712 τούτων
3366 658 3628 728 διάδοχοι.
3661 659 3743 712 Ἑν
3771 659 3822 713 δὲ

2248 753 2362 815 τοῖς
2391 751 2499 804 τῶν
2526 751 2839 806 ἀποστόλων
2867 751 3136 824 διαδόχοις
3170 751 3320 825 παρὰ
3343 753 3452 806 τῶν
3477 751 3762 823 ὁμοταγῶν
3789 755 3819 823 ή

2250 843 2586 915 ἐπιτίμησις.

2317 936 2426 990 Kal
2460 936 2582 1002 τοῖς
2611 935 2912 1006 ιεράρχαις
2947 939 3003 990 ol
3032 937 3380 991 ἀπόστολοι.
3407 933 3718 1008 Σημείωσαι
3747 937 3822 989 ὅτι

2249 1027 2342 1081 καὶ
2368 1028 2678 1082 ἐπισκόπων
2710 1027 2929 1100 μείζους
2948 1031 2997 1082 οἱ
3021 1029 3327 1093 ἀπόστολοι,
3359 1028 3455 1082 καὶ
3482 1032 3532 1083 οἱ
3563 1030 3672 1083 τῶν
3699 1031 3821 1082 ἀπο-

2250 1119 2447 1174 στόλων
2468 1120 2718 1192 διάδοχοι,
2753 1123 2847 1176 καὶ
2873 1123 2956 1176 ὅτι
2977 1122 3206 1186 ἒκαττος
3234 1123 3384 1194 παρά
3406 1123 3502 1176 τοῦ
3528 1123 3818 1196 ἀγιωτέρου

2246 1211 2346 1283 τῆς
2375 1211 2538 1266 αὐτοῦ
2564 1212 2771 1279 τάξεως
2797 1213 3119 1268 εὐθύνεσθαι
3149 1211 3370 1284 ὀφείλει.
3418 1215 3752 1270 ’Δποστόλων
3769 1217 3818 1270 δὲ

2246 1302 2524 1374 διαδόχους
2550 1305 2676 1369 τοὺς
2706 1304 2802 1358 νῦν
2833 1304 3181 1377 πατριάρχας
3213 1305 3452 1377 ἠγοῦμαι
3476 1301 3634 1359 εἶναι.

2322 1399 2443 1450 Οὐκ
2478 1395 2587 1450 οἷδ’
2610 1386 2770 1464 ὅπωξ
2815 1399 3177 1467 κλαύσομαι.
3228 1392 3543 1469 Σημείωσαι
3595 1396 3693 1468 τὴν
3737 1413 3813 1452 πι-

2183 1518 2185 1521 -
2248 1485 2485 1561 κρίαν,ἢ
2514 1488 2712 1560 μᾶλλον
2739 1489 3084 1561 συμπάθειαν
3112 1489 3204 1543 τοῦ
3238 1489 3471 1561 Πατρός.

2318 1583 2426 1640 Kal
2460 1584 2571 1654 γὰρ
2595 1585 2647 1637 εὶ
2662 1582 2748 1653 μὴ
2771 1583 2878 1636 τοῦ
2909 1583 3160 1654 ἀγαθοῦ.
3199 1583 3309 1636 Καὶ
3345 1582 3454 1654 γάρ
3487 1584 3536 1636 εί
3571 1583 3645 1655 μὴ
3678 1584 3789 1655 νομί

2245 1677 2381 1742 ζεις,
2427 1673 2582 1748 φησὶ,
2625 1673 2718 1728 τοῦ
2764 1673 2971 1744 ἀγαθοῦ
3012 1673 3148 1727 Θεοῦ
3195 1669 3335 1728 εἶναι
3378 1673 3474 1727 τοῦ
3522 1675 3812 1745 παρ’ἠμῶν

2247 1767 2608 1840 θεραπευτὴς,
2643 1766 2865 1831 πάντως
2895 1766 2990 1821 καὶ
3010 1765 3170 1838 ἡμῶν
3194 1767 3289 1820 καὶ
3309 1765 3438 1838 ὅλης
3457 1764 3563 1837 τῆς
3595 1767 3811 1838 Ἐκκλη-

576 1868 857 1932 peccatum
891 1859 995 1912 hoc
1024 1856 1277 1912 fortassis
1307 1853 1576 1911 accidisse
1602 1854 1658 1909 in
1687 1852 1928 1926 parmcia
1958 1851 2142 1924 magni

2259 1862 2368 1926 sia;
2400 1861 2679 1933 ἀλλότριος
2710 1859 2995 1932 ὑπάρχεις.
3031 1858 3343 1930 Σημείωσαι
3379 1859 3459 1922 δὲ,
3494 1860 3578 1912 ὅτι
3607 1859 3738 1930 τάχα
3760 1861 3810 1912 ἐν

574 1953 839 2025 Dionysii,
867 1952 1152 2028 ipsumque
1176 1947 1509 2004 monachum
1535 1945 1916 2018 Demophilum
1943 1945 2032 2001 isti
2054 1958 2148 2000 ee-

572 2045 751 2102 clesia:
778 2045 1114 2116 praefecisse-

641 2217 804 2290 318
847 2218 936 2273 Vel
969 2217 1169 2287 duplici
1193 2225 1428 2285 peccato.
1461 2213 1630 2279 Nota,
1661 2214 1824 2285 quale
1857 2219 2015 2268 vocet
2041 2213 2146 2267 du-

568 2312 687 2383 ple:
717 2318 998 2382 peccatum
1028 2350 1044 2376 ,
1091 2307 1314 2380 quando
1339 2309 1597 2363 nimirum
1625 2306 1826 2378 aliquis
1853 2313 2144 2378 postquam

567 2405 834 2477 peccavit,
865 2419 973 2457 non
1016 2402 1266 2473 agnoscit
1295 2416 1355 2456 se
1385 2415 1668 2472 peccasse.
1703 2397 1818 2454 Hoc
1846 2405 2029 2454 autem
2060 2403 2146 2452 est

563 2481 850 2558 Ieremia,
901 2494 1046 2549 sicut
1093 2493 1352 2563 deinceps
1399 2491 1686 2547 declarat:
1721 2489 1990 2556 Quoniam
2037 2487 2144 2542 duo

565 2591 794 2662 peccavit
826 2588 1052 2660 populus
1074 2602 1093 2641 :
1135 2601 1218 2642 me
1263 2586 1655 2658 dereliquerunt
1688 2585 1889 2656 fontem
1927 2586 2054 2640 vita
2089 2595 2141 2651 ιι,

573 2699 679 2740 etc.

640 2776 796 2846 Quod
848 2769 1192 2848 Demophilus
1241 2773 1552 2841 arbitretur.
1593 2772 1793 2847 lugens
1841 2780 1898 2830 et
1943 2786 2143 2845 magna

566 2870 875 2942 compassio
910 2885 974 2925 ac
1010 2868 1315 2925 consolatio
1351 2877 1725 2940 peccatorum.

638 2963 706 3017 At
741 2961 1228 3033 divinoprinripalis
1286 2962 1376 3017 ille
1426 2961 1680 3032 pontifex.
1722 2958 2010 3014 Dominum
2058 2959 2144 3013 in-

565 3056 799 3129 telligit,
863 3056 1123 3128 quoniam
1189 3071 1298 3111 non
1360 3054 1514 3128 paria
1575 3054 1788 3124 reponit
1838 3049 2142 3122 Demopltili

566 3147 744 3203 factis.

636 3231 703 3288 Et
742 3235 852 3288 lucc
881 3235 1005 3306 quia
1048 3235 1428 3304 peccatoribus.
1461 3235 1653 3291 Citans
1684 3235 1818 3290 illud
1851 3235 2096 3306 Apostoli
2121 3249 2138 3291 :
2167 3222 2216 3288 C

566 3325 849 3382 Peccatum
873 3329 1010 3381 enim
1035 3345 1136 3381 non
1160 3327 1304 3397 fecit,
1346 3343 1506 3398 neque
1539 3329 1776 3382 inventus
1803 3337 1881 3382 est
1905 3328 2060 3383 dolus
2085 3329 2140 3384 in

566 3437 656 3473 ore
679 3420 791 3490 ejus
807 3426 848 3474 °.
888 3420 987 3474 Cui
1013 3430 1279 3475 consonat
1309 3419 1474 3476 illud:
1509 3420 1822 3493 Segregatus
1845 3439 1876 3475 a
1899 3431 2140 3491 peccato-

567 3512 734 3578 ribus,
759 3513 1017 3568 excelsior
1049 3513 1194 3568 cazlis
1219 3513 1392 3584 factus
1413 3525 1456 3570 Ρ.

641 3697 708 3752 Et
725 3697 871 3768 juste
897 3714 1012 3753 eum
1048 3699 1274 3768 propriis
1325 3697 1433 3768 frui
1474 3697 1645 3766 jubet.
1689 3696 1748 3753 ld
1791 3705 1876 3755 est
1918 3699 2138 3770 propria

567 3792 930 3866 benignitate,
960 3799 1014 3847 et
1042 3807 1153 3846 non
1181 3791 1419 3848 tenebris
1447 3805 1510 3846 ac
1537 3791 1825 3864 supplicio.

635 3972 835 4042 Quippe
857 3975 968 4029 suis
998 3971 1182 4028 etiam.
1213 3969 1470 4028 Refertur
1493 3971 1600 4027 hoc
1629 3972 1683 4027 in
1716 3971 2011 4032 Evannelio
2052 3987 2140 4028 se-

563 4067 800 4124 cundum
834 4067 1036 4121 Lucam
1053 4077 1102 4122 tt.

636 4159 663 4232 ᾗ
693 4159 757 4214 V.
792 4159 942 4214 Absit
968 4200 983 4223 ,
1020 4176 1122 4213 non
1169 4157 1439 4214 habemus.
1472 4157 1636 4212 Multa
1663 4156 1761 4213 tibi
1791 4156 1934 4213 bona
1963 4156 2093 4212 flant
2120 4197 2134 4220 ,

564 4261 725 4324 pater
749 4253 983 4308 maxime
1007 4252 1367 4324 compatiens.

634 4346 775 4414 Quin
814 4353 865 4400 et
906 4345 1284 4402 divinissimus.
1313 4343 1450 4400 Nota
1475 4343 1618 4416 quod
1647 4342 1860 4398 Domini
1892 4343 2138 4414 discipu-

563 4439 644 4494 los
673 4446 922 4508 expertes
951 4437 1099 4492 dicat
1134 4435 1372 4508 Spiritus
1400 4439 1597 4504 sancti,
1629 4437 1850 4508 quando
1879 4436 2137 4506 petebant

563 4541 621 4585 ut
649 4531 790 4602 ignis
815 4531 870 4584 in
911 4527 1287 4586 Samaritanos
1314 4529 1596 4585 detonaret
1623 4569 1638 4594 ,
1685 4538 1845 4600 prout
1874 4529 1932 4582 in
1961 4527 2136 4582 Evan.

562 4622 704 4693 gelio
727 4620 1049 4691 reperimus.
1080 4619 1366 4688 Quomodo
1397 4621 1563 4692 igitur
1591 4619 1657 4674 ad
1690 4619 1841 4690 ipsos
1869 4618 2134 4676 Dominus

559 4715 666 4770 ait:
717 4712 948 4770 Nescitis
990 4716 1142 4786 cujus
1194 4716 1412 4786 spiritus
1457 4711 1661 4768 estis'?
1698 4711 1807 4767 Sed
1855 4711 1995 4768 forte
2030 4713 2133 4768 hoc

558 4805 720 4862 Pater
742 4806 902 4874 dixit,
928 4815 988 4862 ut
1011 4807 1323 4863 ostenderet
1352 4807 1499 4877 quali
1526 4805 1700 4876 gratia
1729 4804 1796 4859 ad
1822 4804 2136 4860 ministran-

556 4901 686 4954 dmn
715 4899 871 4956 electi
898 4907 1117 4967 essent;
1141 4900 1273 4970 quin
1299 4900 1464 4954 etiam
1493 4897 1633 4953 forte
1655 4897 1761 4953 hoc
1784 4897 1923 4952 dixit
1947 4895 2128 4964 Pater,

557 4991 626 5046 ad
657 4993 962 5048 absolutam
1013 4992 1159 5046 illam
1203 4991 1506 5062 respiciens
1536 4991 1722 5062 gratia:
1766 4989 2128 5058 infusionem,

557 5101 720 5155 quam
780 5093 905 5156 post
950 5084 1408 5140 resurrectionem
1455 5090 1817 5154 acceperunt;
1868 5085 2128 5155 quoniam

557 5177 824 5247 scriptum
850 5187 967 5232 est:
1003 5175 1253 5230 Nondum
1294 5178 1432 5230 enim
1461 5186 1576 5232 erat
1623 5176 1856 5246 Spiritus
1887 5185 2126 5243 sanctus,

555 5271 678 5338 quia
707 5267 862 5324 Iesus
901 5267 1131 5322 nondum
1162 5280 1276 5322 erat
1308 5267 1636 5340 gloriﬁcatus
1655 5274 1703 5324 ⁵.
1731 5267 1960 5324 Sacrum
1993 5286 2130 5341 prte-

556 5370 828 5432 eeptorem
855 5370 1011 5418 vocat
1039 5369 1288 5417 sanctum
1320 5362 1625 5434 apostolum
1649 5362 1901 5431 Paulum,
1925 5365 2127 5436 quippe

2251 1951 2511 2024 παροικίᾳ
2554 1949 2713 2004 τοῦτο
2760 1949 2855 2003 τοῦ
2911 1950 3149 2021 μεγάλου
3178 1948 3454 2005 Διονυσίου
3503 1950 3809 2023 ἡμαρτήθη,

2249 2043 2343 2097 καὶ
2371 2043 2456 2097 ὅτι
2485 2043 2577 2097 τὸν
2605 2042 2909 2114 Δημόφιλον
2953 2042 3116 2108 αὐτὸς
3169 2042 3404 2115 μοναχὸν
3450 2043 3551 2115 τῆς
3595 2044 3805 2114 Ἐκκληι

2251 2136 2371 2200 σίας
2397 2135 2603 2202 ἔταξεν.

2319 2231 2390 2287 Ἠ
2439 2229 2554 2298 τὴν
2610 2226 2841 2296 διπλῆν
2908 2227 3220 2296 ἁμαρτίαν.
3285 2229 3604 2300 Σημείωσαι
3665 2229 3808 2282 ποίαν

2247 2321 2403 2377 καλεῖ
2437 2318 2629 2390 διπλῆν
2662 2317 2957 2390 ἁμαρτίαν,
2995 2317 3124 2370 ὅταν
3163 2318 3494 2390 ἁμαρτάνων
3539 2336 3625 2383 τις
3655 2319 3804 2389 ἀγνοῇ

2245 2419 2578 2490 δαήμαρτε.
2601 2415 2772 2468 Τοῦτο
2802 2414 2860 2468 δὲ
2891 2412 2985 2467 τοῦ
3020 2412 3282 2484 Ἱερεμίου
3321 2410 3496 2477 ἐστὶν,
3516 2412 3593 2476 ῶς
3623 2412 3802 2482 ἑφεξῆς

2249 2505 2553 2582 σαφηνίζει·
2582 2507 2704 2561 Ὅτι
2745 2505 2857 2561 δύο
2891 2505 3155 2575 ἥμαρτεν
3182 2506 3214 2558 ό
3243 2500 3415 2570 λαός·
3446 2502 3556 2574 ἐμὲ
3582 2500 3804 2576 ἐγκατέ-

2244 2603 2429 2656 λιπον
2443 2596 2648 2670 πηγὴν
2672 2596 2843 2666 ζωῆς,
2880 2593 2975 2650 καὶ
2998 2595 3068 2649 τὰ
3101 2593 3248 2666 ἑξῆς.

2317 2778 2437 2832 Ὅτι
2459 2771 2801 2846 Δημόφιλος
2829 2773 3036 2828 οτεται.
3094 2767 3272 2844 Πολλὴ
3327 2772 3427 2827 καὶ
3480 2772 3686 2845 μεγάλη
3718 2773 3801 2825 καὶ

2247 2868 2538 2941 συμπαθὴς
2567 2866 2910 2939 παράκλησις
2927 2864 3040 2929 τοῖς
3073 2861 3434 2936 ἁμαρτωλοῖς.

2327 2962 2479 3018 Ἀλλ’
2518 2963 2551 3015 ὁ
2592 2957 2905 3028 θεαρχικὸς
2955 2956 3390 3023 ἱεροτελεστής.
3446 2955 3556 3010 Τδν
3616 2954 3798 3027 Κύριον

2243 3057 2410 3126 λέγει,
2444 3055 2526 3108 ὅτι
2547 3052 2646 3124 οὐχ
2665 3053 2826 3124 ὃμοια
2857 3049 3196 3105 διατάττεται
3223 3051 3334 3114 τοῖς
3369 3048 3476 3103 ὑπὸ
3521 3048 3798 3120 Δημοφίλου

2242 3146 2646 3220 γεγενημένοις.

2313 3240 2424 3296 Kal
2454 3239 2642 3293 ταῦτα
2673 3236 2790 3292 τῶν
2825 3233 3206 3306 ἁμαρτωλῶν.
3242 3234 3555 3304 Ἀμαρτίαν
3576 3233 3680 3304 γὰρ
3701 3234 3797 3285 οὐκ

2241 3333 2549 3399 ἐποίησεν,
2567 3329 2709 3385 οὐδὲ
2728 3328 2937 3398 εὑρέθη
2959 3327 3140 3392 δόλος
3159 3327 3228 3379 ἐν
3248 3325 3326 3392 τῷ
3341 3326 3590 3396 στόματι
3609 3324 3792 3382 αὑτοῦ,

2238 3427 2301 3482 τὸ
2329 3426 2423 3480 τοῦ
2467 3425 2790 3479 Ἀποστόλου
2824 3423 3021 3492 λέγων’
3057 3421 3317 3493 ἄντικρυς
3362 3421 3446 3483 τὸ,
3484 3417 3796 3490 Ἁφωρισμέι

2239 3537 2346 3586 νος
2373 3519 2491 3574 ἀπὸ
2514 3517 2631 3572 τῶν
2651 3515 3032 3588 ἁμαρτωλῶν,
3068 3515 3163 3567 καὶ
3188 3513 3564 3582 ὑψηλότερος
3589 3510 3699 3566 τῶν
3711 3508 3794 3564 0t”-

2234 3610 2437 3682 ρανῶν
2457 3611 2795 3681 γενόμενος.

2310 3702 2535 3758 Δικαιοῒ
2555 3701 2622 3755 δὲ
2653 3701 2772 3755 τῶν
2785 3701 3017 3755 οἰκείων
3044 3699 3397 3754 ἀπολαύειν.
3435 3696 3684 3752 Ton-ciem
3710 3693 3790 3763 τῆς

2239 3795 2443 3858 οἰκείας
2483 3793 2912 3866 φιλανθρωπίας,
2963 3789 3059 3846 καὶ
3094 3792 3170 3864 μὴ
3202 3790 3297 3844 τοῦ
3341 3792 3568 3856 σκότους
3607 3789 3694 3844 καὶ
3719 3804 3787 3839 τι·

2243 3887 2472 3959 μωρίας.

2256 3983 2262 3996 "
2310 3979 2418 4034 Kal
2453 3981 2564 4050 γὰρ
2615 3979 2714 4033 καὶ
2769 3979 2894 4047 τοῖς
2930 3980 3018 4047 εις
3046 3977 3251 4033 αὐτόν.
3308 3979 3397 4032 Ἐν
3439 3978 3518 4050 τῷ
3556 3976 3686 4032 κατὰ
3713 3973 3787 4026 τὸν

2239 4073 2454 4126 Λουκᾶν
2478 4075 2649 4126 κεῖται
2670 4069 3005 4145 Εύαγγελίῳ.

2228 4214 2235 4221 .
2311 4166 2339 4235 ﬁ
2360 4163 2425 4218 Ἴ.
2445 4163 2679 4235 Ἄπαγε,
2693 4168 2804 4220 οὐκ
2825 4168 3064 4236 ἔχομεν.
3080 4164 3261 4218 Πολλά
3286 4181 3370 4217 σοι
3392 4162 3570 4232 ἀγαθά
3586 4161 3781 4230 γένοιτο,

2238 4260 2416 4330 πάτερ
2440 4257 2882 4329 συμπαθέστατει

2307 4351 2416 4405 Kal
2443 4349 2554 4420 γὰρ
2588 4349 2684 4403 καὶ
2728 4352 2761 4404 ό
2790 4351 3108 4416 θειότατος.
3146 4347 3459 4419 Σημείωσαι
3503 4347 3580 4400 ὅτι
3611 4340 3781 4414 ἀμετά-

2237 4459 2366 4513 χους
2395 4441 2545 4510 λέγει
2569 4440 2696 4503 τοὺς
2730 4439 2976 4512 μαθητάς
3005 4440 3101 4493 τοῦ
3131 4438 3335 4510 Κυρίου
3363 4438 3669 4508 Πνεύματος
3702 4427 3780 4482 τοῦ

2241 4532 2417 4602 ἁγίου,
2445 4530 2740 4603 ζητοῦντας
2771 4531 2883 4602 πῦρ
2915 4529 3261 4602 ὲπομόρῆσαι
3287 4534 3400 4595 τοῖς
3429 4527 3779 4602 Σαμαρείταις.

2240 4627 2318 4692 ὡς
2336 4629 2393 4680 ὲν
2417 4627 2496 4698 τῷ
2512 4625 2826 4696 Εὐαγγελίῳ
2848 4621 3194 4697 εὑρίσκομεν.
3218 4624 3342 4688 Πῶς
3356 4605 3450 4678 οὖν
3469 4624 3597 4696 πρὸς
3615 4617 3782 4675 αὐτοὺς

2239 4721 2268 4773 ό
2300 4718 2504 4792 Κύριός
2519 4730 2700 4790 φησιν’
2721 4720 2842 4772 Οὐκ
2873 4717 3073 4772 οἴδατε
3093 4717 3270 4772 ποίου
3299 4715 3627 4786 πνεύματός
3643 4712 3786 4767 em;

2253 4805 2391 4863 Ἀλλ’
2426 4809 2556 4874 ίσως
2585 4809 2744 4862 τοῦτο
2773 4803 2892 4862 εἷπε
2922 4809 3134 4873 δεικνὺς
3166 4808 3298 4880 ποίᾳ
3327 4809 3511 4880 χάριτι
3547 4799 3779 4859 διακονεῖ-

2241 4903 2364 4956 σθαι
2385 4901 2728 4973 ὲξελέγησανθ
2747 4903 2876 4960 ἴσως
2892 4903 2950 4956 δὲ
2964 4902 3058 4955 καὶ
3084 4904 3112 4956 ὁ
3130 4901 3343 4974 Πατὴρ,
3371 4896 3506 4972 πρὸς
3522 4897 3580 4950 τὸ
3605 4891 3780 4947 τέλειον

2236 4993 2336 5064 τῆς
2368 4992 2575 5063 δωρεᾶς
2603 4990 2827 5054 ἀπιδὼν,
2860 4986 2929 5062 ἦς
2967 4988 3156 5044 ἔλαϐον
3191 4988 3330 5061 μετὰ
3359 4989 3458 5058 τὴν
3496 4983 3778 5038 ἀνάστασιν,

2218 5082 2391 5135 ’τοῦτο
2402 5082 2608 5154 εἴρηκε,
2622 5082 2710 5136 διὰ
2728 5081 2790 5136 τὸ
2801 5081 3108 5153 γεγράφθαι
3125 5098 3138 5112 ·
3165 5081 3340 5134 Οὔπω
3354 5077 3461 5149 γὰρ
3476 5072 3549 5144 ἦν
3566 5066 3780 5154 Πνεῦμα

2234 5175 2424 5246 ἅγιον,
2461 5153 2550 5228 ὅτι
2585 5174 2823 5244 Ἰησοῦς
2854 5173 3084 5228 οὐδέπω
3099 5170 3418 5237 ἐδοξάσθη.
3447 5153 3779 5238 ἰεροθὲτηνδὲ

2234 5269 2391 5324 καλεῖ
2406 5268 2497 5321 τὸν
2523 5268 2674 5338 άγιον
2692 5265 2987 5322 ἀπόστολον
3005 5264 3239 5326 Παῦλον,
3267 5261 3343 5326 ὼς
3361 5257 3623 5332 χειροτονή
3631 5263 3778 5348 σανξα

2234 5361 2281 5394 ⁸⁸
2331 5361 2482 5433 αὐτῷ
2530 5361 2629 5432 τὴν
2685 5360 3099 5432 ἀρχιερωσύνην
3152 5357 3249 5427 τῆς
3311 5349 3624 5424 Ἐκκλησίας
3677 5354 3777 5392 των

633 5527 659 5554 ιι
689 5517 801 5574 Jcr.
829 5532 891 5580 ιι,
925 5517 1010 5572 15.
1087 5514 1161 5569 °l
1197 5513 1325 5573 Pctr
1375 5536 1435 5586 ιι,
1466 5518 1558 5574 ‘32.
1636 5528 1666 5568 ι)
1694 5517 1859 5576 llebr.
1887 5534 1985 5584 vn,
2014 5519 2106 5574 26.
2178 5528 2208 5570 ιι
2237 5517 2372 5573 Luc.
2406 5534 2566 5582 xxtu,
2599 5518 2686 5577 35.
2765 5527 2791 5561 π
2819 5517 2953 5574 Luc.
3014 5533 3088 5582 ιιι,
3125 5515 3213 5571 55.
3295 5519 3317 5549 ⁸
3368 5509 3521 5568 Joan.
3576 5520 3663 5570 vn,
3689 5498 3775 5556 39-

1516 5705 1744 5762 VARM‘J
1781 5702 2154 5762 LECTIONES
2189 5699 2275 5759 ΕΤ
2308 5699 2859 5762 CORRECTIONES.

647 5833 692 5866 ⁸⁹
725 5834 1190 5906 χειροθετήσαντα.
