3886 6548
195 441 296 498 555

1111 447 1167 502 S.
1205 448 1452 510 MAXIM
1489 454 1778 514 SCIIOLIA
1811 459 1879 516 IN
1912 459 2062 518 EPP.
2101 461 2157 517 S.
2196 461 2516 524 DIONYSII.

3333 483 3440 543 554

204 558 457 630 Ἀθηνῶν,
493 557 678 624 καθὼς
711 561 770 614 ὲν
813 564 932 626 ταῖς
969 564 1142 634 ἱεραῖς
1175 567 1283 620 τῶν
1324 570 1635 625 ἀποστόλων
1667 590 1710 641 γι

1860 576 1952 645 qui
1984 577 2163 646 ipsum
2211 577 2469 636 Ecclesiae
2517 583 2866 645 Atheniensis
2919 594 3237 666 episcopum
3288 602 3435 659 ordi-

191 667 427 722 γραπται
451 652 764 720 Διαταγαῖς.

253 827 651 883 Διδάσκεσθαι
680 829 809 899 γὰρ,
842 831 912 883 οὐ
940 833 1312 900 τιμωρεῖσθαι
1341 836 1477 904 χρή.
1511 837 1755 910 Σημείω-

191 937 276 974 σαι
317 919 526 992 ὡραῖον
555 923 651 974 καὶ
687 921 917 990 μάλιστα
951 921 1046 977 νῦν
1077 927 1367 996 χρήσιμον,
1396 929 1478 982 ὅτι
1507 930 1754 984 διδάσκεη

188 1011 301 1064 σθαι
316 1011 446 1082 χρὴ,
474 1013 570 1064 καὶ
597 1012 656 1065 οὐ
688 1012 1168 1079 κολάζεσθαι,τοὺς
1192 1017 1540 1085 ἀγνοοῦντας,
1557 1019 1754 1096 ⁴ὥσπερ

184 1100 272 1154 καὶ
315 1102 446 1164 τοὺς
487 1101 724 1171 τυφλοὺς
764 1103 1083 1174 ὢηγοῦμεν,
1124 1107 1183 1158 οὐ
1226 1106 1541 1180 κολάζομεν.
1583 1113 1654 1165 Τὸ
1696 1114 1751 1167 δὲ

183 1189 316 1243 κατὰ
360 1191 572 1263 κόρρης
611 1193 753 1256 τινὲς
789 1195 884 1264 μὲν
907 1195 998 1247 τὸν
1029 1196 1300 1267 κρόταφόν
1323 1217 1504 1269 φασιν,
1538 1201 1668 1255 ἔνιοι
1694 1203 1750 1256 δὲ

179 1282 272 1355 τὴν
299 1283 522 1350 γνάθον,
556 1283 703 1336 ἄλλοι
738 1284 795 1337 δὲ
831 1285 994 1357 μέρος
1027 1305 1079 1340 τι
1116 1288 1217 1358 τῆς
1246 1291 1506 1363 κεφαλῆς.
1534 1294 1748 1348 Βέλτιον

176 1373 229 1426 δὲ
255 1373 487 1444 κόρρην,
519 1375 596 1437 ὡς
632 1374 787 1444 ἔφην,
821 1376 911 1428 τὸν
953 1379 1224 1448 κρόταφον
1261 1381 1468 1450 λέγειν’
1505 1385 1748 1456 Ὅμηρος

177 1464 353 1534 μέντοι
410 1465 618 1535 κόρσην
669 1465 835 1536 αὐτὴν
889 1468 1061 1522 καλεῖ.
1112 1472 1559 1542 Παροξυτονεῖται
1608 1475 1666 1528 δὲ
1713 1478 1744 1547 ἡ

174 1557 362 1627 κόρρη.
391 1557 488 1620 Εἰς
513 1556 603 1610 τὸν
637 1557 904 1628 κρόταφον
931 1557 1024 1614 οὖν
1056 1560 1248 1632 ἔτυψεν
1275 1565 1302 1616 ὁ
1328 1565 1632 1636 Δημόφιλος
1651 1566 1742 1620 τὸν

175 1645 559 1713 μετανοοῦντα.

233 1941 295 1992 οι
319 1938 440 2008 μὲν
472 1939 584 2009 reip
615 1939 862 1994 ἀδικεῖν.
915 1940 1223 2012 Σημείωσαι
1266 1939 1354 1997 οἷά
1399 1960 1558 2015 φησιν
1604 1945 1737 1996 ὲπα-
1769 1921 1809 1975 Β

170 2025 434 2081 κολουθεῖν
471 2031 582 2092 τοῖς
629 2029 831 2083 ἀδικεῖν
870 2031 902 2101 ἢ
952 2032 1253 2103 εὐεργετεῖν
1298 2051 1448 2097 τινας
1488 2033 1740 2104 βουλομέ-

166 2134 296 2187 νους,
325 2120 430 2174 κᾶν
460 2119 536 2192 μὴ
573 2121 708 2193 πρὸς
736 2122 893 2194 ἔργον
916 2125 1152 2194 ἤνεγκαν
1184 2125 1220 2180 ἃ.
1249 2125 1654 2180 ἐϐουλεύσαντο.

235 2321 730 2390 Ἐπιχειροῦντες.
777 2322 1048 2386 Ἐκεὶνους
1078 2322 1276 2394 δηλαδὴ
1305 2323 1399 2388 οὓς
1426 2325 1732 2396 προῃρέθη-

163 2431 254 2467 σαν
282 2414 542 2484 ἀδικῆσαι
581 2414 1019 2487 ἦεύεργετῆσαι,
1049 2416 1110 2468 οὐ
1152 2416 1388 2481 πάντως,
1433 2416 1587 2488 φησὶ,
1629 2417 1734 2470 διέ-

159 2505 342 2576 θηκαν,
375 2505 560 2569 καθὼς
583 2507 969 2578 ἐϐουλήθησαν.
1010 2508 1278 2579 Πρόδηλον
1311 2509 1388 2573 δὲ,
1426 2510 1505 2561 ὅτι
1534 2509 1595 2561 τὸ
1633 2509 1731 2579 μὲν

157 2596 441 2668 ἀόούλητον
467 2599 579 2651 τῶν
607 2599 1096 2672 εὐεργετουμένων,
1131 2600 1191 2653 τὸ
1224 2600 1280 2652 δὲ
1305 2600 1454 2672 παρὰ
1483 2599 1542 2653 τὸ
1575 2600 1730 2670 ἀδρα-

157 2688 238 2752 νὲς
261 2690 370 2742 τῶν
391 2690 746 2746 ἀδικούντων.

216 2845 321 2897 Kal
353 2845 570 2900 ἐνθάδε
601 2847 698 2900 καὶ
731 2847 872 2902 ἐκεῖ.
911 2849 1031 2902 Ὅτι
1063 2851 1112 2903 οἱ
1144 2849 1339 2903 δίκαιοι
1371 2849 1430 2902 οὐ
1473 2847 1632 2918 μόνον
1665 2849 1723 2898 ὲν

151 2931 222 3003 τῷ
248 2935 493 3005 μέλλοντι
523 2936 699 3002 αἰῶνι,
734 2937 869 2992 ἀλλὰ
897 2941 991 2994 καὶ
1023 2942 1079 2994 ὲν
1117 2940 1193 3012 τῷ
1225 2940 1317 2994 νῦν
1351 2939 1449 3011 βίῳ
1479 2937 1721 3007 ἀγγέλων

150 3024 355 3094 ἀγαθῶν
402 3028 616 3095 ὀπαδοὶ,
659 3031 824 3102 ἤγουν
873 3032 1174 3102 ἀκόλουθοι,
1223 3033 1317 3087 καὶ
1358 3029 1719 3100 συνοδοιπόροι

149 3118 264 3172 εέσί.

215 3209 283 3263 Τὸ
321 3211 566 3266 πάντων
613 3213 849 3283 ἀγαθῶν
897 3215 1202 3287 μέγιστον.
1231 3217 1351 3272 Ὅτι
1393 3215 1454 3270 τὸ
1499 3213 1715 3268 πάντων

146 3299 243 3354 τῶν
300 3302 527 3373 ἀγαθῶν
603 3305 855 3376 μέγιστόν
923 3309 1040 3362 ἐστι
1112 3309 1174 3362 τὸ
1238 3310 1324 3364 ἀεὶ
1390 3306 1527 3364 εἶναι
1573 3307 1709 3381 μετὰ

143 3389 292 3445 Θεοῦ.

205 3484 310 3537 Καὶ
343 3484 579 3553 ἐνθάδε,
613 3487 709 3540 καὶ
736 3489 886 3557 μετὰ
917 3488 1190 3543 θάνατον.
1230 3490 1350 3544 Ὅτι
1378 3491 1426 3543 oi
1455 3491 1709 3564 ἁμαρτω-

140 3571 214 3627 λοὶ
237 3573 327 3628 καὶ
355 3575 412 3629 ὲν
439 3573 518 3644 τῷ
549 3574 650 3646 βίῳ
685 3576 879 3649 τούτῳ,
907 3578 1000 3631 καὶ
1045 3582 1104 3633 ὲν
1136 3579 1213 3651 τῷ
1254 3580 1496 3651 μέλλοντι
1534 3598 1706 3652 τιμω-

143 3663 366 3734 ροῦνται,
419 3664 558 3737 μετὰ
604 3666 712 3720 τῶν
761 3668 1028 3738 δαιμόνων
1070 3667 1207 3724 εἶναι
1257 3672 1706 3744 κατακρινόμενοι

139 3753 233 3808 ὑπὸ
261 3756 366 3811 τῶν
389 3756 532 3810 ίδίων
562 3755 748 3810 παθῶν
776 3758 811 3813 ἆ
834 3760 1217 3833 προετίμησαν.

202 3848 766 3919 Ἐπιμνησθήσομαι.
842 3853 1150 3923 Σημείωσαι
1209 3854 1309 3926 τὴν
1373 3856 1560 3926 ὅρασιν
1609 3853 1703 3908 τοῦ

136 3939 278 4004 ἁγίου
337 3941 606 4012 Κάρπου,
665 3945 836 4015 πόσης
894 3943 1094 4015 φρίκης
1153 3947 1246 4000 καὶ
1310 3947 1704 4019 παρακλήσεως

165 4036 296 4091 luet.

129 4051 328 4199 “ﬁt.
361 4129 703 4198 Γενόμενόν
725 4128 804 4200 μέ
835 4143 998 4184 ποτε.
1017 4129 1185 4201 Διήγη
1194 4146 1269 4200 μα
1297 4129 1494 4201 ὡραῖον
1525 4129 1605 4182 ὅτι
1637 4130 1697 4182 οὐ

127 4220 224 4290 χρὴ
255 4223 367 4285 τοῖς
393 4221 818 4292 ἁμαρτάνουσιν,
849 4225 896 4276 εί
929 4225 1020 4276 καὶ
1062 4223 1196 4294 πρὸς
1227 4221 1358 4276 Θεὸν
1390 4222 1696 4288 πταίουσιν,

125 4311 441 4384 ἐπαρᾶσθαι.
477 4316 815 4386 Σημειωσέον
859 4311 949 4369 οὖν
982 4314 1078 4386 τὴν
1119 4315 1374 4386 ἱστορίαν,
1411 4317 1695 4386 περιέχου-

127 4419 216 4456 σαν
261 4407 625 4478 ἀνεκλάλητον
693 4407 1088 4479 εὑσπλαγχνίαν
1137 4408 1229 4460 τοῦ
1287 4407 1492 4479 Κυρίου
1539 4409 1696 4480 ἡμῶν

135 4493 295 4567 Ἰησοῦ
332 4499 594 4571 Χριστοῦ,
633 4502 726 4554 καὶ
768 4502 896 4573 περὶ
951 4502 1366 4572 μετανοούντων.
1420 4502 1581 4571 Λέγει
1633 4503 1692 4558 δὲ

123 4589 206 4641 καὶ
236 4593 364 4662 περὶ
398 4593 497 4663 τῆς
530 4593 811 4664 ἁγιότητος
851 4593 945 4647 τοῦ
979 4594 1122 4647 θείου
1167 4591 1412 4664 Κάρπου.
1632 4595 1690 4690 δὲ

1831 4599 1954 4653 tiam
1999 4602 2109 4673 agit
2159 4605 2224 4660 de
2270 4608 2557 4665 sanctitate
2603 4589 2776 4668 sancti
2825 4589 3010 4690 Carpi.

120 4677 261 4746 οὗτος
291 4686 320 4737 ὁ
348 4685 576 4757 Κάρπος
606 4679 666 4738 οὗ
698 4687 967 4758 μέμνηται
1020 4687 1048 4739 ὁ
1089 4685 1406 4751 Ἀπόστολος
1451 4688 1506 4739 ὲν
1534 4688 1599 4757 τῇ
1641 4687 1685 4757 β’

121 4774 245 4844 πρὸς
273 4777 536 4846 Τιμόθεον
576 4778 881 4849 Ἐπιστολῇ.

178 4867 338 4922 Κατὰ
380 4868 487 4934 τὰς
538 4872 919 4937 προτελείους
966 4870 1169 4941 εὐχάς.
1217 4870 1540 4944 Προτελείας
1585 4872 1684 4942 μὲν

119 4951 333 5006 ἐκάλουν
375 4953 642 5025 Ἀθηναῖοι
693 4957 789 5020 τὰς
1040 4960 1146 5014 τῶν
1188 4961 1378 5031 γάμων
1414 4961 1548 5032 μετὰ
1577 4960 1682 5013 τῶν

119 5042 303 5098 θυσιῶν
334 5045 522 5116 εὐχάς·
558 5046 648 5098 τὸν
679 5049 786 5119 γὰρ
819 5049 992 5120 γάμον
1025 5051 1173 5114 τέλος
1214 5053 1459 5118 ἐκάλουν,
1491 5053 1564 5116 ὡς
1592 5070 1679 5104 τε-

117 5135 280 5191 λειοῦν
306 5142 374 5191 τὰ
407 5139 543 5210 πρὸς
578 5140 670 5192 τὸν
705 5141 817 5210 βίον
848 5143 937 5194 τὸν
971 5142 1282 5215 ἄνθρωπον·
1308 5143 1399 5198 καὶ
1428 5145 1585 5198 τοῦτο
1618 5148 1680 5198 ἐκ

118 5226 314 5280 πολλῶν
347 5229 692 5299 κωμῳδίαις¹
728 5233 966 5304 ποιητῶν
997 5233 1262 5287 δεικνύναι
1295 5237 1536 5292 δυνατόν,
1561 5239 1679 5290 Μυ-

117 5321 326 5390 στήριον
373 5320 502 5388 γοῦν
536 5317 678 5391 εἶχον
710 5323 802 5376 τὸν
833 5326 1027 5396 γάμον.
1067 5327 1286 5396 Ἔλεγον
1330 5329 1386 5381 δὲ
1433 5329 1678 5400 προτελί-

113 5406 292 5470 ζεσθαι
325 5411 510 5463 καὶτὸ
558 5416 935 5485 προμυεῖσθαι,
972 5418 1062 5470 καὶ
1106 5419 1265 5471 οἱονεὶ
1316 5421 1677 5496 προκαθαίρε-

113 5504 230 5557 σθαι
273 5508 351 5570 εἰς
399 5508 717 5578 ὲτοιμασίαν
767 5513 1095 5583 μυστηρίου,
1146 5512 1220 5576 ὡς
1265 5515 1531 5586 Κρατῖνος
1579 5517 1672 5589 δη-

111 5592 235 5666 λαδὴ
269 5599 326 5649 ὲν
359 5597 571 5669 Πυλαία
614 5600 869 5670 δράματι.
924 5603 1174 5657 Μάλιστα
1223 5605 1331 5676 γὰρ
1362 5607 1430 5660 τὰ
1471 5609 1674 5680 μυστή-

114 5687 200 5756 ριά
241 5705 381 5752 τινος
429 5686 540 5741 τῶν
582 5688 943 5763 ψευδωνύμων
992 5693 1170 5747 αὐτῶν
1216 5695 1352 5750 θεῶν
1407 5699 1532 5770 τέλη
1581 5704 1673 5754 καὶ

112 5776 320 5841 τελετὰς
358 5777 604 5841 ἐκάλουν,
651 5779 725 5843 ὡς
771 5781 1076 5848 τελειούσας
1122 5786 1213 5838 καὶ⁹
1257 5790 1336 5852 είς
1367 5790 1427 5844 τδ
1472 5792 1671 5845 τέλειον

113 5868 336 5935 ἀγούσας
367 5871 493 5932 τοὺς
537 5869 908 5943 τελουμένους.
959 5877 1031 5929 Τὸ
1076 5877 1204 5946 γοῦν
1252 5882 1379 5953 παρ’
1418 5884 1669 5955 Ἕλλησιν

382 5967 652 6027 Pnnor.
693 5968 805 6030 Gn.
845 5971 951 6032 IV.

1862 677 2105 732 naverat,
2141 673 2599 740 quemadmodum
2630 676 2684 731 iu
2715 682 2886 737 sacris
2908 689 3276 754 apostolorum
3299 695 3436 752 Con-

1861 761 2237 819 Stitutionibus
2268 767 2532 836 scriptum
2560 773 2850 841 reperitur.

1928 852 2124 910 Docere
2171 860 2312 912 enim
2335 899 2351 923 ,
2400 877 2502 914 non
2545 865 2730 932 punire
2775 879 3001 937 oportet.
3034 872 3275 932 Observa
3305 884 3430 949 pul-

1857 947 2048 1001 chrum
2078 956 2131 1003 et
2157 949 2456 1006 etiamnum
2487 955 2837 1016 utilissimum
2874 961 3077 1020 dictum
3103 1007 3118 1030 ,
3153 968 3430 1031 docendos

1854 1052 1997 1103 esse,
2029 1048 2082 1095 et
2113 1042 2335 1098 minime
2365 1045 2672 1114 puniendos
2702 1051 3039 1122 ignorantes,
3074 1065 3430 1130 quemadmo-

1853 1129 1982 1184 dum
2011 1132 2168 1189 ctecis
2195 1134 2456 1190 ducatum
2487 1149 2811 1208 praestamus
2835 1185 2850 1212 ,
2898 1164 3007 1204 non
3047 1153 3310 1222 supplicia
3341 1157 3429 1211 in-

1851 1220 2106 1291 ﬂigimus.
2162 1224 2301 1282 Illud
2351 1239 2532 1286 autem
2581 1235 2721 1288 κατὰ
2753 1237 2998 1310 κόρρης,
3035 1220 3201 1314 ιιιὶᾁυί
3236 1247 3425 1304 dicunt

1851 1314 2159 1384 signiﬁcare
2204 1319 2471 1391 κρόταφον
2523 1340 2616 1379 seu
2657 1334 2870 1398 tempus
2902 1335 3098 1404 capitis
3123 1377 3137 1400 ,
3169 1339 3259 1394 alii
3292 1357 3423 1397 vero

1848 1421 2016 1475 genas
2038 1448 2052 1473 ,
2087 1410 2178 1464 alii
2226 1411 2460 1483 denique
2507 1426 2716 1486 partem
2759 1422 2994 1493 aliquam
3028 1429 3243 1498 capitis.
3277 1431 3421 1490 Prae-

1847 1506 1956 1552 stat
2002 1507 2184 1557 autem
2218 1505 2422 1577 κόρρην
2449 1547 2462 1572 ,
2497 1509 2576 1564 uti
2610 1511 2856 1568 dicebam
2879 1556 2894 1581 ,
2942 1531 3042 1587 pro
3085 1527 3420 1593 temporibus

1846 1591 2136 1661 accipere,
2205 1610 2331 1650 nam
2385 1606 2441 1653 et
2501 1599 2771 1660 Homerus
2831 1607 2922 1662 illa
2981 1611 3182 1683 κόρσην
3237 1627 3415 1674 vocat.

1843 1681 2030 1754 Κὸρῤη
2061 1695 2241 1740 autem
2295 1688 2352 1742 in
2396 1694 2697 1760 penultima
2745 1701 2979 1757 acuitur.
3025 1681 3190 1777 319
3233 1707 3419 1780 itaque

1843 1771 2194 1846 DemOphilus
2259 1782 2614 1850 ptenitentem
2676 1787 2731 1842 in
2790 1771 3415 1869 temporibos'percus—

1841 1875 2007 1922 serat.

1909 1959 2174 2031 Siquidem
2215 1967 2303 2035 qui
2345 1968 2558 2037 injuriis
2593 1974 2810 2042 afﬁcere.
2864 1977 3000 2033 Nota
3039 1985 3221 2052 qualia
3269 1989 3416 2044 dicat

1837 2063 1931 2105 eos
1963 2055 2137 2123 sequi,
2169 2058 2262 2127 qui
2295 2059 2512 2130 injuriis
2541 2079 2622 2120 vet
2653 2067 2930 2126 beneficiis
2959 2074 3171 2145 aliquos
3199 2079 3414 2138 allicere

1836 2153 2128 2212 conantur,
2161 2150 2375 2207 etiamsi
2424 2156 2602 2226 reipsa
2632 2174 2738 2212 non
2772 2161 3009 2220 inferant
3053 2183 3118 2224 ea
3163 2186 3285 2241 qum
3314 2189 3411 2227 vo-

1836 2232 2036 2290 lebant.
3179 2232 3197 2241 ’
3387 2305 3390 2308 .

1902 2327 2292 2398 Aggredientes.
2325 2334 2436 2391 Illis
2467 2353 2661 2410 nempe
2702 2344 2902 2412 quibus
2935 2349 3166 2418 injurias
3195 2356 3279 2410 vel
3315 2357 3409 2414 be-

1832 2417 2027 2473 neﬁcia
2057 2421 2306 2480 conferre
2331 2433 2656 2497 statuerant,
2689 2450 2795 2488 non
2819 2417 3229 2512 usquequaque,
3248 2458 3408 2515 prout

1832 2510 2262 2581 destinaverant,
2305 2533 2690 2590 reposuerunt.
2734 2527 2926 2598 Liquet
2975 2532 3256 2603 inprimis,
3304 2538 3405 2594 hoc

1831 2602 2148 2674 contingere
2178 2622 2276 2675 per
2315 2608 2722 2682 incogitantiam
2763 2633 2952 2674 eorum
2982 2602 3206 2694 iniquos
3241 2629 3407 2685 bene-

1831 2691 2044 2750 ficentia
2071 2698 2372 2766 confertur,
2403 2703 2535 2758 illud
2565 2722 2693 2762 vero
2723 2725 2834 2780 prae
2863 2691 3181 2784 impotentia
3213 2735 3402 2775 eorum

1827 2785 1920 2854 qui
1951 2785 2155 2844 inferre
2178 2799 2374 2860 parant
2406 2793 2657 2864 injurias.

1899 2868 1972 2924 Et
1996 2871 2080 2926 hic
2108 2884 2157 2928 et
2186 2876 2278 2931 ibi.
2308 2877 2576 2944 Quoniam
2601 2883 2737 2955 justi
2767 2905 2876 2945 non
2917 2895 3094 2950 solum
3128 2897 3183 2950 in
3217 2897 3401 2954 futuro

1825 2960 2045 3025 saeculo,
2094 2964 2189 3018 sed
2218 2967 2380 3023 etiam
2412 2970 2468 3024 in
2499 2970 2598 3026 hac
2621 2975 2754 3042 vita,
2783 2979 3048 3038 honorum
3081 2988 3396 3056 angelorum

1823 3050 1982 3116 socii,
2019 3053 2136 3110 sive
2162 3059 2406 3127 asseclaa,
2433 3077 2497 3118 ac
2525 3077 2810 3126 consortes
2839 3075 3132 3133 exsistunt.

1891 3226 2044 3294 Quod
2083 3237 2372 3293 maximum
2413 3253 2491 3298 est
2539 3245 2792 3305 bonorum
2838 3257 3089 3313 omnium.
3127 3260 3392 3325 Quoniam

1815 3318 2081 3377 honorum
2112 3329 2354 3386 omnium
2389 3325 2696 3402 fmaximum
2726 3353 2830 3410 est,
2863 3362 2988 3403 cum
3029 3349 3139 3407 Deo
3179 3368 3395 3426 semper

1812 3427 1955 3469 esse.

1884 3501 2016 3559 Cum
2045 3506 2150 3571 hic,
2181 3520 2293 3566 tum
2335 3525 2451 3584 post
2495 3531 2735 3580 mortem.
2765 3524 3034 3592 Quoniam
3076 3545 3392 3604 peccatores

1809 3599 1863 3648 et
1894 3595 1950 3651 in
1983 3598 2086 3654 hac
2118 3600 2222 3657 vita
2247 3614 2299 3661 et
2327 3606 2380 3662 in
2410 3609 2592 3668 futura
2621 3617 2934 3685 punientur.
2961 3638 3084 3679 cum
3125 3628 3390 3688 damoni-

1810 3686 1912 3743 hus
1940 3689 2235 3749 damnandi
2266 3708 2485 3769 propter
2514 3707 2802 3776 passiones
2837 3709 2975 3781 qu'as
3002 3729 3277 3778 amarunt.

1878 3869 2201 3932 Memorabo.
2232 3877 2369 3934 Nota
2399 3882 2663 3942 visionem
2699 3888 2755 3946 S.
2789 3892 2971 3965 Carpi,
3002 3909 3207 3969 quanto
3246 3904 3378 3960 hor-

1806 3975 1931 4018 rore
1961 3980 2024 4020 ac
2046 3969 2422 4029 consolatione
2451 3975 2611 4045 plena
2645 3981 2737 4036 sit.

1878 4139 1905 4211 ᾗ
1942 4139 2027 4197 VI.
2071 4141 2203 4198 Cum
2231 4148 2480 4203 venissem
2502 4151 2803 4222 aliquando.
2837 4151 3070 4218 Pulchra
3108 4172 3370 4239 narratio,

1801 4228 1945 4297 quod
1987 4247 2096 4287 non
2144 4243 2390 4306 Oporteat
2439 4245 2820 4310 peccatoribus
2862 4251 3002 4305 mala
3057 4253 3372 4331 imprecari,

1800 4325 2014 4381 tametsi
2071 4335 2261 4382 contra
2309 4327 2476 4385 Deum
2525 4345 2769 4403 peccent.
2827 4325 3151 4402 Notandum—
3189 4325 3369 4410 autem

1797 4413 2088 4470 historiam
2117 4420 2254 4474 hanc
2285 4423 2541 4480 exhibere
2571 4426 2893 4486 ineli'ahilem
2935 4436 3366 4502 miscricordiam

1798 4503 2009 4562 Domini
2040 4513 2214 4565 nostri
2254 4512 2382 4568 Jesu
2427 4515 2628 4573 Christi
2667 4533 2792 4592 erga
2837 4528 3181 4595 pmnitentcs.
3224 4537 3367 4604 Quin

3055 4623 3150 4680 Est
3184 4640 3365 4690 autem

1790 4689 1880 4746 hic
1926 4692 2158 4764 Carpus,
2206 4697 2363 4767 cujus
2397 4703 2643 4758 meminit
2688 4689 2981 4776 Apostolus
3030 4715 3086 4770 in
3119 4721 3362 4790 Epistola

1787 4785 2025 4840 secunda
2053 4787 2121 4842 ad
2153 4787 2516 4849 Timotheum.

1855 4874 2001 4931 Inter
2027 4884 2434 4950 prwparatorias
2476 4889 2759 4945 orationes.
2791 4893 3113 4964 Προτελείας
3140 4905 3358 4972 quidem

1784 4967 2126 5034 appellabant
2153 4970 2530 5040 Athenienses,
2563 4994 2752 5047 preces
2783 4985 2901 5041 illas
2935 5005 3073 5058 quas
3099 4967 3204 5047 una
3230 5010 3354 5051 cum

1781 5052 1975 5110 hostiis
2020 5060 2225 5129 nuptiis
2269 5067 2702 5137 praemittebant;
2753 5052 2972 5144 nuptias
3017 5082 3160 5135 enim
3204 5085 3354 5150 τέλος

1780 5147 2144 5214 appellabant,
2175 5161 2234 5206 ut
2265 5171 2384 5223 quae
2412 5157 2686 5215 hominem
2720 5166 3004 5234 perﬁciant
3035 5173 3090 5226 in
3126 5174 3192 5230 iis
3233 5147 3354 5244 quae

1779 5237 1846 5290 ad
1895 5237 2036 5293 hanc
2077 5240 2245 5295 vitam
2293 5253 2558 5315 spectant,
2589 5252 2666 5304 uti
2719 5270 2783 5310 ex
2835 5261 3018 5315 multis
3066 5237 3351 5322 commdiis

1778 5335 2059 5396 poetarum
2111 5331 2378 5388 declarari
2429 5348 2628 5408 potest.
2688 5345 2868 5411 Quare
2916 5352 3078 5405 etiam
3125 5357 3349 5424 nuptias

1776 5435 1874 5488 pro
1903 5432 2245 5480 sacramento
2279 5427 2569 5489 habebant.
2603 5435 2861 5494 Dicebant
2887 5450 3067 5497 autem
3105 5447 3350 5516 προτελί-

1775 5511 1961 5575 ζεσθαι
2010 5522 2064 5568 et
2112 5523 2491 5593 προμυεῐσθαι,
2522 5541 2586 5580 ac
2635 5529 2681 5583 si
2714 5531 2956 5586 dicerent
2991 5552 3003 5587 :
3045 5511 3185 5592 Ante
3229 5555 3345 5594 rem

1775 5619 1986 5661 sacram
2015 5607 2238 5666 lustrari
2266 5629 2361 5669 seu
2382 5620 2602 5688 purgari
2630 5621 2697 5676 ad
2725 5625 2966 5693 mysterii
2997 5639 3339 5698 apparatum.

1774 5701 1946 5767 sicut,
1990 5703 2140 5759 verhi
2191 5709 2398 5778 gratia,
2444 5711 2700 5770 Cratinus
2746 5715 2800 5769 in
2849 5715 3026 5788 Pylaea
3073 5722 3340 5782 dramate.
3395 5719 3400 5723 ’

1773 5792 2002 5850 Maxime
2045 5797 2188 5850 enim
2233 5801 2488 5871 mysteria
2532 5803 2765 5874 alicujus
2814 5823 2846 5863 e
2892 5808 3044 5867 falsis
3096 5813 3338 5884 ipsorum

1772 5887 1876 5944 diis
1903 5887 2026 5958 τέλη
2061 5897 2113 5944 et
2141 5890 2361 5956 τελετάς
2400 5895 2762 5964 appellabant,
2791 5902 2948 5971 quasi
2993 5906 3333 5975 perlicerent.

2948 6001 3020 6060 18
