3886 6532
435 526 438 534 η
476 449 584 511 sss

1274 449 1609 504 APPENDIX
1652 451 1740 504 AD
1781 453 2008 507 ovum
2052 457 2106 512 Β.
2148 454 2442 510 DIONYSII
2479 456 2962 514 ΑΙὶΕΟΡΑΟΙΤᾸΞ.

3644 465 3746 522 556

475 582 527 629 et
563 572 631 626 ad
664 570 961 641 perfectum
1010 566 1343 621 adducerent
1393 566 1657 622 initiatos.
1699 569 1852 632 Quod
1899 569 2043 637 igilm

2166 569 2374 632 ἀσεϐῶς
2419 569 2708 639 λεγόμενον
2760 573 2837 634 είς
2886 572 2948 624 τὸ
2993 570 3092 642 τῆς
3137 570 3388 642 ἀληθείας
3447 575 3744 648 μυστήριον

477 683 505 722 a
539 666 831 739 gentilibus
859 661 928 716 ad
975 662 1309 731 impietatem
1346 658 1702 724 referebatur,
1729 660 1781 713 id
1828 676 2059 731 magnus

475 760 770 830 Dionysius
802 756 869 810 ad
900 754 1146 810 veritatis
1179 753 1500 823 mysterium
1535 751 1800 815 traduxit,
1835 761 1887 807 et
1928 772 2061 824 προ-

472 851 708 910 τελείους
749 847 910 916 320
937 845 1102 915 εὐχάς
1147 844 1287 898 dixit
1335 859 1429 898 eas
1476 858 1668 912 preces
1713 858 1834 914 qua:
1861 845 2060 899 viviiici

473 940 801 997 sacramenti
833 938 1306 993 consecrationem
1357 935 1695 1004 praecedunt,
1729 951 1829 1005 pro
1874 937 2062 1006 expia-

469 1033 619 1085 tione
673 1044 737 1084 ac
784 1017 1208 1100 deprecatione.
1237 1043 1304 1086 ne
1354 1027 1683 1082 sacramenti
1714 1028 2061 1098 participatio

469 1123 627 1178 cedat
659 1124 714 1177 in
739 1121 1010 1192 judicium
1061 1119 1512 1184 communicanti,
1550 1129 1605 1174 et
1643 1135 1745 1190 pro
1777 1120 2062 1190 perfectis-

468 1215 610 1271 simo
660 1227 726 1268 ac
788 1213 1104 1284 perﬁciente
1168 1210 1566 1266 sacrificiorum
1616 1225 1843 1266 munere
1887 1212 2063 1281 impe-

469 1305 684 1360 trando.
732 1303 1138 1374 Ἐξεναγώγησε
1186 1312 1366 1358 autem
1415 1303 1616 1374 posuit,
1666 1319 1786 1373 pro,
1823 1302 2061 1373 hospitio

468 1401 706 1470 excepit.

539 1492 673 1546 Cum
701 1489 873 1544 adhuc
899 1489 1011 1544 dies
1038 1489 1221 1542 hilarii
1267 1505 1358 1544 seu
1385 1487 1717 1543 Hilaritatis.
1759 1486 1927 1541 Erant
1954 1486 2060 1540 ali-

467 1585 559 1654 qui
597 1585 716 1639 dies
765 1582 1090 1649 idololatris,
1123 1599 1260 1653 quos
1317 1581 1556 1637 Ililarios
1586 1581 1877 1646 vocabant,
1918 1588 1973 1636 et
2002 1581 2057 1634 hi

467 1677 688 1748 quidem
719 1682 876 1731 erant
897 1675 1095 1746 privati
1122 1683 1176 1730 et
1201 1675 1408 1741 hilarii,
1433 1682 1491 1730 ut
1521 1691 1646 1730 cum
1673 1675 1798 1745 quis
1829 1689 2056 1728 uxorem

467 1772 718 1835 duxerat,
746 1771 833 1826 vel
863 1769 1037 1825 ﬁlium
1090 1777 1389 1840 genuerat;
1443 1783 1762 1824 communes
1812 1782 1942 1822 vero
1993 1781 2058 1820 ac

467 1867 690 1939 publici,
723 1873 783 1920 ut
809 1880 934 1921 cum
961 1863 1235 1936 quispiam
1272 1879 1369 1919 rex
1411 1863 1772 1935 inauguratus
1821 1877 1917 1918 seu
1962 1860 2056 1915 de-

2165 659 2445 730 ὠνόμασεν
2476 663 2504 714 ὁ
2537 661 2709 730 μέγας
2755 661 3047 727 Διονύσιος,
3082 665 3175 716 καὶ
3220 667 3563 737 προτελείους
3595 665 3746 724 εἶπεν

2166 750 2327 820 εὐχὰς
2357 750 2456 814 τάς
2503 751 2608 824 πρὸ
2660 751 2754 804 τοῦ
2839 747 3103 812 ζωοποιοῦ
3208 758 3506 829 μυστηρίου
3540 758 3742 812 τελειοα

2163 843 2331 904 τάτας
2361 841 2572 912 δεήσεις
2606 841 2743 914 ὑπὲρ
2777 843 3094 917 καθάρσεως
3127 847 3218 899 καὶ
3250 847 3621 920 ἀκατακρίτου
3657 867 3746 920 με·

2163 931 2448 1002 ταλήψεως
2479 931 2574 984 τοῦ
2605 932 2944 986 τελειοτάτου
2978 937 3072 988 καὶ
3117 935 3450 990 τελειοποιοῦ
3496 937 3610 991 τῶν
3654 938 3742 992 θυ-

2165 1022 2294 1076 σιῶν
2324 1022 2515 1094 δώρου.
2544 1023 2942 1095 Ἐξεναγὼγησε
2975 1026 3031 1078 δέ
3065 1027 3184 1080 ἀντὶ
3214 1028 3330 1092 τοῦ,
3364 1027 3440 1093 ὡς
3464 1028 3614 1094 ξέναν
3636 1029 3742 1084 ἐδε-

2166 1112 2410 1177 ξιὼσατο.

2236 1487 2361 1539 Ἔτι
2396 1484 2514 1538 τῶν
2557 1486 2826 1555 ’Μαρίων
2853 1487 3105 1556 ἡμερῶν.
3143 1482 3322 1540 Ἦσαν
3355 1486 3503 1550 τινές
3535 1487 3735 1562 ἡμέραι

2159 1582 2272 1642 τοῖς
2300 1579 2732 1651 εἰδωλολάτραις,
2768 1579 2833 1644 ἀς
2870 1579 3104 1651 Ἱλαρίας
3139 1579 3395 1632 ἐκάλουν·
3425 1581 3519 1632 καὶ
3552 1580 3608 1633 αἱ
3645 1582 3736 1651 μὲν

2157 1665 2296 1741 ἦσαν
2332 1670 2460 1724 ἴδιαι
2493 1673 2586 1724 καὶ
2633 1672 2850 1744 ἱλάριοι,
2885 1671 2960 1735 ὡς
2990 1672 3119 1725 ὅταν
3163 1688 3246 1734 τις
3297 1671 3524 1742 ἔγημεν,
3560 1672 3594 1742 ἢ
3631 1675 3737 1726 υἱὸν

2159 1765 2354 1818 ἐκτᾶτο
2373 1781 2384 1793 ·
2404 1767 2457 1817 αἱ
2489 1765 2544 1817 δὲ
2580 1765 2754 1818 κοιναὶ
2781 1765 2873 1818 καὶ
2904 1765 3156 1836 δημόσιαι
3189 1763 3390 1836 ἱλάριαι
3424 1764 3734 1828 ἐκαλοῦντο,

2157 1853 2232 1917 ὡς
2286 1855 2414 1908 ὅταν
2467 1855 2720 1926 βασιλεὺς
2769 1858 3267 1929 ἀναγορευόμενος,
3321 1855 3424 1920 τάς
3473 1856 3736 1926 δημοσίας

466 1961 727 2020 claratus,
770 1957 1021 2029 publicos
1068 1954 1309 2010 Ililarios
1361 1953 1477 2010 dies
1514 1953 1808 2008 indicebat.
1845 1951 2043 2008 Nemin

2170 1947 2402 2018 Ἰλαρίας
2436 1951 2683 2019 παρεῖχε.
2722 1949 2831 2002 Καὶ
2863 1947 2985 2001 οὔτε
3019 1947 3253 2019 πένθιμα
3283 1951 3341 2002 ὲν
3385 1945 3618 2011 ταύταις
3647 1965 3735 2017 φο-

466 2069 563 2123 per
599 2067 694 2108 eos
750 2051 868 2106 dies
917 2050 1114 2106 licebat
1171 2047 1464 2119 quidquam
1534 2046 1761 2116 lugubre
1817 2052 2051 2115 gestare,

463 2146 558 2201 sed
601 2145 910 2214 spectacula
957 2141 1336 2212 sacrificiaque
1383 2141 1437 2194 in
1479 2139 1596 2194 dies
1635 2137 1878 2209 singulos
1911 2136 2053 2192 cele-

463 2237 787 2301 brabantur,
817 2242 871 2290 et
904 2237 1148 2306 lugentes
1179 2241 1294 2286 tum
1342 2233 1447 2287 sibi
1499 2248 1531 2286 a
1576 2232 1728 2286 luctu
1775 2240 2050 2300 tempera-

462 2333 612 2393 bant,
657 2337 818 2399 atque
861 2325 1191 2397 spectaculis
1248 2325 1567 2388 intererant,
1601 2323 1766 2393 inque
1815 2320 2048 2392 publicis

461 2421 728 2475 conviviis
765 2417 1077 2475 istiusmodi
1106 2417 1224 2472 dies
1267 2415 1504 2471 Hilarios
1534 2414 1926 2486 transigebant.
1965 2412 2047 2466 Ad

461 2516 576 2569 ha‘c
618 2515 782 2570 etiam
828 2521 947 2568 erat
1001 2511 1263 2566 Romanis
1309 2509 1601 2581 peculiaris
1659 2508 1882 2580 quidam
1928 2506 2045 2562 dies

462 2606 636 2659 festus
668 2603 908 2660 l-lilarius
940 2605 994 2658 in
1025 2604 1287 2659 honorem
1317 2603 1509 2658 matris
1537 2600 2042 2671 deorumipsorqm,

459 2695 592 2766 quin
627 2695 805 2766 potius
839 2694 1255 2754 darmoniorum,
1286 2700 1344 2745 ut
1375 2692 1550 2762 inquit
1594 2689 1946 2759 Demophilus
1989 2689 2042 2742 in

461 2789 602 2843 libro
633 2786 707 2841 De
733 2788 1017 2856 sacriﬁciis
1051 2802 1113 2838 ac
1147 2783 1524 2854 festivitatibus
1557 2783 1913 2852 antiquorum.

534 2879 637 2936 Per
668 2888 832 2934 totam
862 2881 1045 2933 vitam.
1079 2877 1135 2932 Id
1167 2885 1251 2933 est
1279 2876 1525 2948 quandiu
1556 2877 1610 2931 in
1643 2874 1898 2946 prazscnti
1931 2873 2040 2930 vita

457 2971 623 3041 degit.
654 2970 963 3025 Notandum
991 2977 1172 3025 autem
1203 2969 1409 3025 amicos
1457 2967 1552 3024 Dei
1601 2983 1698 3038 per
1747 2976 1913 3021 totam
1954 2965 2039 3020 vi-

457 3071 565 3115 tam
610 3063 808 3118 debere
835 3071 1085 3116 errantes
1132 3061 1440 3125 instituere,
1493 3065 1546 3116 et
1603 3059 1920 3130 pertrahere
1972 3058 2040 3113 ad

457 3153 792 3224 agnitionem
841 3153 1107 3208 veritatis.
1159 3153 1275 3208 Hoc
1318 3153 1497 3224 ipsum
1545 3153 1728 3223 itaque
1769 3153 2036 3220 observa;

456 3246 679 3314 quidam
711 3246 853 3299 enim
895 3245 1144 3315 imperite
1195 3244 1534 3300 contrarium
1587 3253 1862 3308 asserunt,
1908 3258 2040 3314 apo-

2159 2041 2271 2110 ρεῖν
2304 2039 2448 2110 ἐξῆν,
2497 2038 2631 2093 ἀλλά
2681 2041 2775 2094 καὶ
2807 2039 2922 2094 θέαι
2968 2041 3061 2094 καὶ
3109 2040 3288 2095 θυσίαι
3333 2039 3458 2094 καθ’
3506 2039 3736 2110 ἑκάστην

2153 2131 2365 2202 ἡμέραν
2426 2131 2758 2184 διετελοῦντο
2819 2133 3107 2203 δημόσιαι,
3151 2132 3243 2185 καὶ
3302 2133 3350 2184 οἱ
3416 2130 3733 2195 τπνθοῦντες

2152 2222 2436 2287 ἐπαύοντο,
2473 2224 2566 2277 καὶ
2611 2222 2899 2296 ἐθεώρουν,
2934 2224 3027 2277 καὶ
3060 2226 3117 2277 ἐν
3149 2223 3404 2296 εὐωχίαις
3438 2222 3733 2287 ἀπαύστοις

2149 2311 2334 2382 διῆγον
2381 2311 2479 2376 τὰς
2528 2313 2838 2385 ὡρισμένας
2870 2314 3080 2386 ἡμέρας
3109 2317 3228 2378 ταῖς
3277 2313 3561 2377 τοιαύταις
3607 2313 3734 2368 Ἱλα-

2151 2401 2309 2474 ρίαις.
2367 2399 2474 2457 Ἦν
2513 2404 2569 2457 δὲ
2616 2407 2709 2458 καὶ
2765 2404 2985 2478 Ἱλαρία,
3038 2406 3198 2479 ἑορτὴ
3250 2405 3391 2477 ίδικὴ
3452 2405 3733 2477 Ῥωμαίων

2146 2496 2225 2558 εἰς
2255 2495 2420 2568 τιμὴν
2451 2496 2551 2568 τῆς
2585 2497 2792 2569 μητρὸς
2836 2497 2945 2550 τῶν
2990 2497 3129 2552 θεῶν
3175 2497 3374 2562 αὐτῶν,
3434 2497 3636 2569 μᾶλλον
3678 2497 3730 2550 δὲ

2144 2588 2433 2660 δαιμόνων,
2471 2590 2546 2653 ὣς
2567 2607 2698 2662 φησι
2736 2590 3041 2661 Δημόφιλος
3073 2593 3132 2644 ἐν
3162 2589 3244 2661 τῷ
3275 2591 3414 2658 Περὶ
3448 2589 3571 2643 τῶν
3601 2589 3728 2657 παρ’

2143 2675 2412 2744 ἀρχαίοις
2437 2676 2664 2730 θυσιῶν
2694 2678 2790 2731 καὶ
2820 2677 3056 2746 ἑορτῶν.

2213 2874 2317 2927 Διὰ
2341 2873 2485 2938 ,ϐίου
2518 2873 2760 2940 παντός.
2792 2875 3051 2928 Τουτέστι
3087 2872 3245 2949 μέχρι
3277 2875 3346 2929 τά
3388 2876 3493 2947 τῆς
3539 2877 3729 2951 παρού·

2144 2981 2244 3036 σης
2289 2968 2544 3036 ἐνέστηκε
2610 2964 2774 3036 ζωῆς.
2842 2965 3182 3036 Σημειωτέον
3239 2968 3294 3020 δὲ
3350 2966 3434 3020 ὅτι
3480 2968 3564 3021 δεῖ
3608 2969 3726 3032 τοὺς

2143 3057 2408 3128 θεοφιλεῖς
2438 3057 2525 3111 διά
2567 3051 2682 3128 βίου
2730 3057 2931 3121 παντὸς
2976 3057 3245 3111 νουθετεῖν
3275 3061 3403 3122 τοὺς
3452 3059 3722 3131 πεπλανη-

2147 3151 2356 3222 μένους,
2392 3151 2486 3204 καὶ
2525 3153 2606 3214 εἰς
2638 3150 2932 3220 ἐπίγνωσιν
2964 3149 3218 3220 ἀληθείας
3256 3150 3456 3204 ἕλκειν.
3493 3152 3729 3224 Σημείω-

2145 3262 2236 3297 σαι
2268 3239 2361 3296 οὖν
2396 3244 2554 3297 αύτό’
2575 3244 2720 3306 τινὲς
2751 3243 2860 3314 γὰρ
2894 3241 3119 3313 ἀμαθῶς
3139 3229 3460 3298 τὸέναντίον
3492 3243 3722 3314 λέγουσι,

459 3335 654 3390 stolico
684 3337 913 3390 oraculo
947 3337 1264 3399 abutentes,
1291 3352 1401 3406 quo
1433 3337 1636 3391 dicitur
1672 3355 1686 3391 :
1722 3336 2043 3391 ercticum

2154 3335 2473 3410 κεχρημένοι
2506 3335 2582 3406 τῷ
2621 3333 2958 3406 ἀποστολικῷ
2994 3335 3142 3407 ρητῷ
3181 3335 3258 3406 τῷ
3290 3335 3536 3406 λέγοντι’
3572 3340 3726 3404 Αἱρε-

455 3428 716 3481 Itominent
746 3438 864 3497 post
901 3429 1130 3495 primam
1158 3438 1207 3482 et
1237 3429 1460 3483 alteram
1493 3429 1903 3484 admonitionem
1947 3430 2038 3486 de-

456 3519 565 3572 vita
612 3521 668 3583 ις
719 3519 827 3573 vim
876 3518 1148 3573 dictorum
1204 3519 1426 3575 minime
1476 3521 1872 3591 intelligentes,
1917 3537 2038 3592 qua:

458 3624 555 3678 per
585 3609 868 3678 sequentia
896 3609 1058 3674 verba
1088 3610 1320 3666 maxime
1341 3611 1668 3667 declaratur.
1703 3610 1855 3668 Tunc
1891 3612 2035 3667 enim

457 3707 581 3770 post
637 3700 867 3770 primam
917 3712 970 3756 et
1028 3703 1326 3757 secundam
1382 3704 1758 3769 monitionem,
1816 3705 2039 3760 evitatio

453 3791 599 3860 justa
634 3792 845 3846 censeri
877 3791 1059 3856 debet,
1089 3794 1310 3863 quando
1333 3795 1426 3864 qui
1456 3805 1659 3860 monet,
1693 3797 1759 3850 ad
1792 3796 2038 3852 evitatio-

456 3898 579 3937 nem
624 3883 892 3953 procedit,
932 3895 1272 3956 compcrtum
1319 3887 1526 3943 habens
1556 3888 1714 3943 talem
1749 3889 1861 3958 jam
1905 3889 2038 3945 sub-

454 3991 671 4030 versum
702 3993 844 4041 esse,
875 3979 1087 4032 etiamsi
1121 3979 1173 4032 id
1208 3981 1390 4043 lateat,
1426 3995 1550 4034 cum
1593 3982 1662 4035 sit
1701 3982 1923 4052 proprio
1945 3982 2036 4052 ju-

455 4065 601 4120 dicio
625 4067 1040 4124 condemnatus.
1097 4068 1443 4125 Manifestum
1479 4073 1626 4126 enim
1656 4071 1786 4142 quia
1831 4072 2036 4134 sanctis

455 4157 773 4214 doctoribus
803 4161 1074 4216 revelatur
1105 4169 1282 4217 status
1318 4164 1628 4219 conditiove
1657 4165 2031 4234 praesentium.

452 4250 560 4304 Alii
590 4267 718 4306 vero
751 4251 955 4306 dictum
985 4253 1110 4317 hoc,
1140 4265 1258 4323 post
1287 4272 1445 4309 unam
1476 4266 1523 4310 et
1547 4256 1772 4310 alteram
1792 4257 2036 4309 monitio-

452 4361 590 4406 nem,
623 4345 702 4398 sic
751 4345 1156 4410 intellexerunt,
1189 4363 1252 4402 ac
1288 4347 1333 4402 si
1365 4348 1570 4402 dictum
1623 4349 1715 4410 sit,
1764 4357 1888 4418 post
1935 4346 2035 4401 do-

451 4436 680 4490 ctrinam
701 4452 767 4491 ex
786 4435 961 4492 Veteri
983 4437 1241 4510 Novoque
1263 4437 1614 4496 Testamento
1630 4441 2028 4510 depromptam.

523 4527 875 4583 Consueverat
897 4532 1034 4584 enim
1086 4540 1225 4588 tunc.
1257 4532 1395 4587 Nota
1441 4533 1785 4589 traditionem
1812 4539 2032 4600 aposto-

450 4620 613 4674 licam
645 4629 945 4675 nocturnas
973 4623 1288 4692 psalmodia:
1318 4623 1532 4693 regulas
1556 4622 1868 4677 tradidisse.

518 4797 726 4860 Absque
755 4799 1166 4868 perturbatione.
1208 4799 1302 4854 llla
1339 4800 1606 4870 particula
1648 4801 1898 4870 negativa
1929 4819 2031 4857 non

446 4903 571 4944 cum
607 4889 713 4942 isto
754 4888 945 4960 absque
976 4890 1369 4959 perturbatione
1404 4889 1770 4944 construenda
1815 4896 1920 4957 est,
1971 4900 2029 4948 ut

445 4981 519 5036 sit
543 4995 738 5036 sensus
766 5001 777 5036 :
817 4980 1178 5052 Experrectus
1212 4981 1471 5042 surrexit,
1501 4995 1624 5034 cum
1670 4997 1892 5038 somnos
1934 4998 2030 5052 pa-

444 5086 566 5124 rum
598 5072 811 5140 quietos
863 5074 932 5128 ob
979 5089 1167 5128 eorum
1220 5071 1672 5140 interruptionem
1725 5071 2025 5139 habuisset,

445 5178 621 5233 neque
639 5164 844 5234 absque
879 5165 1286 5236 perturbatione
1311 5164 1468 5234 321
1495 5173 1662 5229 esset,
1687 5166 1757 5220 ob
1787 5168 2029 5222 somnio-

447 5269 564 5307 rum
602 5255 1048 5327 interruptiones.

517 5345 844 5402 Precabatur
876 5348 1044 5402 Deum
1072 5357 1127 5401 ut
1158 5348 1382 5418 fulgetra
1412 5349 1678 5418 quopiam.
1711 5347 1914 5419 Fulgur
1941 5357 2025 5405 est

443 5439 663 5510 obliqua
693 5442 837 5496 aeris
883 5441 1204 5496 inﬂammati
1238 5441 1405 5498 motio
1453 5456 1688 5512 superne
1739 5439 2019 5500 deorsum.

556 5579 573 5613 ί
607 5575 715 5630 Tit.
759 5593 842 5640 ιιι,
877 5579 962 5634 10.

2143 3431 2309 3485 tueor
2339 3432 2652 3499 ἄνθρωπον
2675 3431 2826 3500 μετὰ
2872 3423 3112 3498 πρώτην
3141 3432 3239 3484 καὶ
3273 3431 3563 3501 δευτέραν
3593 3450 3724 3486 νου-

2142 3524 2351 3576 θεσίαν
2383 3521 2690 3590 παραιτοῦ.
2741 3522 2816 3594 μὴ
2851 3521 3095 3587 νοοῦντες
3138 3521 3246 3575 τῶν
3281 3525 3588 3597 εἰρημένων
3629 3521 3721 3594 τὴν

2139 3613 2387 3684 δύναμιν,
2424 3617 2488 3667 ἐκ
2532 3613 2641 3667 τῶν
2692 3615 2971 3692 ἑπομένων
3021 3613 3200 3685 ῥητῶν
3236 3614 3471 3686 μάλιστα
3505 3607 3721 3688 σαφηνι-

2139 3706 2393 3776 ςομένην.
2431 3706 2564 3758 Τότε
2598 3704 2707 3777 γὰρ
2740 3704 2957 3774 εὔλογος
2990 3707 3022 3776 ἡ
3061 3707 3196 3778 μετά
3228 3708 3456 3780 πρώτην
3489 3711 3582 3762 καὶ
3610 3709 3721 3762 δευ-

2137 3798 2301 3870 τέραν
2351 3797 2632 3851 νουθεσίαν
2675 3799 3020 3871 παραίτησις,
3063 3799 3192 3853 ὅταν
3223 3802 3251 3852 ὁ
3294 3799 3559 3855 διδάσκων
3591 3799 3718 3872 πρὸς

2137 3890 2236 3962 τὴν
2264 3890 2595 3964 παραίτησιν
2626 3891 2774 3962 ἔλθῃ,
2801 3890 2955 3954 είδὼς
2985 3892 3066 3944 ὅτι
3102 3890 3470 3963 ἐξέστραπται
3501 3894 3531 3945 ὁ
3561 3889 3720 3945 τοιοῦ-

2136 3999 2246 4046 τος,
2288 3983 2382 4036 καὶ
2431 3983 2682 4038 λανθάνει
2725 3967 2824 4034 ὢν
2852 3983 3332 4055 αὐτοκατάκριτος.
3380 3985 3552 4056 Δῆλον
3595 3984 3714 4057 γὰρ,

2135 4071 2211 4138 ὡς
2245 4076 2304 4126 ἐν
2335 4076 2446 4138 τοῖς
2479 4076 2645 4146 ἱεροῖς
2681 4072 3016 4138 διδασκάλοις
3066 4073 3512 4129 ἀποκαλύπτεται
3555 4075 3646 4128 καὶ
3679 4075 3712 4144 ἡ

2135 4163 2248 4217 τῶν
2298 4164 2630 4236 προσιόντων
2680 4165 3031 4229 κατάστασις.
3089 4165 3304 4236 Ἔτεροι
3349 4166 3428 4231 δὲ,
3476 4167 3540 4220 τὸ
3576 4165 3717 4235 μετὰ

2137 4253 2374 4322 πρώτην
2393 4254 2487 4308 καὶ
2504 4253 2792 4323 δευτέραν
2812 4255 3156 4319 νουθεσίαν,
3173 4250 3348 4320 οὕτως
3382 4256 3636 4328 ἐνόμισαν
3651 4257 3711 4319 ⁸⁸,

2136 4344 2255 4396 ἀντὶ
2287 4343 2401 4406 τοῦ,
2429 4343 2566 4414 μετά
2598 4343 2695 4415 τὴν
2728 4347 2792 4398 ἐκ
2829 4345 2926 4415 τῆς
2961 4345 3200 4410 Παλαιιῖς
3232 4348 3325 4401 καὶ
3355 4348 3504 4412 Νέας
3529 4347 3713 4416 Διαθή-

2135 4455 2239 4509 κης
2269 4437 2634 4492 διδασκαλίαν.

2203 4529 2406 4585 Εἰώθει
2442 4531 2550 4602 γὰρ
2575 4533 2662 4599 εἰς
2703 4533 2895 4587 τόνδε.
2943 4533 3255 4603 Σημείωσαι
3293 4533 3376 4587 ὅτι
3418 4536 3452 4604 ἡ
3496 4535 3712 4588 ἀποστο-

2135 4623 2260 4693 λικὴ
2293 4623 2587 4694 παράδοσις
2617 4623 2745 4688 τοὺς
2769 4625 3112 4694 νυκτερινοὺς
3131 4623 3242 4679 τῶν
3263 4624 3591 4696 ψαλμῳδιῶν
3622 4641 3709 4678 κα·-

2135 4716 2294 4779 νόνας
2328 4711 2660 4788 παρέδωκεν.

2210 4807 2366 4872 Ἕξω
2398 4809 2680 4879 ταραχῆς.
2718 4809 2791 4862 Τὸ
2822 4811 2893 4863 οὐ
2943 4809 3236 4881 ἀρνητικὸν
3272 4810 3460 4881 μόριον
3493 4808 3622 4882 πρὸς
3647 4805 3710 4860 τὸ

2132 4897 2246 4962 ἔξω
2295 4899 2562 4969 ταραχῆς
2599 4899 2940 4965 συντακτέον,
2985 4901 3070 4953 ἵνα
3189 4899 3251 4953 τὸ
3294 4899 3416 4954 δλον
3446 4899 3705 4954 τοιοῦτονο

2132 4987 2496 5052 Διανίσταται,
2533 4989 2652 5042 οὐδὲ
2684 4985 2792 5041 τῶν
2844 4987 3026 5040 ὕπνων
3071 4987 3278 5040 πολλῶν
3311 4987 3505 5053 ὄντων,
3537 4984 3618 5038 διὰ
3647 4981 3707 5033 τὺ

2130 5079 2494 5148 ἐγκόπτεσθαι
2540 5082 2757 5144 αὐτοὺς,
2807 5079 3138 5143 ἀπολαύσας,
3173 5079 3291 5132 οὐδὲ
3332 5077 3439 5144 ἔξω
3475 5075 3706 5150 ταραχῆς

2130 5174 2410 5246 ὑπάρχων,
2445 5170 2532 5229 διά
2565 5175 2626 5229 τὸ
2658 5177 2750 5229 καὶ⁹
2783 5178 2910 5241 τοὺς
2939 5176 3136 5241 ὕπνους
3164 5175 3545 5245 ἐγκόπτεσθαι.

2223 5351 2440 5406 Ἐδεῖτο
2461 5351 2564 5407 τοῦ
2599 5355 2746 5408 Θεοῦ
2777 5354 3077 5425 πρηστῆρι
3109 5371 3239 5408 τινι.
3272 5355 3534 5428 Πρηστήρ
3566 5355 3704 5406 ἐστιν

2126 5443 2416 5514 ἐλικοειδὴς
2461 5444 2673 5515 κίνησις
2727 5445 2934 5500 ἀνωθεν
2997 5445 3148 5501 κάτω
3203 5445 3366 5518 ἀέρος
3423 5444 3704 5514 διαπύρου.

1393 5736 1626 5793 νΑιιιλε
1661 5736 2045 5794 LECTIONES
2079 5736 2167 5791 ET
2201 5736 2756 5796 CORRECTIONES.

546 5886 590 5915 θ’
627 5887 866 5954 ἐνόησαν.
