3886 6558
205 449 300 505 557

1104 450 1160 504 S.
1201 449 1448 505 MAXIM]
1486 449 1784 508 SCIIOLIA
1818 451 1885 507 IN
1936 451 2086 507 EPP.
2125 453 2184 509 S.
2223 453 2552 510 DIONYSII.

3387 473 3494 529 558

205 565 354 620 Καξτ.
386 563 443 618 δὲ
465 563 526 616 τὸ
565 563 827 628 τοιοῦτον,
861 564 984 617 ὅθεν
1014 567 1107 619 καὶ
1141 566 1290 641 παρὰ
1324 568 1383 619 τὸ
1411 570 1664 639 πιμπρᾷν
1696 567 1752 622 λέ

1892 567 2086 623 Adurit
2132 576 2338 634 autem,
2387 571 2530 624 unde
2577 569 2746 624 etiam
2797 587 2827 625 a
2879 581 3133 650 πιμπρᾷν
3183 581 3492 644 derivatur.

205 673 366 721 γεται.

281 747 564 815 Ἀπειζοων
595 748 1058 816 ἀνθρωποειδῶς.
1094 751 1403 823 Σημείωσαι
1444 753 1526 812 ὅτι
1559 754 1650 806 καὶ
1688 753 1781 806 ἀν-

203 838 535 911 θρωποειόῶς
564 843 679 904 τοῖς
711 842 883 910 ἁγίοις
915 842 1134 913 ἄγγελοι
1167 843 1562 912 ἐπιφαίνονται.

277 931 418 984 Ὑπὸ
454 931 564 999 τῆς
588 931 705 986 τῶν
725 936 954 988 οἰκείων
975 935 1195 989 ποδῶν.
1220 937 1294 1007 Ση
1305 936 1535 1006 μείωσαι
1567 936 1629 989 τὸ
1657 937 1778 992 ὑπὸ

201 1021 299 1088 τῆς
321 1020 437 1074 τῶν
466 1022 702 1075 οἰκείων
728 1023 928 1078 ποδῶν
954 1026 1271 1091 ἀστασίας,
1293 1025 1322 1078 6
1344 1022 1496 1093 δηλοῖ
1512 1025 1574 1078 τὸ
1606 1027 1778 1078 561:1-

198 1115 427 1186 ράφορον
459 1112 564 1182 τῆς
598 1117 964 1187 προαιρέσεως
988 1135 1000 1148 ο
1040 1117 1116 1190 μὴ
1167 1117 1482 1190 βουλόμενοι
1514 1116 1643 1190 γὰρ,
1677 1119 1778 1172 οὐκ

196 1206 438 1260 ἔπιπτον.
952 1218 960 1227 “

262 1300 359 1363 Εἰς
389 1299 458 1351 τὸ
493 1301 734 1370 ἀχανές.
791 1299 1100 1370 Σημείωσαι
1139 1279 1268 1364 ⁸πῶς
1326 1301 1354 1354 ὁ
1411 1299 1656 1364 διάϐολος
1697 1301 1779 1372 ρε-

194 1403 307 1439 πτει
351 1390 481 1453 τοὺς
529 1390 850 1462 ἀνθρώπους
896 1393 977 1453 εἰς
1025 1389 1086 1442 τὸ
1144 1387 1335 1454 σκότος
1379 1391 1443 1444 τὸ
1489 1390 1772 1463 ἐξώτερον,

192 1479 316 1550 ὅπερ
355 1483 594 1537 ἐνταῦθα
640 1484 839 1555 ἀχανὲς
883 1483 1055 1548 καλεῖ,
1099 1479 1346 1538 τουτέστι
1395 1484 1688 1557 βάραθρον,
1739 1485 1773 1556 ἢ

192 1573 426 1638 ἀπατῶν,
458 1576 492 1645 ἢ
527 1576 684 1630 ώθῶν
734 1579 861 1642 τοὺς
904 1577 1256 1649 πειθομένους
1305 1576 1473 1648 αὐτῷ.
1516 1579 1671 1630 Ἔστι
1717 1576 1775 1630 δὲ

189 1665 270 1718 ὅτε
297 1667 386 1720 καὶ
431 1668 684 1738 ἀσελγεῖς
727 1669 1044 1741 ἀνθρώπους
1098 1672 1392 1742 συνεργοὺς
1424 1668 1590 1722 αὑτοῦ
1637 1668 1776 1740 λαμ-

191 1758 331 1811 ϐάνει
363 1763 446 1824 εὶς
480 1759 582 1831 τὴν
614 1763 816 1835 ἑτέρων
844 1765 1082 1835 ἀπάτην,
1125 1763 1200 1827 ὡς
1234 1764 1326 1816 καὶ
1369 1764 1461 1816 τὸν
1493 1761 1772 1816 εἰδωλολά-

187 1869 311 1922 τρην
343 1853 435 1904 ἐπὶ
469 1854 561 1906 τὸν
595 1853 688 1906 νῦν
729 1855 1096 1926 ἀπατηθέντα,
1139 1855 1270 1929 περὶ
1302 1849 1363 1909 οὗ
1395 1857 1424 1908 6
1455 1854 1628 1923 λόγος.
1677 1853 1770 1908 Διὸ

1959 745 2026 800 In
2056 747 2290 801 numeris
2343 746 2581 801 humana
2635 748 2834 818 forma.
2873 748 3014 808 Nota
3057 757 3224 815 etiam
3271 765 3514 837 angelos,

1883 838 2127 893 humana
2157 838 2340 894 forma
2363 841 2575 896 sanctis
2606 858 2897 915 apparere.
3461 905 3466 910 .

1954 929 2080 984 Prw
2100 930 2292 999 pedum
2321 949 2567 990 suorum.
2583 934 2722 990 Nota
2747 938 2908 1005 illud,
2937 957 3048 1011 pne
3064 945 3253 1012 pedum
3274 968 3496 1009 suorum

1881 1021 2211 1088 lubricitate,
2245 1025 2395 1096 quod
2427 1027 2730 1086 voluntatis
2771 1035 3172 1100 proclivitatem
3203 1041 3491 1115 designat;

1881 1128 2012 1169 nam
2039 1114 2087 1170 si
2117 1115 2453 1182 noluissent,
2489 1133 2602 1173 non
2633 1121 2986 1180 cecidissent.

1959 1291 2024 1348 In
2060 1297 2392 1367 voraginem.
2427 1296 2567 1353 Nota
2620 1305 2895 1370 quomodo
2937 1307 3188 1368 diabolus
3238 1314 3488 1374 homines

1881 1391 2139 1446 detrudat
2168 1391 2224 1444 in
2259 1393 2516 1449 tenebras
2542 1397 2866 1463 exteriores,
2892 1418 3029 1472 quas
3053 1404 3141 1460 hic
3171 1411 3486 1480 voraginem

1880 1484 2140 1553 appellat,
2179 1484 2235 1538 id
2265 1491 2350 1539 est
2388 1485 2735 1552 barathrum,
2786 1492 2901 1547 sive
2929 1493 3184 1566 decipiat,
3217 1500 3331 1557 sive
3383 1503 3486 1557 im-

1879 1577 2047 1646 pellat
2077 1591 2105 1629 a
2137 1591 2197 1632 se
2225 1592 2547 1646 persuasos.
2584 1582 2863 1638 Interdum
2894 1587 3056 1641 etiam
3097 1589 3347 1650 homines
3385 1594 3484 1650 lla-

1877 1668 2109 1739 gitiosos
2145 1670 2250 1726 sibi
2284 1673 2691 1729 commilitones
2733 1677 2960 1732 asciscit
3008 1680 3064 1735 in
3107 1682 3480 1754 deceptionem

1876 1761 2132 1826 aliorum,
2169 1771 2231 1816 ut
2264 1763 2610 1818 idololatram
2646 1765 2800 1820 illum
2839 1769 2906 1822 ad
2947 1771 3319 1832 seductionem
3360 1779 3482 1849 ejus

1874 1853 1942 1908 de
1972 1868 2082 1923 quo
2112 1853 2278 1907 modo
2319 1870 2504 1909 sermo
2533 1866 2636 1911 est.
2669 1855 3016 1931 Quapropter
3045 1865 3101 1920 in
3132 1867 3344 1925 visione
3377 1871 3481 1927 hac

189 1943 271 1995 καὶ
303 1946 358 1996 ἐν
398 1947 465 2016 τῇ
502 1945 738 2018 ὀπτασίᾳ
787 1946 987 2021 ἄνδρας
1033 1947 1136 2018 ὁρᾷ
1185 1946 1385 2017 μεταξὺ
1427 1946 1536 2000 τῶν
1566 1945 1752 2015 ὄφεων,

1875 1945 2010 2000 vidit
2035 1945 2202 2000 etiam
2242 1946 2395 2002 viros
2445 1947 2503 2001 in
2550 1948 2732 2004 medio
2773 1967 3111 2024 serpentum,
3142 1959 3196 2014 id
3238 1970 3324 2018 est
3355 1943 3480 2020 "lte-

184 2034 417 2087 τουτέστι
449 2035 560 2088 τῶν
593 2036 882 2108 δαιμόνων,
929 2029 1183 2101 ἕλκοντας
1215 2039 1341 2100 τοὺς
1391 2037 1495 2090 ὑπὸ
1535 2035 1629 2089 τοῦ
1660 2036 1771 2088 δια-

185 2124 329 2178 ϐόλου
361 2127 707 2198 νικηθέντας,
743 2122 818 2182 ὧν
849 2131 996 2200 ἡμᾶς
1028 2131 1056 2182 6
1089 2129 1291 2201 Κύριος
1324 2126 1692 2200 ὲλευθερώσοι.

258 2218 400 2272 Ὑπὸ
432 2220 544 2274 τοῦ
578 2221 786 2274 κακοῦ.
823 2221 1135 2292 Σημείωσαι
1167 2221 1228 2273 τὸ
1260 2219 1378 2274 ὑπὸ
1417 2219 1523 2273 τοῦ
1555 2218 1763 2281 κακοῦ,

183 2313 414 2366 τουτέστι
446 2311 554 2380 τῆς
589 2313 883 2385 ἁμαρτίας,
920 2312 1058 2384 ὅπερ
1091 2313 1298 2385 κυρίως
1346 2311 1512 2365 κακὸν
1545 2313 1602 2364 ὲν
1637 2327 1768 2382 προ-

182 2405 374 2474 αιρέσει
402 2405 730 2476 τικτόμενόν
760 2421 958 2475 φαμεν.
980 2404 1052 2456 Τὸ
1077 2403 1134 2457 δὲ
1165 2403 1413 2469 ἄκοντες
1444 2403 1541 2456 καὶ
1568 2400 1766 2467 ,ϐιαζό-

179 2512 335 2563 μενοι
369 2496 445 2568 μὴ
501 2497 912 2568 ἀναγκαστικήν
954 2513 1075 2550 τινα
1108 2496 1356 2566 δύναμιν,
1392 2495 1637 2549 τουτέστι
1671 2495 1763 2546 τὸν

181 2584 408 2640 διάϐολον
461 2589 706 2659 νοητέον,
765 2588 840 2652 ὼς
893 2587 1213 2658 Μανιχαίοις
1259 2587 1351 2641 καὶ
1404 2587 1761 2649 Μεσαλιανοῖς

180 2679 339 2733 δοκεῖ·
375 2681 492 2734 ἀλλ’
522 2683 608 2734 ὅτι
633 2680 940 2752 πειθόμενοι
973 2681 1034 2734 τὸ
1067 2681 1236 2735 κακὸν
1269 2681 1490 2752 πρᾶξαι,
1524 2680 1766 2752 τῷάπα-

179 2771 327 2826 τῶντι
375 2773 566 2846 χώραν
612 2772 866 2843 διδόαμεν
921 2772 1162 2843 συνεχῶς
1209 2775 1340 2844 ἡμῖν
1398 2772 1758 2838 ἐπιτίθεσθαι,

180 2862 230 2929 ἐξ
259 2865 412 2935 ἡμῶν
446 2864 572 2918 καθ’
606 2863 762 2935 ἡμῶν
794 2864 1138 2934 λαμϐάνοντα
1181 2863 1280 2934 τὴν
1331 2864 1513 2935 ἰσχύν·
1566 2862 1762 2916 ἀδυνα-

177 2957 316 3025 τήσει
346 2957 424 3022 δὲ,
483 2957 562 3028 μὴ
596 2957 932 3026 πειθομένων
966 2954 1144 3026 ἡμῶν,
1179 2956 1363 3028 ἐπειδὴ
1412 2955 1576 3024 ἐγγύς
1609 2958 1758 3008 ἐστιν

177 3047 319 3117 ἡμῶν
357 3052 391 3120 ἡ
434 3047 660 3120 βοήθεια
703 3046 798 3100 τοῦ
849 3047 984 3100 Θεοῦ
1032 3047 1632 3119 συνεπιλαμϐανομένη,
1678 3044 1757 3109 ὡς

176 3137 310 3209 δηλοῖ
336 3141 404 3194 τὰ
439 3142 592 3212 ἑξῆς.

237 3233 338 3286 Καὶ
370 3234 544 3302 χεῷα
579 3232 813 3303 ἀγαθὴν
844 3233 1091 3301 ὀρέγειν.
1128 3231 1441 3302 Σημείωσαι
1477 3233 1576 3303 τὴν
1608 3230 1754 3299 ἀφα-

173 3339 255 3376 τον
285 3325 375 3378 τοῦ
411 3325 624 3397 Κυρίου
658 3324 1079 3395 εὑσπλαγχνίαν.

241 3411 348 3480 Τῆς
392 3414 599 3483 χειρὸς
631 3411 747 3481 ἤδη
781 3411 1244 3481 προτεταμένης.
1285 3413 1394 3483 Τῆς
1446 3413 1627 3484 χειρὸς
1656 3411 1753 3464 τοῦ

173 3504 384 3576 Κάρπου
417 3506 686 3578 δηλονότι.

229 3596 320 3665 Μὴ
349 3597 584 3652 ἄλλων.
621 3597 742 3650 Τῶν
777 3597 1154 3669 σταυρούντων
1187 3597 1406 3670 δηλαδὴ,
1429 3595 1508 3667 τῷ
1539 3597 1754 3669 Κάρπῳ

171 3686 319 3755 φησὶν
349 3690 379 3742 6
409 3688 642 3760 Κύριος.

244 3775 504 3848 Ἀγαθῶν
549 3779 648 3832 καὶ
693 3780 1144 3850 φιλανθρώπων.
1194 3782 1508 3852 Σημείωσαι
1541 3782 1622 3834 ὅτι
1655 3783 1752 3834 καὶ

166 3868 314 3933 αὐτὸς
350 3871 380 3923 6
425 3871 637 3944 Κύριος
690 3872 930 3941 ἀγαθοὺς
976 3873 1068 3926 καὶ
1119 3873 1533 3944 φιλανθρώπους
1595 3873 1754 3927 καλεῖ

165 3960 281 4024 τοὺς
310 3963 605 4032 ἀγγέλους.

521 4077 635 4130 ΕΙΣ
673 4078 818 4131 ΤΗΝ
855 4080 1254 4134 ΕΠΙΣΤΟΛΗΝ
1293 4079 1368 4133 Θ’.

223 4167 248 4238 §
270 4171 310 4222 l.
328 4170 384 4223 Ὁ
418 4171 579 4239 ἆγιος
614 4170 770 4234 Τίτος
795 4167 946 4235 οὗτός
966 4173 1113 4226 ἐστιν
1136 4171 1256 4242 ὀτῷ
1283 4173 1588 4245 ’Λποστόλῳ
1605 4171 1747 4240 γνώ-

163 4275 322 4331 ριμος,
357 4263 418 4316 ὃν
458 4263 556 4317 καὶ
591 4264 818 4335 Κρήτης
867 4265 1200 4336 κατέστησεν
1247 4265 1565 4328 ἐπίσκοπον,
1599 4264 1674 4327 ὡς
1707 4267 1740 4336 ἡ

159 4352 452 4422 πρὸς-αὐτὸν
477 4353 640 4407 Τίτον
673 4359 944 4426 γραφεῖσα
984 4356 1268 4429 Ἐπιστολὴ
1303 4356 1453 4429 παρά
1467 4356 1561 4409 τοῦ
1595 4355 1740 4408 θείου
1769 4391 1776 4397 -

160 4441 356 4498 Παῦλον
391 4447 582 4518 φησίν.

231 4538 386 4592 Ἀλλ’
419 4543 493 4593 ἐν
529 4538 603 4607 τῇ
635 4540 994 4610 Συμϐολικῇ.
1049 4543 1114 4595 Τί
1164 4543 1408 4614 περιέχει
1441 4542 1479 4609 ἡ
1512 4542 1738 4609 Συμϐο-

156 4629 283 4698 .ιικὴ
317 4633 601 4702 θεολογία
630 4632 724 4685 τοῦ
768 4633 1002 4704 μεγάλου
1037 4635 1333 4690 Διονυσίου.

229 4720 834 4794 Ἐναπομόργνυνται.
886 4726 1343 4799 Ἀπομόρξασθαι,
1397 4724 1512 4778 ἐστὶ
1551 4723 1610 4776 τὸ
1660 4727 1739 4776 ὲν-

156 4817 548 4886 απομάξασθαι,
587 4817 678 4870 καὶ
712 4817 966 4888 ἐμϐαλεῖν
1012 4837 1066 4871 τι
1118 4821 1198 4882 εἰς
1248 4821 1346 4892 τὴν
1383 4816 1580 4871 ἑαυτοῦ
1619 4815 1737 4868 διά-

155 4919 304 4970 νοιαν,
341 4912 406 4961 ἐκ
443 4910 758 4980 μεταιρορᾶς
802 4908 910 4961 τῶν
956 4906 1286 4984 ζωγράφων,
1337 4911 1409 4974 οἳ,
1445 4908 1738 4984 προσέχον-

153 5012 232 5060 τες
265 5005 327 5072 τῇ
367 5001 618 5074 ἀληθείᾳ,
655 5003 926 5073 γράφουσι
973 5003 1074 5068 τάς
1128 5007 1363 5071 εἰκόνας.
1409 5006 1521 5077 Τῆς
1566 5006 1736 5078 ἀπορ-

154 5093 300 5164 ρήτου
333 5097 390 5148 δὲ
421 5096 619 5163 σοφίας
654 5096 894 5168 πατέρας
918 5097 1046 5160 τοὺς
1080 5101 1370 5172 προφήτας
1403 5099 1585 5173 φῃσίν.

217 5186 371 5240 Οὕτω
422 5187 531 5257 γὰρ
566 5186 642 5238 ἂν
673 5187 949 5254 θεώμενοι
981 5189 1368 5258 σεφθείημεν.
1397 5187 1734 5258 Σεφθείημεν

151 5274 257 5328 ἀντὶ
286 5279 378 5330 τοῦ
417 5281 475 5331 ὲν
514 5277 772 5348 σεϐασμῷ
812 5279 1194 5349 ποιησοίμεθα,
1233 5282 1580 5352 τιμήσοιμεν,
1607 5279 1733 5332 θαυ-

154 5365 434 5438 μάσοιμεν,
505 5367 929 5438 ὲκπλαγείημεν.
1000 5369 1316 5440 Σημεὶωσαι
1374 5369 1429 5422 δὲ
1489 5371 1580 5425 ἐπὶ
1630 5371 1730 5441 τῆς

151 5458 294 5524 ἁγίας
327 5462 418 5514 καὶ
444 5460 826 5532 προσκυνητῆς
855 5459 1084 5530 Τριάδος
1105 5459 1195 5513 τό·
1222 5450 1436 5532 Πηγὴν
1467 5463 1616 5531 ζὶυῆς
1644 5467 1731 5528 εἰς

148 5546 352 5618 ἑαυτὴν
397 5551 713 5621 χεομένην,
749 5551 844 5604 καὶ
889 5549 982 5618 ἐφ’
1015 5551 1240 5619 ἑαυτῆς
1272 5552 1583 5608 ἑστῶσαν·
1624 5555 1730 5607 δεί-

149 5653 318 5695 κνυται
350 5644 459 5717 γὰρ
493 5643 740 5697 ἐντεῦθεν
774 5642 862 5696 καὶ
895 5640 956 5692 τὸ
989 5643 1296 5714 όμοούσιον,
1321 5645 1415 5698 καὶ
1453 5647 1591 5716 ὃτιή
1630 5664 1724 5719 μο-

148 5732 231 5795 νὰς
268 5738 344 5799 εἰς
378 5737 582 5809 Τριάδα
632 5737 984 5808 προελθοῦσα,
1025 5741 1218 5809 μέχρις
1270 5739 1442 5808 αὐτῆς
1488 5742 1721 5794 ἵσταται.

152 5824 290 5880 Οὕτω
337 5831 427 5882 καὶ
460 5833 489 5884 6
520 5829 766 5897 θεολόγος
803 5829 1104 5901 Γρηγόριος
1138 5832 1198 5882 ἐν
1229 5833 1302 5902 τῷ
1354 5831 1558 5903 πρώτῳ
1592 5832 1725 5903 Περὶ

150 5913 260 5972 Υἱοῦ
292 5921 431 5990 λόγῳ
466 5924 615 5992 φησὶ,
655 5923 744 5976 καὶ
795 5926 850 5976 ἐν
883 5921 961 5990 τῷ
995 5922 1236 5991 δευτέρῳ
1272 5926 1566 5996 Εἰρηνικῷ.
1616 5927 1719 5994 Ση-

1872 2053 2122 2103 monum,
2154 2041 2540 2109 pertrahentes
2568 2059 2664 2099 eos
2696 2047 2794 2116 qui
2825 2063 2856 2102 a
2883 2047 3104 2108 diabolo
3133 2053 3263 2109 victi
3295 2050 3474 2124 erant,

1872 2141 1904 2180 a
1933 2127 2139 2198 quibus
2171 2145 2275 2185 nos
2309 2131 2503 2186 liberet
2546 2131 2834 2193 Dominus.
3293 2203 3298 2209 ,

1941 2219 1986 2272 Α
2018 2223 2178 2276 malo.
2214 2221 2354 2276 Nota
2389 2223 2543 2288 illud,
2575 2243 2607 2278 a
2635 2228 2800 2293 malo,
2832 2229 2888 2283 id
2929 2240 3012 2287 est
3034 2245 3282 2302 peccato,
3323 2240 3474 2307 quod

1869 2310 2076 2364 malum
2118 2313 2337 2382 proprie
2394 2315 2449 2368 in
2499 2315 2782 2372 voluntate
2836 2320 2983 2390 gigni
3025 2323 3281 2382 dicimus.
3329 2328 3470 2384 Illud
3507 2379 3522 2391 .

1872 2408 2076 2466 autem,
2106 2404 2256 2458 inviti
2286 2411 2340 2461 et
2374 2407 2574 2472 coacti,
2605 2422 2714 2462 non
2769 2409 2837 2465 de
2867 2413 2975 2466 ulla
3007 2417 3356 2473 necessitatis
3390 2423 3465 2487 vi,

1869 2490 1922 2544 id
1950 2503 2034 2548 est
2065 2495 2133 2550 de
2163 2495 2406 2563 diabolo,
2446 2499 2860 2572 intelligendum
2885 2506 3150 2571 est,sicut
3182 2507 3465 2568 Manichtei

1865 2593 1920 2640 et
1952 2585 2266 2644 Messaliani
2299 2593 2576 2658 sentiunt;
2626 2594 2722 2648 sed
2752 2595 2906 2666 quia,
2939 2600 3192 2668 persuasi
3243 2611 3304 2657 ut
3336 2601 3463 2660 mali

1865 2677 2146 2750 quidpiam
2176 2698 2489 2752 operemur,
2522 2687 2809 2759 impostori
2855 2690 3036 2744 locum
3067 2692 3284 2760 damus,
3319 2699 3464 2755 unde

1865 2785 1966 2826 nos
2009 2771 2230 2828 assidue
2278 2775 2580 2841 adoriatur,
2616 2793 2683 2833 ex
2719 2779 2881 2834 nobis
2927 2781 3062 2851 ipsis
3091 2784 3235 2840 vires
3264 2787 3462 2844 adver-

1863 2874 1959 2914 sus
1987 2876 2088 2917 nos
2109 2864 2403 2934 colligens;
2428 2882 2602 2936 neque
2623 2868 2791 2933 enim,
2819 2885 2927 2924 non
2950 2877 3234 2942 persuasis
3264 2879 3456 2943 nobis,

1860 2951 2058 3018 poterit
2095 2953 2377 3024 quidpiam
2427 2956 2693 3014 adversus
2733 2975 2858 3026 nos,
2907 2965 3348 3036 quandoquidem
3400 2969 3458 3025 in

1860 3051 2115 3114 promptu
2144 3045 2299 3102 adest
2333 3048 2495 3102 nobis
2525 3049 2790 3105 auxilium
2822 3051 2943 3121 Dei,
2977 3070 3079 3112 nos
3106 3056 3453 3127 suﬂ'ulciens,

1859 3135 1941 3188 uti
1970 3140 2254 3208 sequentia
2279 3141 2587 3196 declarant.

1920 3226 1993 3282 Et
2020 3247 2234 3287 manum
2257 3234 2529 3307 benignam
2555 3238 2838 3308 porrigere.
2864 3241 3097 3299 Adverte
3125 3243 3454 3304 ineﬂ‘abilcm

1783 3296 1825 3353 (ἶ
1862 3317 2074 3378 Domini
2104 3326 2557 3386 misericordiam.

1934 3415 2105 3473 Manu
2126 3421 2245 3489 jam
2277 3434 2510 3483 extenta.
2538 3426 2704 3484 Manu
2734 3445 2929 3502 nempe
2958 3430 3143 3501 Carpi.

1941 3599 2016 3656 Ne
2059 3601 2174 3657 alii.
2230 3603 2451 3661 Scilicet
2501 3607 2906 3681 cruciﬁgentes,
2959 3609 3224 3666 Dominus
3267 3612 3450 3685 Carpo

1855 3693 1950 3748 ait.

1925 3786 2194 3843 Bonorum
2242 3798 2291 3842 et
2329 3789 2878 3851 clementissimorum.
2914 3796 3052 3851 Nota
3087 3797 3234 3867 quod
3277 3799 3443 3853 etiam

1853 3877 1970 3948 ipse
1998 3878 2262 3936 Dominus
2288 3880 2463 3940 bonos
2483 3891 2536 3938 et
2568 3884 2832 3956 benignos
2866 3896 3024 3944 vocet
3052 3890 3296 3960 angelos.

2325 4083 2391 4140 IN
2427 4083 2819 4141 EPISTOLAM
2865 4087 2974 4143 lX.‘

1923 4173 1950 4246 §
1993 4172 2036 4229 1.
2085 4172 2185 4232 Hic
2225 4174 2315 4230 ille
2361 4174 2418 4230 S.
2454 4175 2610 4250 Titus
2653 4177 2900 4248 Apostoli
2934 4177 3240 4242 familiaris,
3275 4196 3437 4251 quem

1845 4271 1900 4318 et
1943 4260 2118 4319 Creta:
2179 4263 2425 4334 praafecit
2473 4266 2831 4336 episcopum;
2893 4275 2952 4320 ut
2996 4266 3238 4336 Epistula
3286 4285 3317 4324 a
3368 4269 3435 4330 D.

1844 4356 2006 4426 322
2035 4355 2207 4411 Paulo
2241 4357 2308 4411 ad
2341 4356 2518 4428 ipsum
2563 4356 2748 4412 Titum
2784 4359 2991 4430 scripta
3021 4358 3288 4416 declarat.

1915 4534 2020 4588 Sed
2050 4535 2104 4587 in
2129 4533 2449 4606 Symbolica.
2478 4533 2620 4600 Quid
2651 4537 2931 4591 contineat
2963 4535 3270 4607 Symbclica
3299 4540 3436 4596 theo-

1772 4661 1815 4714 Β
1842 4625 1982 4695 logia
2012 4626 2196 4696 magni
2229 4625 2497 4696 Dionysii.

1908 4721 2247 4792 Imprimunt.
2288 4723 2742 4796 Ἀπομόρξασθαι,
2775 4723 2918 4781 idem
2951 4733 3034 4780 est
3058 4726 3204 4795 quod
3238 4729 3434 4780 ἐναπο-

1842 4815 2114 4885 μάξασθαι
2150 4817 2242 4870 καὶ
2292 4816 2570 4887 ἐμϐαλεῖν,
2605 4817 2659 4870 id
2699 4825 2782 4871 est
2829 4818 3094 4872 instillare
3137 4829 3187 4873 et
3231 4819 3430 4872 immit-

1840 4916 1944 4960 tere
1974 4909 2179 4977 aliquid
2209 4910 2378 4963 menti
2410 4925 2542 4974 sum,
2574 4911 2894 4980 metaphora
2931 4927 2959 4965 a
3003 4913 3304 4982 pictoribus
3335 4914 3428 4968 de-

1836 5001 2000 5052 ducta
2023 5001 2502 5070 qui,attendentes
2533 5003 2772 5066 veritati,
2806 5003 3107 5075 depingunt
3139 5005 3425 5076 imagines.

1835 5091 2066 5145 Arcanze
2089 5097 2269 5144 autem
2299 5093 2581 5160 sapientiae
2610 5103 2790 5161 patres
2812 5104 2970 5148 vocat
2996 5095 3304 5164 prophetas.

1908 5181 2041 5248 Qua:
2071 5182 2208 5235 enim
2252 5183 2306 5234 in
2345 5185 2458 5250 ipsa
2487 5185 2834 5242 extrinsecus.
2873 5185 3286 5250 Venerabimur,
3326 5203 3429 5256 pro

1833 5272 1888 5324 in
1917 5272 2267 5326 veneratione
2307 5272 2654 5337 habebimus,
2685 5275 3094 5339 honorabimus,
3127 5275 3423 5330 admirabi-

1830 5381 1974 5427 mur,
2007 5366 2479 5434 ohstupesccmus.
2516 5365 2652 5420 Nota
2681 5377 2883 5431 autem,
2909 5368 2976 5421 de
2997 5375 3186 5422 sancta
3208 5376 3256 5421 et
3290 5369 3420 5421 ado-

1829 5459 2000 5512 randa
2053 5457 2322 5514 Trinitate
2384 5461 2538 5515 dici:
2582 5461 2718 5514 Viue
2761 5462 2978 5530 fontem,
3031 5461 3083 5512 in
3143 5478 3197 5514 se
3247 5461 3419 5530 ipsum

1827 5550 2074 5617 eﬂ'usum,
2100 5560 2149 5604 et
2186 5553 2240 5604 in
2276 5553 2445 5621 seipso
2485 5554 2886 5615 consistentem;
2918 5552 3046 5604 hinc
3077 5552 3222 5606 enim
3252 5554 3422 5607 etiam

1828 5643 2369 5698 consubstantialitas
2403 5645 2833 5706 demonstratur,
2865 5654 2918 5696 et
2945 5642 3091 5711 quod
3133 5642 3331 5712 unitas,
3362 5641 3422 5699 in

1828 5734 2151 5790 Trinitatem
2182 5736 2541 5806 progrediens
2579 5737 2645 5788 ad
2689 5735 2862 5804 ipsam
2916 5751 3092 5805 usque
3145 5737 3422 5804 sistatur;

1829 5829 1902 5882 uti
1945 5827 2240 5899 Gregorius
2283 5845 2501 5898 quoque
2519 5825 2826 5898 Theologus
2866 5829 3034 5884 tradit
3076 5829 3134 5885 in
3166 5831 3421 5886 oratione

1827 5921 1999 5991 prima
2024 5922 2088 5977 de
2119 5921 2278 5988 Filio,
2310 5933 2360 5978 et
2405 5923 2459 5976 in
2484 5919 2722 5978 secunda
2767 5921 2835 5979 de
2857 5920 3021 5978 Pace.
3059 5921 3197 5980 Nota
3229 5927 3418 5977 autem
