3886 6534
439 463 543 518 559

1240 452 1583 509 APPENDIX
1620 453 1712 508 AD
1738 450 1967 509 OPERA
2003 452 2064 511 S.
2101 450 2397 509 DlONYSll
2431 451 2917 511 AllEOPAGlTE.

3592 456 3692 515 560

439 582 571 637 illud
621 599 635 634 :
678 576 752 631 Ac
794 588 990 644 semper
1039 588 1092 627 se
1134 582 1224 640 per
1266 573 1495 640 seipsam
1546 570 2002 640 contemplantem,

2115 570 2340 640 μείωσαι
2372 570 2429 623 δὲ
2458 568 2550 622 τό·
2590 568 2703 623 Ἀεὶ
2738 568 2812 622 δι’
2847 568 3069 639 ἑαυτῆς
3110 568 3336 639 ἑαυτὴν
3373 573 3692 643 θεωμένην·

435 674 601 733 etiam
630 670 699 726 de
728 676 917 724 sancta
947 665 1214 720 Trinitate
1238 664 1471 718 dictum.

505 763 640 831 Quae
662 760 801 815 enim
827 757 881 812 in
909 758 1025 825 ipsa
1050 754 1485 811 extrinsecus.'ln
1515 754 1633 824 ipsa
1652 766 1849 823 nempe
1874 767 2015 824 sym-

430 854 606 911 bolica
636 851 869 908 ﬁctione.
904 847 1148 902 Positum
1178 853 1362 900 autem
1396 845 1488 899 hic
1507 846 1667 900 etiam
1699 851 1784 899 est
1814 843 2015 913 ὁπόσης

429 955 532 1013 pro
555 939 757 1010 πολλῆς
790 958 805 993 :
842 937 973 993 illud
1006 937 1151 991 enim
1196 936 1521 990 extrinsecus
1565 933 1680 989 sive
1726 933 1886 988 obvio
1924 933 2011 987 di-

431 1031 629 1089 ctionis
659 1042 826 1086 sensu
859 1027 1222 1099 signiﬁcatur.

502 1121 721 1177 Uterum
746 1119 845 1174 Dei
884 1118 1255 1187 corporaliter.
1299 1114 1527 1173 Utermn
1560 1115 1653 1172 Dei
1692 1122 1916 1186 propter
1945 1115 2016 1170 il-

426 1211 522 1268 lud
551 1231 567 1268 :
600 1210 685 1264 Ex
712 1220 859 1263 utero
891 1218 1014 1261 ante
1039 1205 1341 1273 Luciferum
1366 1217 1416 1258 ιι.
1448 1203 1685 1260 Verbum
1718 1204 1772 1257 in
1804 1216 2008 1267 aerem,

426 1312 650 1375 propter
680 1299 812 1354 illud
839 1316 855 1354 :
888 1295 1161 1350 Eructaoit
1196 1304 1286 1349 eor
1317 1309 1487 1348 meum
1515 1292 1725 1347 uerbum
1753 1291 1944 1344 bonum
1960 1299 2005 1345 ν.

429 1392 697 1464 Spiritum
727 1390 1121 1459 exspirantem,
1150 1392 1374 1456 propter
1405 1382 1538 1436 illud
1564 1401 1578 1436 :
1603 1379 1671 1434 Et
1692 1379 1880 1449 spiritu
1901 1378 2009 1431 oris

425 1486 541 1554 ejus
574 1497 624 1539 ι.
658 1481 826 1536 Sinus
855 1492 1005 1543 vero,
1032 1483 1253 1547 propter
1276 1474 1407 1529 illud
1435 1492 1449 1529 :
1476 1470 1785 1542 Unigenitus
1812 1469 1902 1540 qui
1931 1477 2009 1522 est

427 1574 483 1625 in
505 1572 629 1626 sinu
651 1568 833 1623 Patris
855 1576 905 1621 1.
936 1565 995 1620 ln
1018 1566 1237 1620 modum
1261 1577 1391 1618 vero
1419 1578 1517 1617 seu
1542 1560 1773 1615 formam
1796 1559 2005 1629 stirpis,

424 1668 651 1733 propter
675 1658 810 1713 illud
837 1676 852 1713 :
886 1656 1107 1727 Lignum
1136 1656 1294 1710 vitm!
1320 1672 1335 1721 ;
1364 1660 1418 1708 et
1447 1652 1583 1707 illud
1616 1671 1631 1707 :
1660 1649 1737 1706 De
1760 1650 2006 1721 virgulto,

433 1752 547 1808 Fili
574 1753 667 1817 mi,
692 1748 973 1805 ascendiin
990 1762 1040 1815 ﬂ;
1070 1757 1123 1803 et
1151 1746 1284 1801 illud
1310 1765 1324 1799 :
1358 1744 1595 1799 Florebit
1622 1749 1675 1798 et
1694 1740 2007 1814 germinabit

426 1844 594 1899 Iacob
622 1845 673 1907 δ,
706 1857 801 1913 pro
828 1840 1050 1897 Christo
1071 1846 1375 1909 acceptum,
1403 1837 1564 1906 cujus
1600 1836 1808 1891 fructus
1831 1835 2007 1889 salute

2116 656 2244 727 περὶ
2277 657 2375 727 τῆς
2406 655 2568 726 ἁγίας
2595 657 2652 711 δὲ
2683 658 2912 731 Τριάδος
2944 657 3037 711 καὶ
3064 658 3225 713 τοῦτό
3256 678 3409 732 φησι.

2191 747 2268 801 Τὰ
2312 747 2426 816 τὰρ
2470 746 2642 812 ἐκτὸς
2672 746 2881 815 αὐτῆς.
2917 746 3031 818 Τῆς
3064 742 3250 819 αὐτῆς,
3283 750 3529 820 δηλονότι
3563 768 3697 823 συμ-

2116 840 2333 911 ϐολικῆς
2365 838 2632 904 πλάσεως.
2670 841 2860 894 Κεῖται
2891 840 2948 895 δὲ
2980 839 3072 895 καὶ
3101 841 3332 895 ἐνταῦθα
3349 843 3412 896 τὸ
3437 842 3538 915 μὲν
3560 844 3696 899 ὁπό-

2114 946 2231 999 σης
2262 932 2380 985 ἀντὶ
2409 931 2505 985 τοῦ
2538 931 2777 1001 πολλῆς
2795 951 2808 964 ·
2841 932 2905 986 τὺ
2926 934 2982 988 δὲ
3014 935 3087 988 τὰ
3115 934 3306 1001 ἐκτὸς,
3329 935 3451 1006 ἢτοι
3475 934 3547 989 τὰ
3574 954 3697 1010 προ-

2116 1023 2329 1095 χείρως,
2364 1027 2429 1078 ὲκ
2459 1020 2559 1095 τῆς
2589 1022 2786 1088 λέξεως
2818 1024 3289 1098 ὑπαγορευόμενα.

2187 1114 2460 1183 Γαστέρα
2508 1115 2656 1169 Θεοῦ
2699 1116 3069 1186 σωματικῶς.
3124 1116 3371 1187 Γαστέρα
3422 1116 3562 1170 Θεοῦ
3609 1118 3691 1173 διὰ

2112 1207 2206 1260 τό’
2255 1206 2356 1259 Ἐκ
2387 1206 2645 1277 γαστρὸς
2676 1206 2790 1275 πρὸ
2822 1208 3183 1276 Ἑωσφόρου.
3220 1208 3391 1277 Λόγον
3424 1210 3515 1273 είςί
3539 1209 3691 1282 ἀέρα,

2111 1299 2198 1352 διᾶ
2229 1298 2320 1351 τό⁶
2371 1296 2760 1366 Ἐξηρεύξατο
2784 1299 2822 1367 ἡ
2857 1298 3068 1366 καρδία
3088 1316 3209 1368 μου
3239 1300 3428 1367 λόγον
3448 1299 3689 1369 ἀγαθόν.

2112 1387 2336 1459 Πνεῦμα
2367 1386 2745 1463 ὲκπνερμενον,
2779 1387 2866 1440 διὰ
2886 1388 2946 1441 τό
2965 1404 2980 1418 ·
3011 1388 3121 1442 Καὶ
3150 1386 3230 1453 τῷ
3261 1389 3556 1458 πνεύματι
3588 1392 3691 1446 τοῦ

2109 1480 2406 1548 στόματος
2436 1477 2642 1532 αὐτοῦ.
2696 1477 2947 1542 Κόλπους
2979 1479 3056 1543 δὲ,
3091 1479 3178 1533 διὰ
3215 1480 3309 1533 τό*
3343 1482 3693 1550 Morare-rm

2110 1572 2144 1622 ό
2185 1566 2270 1620 ὢν
2312 1568 2399 1633 είς
2443 1566 2551 1620 τὸν
2598 1568 2831 1621 κόλπον
2867 1567 2973 1622 τοῦ
3022 1569 3270 1637 Πατρός.
3329 1570 3565 1634 Φυτικος
3615 1572 3690 1636 δὲ,

2108 1663 2275 1733 ἦγουν
2323 1660 2464 1715 κατὰ
2510 1659 2610 1731 τὴν
2657 1659 2768 1713 τῶν
2812 1660 2995 1730 φυτῶν
3030 1661 3193 1727 ἰδέαν,
3225 1661 3312 1716 διὰ
3356 1664 3448 1717 τό·
3496 1662 3695 1718 Stator

2109 1752 2256 1821 ζωῆς
2286 1753 2447 1807 ἐστι’
2487 1752 2582 1806 καὶ
2611 1752 2706 1805 τόο
2755 1751 2857 1806 Ἐκ
2898 1751 3198 1817 βλαστοῦ,
3249 1754 3344 1809 Υίέ
3375 1771 3522 1824 μου,
3556 1755 3689 1809 ἀνέ-

2108 1848 2216 1912 ϐης
2234 1862 2247 1874 ’
2278 1845 2371 1898 καὶ
2386 1847 2450 1899 τό
2466 1861 2479 1875 ·
2500 1842 2775 1909 Ἀνθήσει
2798 1843 2895 1896 καὶ
2918 1843 3323 1910 ἐκϐλαστήσει
3348 1843 3577 1909 Ἰακὼϐ,
3602 1845 3693 1899 ἐπὶ

422 1936 670 2004 implevit
712 1942 936 1994 terram,
973 1937 1030 1985 et
1068 1930 1289 1986 similia.
1330 1928 1470 1983 Nota
1518 1928 1706 1997 igitur,
1742 1923 2002 1997 quomodt

2118 1939 2353 2010 Χριστοῦ
2381 1937 2605 2010 ληφθὲν,
2636 1932 2699 1991 οὗ
2743 1936 2778 1989 ὀ
2820 1934 3034 2007 καρπὸς
3064 1935 3164 2005 τῆς
3199 1936 3475 2010 σωτηρίας
3525 1937 3690 2010 ἐπλή-

424 2024 496 2082 de
523 2025 635 2081 Deo
658 2025 844 2080 dictus
886 2022 960 2078 sit
1000 2028 1212 2086 uterus,
1251 2027 1307 2075 et
1341 2019 1611 2074 eructatio
1658 2017 1832 2083 verbi,
1855 2025 1911 2073 et
1935 2016 2012 2073 si-

429 2115 603 2171 milia.

498 2311 605 2365 Aut
633 2311 801 2380 fontes
826 2323 1104 2379 aquarum.
1131 2302 1329 2361 Fontes
1351 2317 1617 2375 aquarum
1638 2303 1797 2373 juxta
1824 2302 1962 2359 illud
1990 2322 2004 2359 :

424 2402 579 2469 Apud
607 2412 655 2458 te
680 2410 757 2457 est
776 2390 912 2471 'fons
954 2399 1074 2453 vitm
1096 2407 1118 2437 ε
1146 2416 1162 2466 ;
1189 2404 1243 2451 et
1288 2394 1422 2450 illud
1452 2415 1465 2450 :
1501 2393 1588 2450 Me
1622 2395 2007 2467 dereliquerunt

423 2496 620 2568 fontem
650 2508 799 2564 aqua:
821 2491 1033 2546 viventis
1058 2488 1086 2528 ἀ
1113 2507 1128 2556 ;
1153 2496 1206 2544 et
1230 2502 1569 2558 quaecunque
1607 2495 1737 2543 sunt
1780 2487 2002 2543 similia.

424 2587 757 2659 Splendores
778 2597 907 2639 vero
928 2587 1151 2653 pmpter
1173 2578 1309 2653 illud
1333 2597 1349 2634 :
1380 2578 1492 2646 Qui
1517 2596 1636 2634 eum
1668 2581 1736 2634 sit
1760 2579 2006 2648 splendor

423 2678 609 2751 gloriae
638 2687 704 2742 οξ
745 2683 799 2731 et
834 2695 847 2729 :
882 2673 1122 2737 Domine,
1147 2674 1202 2728 in
1226 2673 1422 2727 lumine
1445 2671 1621 2727 vultus
1652 2672 1730 2724 tui
1760 2669 2002 2724 ambula-

424 2770 575 2833 bunt,
606 2777 656 2823 et
681 2768 736 2821 in
768 2765 965 2819 lumine
992 2774 1079 2817 tuo
1103 2763 1390 2819 videbimus
1422 2762 1597 2816 lumen
1626 2762 1671 2828 ί,
1699 2768 1754 2815 et
1795 2761 1882 2818 his
1914 2761 1998 2818 si-

425 2859 597 2914 milia.

496 2949 575 3005 De
600 2946 992 3003 intellectilibtts
1022 2954 1225 3001 autem.
1258 2945 1392 3012 Qua:
1436 2945 1656 3016 quidem
1705 2943 2000 3015 providen-

423 3042 531 3096 tias
556 3040 871 3110 designant,
902 3037 1058 3108 juxta
1096 3037 1227 3092 illud
1259 3055 1272 3092 :
1304 3035 1465 3107 323
1493 3035 1642 3091 Sicut
1669 3036 1848 3107 aquila
1872 3051 1995 3105 pro-

424 3142 552 3205 teget
581 3132 764 3187 nidum
790 3146 947 3185 suum
987 3132 1034 3195 ε,
1056 3136 1188 3195 etc.,
1217 3126 1439 3183 ibidem.
1472 3126 1619 3182 Bona
1650 3127 1800 3192 item,
1836 3128 1993 3198 juxta

2114 2048 2255 2105 ρωσε
2297 2031 2396 2102 τὴν
2429 2029 2553 2101 γῆν,
2596 2030 2690 2084 καὶ
2735 2028 2806 2083 τὰ
2853 2030 3034 2100 ὅμοια.
3082 2029 3394 2100 Σημείωσαι
3426 2025 3545 2097 οὖν,
3579 2031 3692 2096 πῶς

2110 2123 2322 2195 εἴρηται
2353 2123 2447 2177 ἐπὶ
2478 2121 2614 2175 Θεοῦ
2645 2121 2877 2193 γαστὴρ,
2913 2120 3003 2175 καὶ
3036 2121 3205 2193 ὲρυγὴ
3253 2120 3349 2175 τοῦ
3382 2121 3567 2192 λόγου,
3602 2123 3693 2178 καὶ

2107 2214 2176 2268 τὰ
2207 2214 2451 2268 τοιαῦτα.
2740 2238 2747 2245 -

2181 2306 2258 2358 Ἦ
2279 2304 2473 2373 πηγὰς
2495 2301 2751 2357 ὑδάτων.
2778 2299 2970 2371 Πηγὰς
2996 2300 3206 2355 ὑδάτων
3238 2299 3379 2355 κατὰ
3404 2302 3470 2356 τό
3486 2318 3501 2333 ·
3528 2302 3692 2372 Παρά

2107 2411 2205 2449 σοι
2228 2393 2388 2464 πηγὴ
2411 2392 2590 2461 ζωῆς·
2626 2394 2721 2447 καὶ
2750 2392 2846 2445 τό·
2894 2391 3031 2462 Ἐμὲ
3060 2392 3459 2461 ἐγκατέλιπον
3490 2393 3693 2464 πηγὴν

2107 2485 2254 2553 ζωῆς
2296 2486 2514 2551 ὕδατος
2559 2483 2792 2551 ζῶντος,
2845 2484 2938 2538 καὶ
2982 2484 3084 2539 ὅσα
3125 2483 3371 2538 τοιαῦτα.
3422 2485 3693 2555 ’Δπαυγά-

2107 2592 2286 2647 σματα
2315 2576 2392 2641 δὲ,
2424 2574 2513 2628 διὰ
2544 2576 2639 2629 τοο
2677 2578 2783 2641 Ὃς
2811 2573 2898 2629 ὢν
2928 2574 3294 2645 ἀπαύγασμα
3324 2575 3438 2644 τῆς
3466 2575 3689 2644 δόξης’

2104 2669 2214 2722 καί·
2248 2671 2441 2737 Κύριε,
2474 2668 2639 2735 ἐντῷ
2667 2668 2813 2737 φωτὶ
2852 2667 2959 2721 τοῦ
2986 2668 3309 2736 προσώπου
3336 2685 3460 2723 σου
3486 2672 3692 2740 ειόρεύι⁴

2103 2776 2332 2823 vorem,
2361 2760 2545 2814 καὶέν
2563 2758 2643 2826 τῷ
2674 2759 2818 2829 φωτὶ
2844 2759 3116 2828 ὀψόμεθα
3128 2754 3276 2827 φῶς,
3305 2759 3401 2813 καὶ
3432 2759 3504 2814 τὰ
3524 2778 3692 2833 παρα-

2102 2852 2326 2921 πλήσια.

2185 2942 2316 2997 Ἐπὶ
2359 2941 2428 2997 δὲ
2472 2940 2591 2995 τῶν
2641 2941 2895 3009 νοητῶν.
2932 2940 3241 3013 Δηλωτικὰ,
3273 2940 3386 2996 τῶν
3422 2942 3523 3014 μὲν
3558 2960 3691 3015 προ-

2099 3035 2277 3100 νοιῶν,
2298 3034 2361 3088 τό
2377 3052 2390 3066 '
2423 3035 2520 3101 Ὠς
2535 3032 2710 3100 ἀετὸς
2724 3032 3022 3089 σκεπάσει
3046 3031 3160 3100 τὴν
3172 3033 3437 3087 νοσσιὰν
3454 3034 3688 3097 ἑαυτοῦ,

2099 3125 2275 3180 καὶτὰ
2290 3126 2386 3179 σὺν
2402 3124 2568 3196 αὐτῷ.
2588 3124 2661 3178 Τὸ
2674 3123 2892 3196 δωρεῶν
2904 3122 2982 3188 δὲ,
2998 3122 3075 3187 ὡς
3088 3125 3167 3177 τό·
3187 3123 3473 3195 Ἀνοίτεις
3484 3124 3569 3178 σὺ
3580 3124 3691 3194 τὴν
3801 3118 3815 3135 ’

423 3224 558 3280 illud
590 3241 604 3279 :
636 3217 825 3291 Aperis
856 3229 911 3273 tu
936 3235 1154 3273 manum
1193 3226 1338 3272 tuam
1368 3219 1396 3258 ιι
1421 3236 1436 3286 ;
1460 3226 1516 3274 et
1544 3218 1675 3274 illud
1707 3237 1721 3273 :
1753 3220 1860 3286 Qui
1897 3217 1992 3273 dat

2111 3216 2264 3288 χεῖρὰ
2290 3232 2407 3273 σου
2425 3254 2440 3283 ,
2467 3218 2559 3272 καὶ
2575 3217 2637 3271 τό
2655 3234 2669 3247 ·
2704 3214 2767 3269 '0
2805 3214 3009 3281 διδοὺς
3036 3216 3266 3287 τροφὴν
3282 3216 3454 3287 πάσῃ
3475 3218 3654 3286 capri
3668 3233 3684 3247 ’

421 3330 599 3371 eseam
638 3314 780 3368 omni
822 3312 973 3365 carni
1015 3312 1059 3375 ί,
1082 3321 1137 3365 et
1163 3309 1514 3380 providentiae
1556 3309 1661 3364 hoc
1697 3312 1869 3383 magis
1912 3318 1997 3367 est

2111 3307 2303 3379 μᾶλλον
2348 3306 2406 3360 δὲ
2475 3307 2567 3360 καὶ
2613 3304 2772 3359 τοῦτο
2816 3305 2918 3377 τῆς
2981 3306 3237 3376 προνοίας
3307 3308 3684 3377 γνωριστικόν.

422 3404 708 3460 indicium.
744 3400 806 3455 Et
833 3400 1200 3463 ostensiones,
1231 3406 1292 3453 ut
1318 3412 1443 3454 cum
1471 3399 1525 3453 in
1558 3397 1732 3469 ﬁgura
1760 3398 1998 3454 hominis

424 3496 718 3567 apparebat
745 3494 959 3550 Veteris
980 3492 1314 3549 Testamenti
1345 3492 1552 3549 sanctis
1579 3492 1629 3557 ι,
1667 3499 1721 3549 et
1740 3492 1795 3547 in
1820 3492 2001 3562 specie

423 3584 713 3651 eolmnbze,
751 3580 988 3654 Spiritus
1019 3593 1261 3639 sanctus.
1300 3582 1381 3638 Ad
1412 3581 1809 3654 providentiam
1858 3597 2000 3652 quo-

423 3690 532 3745 que
559 3676 797 3746 pertinet
850 3674 1061 3744 punitio
1103 3674 1435 3743 impiorum:
1465 3673 1676 3729 dictum
1724 3689 1919 3744 nempe
1966 3687 2000 3727 a

422 3766 690 3837 propheta
719 3784 736 3821 :
770 3764 918 3820 Sicut
967 3782 1095 3820 ursa
1118 3764 1377 3836 indigens,
1407 3775 1457 3820 et
1487 3767 1623 3820 sicut
1659 3765 1900 3834 pardalis
1951 3762 1995 3820 1.

421 3853 704 3910 Potentius
752 3864 933 3909 autem
976 3863 1369 3925 repraesentant
1403 3856 1569 3920 oculi,
1602 3862 1657 3911 et
1680 3864 1997 3911 caeterarum

423 3948 661 4017 partium
684 3962 1070 4019 corporearum
1100 3946 1588 4003 denominationes.
1628 3946 1998 4018 Proprietates

420 4055 575 4105 vero,
626 4046 686 4094 ut
717 4038 862 4110 apud
911 4038 1100 4106 Amos,
1144 4037 1381 4094 Adarnas
1410 4051 1473 4104 ω,
1507 4039 1764 4109 quoniam
1803 4039 2001 4094 divinae

420 4142 631 4187 natura:
658 4131 939 4201 pr0prium
963 4139 1049 4186 est
1071 4146 1182 4186 non
1209 4147 1370 4201 posse
1396 4131 1531 4201 pati,
1563 4145 1740 4201 neque
1762 4130 1996 4187 domari.

422 4222 891 4291 Quemadmodum
913 4222 1074 4278 etiam
1095 4222 1222 4292 quia
1245 4223 1353 4278 vim
1379 4224 1541 4279 habet
1560 4238 1759 4293 pravos
1780 4222 2000 4278 habitus

318 4332 321 4335 '
421 4314 781 4372 consumendi
808 4314 1009 4370 dicitur
1034 4335 1046 4370 :
1070 4314 1210 4370 Deus
1240 4325 1417 4371 noster
1448 4315 1582 4386 ignis
1614 4329 1923 4369 consumens
1946 4323 1997 4369 ιι.

420 4406 629 4465 Caetera
655 4414 857 4470 autem,
893 4421 1015 4477 qua:
1047 4405 1193 4461 dicta
1223 4414 1372 4469 sunt,
1408 4405 1674 4461 studiosis
1704 4403 2000 4461 lectoribus

420 4497 711 4556 manifesta
731 4497 1028 4563 exsistunt,
1068 4497 1155 4554 his
1197 4497 1363 4553 etiam
1405 4496 1703 4569 anagogica
1721 4503 1777 4551 et
1802 4494 2004 4565 allego-

421 4591 537 4647 rica
563 4590 950 4660 contemplatio
983 4589 1206 4645 minime
1238 4590 1510 4646 dissentit.
1542 4586 1686 4653 Quin
1714 4587 1878 4642 etiam
1908 4599 2002 4639 ac-

2113 3395 2455 3464 Ἐκφάνσεων
2486 3394 2564 3460 δὲ,
2598 3393 2687 3449 διὰ
2730 3390 2792 3447 τὸ
2840 3396 2899 3447 ὲν
2933 3395 3173 3467 σχήματι
3204 3394 3495 3468 ἀνθρώπου
3528 3395 3689 3465 ὀφθῆ-

2098 3504 2185 3540 ναι
2216 3488 2331 3550 τοῖς
2363 3488 2422 3539 ὲν
2450 3488 2517 3557 τῇ
2552 3484 2762 3557 Παλαιᾷ
2793 3485 2990 3553 ἁγίοις,
3026 3485 3120 3539 καὶ
3171 3487 3230 3539 ὲν
3275 3485 3408 3539 εἴδει
3442 3504 3690 3560 ’τιερισυιτεα⁵

2102 3579 2222 3650 ρᾶς,
2255 3575 2319 3631 τὸ
2349 3577 2576 3649 Πνεῦμα
2622 3576 2686 3631 τὸ
2730 3578 2902 3647 ἅγιον.
2939 3577 3202 3650 Προνοίας
3232 3576 3309 3642 δὲ,
3346 3579 3443 3632 καὶ
3489 3579 3552 3632 τὸ
3583 3578 3686 3632 τῶν

2098 3669 2312 3723 ἀσεϐῶν
2342 3670 2747 3741 τιμωρητικόνο
2797 3669 3014 3741 εἴρηται
3065 3668 3195 3738 γοῦν
3246 3668 3398 3741 παρὰ
3440 3670 3523 3742 τῷ
3555 3670 3688 3740 Προ-

2100 3763 2245 3835 φήτῃ
2266 3777 2280 3793 ⁸
2328 3763 2428 3829 Ὠς
2454 3762 2673 3830 ἄρκτος
2701 3760 3225 3831 ἀπορουμένη,καὶ
3253 3761 3335 3828 ὡς
3369 3761 3682 3831 πάρδαλις.

2100 3850 2222 3903 Τῶν
2274 3850 2373 3922 μὲν
2419 3846 2512 3904 οὖν
2561 3849 2842 3922 δυνάμεων
2887 3848 3239 3923 ὑπογραφαὰ
3280 3850 3557 3922 ὀφθαλμοὶ
3597 3854 3684 3909 καὶ

2099 3944 2301 4017 ἑτέρων
2352 3942 2678 4015 σωματικῶν
2729 3942 2905 4014 μελῶν
2953 3943 3208 4015 ὀνόματα.
3265 3943 3568 4016 Ἰδιοτήτων
3608 3943 3681 4004 δὲ,

2097 4033 2173 4098 ὡς
2220 4033 2371 4107 παρὰ
2420 4032 2481 4086 τὸ
2526 4031 2707 4105 ’Δμὼς
2755 4031 3002 4104 ἀδάμας’
3058 4032 3187 4087 ίδιον
3236 4031 3348 4106 γὰρ
3396 4033 3500 4103 τῆς
3544 4032 3681 4096 θείας

2100 4123 2315 4192 φύσεως
2359 4123 2422 4178 τὸ
2467 4124 2675 4188 ἀπαθὲς
2723 4124 2817 4178 καὶ
2861 4123 3189 4196 ἀδάμαστον.
3229 4128 3442 4202 Ὥσπερ
3470 4126 3567 4185 οὖν
3596 4132 3682 4188 καὶ

2098 4215 2160 4269 τὸ
2193 4214 2529 4271 άναλωτικὸν
2557 4214 2667 4269 τῶν
2702 4215 2993 4287 μοχθηρῶν
3024 4215 3210 4283 ἕξεων,
3234 4217 3355 4272 καθ’
3378 4220 3408 4273 δ
3440 4221 3678 4294 εἷρηταιο

2111 4308 2164 4360 Ὁ
2200 4307 2343 4375 Θεὸς
2379 4306 2544 4378 ἡμῶν
2565 4307 2684 4376 πῦρ
2705 4308 3170 4361 καταναλίσκον.
3207 4308 3320 4363 Καὶ
3345 4310 3417 4365 τὰ
3445 4312 3605 4367 λοιπά
3629 4310 3681 4367 δὲ

2097 4397 2208 4453 τῶν
2232 4398 2553 4471 εἰρημένων,
2576 4397 2817 4469 πρόδηλα
2844 4399 2956 4462 τοῖς
2976 4397 3300 4466 φιλοπόνως
3318 4400 3414 4454 καὶ
3432 4404 3465 4474 ή
3486 4404 3680 4457 τούτων

2101 4490 2417 4564 άναγωγική
2433 4508 2493 4544 τε
2515 4491 2606 4545 καὶ
2622 4489 2951 4561 ἀλληγορικὴ
2969 4490 3190 4563 Θεωρία,
3212 4490 3313 4545 οὐκ
3334 4492 3674 4565 ἀσύμφωνον.

2107 4584 2263 4636 Ἔστι
2298 4582 2354 4635 δὲ
2396 4581 2489 4635 καὶ
2528 4580 2743 4641 λαϐεῖν,
2777 4580 2958 4652 λήξεις
2991 4580 3091 4651 μὲν
3124 4581 3218 4635 καὶ
3262 4583 3467 4654 μονὰς,
3499 4586 3560 4638 τὸ
3583 4585 3676 4655 τῆς

420 4683 604 4754 eipere
624 4682 785 4737 liceat
816 4689 995 4738 sortes
1025 4690 1079 4737 et
1107 4681 1421 4737 mansiones
1442 4694 1542 4750 pro
1566 4678 1766 4733 divina:
1791 4683 2002 4730 natura:

2111 4674 2258 4739 θείας
2302 4673 2516 4744 φύσεως
2553 4672 2941 4740 ἀναλλοίωτον,
2972 4674 3066 4727 καὶ
3105 4675 3508 4746 ἀμετάστατον,
3546 4680 3675 4750 ὅπερ

421 4774 861 4830 humutabilitate
902 4780 1064 4844 atque
1110 4772 1443 4835 constantia,
1493 4784 1616 4840 qtae
1665 4784 1764 4839 per
1804 4768 2001 4823 funda-

421 4866 689 4922 mentales
718 4865 926 4936 lapides
955 4865 1282 4921 insinuatur.
1332 4861 1722 4916 Emanationes
1749 4874 1881 4915 vero
1912 4867 1993 4914 at-

420 4972 528 5028 qu
572 4956 931 5022 secretiones,
972 4956 1162 5011 dicunt
1204 4953 1756 5025 communicationem
1802 4950 2001 5008 divinae

418 5048 683 5104 bonitatis
743 5049 847 5119 ipsi
902 5050 1226 5104 naturaliter
1288 5046 1704 5113 inexsistentis;
1762 5047 2000 5117 exempli

420 5142 594 5213 gratia
624 5156 720 5212 per
749 5141 849 5196 lilii
890 5139 1267 5212 ﬂagrantiam,
1296 5140 1444 5195 unde
1471 5139 1634 5194 etiam
1660 5139 1865 5195 dicitur
1892 5139 1993 5209 ﬂos

416 5233 614 5302 arripi,
642 5239 698 5288 et
728 5232 901 5287 lilium
922 5232 1242 5287 convallium
1269 5238 1314 5288 ο.
1344 5230 1422 5286 Ita
1458 5231 1621 5287 etiam
1655 5233 1887 5287 uniones
1910 5232 1997 5286 in-

417 5323 740 5394 telligendas,
767 5322 914 5394 quod
941 5322 1200 5378 nimirum
1234 5320 1378 5378 Deus
1420 5323 1576 5378 uniat
1622 5339 1806 5379 secum
1839 5337 1995 5378 crea-

417 5423 593 5478 turas,
615 5420 671 5469 et
701 5413 767 5469 ad
802 5429 863 5471 se
900 5418 1201 5477 convertat,
1232 5418 1292 5465 ut
1325 5427 1452 5469 cum
1492 5412 1693 5468 dicitur
1721 5414 1860 5483 lapis
1892 5428 1993 5466 an-

415 5504 644 5575 gularis.
666 5503 905 5561 Ornatus
938 5505 1069 5559 item
1100 5504 1416 5571 muliebres,
1438 5505 1629 5576 quales
1676 5512 1804 5562 sunt
1850 5503 1994 5574 apud

485 5693 514 5748 γι
538 5681 687 5739 Psal.
719 5682 917 5748 cur?»
995 5689 1020 5716 ν
1040 5681 1187 5739 Psal.
1225 5699 1372 5748 xuv,
1404 5683 1457 5739 1.

420 5752 450 5793 b
485 5747 587 5800 lsa.
619 5764 790 5814 xxvn,
821 5747 877 5804 6.

419 5822 447 5863 ιι
480 5818 623 5875 Psal.
654 5835 834 5883 mw,
864 5821 948 5876 l6.
1031 5821 1222 5881 lPsal.
1252 5839 1449 5889 cxxxv,
1482 5822 1572 5879 25.
1652 5820 1680 5863 Ιι
1707 5819 1844 5877 Gen.
1872 5834 2027 5875 xvm.

423 5897 450 5926 ο
471 5892 630 5946 Cant.
666 5906 725 5955 ιι,
750 5891 800 5946 1.

1535 5696 1564 5724 ι
1591 5681 1737 5737 Psal.
1770 5697 1943 5744 xxx",
1973 5680 2025 5734 6.

976 5761 1000 5789 ε
1033 5748 1180 5809 Psal.
1212 5746 1377 5817 xxxv,
1412 5753 1499 5808 10.
1574 5752 1599 5791 ἀ
1624 5752 1734 5807 Jer.
1774 5768 1836 5815 ιι,
1865 5751 1954 5805 15.

2111 5750 2208 5805 [οῦ.
2245 5766 2283 5813 ι,
2313 5750 2366 5804 5.
2448 5749 2468 5789 τ
2502 5748 2648 5803 Psal.
2684 5760 2850 5816 xxxv,
2881 5746 2968 5802 10.

2099 4766 2187 4820 διὰ
2215 4765 2324 4820 τῶν
2363 4763 2763 4837 θεμιελιωτικῶν
2793 4764 2956 4820 λίθων
3002 4766 3382 4838 ὑποδηλοῢται·
3426 4771 3673 4845 προόδους

2099 4858 2156 4911 δὲ
2177 4856 2578 4928 καὶδιακρίσεις
2597 4855 2811 4927 τὴντῶν
2831 4856 3077 4926 φυσικῶς
3098 4858 3248 4930 αὐτῷ
3263 4862 3673 4934 ἐνυπαρχόντων

2096 4949 2316 5018 ἀγαθῶν
2351 4949 2633 5023 μετάδοσιν
2653 4987 2667 5011 ,
2699 4947 2888 5021 ὥσπερ
2918 4952 2975 5003 ὲν
3008 4949 3392 5022 ὑποδείγματι,
3426 4954 3462 5024 ἡ
3490 4955 3555 5006 ἐκ
3583 4950 3671 5005 τοῦ

2099 5041 2284 5111 κρίνου
2313 5039 2705 5113 εὐοσμία,παρ’
2722 5039 2750 5093 ὃ
2774 5040 2866 5094 καὶ
2878 5040 3288 5109 λέγεταιᾶνθος
3308 5044 3418 5099 τοῦ
3450 5044 3669 5106 πεδίου,

2099 5133 2306 5199 κρίνον
2336 5131 2454 5186 τῶν
2485 5130 2796 5186 κοιλάδων.
2833 5131 3019 5196 Οὕτως
3059 5129 3151 5187 οὖν
3179 5134 3400 5205 νοητέον
3445 5136 3540 5189 καὶ
3579 5134 3671 5198 τὰς

2100 5222 2320 5288 ἐνώσεις
2346 5223 2407 5277 τὸ
2436 5222 2572 5295 πρὸς
2604 5222 2765 5277 αὑτὸν
2798 5223 3217 5295 ἐπιστρεπτικὸν
3248 5226 3342 5280 καὶ
3371 5226 3670 5280 συνδετικὸν

2097 5317 2206 5371 τῶν
2234 5318 2567 5389 κτισμάτων,
2600 5314 2688 5371 διὰ
2723 5314 2819 5370 τοῦ
2852 5316 3245 5388 ἀκρογωνιαίου
3292 5318 3441 5373 λίθου
3487 5318 3667 5391 δηλού-

2102 5423 2279 5478 μενον.
2314 5407 2565 5478 Κόσμους
2594 5404 2652 5459 δὲ
2680 5404 3022 5474 γυναικείους
3054 5404 3123 5460 τὰ
3164 5406 3316 5479 παρὰ
3362 5406 3443 5478 τῷ
3485 5408 3667 5479 Ἡσαΐᾳ

2098 5499 2343 5570 κείμενα,
2372 5498 2433 5551 τὸ
2465 5494 2802 5551 παντοδαπὸν
2827 5496 2927 5566 τῆς
2957 5495 3105 5562 Θείας
3134 5499 3393 5570 προνοίας
3437 5498 3666 5571 ὑπογρά-

2659 5686 2683 5713 ι
2713 5676 2883 5746 Apoc.
2936 5690 2996 5741 ιι,
3054 5673 3107 5731 7.
3133 5740 3162 5746 Δ
3203 5685 3232 5715 ι
3263 5673 3372 5729 Isa.
3430 5688 3548 5741 un,
3583 5666 3658 5746 Δ2.

3074 5740 3285 5799 ΒΒευι.
3347 5760 3522 5808 xxxu,
3574 5742 3656 5796 11.

2128 5820 2146 5859 ³
2180 5817 2306 5876 Ose.
2344 5834 2464 5887 xm,
2496 5820 2549 5885 7,
2579 5818 2634 5872 8.
2728 5824 2769 5849 ·
2801 5812 2991 5871 Amos.
3029 5828 3130 5872 vn.
3208 5825 3237 5854 ιι
3268 5813 3429 5869 Deut.
3468 5831 3540 5880 tv,
3566 5812 3648 5866 24.

2146 5689 2175 5729 1
2204 5677 2362 5734 Joan.
2393 5696 2431 5744 ι,
2463 5679 2551 5733 18.
