3886 6554
196 425 280 482 561
1089 424 1146 480 S.
1186 425 1434 481 MAXIMI
1473 425 1767 482 SCllOLI.\
1809 428 1878 484 IN
1914 429 2062 484 EPP.
2107 431 2162 487 S.
2207 433 2530 492 DIONYSII.

3351 445 3455 506 562’.

191 559 359 616 φοντα.
391 543 600 614 ’Ὠσπερ
626 537 718 595 οὖν
747 542 836 594 καί
860 541 956 612 τὴν
980 543 1208 612 χωνείαν
1235 546 1326 598 καὶ
1369 545 1433 597 τὸ
1478 548 1738 616 χωνευτή-

1861 547 2080 614 Isaiam,
2114 552 2318 620 quibus
2351 554 2684 612 deseribitur
2714 574 2876 616 omne
2905 579 3077 632 genus
3107 564 3301 621 divinm
3325 582 3454 637 pro-

191 652 289 707 ριον
318 633 649 704 ὑποληπτέον
678 630 776 703 τὴν
808 632 1212 706 ἁναπλαστικὴν
1247 637 1530 708 πρόνοιαν,
1565 635 1597 706 ἢ
1645 637 1748 708 τὴν

188 729 502 800 διακριτικήν
527 744 590 780 τε
636 729 730 781 καὶ
758 729 1088 801 καθαρτικὴν
1117 729 1362 800 δύναμιν.
1397 729 1480 783 Τὰ
1507 731 1620 803 γὰρ
1646 733 1742 802 τῆς

186 817 443 886 ὁπλιτικῆς
473 817 764 886 διασκευῆς
802 817 1042 888 πρόδηλα
1081 819 1178 889 μὲν
1213 818 1342 872 ἔνθα
1371 821 1612 872 κεῖνται⁹
1645 820 1745 892 δη-

185 907 315 961 λοῦσι
340 908 396 960 δὲ
427 907 488 959 τὸ
518 906 898 978 καθαιρετικέν
939 908 1032 961 καὶ
1074 909 1402 978 ἀφανιστικὰ
1451 909 1560 962 τῶν
1588 913 1744 964 ἐναν-

1850 638 2107 695 videntim
2135 653 2179 697 P.
2209 643 2686 710 Quemadmodum
2716 651 2879 705 etiam
2910 653 3286 710 conﬂatoriam
3316 657 3452 729 figu-

1849 733 2015 786 linam
2042 735 2323 792 officinam
2357 739 2609 810 accipere
2641 750 2875 812 oportet,
2909 754 2968 799 ut
2999 747 3308 818 significent
3337 751 3452 806 haec

1844 825 1901 881 in
1938 826 2046 882 Deo
2074 831 2480 899 providentiam
2530 833 2918 900 reformantem
2956 853 3021 892 ac
3065 841 3447 910 refingentem,

1845 926 1939 973 aut
1986 921 2097 976 vim
2142 928 2197 976 et
2240 923 2560 980 facultatem
2621 929 2942 984 secernendi
2993 939 3046 986 et
3094 935 3449 1003 repurgandi.

182 1000 313 1053 τίων.
341 998 690 1071 Βαρϐαρικὰς
716 999 771 1053 δὲ
802 998 1115 1064 ὁπλοποιίας
1147 1001 1275 1066 ἴσως
1304 1003 1481 1056 ἐκεῖνο
1506 1003 1566 1056 τό
1588 1021 1601 1034 ’
1642 1004 1738 1057 Ἐν

1848 1011 1998 1077 Quod
2033 1013 2181 1068 cnim
2213 1015 2282 1068 ad
2314 1031 2597 1071 armorum
2633 1020 2997 1076 instrumenta
3038 1024 3299 1092 pertinet,
3332 1042 3455 1097 qua:

183 1091 448 1160 ἱματισμῷ
461 1091 788 1160 διαχρύσῳ,
812 1092 924 1146 καί.
955 1093 1272 1161 Περίζωσαι
1302 1095 1418 1164 τὴν
1435 1095 1738 1166 ῥομφαίαν

1848 1102 1930 1157 hic
1987 1097 2171 1172 palam
2220 1111 2956 1183 recensentur,~dcsignant
3009 1115 3122 1169 vim
3178 1121 3457 1176 contraria

179 1199 280 1238 σου
292 1183 386 1236 ἐπὶ
403 1182 510 1236 τόν
521 1185 713 1252 μηρόν
727 1198 864 1246 σου,
882 1183 1120 1238 durate.
1139 1185 1202 1237 Ἦ
1218 1184 1326 1257 γὰρ
1345 1187 1587 1258 ῥομφαία
1606 1187 1740 1259 βαρ-

1838 1192 2159 1250 destruendi
2191 1205 2246 1253 et
2276 1199 2558 1255 abolendi.
2611 1201 2942 1260 Barbaricas
2983 1214 3170 1262 autem
3216 1220 3461 1266 armatu-

181 1275 379 1346 ϐαρικόν
396 1275 546 1329 ἐστιν
573 1276 754 1340 ὅπλον,
781 1277 856 1340 ὡς
887 1279 1089 1348 ἱστορεῖ
1115 1277 1411 1349 Φύλαρχος.
1431 1279 1658 1350 Ὁμοίως
1683 1282 1738 1335 δέ

1848 1302 1930 1342 ras
1976 1287 2116 1344 forte
2170 1290 2308 1345 illud
2345 1312 2360 1347 :
2397 1292 2464 1347 In
2507 1296 2698 1349 restim
2739 1295 3026 1363 deaurato,
3066 1305 3143 1365 et,
3176 1301 3461 1374 Accingere

180 1367 257 1423 καὶ
273 1367 532 1435 βάναυσός
543 1371 660 1422 ἐστι
677 1371 784 1431 πᾶς
797 1369 1047 1441 τεχνίτης
1057 1368 1144 1422 διὰ
1160 1370 1333 1442 πυρὸς
1350 1371 1734 1443 ἐργαζόμενος.

1835 1378 2016 1448 gladio
2065 1398 2223 1452 super
2253 1384 2430 1453 femur
2460 1395 2631 1450 (nunt,
2662 1390 3034 1456 potentissime
3053 1401 3104 1443 ει.
3144 1391 3241 1449 Est
3274 1403 3458 1449 autem

175 1461 471 1531 rhomphzea
495 1462 843 1518 barbaricum
889 1462 1081 1528 telum,
1113 1471 1172 1517 ut
1214 1462 1292 1517 ait
1338 1461 1678 1535 Phylarchus
1722 1467 2042 1531 historicus.
2084 1473 2354 1533 Similiter
2384 1483 2438 1533 et
2477 1477 2824 1536 fornacarius
2879 1488 2967 1535 cst
3023 1484 3207 1539 omnis
3263 1486 3460 1543 artifex

179 1558 258 1630 qui
289 1572 379 1626 per
406 1557 589 1626 ignem
622 1566 904 1627 operatur.

234 1648 333 1700 Καὶ
365 1647 574 1714 δαῖτάς
606 1665 792 1715 τινας.
827 1649 1025 1714 Δαίτάς
1050 1667 1203 1714 τινας
1232 1649 1331 1714 τὰς
1360 1650 1596 1722 εὐωχίας
1631 1668 1736 1723 φη-

176 1742 264 1806 σιν,
297 1739 369 1804 ὡς
397 1742 455 1794 ὲν
490 1741 574 1812 τῷ
601 1741 936 1813 Εὐαγγελίῳ,
964 1743 1053 1796 ὅτε
1099 1745 1128 1796 ὁ
1170 1744 1366 1814 μόσχος
1405 1745 1434 1796 ὁ
1475 1743 1737 1810 σιτευτὸς,

174 1835 334 1890 καὶτὰ
357 1835 543 1899 λοιπὰ,
577 1836 784 1904 γίνεται
820 1837 879 1888 ἐν
913 1835 992 1907 τῷ
1023 1835 1216 1907 ἀσώτῳ
1249 1837 1370 1908 υἱῷ.

1909 1655 1980 1710 Et
2028 1658 2267 1714 convivia
2319 1657 2586 1730 quwdam.
2659 1658 2926 1716 Convivia
2989 1665 3246 1734 quaedam
3298 1682 3463 1729 vocat

1838 1749 2029 1820 epulas
2059 1757 2120 1804 ut
2151 1758 2238 1806 est
2271 1751 2328 1804 in
2357 1751 2657 1822 Evangelio
2683 1762 2729 1816 τ,
2762 1768 2887 1807 cum
2921 1755 3134 1814 vitulus
3167 1761 3460 1832 saginatus

1840 1839 2132 1904 occiditur,
2161 1849 2297 1905 etc.,
2344 1843 2400 1897 in
2431 1843 2612 1897 reditu
2647 1843 2740 1896 filii
2774 1843 3016 1916 prodigi.

235 1927 304 1981 Td
337 1927 632 1996 πολυειδῆ
657 1929 751 1987 καί
779 1927 952 1992 λοξὰ.
990 1927 1288 2000 Ἀμαρτίας
1313 1928 1657 1997 ἐπαγγελιῶν
1684 1930 1738 1981 ἐν

1919 1932 2245 2002 Multiplices
2273 1943 2326 1987 et
2369 1934 2635 2004 obliquas.
2670 1932 3086 1992 Frustrationes
3115 1941 3446 2008 promissio-

171 2016 359 2081 τούτοις
381 2018 516 2090 φησὶ
537 2017 601 2070 τὸ
620 2017 678 2072 ἔν
698 2036 808 2072 τισι
827 2018 936 2072 τῶν
961 2019 1101 2090 προρ
1110 2019 1341 2089 ῥήσεων,
1363 2019 1505 2072 κατὰ
1527 2019 1588 2072 τὸ
1605 2019 1742 2090 πρό-

171 2126 332 2180 χειρον
354 2110 552 2172 δοκεῖν,
584 2111 659 2183 μὴ
685 2111 835 2174 τέλος
861 2110 1047 2164 λαϐεῖν
1074 2110 1142 2164 τὰ
1163 2111 1592 2181 ἐπαγγελθέντα’
1632 2107 1746 2166 οἷόν

171 2203 315 2266 ἐστιν,
349 2202 424 2266 ὡς
457 2203 524 2256 ἐκ
560 2201 771 2256 πολλῶν
807 2203 965 2273 ὀλίγα
995 2203 1356 2274 παραθέσθαι,
1395 2205 1456 2258 τὸ
1486 2205 1621 2276 πρὸς
1652 2205 1744 2258 τὸν

180 2294 352 2348 Ἰακὼϐ
399 2295 614 2365 λεχθένο
674 2297 862 2349 Γίνου
896 2296 1100 2365 κύριος
1146 2296 1252 2350 τοῦ
1290 2296 1558 2366 ἀδελφοῦ
1601 2313 1737 2351 σου·

169 2388 250 2439 καὶ
277 2387 341 2440 τὰ
371 2389 498 2459 περὶ
527 2388 632 2459 τῆς
662 2387 923 2459 διαμονῆς
957 2389 1056 2458 τῆς
1089 2389 1170 2451 εἰς
1206 2389 1306 2459 τὴν
1339 2387 1613 2458 βασιλείαν
1645 2388 1740 2442 τοῦ

171 2477 464 2550 σπέρματος
505 2478 697 2545 Δαυὶδ,
732 2479 876 2549 ἆπερ
920 2479 977 2532 ἐν
1020 2477 1099 2548 τῷ
1141 2481 1409 2548 προφανεί
1445 2478 1744 2550 διήμαρτον

167 2569 252 2639 τῆς
277 2569 576 2636 ἐκϐάσεως,
608 2569 750 2626 κατὰ
769 2570 825 2622 δὲ
852 2571 952 2640 τὴν
979 2569 1186 2643 ἀκριϐῆ
1211 2569 1442 2641 θεωρίαν
1466 2570 1738 2641 οὐδαμῶς.

168 2660 231 2713 Τὸ
257 2662 348 2732 μὲν
370 2663 480 2734 γὰρ
506 2661 607 2716 τοῦ
651 2661 844 2716 Ἰακὼϐ
871 2662 958 2715 διὰ
985 2663 1086 2732 τῆς
1106 2663 1213 2716 τῶν
1235 2661 1294 2726 ἐξ
1317 2661 1483 2715 αὐτοῦ
1514 2664 1746 2733 ἐπικρα-

165 2753 296 2817 τείας
337 2755 433 2809 καὶ⁸
477 2755 583 2826 τῆς
622 2754 701 2818 εἰς
743 2754 984 2825 Χριστὸν
1013 2755 1307 2825 ἀναγωγῆς
1366 2755 1740 2827 πεπλήρωται,

165 2843 333 2917 ὥσπερ
359 2847 451 2900 καὶ
476 2848 536 2901 αἱ
563 2846 702 2917 πρὸς
721 2846 813 2898 τὸν
855 2844 1106 2916 Ἀϐραὰμ
1137 2845 1462 2914 ἐπαγγελίαι
1489 2847 1618 2917 περὶ
1643 2847 1742 2916 τῆς

163 2939 530 3010 κατασχέσεως
565 2939 669 3009 τῆς
711 2940 814 3010 γῆς
847 2939 941 2992 καὶ
980 2939 1080 3010 τῆς
1120 2938 1228 2992 τῶν
1265 2937 1433 2992 ἐθνῶν
1471 2939 1737 3007 εὐλογίας.

166 3030 234 3083 Τὰ
257 3032 310 3084 δὲ
333 3034 469 3104 πρὸς
497 3032 666 3086 Δαυ“ιδ
691 3032 866 3103 μόνως
893 3033 973 3094 είς
998 3031 1089 3084 τὸν
1119 3031 1353 3102 Χριστὸν
1379 3032 1732 3104 ἀναφέρεται.

174 3123 384 3194 Ὁμοίως
433 3125 492 3179 δὲ
541 3125 638 3178 καί⁸
680 3124 751 3178 τὰ
804 3128 931 3198 περὶ
978 3125 1321 3196 Σολομῶντος
1377 3124 1639 3179 δοκοῦντα
1681 3127 1738 3178 ἐν

162 3216 230 3286 τῷ
260 3217 332 3288 μᾶ
381 3217 642 3290 εἰρῆσθαι
673 3217 894 3288 ψαλμῷ.
946 3218 1058 3282 Τὰς
1093 3213 1186 3271 οὖν
1215 3219 1271 3270 ἐν
1301 3216 1512 3281 τούτοις
1541 3216 1740 3289 ἐξηγη-

1844 2041 1977 2080 num
2016 2033 2178 2081 vocat
2208 2026 2322 2091 hic,
2371 2043 2496 2082 cum
2539 2043 2624 2091 ea,
2659 2043 2784 2098 quae
2831 2030 3107 2098 promissa
3151 2039 3300 2099 sunt,
3333 2049 3442 2090 non

1844 2118 2102 2174 videntur
2136 2118 2202 2173 ad
2246 2119 2458 2175 exitum
2487 2121 2783 2191 producta,
2817 2132 3088 2192 quatenus
3125 2125 3314 2180 sensui
3344 2142 3440 2196 ap.

1844 2220 2020 2283 paret,
2053 2211 2205 2266 verbi
2238 2213 2440 2282 gratia,
2473 2221 2534 2267 ut
2571 2229 2634 2267 ex
2665 2213 2831 2286 324
2875 2217 3062 2271 multis
3090 2232 3266 2287 pauca
3298 2218 3440 2276 refe-

1844 2320 1983 2369 ram,
2033 2303 2179 2374 quod
2225 2305 2562 2374 promissum
2620 2304 2723 2358 fuit
2764 2305 2936 2361 Jacob
2969 2325 2982 2360 :
3015 2305 3145 2360 Esto
3189 2307 3437 2363 dominus

1844 2393 2030 2463 fratris
2070 2394 2148 2446 tui
2179 2405 2240 2456 9;
2274 2400 2330 2449 et
2357 2393 2428 2448 de
2455 2394 2821 2464 perpetuitate
2883 2395 3035 2466 reg-ni
3074 2396 3302 2450 seminis
3333 2397 3438 2451 Da-

1843 2487 1957 2550 vid,
1987 2501 2108 2557 quae
2136 2485 2396 2540 videntur
2425 2485 2576 2540 exitu
2619 2485 2883 2541 frustrata
2927 2486 3233 2541 secundum
3269 2503 3435 2558 appa-

1843 2579 2102 2646 rentiam,
2141 2579 2235 2635 sed
2283 2593 2628 2649 nequaquam
2665 2578 2970 2633 secundum
3003 2579 3305 2650 perfectam
3348 2581 3436 2635 in—

1842 2673 2197 2744 telligentiam
2245 2673 2493 2743 spiritus.
2536 2670 2695 2738 Quod
2746 2671 2890 2726 enim
2947 2672 3282 2741 promissum
3329 2671 3435 2727 fuit

1843 2762 2014 2820 Jacob
2039 2765 2106 2820 de
2134 2763 2442 2831 dominatu,
2472 2765 2758 2834 impletum
2789 2771 2874 2818 est
2908 2763 2962 2817 in
2991 2763 3214 2819 Christo
3241 2780 3306 2819 ex
3341 2780 3431 2819 se—

1843 2856 1991 2911 mine
2023 2855 2176 2925 ejus;
2212 2855 2357 2910 sicut
2387 2854 2552 2909 etiam
2574 2853 2974 2924 promissiones
3008 2853 3164 2909 factae
3196 2855 3436 2911 Abrahae

1842 2945 1910 3000 de
1962 2945 2318 3014 possessione
2373 2952 2553 3009 terrae,
2603 2950 2658 2997 et
2714 2942 3100 2997 benedictione
3157 2943 3427 3013 gentium.

1843 3031 1974 3098 Quae
2003 3037 2182 3086 autem
2214 3029 2282 3084 ad
2313 3029 2484 3084 David
2526 3040 2674 3094 sunt,
2713 3031 2776 3084 ad
2816 3031 2992 3086 sol-um
3021 3030 3303 3088 Christum
3337 3048 3430 3088 re-

1844 3123 2112 3178 feruntur.
2165 3121 2430 3178 Similiter
2466 3123 2629 3177 etiam
2657 3139 2779 3192 ιιιιιε
2822 3122 2890 3178 de
2931 3121 3245 3192 Salomone,
3277 3124 3425 3181 Psal.

1845 3231 1990 3280 xm,
2025 3215 2169 3271 dicta
2206 3222 2356 3271 sunt.
2389 3213 2584 3270 Varias
2624 3216 2810 3284 itaque
2856 3215 2912 3269 in
2961 3216 3048 3272 bis
3078 3219 3428 3289 acceptioncs

163 3310 300 3374 τικὰς
329 3311 641 3374 ἀποδόσεις,
676 3311 739 3363 τὸ
767 3311 1008 3364 ποικίλον
1041 3309 1291 3382 ἐχούσας,
1328 3310 1583 3381 πολυειδῆ
1612 3309 1738 3362 ἐκά-

1848 3307 2112 3362 diversam
2141 3305 2562 3376 explicationem
2595 3305 2947 3361 admittentes
2980 3306 3305 3378 multipiicia
3339 3324 3430 3362 so-

162 3401 268 3455 λεσε
312 3406 664 3476 σοφίσματα,
707 3404 804 3474 οὐχ
838 3404 914 3467 ὼς
956 3402 1436 3474 παραλογιστικῶς
1479 3400 1738 3473 τεχναζό-

166 3513 287 3563 μενα
320 3498 420 3568 τὴν
450 3495 733 3567 ἀλήθειαν,
766 3495 880 3548 ἀλλ’
907 3495 984 3559 ὼς
1021 3496 1210 3565 σαφῶς
1235 3494 1650 3550 ἀναπτύσσοντα
1676 3493 1737 3548 τὸ

163 3584 307 3657 ζητού
315 3606 494 3659 μενον.

223 3676 374 3750 [Περὶ
407 3678 507 3732 τοῦ
545 3680 828 3749 ’ᾼσματος
850 3675 958 3730 τῶν
989 3677 1268 3748 ᾀσμάτων,
1303 3676 1384 3730 ὅτι
1420 3676 1574 3745 ἅγιον
1597 3675 1739 3730 κατὰ

159 3771 268 3834 τοὺς
291 3773 478 3842 ἁγίους
496 3772 724 3834 τούτους
745 3788 757 3802 ’
788 3770 1065 3842 Θεόδωρος
1091 3770 1200 3839 γὰρ
1216 3773 1244 3823 ό
1268 3768 1614 3839 Μοψυεστίας
1633 3768 1738 3822 διέ-

159 3860 306 3918 ϐαλεν
330 3866 464 3921 αὐτὸ
486 3864 717 3934 ἠλιθίως
747 3863 937 3935 πάνυ.]

221 3957 339 4011 Τῶν
371 3955 798 4026 συνθημάτων.
838 3953 1014 4026 Συνθη
1023 3954 1208 4026 μάτων
1240 3954 1373 4024 φησι
1403 3952 1512 4006 τῶν
1539 3952 1740 4023 συμϐο-

157 4047 306 4114 λικῶς
347 4051 682 4122 γινομένων,
720 4048 756 4104 ἃ
800 4048 946 4120 ὑπὲρ
989 4048 1220 4109 ἑαυτῶν,
1268 4045 1548 4098 τουτέστιν
1599 4045 1738 4116 ὑπὲρ

156 4137 238 4190 τοῦ
274 4140 448 4205 οὓτως
478 4143 523 4174 ⁶¹
559 4139 798 4193 νοεῖσθαι
831 4138 992 4204 αὐτὰ,
1026 4137 1104 4201 ὡς
1140 4137 1204 4190 τὸ
1241 4135 1563 4207 φαινόμενον
1603 4135 1737 4205 ἔχει,

155 4231 238 4283 καὶ
283 4232 343 4285 τὸ
391 4233 636 4304 γράμμα
693 4230 866 4300 ψιλῶς
924 4229 1283 4302 ὑπαγορεύειο
1323 4229 1386 4282 οὐ
1422 4229 1739 4301 τυπωθῆναί

156 4339 323 4392 φησιν,
355 4325 497 4378 ἀλλὰ
530 4322 902 4395 προκάλυμμα
930 4319 1069 4378 εἶναι
1099 4325 1193 4378 καὶ
1233 4324 1402 4380 τύπον
1429 4325 1538 4380 τῶν
1575 4325 1740 4396 βαθυ-

153 4412 312 4484 τέρων
340 4417 588 4488 νοήσεων
621 4415 716 4468 καὶ
758 4415 1096 4487 ὐπολήψεων.
1133 4417 1306 4470 Τοῦτο
1334 4418 1390 4472 δέ
1424 4436 1609 4490 φησιν,
1657 4419 1739 4472 ὅτι

152 4505 214 4559 τὰ
240 4507 486 4580 σύμϐολα
534 4512 632 4580 οὐχ
672 4511 812 4583 ὑπὲρ
845 4512 1055 4566 ἐαυτῶν
1083 4513 1152 4568 τὰ
1186 4514 1500 4587 συνθήματα
1537 4514 1607 4568 τὰ
1647 4533 1739 4586 μυο

156 4602 302 4656 στικὰ
353 4603 687 4674 ἐπενόησαν,
722 4605 857 4660 ἀλλὰ
894 4605 982 4659 διὰ
1023 4608 1150 4670 τοὺς
1195 4606 1463 4672 ἀναξίους,
1505 4608 1594 4660 ἵνα
1628 4607 1734 4677 μὴ,

152 4695 486 4768 προκείμενα
517 4695 722 4761 αὐτοῖς,
753 4697 1206 4770 εὐκαταφρόνητα
1237 4697 1442 4769 δοκοίη.

218 4792 334 4861 Τὴν
373 4795 500 4864 μὲν
551 4793 904 4862 ἀπόρῤητον.
955 4795 1066 4866 Τὴν
1122 4796 1221 4867 μὲν
1266 4796 1579 4869 ἀπόρρητον
1637 4799 1731 4849 καὶ

152 4886 407 4958 μυστικὴν
441 4884 748 4956 παράδοσιν
777 4887 876 4956 τῆς
902 4886 1128 4957 Γραφῆς
1159 4886 1331 4959 αὐτὴν
1362 4886 1731 4957 ἐπεξηγεῖται,

149 4975 316 5032 καλῶν
364 4977 730 5049 συμϐολικὴν,
775 4978 870 5032 ἆτε
911 4977 1001 5032 διὰ
1041 4980 1326 5051 συμϐόλων
1363 4981 1736 5053 χρησμοδοτη-

148 5063 351 5121 θεῖσαν·
403 5068 550 5124 ἀλλὰ
591 5069 686 5123 καὶ
728 5068 1064 5140 τελεστικὴν,
1111 5073 1187 5136 ὡς
1223 5072 1324 5139 τὰς
1363 5072 1586 5136 τελετὰς
1623 5071 1734 5126 τῶν

151 5161 455 5232 μυστηρίων
487 5160 548 5212 ἐν
577 5158 866 5230 συμϐόλοις
907 5161 1306 5232 παραδιδοῦσαν
1332 5163 1422 5216 διὰ
1454 5163 1553 5233 τῆς
1589 5164 1737 5234 ἱερα-

145 5251 294 5322 τικῆς
337 5251 721 5325 παραδόσεως.
767 5250 983 5323 Ταύτην
1026 5251 1082 5306 δὲ
1121 5253 1220 5324 τὴν
1263 5254 1576 5326 ἀπόρρητον
1615 5254 1737 5324 ῆτοι

150 5343 478 5417 συμϐολικήν
523 5360 688 5416 φησιν
733 5342 877 5414 ἔχειν
906 5345 1404 5418 συμπεπλεγμένην
1445 5346 1524 5416 τῷ
1563 5345 1734 5416 ῥητῷ,

147 5436 382 5492 τουτέστι
420 5435 505 5507 τῷ
539 5433 770 5507 ῥηθῆναι
817 5435 1274 5508 ἐπιτετραμμένῳ
1322 5437 1598 5508 συμϐόλῳ,
1644 5439 1737 5490 καὶ⁵

146 5524 202 5578 τὸ
227 5527 470 5602 ἄρρητον
501 5527 623 5600 ῆτοι
663 5527 944 5599 μυστικόν.
991 5528 1383 5584 Συνεσκίασται
1413 5529 1523 5601 γὰρ
1565 5531 1623 5582 ἐν
1656 5528 1736 5600 τῷ

215 5699 370 5753 rlsa.
400 5715 490 5755 ιιι.
565 5708 596 5750 ει
625 5697 774 5756 Psal.
804 5716 951 5770 κων,
983 5703 1071 5770 10,
1103 5703 1160 5758 4.

1842 3398 2116 3469 phismata
2143 3397 2383 3462 vocavit,
2415 3410 2527 3450 non
2559 3394 2720 3465 quasi
2753 3401 2947 3466 argute
2975 3409 3041 3450 ac
3064 3395 3308 3466 captiose
3335 3413 3428 3452 vc-

1841 3489 2059 3543 ritatem
2097 3487 2382 3552 deludant,
2427 3485 2525 3543 sed
2565 3487 2712 3542 clare
2745 3486 2799 3542 id
2847 3486 2998 3558 quod
3030 3487 3298 3558 quaeritur
3327 3504 3426 3544 ex-

1842 3585 2066 3656 plicent.

1916 3676 2015 3750 [De
2050 3675 2278 3732 Cantico
2319 3675 2856 3749 canticorum,quod
2901 3692 3122 3734 sacrum
3167 3679 3239 3736 sit
3271 3679 3426 3750 juxta

1842 3777 2066 3827 sanctos
2097 3770 2236 3826 istos
2263 3789 2275 3824 :
2311 3766 2638 3826 Theodorus
2668 3771 2817 3827 enim
2842 3770 3264 3843 Mopsuestenus
3293 3771 3425 3826 illud

1840 3865 2066 3924 omnino
2095 3863 2289 3918 insane
2323 3863 2654 3933 contempsit
2691 3873 2745 3919 et
2772 3862 2996 3918 infamia
3027 3863 3283 3935 notavit.]

1914 3956 2387 4026 Compositionum.
2413 3954 2855 4026 Compositiones
2897 3957 3151 4027 intelligit
3179 3971 3273 4010 eas
3306 3970 3428 4025 qua:

1843 4049 2142 4122 symbolice
2187 4047 2345 4113 ﬁunt,
2383 4048 2477 4118 qui
2522 4064 2632 4103 non
2673 4063 2774 4118 pro
2825 4047 3025 4118 seipsis
3073 4046 3233 4102 factas
3271 4060 3423 4108 sum,

1841 4142 1948 4197 hoc
1989 4148 2094 4208 est,
2128 4149 2190 4196 ut
2232 4141 2313 4198 sic
2358 4141 2492 4212 ipsa:
2519 4140 2925 4212 eoneipiantur,
2964 4139 3423 4210 quemadmodum

1843 4236 2063 4307 signum
2102 4236 2446 4306 propositum
2480 4234 2747 4301 continet,
2782 4243 2836 4289 et
2880 4233 3025 4288 nuda
3055 4233 3241 4288 littera
3288 4233 3428 4288 insi-

1841 4337 2007 4395 nuat;
2040 4328 2136 4384 sed
2165 4329 2495 4392 velamenta,
2529 4327 2729 4397 inquit,
2763 4335 2892 4382 sunt
2924 4337 2978 4382 et
3011 4327 3184 4398 ﬁgura
3216 4328 3425 4384 intelli-

1843 4421 2151 4494 gentiarum
2197 4435 2260 4474 ac
2305 4435 2566 4476 sensuum
2601 4418 3046 4490 profundiorum.
3079 4419 3194 4474 lloc
3243 4428 3428 4474 autem

1845 4516 1938 4581 ait,
1968 4513 2116 4584 quod
2140 4512 2382 4583 symbola
2413 4528 2525 4565 non
2555 4518 2779 4582 propter
2806 4510 3066 4582 mysticas
3100 4511 3250 4581 ipsas
3275 4525 3424 4564 eom-

1846 4607 2146 4679 positiones
2184 4604 2570 4676 exeogitarint,
2620 4603 2713 4659 sed
2760 4611 2993 4674 propter
3026 4603 3304 4674 indignos,
3334 4619 3428 4669 ne,

1771 4677 1815 4732 Ῐ)
1843 4677 1892 4756 si
1914 4699 1982 4754 iis
2003 4697 2167 4753 obvia
2198 4697 2402 4760 forent,
2443 4695 2606 4752 facile
2633 4694 2974 4766 contemptui
3003 4697 3356 4751 haberentur.

1922 4790 2094 4845 Unam
2124 4788 2334 4861 quidem
2365 4805 2641 4845 arcanam.
2665 4788 2938 4844 Arcanam
2974 4785 3196 4858 quidem
3221 4795 3275 4843 et
3316 4803 3433 4859 my-

1841 4884 2035 4940 sticam
2065 4880 2367 4953 Scriptura
2386 4881 2735 4936 traditionem
2759 4880 3022 4951 explicat,
3054 4881 3184 4935 dum
3213 4879 3435 4950 symbo-

1847 4977 2010 5033 licam
2064 4982 2245 5036 vocat,
2279 4980 2471 5044 utpote
2516 4987 2614 5043 per
2650 4973 2898 5044 symbol'a
2927 4972 3220 5038 traditam;
3277 4983 3434 5023 eam-

1842 5069 2075 5138 demque
2092 5065 2412 5135 τελεστικήν
2442 5064 2698 5135 appellat,
2725 5072 2786 5118 ut
2810 5078 2931 5134 qua:
2961 5066 3433 5118 sacramentorum

1841 5159 2187 5215 cmrimonias
2231 5159 2288 5213 in
2344 5157 2609 5228 symbolis
2660 5156 2844 5211 tradat
2884 5171 2980 5227 per
3037 5151 3432 5211 sacerdotalem

1839 5250 2210 5306 traditionem.
2238 5248 2393 5303 lianc
2425 5254 2606 5303 autem
2629 5261 2886 5304 arcanam
2925 5246 3043 5302 sive
3072 5242 3432 5316 symbolicam

1841 5342 1976 5397 dicit
2005 5342 2257 5398 oratione
2300 5340 2595 5411 implexam
2627 5354 2774 5404 esse,
2830 5338 2884 5393 id
2918 5347 3003 5394 est
3044 5334 3281 5407 proferri
3323 5347 3433 5388 una

1840 5449 1967 5491 cum
1995 5433 2245 5505 symbolo
2275 5433 2381 5487 sibi
2413 5432 2852 5496 accommodato,
2873 5429 3020 5500 quod
3053 5436 3235 5484 tamen
3265 5426 3430 5483 etiam

1811 5563 1814 5567 -
1844 5540 2107 5582 arcanum
2144 5531 2228 5580 est
2258 5540 2356 5582 seu
2389 5525 2706 5596 mysticum.
2738 5522 2956 5579 Veritas
2993 5522 3148 5578 enim
3179 5520 3237 5578 in
3282 5532 3432 5590 sym-

1242 5712 1258 5740 ι
1290 5701 1424 5758 Luc.
1467 5719 1556 5756 xv.
1637 5708 1659 5738 ³
1693 5699 1830 5758 Gen.
1866 5714 2038 5764 xxvu,
2067 5697 2158 5753 ‘29.

1103 5842 1338 5899 VARUE
1375 5841 1763 5901 LECTIONES
1797 5842 1885 5900 ΕΤ
1921 5836 2471 5898 CORRECTIONES.

212 5928 248 5960 "
270 5930 462 5992 ὅντως.
