3886 6552
227 399 330 458 565

1138 394 1202 452 S.
1231 394 1482 452 MAXIMI
1518 391 1811 452 SCHOLIA
1843 390 1913 447 IN
1947 390 2095 446 EPP.
2134 390 2190 446 S.
2230 389 2546 447 DIONYSII.

3367 391 3471 447 566

292 513 392 567 Διὰ
423 511 690 580 τυπικῆς
715 511 1144 581 τραπεζώσεως.
1179 514 1536 585 Τραπέςωσίν
1565 530 1696 582 φησι
1733 511 1778 564 τέ

1986 511 2091 565 Per
2125 511 2352 581 lypicam
2393 527 2644 564 mensam.
2694 509 3048 582 Τραπέζωσιν
3091 511 3247 561 vocat
3280 520 3344 561 ea
3382 521 3470 561 sa-

227 608 280 660 ὲν
306 609 372 677 τῇ
421 605 546 676 θείᾳ
593 605 846 678 τραπέζῃ
884 605 972 658 διὰ
1017 604 1111 658 τοῦ
1166 606 1318 675 ἁγίου
1356 607 1522 678 άρτου
1564 605 1658 658 καὶ
1701 603 1796 657 τοῦ

225 699 476 771 ποτηρίου
509 699 614 770 τῆς
635 699 885 768 εὐλογίας
908 698 1206 770 τελούμενα
1239 700 1527 771 μυστήρια.
1553 699 1798 769 Σημείω-

224 808 308 845 σαι
338 792 394 844 δὲ
447 793 530 844 ὅτι
559 793 654 845 καὶ
688 794 721 863 ὴ
767 791 966 844 παλαιά
998 792 1090 844 καὶ
1117 793 1150 862 ἡ
1176 791 1270 845 νέα
1293 791 1481 862 Γραφὴ
1515 789 1684 844 πολλὰ
1709 789 1796 843 διά

223 883 498 953 συμϐόλων
530 883 900 953 παραδίδωσι,
936 883 1030 935 καὶ
1055 882 1142 936 διὰ
1173 883 1246 936 τί.

284 971 368 1045 [α]
423 973 550 1042 Τὴν
600 974 980 1041 ἀνθρωπίνην
1027 971 1194 1039 ζωήν.
1263 973 1579 1045 Ἀμέριστον
1642 967 1793 1043 οἶμαι

218 1065 490 1136 εἰρηκέναι
525 1065 690 1118 αὐτὸν
721 1065 819 1136 τὴν
847 1066 1191 1136 ἀνθρωπίνην
1215 1065 1358 1136 ζωὴν
1381 1066 1473 1118 καὶ
1508 1063 1788 1136 μεριστὴν,

215 1155 272 1208 τὸ
306 1156 402 1226 μὲν
435 1155 526 1209 διὰ
577 1156 640 1209 τὸ
670 1157 769 1226 τῆς
818 1156 994 1227 ψυχῆς
1031 1157 1233 1228 ἀμερὲς
1265 1158 1359 1210 καὶ
1393 1155 1701 1225 ἀσώματον,
1732 1154 1792 1206 τὸ

217 1246 268 1298 δὲ
298 1245 385 1299 διὰ
415 1247 478 1300 τὸ
522 1246 622 1300 τοῦ
660 1246 908 1317 σώματος
948 1248 1191 1302 ποικίλον
1231 1265 1289 1301 τε
1332 1249 1424 1300 καὶ
1465 1247 1788 1318 πολυμερές.

218 1340 350 1410 Ὀρα
378 1339 436 1392 δὲ
456 1379 471 1403 ,
506 1339 629 1403 πῶς
661 1340 979 1410 θαυμασίως
1006 1339 1076 1394 τὰ
1099 1340 1199 1410 τῆς
1229 1340 1405 1410 ψυχῆς
1434 1338 1785 1410 παραδίδωσι.

216 1429 282 1481 Tb
331 1431 428 1500 μὲν
460 1430 575 1502 γὰρ
619 1431 788 1502 αὐτῆς
818 1431 1112 1502 ἁμέριστόν
1146 1447 1342 1501 φησιν,
1377 1429 1406 1482 ὃ
1451 1429 1540 1482 καὶ
1582 1428 1789 1492 ἀπαθὲς

215 1521 391 1574 καλεῖο
428 1523 597 1575 τοῦτο
639 1522 694 1574 δέ
727 1524 844 1575 ἐστι
877 1522 937 1574 τὸ
963 1523 1061 1592 τῆς
1088 1521 1265 1592 ψυχῆς
1303 1520 1784 1593 ἁκραιφνέστατον,

211 1615 298 1666 καὶ
324 1614 475 1678 αὐτὸ,
523 1614 602 1677 ὡς
640 1613 706 1667 ἄν
752 1631 837 1677 τις
879 1613 1057 1677 εἴποι,
1101 1612 1162 1666 τὸ
1194 1612 1384 1676 ἄνθος,
1419 1613 1554 1683 ὅπερ
1585 1611 1727 1664 ἐστὶν
1758 1612 1786 1662 ὁ

208 1704 358 1770 νοῦς,
392 1707 421 1758 ὁ
455 1706 552 1759 καὶ¹
594 1706 656 1758 τὸ
695 1705 910 1774 λογικὸν
949 1706 1214 1776 προχέων,
1257 1704 1379 1758 καθ’
1423 1705 1480 1757 ὃν
1525 1703 1646 1756 νοῦν
1693 1702 1785 1756 καὶ

208 1798 360 1868 νοερὰ
391 1800 424 1868 ἡ
461 1797 644 1868 ψυχὴ,
679 1797 736 1848 ὲν
771 1790 923 1867 ᾧπερ
949 1797 1023 1868 νῷ
1051 1796 1119 1849 τὰ
1155 1796 1297 1849 ἁπλᾶ
1327 1795 1421 1849 καὶ⁸
1459 1789 1569 1848 οἷον
1600 1793 1782 1865 γυμνὰ

208 1889 482 1960 συμϐόλων
535 1889 703 1960 χωρὶς
739 1889 1014 1960 μυστήρια
1057 1886 1369 1957 ἐπιστητῶς
1402 1886 1779 1940 ἐποπτεύεται.

206 1983 273 2035 Τὺ
309 1982 364 2034 δὲ
396 1981 574 2051 αὐτῆς
609 1982 858 2052 μεριστόν
905 1981 1074 2043 ἐστιν,
1114 1979 1143 2032 ὃ
1176 1980 1269 2032 καὶ
1303 1979 1598 2051 παθητικόν
1630 1997 1780 2050 φησι,

203 2069 354 2123 τοῦτο
389 2071 448 2124 δέ
484 2072 688 2140 ἐστινὴ
728 2071 826 2141 τῆς
853 2069 1032 2140 ψυχῆς
1060 2069 1361 2140 δύναμις.ἡ
1399 2070 1534 2140 πρὸς
1565 2069 1664 2134 τὰς
1697 2070 1781 2122 αἱ-

207 2159 416 2231 σθήσεις
451 2160 723 2229 ἐνουμένη
759 2157 847 2212 διὰ
878 2159 972 2212 τοῦ
1008 2159 1318 2230 πνεύματος
1357 2159 1450 2212 τοῦ
1489 2160 1652 2230 μέσου
1682 2158 1782 2228 τῆς

200 2252 368 2322 ψυχῆς
401 2252 500 2305 καὶ
536 2252 630 2304 τοῦ
673 2251 949 2323 σώματος,
987 2254 1045 2304 ὲν
1181 2251 1446 2322 πνεύματι
1493 2255 1782 2321 ἐναπεστη-

204 2346 448 2417 ριγμέναι
482 2345 622 2397 εἰσιν
653 2345 709 2398 αἱ
740 2345 836 2415 τῆς
867 2344 1169 2414 αἰσθήσεως
1199 2344 1290 2397 καὶ
1324 2344 1432 2396 τῶν
1459 2344 1779 2416 διανοήσεων

200 2438 300 2491 τῶν
321 2437 409 2491 διὰ
443 2439 546 2509 τῆς
575 2437 819 2508 σκέψεως
845 2436 1261 2508 γνωριζομένων
1299 2437 1579 2507 δυνάμεις.
1612 2436 1780 2488 Τοῦτο

197 2524 283 2583 οῦν
315 2529 621 2601 παθητικόν
654 2531 769 2582 ἐστι
809 2530 908 2600 τῆς
946 2529 1123 2601 ψυχῆς
1144 2569 1158 2593 ,
1195 2529 1288 2583 ἅτε
1334 2530 1422 2583 διὰ
1453 2529 1560 2583 τῶν
1593 2529 1780 2595 αἰσθή-

199 2634 327 2671 σεων
359 2621 440 2682 εἰς
487 2619 862 2688 προσπάθειαν
911 2619 1114 2690 ταύτης
1181 2619 1292 2673 τῶν
1358 2620 1630 2691 αἰσθητῶν
1683 2639 1778 2674 καφ

198 2712 590 2783 ταφερομένης.
627 2711 798 2768 Τοῦτο
817 2713 875 2766 δὲ
905 2712 966 2766 τὸ
1002 2713 1194 2785 μέρος,
1237 2715 1369 2785 φέρε
1419 2716 1623 2779 εἰπεῖν,
1680 2716 1778 2785 τῆς

195 2800 398 2870 ψυχῆς,
456 2801 536 2866 ὡς
578 2804 607 2854 ό
652 2802 798 2866 νοῦς,
843 2803 942 2856 οὐκ
999 2803 1114 2856 ἔστι
1178 2803 1444 2875 καθαρὸν,
1492 2803 1613 2858 οὔτε
1647 2808 1775 2857 ἐπο-

197 2893 418 2947 πτεῦσαι
472 2894 700 2948 δύναται
747 2895 815 2948 τὰ
869 2895 986 2948 θεῖα
1030 2897 1122 2949 καὶ
1161 2897 1424 2968 ἐπιστητὰ
1472 2897 1564 2950 καὶ
1611 2898 1774 2969 νοητὰ

196 2980 439 3050 άμέσως,
477 2981 615 3034 ἀλλὰ
647 2983 816 3037 δεῖται
853 2985 1016 3055 μέσου
1053 2986 1197 3049 τινος
1230 2987 1533 3057 παχυτέρου
1558 3028 1572 3051 ,
1608 2989 1776 3042 καθά-

197 3088 293 3144 περ
313 3073 784 3143 χειραγωγοῦντος
809 3075 940 3129 αὐτὸ
969 3077 1060 3130 ἐπὶ
1091 3079 1158 3130 τὰ
1190 3079 1336 3132 ἁπλᾶ
1363 3080 1454 3133 καὶ
1483 3080 1771 3152 ἀμέριστα,

1899 611 2201 668 cramenta,
2223 618 2344 674 qua:
2389 604 2443 657 in
2474 603 2655 658 divina
2688 617 2876 660 mensa
2906 617 3003 670 per
3027 615 3242 655 sacrum
3275 614 3469 670 panem

1898 701 1954 749 et
2010 695 2233 750 calicem
2287 695 2684 750 benedictionis
2750 699 3075 749 consecrata
3128 698 3273 747 sunt.
3332 690 3468 748 Nota

1898 800 2050 848 vero,
2083 801 2207 840 cum
2239 788 2294 839 in
2327 789 2549 856 antiqua
2580 795 2692 840 tum
2725 787 2779 840 in
2810 800 2950 840 nova
2977 784 3093 854 lege
3125 783 3294 838 multa
3324 781 3466 836 tradi

1897 895 1995 948 per
2022 880 2293 951 symbola,
2324 888 2378 934 et
2409 895 2525 934 cur.

1971 973 2278 1026 Humanam
2340 975 2520 1026 vitam.
2610 971 2864 1026 Arbitror
2939 969 3232 1022 humanam
3295 967 3464 1019 vitam

1896 1064 2097 1134 ipsum,
2135 1063 2476 1118 individuam
2519 1070 2572 1117 et
2602 1061 2878 1118 dividuam
2909 1061 3134 1116 dixisse.
3181 1057 3315 1112 illud
3341 1057 3467 1126 qui-

1894 1156 2015 1210 dem
2045 1164 2269 1226 propter
2299 1156 2496 1210 animaz
2541 1153 2980 1209 individuitatem
3017 1159 3179 1221 atque
3208 1151 3465 1218 incorpo—

1892 1247 2163 1312 reitatem,
2225 1248 2329 1302 hoc
2382 1262 2512 1303 vero
2559 1255 2784 1317 propter
2837 1245 3086 1315 corporis
3134 1243 3340 1298 variam
3399 1257 3462 1297 ac

1893 1340 2348 1395 multimcmbrem
2420 1339 2854 1410 proportionem.
2933 1336 3174 1391 Observa
3237 1343 3460 1397 autem,

1889 1447 2053 1503 quam
2089 1431 2316 1486 miriﬁce
2347 1431 2525 1486 tradat
2549 1446 2613 1486 ea
2650 1446 2771 1501 qua:
2814 1437 2942 1485 sunt
2973 1428 3185 1482 animm.
3237 1425 3370 1479 Nam
3409 1424 3460 1478 id

1889 1523 2034 1593 quod
2064 1523 2186 1592 ejus
2207 1530 2312 1589 est,
2345 1531 2504 1578 vocat
2550 1521 2894 1577 individuum
2919 1530 3082 1591 atque
3112 1535 3305 1589 expers
3331 1535 3460 1589 pas-

1889 1615 2094 1685 sionis;
2161 1617 2265 1671 hoc
2311 1626 2489 1671 autem
2539 1623 2622 1671 est
2670 1616 2724 1670 id
2769 1615 2913 1685 quod
2963 1616 3017 1668 in
3063 1613 3243 1666 anima
3293 1613 3463 1666 subli-

1887 1708 2194 1763 missimum
2225 1717 2309 1764 est
2348 1717 2531 1778 alque,
2572 1716 2632 1763 ut
2662 1709 2735 1762 ita
2765 1708 2890 1777 quis
2925 1706 3094 1770 dicat,
3130 1705 3229 1760 ﬁos
3271 1706 3461 1768 animi,

1887 1800 2031 1870 quod
2068 1808 2154 1856 est
2185 1816 2361 1864 mens,
2398 1817 2428 1854 a
2450 1816 2558 1870 qua
2597 1800 2762 1855 etiam
2796 1798 3017 1869 proﬂuit
3041 1799 3124 1854 vis
3155 1799 3460 1858 rationalis.

1885 1894 2184 1947 secundum
2207 1907 2368 1963 quam
2393 1893 2555 1947 etiam
2585 1892 2763 1946 anima
2787 1891 3056 1962 intelligit.
3074 1889 3131 1944 In
3149 1891 3250 1944 hac
3283 1899 3462 1944 monte

1885 1985 2152 2054 simplicia
2189 1992 2244 2040 et
2273 1985 2429 2056 quasi
2477 1984 2619 2038 nuda
2665 1984 2924 2055 mysteria
2977 1983 3097 2038 sine
3146 1983 3461 2053 synibolicis

1884 2077 2022 2132 scite
2067 2077 2503 2147 conspiciuntur.
2563 2075 2698 2131 Pars
2749 2083 2931 2130 autem
2963 2075 3084 2144 ejus
3141 2074 3457 2135 divisibilis,

1882 2185 2045 2239 quam
2075 2177 2126 2224 et
2162 2168 2478 2238 passibilem
2510 2167 2766 2237 appellat,
2801 2174 2886 2220 est
2915 2181 2977 2220 ea
3004 2166 3088 2222 vis
3115 2165 3304 2229 animi,
3340 2182 3460 2234 qum

1885 2275 2010 2313 cum
2065 2260 2322 2316 sensibus
2383 2259 2570 2313 unitur
2616 2257 2886 2312 mediante
2932 2257 3127 2327 spiritu
3169 2259 3363 2312 animae
3406 2263 3461 2310 et

1882 2353 2168 2421 corporis;
2217 2352 2274 2405 in
2325 2365 2434 2421 quo
2477 2350 2672 2419 spiritu
2721 2349 2962 2405 fundata:
3012 2360 3140 2406 sunt
3187 2350 3457 2404 sentiendi

1881 2449 1937 2495 et
1986 2439 2359 2511 intelligendi,
2415 2457 2515 2497 nec
2565 2455 2674 2494 non
2730 2441 2983 2495 intuit’ive
3015 2441 3458 2510 .contemplanrlo

1882 2532 2270 2602 cognoscendi,
2328 2531 2640 2587 facultates.
2699 2530 2824 2586 l-lzec
2875 2532 3058 2602 itaque
3100 2548 3226 2602 pars
3264 2533 3458 2586 animae

1882 2623 2123 2693 patibilis
2161 2630 2264 2686 est,
2326 2623 2381 2677 in
2411 2631 2673 2693 quantum
2719 2639 2815 2693 per
2843 2639 3036 2679 sensus
3076 2625 3141 2678 ad
3175 2624 3453 2679 sensilium

1881 2713 2221 2768 affectionem
2270 2725 2664 2769 commovetur.
2706 2712 2832 2768 “me
2866 2723 3046 2770 autem
3088 2730 3239 2784 pars,
3282 2724 3341 2769 ut
3385 2716 3457 2768 ita

1879 2806 2084 2872 dicam,
2126 2805 2339 2864 animm.
2369 2822 2421 2860 ν.
2449 2821 2500 2876 g.
2530 2820 2718 2869 mens,
2767 2820 2874 2859 non
2917 2815 3000 2860 est
3040 2805 3264 2858 omnino
3296 2820 3451 2874 pura,

1879 2915 1981 2954 nec
2024 2913 2112 2952 res
2158 2897 2371 2952 divinas
2423 2906 2479 2952 et
2527 2897 2872 2952 intellectiles
2923 2912 2986 2950 ac
3031 2896 3307 2966 spiritales
3353 2896 3454 2948 im-

1879 2987 2116 3044 mediate
2161 2986 2408 3042 contueri
2458 2993 2675 3054 potest,
2728 2986 2822 3039 sed
2874 3000 3010 3055 opus
3058 2984 3220 3037 habet
3275 2984 3454 3038 medio

1877 3081 2116 3154 quodam
2188 3079 2461 3134 crassiore
2513 3079 2683 3147 ipsam
2738 3078 2896 3147 quasi
2947 3076 3346 3130 manuducentc
3385 3076 3452 3128 ad

194 3164 322 3236 ὅπερ
370 3169 518 3219 ποιεῖ
549 3167 616 3221 τὰ
656 3167 898 3240 σύμϐολα
928 3169 1018 3223 διὰ
1050 3170 1158 3223 τῶν
1202 3171 1493 3244 μεριστῶν,
1529 3175 1773 3229 τουτέστι

1887 3168 2146 3240 simplicia
2196 3165 2587 3237 individuaque
2615 3166 2762 3236 quod
2799 3166 3043 3237 symbola
3068 3172 3328 3235 praestant
3359 3181 3452 3234 per

191 3256 294 3312 τῶν
321 3258 600 3331 αἰσθητῶν
632 3259 726 3314 καὶ
757 3261 1093 3332 φαινομένων
1127 3263 1218 3316 ἐπὶ
1247 3264 1316 3318 τά
1348 3265 1562 3340 ἄρρητα
1613 3267 1768 3334 ξενα-

194 3365 336 3416 your.

388 3442 501 3497 Καὶ
554 3443 617 3496 τὸ
664 3444 782 3513 μὲν
837 3447 1063 3514 ἀπαθὲς
1107 3448 1217 3516 τῆς
1260 3451 1488 3520 ψυχῆς.
1541 3453 1767 3518 Ἀπαθὲς

191 3533 280 3603 τῆς
309 3534 492 3605 ψυχῆς
513 3537 575 3588 τὸ
601 3553 682 3589 νοε
693 3537 802 3608 ρὸν,
830 3539 927 3609 οὐχ
947 3539 1023 3604 ὼς
1046 3541 1220 3614 πάντη
1245 3545 1510 3615 ἀμέτοχον
1541 3547 1764 3612 πάθους,

191 3626 297 3678 ἀλλ’
329 3627 404 3691 ὡς
439 3626 640 3692 ἔξωθεν
673 3628 764 3682 τοῦ
798 3633 1027 3702 πάσχειν
1057 3633 1156 3686 οὐκ
1202 3634 1321 3705 ἕχον
1354 3637 1452 3700 τὰς
1479 3639 1764 3711 ἀφορμάς,

191 3716 372 3787 ῶσπερ
405 3718 469 3770 τὸ
504 3717 665 3789 σῶμα
699 3719 971 3784 πλείστοις
1003 3723 1310 3778 ὑποπίπτον
1341 3730 1530 3791 κακοῖς
1553 3730 1594 3760 θ’
1631 3746 1766 3799 συμ-

190 3809 507 3881 πτώμασιν,
544 3811 689 3882 ἅπερ
729 3813 762 3881 ἡ
796 3813 938 3884 ψυχὴ
991 3813 1117 3867 ἄνευ
1150 3815 1251 3884 τῆς
1282 3815 1488 3880 οἰκείας
1530 3820 1766 3872 ὲκουσιό-

187 3917 339 3973 τητος
365 3905 466 3974 οὐχ
500 3903 782 3973 ὑπομένει.
817 3904 1122 3976 Παθητικὸν
1161 3906 1216 3960 δὲ
1257 3909 1424 3979 αὐτῆς
1451 3910 1512 3962 τὸ
1541 3911 1627 3964 διὰ
1660 3912 1766 3964 τῶν

187 3995 488 4066 αἰσθήσεων
539 3996 924 4066 ἀντιληπτικὴν
975 3998 1083 4052 τῶν
1135 3999 1372 4066 ἔξωθεν,
1433 3996 1584 4069 ᾧτινι
1639 4003 1766 4072 συγ-

186 4088 336 4154 γενὲς
388 4088 493 4158 ἔφη
553 4087 616 4140 τὸ
681 4088 768 4141 διὰ
829 4088 1110 4159 συμϐόλων
1162 4091 1491 4160 σωματικῶς
1537 4095 1764 4165 παραδί-

185 4179 362 4232 δοσθαι
397 4179 467 4232 τὰ
512 4179 660 4246 θεῖα,
694 4179 761 4232 δι’
797 4174 872 4234 ὧν
918 4181 1056 4250 πρὸς
1092 4182 1190 4252 τὴν
1222 4182 1329 4235 τῶν
1362 4183 1540 4237 αΰλων
1573 4187 1768 4255 ἀναγό-

191 4270 322 4340 μεθα
354 4270 508 4324 θέαν.

197 4379 200 4384 '
250 4361 330 4434 [γ]
367 4363 691 4432 Θεολογίας
705 4364 961 4432 σαφοῦς.
1001 4366 1118 4417 Ὅτι
1149 4366 1241 4418 καὶ¹
1280 4369 1327 4418 οἱ
1359 4366 1633 4436 θεολογίας
1673 4385 1766 4438 ᾳα-

1873 3279 1961 3318 res
1989 3259 2261 3334 diuiduas,
2315 3257 2368 3312 id
2394 3265 2477 3312 est
2509 3257 2738 3312 sensiles
2778 3263 2942 3326 atque
2993 3262 3343 3325 apparentes,
3381 3256 3450 3316 ad

1873 3368 2071 3410 arcana
2097 3350 2493 3422 promovendo.

1942 3454 2111 3514 Atque
2133 3444 2324 3496 anima:
2350 3439 2558 3512 quidem
2585 3455 2710 3508 pars
2733 3440 3067 3510 impatibilis.
3090 3439 3300 3495 Anima:
3324 3455 3451 3509 pars

1871 3539 2196 3612 impatibilis
2224 3545 2310 3594 est
2341 3552 2469 3606 pars
2504 3537 2842 3608 intelligens,
2898 3553 3004 3592 non
3040 3535 3185 3606 quod
3228 3535 3452 3589 omnino

1871 3648 2068 3705 expers
2101 3632 2171 3687 sit
2212 3630 2506 3701 passionis,
2554 3629 2649 3684 sed
2678 3632 2823 3699 quod
2871 3637 3203 3684 zeternarum
3241 3628 3452 3696 passio-

1872 3742 2000 3781 num
2032 3725 2198 3780 nulla‘.
2225 3739 2284 3778 se
2311 3739 2494 3778 causae
2517 3721 2768 3786 oﬁerant,
2803 3723 2946 3778 sicut
2980 3723 3084 3776 hoc
3122 3736 3322 3790 corpus
3353 3737 3450 3775 no-

1869 3826 2044 3872 strum
2102 3815 2354 3885 plurimis
2405 3815 2713 3884 expositum
2764 3822 2848 3869 est
2897 3813 3276 3873 incommodis.
3331 3829 3453 3883 quae

1869 3909 2048 3962 anima
2078 3908 2198 3962 sine
2224 3907 2441 3976 propria
2469 3923 2565 3960 sua
2590 3907 2871 3960 voluntate
2892 3922 3001 3958 non
3033 3908 3288 3961 sustinet.
3318 3906 3450 3958 Pars

1868 4014 1997 4053 vero
2020 3998 2140 4068 ejus
2164 3997 2404 4067 patibilis
2433 4005 2516 4051 est
2541 4013 2627 4059 ea,
2652 4012 2774 4066 qua:
2804 4012 2900 4066 per
2925 4013 3123 4050 sensus
3155 4011 3240 4050 res
3270 4005 3450 4049 exter-

1868 4107 1967 4146 nas
2002 4090 2163 4160 327
2201 4088 2583 4158 apprehendit,
2618 4088 2707 4142 cui
2747 4088 3181 4142 connaturalitcr
3215 4087 3314 4149 ait,
3353 4103 3450 4156 per

1867 4181 2110 4252 symbola
2143 4193 2406 4249 corporea
2440 4193 2528 4234 res
2557 4178 2768 4232 divinas
2802 4178 2968 4243 tradi,
3013 4179 3214 4249 quibus
3245 4179 3314 4232 ad
3345 4179 3449 4232 im—

1867 4273 2229 4328 materialium
2269 4287 2451 4327 rerum
2491 4270 3012 4340 contemplationem
3051 4271 3398 4328 adducimur.

1938 4365 2134 4434 Aperta
2174 4363 2454 4433 theologia.
2497 4361 2657 4428 Quod
2703 4363 2867 4417 etiam
2907 4362 2943 4416 ii
2991 4364 3084 4433 qui
3117 4364 3448 4435 theologiam

184 4455 309 4523 φοῦς
338 4456 436 4509 καὶ
461 4455 678 4526 γυμνῆς
705 4455 1181 4526 προκαλυμμάτων
1222 4458 1535 4527 ἀκηκοότες,
1563 4461 1766 4526 τύπους

1887 4466 2113 4527 ipcrtam
2145 4465 2199 4511 et
2243 4455 2313 4510 ab
2349 4455 2648 4509 involucris
2677 4454 2935 4509 nudatam
2961 4455 3213 4520 audiunt,
3247 4455 3448 4527 ﬁguras

183 4541 326 4606 τινὰς
375 4543 437 4596 ὲν
496 4544 709 4606 ἑαυτοῖς
765 4544 1161 4598 ἀναπλάττουσι
1221 4547 1356 4618 πρὸς
1409 4547 1592 4617 νόησιν
1637 4553 1764 4616 τοὺς

1887 4550 2080 4619 iliquas
2109 4549 2164 4602 in
2189 4546 2694 4618 seipsiscﬁingant,
2718 4548 2919 4617 quibus
2950 4549 3232 4603 auditores
3262 4551 3328 4604 ad
3359 4551 3446 4604 iu-

183 4633 560 4705 ἀκροωμένους
576 4636 1053 4704 χειραγωγοῦντες.
1077 4638 1310 4704 Ἀλλως
1329 4657 1342 4669 ο
1361 4640 1646 4710 Θεολογίας
1663 4659 1758 4696 σα-

1887 4641 2214 4713 clligeutiam
2242 4639 2640 4695 manuducunt.
2670 4639 2839 4694 Aliter
2861 4655 2879 4692 :
2910 4638 3219 4712 Tlteologiaa
3251 4652 3450 4713 aperta:

181 4723 481 4792 φοῦς,οἷονο
510 4727 686 4800 Ὠφθη
716 4729 920 4801 Κύριος
949 4729 1028 4801 τῷ
1061 4728 1332 4802 Ἀϐραὰμ,
1363 4729 1494 4799 ἥτῷ
1518 4731 1760 4797 Μωυσεῖ,

1887 4743 2014 4801 .unt,
2042 4742 2104 4790 ut
2133 4749 2259 4789 cum
2290 4731 2559 4788 Dominus
2589 4732 2903 4787 Ahrahamo
2937 4734 3020 4788 vel
3067 4733 3239 4806 Moysi
3283 4749 3448 4803 appa-

181 4818 286 4870 καί·
311 4815 503 4873 Εἶπεν
523 4823 557 4872 ὁ
579 4821 810 4888 Κύριοςο
833 4821 950 4884 καί,
987 4820 1246 4892 Ἐγένετο
1274 4825 1307 4875 ό
1333 4822 1512 4892 λόγος
1540 4824 1761 4890 Κυρίου

1887 4827 1989 4894 uit,
2009 4836 2060 4882 et
2076 4844 2094 4880 :
2119 4823 2266 4880 Dixit
2282 4824 2540 4879 Dominus
2558 4835 2615 4892 *ς
2639 4833 2691 4880 et
2713 4843 2726 4879 :
2749 4823 2974 4879 Factum
3002 4836 3078 4880 est
3115 4825 3321 4880 verbum
3343 4826 3447 4879 Do.-

179 4908 322 4975 πρὸς
351 4908 454 4962 τὸν
487 4909 824 4978 προφήτην,
847 4911 941 4964 καὶ
963 4910 1032 4963 τὰ
1053 4910 1292 4964 τοιαῦτα.
1335 4910 1547 4980 Σαφοῦς
1577 4912 1656 4977 δὲ,
1684 4912 1762 4978 ὡς

1887 4920 1994 4972 nini
2033 4917 2102 4972 ad
2136 4917 2437 4987 prophetam
2471 4931 2517 4981 κ,
2547 4927 2596 4972 ct
2628 4917 2850 4972 similia.
2884 4917 3142 4988 Apertam
3174 4933 3300 4972 vero
3343 4933 3442 4970 vo-

176 4998 234 5051 οὐ
263 4999 364 5067 ,διὰ
408 4999 693 5070 συμϐόλων
737 5001 1079 5054 τυπωτικῶν.
1105 5001 1286 5055 Τύπον
1323 4999 1414 5055 οὖν
1443 5019 1604 5074 φησιν
1632 5003 1762 5056 ἁνα-

1887 5019 1976 5073 :at,
2012 5016 2201 5079 utpote
2243 5025 2349 5064 non
2396 5025 2492 5079 per
2536 5009 2866 5079 symbolicas
2915 5010 3138 5081 ﬁguras.
3189 5009 3445 5079 Figuranz

177 5089 563 5161 πλαττόμενον,
587 5091 655 5162 ἣν
682 5091 1005 5163 ἐπινοοῦμεν
1034 5093 1126 5146 ἐπὶ
1155 5095 1266 5158 τοῖς
1295 5093 1550 5157 τοιούτοις
1579 5097 1760 5165 ῥητοῖς

1887 5102 2099 5172 lenique
2150 5101 2332 5155 ﬁctam
2391 5102 2628 5172 appellat
2680 5102 2822 5172 piam
2881 5103 3442 5172 contemplationem.

177 5183 370 5254 εὐσεσῆ
401 5185 653 5257 θεωρίαν,
677 5186 771 5240 καὶ
790 5189 857 5258 τῇ
891 5187 1012 5258 θεία
1043 5186 1202 5255 φύσει
1233 5186 1585 5257 κατάλληλον.

1887 5209 2023 5262 luam
2058 5194 2112 5246 in
2162 5193 2474 5248 istiusmodi
2524 5193 2689 5248 dictis
2732 5195 3098 5266 concipimus,
3148 5202 3201 5249 et
3246 5193 3444 5249 divina:

431 5356 447 5364 -
543 5357 556 5364 _
1858 5293 2069 5338 natura:
2106 5300 2216 5338 non
2250 5286 2637 5354 incongruam.

109 5433 116 5448 ‘
246 5357 354 5428 §ll.
373 5357 450 5430 [ὃ]
485 5357 676 5410 Τύπσν
694 5360 825 5412 τινὰ
845 5360 994 5428 πρὸς
1011 5363 1124 5430 τὴν
1147 5367 1382 5434 νόησιν.
1408 5368 1615 5441 Ὥσπερ
1629 5372 1756 5426 ὅταν

1927 5375 1955 5446 §
1985 5375 2046 5431 II.
2070 5375 2267 5445 Typum
2289 5374 2567 5445 quemdam
2587 5376 2655 5429 ad
2685 5377 3103 5447 intelligentiam.
3131 5378 3198 5433 Ut
3219 5381 3440 5448 quando

181 5449 240 5501 ἐκ
267 5449 499 5521 δένδρων
527 5450 625 5513 τὰς
654 5451 977 5514 ὑποστάσεις
1005 5455 1103 5526 τῆς
1133 5463 1512 5533 προσκυνητῆς
1530 5463 1756 5534 Τριάδος

1887 5471 1916 5520 ι.
1951 5466 2286 5522 Athanasius
2337 5483 2400 5522 ex
2455 5469 2748 5527 arboribus
2802 5471 3094 5527 adoranda:
3145 5468 3434 5527 Trinitatis

255 5603 276 5626 '
304 5595 478 5652 Exod.
504 5613 606 5655 ru.
686 5613 711 5642 ι
737 5599 850 5657 Jcr.
884 5618 1052 5670 van,
1098 5617 1147 5660 1.

1149 5775 1380 5831 VARI/1‘3
1417 5774 1805 5834 LECTIONES
1840 5776 1927 5832 ET
1963 5775 2509 5833 CORRECTIONES.

289 5889 330 5917 θ’
369 5893 713 5953 κακωτικηίς.
