3886 6532
456 373 561 430 567

1233 363 1562 420 APPENDIX
1603 365 1694 419 AD
1727 362 1957 420 OPERA
1997 365 2055 423 S.
2093 364 2391 422 DIONYSII
2427 365 2934 436 AREUPAGITZEJ

3587 367 3692 428 .568

457 506 722 562 personas
753 493 1126 558 repraesentat,
1158 493 1213 540 et
1243 484 1336 536 alii
1364 484 1541 537 sancti
1581 497 1650 537 ex
1682 483 1853 538 rebus
1883 485 2027 540 aliis.

2137 486 2464 556 παρίστησιν
2519 488 2548 538 ό
2588 485 2731 548 θεῖος
2784 483 3118 543 Ἀθανάσιος,
3169 481 3262 534 xui.
3315 481 3373 547 ἐξ
3425 481 3602 540 ἄλλων
3646 485 3695 537 οἱ

456 580 600 648 Quin
639 588 696 636 et
734 579 851 648 ipsa
897 577 1084 634 mundi
1131 582 1382 630 creatura
1428 574 1800 645 symbolarum
1849 575 2024 630 vicem

456 671 740 735 obtinens,
772 667 1143 723 invisibilibus
1169 665 1266 720 Dei
1296 664 1538 719 obducta
1563 673 1668 720 est.

527 843 675 898 Sicut
713 841 917 894 Paulus
955 840 1052 895 ait.
1091 838 1182 893 Sic
1214 840 1360 894 enim
1392 841 1689 910 Apostolus
1729 843 1804 897 ait
1837 864 1851 898 :
1880 842 2028 908 Quo.

454 937 602 990 niam
626 933 913 988 invisibilia
931 933 1120 1001 ipsius,
1144 933 1461 1000 sempiterna
1487 950 1688 1002 quoque
1710 936 1875 989 virtus
1890 937 2025 1004 ejus,

453 1029 506 1081 in
529 1028 788 1082 creaturis
810 1026 1207 1094 conspiciuntur
1228 1035 1277 1080 γ.
1304 1024 1446 1091 Quin
1471 1033 1525 1079 ct
1547 1025 1801 1082 Christus
1823 1048 1834 1084 :
1859 1029 2028 1097 (hunc

451 1119 618 1182 enim,
650 1126 710 1172 ut
733 1117 1015 1180 existimo,
1047 1123 1208 1171 vocat
1237 1114 1472 1171 Verbum
1505 1118 1712 1187 verum)
1744 1133 1870 1172 cum
1900 1118 1978 1172 ait
2011 1137 2023 1174 :

454 1210 516 1265 Si
556 1221 762 1264 terrena
802 1211 918 1264 dixi
949 1209 1112 1274 vobis,
1143 1219 1191 1264 et
1220 1227 1324 1264 non
1351 1209 1564 1264 creditis
1605 1225 1623 1264 :
1656 1211 1939 1280 quomoda,
1975 1214 2027 1267 si

452 1303 634 1357 dixero
660 1303 912 1367 ctelestia,
941 1302 1162 1356 credetis
1185 1312 1207 1340 ι
1227 1302 1249 1356 ?
1273 1307 1326 1356 et
1373 1318 1494 1372 qua:
1533 1310 1661 1357 sunt
1690 1303 2023 1372 hujusmodi.

523 1486 880 1553 Quamobrem
922 1488 1082 1540 etiam
1125 1487 1367 1556 theologi.
1410 1485 1658 1541 Civiliter
1703 1485 1926 1556 quidem
1975 1493 2029 1540 et

452 1577 704 1646 legaliter
744 1576 1141 1648 (considerant)
1183 1583 1556 1632 correctorum
1600 1574 2026 1643 susceptionem,

452 1679 619 1740 atque
675 1671 1018 1736 felicitatem,
1061 1679 1115 1726 et
1162 1670 1507 1741 peccantium
1562 1669 1908 1739 punitionem
1964 1682 2028 1724 ac

452 1761 990 1817 condemnationem.
1043 1761 1352 1828 Quinetiam
1411 1761 1696 1832 expiantés
1742 1777 1806 1817 ac
1862 1775 2028 1831 puras

2131 576 2304 628 λοιττο1⁹
2335 577 2500 645 ἆγιοι.
2532 578 2596 630 Τί
2626 579 2670 609 ⁵³
2699 579 2793 632 xui.
2819 579 2854 647 ἡ
2883 574 2977 629 τοῦ
3009 574 3211 644 κόσμου
3241 573 3568 645 δημιουργία
3593 575 3696 632 τῶν

2129 667 2374 738 ἀοράτων
2403 668 2497 721 τοῦ
2521 667 2655 722 Θεοῦ
2685 668 3055 740 προϐέϐληται
3072 705 3087 729 ,
3120 666 3319 737 τρόπον
3345 665 3466 724 τινὰ
3505 666 3697 737 συμϐό-

2128 758 2235 812 λων
2267 759 2419 823 τάξιν
2465 760 2754 830 ἐπέχουσα.

2201 850 2274 922 [ε]
2318 850 2587 917 Καθάπερ
2627 852 2774 919 φησὶ
2819 850 3078 916 Παῦλος.
3129 849 3186 903 Ὀ
3233 850 3332 922 μὲν
3385 851 3698 915 ’Δπόστολος

2129 940 2272 994 οὕτω
2300 942 2450 1011 φησί·
2489 942 2564 995 Τὰ
2599 942 2707 1010 γὰρ
2737 941 2958 1007 ἀόρατα
2990 940 3198 1004 αὐτοῦ,
3227 939 3266 1006 ἢ
3287 956 3350 993 τε
3369 939 3560 1006 ἀΐδιος
3597 942 3697 994 αὺ-

2131 1033 2235 1085 τοῦ
2261 1032 2530 1100 δύναμις,
2568 1033 2638 1085 ἐν
2686 1032 2808 1097 τοῖς
2845 1028 3133 1101 ποιήμασι
3168 1029 3504 1098 καθορᾶται.
3546 1031 3602 1083 '0
3643 1031 3697 1085 δὲ

2129 1122 2360 1192 Χριστὸς
2388 1121 2596 1191 (τοῦτον
2623 1117 2929 1194 γάρ,οἶμαι,
2960 1120 3112 1174 καλεῖ
3154 1120 3246 1176 τὸν
3287 1119 3463 1191 ἀληθῆ
3511 1120 3697 1191 Λόγον)

2131 1212 2258 1265 ὅταν
2299 1211 2433 1284 λέγῃ
2457 1229 2468 1241 ·
2507 1214 2574 1266 Ei
2609 1212 2681 1268 τὰ
2721 1213 2951 1281 ἐπίγεια
2983 1212 3154 1265 εἷπον
3185 1210 3348 1281 ὑμῖν,
3379 1211 3480 1264 καὶ
3508 1213 3578 1264 οὺ
3607 1227 3702 1264 :tt-

2131 1302 2389 1357 στεύετεο
2410 1300 2553 1366 πῶς,
2565 1301 2674 1354 ἐὰν
2691 1301 2835 1353 εἴπω
2858 1300 2999 1370 ὑμῖν
3012 1301 3085 1354 τὰ
3097 1300 3442 1369 ἐπουράνια,
3461 1301 3697 1355 πιστεύ-

2131 1409 2301 1454 σετε;
2331 1393 2424 1445 καὶ
2450 1393 2549 1446 ὅσα
2578 1390 2820 1445 τοιαῦτα.

2205 1481 2298 1553 [ς’]
2347 1481 2443 1536 Διό
2491 1483 2589 1538 καὶ
2633 1485 2686 1537 οὶ
2729 1485 3014 1552 θεολόγοι.
3044 1483 3339 1548 Πολιτικῶς
3373 1485 3469 1555 μὲν
3499 1486 3594 1539 καὶ
3623 1487 3700 1538 ἐν.

2129 1572 2310 1642 νόμως
2351 1573 2450 1644 τὴν
2496 1573 2604 1629 τῶν
2645 1573 3052 1644 κατορθούντων
3093 1574 3360 1647 ἀποδοχὴν
3405 1576 3500 1629 xui.
3541 1577 3703 1630 εὐπά-

2133 1665 2279 1718 θειαν
2307 1668 2398 1720 καὶ
2429 1667 2536 1721 τῶν
2557 1668 3016 1740 πλημμελούντων
3042 1668 3139 1740 τὴν
3159 1671 3399 1728 κάκωσιν
3421 1672 3516 1725 xui.
3543 1673 3701 1726 κατά-

2133 1777 2332 1832 κρισιν.
2365 1761 2746 1834 Καθαρτικοὺς
2771 1763 2825 1816 δὲ
2855 1764 2948 1818 καὶ
2974 1763 3272 1835 ἀχράντους
3300 1763 3400 1828 τὰς
3429 1764 3701 1830 νουθεσίας

452 1856 851 1914 instructiones
871 1895 886 1919 ,
918 1869 983 1908 ac
1026 1863 1422 1921 praeservantes
1460 1853 1885 1908 admonitiones.
1917 1851 2027 1906 Hu-

2136 1853 2223 1906 καὶ
2249 1853 2694 1924 προφυλακτικάς
2722 1856 3084 1926 παραινέσεις.
3124 1855 3507 1928 Ἀνθρωπικῶς
3533 1857 3589 1911 δὲ
3617 1860 3703 1912 xui.

451 1961 617 2000 mano
645 1956 829 2000 autem
859 1961 923 2001 ac
952 1946 1131 2000 medio
1153 1946 1314 2001 modo
1344 1946 1669 2016 (accipiunt)
1700 1962 1752 2000 v.
1771 1960 1823 2015 ε.
1859 1944 2029 1998 inter-

454 2039 789 2110 rogationes,
815 2038 971 2106 juxta
1013 2036 1146 2090 illud
1175 2057 1187 2091 :
1230 2035 1329 2090 Ubi
1352 2047 1429 2091 est
1461 2035 1591 2090 Abel
1623 2035 1792 2105 frater
1823 2046 1944 2089 tuus
1967 2034 2032 2087 a‘i

451 2139 508 2186 et
565 2130 700 2184 illud
744 2150 756 2184 :
785 2128 1109 2183 Descendens
1140 2127 1319 2184 videbo
1342 2129 1393 2184 ιι.
1421 2127 1554 2182 Item
1577 2127 1711 2182 illud
1735 2147 1748 2182 :
1774 2126 2030 2182 Dominus

451 2223 745 2292 interrogat
775 2220 982 2289 justum
1029 2228 1078 2273 et
1125 2220 1344 2289 impium
1372 2229 1417 2273 ο.
1457 2216 1591 2284 Qua:
1638 2215 1805 2271 etiam
1851 2214 2031 2271 medio

452 2313 618 2369 modo
660 2329 720 2368 se
757 2311 984 2377 habent,
1021 2313 1164 2367 inter
1202 2326 1266 2366 ea
1294 2326 1416 2382 qua:
1445 2309 1558 2364 Deo
1588 2307 1946 2370 conveniunt,
1977 2313 2032 2360 et

448 2406 595 2462 inter
624 2418 689 2462 ea
719 2419 842 2475 qua:
886 2402 1109 2459 omnino
1142 2402 1369 2458 dissona
1396 2399 1674 2462 videntur,
1708 2405 1767 2453 ut
1797 2405 1926 2453 sunt
1953 2397 2031 2452 si-

447 2498 793 2553 militudines
840 2497 1143 2554 bestiarum
1186 2504 1242 2552 et
1295 2495 1652 2550 materiarum
1703 2493 2024 2548 inanimata-

446 2603 595 2644 rum.
639 2587 899 2654 Quaedam
930 2589 1060 2644 item
1094 2587 1527 2659 supermundiali
1565 2594 1620 2641 et
1659 2585 1898 2655 perfecta
1941 2599 2031 2646 ra-

448 2680 603 2735 tione
634 2679 912 2750 intelligit,
948 2688 1008 2732 ut
1035 2680 1322 2744 miracula,
1353 2695 1475 2749 quae
1502 2677 1648 2734 Deus
1677 2677 1794 2732 sola
1834 2677 2033 2730 volun-

451 2780 560 2827 tate
609 2785 710 2826 sua
763 2770 917 2825 facit.
950 2769 1122 2841 Leges
1169 2778 1351 2825 autem
1395 2775 1719 2840 apparentes
1766 2776 1926 2823 vocat
1971 2773 2032 2821 ut

450 2865 675 2935 quando
717 2864 1122 2935 quodammodo
1165 2872 1392 2919 excusat
1435 2862 1701 2934 virginem
1748 2861 1803 2916 in
1844 2874 2031 2917 eremo

449 2957 729 3018 violatam,
779 2963 833 3013 et
877 2956 1099 3012 similia.
1157 2954 1386 3011 Occulta
1431 2970 1560 3010 vero
1603 2954 1832 3009 oracula
1877 2961 2030 3019 sunt,

449 3066 503 3106 v.
534 3067 587 3121 g.
619 3051 755 3105 illud
790 3070 802 3105 :
833 3049 1001 3104 Jacob
1031 3050 1216 3113 dilexi,
1251 3048 1396 3102 Esau
1438 3059 1614 3102 autem
1645 3045 1765 3100 odio
1793 3045 1956 3099 habui
1977 3044 2028 3108 ά,

452 3143 669 3212 aliaque
703 3142 927 3198 similia.
961 3143 1107 3196 Dixit
1158 3151 1337 3197 autem
1386 3139 1548 3194 Pater
1593 3137 2030 3206 multiformiter;

451 3237 712 3306 quoniam
755 3237 866 3291 alia
905 3237 1122 3307 quidem
1167 3235 1489 3308 symbolice,
1523 3233 1629 3287 alia
1656 3248 1788 3288 vero
1816 3248 1951 3303 pure
1975 3241 2030 3288 et
2059 3219 2104 3280 C

454 3327 977 3400 supermundialiter
1009 3327 1288 3398 Scriptura
1323 3327 1570 3382 tradidit.

522 3422 690 3492 328
734 3420 858 3474 Alia
886 3420 1094 3490 quidem
1133 3421 1376 3475 civiliter.
1418 3419 1768 3489 Philosophia
1811 3417 2029 3488 quidem

453 3515 656 3584 partim
677 3521 760 3569 est
781 3513 1047 3584 practica,
1077 3515 1276 3584 partim
1302 3513 1658 3583 speculativa.
1679 3513 1758 3565 Ac
1788 3511 2030 3581 practica

453 3605 583 3659 item
614 3603 718 3658 alia
744 3610 828 3658 est
857 3603 1077 3673 publica
1109 3619 1206 3659 seu
1236 3603 1562 3667 communis,
1594 3611 1648 3658 et
1681 3601 1904 3672 politica
1934 3617 2029 3657 seu

456 3695 635 3749 civilis
672 3695 995 3764 appellatur,
1043 3701 1105 3748 ut
1154 3695 1460 3765 legislatio;
1502 3695 1604 3748 alia
1647 3709 1780 3750 vero
1819 3695 2031 3764 privata

453 3801 552 3840 seu
582 3786 949 3854 particularis,
991 3792 1052 3838 ut
1083 3785 1264 3841 ethica
1307 3801 1402 3840 seu
1435 3785 1677 3841 moralis.
1713 3781 1888 3839 Media
1933 3799 2032 3838 au-

456 3882 563 3928 tem
593 3875 738 3930 inter
782 3876 1079 3944 practicam
1131 3882 1218 3930 est
1266 3875 1627 3937 oeconomica,
1680 3871 2030 3946 speculativ'a:

456 3977 584 4016 vero
614 3977 740 4030 pars
766 3963 877 4028 illa,
915 3979 1035 4034 quae
1061 3979 1151 4019 res
1193 3965 1424 4020 sensiles
1460 3981 1525 4019 ac
1570 3966 1864 4021 mutabiles
1901 3981 2028 4036 spe-

456 4062 589 4119 ctat,
617 4054 842 4125 physica
865 4064 919 4110 et
949 4056 1314 4128 cosmologica
1344 4065 1734 4128 nuncupatur;
1758 4074 1880 4132 quze
1899 4073 2030 4112 vero

453 4144 796 4198 intellectilia
838 4153 892 4198 et
919 4154 1120 4201 aeterna
1151 4147 1572 4216 contemplatur,
1605 4149 2028 4218 contemplativa

454 4247 510 4291 et
545 4239 848 4310 theologica
883 4241 1120 4308 dicitur;
1166 4249 1329 4312 atque
1376 4243 1491 4297 haec
1539 4243 2027 4313 impraesentiarum

455 4333 728 4400 exposuit.
757 4331 931 4385 Media
961 4342 1138 4387 autem
1165 4335 1306 4386 inter
1331 4334 1721 4403 speculativam
1745 4341 1830 4388 est
1852 4339 2029 4388 astro-

455 4423 670 4477 nomica
691 4463 705 4486 ,
739 4432 792 4478 et
823 4424 1222 4488 mathematica,
1255 4442 1377 4496 quas
1408 4426 1743 4496 sempiterna
1775 4425 1867 4478 illa
1902 4440 2028 4482 sen-

457 4513 577 4567 silia
624 4516 956 4571 considerat.
991 4517 1100 4571 lloc
1148 4516 1431 4588 Scriptura
1463 4517 1686 4588 quidem
1714 4532 1826 4572 non
1867 4517 2025 4576 dicit.

457 4605 552 4660 sed
586 4605 794 4661 Hebrazi
825 4609 1024 4672 habent
1051 4614 1104 4664 in
1135 4609 1575 4666 Deuteronomio.

528 4693 650 4750 Non
686 4699 825 4750 enim
876 4698 1072 4753 nudam
1116 4700 1412 4755 historiam.
1470 4697 1741 4765 Quoniam
1791 4713 1854 4776 ea
1904 4712 2026 4767 quae

454 4789 774 4859 symbolice,
821 4792 934 4847 sive
976 4793 1239 4848 historice
1287 4793 1342 4846 in
1373 4791 1663 4862 Scriptura
1704 4799 2024 4854 narrantur,

452 4881 598 4936 haud
638 4883 839 4938 nudam
879 4884 1168 4942 historiam
1231 4885 1552 4948 continent,
1607 4883 1702 4939 sed
1752 4882 2024 4938 viviﬁcam

452 4972 864 5043 perfectionem.
890 4975 1172 5031 Vivilicarn
1215 4984 1397 5030 autem
1427 4973 1816 5044 perfectionem
1846 4981 2024 5037 vocat,

450 5067 597 5135 quod
626 5069 834 5124 sanctis
874 5084 1078 5138 scopus
1110 5069 1204 5127 sit.
1237 5083 1334 5137 per
1371 5068 1686 5137 Scripturas
1707 5064 1939 5140 erudiri,
1970 5071 2025 5120 et

452 5159 517 5212 ad
557 5161 722 5214 vitam
757 5169 1015 5217 aeternam
1050 5160 1258 5231 perfici.
1290 5160 1413 5215 Hazc
1443 5171 1625 5216 autem
1655 5161 1811 5224 dicit,
1834 5168 2022 5215 osten-

451 5249 608 5312 dens,
637 5251 953 5307 necessario
989 5265 1269 5323 anagogen
1295 5259 1348 5304 et
1388 5251 1703 5320 allegoriam
1729 5250 2025 5307 admitten-

451 5337 577 5396 dam
606 5354 749 5399 esse.

521 5503 549 5542 1
575 5494 736 5550 Rom.
768 5513 810 5562 ι,
842 5497 933 5552 20.
1013 5506 1034 5533 ι
1063 5495 1223 5554 Joan.
1260 5513 1344 5564 ill,
1379 5498 1467 5553 12.

1544 5511 1572 5539 ει
1605 5498 1742 5553 Gen.
1769 5513 1842 5566 tv,
1868 5499 1923 5552 9.
2000 5497 2029 5535 ι’
2065 5494 2476 5560 Gen.xvm,2|.

2134 1943 2333 2012 μέσως,
2362 1939 2474 1998 οἷον
2499 1945 2598 2008 τὰς
2626 1946 2863 2009 πεύσεις,
2885 1946 2962 2009 ὡς
2988 1946 3050 1998 τό
3072 1963 3085 1976 ο
3118 1947 3242 2000 Ποῦ
3274 1949 3454 2000 Ἅϐελ
3479 1951 3511 2001 ό
3536 1947 3703 2002 ἀδελ-

2130 2036 2244 2104 φός
2280 2051 2431 2100 σου;
2458 2038 2552 2090 xui.
2598 2037 2658 2090 τό
2679 2055 2692 2068 ο
2722 2039 2992 2105 Κατασὰς
3032 2039 3281 2108 ὅψομαιο
3317 2041 3412 2092 xui.
3459 2040 3522 2093 τό
3544 2058 3556 2070 ο
3591 2042 3702 2096 Κύ-

2122 2143 2254 2194 ριος
2295 2125 2548 2190 ἐξετάζει
2595 2126 2701 2180 τὸν
2737 2127 2968 2182 δίκαιον
2995 2127 3092 2181 καὶ
3125 2126 3232 2182 τὸν
3271 2126 3485 2195 ἀσεϐῆ.
3521 2129 3703 2181 Ἀτινα

2131 2220 2226 2271 xui.
2288 2219 2468 2289 μέσως
2513 2219 2694 2289 ἔχουσι
2738 2219 2846 2273 τῶν
2893 2237 2952 2274 τε
2973 2218 3083 2290 θεῷ
3103 2220 3416 2292 πρεπόντων
3462 2221 3559 2274 καὶ
3601 2221 3706 2274 τῶν

2133 2310 2309 2382 πάντη
2343 2311 2706 2381 ἀπεμφαίνειν
2747 2311 3068 2374 δοκούντων,
3109 2313 3355 2368 τουτέστι
3399 2310 3704 2383 ὁμοιώσεως

2132 2401 2335 2474 θηρίων
2376 2403 2471 2456 xui.
2499 2402 2640 2458 ὑλῶν
2677 2403 3379 2476 ἀψύχωνηὙπερκοσμίως
3409 2403 3467 2457 δὲ
3497 2404 3594 2458 xui
3621 2421 3703 2457 τε·

2132 2491 2516 2564 λεσιουργικῶς
2561 2510 2694 2564 φησι
2740 2495 2837 2558 τὰς
2876 2494 3018 2565 λόγῳ
3065 2497 3159 2549 καὶ
3207 2495 3352 2566 μόνῳ
3409 2494 3705 2566 βουλήματι

2133 2583 2604 2656 παραδοξοποιίας.
2650 2586 2864 2656 Νόμους
2902 2586 2958 2640 δὲ
3016 2587 3371 2657 φαινομένους
3395 2625 3412 2651 ,
3450 2586 3529 2650 ὡς
3585 2588 3704 2641 ὅταν

2131 2675 2426 2744 ἀπολογίας
2466 2674 2606 2740 ἀξιοῖ
2630 2675 2729 2747 τὴν
2769 2679 2826 2729 ὲν
2855 2677 3045 2748 ἐρήμῳ
3074 2677 3388 2747 βιασθεῖσαν
3419 2677 3703 2750 παρθένον,

2131 2763 2320 2817 καὶτὰ
2345 2764 2525 2834 ὃμοια.
2569 2765 2817 2833 Ἀφανεῖς
2847 2764 2903 2818 δὲ
2951 2765 3204 2836 θεσμοὺς,
3250 2760 3395 2819 οἷον·
3436 2766 3551 2821 Τὸν
3602 2769 3707 2823 ἰα-

2133 2853 2255 2906 κὼϐ
2286 2855 2591 2924 ἠγάπησα,
2628 2855 2736 2908 τὸν
2765 2855 2835 2909 δὲ
2878 2856 3064 2912 Ἡσαῦ
3098 2857 3384 2926 ἐμίσησα,
3415 2860 3513 2912 xui.
3554 2860 3707 2930 ἕτερα

2129 2943 2374 2998 τοιαῦτα.
2408 2943 2500 3017 [ζἽ
2528 2947 2924 3013 Πολυτρόπως
2953 2945 3009 2998 δὲ
3039 2946 3140 3018 ἔφη
3169 2948 3198 2998 ὁ
3229 2948 3440 3020 Πατὴρ,
3472 2949 3606 3002 διότι
3643 2949 3707 3004 τὰ

2123 3036 2234 3107 ημὲν
2280 3037 2642 3108 συμϐολικῶς,
2674 3037 2742 3090 τά
2780 3037 2836 3090 δὲ
2879 3037 3162 3110 ἀχράντως
3204 3039 3298 3093 καὶ
3327 3039 3705 3114 ὑπερκοσμίως

2133 3127 2167 3197 ἡ
2195 3127 2384 3199 Γραφὴ
2414 3126 2782 3199 παραδέδωκε.

2208 3411 2286 3464 Τὰ
2319 3410 2437 3479 μὲν
2485 3408 2821 3474 πολιτικῶς.
2857 3408 2970 3478 Τῆς
3016 3407 3331 3477 φιλοσοφίας
3375 3407 3437 3460 τὸ
3471 3409 3572 3478 μὲν
3598 3407 3706 3460 ἔστι

2133 3501 2454 3573 πρακτικὸν,
2481 3501 2544 3554 τὸ
2572 3502 2628 3554 δὲ
2644 3499 2996 3572 θεωρητικόν.
3030 3500 3140 3553 Καὶ
3166 3498 3262 3552 τοῦ
3281 3500 3378 3568 μὲν
3402 3498 3706 3570 πρακτικοῦ

2131 3592 2191 3644 τὸ
2217 3593 2312 3662 μὲν
2328 3593 2442 3645 ἔστι
2463 3591 2658 3654 κοινὸν,
2687 3590 2716 3642 ὃ
2741 3591 2835 3644 καὶ
2854 3590 3125 3644 πολιτικὸν
3143 3589 3405 3650 καλεῖται,
3422 3585 3536 3642 οἷον
3551 3590 3610 3642 τὸ
3627 3606 3708 3642 νο-

2135 3682 2414 3752 μοθετικόν
2434 3700 2446 3713 ο
2478 3683 2539 3735 τὸ
2564 3683 2620 3736 δὲ
2651 3681 2800 3743 ἴδιον,
2828 3677 2938 3735 οἷον
2965 3681 3026 3734 τὸ
3051 3679 3256 3750 ἠθικόν.
3277 3679 3458 3733 Μέσον
3488 3679 3545 3733 δὲ
3575 3696 3707 3750 πρα-

2133 3775 2320 3830 κτικοῦ
2349 3773 2410 3827 τὸ
2438 3773 2864 3846 οἰκονομητικὸν.
2897 3771 3003 3825 Τοῦ
3032 3771 3089 3824 δὲ
3133 3771 3469 3843 θεωρητικοῦ
3515 3772 3576 3825 τὸ
3614 3771 3708 3843 μὲν

2129 3864 2438 3936 ὠνόμασται
2467 3863 2712 3934 φυσικὸν,
2730 3863 2791 3915 τὸ
2821 3863 2877 3913 ὲν
2906 3859 3179 3931 αἰσθητοῖς
3207 3859 3300 3912 καὶ
3331 3858 3705 3929 μεταϐλητοξ,

2130 3956 2158 4009 ὃ
2185 3957 2280 4010 xui.
2310 3955 2696 4026 κοσμολογικόν
2725 3956 2843 4006 ἐστι
2863 3970 2878 3982 ·
2909 3951 2968 4004 τὸ
2997 3951 3052 4004 δὲ
3081 3951 3378 4003 ἐποπτικὸν
3408 3952 3504 4004 xui.
3533 3949 3705 4003 θεολο-

2130 4047 2303 4116 γικδν,
2337 4047 2397 4099 τὸ
2444 4049 2502 4099 ὲν
2545 4048 2753 4117 νοητοῖς
2799 4046 2892 4098 xui.
2919 4043 3126 4105 ἀϊδίοις.
3163 4040 3348 4095 Ταῦτα
3376 4041 3471 4094 νῦν
3499 4041 3705 4105 ἐξέθετο

2130 4141 2188 4192 ὲν
2215 4139 2440 4202 τούτοις.
2472 4139 2652 4192 Μέσον
2697 4136 2753 4190 δὲ
2798 4135 2893 4189 τοῦ
2941 4132 3274 4207 θεωρητικοῦ
3316 4133 3378 4185 τὸ
3423 4135 3481 4186 ἐν
3523 4131 3703 4193 ἀϊδίοις

2131 4232 2224 4284 καὶ
2251 4232 2547 4303 αἰσθητοῖς,
2583 4231 2718 4302 ὅπερ
2766 4228 2914 4282 ἐστὶν
2953 4224 3345 4298 ἀστρονομικὸν
3388 4226 3485 4277 xui.
3530 4222 3700 4294 μαθη-

2131 4321 2378 4392 ματικόνο
2411 4322 2546 4393 ὅπερ
2575 4324 2608 4392 ὴ
2644 4320 2740 4392 μὲν
2771 4319 2962 4391 Γραφὴ
2989 4319 3052 4371 οὺ
3088 4317 3256 4386 λέγει,
3295 4316 3344 4369 οἱ
3375 4316 3434 4369 δὲ
3469 4316 3701 4387 Ἑϐραῖοι

2130 4416 2188 4467 ὲν
2216 4413 2294 4485 τῷ
2327 4413 2726 4484 Δευτερονομίῳ
2753 4411 2984 4484 ἔχουσιν.

2196 4701 2278 4775 1η]
2317 4705 2398 4756 Οὐ
2433 4703 2543 4771 γὰρ
2583 4703 2850 4770 ἱστορίαν
2881 4702 3086 4772 ψιλήν.
3116 4702 3236 4756 Ὅτι
3261 4699 3332 4754 τὰ
3367 4695 3695 4770 συμϐολικῶς

2125 4796 2240 4864 ἤτοι
2268 4793 2554 4866 ἱπορικῶς
2575 4795 2641 4864 τῇ
2676 4792 2864 4864 Γραφῇ
2901 4793 3163 4864 εἰρημένα
3193 4792 3292 4861 οὐχ
3329 4790 3568 4861 ἱστορίαν
3589 4788 3696 4856 ἔχει

2122 4886 2303 4958 ψιλὴν,
2326 4885 2460 4940 ἀλλά
2483 4885 2716 4956 ζωτικὴν
2742 4886 3035 4939 τελείωσιν.
3074 4883 3317 4954 Ζωτικὴν
3349 4883 3404 4936 δὲ
3431 4880 3698 4935 τελείωσιν

2124 4977 2270 5046 λέγει
2318 4976 2381 5030 τὸ
2421 4976 2618 5030 σκοπὸν
2648 4971 2788 5029 εἶναι
2819 4979 2931 5040 τοῖς
2979 4975 3152 5045 ἁγίοις
3185 4973 3272 5028 διὰ
3319 4973 3429 5026 τῶν
3475 4974 3514 5026 Γ
3521 4968 3699 5043 ραφῶν

2121 5068 2255 5138 πρὸς
2284 5067 2383 5139 τὴν
2425 5067 2637 5121 αἰώνιον
2672 5067 2816 5140 ζωὴν
2857 5067 3191 5121 τελειοῦσθαι
3235 5067 3361 5130 τοὺς
3386 5059 3694 5130 διδασκομέ-

2121 5179 2262 5224 νους.
2298 5159 2482 5213 Ταῦτα
2527 5160 2584 5212 δέ
2627 5177 2780 5230 φησι,
2829 5160 3044 5222 δεικνὺς
3088 5158 3402 5226 ἀναγκαίως
3434 5155 3531 5228 τὴν
3571 5153 3694 5206 ἀνα·

2121 5254 2305 5324 γωγὴν
2351 5253 2444 5308 καὶ
2480 5251 2806 5324 ἀλληγορίαν
2840 5249 3380 5324 παραλαμϐάνεσθαι.

2557 5505 2578 5533 ο
2609 5492 2757 5549 Psal.
2789 5511 2844 5559 ι,
2873 5494 2930 5550 6.
3003 5493 3031 5534 ἀ
3058 5491 3216 5548 Rom.
3250 5505 3328 5556 Ix,
3365 5489 3450 5545 13.

1406 5653 1641 5712 VARI/E2
1677 5652 2066 5710 LECTIONES
2102 5652 2188 5707 ET
2224 5649 2774 5708 CORRECTIONES.

544 5809 588 5844 ⁵³
615 5810 671 5861 ὅτ
681 5827 715 5861 ι.
