3886 6562
133 385 226 444 569

922 419 924 422 ν
1021 383 1080 440 S.
1119 384 1368 442 MAXIM
1415 385 1707 444 SCHOLIA
1743 386 1814 444 IN
1847 386 1997 446 EPP.
2035 387 2092 445 S.
2131 387 2450 446 DlONYSll.

3269 396 3374 454 570

202 496 583 572 Ἰεροπρεπῶς
627 498 994 570 χὸιαϐαἱνειν.
1060 502 1366 556 Διαϐαίνειν
1428 505 1696 576 γράφεται

1872 505 2039 561 Sacro
2064 505 2216 561 modo
2241 515 2532 575 penetrare.
2551 496 2872 574 Ᾱιαϐαἰνειν,
2891 511 2996 566 alia
3027 512 3191 568 lectio
3209 512 3376 568 habet

130 593 216 646 καὶ
248 592 571 655 διαὸάλλειν,
599 592 639 644 δ’
659 593 808 645 ἐστιν
833 593 1104 647 εἰσϐαλεῖν
1134 594 1228 648 καὶ
1263 595 1541 658 εἰσελθεῖν,
1569 598 1699 651 εἴσω

129 703 182 738 τε
220 685 469 753 γενέσθαι
508 683 602 739 τοῦ
634 685 982 756 πράγματος·
1019 685 1162 740 οὕτω
1200 687 1333 759 φησὶ
1375 688 1466 740 καὶ
1511 691 1697 758 Διογε-

133 792 323 838 νιανος.

195 866 268 920 Ίὰ
323 867 656 934 ὑπεροῦσια
710 867 892 936 φῶτα.
955 868 1285 940 Ὑπερούσια
1339 869 1494 940 φῶτα
1519 910 1534 933 ,
1603 872 1697 924 καὶ

128 957 280 1029 νοητὰ
300 997 317 1020 ,
369 959 461 1014 καὶ
504 957 621 1012 θεῖα
642 999 658 1024 ,
707 961 806 1031 τὴν
857 961 1233 1032 πανάχραντον
1281 962 1376 1017 καὶ
1429 964 1700 1032 παναγίαν

127 1051 320 1122 Τριάδει
355 1051 516 1122 φησί’
561 1055 786 1124 νοητοὺς
813 1054 871 1106 δὲ
903 1055 1168 1123 ἀγγέλους
1194 1058 1322 1119 τοὺς
1363 1058 1698 1129 ὑπεραναιδε-

128 1143 373 1215 6ηκότας.
409 1144 520 1215 Τὴν
561 1144 616 1197 δὲ
660 1145 921 1215 διαφορὰν
963 1146 1167 1200 τούτων
1222 1148 1695 1220 παρατεθείκαμεν

126 1237 177 1288 ὲν
196 1236 271 1307 τῷ
302 1238 441 1305 Περί
472 1240 646 1292 θείων
680 1239 986 1309 ὀνομάτων
1011 1241 1254 1295 τελείωε.

187 1329 348 1383 Κατὰ
394 1327 513 1382 τῶν
557 1331 789 1399 νοίητῶιιν¹
833 1333 1019 1386 αὑτοῦ
1066 1334 1382 1402 προνοιῶν.
1431 1334 1552 1386 Ἐπὶ
1600 1335 1696 1405 μὲν

127 1420 398 1491 προνοιῶν,
423 1421 498 1483 ὡς
525 1421 586 1474 τὸ
611 1424 668 1474 ἐν
696 1424 1045 1493 Εὑαγγελίοις
1065 1440 1079 1454 ο
1114 1425 1242 1492 Πῦρ
1270 1424 1461 1494 ἦλθον
1477 1423 1698 1489 ,βαλεῖν

123 1512 212 1565 ἐπὶ
239 1511 354 1580 τὴν
380 1512 523 1582 γῆνέ
551 1513 723 1583 λόγων
750 1515 827 1579 δὲ,
856 1517 937 1580 ὡς
964 1516 1114 1587 παρὰ
1153 1517 1232 1588 τῷ
1268 1517 1534 1589 Ἱερεμίᾳο
1572 1519 1695 1586 οὐχ

123 1607 300 1673 οὕτως
336 1611 389 1662 οἱ
431 1608 601 1678 λόγοι
641 1625 759 1677 μου
805 1607 1012 1676 ὥσπερ
1039 1609 1191 1676 πῦρ,
1241 1609 1403 1679 λέγει
1448 1611 1694 1678 Κύριος;

124 1701 225 1772 Τὴν
256 1701 353 1754 τοῦ
402 1702 576 1773 πυρὸς
622 1698 715 1756 οὖν
756 1703 940 1756 εἰκόνα
986 1702 1228 1774 δηλονότι
1288 1703 1381 1756 ἐπὶ
1419 1703 1512 1757 τοῦ
1559 1703 1693 1756 Θεοῦ

125 1795 285 1859 ἄλλως
305 1796 388 1849 δεῖ
420 1773 689 1860 ὲκλαὸεῗν,
717 1796 812 1849 καὶ
833 1796 1007 1859 ἄλλως
1031 1773 1122 1850 ἐπὶ
1147 1796 1258 1850 τῶν
1282 1796 1508 1868 νοητῶν,
1531 1797 1602 1866 ἀγ
1615 1796 1695 1866 τέ-

124 1887 220 1940 λων
253 1887 502 1959 δηλονότι
527 1889 618 1942 καὶ
647 1889 913 1960 προνοιῶν
938 1888 1073 1941 Θεοῦ
1106 1889 1199 1942 καὶ
1227 1889 1418 1958 λόγων.

187 1981 291 2038 Καὶ
332 1980 450 2048 τὴν
471 1980 588 2050 μὲν
611 1983 736 2035 κατ’
759 1984 975 2036 αἰτίαν.
1016 1983 1128 2052 Τὴν
1169 1981 1265 2035 τοῦ
1312 1983 1486 2054 πυρὸς
1511 1983 1693 2036 εἰκόνα

124 2074 229 2125 κατ’
249 2073 450 2137 αἰτίαν,
468 2074 667 2145 δηλαδὴ
691 2074 782 2126 ἐπὶ
797 2073 904 2126 τῶν
919 2073 1114 2142 λογίων
1130 2074 1354 2145 Κυρίου·
1379 2075 1477 2146 τὴν
1492 2075 1549 2127 δὲ
1571 2074 1694 2128 καθ’

124 2164 345 2237 ὓπαρξιν
373 2167 466 2218 ἐπὶ
496 2166 651 2219 Θεοῦ’
668 2165 840 2238 τὴνδὲ
868 2166 1010 2220 κατὰ
1041 2166 1254 2238 μέθεξιν
1282 2167 1374 2220 ἐπὶ
1404 2166 1510 2222 τῶν
1532 2167 1697 2236 ἀγγέ-

123 2258 236 2312 λων.
261 2259 336 2313 Τὸ
359 2260 418 2312 δὲ
437 2259 557 2312 καθ’
581 2258 818 2331 ὓπαρξιν
835 2259 928 2313 τοῦ
963 2259 1102 2313 κατὰ
1134 2259 1350 2330 μέθεξιν
1373 2259 1618 2331 διαφέρει
1637 2261 1695 2314 ὲν

123 2352 337 2416 τούτοις·
369 2352 432 2404 τὸ
460 2353 560 2424 μὲν
601 2352 712 2424 γάρ
736 2353 887 2424 δηλοῖ
912 2351 1106 2405 οὐσίαν
1139 2351 1262 2406 καθ’
1285 2352 1482 2423 ἑαυτὴν
1512 2348 1696 2416 οὖσαν,

124 2445 206 2498 καὶ
238 2447 566 2500 ἐπείσακτον
600 2445 828 2517 ἔχουσαν
872 2445 934 2500 τὸ
961 2444 1210 2507 θεοειδὲς,
1239 2443 1430 2515 ὥσπερ
1468 2444 1560 2496 ἐπὶ
1588 2443 1698 2498 τῶν

124 2539 375 2607 ἀγγέλων·
409 2540 472 2594 τὸ
498 2541 556 2596 δὲ
577 2540 698 2594 καθ’
724 2538 958 2611 ὓπαρξιν
983 2539 1234 2610 πρᾶγμα,
1259 2536 1293 2608 ἢ
1315 2536 1508 2605 Λόγιον
1532 2535 1694 2600 θεῖον,

122 2632 390 2685 τουτέστιν
420 2634 486 2686 ἐκ
511 2632 646 2686 Θεοῦ
673 2631 964 2703 προαχθέν.

1797 598 2121 663 διαϐάλλειν,
2152 599 2206 653 id
2252 608 2338 654 est
2369 599 2578 664 ingredi
2627 609 2680 655 et
2713 601 2942 668 intrare,
2987 612 3040 658 et
3077 605 3217 662 intra
3256 621 3374 661 rem

1799 689 1975 760 ipsam
2001 706 2156 758 esse;
2192 692 2271 744 uti
2303 692 2466 747 etiam
2495 692 2865 764 Diogenianus
2892 696 2986 751 ait.

1872 868 2318 940 Supernaturalia
2351 871 2574 928 lumina.
2609 871 3173 943 Supersubstantialia
3204 881 3256 930 et
3288 873 3374 928 in-

1797 962 2078 1017 tellectilia
2109 979 2173 1018 ac
2216 963 2400 1018 divina
2457 967 2664 1020 lumina
2706 975 2864 1021 vocat
2924 969 3372 1041 purissimamfet

1798 1057 2202 1112 sanctissimam
2225 1057 2571 1122 Trinitatem,
2603 1059 2914 1129 superiores
2937 1069 3116 1115 autem
3147 1061 3368 1134 angelos

1796 1157 1957 1203 vocat
1996 1149 2357 1205 intellectiles.
2387 1149 2592 1204 Horum
2638 1160 2818 1206 autem
2847 1151 3206 1208 differentiam
3247 1170 3378 1224 per-_

1798 1241 1939 1298 fecte
1973 1244 2374 1314 assignavimus
2404 1245 2459 1298 in
2486 1245 2625 1298 libro
2648 1245 2724 1298 De
2757 1245 2946 1300 divinis
2977 1247 3298 1303 nominibus.
3395 1298 3400 1303 .

1872 1337 1945 1392 De
1972 1337 2362 1392 intellectifibus
2397 1338 2509 1406 ejus
2543 1337 2907 1407 providentiis.
2954 1338 3030 1394 De
3077 1340 3378 1413 providen-'

1795 1430 1889 1484 tiis
1929 1431 2171 1500 quidem,
2209 1439 2268 1484 ut
2302 1429 2358 1483 in
2393 1429 2708 1499 Evangeliis
2739 1448 2753 1484 :
2803 1429 2984 1502 Ignem
3015 1433 3128 1485 veni
3167 1432 3373 1487 mittere
3403 1419 3405 1430 ¹

1797 1523 1851 1576 in
1897 1533 2094 1577 terram
2125 1535 2169 1577 ε.
2217 1521 2293 1576 De
2333 1523 2680 1578 sermonibus
2717 1537 2879 1587 vero,
2921 1530 2981 1577 ut
3029 1523 3173 1595 apud
3221 1523 3371 1580 lere-

1798 1614 1960 1669 miam
2007 1634 2019 1670 :
2070 1615 2323 1686 Nunquid
2368 1631 2471 1669 non
2507 1614 2662 1669 verba
2707 1632 2822 1669 mea
2862 1616 3017 1685 quasi
3057 1617 3216 1686 ignis,
3247 1615 3372 1670 dicit
3405 1609 3409 1616 ’

1798 1706 2054 1761 Dominus
2087 1707 2150 1761 f‘?
2179 1708 2470 1779 Imaginem
2510 1707 2679 1778 igitur
2711 1707 2853 1778 ignis
2881 1725 2934 1762 v.
2964 1724 3015 1778 ες.
3051 1708 3106 1764 in
3131 1707 3242 1764 Deo
3274 1708 3376 1764 ali-

1797 1807 1882 1855 ter
1907 1799 2155 1871 aceipere
2185 1808 2421 1872 oportet,
2453 1810 2508 1855 et
2538 1779 2698 1854 aliter
2729 1801 2784 1854 in
2818 1801 3232 1856 intellectilibus
3258 1801 3375 1856 sive

1725 1869 1769 1924 Β
1797 1893 2031 1963 angelis,
2058 1909 2120 1948 ac
2143 1893 2238 1950 Dei
2271 1894 2636 1964 providentiis
2667 1910 2731 1949 ae
2763 1894 3131 1950 sermonibus.

1868 1984 2038 2055 Atque
2067 1985 2218 2038 illam
2260 1985 2468 2057 quidem
2499 1985 2783 2039 secundum
2813 2001 3056 2041 causam.
3085 1984 3181 2038 Illa
3212 1985 3378 2058 igitur

1798 2075 2087 2148 imaginem
2134 2078 2435 2133 secundum
2475 2093 2698 2132 causam
2739 2077 3020 2141 nimirum,
3055 2077 3122 2133 de
3143 2078 3377 2147 eloquiis

1797 2167 2050 2237 Domini;
2077 2170 2223 2224 illam
2252 2185 2381 2225 vero
2405 2170 2708 2226 secundum
2731 2171 3106 2228 exsistentiam
3133 2171 3199 2228 de
3222 2171 3334 2227 Deo
3358 2190 3375 2239 ;

1797 2262 1948 2316 illam
1987 2263 2222 2334 denique
2251 2263 2553 2319 secundum
2580 2263 3077 2334 participationem,
3111 2263 3178 2318 de
3208 2277 3376 2334 ange-

1794 2355 1864 2410 lis
1897 2353 2121 2424 (dictam
2152 2357 2318 2426 esse).
2352 2355 2490 2410 Illud
2537 2363 2741 2420 autem,
2772 2357 2919 2426 quod
2958 2364 3042 2411 est
3071 2356 3375 2411 secundum

1795 2447 2198 2512 exsistentiam,
2231 2447 2412 2504 differt
2439 2448 2506 2503 ab
2534 2463 2600 2504 eo
2629 2448 2775 2519 quod
2805 2455 2889 2506 est
2922 2447 3224 2504 secundum
3249 2431 3381 2517 par-‘

1795 2539 2192 2610 tieipationem,
2242 2541 2299 2595 in
2335 2541 2444 2608 his,
2485 2541 2634 2612 quod
2675 2540 2933 2595 nimirum
2973 2540 3109 2596 illud
3150 2539 3374 2611 quidem

1795 2625 2046 2705 designet
2076 2635 2439 2690 substantiam
2473 2650 2570 2706 per
2605 2651 2663 2691 se
2683 2635 3062 2700 exsistentem,
3099 2633 3195 2691 sed
3229 2630 3376 2687 asci-

124 2723 286 2779 titiam
318 2725 488 2796 329
525 2724 814 2780 habentem
845 2722 1268 2788 deformitatem,
1306 2727 1368 2777 ut
1409 2721 1466 2776 in
1498 2721 1740 2792 angelis;
1777 2724 1881 2781 hoc
1934 2741 2069 2783 vero
2113 2742 2230 2783 rem
2274 2728 2450 2798 ipsam
2491 2729 2791 2786 secundum
2835 2729 3226 2792 substantiam,
3260 2729 3376 2784 sive

124 2811 347 2874 Verbum
377 2815 648 2881 divinum,
670 2813 726 2869 id
746 2821 829 2870 est
857 2829 887 2868 a
921 2813 1034 2870 Deo
1058 2814 1404 2885 productum.

197 2910 289 2974 Ὠς
316 2909 356 2977 ἡ
386 2906 515 2961 κατ’
551 2905 703 2960 αὐτὰ
731 2905 958 2973 θεωρία.
1000 2905 1122 2960 Ὀτι
1173 2903 1310 2975 πρὸς
1357 2901 1427 2956 τά
1474 2901 1693 2956 ὑποκεί-

127 3019 247 3071 μενα
271 3001 366 3056 καὶ
392 3002 443 3054 οἰ
474 2998 634 3052 τύποι
659 2997 924 3063 νοοῦνται,
951 2997 1054 3052 κᾶν
1082 3000 1132 3051 oi
1162 2999 1315 3053 αὐτοὶ
1341 2989 1495 3054 ὦσιν.

1876 2902 1944 2958 Ut
1970 2903 2257 2958 secundum
2298 2905 2415 2974 ipsa
2443 2905 2835 2973 contemplatio.
2871 2905 3142 2973 Quoniam
3175 2922 3375 2964 secun-

1797 2994 1928 3050 dum
1976 2996 2223 3067 subjecta
2265 2998 2429 3052 etiam
2471 2997 2655 3068 figurae
2685 2998 3089 3070 intelliguntur,
3120 2987 3381 3070 quamvis

1798 3088 1986 3143 eadem
2011 3089 2143 3144 sint.

193 3187 322 3255 Ὑφ’
355 3182 526 3254 ὑμῶν
559 3181 825 3250 ζήτησιν.
849 3176 1051 3236 Ἦλθεν
1083 3183 1163 3245 εἰς
1208 3179 1476 3253 ἐρώτησιν
1510 3180 1603 3237 καὶ
1639 3182 1698 3234 τὸ

1869 3181 1914 3234 Α
1938 3181 2086 3236 nobis
2106 3181 2466 3252 quaestionem.
2493 3180 2728 3238 Venerat
2742 3183 2904 3238 etiam
2937 3183 2992 3239 in
3013 3185 3374 3254 quaestionem

121 3278 219 3330 τῶν
241 3276 561 3350 Παροιμιῶν
598 3275 920 3346 πρόϐλημα,
957 3273 1052 3326 καί
1079 3291 1211 3346 φησι
1250 3273 1378 3346 περὶ
1416 3274 1695 3345 δυνάμεως

122 3372 336 3442 τροφῆς.

190 3464 306 3532 Τὴν
352 3463 422 3516 δὲ
464 3460 676 3532 ὺπράν.
711 3459 1022 3532 Σημείωσαι
1062 3459 1144 3512 ὅτι
1193 3459 1253 3512 τὸ
1303 3458 1478 3514 πίνειν
1523 3457 1695 3530 ὑγρὰν

122 3557 314 3628 τροφὴν
339 3554 589 3608 ἐκάλεσε.

185 3649 415 3718 Κρατὴρ
446 3645 787 3716 περιφερής.
818 3647 1029 3719 Θεωρία
1053 3645 1150 3700 τοῦ
1181 3647 1455 3718 κρατῆρος
1479 3646 1570 3700 καὶ
1597 3645 1698 3716 τῆς

121 3742 272 3795 αὑτοῦ
310 3759 377 3794 πε
388 3740 688 3812 ριφερείας.
1345 3811 1360 3824 ⁸

196 3835 488 3904 Ἀνάρχου
529 3831 628 3885 καὶ
666 3828 1084 3897 ἀτελευτήτου.
1125 3827 1392 3899 ’Λναρχόν
1427 3845 1558 3899 φησι
1600 3828 1695 3880 τοῦ

122 3928 246 3982 Θεοῦ
278 3929 378 4000 τὴν
404 3926 664 3999 πρόνοιαν
684 3965 698 3988 ,
731 3924 829 3994 οὐχ
855 3924 945 3976 ὅτι
969 3921 1078 3975 τῶν
1108 3921 1277 3974 ὄντων
1305 3921 1381 3984 ὡς
1413 3921 1696 3992 συνάρχων

124 4023 359 4092 προενόει
386 4019 528 4074 κατὰ
566 4020 692 4081 τοὺς
718 4016 1078 4088 ἀφραίνοντας
1109 4014 1200 4068 καί.
1236 4013 1510 4082 λέγοντας,
1546 4013 1698 4083 ’Ἅμα

122 4115 262 4180 Θεὸς,
296 4114 414 4185 ἅμα
443 4112 642 4166 πάντα’
673 4108 785 4162 ἀλλ’
815 4109 897 4162 ὅτι
936 4108 1030 4160 καὶ
1061 4107 1190 4176 πρὶν
1218 4105 1250 4176 ἢ
1293 4104 1602 4175 πραχθῆναι
1627 4105 1698 4158 τά

121 4205 239 4261 ὄντα
283 4209 344 4260 ὲν
390 4207 513 4268 ταῖς
554 4202 750 4265 ἰδέαις,
794 4202 914 4272 ἢτοι
953 4199 1356 4268 παραδείγμασι
1390 4196 1483 4250 τοῦ
1527 4197 1694 4261 Θεοῦ,

121 4299 386 4352 τουτέστιν
421 4299 480 4350 ὲν
512 4297 629 4358 ταῖς
651 4293 840 4356 ἀϊδίοις
886 4291 1050 4346 αὐτοῦ
1088 4291 1334 4362 νοήσεσιν
1360 4289 1446 4360 (ἃς
1475 4306 1699 4362 προορι-

124 4393 283 4460 σμοὺς
303 4389 594 4460 ὀνομάζειν
615 4385 706 4439 τὸν
731 4386 869 4439 θεῖον
910 4379 1118 4437 Παῦλον
1155 4382 1213 4434 ἐν
1238 4381 1316 4452 τῷ
1350 4380 1489 4447 Περί
1525 4382 1698 4434 θείων

122 4482 420 4554 ὀνομάτων
471 4479 728 4550 ἔφημεν),
760 4478 878 4532 καθ’
919 4476 985 4540 ἃς
1030 4476 1172 4538 ἰδέας
1210 4473 1304 4527 καὶ
1349 4473 1562 4544 νοήσεις
1601 4473 1695 4525 τοῦ

1799 3272 2101 3343 prepositio
2134 3273 2384 3343 quaedam
2409 3289 2442 3329 e
2470 3272 2802 3339 Proverbiis,
2828 3274 2918 3330 ubi
2941 3274 3009 3331 de
3031 3276 3141 3331 cibi
3169 3278 3376 3332 virtute

1800 3366 1931 3436 agit.

1867 3454 2150 3527 Liquidum
2179 3473 2319 3511 vero.
2352 3455 2514 3521 Nota,
2548 3457 2728 3528 ipsum
2758 3467 2947 3528 potum
2978 3457 3252 3516 liquidum
3289 3458 3382 3513 ei-'

1798 3548 1928 3604 bum
1966 3550 2287 3621 appellasse.

1869 3640 2058 3696 Crater
2087 3641 2366 3697 rotundus.
2411 3639 2814 3714 Contemplatio
2847 3642 3100 3708 eratet-is,
3132 3651 3188 3699 et
3224 3640 3385 3712 θένε-⁸

1797 3732 1920 3788 dem
1951 3733 2428 3790 circumferentia.

1873 3824 2148 3894 Principia
2197 3833 2247 3880 et
2294 3827 2399 3896 [ine
2447 3828 2700 3883 carentis.
2767 3826 3032 3898 Principii
3095 3835 3372 3898 expertem

1798 3914 1932 3970 dicit
1961 3915 2055 3971 Dei
2090 3916 2490 3987 providentiam
2527 3932 2638 3972 non
2668 3918 2826 3988 quasi
2851 3916 3015 3973 simul
3054 3933 3178 3971 cum
3207 3919 3373 3974 rebus

1799 4009 2065 4065 exsistere
2109 4009 2398 4079 incipiens,
2430 4011 2565 4081 ipsis
2603 4009 2922 4080 prospiciat,
2949 4009 3106 4078 juxta
3133 4009 3258 4064 illos
3287 4009 3376 4062 in.

1799 4115 1988 4164 sanos,
2023 4100 2116 4170 qui
2144 4100 2337 4156 dicunt
2369 4121 2381 4155 :
2420 4101 2594 4156 Simul
2629 4100 2796 4165 Deus,
2829 4100 2991 4155 simul
3021 4101 3204 4155 omnia
3231 4118 3246 4166 ;
3275 4101 3371 4156 sed

1798 4193 1927 4262 quia
1977 4192 2300 4262 priusquam
2350 4207 2439 4248 res
2482 4192 2916 4262 producerentur
2963 4191 3017 4245 in
3069 4191 3208 4246 ideis
3258 4191 3374 4246 sive

1798 4285 2205 4354 exemplaribus
2236 4285 2457 4351 divinis,
2498 4285 2552 4340 id
2581 4293 2667 4340 est
2704 4284 2760 4338 in
2789 4284 3012 4339 mternis
3042 4284 3163 4354 ejus
3192 4284 3369 4337 notio-

1800 4376 1964 4429 nibus
2012 4375 2173 4445 (quas
2223 4374 2286 4430 D.
2326 4370 2557 4428 Paulum
2600 4375 3058 4444 pragdefinitioues
3099 4375 3377 4444 appellate

1800 4467 2042 4522 diximus
2070 4467 2128 4521 in
2172 4467 2316 4521 libro
2354 4465 2432 4522 De
2467 4467 2660 4521 divinis
2688 4467 3034 4535 nominibus),
3067 4464 3372 4526 secundum

123 4575 245 4630 Θεοῦ
273 4576 344 4629 τὰ
383 4575 650 4647 μέλλοντα
678 4568 1018 4643 παράγεσθαι
1062 4565 1504 4639 προετετύπωτο,
1535 4567 1630 4618 καὶ
1659 4567 1692 4638 ἡ

1811 4574 1936 4628 luas
1980 4558 2129 4614 ideas
2159 4565 2212 4614 et
2243 4560 2497 4615 notiones
2536 4559 2653 4623 Dei,
2684 4574 2774 4613 res
2820 4557 3019 4612 futurae
3063 4557 3178 4627 jam
3218 4571 3376 4611 erant

125 4671 339 4742 πρόνοια
381 4668 478 4722 τοῦ
519 4663 656 4720 Θεοῦ
703 4665 951 4736 ἀνάρχως
992 4661 1316 4734 προῦπῆρχε
1350 4659 1532 4730 πάσης
1576 4657 1694 4714 κτί-

125 4779 270 4827 σεως.
298 4759 566 4833 Προνοίας
597 4757 704 4830 γὰρ
734 4757 881 4818 θείας
912 4752 1002 4827 ἦν,
1033 4757 1152 4826 ἤτοι
1185 4754 1608 4825 προεννοήσεως,
1636 4753 1698 4806 τὸ

125 4853 396 4922 βούλεσθαι
440 4851 784 4924 παραγαγεῖν
821 4847 998 4900 κτίσιν
1027 4845 1128 4918 τὴν
1158 4845 1569 4898 ἁπολαύσουσαν
1595 4844 1698 4915 τῆς

123 4946 478 5018 προνοητικῆς
503 4941 667 4997 αὑτοῦ
701 4939 1055 5011 ἁγαθότητος.
1093 4937 1250 4992 Κατὰ
1283 4937 1443 4990 τοῦτο
1483 4931 1576 4990 οῦν
1605 4936 1698 4989 καὶ

123 5040 470 5111 ἀτελεύτητος
511 5038 546 5108 ἡ
579 5034 802 5106 πρόνοια
845 5031 1058 5101 λέγεται
1121 5031 1201 5092 εἰς
1227 5031 1353 5094 τοὺς
1400 5028 1698 5092 ἀθανάτους

123 5132 376 5200 ἀγγέλους
410 5129 506 5185 καὶ
533 5129 660 5191 τοὺς
690 5121 1365 5197 ἁπαθανατισθησομένους
1395 5123 1572 5192 ἡμᾶς,
1607 5121 1700 5175 καὶ

122 5223 183 5275 τὰ
212 5224 276 5277 δι’
309 5226 341 5295 ἡ
351 5224 458 5295 μᾶς
485 5219 666 5290 ἀγαθὰ
687 5219 942 5290 ἐσομένη.

189 5401 603 5475 Οἱκοόομοῦσα
629 5398 698 5453 δὲ
728 5398 825 5453 καὶ
865 5398 905 5466 ἠ
935 5396 1138 5466 σοφία.
1163 5394 1228 5447 Τί
1257 5394 1372 5447 ἐστι
1398 5392 1461 5445 τὸ
1495 5391 1700 5446 οἰκοδο-

129 5497 238 5562 μεῖν
270 5496 371 5566 τὴν
405 5493 603 5562 σοφίαν
624 5491 794 5562 ἑαυτῇ
820 5484 990 5554 οἷκον,
1010 5487 1106 5542 καὶ
1130 5489 1187 5541 ἐν
1219 5487 1355 5558 αὐτῇ
1386 5481 1695 5556 ἑτοιμάζειν

125 5583 160 5638 ἃ,
176 5587 308 5661 -έφη,
339 5587 435 5642 καὶ
456 5585 566 5652 ἔξω
586 5580 722 5638 εἶναι
753 5583 941 5648 αὐτοῦ,
974 5581 1068 5635 καὶ
1092 5583 1150 5635 ὲν
1171 5581 1340 5650 αὐτῷ.

201 5841 222 5869 ⁸
249 5832 379 5890 Luc.
421 5848 522 5892 xu.
559 5829 649 5883 49.
735 5828 750 5866 ί
788 5827 900 5885 Jer.
936 5841 1092 5889 χχιιι,
1130 5824 1220 5879 ‘29.

1798 4651 2196 4722 praeformatas,
2238 4659 2401 4724 atque
2448 4652 2586 4706 adeo
2629 4651 3002 4721 providentia.
3028 4650 3126 4708 Dei
3168 4657 3376 4720 absque

1798 4744 2070 4815 principio
2101 4744 2203 4800 fuit
2233 4753 2360 4802 ante
2387 4759 2605 4800 omnem
2647 4750 2979 4799 creaturam.
3009 4740 3380 4798 Providentiae

1798 4835 1946 4890 enim
1987 4835 2187 4890 divinae
2215 4835 2333 4890 sive
2363 4833 2580 4890 consilii
2620 4833 3008 4903 prospicientis
3053 4839 3171 4887 erat
3209 4831 3376 4896 etiam

1799 4927 1935 4981 velle
1963 4926 2270 4998 producere
2291 4935 2622 4991 creaturam,
2650 4923 3111 4996 providenti‘ejus
3132 4921 3374 4977 bonitate

1801 5016 2111 5073 fruiturum.
2153 5016 2470 5073 Secundum
2502 5017 2605 5071 hoc
2632 5019 2823 5087 utique
2851 5020 3014 5071 etiam
3047 5015 3154 5070 fine
3196 5019 3370 5068 caret.

1804 5109 1894 5164 Vel
1927 5109 2131 5164 dicitur
2160 5109 2504 5180 providentia
2541 5109 2722 5180 quoad
2755 5109 3094 5164 immortales
3125 5105 3370 5179 angelos,

1799 5210 1852 5256 et
1888 5216 1990 5256 nos
2021 5201 2170 5270 ipsos
2199 5200 2613 5255 immortalitate
2651 5199 2960 5265 donandos,
2993 5204 3247 5269 respectu
3274 5197 3366 5250 bo-

1797 5308 1993 5349 norum
2021 5307 2142 5362 qua:
2163 5299 2385 5362 propter
2405 5307 2508 5346 nos
2537 5300 2719 5348 erunt.

1870 5384 2142 5454 Sapientia
2187 5395 2361 5438 autem
2408 5384 2642 5455 a’di/icat
2686 5384 2790 5439 sibi
2835 5384 3070 5438 domum.
3112 5379 3254 5447 Quid
3303 5380 3373 5435 sit

1802 5477 2129 5548 sapientiam
2160 5477 2266 5534 sibi
2295 5477 2519 5533 domum
2547 5476 2839 5540 aedificare,
2873 5481 2928 5530 et
2961 5475 3016 5527 in
3057 5473 3172 5544 ipsa
3207 5489 3372 5543 appa-

1797 5586 1921 5626 rere
1950 5585 2074 5641 quu:
2112 5570 2381 5637 narravit,
2415 5584 2647 5641 eamque
2675 5575 2730 5624 et
2752 5573 2906 5624 extra
2937 5563 3114 5637 ipsam
3143 5572 3196 5620 et
3225 5564 3368 5619 intra

1798 5664 1973 5736 ipsam
1998 5662 2282 5720 exsistere.
