3886 6600
444 376 542 431 571

1237 368 1578 425 APPENDIX
1620 367 1714 423 AD
1748 366 1982 424 OPERA
2016 368 2077 422 S.
2112 366 2412 425 DIONYSII
2445 367 2929 427 AREOPAGITE.

3619 373 3723 430 879

519 489 589 542 Ει
631 490 687 543 in
730 490 971 545 universo
1015 494 1115 545 est.
1149 488 1225 547 De
1253 488 1359 543 hoc
1393 487 1560 542 etiam
1609 485 1819 542 dictum
1849 492 1935 542 est
1973 485 2027 540 in

2201 489 2312 542 Kal
2342 488 2413 542 ἐν
2439 487 2519 555 τῷ
2557 490 2736 544 παντὶ
2772 491 3056 561 γίγνεται.
3093 489 3229 563 Περὶ
3277 489 3473 548 τούτου
3506 493 3719 563 εἴρηται

447 581 589 636 libro
622 581 696 636 De
720 581 909 636 divinis
939 581 1258 648 nominibus,
1289 578 1567 650 quomodo
1597 587 1703 634 stet
1733 585 1790 633 et
1819 577 2030 634 sedeat.

445 672 759 729 Notandum
806 680 988 728 autem
1034 672 1220 744 ipsum
1266 673 1358 728 hic
1389 671 1793 743 providentiam
1836 686 2034 728 vocare

450 764 645 822 Deum.

519 856 588 911 In
614 872 670 910 se
692 856 1025 912 excellenter.
1048 856 1110 911 In
1139 856 1230 912 his
1250 856 1419 912 etiam
1442 856 1577 912 illud
1604 855 1915 910 excellenter
1946 870 2035 911 ac-

443 947 759 1018 cipiendum
790 955 876 1004 est
902 964 1023 1019 pro,
1048 949 1273 1004 minime
1302 949 1616 1019 privanter,
1644 948 1760 1004 sive
1804 963 1914 1002 non
1944 964 2033 1004 se-

443 1038 689 1094 cundum
739 1042 1080 1098 exsistentiaa
1117 1042 1443 1105 carentiam,
1485 1042 1565 1096 uti
1610 1040 1895 1113 proposita
1935 1056 2033 1096 su-

443 1142 698 1189 muntur.

520 1224 592 1280 Et
638 1234 809 1283 stans.
861 1227 964 1284 Hic
1012 1228 1230 1283 videtur
1275 1227 1411 1282 mihi
1457 1226 1761 1290 declarare,
1794 1226 1927 1297 quid
1958 1226 2033 1283 sit

447 1315 625 1382 ἑστία,
676 1318 732 1373 id
778 1325 864 1373 est
908 1318 1064 1388 quasi
1106 1318 1334 1384 mansio,
1375 1317 1451 1372 ita
1493 1324 1556 1371 ut
1604 1331 1803 1372 nomen
1876 1315 2032 1370 ἑστία

446 1411 732 1467 derivetur
763 1426 794 1465 a
822 1412 992 1466 verbo
1019 1412 1158 1466 ἐστι.

522 1502 595 1558 Et
641 1521 902 1575 nusquam
930 1514 1084 1560 extra
1122 1520 1197 1559 sc.
1235 1503 1371 1560 Cum
1402 1502 1537 1559 illud
1564 1510 1715 1557 stans
1754 1500 2033 1573 acceperit

448 1595 518 1651 de
546 1595 957 1667 perseverantia
989 1594 1299 1673 secundum
1334 1594 1853 1660 immutabilitatem,
1896 1593 2032 1650 illud

449 1705 508 1743 se
547 1704 755 1742 movens
785 1687 855 1743 de
883 1703 1067 1743 rerum
1092 1687 1459 1757 providentia,
1488 1686 1547 1741 in
1570 1698 1805 1759 utroque
1833 1687 2033 1743 horum

450 1781 612 1837 nobis
661 1778 1074 1852 intelligendum
1113 1789 1198 1837 est
1222 1786 1280 1837 et
1315 1780 1761 1836 subaudiendum
1790 1782 2028 1846 omnino,

2133 584 2226 636 καὶ
2270 583 2328 635 ὲν
2366 582 2446 653 τῷ
2485 584 2626 651 Περὶ
2670 584 2848 637 θείων
2891 582 3228 653 ὀνομάτων,
3257 583 3378 648 πῶς
3414 583 3594 648 ἑστὼς
3632 588 3721 639 καὶ

2134 675 2472 745 κινούμενος.
2516 675 2857 746 Σημειωτὲον
2900 674 2961 728 δὲ
3008 676 3093 729 ὅτι
3142 676 3402 748 πρόνοιαν
3449 676 3547 735 τὸν
3593 676 3721 733 Θεόν

2176 783 2321 820 τισιν.

2176 785 2321 820 τπσιν.

2134 785 2172 837 φ
2196 808 2321 913 ,Ἑν
2346 856 2428 925 τῷ
2458 857 2620 925 αὐτῷ
2648 858 2775 914 καθ’
2805 858 3135 929 ὑπεροχήν.
3165 859 3279 915 Καὶ
3321 860 3382 914 ὲν
3410 859 3633 925 τούτοις
3665 860 3722 914 τὸ

2132 953 2260 1005 καθ’
2292 952 2597 1022 ὑπεροχὴν
2632 953 2769 1023 πρὸς
2796 953 2859 1006 τὸ
2887 951 2962 1024 μὴ
3010 953 3151 1006 κατά
3192 953 3449 1025 στέρησιν
3480 954 3578 1007 καί
3601 955 3719 1007 ἀνυ-

2132 1042 2372 1115 παρξίαν
2407 1044 2591 1098 λαϐεῖν
2619 1046 2767 1117 ἡμᾶς
2790 1044 2860 1099 τὰ
2888 1045 3248 1118 προκείμενα,
3279 1045 3557 1118 εἴληπται.

2201 1226 2312 1280 Kal
2352 1225 2643 1295 ἑστηκώς.
2672 1224 2936 1281 Ἐνταῦθα
2975 1225 3124 1279 δοκεῖ
3157 1242 3246 1296 μοι
3282 1224 3638 1296 σαφηνίζειν,
3673 1226 3724 1277 τί

2132 1317 2316 1383 ἑστία,
2365 1318 2641 1373 τουτέστιν
2673 1316 2708 1388 ἠ
2752 1319 2831 1383 ὡς
2876 1318 2992 1372 ἐστι
3022 1317 3275 1389 διαμονὴ,
3307 1316 3418 1371 ἀπὸ
3460 1316 3557 1370 τοῦ
3596 1317 3721 1371 ἐστὶ

2133 1410 2490 1484 παρηγμένον
2514 1411 2609 1464 τοῦ
2636 1409 2899 1482 ὀνόματος
2924 1410 3029 1481 τῆς
3057 1409 3287 1475 ἑστίας.

2205 1506 2314 1561 Kal
2344 1504 2619 1576 οὐδαμῶς
2652 1504 2770 1570 ἔξω
2797 1503 3008 1559 αὐτοῦ.
3055 1501 3273 1574 Ἐπειδὴ
3300 1501 3362 1554 τὺ
3403 1501 3506 1573 μὲν
3541 1501 3722 1567 ἑστὼς

2135 1597 2229 1652 ἐπὶ
2255 1598 2357 1670 τῆς
2388 1597 2531 1653 κατὰ
2563 1597 2625 1651 τὸ
2667 1596 3024 1652 ἀναλλοίωτον
3059 1595 3417 1667 μονιμόπιτος
3451 1594 3637 1655 ἔλαϐε,
3668 1594 3725 1645 τὸ

2134 1688 2194 1742 δὲ
2220 1690 2575 1758 κινούμενος
2598 1688 2692 1741 ἐπὶ
2710 1689 2811 1759 τῆς
2832 1690 2914 1753 είς
2934 1688 3004 1743 τὰ
3026 1688 3157 1742 ὄντα
3184 1685 3465 1759 προνοίας,
3490 1688 3579 1756 ἐφ’
3603 1688 3724 1739 ἑκα-

2137 1780 2297 1852 τέρου
2341 1780 2548 1835 τούτων
2591 1783 2731 1835 νοεῖν
2776 1782 2924 1851 ἡμᾶς
2969 1781 3077 1852 χρὴ
3119 1780 3214 1834 καὶ
3263 1777 3639 1851 προσεπάγειν
3668 1779 3725 1831 τὸ

452 1871 528 1926 ita
552 1882 612 1927 ut
640 1870 713 1928 sit
741 1885 937 1926 sensus
969 1890 983 1924 :
1027 1868 1217 1941 Neque
1246 1870 1471 1925 omnino
1513 1876 1690 1935 stans,
1734 1870 1898 1939 quasi
1923 1883 2035 1925 non

2168 1875 2421 1939 ταθόλου,
2463 1870 2606 1950 ἴναῇ
2646 1873 2888 1928 τοιοῦτον
2923 1873 2986 1927 τὸ
3030 1874 3317 1946 λεγόμενον
3334 1889 3350 1904 ’
3378 1871 3522 1927 Οὔτε
3562 1870 3725 1934 ἑστὼς

452 1964 523 2020 ad
554 1961 954 2034 providendum
978 1968 1297 2028 moveatur;
1320 1960 1485 2032 33o
1516 1976 1693 2031 neque
1721 1960 1946 2015 omnino
1975 1974 2038 2016 se

451 2069 706 2122 movens,
749 2055 909 2126 quasi
957 2069 986 2107 a
1027 2054 1327 2109 stabilitate
1369 2069 1469 2108 sua
1515 2052 1787 2109 deﬂectat.
1820 2052 2037 2106 Aliter:

452 2145 593 2203 Illud
624 2162 823 2216 semper
862 2156 1005 2201 stare
1030 2156 1083 2201 et
1110 2147 1308 2200 moveri
1346 2144 1415 2200 de
1437 2144 1549 2200 Deo
1588 2145 1821 2206 dictum,
1852 2144 2040 2214 provi-

451 2240 578 2297 dam
616 2240 738 2312 ejus
762 2240 817 2296 in
849 2240 1151 2296 stabilitate
1178 2240 1554 2310 operationem
1600 2237 1872 2309 designat.
1900 2236 2039 2291 Illud

451 2340 634 2388 autem
662 2348 825 2404 neque
853 2340 998 2386 stare
1030 2348 1193 2395 neque
1221 2333 1436 2396 moveri,
1459 2331 1582 2401 ejus
1608 2332 1664 2386 in
1694 2330 2039 2403 providendo

452 2424 925 2495 perseverantiam
966 2430 1349 2494 repmsenlat.
1376 2421 1503 2478 llazc
1548 2429 1731 2477 autem
1769 2421 1955 2476 omnia
1983 2421 2039 2476 in
2084 2474 2091 2491 π

452 2517 592 2573 libro
628 2517 708 2573 De
728 2518 920 2572 divinis
950 2516 1250 2572 nominibus
1284 2530 1429 2587 saepe
1457 2513 1838 2585 exposuimus.

528 2708 684 2784 ειν.
735 2709 982 2766 Solidum
1024 2709 1234 2783 quidem
1282 2708 1481 2764 cibum.
1530 2707 1666 2775 Quis
1713 2709 1786 2764 sit
1832 2708 2044 2765 solidus

453 2804 640 2869 cibus,
672 2810 728 2859 et
767 2805 894 2874 quis
936 2802 1180 2873 liquidus
1213 2820 1230 2859 :
1262 2809 1425 2873 atque
1452 2802 1688 2857 solidum
1712 2801 1896 2856 cibum
1918 2816 2044 2856 esse

458 2897 716 2952 stabilem
745 2894 1160 2967 perfectionem.

529 3008 600 3064 Et
622 3019 889 3096 potentem
925 3019 976 3064 et
998 3009 1347 3080 singularem.
1388 3007 1729 3079 Singularem
1761 3013 1817 3060 et
1845 3005 2044 3060 indivi-

456 3104 623 3160 duam
665 3103 953 3158 scientiam
1002 3101 1158 3165 dicit,
1187 3116 1313 3156 cum
1345 3100 1606 3154 nimirum
1647 3098 1703 3152 in
1738 3098 1830 3161 iis,
1854 3098 1947 3169 qui
1976 3097 2045 3153 de

2138 1967 2390 2033 καθόλου,
2426 1968 2504 2037 ὡς
2533 1966 2610 2038 μὴ
2637 1966 2903 2021 κινεῖσθαι
2943 1964 3349 2039 προνοητικῶς,
3379 1963 3509 2018 οὔτε
3556 1963 3726 2017 κινού-

2141 2077 2302 2131 μενος
2328 2060 2555 2115 καθόλου
2580 2100 2596 2126 ,
2622 2060 2702 2125 ὡς
2731 2061 2832 2132 τῆς
2860 2060 3070 2122 οἰκείας
3112 2056 3473 2130 μεθίστασθαι
3511 2055 3727 2127 μονιμό-

2137 2171 2319 2224 τητος.
2350 2156 2603 2220 Ἄλλως·
2650 2154 2773 2207 Ὀτι
2802 2153 2866 2206 τὸ
2895 2137 2987 2209 ἀεὶ
3018 2151 3269 2207 ἑστάναι
3296 2152 3396 2205 καὶ
3440 2148 3727 2204 κινεῖσθαι

2141 2248 2270 2320 περὶ
2298 2246 2434 2302 Θεοῦ
2482 2246 2773 2318 λεγόμενον
2802 2246 2903 2318 τὴν
2934 2246 2993 2299 ὲν
3032 2247 3099 2316 τῇ
3143 2243 3463 2316 μονιμότητι
3496 2258 3724 2313 προνοηο

2139 2340 2298 2412 τικὴν
2342 2338 2508 2393 αὐτοῦ
2541 2339 2821 2411 ἐνέργειαν
2869 2338 3037 2410 δηλοῖ.
3073 2337 3146 2390 Τὸ
3180 2335 3239 2389 δὲ
3280 2333 3439 2405 μηδὲ
3482 2331 3726 2388 ἑστάναι

2134 2432 2291 2503 μηδὲ
2334 2431 2625 2486 κινεῖσθαι
2669 2431 2770 2503 τὴν
2820 2432 2879 2484 ὲν
2924 2428 3003 2501 τῷ
3056 2431 3302 2501 προνοεῖν
3347 2426 3517 2481 αὐτοῦ
3567 2427 3726 2497 μονὴν

2141 2524 2461 2595 παρίστησι.
2500 2522 2688 2577 Πάντα
2717 2522 2776 2576 δὲ
2805 2521 2877 2576 τὰ
2916 2520 3150 2576 ἐνταῦθα
3181 2522 3241 2574 ὲν
3273 2519 3354 2591 τῷ
3383 2519 3529 2588 Περὶ
3560 2518 3726 2573 θείων

2142 2616 2452 2686 ὀνομάτων
2477 2616 2738 2680 πολλάκις
2765 2614 3177 2686 διεληλύθαμεν.

2218 2727 2248 2801 ε
2270 2728 2359 2782 IV.
2389 2728 2511 2797 Τὴν
2530 2727 2649 2798 μὲν
2672 2727 2787 2782 οὖν
2811 2727 3066 2796 στερεὰν
3092 2723 3340 2795 τροφήν.
3357 2725 3454 2789 Τίς
3479 2727 3513 2797 ἡ
3537 2722 3724 2795 στερεά

2143 2822 2339 2893 τροφὴ,
2376 2822 2471 2876 καὶ
2499 2821 2585 2884 τίς
2614 2823 2648 2892 ἠ
2685 2820 2860 2892 ὑγράο
2893 2820 2986 2873 καὶ
3013 2819 3097 2872 ὅτι
3141 2816 3335 2888 στερεὰ
3374 2818 3552 2888 τροφή
3586 2818 3723 2868 ἐστιν

2143 2915 2179 2985 ἡ
2215 2913 2441 2986 μόνιμος
2470 2911 2765 2983 τελειότης.

2216 3029 2325 3083 Kal
2364 3026 2634 3095 δυνατὴν
2679 3025 2776 3080 καὶ
2821 3025 3075 3095 ἑνιαίαν..
3114 3022 3354 3077 Ἐνιαίαν
3421 3023 3519 3076 καὶ
3559 3022 3721 3076 ἀδιαί-

2147 3140 2302 3197 ρετον
2342 3121 2542 3193 γνῶσίν
2574 3138 2706 3193 φησι
2741 3119 2804 3173 τὸ
2842 3122 2899 3173 ἐν
2947 3122 3058 3183 τοῖς
3093 3119 3221 3189 περὶ
3262 3116 3398 3170 Θεοῦ
3444 3116 3623 3183 λόγοις
3654 3114 3721 3185 μὴ

459 3194 572 3251 Deo
622 3202 776 3259 sunt,
815 3193 1187 3258 sermonibus,
1233 3204 1582 3262 nequaquam
1633 3190 1689 3243 in
1732 3188 2043 3245 materiales

2168 3215 2284 3288 τρδς
2324 3188 2424 3279 τας
2458 3188 2649 3276 ὑλικὰς
2697 3212 2905 3275 ἑννοίας
2949 3188 3411 3281 καταμερίζεσθαι
3451 3207 3544 3260 τὸν
3587 3206 3719 3268 νοῦν,

460 3286 854 3357 intelligentias
884 3300 1039 3340 mens
1087 3283 1393 3350 dividitur;
1427 3282 1524 3339 sed
1570 3280 1921 3335 uniformiter
1948 3297 2044 3337 su-

460 3377 876 3450 pernaturalem
926 3383 981 3432 et
1034 3374 1450 3430 inscrutabilem
1498 3372 1740 3427 divinam
1794 3378 2045 3427 naturam

462 3476 718 3541 reputat;
754 3469 959 3539 quippe
1003 3483 1127 3539 quae
1156 3467 1408 3523 sensoria
1445 3476 1650 3536 organa
1691 3465 1931 3522 hominis
1964 3464 2051 3521 in-

462 3563 687 3621 terioris
708 3562 910 3617 habeat
938 3559 1235 3616 admodum
1262 3558 1606 3615 exercitata..

534 3653 607 3709 Et
635 3669 730 3724 per
750 3651 970 3707 dividua
1000 3668 1093 3707 seu
1116 3650 1459 3721 multiplicia.
1484 3649 1590 3706 Per
1607 3651 2051 3708 subauditionem

463 3761 667 3803 censeo
701 3745 807 3799 hoc
846 3745 1005 3816 juxta
1035 3743 1500 3799 constructionem
1535 3743 1885 3800 referendum
1925 3759 2052 3802 esse

465 3839 535 3893 ad
564 3839 765 3907 fusam,
786 3846 895 3894 etc.
1034 3850 1039 3855 '
1104 3848 1113 3859 '
1738 3819 1745 3825 δ

535 3929 877 3987 Hanuducit.
918 3928 1109 4001 Neque
1133 3929 1278 3986 enim
1330 3944 1440 3986 uno
1480 3943 1547 3985 ac
1572 3929 1809 4001 simplici
1852 3930 2042 3996 modo,

466 4024 564 4081 sed
585 4022 910 4080 multiformi
938 4022 1205 4094 varioque
1228 4021 1456 4079 edoctos
1479 4022 1547 4079 ad
1569 4021 1871 4093 perfectam
1903 4023 2052 4078 illam

468 4116 566 4173 Dei
599 4116 893 4173 scientiam
919 4116 1230 4188 promoveri
1259 4115 1489 4173 scimus.

547 4207 684 4280 [Cur
711 4209 849 4272 rori,
872 4222 1049 4278 aqua,
1083 4206 1239 4271 lacti,
1271 4206 1420 4271 vino,
1452 4212 1510 4261 et
1549 4204 1697 4260 melli
1726 4203 1910 4259 divina
1936 4204 2053 4259 elo-

2149 3305 2285 3359 ἀλλὰ
2320 3304 2665 3377 μονοτρόπως
2707 3303 2768 3357 τὸ
2816 3304 2959 3375 ὑπὲρ
2990 3302 3151 3373 φύσιν
3199 3301 3292 3354 καὶ
3335 3299 3721 3369 ἀνεξιχνίαστον

2148 3399 2248 3471 τῆς
2278 3398 2427 3461 θείας
2457 3397 2671 3466 φύσεως
2697 3395 3006 3466 λογίζεσθαι
3050 3395 3142 3449 τὸν
3174 3393 3243 3448 τὰ
3279 3395 3607 3466 αἰσθητήρια
3637 3389 3719 3443 τοῦ

2150 3493 2301 3558 ἐντὸς
2326 3490 2613 3565 ἀνθρώπου
2642 3488 3065 3561 γεγυμνασμένα
3096 3487 3305 3557 ἔχοντα.

2226 3675 2336 3731 Kal
2370 3670 2689 3745 μεριστῶν.
2733 3670 2889 3725 Κατὰ
2931 3668 3110 3723 κοινοῦ
3148 3668 3209 3722 τὸ
3262 3666 3506 3738 σύνθεμα
3550 3664 3719 3735 φέρειν

2152 3768 2333 3841 οἴομαι
2361 3768 2461 3839 τῆς
2484 3764 2824 3837 διαχυτικῆς,
2852 3760 3033 3816 καὶτὰ
3063 3760 3209 3831 ἑξῆς.

2223 3945 2731 4017 Χειραγωνούσης.
2766 3942 2879 4012 Οὐχ
2934 3940 3014 3995 ἐνὶ
3045 3937 3155 4009 γὰρ
3198 3937 3419 4008 τρόπῳ,
3454 3934 3589 3988 ἀλλὰ
3634 3951 3716 3986 πο-

2152 4038 2351 4092 λυειδεῖ
2380 4037 2475 4090 καὶ
2501 4035 2729 4104 ποικίλῳ
2758 4034 2885 4097 τοὺς
2901 4026 3317 4099 διδασκομένους
3337 4025 3430 4077 ἐπὶ
3456 4023 3518 4077 τὸ
3536 4021 3719 4075 τέλειον

2153 4132 2252 4203 τῆς
2280 4127 2608 4199 θεογνωσίας
2630 4124 2859 4195 ἄγεσθαι
2891 4121 3072 4193 ἴσμεν.

2228 4222 2354 4296 [Διὰ
2375 4222 2428 4276 τί
2466 4220 2641 4293 δρόσῳ
2670 4219 2762 4273 καὶ
2786 4217 2937 4271 ὕδατι
2967 4215 3063 4268 καὶ
3085 4212 3318 4282 γάλακτι
3358 4211 3453 4265 καὶ
3488 4208 3612 4280 οἴνῳ
3642 4204 3721 4260 καὶ

468 4301 599 4373 quia
616 4309 1008 4372 comparentur
1041 4322 1055 4355 :
1091 4308 1148 4356 et
1174 4300 1306 4370 quid
1336 4299 1455 4355 haec
1479 4297 1664 4353 omnia
1696 4294 2043 4368 signiﬁcent;

2168 4294 2338 4387 μέλιτι
2366 4313 2436 4366 τὰ
2473 4312 2593 4366 θεῖα
2638 4307 3031 4383 παρεικάζεται
3069 4305 3253 4374 λόγια’
3282 4304 3377 4358 καὶ
3417 4302 3504 4367 τίς
3530 4303 3564 4372 ἡ
3610 4297 3721 4352 ἑκά-

538 4502 716 4557 Donat
749 4500 1134 4557 accedentibus.
1164 4500 1307 4568 Quid
1348 4500 1597 4573 symbola
1628 4497 1960 4571 signiﬁcent.

550 4682 821 4738 Veracitcr
863 4683 1086 4753 epulari.
1140 4682 1304 4748 Nota,
1364 4682 1517 4754 quod
1563 4698 1764 4739 nomen
1817 4684 2056 4755 εὐωχίας

470 4773 565 4829 hic
608 4771 773 4830 Pater
801 4772 1007 4831 derivet
1038 4775 1107 4831 ab
1133 4770 1217 4841 εὖ,
1248 4774 1306 4830 id
1354 4783 1438 4830 est
1487 4774 1632 4840 bene,
1665 4782 1721 4829 et
1766 4772 1912 4845 ἔχειν
1960 4774 2058 4828 ha-

476 4864 612 4921 bere.

554 4980 836 5052 Viniﬁcans
875 4950 1057 5050 simul,
1088 4991 1138 5038 et
1164 4982 1412 5052 parvulos
1445 4982 1705 5037 nutriens.
1750 4981 2057 5039 Educando

2162 4425 2286 4461 στου
2323 4407 2529 4460 τούτων
2560 4401 2837 4475 δύναμις.]

2233 4497 2503 4567 Δωρεῖται
2566 4494 2690 4561 τοῖς
2735 4490 3075 4562 προσιοῦσι.
3136 4487 3203 4541 Τί
3253 4487 3405 4560 δηλοῖ
3470 4485 3540 4540 τὰ
3599 4482 3719 4553 σύμ-

2083 4550 2133 4611 Ῑ)
2157 4590 2311 4646 6ολα.

2232 4682 2304 4738 Τὸ
2363 4679 2602 4750 ἀληθῶς
2655 4677 2923 4749 εὐωχεῖν.
2975 4673 3324 4748 Σημείωσαι,
3370 4672 3456 4724 ὅτι
3523 4668 3584 4722 τὸ
3636 4665 3721 4734 τῆς

2156 4774 2412 4845 εὐωχίας
2450 4773 2620 4844 ὄνομα
2663 4771 2693 4824 ὁ
2724 4771 2913 4843 Πατὴρ
2936 4769 3027 4840 ἐἰς
3067 4766 3130 4821 τὸ
3170 4765 3240 4819 εὗ
3278 4766 3449 4833 ἔχειν
3490 4757 3722 4831 ἐτυμολο-

2196 4872 2264 4922 si.
3382 4868 3395 4876 ’

2196 4886 2264 4922 ει.

2158 4886 2193 4939 γ
2232 4974 2528 5042 Ζωοποιὸς
2579 4973 2701 5044 ἅμα
2747 4971 2847 5027 καὶ
2908 4968 3333 5040 κουροτρόφος.
3396 4967 3474 5021 Tb
3527 4965 3720 5039 τρέφειν

478 5072 693 5129 scilicet
711 5074 944 5155 juvenes
974 5075 1201 5146 probos.
1227 5072 1344 5149 Hoc
1371 5080 1557 5129 autem
1587 5074 1956 5146 κουροτρόφος
1976 5086 2043 5131 εει

2168 5073 2378 5137 νεανίας
2410 5070 2666 5142 ἀγαθούς.
2704 5067 2797 5135 Ἐξ
2840 5067 3077 5138 Ὀμήρου
3117 5063 3175 5117 δὲ
3208 5063 3366 5155 τοῦτο
3385 5079 3401 5094 ·
3426 5062 3597 5155 κόρος
3620 5054 3722 5155 γὰρ

477 5163 715 5222 Homero
747 5184 764 5223 :
795 5182 923 5221 nam
954 5167 1117 5239 κόρος
1142 5175 1228 5223 est
1251 5166 1494 5237 juvenis,
1528 5173 1582 5221 et
1617 5182 1716 5237 per
1743 5167 2061 5223 redundan-

477 5257 608 5312 tiam
642 5275 696 5323 υ,
727 5258 949 5330 κοῦρος,
982 5259 1129 5314 unde
1157 5258 1323 5314 etiam
1356 5258 1740 5331 κουροτρόφος.
1828 5298 1833 5303 -

554 5370 585 5444 ς
621 5369 689 5426 ν.
713 5371 856 5427 Deus
881 5371 1136 5426 inebriari
1174 5371 1393 5428 dicitur.
1426 5371 1568 5428 Nota
1603 5373 1878 5444 quomodo
1915 5374 2063 5429 dica-

2162 5170 2191 5221 ὁ
2225 5164 2470 5231 νεανίας,
2502 5163 2596 5217 καὶ
2624 5158 2765 5216 κατὰ
2797 5156 3132 5227 πλεονασμὸν
3163 5153 3258 5208 τοῦ
3290 5171 3321 5206 υ
3350 5154 3583 5221 κοῦρος,
3618 5146 3721 5201 ὅθεν

2165 5258 2259 5313 mi.
2284 5254 2704 5324 κουροτρόφος.

2241 5369 2270 5441 §
2301 5368 2366 5423 ν.
2400 5366 2545 5433 Θεὸς
2584 5365 2830 5436 μεθύειν
2855 5362 3110 5433 λέγεται.
3147 5357 3460 5432 Σημείωσαι
3498 5355 3609 5418 πῶς
3642 5367 3720 5424 με·

405 5494 421 5523 ι
479 5470 571 5516 tur
614 5461 759 5518 Deus
819 5462 1103 5526 inebriari,
1154 5471 1209 5517 et
1261 5464 1427 5529 unde,
1474 5471 1529 5519 et
1576 5479 1698 5534 quae
1751 5463 1824 5519 sit
1875 5471 2043 5521 nostr:

2168 5462 2315 5517 θύειν
2337 5462 2555 5531 λέγεται
2573 5462 2602 5513 ὁ
2626 5457 2778 5521 Θεὸς,
2815 5455 2908 5510 καὶ
2931 5456 2996 5508 ὲκ
3028 5453 3170 5516 τίνος
3197 5451 3291 5505 καὶ
3308 5451 3393 5514 τίς
3426 5451 3459 5520 ὴ
3486 5449 3565 5518 ἐφ’
3587 5444 3721 5519 ἡμῶν

481 5555 741 5619 ebrietas,
767 5562 822 5610 et
854 5553 1129 5626 quomodo
1152 5554 1219 5611 de
1246 5553 1355 5611 Deo
1383 5554 1621 5610 exstasis
1648 5555 1886 5610 dicatur.

554 5646 730 5720 Supra
758 5647 1165 5718 intelligentiam
1191 5647 1473 5701 exsistens.
1505 5644 1777 5710 Quoniam
1810 5645 1952 5701 Deus
1985 5651 2072 5701 est

2175 5553 2334 5625 μέθη,
2360 5553 2454 5605 καὶ
2486 5550 2604 5615 πῶς
2632 5549 2849 5619 λέγεται
2880 5546 2972 5599 ἐπὶ
3004 5543 3137 5597 Θεοῦ
3179 5542 3452 5604 ἔκστασις.

2254 5642 2433 5713 ’Υπὲρ
2464 5643 2530 5696 τὸ
2553 5642 2717 5696 νοεῖν
2741 5640 2844 5695 ὢν.
2872 5638 2995 5691 "Ott
3027 5637 3055 5688 ὁ
3080 5634 3211 5698 Θεὸς
3242 5634 3334 5687 καὶ
3359 5632 3500 5698 ὑπὲρ
3522 5630 3578 5683 τὸ
3603 5626 3723 5680 νοεῖν

486 5744 598 5789 tam
628 5717 795 5805 supra
843 5736 897 5791 id
927 5736 1075 5806 quod
1102 5736 1381 5807 intelligit.
1413 5749 1578 5803 quam
1629 5750 1795 5805 supra
1842 5735 1893 5790 id
1923 5750 2043 5805 qum

2174 5737 2311 5800 ἐστι,
2345 5735 2438 5789 καὶ
2470 5735 2611 5805 ὑπὲρ
2641 5733 2701 5786 τὸ
2726 5729 2981 5792 νοεῖσθαι,
3015 5727 3109 5782 καὶ
3131 5724 3272 5785 ὑπὲρ
3299 5723 3359 5777 τὸ
3376 5717 3532 5776 εἶναι.

490 5827 836 5898 intelligitur,
870 5835 924 5882 ct
949 5841 1115 5897 supra
1139 5827 1190 5882 id
1223 5826 1368 5895 quod
1401 5834 1503 5880 est.
