3886 6600
135 422 234 478 575

1041 423 1099 480 S.
1135 425 1386 480 ΜΑΧΙΜΙ
1435 424 1730 482 SCHOLIA
1766 423 1834 480 IN
1868 423 2016 481 EPP.
2056 425 2114 483 S.
2152 423 2468 484 DlONYSll.

3300 429 3404 484 ὅτι

194 534 666 605 Μεμεθυσμένος
699 536 835 606 ἅμα.
863 539 1173 608 Σημείωσαι
1211 543 1266 593 ὲν
1301 543 1569 613 συντόμῳ,
1606 541 1691 594 πῶ

1897 541 2074 597 Simul
2101 543 2411 603 inebriatus.
2453 543 2592 597 Nota
2611 531 2856 599 breviter~
2885 534 3162 615 quOmodo
3189 545 3400 600 dicatur

135 626 552 698 μεμεθυσμένπ
582 630 673 682 καὶ
706 631 1011 700 ἐξεστηκὼς
1041 631 1259 700 λέγεται
1287 635 1315 685 6
1343 631 1492 698 Θεός.

195 720 360 772 Κατὰ
399 719 508 772 τὸν
538 720 724 774 αὐτὸν
753 721 1154 792 ἐρειηψιόμεθα.
1193 726 1325 778 Τίνα
1357 727 1424 780 τά
1459 727 1725 799 λεγόμενα

129 810 313 862 δεῖπνα
367 811 488 881 ἦτοι
545 812 816 882 συμπόσια
875 816 934 868 ἐν
975 819 1040 887 τῇ
1097 816 1340 888 βασιλείᾳ
1387 819 1498 871 τῶν
1559 821 1723 892 οὐρα-

129 919 252 954 νων.

197 993 317 1060 Τὴν
349 995 695 1053 ἀνάκλισιν.
717 1000 813 1063 Τίς
844 1001 876 1072 ή
923 1003 980 1055 ὲν
1012 1005 1077 1073 τῇ
1130 1003 1375 1076 βασιλείᾳ
1405 1006 1516 1060 τῶν
1549 1007 1719 1079 οὐρα-

128 1084 226 1136 νῶν
245 1087 564 1152 άνάκλισις·
594 1091 675 1143 ὅτι
709 1093 1030 1160 ἀνάπαυσις,
1053 1098 1146 1150 καὶ
1178 1097 1419 1170 ἀϐλαϐὴς
1452 1098 1587 1172 ζωὴ,
1624 1101 1718 1154 καὶ

130 1178 192 1231 τά
227 1179 383 1252 ἑξῆς.

188 1273 332 1326 Καθ’
378 1271 460 1342 ἣν
498 1276 904 1346 εὐφροσύνην·
948 1279 1060 1351 Τὴν
1092 1280 1452 1353 εὐφροσύνην,
1501 1284 1630 1356 ἦτοι.
1653 1285 1716 1339 τὸ

127 1363 406 1435 εὐφρονεῖν
428 1365 496 1397 ⁸³’
529 1367 708 1433 (τοῦτο
730 1371 836 1442 γάρ
870 1372 1016 1424 ἐστιν
1049 1371 1374 1446 εὐφροσύνη)
1391 1374 1483 1428 τὸν
1510 1375 1714 1448 Ἰησοῦν

129 1457 349 1520 εἰκότως
369 1457 541 1526 λέγει.

192 1544 320 1615 §VL
348 1547 458 1600 Kal
491 1547 604 1601 τὸν
632 1551 1086 1623 εὐφημούμενον
1113 1554 1328 1610 ὕπνον.
1362 1557 1487 1621 Πῶς
1519 1556 1710 1615 ἔλαϐεν

127 1637 214 1688 ἐπὶ
252 1636 391 1690 Θεοῦ
427 1635 595 1692 ὕπνον
630 1642 722 1694 καὶ
756 1645 1108 1719 ἐγρήγορσιν.

192 1729 313 1796 Τὴν
346 1732 730 1801 συμϐολικὴν
773 1739 1104 1808 θεολογίαν.
1141 1738 1451 1809 Σημείωσαι
1505 1738 1560 1792 τί
1603 1757 1707 1794 πε-

127 1821 290 1890 ριέχει
339 1823 372 1893 ὴ
420 1825 762 1895 Συμϐολικὴ
810 1831 1105 1900 θεολογία.
1154 1829 1596 1904 Διεξοδικώτερον
1627 1835 1706 1900 δὲ,

121 1913 366 1965 τουτέστι
420 1912 790 1991 πλατύτερον,
837 1919 1174 1996 διήρθρωται
1221 1924 1316 1977 καὶ
1364 1924 1705 1980 διατετύπω-

128 2022 233 2062 ται.

485 2103 597 2156 ΕΙΣ
635 2104 781 2157 ΤΗΝ
820 2106 1220 2160 ΕΠΙΣΤΟΛΗΝ
1259 2109 1315 2163 ι’.

195 2191 259 2243 Ἦ
279 2192 379 2262 μὲν
402 2194 660 2264 ἐπιστολὴ
677 2194 799 2259 ἀξία
836 2195 934 2267 τῆς
967 2198 1329 2270 ἀρχαιότητος
1349 2202 1565 2274 ἐκείνης
1599 2204 1706 2275 τῆς

122 2281 284 2353 ἱερᾶς,
335 2284 429 2337 καὶ
475 2284 570 2337 τοῦ
627 2285 974 2356 μαθητοῦ,ὂν
1017 2288 1207 2358 ἠγάπα
1262 2293 1287 2344 6
1332 2292 1572 2363 Ἰησοῦς,
1606 2297 1706 2368 τὴν

131 2373 282 2446 χάριν
334 2375 775 2444 ἀπαγγέλλουσα.
835 2379 991 2431 Ἔστι
1040 2380 1097 2433 δὲ
1150 2381 1448 2452 συμϐαλεῖν
1492 2387 1559 2438 ὲκ
1604 2386 1705 2456 τῆς

124 2464 248 2534 πρὸς
279 2467 371 2518 τὸν
407 2467 561 2535 ἆγιον
595 2468 950 2541 Πολύκαρπον
991 2471 1034 2535 ζ’
1062 2471 1262 2544 οῦσης,
1298 2469 1434 2529 εἶναι
1487 2476 1578 2530 τὸν
1616 2479 1706 2548 μέ-

122 2572 216 2622 γαν
246 2558 544 2621 Διονύσιον,
573 2561 662 2613 ὅτε
711 2561 878 2615 ταῦτα
928 2562 1164 2634 ἔγραφεν
1191 2606 1207 2629 ,
1269 2566 1406 2620 ἐτῶν
1443 2562 1573 2635 περί
1601 2587 1700 2622 που

121 2645 484 2719 ἐννενήκοντα.
536 2651 622 2703 Ἑν
680 2653 778 2722 μὲν
837 2652 946 2724 γάρ
991 2657 1057 2726 τῇ
1095 2654 1230 2726 πρὸς
1285 2655 1376 2709 τὸν
1410 2658 1563 2727 ἅγιον
1596 2661 1702 2712 Πο-

119 2735 392 2811 λύκαρπόν
449 2758 634 2810 φησιν,
702 2746 758 2796 ὲν
821 2747 887 2814 τῇ
964 2745 1082 2798 κατ’
1145 2744 1419 2815 Αἴγυπτον
1492 2749 1701 2803 Ἡλιου-

119 2829 262 2884 πόλει
318 2833 560 2902 διάγων,
618 2834 914 2888 Θεάσασθαι
963 2836 1061 2906 τὴν
1113 2838 1263 2912 παρὰ
1322 2839 1483 2908 φύσιν
1545 2857 1699 2909 γενο-

123 2919 280 2992 μένην
336 2921 580 2993 ἔκλειψιν
624 2924 719 2976 τοῦ
763 2925 914 2994 ἡλίου
969 2928 1026 2978 ὲν
1082 2925 1162 2996 τῷ
1208 2927 1458 2999 σαπηρίῳ
1537 2945 1700 2982 σταυ-

119 3012 191 3082 ρῷ
223 3015 267 3046 ⁸⁸
299 3015 396 3068 τοῦ
453 3018 734 3088 Χριστοῦ,
783 3019 920 3090 ὅπερ
977 3009 1274 3090 γέγονετῷ
1330 3022 1397 3092 ιη’
1455 3021 1564 3075 ἔτει
1595 3022 1698 3092 τῆς

117 3104 358 3178 Τιϐερίου
389 3108 684 3178 βασιλείας·
707 3108 785 3180 τῷ
818 3119 929 3182 γάρ
964 3110 1025 3164 ιε’
1043 3111 1152 3164 ἔτει
1184 3112 1350 3165 αὑτοῦ
1368 3113 1570 3186 ἦρξατο
1600 3114 1694 3168 τοῦ

119 3197 462 3269 κηρύγματος
493 3201 521 3252 6
556 3200 761 3272 Κύριος
807 3201 1034 3271 Ἰησοῦς,
1071 3203 1145 3267 ὡς
1179 3206 1238 3258 ἐν
1270 3204 1348 3275 τῷ
1382 3205 1521 3259 κατὰ
1552 3207 1691 3261 Λου-

117 3288 208 3340 κᾶν
252 3289 506 3360 δηλοῦται
552 3292 891 3363 Εὐαγγελίῳ.
945 3294 1085 3365 Τρία
1133 3295 1193 3348 δὲ
1226 3295 1271 3326 ⁸⁵
1304 3295 1398 3366 ἔτη
1437 3297 1552 3367 μετ’
1585 3296 1692 3349 ὀλί-

117 3396 219 3446 γων
265 3384 454 3454 μηνῶν
522 3383 788 3456 κηρύξας,
818 3385 958 3438 ἑκὼν
1015 3387 1213 3457 πάσχει
1274 3391 1303 3440 6
1333 3388 1538 3460 Κύριος
1599 3390 1692 3442 καὶ

117 3471 234 3536 Θεὸς
265 3475 446 3546 ἡμῶν,
474 3475 550 3538 ὡς
583 3473 721 3528 εἶναι
756 3475 1007 3549 Τιϐερίου
1055 3477 1121 3548 ιη’
1163 3478 1300 3542 ἔτος.
1348 3479 1691 3533 Ἐϐασίλευσε

114 3561 164 3614 δὲ
193 3566 438 3639 Τιϐέριος
470 3567 614 3638 ἀμφὶ
645 3568 713 3621 τὰ
747 3569 831 3636 κγ’
882 3569 1008 3640 ἔτη,
1041 3570 1117 3634 ὼς
1150 3567 1287 3624 εἶναι
1321 3571 1428 3624 ἀπὸ
1459 3571 1552 3624 τοῦ
1589 3589 1692 3624 σω-

114 3655 287 3722 τηρίου
324 3657 534 3721 πάθους
567 3659 673 3722 ἕως
705 3659 962 3730 τελευτῆς
996 3661 1247 3735 Τιϐερίου
1285 3663 1469 3732 σχεδὸν
1491 3663 1588 3733 ἔτη
1606 3662 1687 3727 ἓξ.

126 3739 409 3819 Ἐξωρίσθη
473 3747 531 3801 δὲ
579 3751 607 3802 6
653 3749 806 3817 ἅγιος
861 3750 1249 3822 εῦαγγελιστὴς
1310 3752 1562 3824 Ἰωάννης
1633 3757 1690 3807 ἐν

115 3832 305 3908 Πάτμῳ
336 3841 402 3910 τῇ
439 3839 611 3910 νήσῳ,
633 3840 755 3910 ἥτις
801 3841 918 3893 ἐστὶ
954 3841 1051 3912 μία
1083 3842 1191 3896 τῶν
1224 3843 1542 3907 Κυκλάδων,
1561 3846 1691 3916 περὶ

113 3924 165 3976 τὸ
192 3929 498 3983 τελευταῖον
533 3930 653 3992 ἔτος
685 3931 783 4003 τῆς
815 3933 1144 4003 Δομετιανοῦ
1181 3934 1478 4004 βασιλείας.
1528 3936 1688 3989 Ἐϐα-

113 4017 308 4075 σίλευσε
343 4023 400 4075 δὲ
435 4018 592 4087 οὗτος
625 4023 720 4095 ἐτη
759 4024 818 4078 ιε’
851 4025 946 4079 καὶ
981 4027 1156 4097 μῆνας
1188 4029 1248 4081 ε’.
1272 4029 1600 4098 Συνάγονται
1633 4031 1689 4083 δὲ

113 4107 208 4164 ἀπὸ
237 4113 331 4167 τοῦ
370 4121 440 4186 ιη’
485 4114 642 4178 ἔτους
675 4116 949 4190 Τιϐερίου,
985 4119 1072 4171 ὅτε
1104 4120 1137 4190 ἡ
1169 4118 1428 4189 ἔκλειψις,
1451 4121 1556 4184 ἓως
1587 4120 1689 4190 τῆς

110 4203 348 4277 τελευτῆς
381 4206 710 4278 Δομετιανοῦ
745 4208 842 4278 ἔτη
876 4208 947 4274 ξδ’
978 4211 1106 4281 περί
1137 4228 1236 4263 που
1285 4213 1376 4265 καὶ
1415 4212 1587 4282 μῆνας
1621 4212 1686 4277 ξ’.

121 4295 468 4371 Ὑποθὼμεθα
509 4301 555 4331 ⁶⁶
587 4301 645 4354 δὲ
698 4302 792 4354 καὶ
823 4301 915 4354 τὸν
961 4301 1102 4354 θεῖον
1146 4301 1438 4365 Διονύσιον,
1487 4303 1574 4356 ὅτε
1619 4303 1689 4357 τά

112 4388 192 4443 ἐπὶ
241 4393 319 4464 τῷ
353 4391 579 4464 σταυρῷ
609 4392 705 4445 τοῦ
752 4393 958 4467 Κυρίου
1001 4390 1161 4458 εἶδεν,
1208 4391 1346 4448 εἶναι
1394 4393 1474 4447 κε’
1529 4395 1687 4459 ἑτῶν,

112 4479 192 4534 ἆτε
220 4482 394 4557 οἶμαι,
424 4486 517 4539 καὶ
549 4484 631 4537 ἐτι
662 4482 1215 4553 άναγινὼσκοντα,ὼς
1243 4484 1379 4538 εἶναι
1411 4484 1479 4538 τὰ
1514 4487 1689 4540 πάντα

1830 632 1973 688 Deus
1997 633 2318 699 inebriatus,
2353 643 2406 689 et
2428 649 2711 690 excessum
2739 634 2972 704 patiens.

1895 724 2094 779 Eodem
2149 725 2304 778 modo
2370 726 2709 794 accipiemus.
2762 724 3021 790 Quaenam
3080 729 3193 782 sint
3243 728 3404 782 dicta.-

1827 833 2002 873 caena:
2023 818 2137 873 sive
2165 819 2417 873 convivia
2442 819 2498 872 in
2531 833 2700 888 regno
2729 819 3014 873 cmlorum.

1890 994 2048 1066 331
2091 994 2451 1050 Discubitum.
2497 993 2635 1061 Quis
2681 997 2753 1052 sit
2801 996 3110 1051 discubitus
3142 997 3197 1050 in
3227 1013 3397 1068 regno

1819 1088 2106 1150 caelorum,
2139 1103 2374 1158 eumque
2411 1103 2535 1143 esse
2564 1090 2807 1159 requiem
2837 1097 2890 1142 et
2920 1089 3271 1168 vitamnoxa:
3302 1105 3398 1144 ex-

1818 1189 2023 1250 pertem
2043 1223 2057 1246 ,
2084 1189 2188 1235 etc.

1889 1271 2008 1338 Qua
2043 1270 2235 1340 gaudio
2274 1271 2561 1340 replentur.
2593 1270 2698 1326 Per
2734 1271 3094 1344 εὐφροσύνην,
3127 1273 3240 1328 sive
3261 1288 3395 1343 gau-

1812 1361 1963 1417 dium
1985 1361 2061 1432 (id
2079 1361 2222 1415 enim
2250 1359 2523 1432 signiﬁcat
2544 1361 2874 1433 εὺφροσύνη)
2892 1364 3276 1419 verosimiliter
3303 1362 3394 1418 Je-

1812 1468 1932 1508 sum
1965 1452 2243 1522 intelligit.

1886 1541 2022 1613 §Vl.
2069 1542 2131 1596 Et
2163 1542 2414 1598 celebrem
2453 1545 2613 1599 istum
2657 1563 2922 1602 somnum.
2976 1547 3258 1614 Quomodo
3299 1563 3390 1603 ac—

1808 1637 2015 1705 ceperit
2053 1636 2109 1689 in
2137 1635 2247 1692 Deo
2277 1651 2531 1692 somnum
2561 1647 2616 1694 et
2645 1640 3071 1710 evigilationem.

1878 1725 2233 1796 ngbolicam
2278 1729 2612 1798 theologiam.
2689 1729 2828 1783 Nota
2895 1730 3025 1800 quid
3087 1729 3390 1800 Symbolica

1808 1817 2065 1888 theologia
2095 1819 2392 1874 contineat.
2449 1819 2549 1873 Ubi
2602 1819 2809 1883 fusius,
2861 1819 2914 1872 id
2952 1827 3038 1874 est
3072 1819 3258 1882 latius,
3292 1834 3389 1874 seu

1735 1889 1779 1949 Β
1806 1907 2023 1976 planius
2073 1917 2129 1964 et
2172 1909 2514 1964 articulatius
2555 1909 2886 1978 explicatum
2945 1918 2997 1965 et
3048 1910 3386 1980 descriptum

1806 2006 1913 2053 est.

2300 2093 2369 2148 IN
2414 2093 2800 2150 EPISTOLAM
2839 2095 2908 2150 Χ.
2972 2116 2974 2120 ·

1874 2181 2120 2253 Epistola
2169 2184 2282 2239 haec
2356 2196 2543 2242 sancta
2595 2189 2687 2242 illa
2748 2188 3079 2258 antiquitate
3144 2189 3388 2259 cumpri-

1803 2275 1909 2329 mis
1938 2276 2136 2346 digna,
2178 2277 2256 2330 uti
2285 2287 2338 2332 et
2388 2279 2659 2348 discipulo
2712 2295 2875 2350 quem
2915 2280 3173 2350 diligebat
3199 2281 3382 2346 Jesus,

1803 2368 1892 2422 cui
1924 2369 2156 2438 gratiam
2181 2371 2491 2425 annuntiat.
2527 2371 2676 2426 Licet
2708 2382 2888 2426 autem
2911 2373 3168 2442 colligere
3182 2389 3249 2428 ex
3281 2376 3384 2429 hac

1801 2461 2032 2530 epistola
2065 2469 2121 2517 et
2153 2477 2221 2516 ex
2244 2463 2336 2517 illa
2367 2463 2434 2517 ad
2465 2475 2710 2518 sanctum
2737 2463 3093 2534 Polycarpum
3127 2467 3382 2535 septima,

1801 2568 2059 2624 magnum
2083 2554 2422 2626 Dionysium,
2452 2557 2672 2626 quando
2706 2557 2821 2611 bzec
2847 2557 3088 2626 scripsit,
3113 2572 3382 2611 annorum

1802 2646 2024 2702 circiter
2045 2647 2344 2718 nonaginta
2373 2647 2563 2704 fuisse.
2596 2647 2653 2703 In
2681 2649 2771 2702 illa
2795 2648 3064 2718 siquidem
3095 2649 3164 2703 ad
3195 2647 3253 2704 S.
3276 2646 3383 2701 Po-

1800 2739 2083 2810 lycarpum
2140 2739 2216 2792 ait
2262 2755 2344 2806 se,
2374 2756 2500 2796 cum
2553 2740 2820 2812 Heliopoli
2870 2741 3091 2812 Egypti
3138 2741 3380 2811 degeret,

1798 2831 2146 2900 perspexisse
2176 2831 2407 2886 solarem
2434 2833 2596 2886 istam
2620 2833 2867 2903 eclipsim
2895 2871 2908 2895 ,
2945 2831 3201 2886 salutaris
3223 2830 3384 2884 Chri-

1799 2924 1870 2978 sti
1894 2924 2078 2977 crueis
2092 2931 2356 2992 tempore,
2374 2941 2494 2993 quae
2507 2925 2699 2979 incidit
2715 2928 2768 2978 in
2787 2939 2988 2979 annum
3003 2923 3153 2994 regni
3176 2921 3380 2976 Tiberii

1797 3013 2066 3070 decimum
2096 3023 2384 3070 octavum:
2407 3016 2571 3086 hujus
2587 3016 2731 3071 enim
2761 3031 2906 3070 anno
2927 3015 3141 3069 decimo
3162 3015 3376 3084 quinto,

1796 3120 2025 3162 exorsus
2067 3115 2184 3161 erat
2219 3108 2660 3177 praadicationem
2694 3124 2848 3164 suam
2885 3109 3147 3163 Dominus
3190 3106 3374 3174 Jesus,

1797 3205 1856 3252 ut
1905 3201 1958 3252 in
1992 3197 2282 3270 Evangelio
2333 3201 2630 3257 secundum
2661 3201 2864 3256 Lucam
2907 3201 3237 3256 declaratur.
3271 3201 3376 3256 Ubi

1795 3298 1978 3344 autem
2009 3291 2186 3346 tribus
2233 3292 2394 3347 annis
2421 3301 2474 3348 et
2503 3293 2693 3363 paucis
2725 3293 3006 3349 mensibus
3037 3295 3373 3363 praedicave-

1789 3387 1897 3444 rat,
1928 3378 2190 3434 Dominus
2222 3396 2295 3434 ae.
2314 3380 2458 3437 Deus
2488 3390 2674 3437 noster
2704 3392 2898 3452 sponte
2920 3398 3116 3452 passus
3159 3391 3244 3439 est
3268 3385 3376 3438 cir-

1790 3487 1854 3526 ca
1878 3487 2081 3525 annum
2113 3471 2319 3528 Tiberii
2361 3473 2632 3528 decimum
2661 3484 2936 3529 octavum.
2987 3473 3254 3546 Regnavit
3277 3491 3376 3530 au-

1790 3563 2166 3620 temTiberius
2189 3566 2350 3620 annis
2376 3565 2602 3619 circiter
2631 3565 2808 3621 tribus
2829 3571 2882 3620 et
2914 3565 3200 3636 viginti,ut
3236 3568 3314 3621 sic
3344 3582 3374 3621 a

1791 3655 2020 3708 salutari
2047 3657 2306 3726 passione
2332 3656 2400 3711 ad
2424 3656 2635 3711 obitum
2673 3672 2848 3727 usque
2897 3655 3100 3711 Tiberii
3135 3657 3245 3712 fere
3277 3672 3374 3712 sex

1790 3750 1919 3803 anni
1948 3749 2380 3805 intercesserint.
2401 3748 2574 3804 Porro
2608 3757 2833 3805 sanctus
2855 3751 3188 3820 evangelista
3211 3748 3374 3804 Joan-

1789 3857 1887 3896 nes
1911 3842 2194 3912 ablegatus
2224 3849 2309 3897 est
2333 3843 2389 3896 in
2427 3841 2681 3896 Palmum
2725 3843 2984 3905 insulam,
3019 3858 3142 3912 quae
3181 3840 3372 3913 Cycla-

1790 3933 1918 3986 dum
1959 3948 2067 3986 una
2091 3940 2196 3998 est,
2231 3933 2333 3987 sub
2357 3943 2663 3988 extremum
2701 3933 2829 3986 anni
2870 3933 3022 4002 regni
3056 3932 3368 3985 Domitiani.

1791 4023 1891 4078 Hic
1921 4032 2103 4079 autem
2146 4025 2394 4094 regnavit
2417 4028 2579 4078 annis
2627 4025 2941 4094 quindecim
2991 4031 3045 4077 et
3087 4023 3369 4077 mensibus

1789 4115 2050 4186 quinque.
2083 4114 2167 4169 Ab
2197 4130 2341 4169 anno
2372 4131 2501 4170 vero
2542 4115 2746 4176 Tiberii
2775 4115 2988 4169 decimo
3013 4124 3228 4177 octavo,
3257 4129 3368 4184 quo

1788 4208 2010 4277 eclipsis
2043 4207 2134 4261 illa
2168 4208 2417 4278 contigit,
2467 4207 2534 4262 ad
2561 4217 2786 4262 mortem
2827 4224 2999 4278 usque
3049 4206 3364 4270 Domitiani,

1790 4301 2122 4374 colliguntur
2164 4297 2293 4351 anni
2341 4298 2564 4353 circiter
2608 4308 2846 4368 quatuor
2886 4307 2940 4353 et
2981 4298 3282 4370 sexaginta,
3312 4307 3368 4355 et

1790 4407 2007 4448 menses
2028 4397 2256 4460 septem.
2308 4388 2692 4460 Supponamus
2732 4391 2880 4454 item,
2927 4390 2983 4447 Ι).
3021 4391 3364 4461 Dionysium,

1792 4485 2009 4557 quando
2043 4485 2147 4538 ista
2174 4483 2276 4538 sub
2306 4483 2718 4538 cruciﬁxionem
2749 4483 2964 4537 Domini
2995 4483 3164 4548 vidit,
3195 4498 3368 4538 anno-

109 4569 233 4642 ἀμφὶ
289 4577 359 4629 τὰ
415 4573 875 4645 ἑννενήκονταὲτη
913 4617 927 4630 .
980 4576 1267 4646 Μέμνηται
1313 4575 1370 4629 δὲ
1429 4577 1530 4646 τῆς
1591 4579 1686 4632 ἐπὶ

1806 4594 1912 4632 rum
1933 4576 2101 4631 fuisse
2129 4575 2316 4645 viginti
2347 4575 2609 4645 quinque,
2641 4574 3097 4645 quemadmodum
3146 4590 3232 4628 me
3278 4574 3371 4628 ad-

109 4663 418 4733 Δομετιανοῦ
490 4665 707 4738 ἐξορίας
751 4664 847 4718 τοῦ
890 4665 1196 4733 άγιωτάτου
1257 4665 1539 4727 Ἰωάννου,
1594 4665 1686 4721 καὶ

111 4753 376 4830 Εἰρηναῖος
404 4761 462 4812 ὲν
477 4757 648 4829 τρίτῳ
680 4758 773 4810 καὶ
807 4757 1042 4828 πέμπτῳ
1073 4757 1181 4810 τῶν
1196 4759 1358 4811 Κατὰ
1375 4759 1682 4826 αἱρέσεων,

110 4843 216 4902 ἔνθα
250 4851 342 4904 καὶ
389 4850 484 4904 τὸν
536 4850 727 4924 χρόνον
774 4849 1148 4921 ἐσημειώσατο
1171 4869 1184 4881 ο
1237 4853 1329 4904 καὶ
1379 4852 1608 4923 Κλήμης
1653 4857 1682 4907 6

121 4935 502 5014 Ἀλεξανδρεὺς,
538 4945 596 4993 ἐν
627 4940 706 5012 τῷ
736 4939 880 5012 λόγῳ
930 4939 1006 5010 τῷ
1038 4940 1197 5012 περί·
1242 4943 1336 5008 Τίς
1367 4945 1399 4995 ὀ
1428 4941 1678 5013 σωζόμε-

109 5042 199 5096 νος
225 5035 518 5098 πλούσιος
541 5050 555 5099 ;

172 5211 316 5264 Οὐδὲ
376 5212 485 5280 γὰρ
541 5212 612 5264 ἐν
655 5211 779 5278 τοῖς
829 5213 1023 5267 αὶῶσι.
1057 5214 1366 5284 Σημείωσαι
1437 5217 1518 5267 ὅτι
1572 5217 1668 5287 οὐχ

108 5298 266 5364 ὁΘεὸς
295 5302 466 5364 αἴτιος
497 5300 592 5354 τοῦ
628 5302 934 5376 ἀφορισμοῧ
967 5307 1080 5366 τοῖς
1113 5304 1456 5375 ἁμαρτωλοῖς
1480 5306 1579 5376 τῆς
1612 5309 1669 5359 ὲν

109 5388 351 5466 ἀριστερᾷ
386 5394 650 5457 στάσεως,
687 5393 802 5446 ἀλλ’
837 5394 992 5448 αὐτοὶ
1025 5396 1235 5459 ἑαυτοῖς
1269 5395 1432 5449 αἴτιοι
1464 5397 1670 5450 τούτων

109 5483 146 5532 οἱ
185 5486 529 5558 ἁμαρτωλοὶ,
565 5485 844 5550 παντελῶς
890 5489 1116 5551 ἑαυτοὺς
1161 5490 1522 5560 ἀφορίσαντες
1566 5491 1659 5543 τοῦ

109 5568 244 5629 (θεοῦ.

1791 4670 1897 4723 buc
1927 4667 2126 4739 legisse
2156 4676 2402 4731 autumo,
2425 4667 2506 4722 sic
2536 4676 2597 4722 ut
2626 4682 2816 4723 omnes
2845 4668 2973 4721 anni
3017 4667 3219 4723 fuerint
3258 4668 3368 4722 cir-

1786 4761 1924 4816 citer
1951 4761 2273 4832 nonaginta.
2325 4759 2569 4815 Meminit
2609 4761 2772 4815 etiam
2814 4760 2980 4831 hujus
3015 4761 3366 4831 relegationis

1783 4851 2118 4914 sanctissimi
2149 4850 2376 4906 Joannis
2426 4851 2530 4906 sub
2569 4850 2880 4906 Domitiano
2928 4850 3085 4906 facta:
3129 4851 3364 4906 lrenzeus

1781 4944 1838 4997 in
1879 4944 2038 4998 tertio
2068 4951 2122 4998 et
2147 4944 2341 5013 quinto
2373 4944 2512 4998 libro
2534 4959 2635 4998 suo
2683 4942 2949 4997 Adversus
3000 4943 3240 5003 haereses,
3271 4940 3363 4995 ubi

1777 5045 1832 5090 et
1854 5043 2070 5106 tempus
2112 5036 2410 5102 indicavit;
2453 5037 2706 5092 Clemens
2760 5037 2889 5090 item
2935 5035 3358 5098 Alexandrinus,

1776 5126 1833 5179 in
1863 5141 1930 5180 eo
1961 5142 2126 5195 opere
2161 5127 2250 5180 cui
2282 5127 2572 5195 inscriptio
2635 5142 2646 5176 :
2683 5127 2816 5192 Quis
2837 5126 2979 5181 dives
3008 5126 3184 5180 salvus
3210 5127 3235 5179 ?

1855 5217 2018 5287 332
2051 5216 2234 5287 Neque
2254 5218 2404 5270 enim:
2419 5217 2470 5270 in
2493 5217 2725 5274 swculis.
2751 5217 2890 5272 Nota
2908 5219 3075 5273 Deum
3109 5233 3215 5271 non
3238 5232 3360 5272 esse

1776 5324 1998 5363 causam
2032 5309 2395 5378 separationis
2424 5318 2797 5378 peccatorum,
2831 5327 2936 5380 qua
2981 5311 3047 5363 ad
3079 5310 3356 5363 sinistram

1776 5403 2116 5457 collocantur
2147 5441 2162 5464 ,
2217 5401 2312 5456 sed
2359 5403 2464 5458 sibi
2518 5402 2651 5472 ipsis
2700 5409 3017 5477 peccatores
3072 5399 3236 5466 hujus
3280 5402 3356 5454 rei

1769 5507 1949 5547 causae
2016 5501 2197 5556 sunt,
2255 5493 2384 5549 dum
2445 5495 2548 5565 ipsi
2584 5511 2644 5552 se
2674 5495 2890 5566 penitus
2924 5507 2953 5545 a
2997 5490 3107 5547 Deo
3174 5506 3357 5562 segre-

1770 5593 1918 5654 gant.

1048 5731 1281 5787 VAle
1318 5732 1702 5790 LECTIONES
1738 5735 1826 5790 ET
1861 5732 2409 5798 CORRECTIONES.

188 5861 242 5892 ιδ’

271 5861 328 5918 εὖ
363 5868 596 5934 φρονεῖν.
667 5865 817 5919 “sui.
850 5867 926 5938 τῷ
965 5870 1195 5940 σταυρῷ.
1288 5874 1327 5898 ⁸⁵
1353 5872 1475 5942 γάρ.

1553 5875 1596 5905 ⁸⁸
1630 5876 1934 5949 ὑποοῶμεν.
