3886 6536
555 345 660 401 575

1705 346 1764 402 S.
1809 347 2111 410 DlONYSll

2224 349 2612 408 lEOPAGszE
3695 357 3766 414 576

629 459 696 513 Et
725 458 824 514 Dei
853 459 1082 514 nomine.
1111 457 1208 514 Dei
1236 471 1441 517 nomen
1469 460 1546 514 ait
1577 502 1594 528 ,
1624 458 1743 516 sive
1768 465 1916 533 quod
1945 481 2126 524 omnes

2313 467 2425 522 Kal
2459 470 2771 538 θεωνυμίᾳ.
2800 467 3118 540 Θεωνυμίαν
3151 467 3312 539 φησὶν
3343 467 3378 537 ἢ
3410 466 3473 521 τὸ
3497 465 3704 524 πάντοτε
3727 475 3766 524 ἐν

552 550 802 604 actiones
856 564 984 603 suas
1011 549 1066 602 in
1099 547 1199 604 Dei
1231 564 1449 622 semper
1471 552 1694 608 nomine
1723 566 2011 629 peragant,
2039 570 2134 614 aut

549 642 682 712 quia
709 656 740 695 a
767 637 880 694 Deo
910 639 1028 695 sive
1059 640 1284 696 Christo
1312 658 1514 700 nomen
1545 645 1761 710 sortiti,
1793 661 1861 702 ex
1888 663 1958 704 eo
1984 651 2131 720 quod

547 731 851 786 secundum
908 730 1090 801 ipsum
1140 733 1312 788 vitam
1384 750 1540 791 suam
1589 737 1909 806 instituunt,
1961 741 2132 798 etiam

543 824 760 894 ipsimet
781 823 855 878 dii
883 826 1243 895 appellentur.

615 913 889 986 Evangelii
911 918 1100 974 solem.
1131 918 1328 976 Merito
1349 921 1534 978 divum
1560 920 1826 981 Joannem
1847 924 2128 998 Evangelii

541 1005 712 1062 solem
747 1018 1052 1081 nuncupat.
1076 1010 1209 1068 Jure
1237 1013 1425 1084 igitur,
1453 1015 1654 1086 inquit,
1686 1018 1812 1074 illos
1832 1021 2132 1091 reprehen-

539 1097 612 1152 do
638 1107 693 1153 et
722 1099 974 1172 increpo,
1006 1104 1099 1173 qui
1146 1120 1205 1160 se
1241 1107 1413 1162 solem
1451 1107 1731 1180 Evangelii
1759 1113 2130 1171 exterminare

539 1207 702 1262 posse
730 1201 946 1264 putant.
984 1197 1238 1253 Attamen
1261 1208 1390 1271 opto
1418 1211 1479 1257 ut
1509 1205 1808 1275 respiciant
1838 1247 1855 1272 ,
1892 1214 1947 1264 et
1973 1208 2043 1263 ad
2073 1217 2129 1265 te

538 1296 855 1357 accurrant,
891 1297 951 1343 ut
989 1291 1254 1346 illustrati
1301 1292 1600 1352 salventur.
1649 1296 2124 1363 Quemadmodum

536 1380 683 1435 enim
715 1381 944 1451 insanit,
972 1384 1066 1454 qui
1096 1400 1154 1440 sc
1186 1393 1342 1456 putat
1386 1388 1558 1443 solem
1609 1390 1757 1446 hunc
1791 1394 2126 1451 concludere

537 1470 659 1526 loco
685 1487 871 1542 posse,
903 1475 985 1530 sic
1014 1484 1068 1532 et
1096 1477 1151 1532 hi
1196 1479 1479 1535 insaniunt
1497 1482 1593 1552 qui
1636 1483 1813 1540 lucem
1843 1485 2125 1559 Evangelii

536 1563 880 1621 arbitrantur
908 1583 969 1624 se
1010 1584 1174 1640 posse
1207 1579 1389 1627 tecum
1415 1572 1560 1629 intra
1589 1573 1848 1633 Patmum
1883 1579 2122 1635 insulam

535 1656 1019 1717 circumscribere.

2235 558 2315 629 τῷ
2376 559 2600 630 ὀνόματι
2632 559 2729 613 τοῦ
2790 561 2927 614 Θεοῦ
2993 560 3171 614 πάντα
3221 558 3482 630 πράττειν
3533 557 3763 634 αὐτοὺς,ἧ

2232 650 2362 703 ὅταν
2394 651 2522 714 τοὺς
2568 651 2677 705 ἀπὸ
2706 652 2800 706 τοῦ
2847 653 3018 719 Θεοῦ,
3054 655 3219 724 ἤγουν
3262 651 3357 704 τοῦ
3407 650 3662 724 Χριστοῦ,
3687 654 3766 706 6w-

2235 744 2569 815 μζομένους
2600 786 2614 811 ,
2651 746 2772 800 κατ’
2804 747 2965 801 αὐτὸν
3015 744 3388 800 πολιτεύεσθαι
3421 745 3667 819 ὑπάρχῃ,
3702 749 3764 802 καὶ

2231 836 2432 900 αὐτοὺς
2462 835 2789 909 λεγομένους
2821 839 2999 904 θεοὺς.

2309 927 2418 981 Τοῦ
2450 931 2820 1000 Εὐαγγελίου
2853 930 2961 983 τὸν
2991 930 3191 997 ἣλιον.
3214 929 3317 984 Τὸν
3349 929 3444 984 τοῦ
3478 930 3760 999 Εὐαγγελέου

2228 1019 2381 1088 ἥλιον
2411 1020 2602 1074 τοῦτον
2648 1021 2742 1075 τὸν
2779 1023 2922 1076 θεῖον
2967 1023 3220 1095 Ἰωάννην
3264 1021 3522 1094 ὀνομάζει
3567 1021 3760 1087 δικαίως.

2227 1110 2395 1181 Φησὶν
2429 1107 2554 1165 οὖν·
2595 1113 2716 1166 Ὅτι
2750 1111 2883 1182 ἐγὼ,
2921 1113 3149 1176 εἰκότως
3181 1111 3505 1184 αἰτιώμενος
3540 1113 3630 1165 καὶ
3660 1131 3760 1184 μεμ-

2228 1201 2461 1273 φόμενος
2516 1203 2644 1268 τοὺς
2694 1205 3012 1276 νομίζοντάς
3075 1222 3134 1257 σε
3178 1204 3271 1258 τὸν
3332 1205 3428 1260 τοῦ
3476 1204 3760 1272 Εὐαγγελὶοι

2226 1295 2376 1366 ἥλιον
2427 1297 2758 1369 περιορίζειν
2809 1298 2866 1350 ἐν
2910 1297 3082 1368 τόπῳ,
3129 1295 3357 1368 εὔχομαι
3401 1297 3556 1367 ὅμως
3607 1297 3761 1368 ἀνανῆα

2223 1387 2324 1456 ψαι
2356 1388 2451 1441 καὶ
2483 1389 2854 1461 προσδραμεῖν
2889 1405 2992 1452 σοι,
3045 1388 3132 1442 ἴνα
3166 1388 3378 1442 σωθῶσι
3425 1387 3760 1458 φωτισθέντες.

2227 1480 2437 1555 ’Ὠσπερ
2485 1481 2594 1554 γὰρ
2633 1481 2874 1554 μέμηνεν
2922 1483 2951 1535 ὁ
2982 1481 3230 1552 οἰόμενος
3273 1480 3367 1535 τὸν
3416 1481 3571 1554 ἥλιον
3615 1482 3761 1536 τοῦτον

2223 1578 2556 1650 περικλείειν
2600 1581 2785 1651 τόπῳ,
2819 1579 2963 1633 οὕτω
2995 1579 3090 1633 καὶ
3121 1572 3264 1634 οὗτοι
3301 1580 3612 1652 μεμήνασι,
3645 1580 3760 1651 νομε-

2223 1668 2407 1734 ζοντες
2438 1670 2500 1723 τὸ
2532 1670 2646 1740 φῶς
2692 1670 2787 1725 τοῦ
2828 1670 3160 1741 Εὐαγγελίου
3193 1688 3286 1725 σου
3337 1671 3658 1745 περιορίζειν
3695 1674 3761 1727 σὺν

2224 1761 2307 1816 σοὶ
2330 1764 2388 1816 ὲν
2415 1763 2622 1836 Πάτμῳ
2650 1767 2717 1835 τῇ
2754 1766 2923 1838 νήσῳ.

604 1833 658 1886 Ν
662 1851 720 1890 os
743 1843 918 1891 autem
961 1853 992 1893 e
1027 1838 1233 1896 diverso
1265 1859 1448 1915 neque.
1471 1845 1604 1911 Pro,
1626 1861 1804 1919 neque
1827 1850 2044 1922 longius
2057 1859 2113 1907 te

2295 1853 2480 1924 Ἠμᾶς
2647 1833 2816 1911 οὖδὲν
2846 1833 3222 1912 τούναντίον.
3255 1857 3404 1911 Ἀντὶ
3434 1855 3555 1922 τοῦ,
3589 1857 3695 1911 οὐδὲ
3717 1859 3760 1912 τὸ

531 1925 746 1983 abesse.
788 1927 928 1985 Nota
962 1941 1145 1987 autem
1179 1950 1439 2007 magnum
1466 1937 1789 2012 Dionysium
1830 1942 1919 1997 hic
1947 1944 2112 1998 etiam

2221 1945 2556 2020 πορῤωτέρω
2588 1965 2648 2000 σε
2679 1947 2952 2017 γενέσθαι.
2987 1949 3298 2020 Σημείωσαι
3339 1949 3396 2004 δὲ
3431 1951 3516 2004 ὃτι
3550 1951 3637 2003 καὶ
3664 1966 3761 2021 προ-

530 2018 912 2089 propbetasse,
925 2037 1050 2079 cum
1065 2026 1212 2083 clare
1234 2027 1405 2095 dicat,
1423 2030 1551 2098 sibi,
1572 2032 1653 2087 uti
1671 2041 1724 2089 et
1739 2033 1901 2090 beato
1914 2033 2115 2090 Joanni

2224 2018 2512 2110 εφήτευσεν
2545 2039 2574 2090 ὁ
2611 2040 2786 2111 μέγας
2818 2018 3112 2108 Διονύσιος,
3145 2041 3330 2112 σαφῶς
3361 2039 3537 2095 εἰπὼν
3570 2044 3632 2096 ἐκ
3659 2018 3756 2095 Θεοί

528 2111 827 2166 revelatum
856 2129 1000 2179 esse,
1019 2117 1200 2188 ipsum
1219 2120 1365 2176 intra
1388 2123 1554 2180 breve
1591 2135 1807 2196 tempus
1826 2127 1898 2182 ab
1914 2128 2115 2184 exsilio

2224 2133 2664 2204 ὶποκαλυφθῆναι
2728 2135 2899 2208 αὐτῷ,
2930 2135 3005 2201 ὡς
3027 2136 3122 2191 καὶ
3150 2135 3227 2208 τῷ
3258 2135 3400 2207 ἁγιῳ
3445 2135 3758 2209 Ἰωάννῃ,ᾶτι

525 2201 702 2258 Patmi
732 2207 1103 2264 revocandum
1129 2225 1276 2277 esse,
1305 2214 1454 2284 quod
1483 2223 1540 2272 et
1572 2218 1824 2290 contigit.
1868 2219 2026 2284 Nam.
2055 2227 2116 2277 ut

2224 2223 2345 2278 εῐσω
2379 2201 2720 2298 βραχυτάτου
2754 2201 2948 2303 χρόνου
2982 2201 3420 2300 ἀνακληθήσεται
3443 2227 3549 2298 τῆς
3563 2227 3619 2282 ὲν
3635 2201 3660 2209 ﬁ

523 2295 785 2362 diximus,
812 2301 978 2370 paulo
1006 2311 1153 2373 post,
1178 2305 1282 2361 sub
1313 2308 1568 2364 ultimum
1596 2325 1801 2366 annum
1823 2313 1977 2384 regni
2007 2313 2110 2370 Do-

2224 2327 2329 2384 ειμι)
2347 2295 2595 2392 ἐξόριας·
2645 2319 2674 2373 ὃ
2836 2321 2931 2376 καὶ
2973 2295 3216 2390 γέγονεν.
3249 2295 3364 2384 ⁷Ὡς
3407 2295 3517 2392 mi
3565 2318 3756 2390 ἔφημεν,

522 2389 761 2456 mitiani,
782 2390 838 2447 in
861 2390 1114 2450 Palmum
1144 2397 1382 2455 insulam
1411 2400 1591 2458 fuerat
1621 2404 1916 2474 relegatus,
1938 2406 2122 2462 Domi-

2213 2409 2326 2482 πρὸ
2369 2410 2602 2483 βραχέος
2645 2413 2776 2487 περὶ
2805 2413 2868 2467 τὸ
2897 2413 3203 2468 τελευταῖον
3235 2412 3356 2477 ἔτος
3387 2413 3488 2484 τῆς
3534 2414 3757 2483 Δομετια-

521 2479 675 2536 tiano
741 2487 1192 2554 persecutionem
1265 2492 1586 2557 excitante;
1619 2505 1674 2552 at
1721 2497 1943 2554 interim
2012 2500 2116 2556 sub

2224 2479 2304 2556 νοῦ
2343 2479 2620 2573 βασιλείας
2665 2479 2746 2571 εἰς
2775 2506 2875 2579 τὴν
2909 2507 3129 2579 Πάτμον
3161 2479 3523 2578 ἐφυγαδεύθη,
3555 2479 3756 2576 διωγμὸν

520 2572 685 2631 istius
712 2577 859 2649 regis
882 2579 1114 2645 exitmn.
1156 2584 1430 2642 maximus
1457 2587 1550 2644 hic
1580 2591 1919 2662 evangelista
1943 2590 2114 2650 Joan-

2224 2597 2532 2667 κινήσαντος
2560 2597 2656 2652 τοῦ
2688 2599 3014 2672 Δομετιανοῦ
3033 2617 3047 2630 °
3097 2594 3216 2652 εἶτα
3249 2597 3380 2673 περὶ
3409 2597 3508 2670 τὴν
3539 2595 3756 2667 τελευτὴν

521 2680 620 2727 nes
649 2667 894 2727 divinam
927 2671 1079 2729 illam
1107 2673 1492 2752 Apocalypsim
1515 2680 1674 2740 vidit.

2208 2688 2305 2742 τοῦ
2340 2690 2603 2761 βασιλέως
2633 2693 2736 2766 ὁρᾷ
2757 2692 2858 2765 τὴν
2887 2693 3037 2747 θείαν
3082 2691 3444 2763 Ἀποκάλυψιν
3477 2692 3505 2747 ὁ
3537 2690 3755 2764 μέγιστες

2205 2776 2362 2849 οὗτος
2411 2785 2802 2857 εὐαγγελιστὴς
2859 2787 3112 2859 Ἰωάννης
3143 2787 3210 2844 ⁸⁷.

1478 2972 1714 3031 VARI/E3
1750 2977 2140 3041 LECTIONES
2175 2987 2262 3042 ET
2297 2987 2847 3049 CORRECTIONES.

625 3143 668 3176 ⁸⁷
705 3143 849 3210 θεῖος
881 3146 1272 3220 εὐαγγελιστὴς
1313 3152 1487 3207 Ἰωάν.
