3886 6598
491 466 603 521 579

1686 443 1742 499 S.
1780 439 2078 496 DlONYSll
2113 433 2580 492 AREOPA‘GITE

3659 429 3743 484 εδει)

495 592 601 644 tes,
617 575 733 632 ﬁde
749 572 1056 633 laudamus,
1081 565 1170 637 qui
1189 572 1240 619 te
1253 562 1549 634 gloriosum
1571 557 1741 614 voluit
1759 555 2068 611 Dominum-

2231 569 2280 615 ες
2340 549 2546 614 πιστῶς
2597 547 2889 620 δοξάζομεν
2949 546 3040 599 τὸν
3091 545 3381 610 δοξάζοντά
3437 561 3496 598 σε
3550 545 3742 621 Κύριον.

495 668 658 742 336
687 667 868 723 Canon
885 661 1052 717 sancti
1074 657 1224 728 cujus
1240 653 1577 710 acroatichis:
1598 671 1615 702 ι
1641 649 1866 704 Mentem
1882 649 2079 702 honoro
2120 698 2123 701 .

703 757 1022 828 sapientium
1046 751 1435 810 doctrinarum,
1462 743 1856 816 ι,Τ1ιεορΙιαηὶδ.

573 855 618 908 A
643 851 829 908 divino
856 846 1030 900 Paulo
1059 844 1368 898 caelestium
1408 836 1838 907 contemplatore
1871 831 2088 886 inStitu-

505 955 616 1010 tus,
649 939 896 1012 Dionysi,
909 952 1054 992 mox
1069 933 1315 990 caelestis
1347 929 1609 1002 magister
1639 933 1692 981 et
1714 922 1936 980 divinus
1957 937 2087 978 con-

505 1039 752 1093 t-ionator
781 1031 1030 1089 evasisti.

575 1128 768 1183 Divina
789 1125 1100 1179 illustratus
1134 1117 1330 1191 gratia,
1362 1115 1599 1177 illustra,
1626 1127 1660 1167 ο
1692 1111 2088 1184 ὺεοιε,ςεοιιιιηι

504 1221 597 1292 qui
620 1227 674 1274 te
714 1217 944 1270 laudant
967 1213 1202 1274 animas,
1237 1218 1296 1264 ut
1334 1216 1457 1262 tuas
1498 1205 1608 1260 Deo
1639 1202 1850 1258 afﬂatas
1877 1199 2088 1272 intelli-

506 1321 636 1386 gant
658 1311 964 1373 doctrinas,
999 1303 1244 1374 Dionysi.
1875 1297 1924 1308 ..-
2027 1301 2034 1306 .
2061 1301 2066 1304 .

577 1409 776 1464 Mentis
799 1414 967 1476 atque
999 1403 1194 1457 anima:
1225 1397 1463 1470 puritate
1497 1390 2094 1470 cmlestium'ordinum

509 1501 754 1570 fulgores
817 1495 1102 1551 addiscere
1135 1489 1405 1552 meruisti,
1440 1502 1742 1558 eorumque
1784 1485 1969 1541 videre
1999 1490 2096 1553 per

508 1595 710 1648 choros
741 1588 1156 1660 dispositiones,
1192 1584 1436 1656 Dionysi.
1509 1596 1514 1600 ‘
1692 1608 1700 1620 ο
1771 1597 1788 1602 “
1845 1587 1858 1602 ⁸

1163 1677 1245 1731 Ad
1281 1677 1344 1731 Β.
1388 1675 1448 1731 ν.
1990 1722 2014 1731 _

583 1773 804 1830 Lucifer
834 1773 1106 1827 thalamus
1137 1767 1534 1824 incarnationis
1561 1764 1805 1820 omnium
1836 1761 2100 1818 Condito-

509 1870 588 1924 ris
624 1883 724 1937 pro
749 1865 908 1920 nobis
928 1863 1110 1926 factae,
1135 1859 1385 1930 judicata
1408 1874 1498 1925 es;
1526 1873 1592 1912 ex
1625 1865 1678 1912 te
1702 1855 1870 1920 enim,
1886 1852 1981 1910 Dei
2005 1867 2114 1925 geo‘

511 1961 678 2017 nitrix
733 1967 975 2014 nostram
1006 1955 1184 2010 induit
1211 1967 1454 2008 carnem.
2109 2021 2114 2025 _

585 2048 764 2120 Supra
793 2027 1047 2102 caelestes
1081 2044 1324 2099 elevatus
1348 2041 1588 2096 fornices
1607 2079 1624 2105 ,
1654 2049 1863 2102 sancte,
1890 2033 2097 2090 mundo

510 2141 858 2209 superiorum
881 2137 1103 2192 ordines
1135 2142 1190 2190 et
1215 2131 1492 2189 exercitus
1521 2139 1576 2186 et
1602 2128 1946 2200 splendores,
1981 2141 2100 2181 om-

513 2233 665 2285 nium
704 2229 926 2286 sublimi
958 2240 1211 2284 sermone
1240 2223 1770 2294 sapientissimisque
1803 2219 2100 2292 expositio-

515 2325 676 2378 nibus
703 2319 1090 2376 manifestasti.
1699 2375 1702 2379 ,

578 2417 717 2472 Alta:
745 2417 1037 2470 immersus
1084 2410 1554 2481 contemplationi,
1603 2408 1861 2481 gloriose,
1889 2406 2103 2462 divino-

516 2526 638 2564 rum
704 2507 988 2563 nominnm
1053 2505 1476 2576 explicationem
1560 2503 1744 2558 divine
1800 2500 2098 2573 protulisti,

513 2600 806 2654 Trinitatis
858 2597 1148 2668 theologus
1203 2595 1430 2652 effectus
1484 2594 1582 2651 Dei
1631 2595 1830 2666 gratia,
1894 2593 1950 2648 in
1991 2591 2103 2648 Deo

515 2693 853 2748 beatissime.
1358 2745 1380 2752 ..
1509 2752 1516 2759 ,

584 2785 783 2838 Amore
804 2781 990 2836 divino
1021 2790 1274 2836 mortuus
1295 2779 1684 2852 praesentibus,
1723 2777 2106 2850 philosOphite-

513 2891 622 2947 que
677 2876 924 2930 intentus
976 2872 1182 2937 studio,
1238 2873 1581 2928 viviﬁcarum
1641 2887 1808 2942 supra
1864 2878 2102 2926 mentem

513 2967 817 3039 gratiarum
861 2962 1139 3018 Deiferum
1187 2962 1380 3028 finisti,
1411 2960 1603 3026 Pater,
1652 2960 2097 3014 instrumentum.

1163 3130 1245 3184 Ad
1270 3130 1336 3184 B.
1377 3131 1443 3186 V.

2212 645 2272 696 '0
2299 641 2498 696 κανὼν
2522 641 2627 695 τοῦ
2650 641 2842 709 ἁγίου,
2875 639 2945 692 οὗ
2969 640 3006 707 ἡ
3024 638 3372 705 ἀκροστιχίς
3391 651 3406 666 ⁸
3441 655 3458 687 ι
3490 636 3598 690 Τὸν
3623 638 3746 692 νοῦν

2231 733 2480 800 γεραίρω
2510 730 2627 784 τῶν
2647 727 2858 798 σοφῶν
2887 726 3281 797 διδαγμὰτων,
3307 747 3324 790 ι
3362 725 3705 795 Θεοφάνους.

2261 823 2354 896 Τῷ
2384 823 2580 894 Παύλῳ
2611 822 2690 894 τῷ
2715 821 2844 892 θείῳ
2864 819 3221 892 μαθητευθεὶς
3235 818 3314 889 τῷ
3345 817 3458 872 τῶν
3490 818 3745 894 οὐρανίων,

2191 916 2433 971 Διονύσιε
2468 957 2482 980 ,
2529 915 2716 986 θεατῇ,
2747 913 3014 985 ,οὐράνιος
3065 910 3278 983 μύστης
3323 910 3636 982 παραυτίκα
3674 915 3744 966 καὶ

2193 1009 2454 1083 θεηγόρος
2478 1008 2873 1081 ἐχρημάτισας.

2277 1103 2333 1155 Ὁ
2368 1102 2548 1173 χάριτι
2583 1099 2701 1171 θείᾳ
2729 1096 3148 1166 καταυγασθεὶς,
3181 1095 3552 1166 καταύγασον,
3572 1097 3748 1167 μάκαρ,

2193 1193 2305 1248 τῶν
2335 1190 2648 1264 ὑμνούντων
2682 1207 2742 1242 σε
2773 1188 2873 1253 τάς
2903 1188 3081 1260 ψυχὰς
3118 1188 3217 1252 τάς
3254 1188 3353 1252 σὰς
3389 1188 3622 1242 συνιέναι
3653 1189 3750 1241 θεο-

2122 1296 2128 1302 ’
2195 1286 2510 1347 πνεύστους’
2526 1281 2893 1347 διδασκαλίας,
2915 1280 3178 1335 Διονύσιε.

2267 1378 2404 1440 Νοὸς
2438 1374 2768 1448 καθαρότητι
2813 1374 2905 1429 καὶ
2937 1373 3114 1445 ψυχῆς
3157 1372 3268 1426 τῶν
3301 1372 3636 1444 ἐπουρανίων
3663 1372 3754 1424 δια-

2198 1471 2418 1543 κόσμων
2448 1467 2548 1531 τὰς
2581 1466 2867 1541 ἀστραπὰς
2900 1466 3092 1538 μαθεῖν
3123 1463 3383 1536 ἠξιώθης,
3403 1464 3498 1518 καὶ
3528 1463 3624 1528 τάς
3650 1464 3755 1518 τού-

2199 1582 2310 1619 των
2343 1558 2696 1637 χοροστασίας
2733 1559 2882 1626 ἰδεῖν,
2917 1557 3181 1612 Διονύσιε.

2912 1652 3009 1716 θόκ
3031 1666 3074 1713 ⁸.

2271 1756 2517 1828 Νυμφὼν
2567 1754 2881 1826 φωτοφόρος
2931 1753 3030 1826 τῆς
3089 1752 3229 1825 ὑπὲρ
3277 1750 3405 1806 νοῦν
3458 1747 3758 1821 σαρκώσεως

2201 1848 2390 1920 ὤφθης
2433 1847 2690 1902 τούτων
2721 1846 2859 1901 ὅλων
2890 1845 3255 1920 δημιουργούο
3293 1846 3361 1897 ἐκ
3406 1842 3502 1896 σοῦ
3546 1841 3648 1916 γάρ
3673 1841 3760 1912 τὴν

2203 1942 2402 2014 σάρκα,
2439 1939 2740 2012 Θεομῆτορ,
2774 1938 2872 2010 τὴν
2905 1937 3178 2010 ἡμετέραν
3208 1935 3548 2008 ἠμφιάσατο.

2273 2021 2549 2108 Οὐρανίων
2603 2033 2807 2102 ἀψίδων
2856 2015 3185 2104 ύπεραρθεὶς
3229 2029 3366 2092 ὃσιε,
3412 2027 3526 2081 τῶν
3557 2020 3769 2101 ὑπερκοὲ

2203 2126 2375 2198 σμίων
2407 2124 2505 2189 τὰς
2541 2124 2724 2191 τάξεις
2757 2122 2849 2177 καὶ
2879 2121 2948 2176 τά
2971 2119 3375 2193 στρατεύματα,
3400 2119 3496 2172 καὶ
3517 2117 3614 2182 τὰς
3643 2117 3761 2188 λαμ-

2200 2219 2477 2292 πρότητας
2511 2217 2833 2291 ὑψηγορίαις
2882 2214 2994 2268 τῶν
3012 2214 3184 2284 λόγων
3206 2213 3298 2268 καὶ
3317 2212 3614 2283 πανσόφοις
3645 2213 3764 2286 φρά-

2203 2324 2319 2360 σεσι
2351 2308 2484 2359 πᾶσι
2518 2305 2851 2379 ὲτράνωσας.

2287 2397 2526 2470 ’Υψηλῆς
2575 2397 2806 2470 θεωρίας
2855 2396 3219 2470 ἐμφορηθεὶς,
3271 2395 3474 2461 ἔνδοξε,
3527 2395 3624 2468 τὴν
3675 2393 3767 2446 τῶν

2202 2491 2480 2562 ὀνομάτων
2511 2490 2622 2543 τῶν
2654 2489 2814 2543 θείων
2863 2488 3159 2554 ἀνάπτυξιν
3193 2487 3580 2561 ὲθεολόγησας,
3627 2504 3765 2558 τρια-

2202 2583 2352 2648 δικὸς
2386 2582 2635 2652 θεολόγος
2685 2581 2924 2652 γεγονὼς
2956 2585 3023 2655 τῇ
3058 2583 3262 2654 χάριτι,
3298 2581 3712 2653 θεομακάριστε.

2277 2741 2590 2837 Νεκρωθεὶξ
2621 2753 2733 2825 τοῖς
2768 2759 3000 2836 παροῦσι
3015 2757 3094 2832 τῷ
3127 2759 3264 2834 πρὸς
3287 2758 3421 2813 Θεὸν
3454 2759 3635 2832 ἔρωτι,
3672 2757 3755 2812 καὶ

2206 2855 2495 2926 φιλοσοφίᾳ
2541 2855 2806 2919 συντόνως
2849 2853 3352 2924 ἐγγυμνασάμενος,
3371 2851 3483 2905 τῶν
3517 2851 3653 2923 ὑπὲρ
3696 2851 3772 2903 ἐν-

2203 2965 2352 3002 νοιαν
2385 2947 2663 3012 ζωοποιῶν
2707 2946 3060 3018 χαρισμάτων
3096 2943 3350 3018 θεοφόρον
3397 2945 3646 3017 ὄργανον,
3677 2942 3776 2996 Πά-

2203 3058 2322 3114 τερ,
2357 3041 2674 3113 γεγένησαι.
2989 3113 3025 3122 _

2949 3126 3066 3180 θοκ.

593 3228 759 3297 Virgo
788 3224 1126 3297 agricultura
1157 3229 1358 3278 cuncta
1410 3221 1664 3277 facientis
1715 3221 1946 3293 spiritus
1983 3236 2103 3276 om-

2275 3223 2524 3296 Γεωργία
2547 3221 2792 3295 Παρθένε
2822 3218 2920 3274 τοῦ
2942 3217 3285 3292 παντουργοῦ
3320 3217 3659 3290 Πνεύματος,
3684 3215 3778 3307 σῶς

521 3318 674 3370 nium
716 3316 946 3369 Domino
988 3328 1189 3383 corpus
1218 3327 1318 3383 pro
1353 3311 1532 3366 fructu
1563 3313 1866 3383 protulisti,
1914 3313 1970 3367 in
1997 3327 2106 3383 quo

523 3406 711 3461 mundi
738 3413 1023 3475 peccatum
1041 3401 1425 3458 condemnavit
1445 3442 1459 3466 ,
1510 3405 1785 3473 vitamque
1816 3418 2138 3473 perennem,

523 3498 698 3551 instar
729 3494 895 3548 fontis
920 3493 1121 3548 emisit.

596 3587 808 3640 Bonum
874 3584 1244 3640 Ecclesiarum
1295 3584 1542 3639 ordinem
1601 3583 1997 3654 composuisti;
2055 3584 2110 3638 in

525 3679 662 3749 ipsis
692 3676 1064 3743 enim,Pater,
1100 3676 1390 3731 formando
1412 3675 1707 3744 depinxisti
1732 3676 2000 3746 imagines
2022 3690 2111 3730 sa—

524 3788 633 3826 crae
657 3771 893 3827 ﬁctionis
925 3772 1182 3825 virtutum
1217 3769 1405 3823 forma:
1429 3768 1732 3838 expertium
1763 3768 1991 3832 similes,
2017 3783 2114 3838 per

525 3881 663 3936 quas
696 3865 1002 3921 instituitur
1031 3879 1094 3920 ac
1117 3863 1423 3919 illustratur
1455 3861 1709 3917 universa
1753 3859 1991 3916 ﬁdelium
2017 3876 2115 3931 re-

526 3959 718 4027 iigiosa
758 3956 1126 4027 congregatio.

598 4048 728 4104 Tum
760 4047 1279 4117 ﬂuentatheologim,
1312 4061 1342 4100 a
1378 4046 1489 4102 Deo
1521 4055 1793 4116 correpte,
1829 4053 1984 4116 prata
2021 4059 2109 4097 ra-

525 4143 752 4196 tionalia
786 4148 839 4195 et
869 4155 1085 4210 semper
1117 4140 1350 4194 virentia
1383 4147 1547 4209 atque
1576 4139 1629 4192 in
1661 4137 1785 4192 ﬁdei
1824 4138 2112 4192 rectitudi-

527 4247 596 4286 ne
624 4232 836 4285 consita
860 4231 1017 4285 valde
1061 4230 1328 4300 irrigant;
1373 4228 1638 4282 unitatem
1669 4228 1815 4281 enim
1855 4228 2110 4283 essentia:

527 4323 584 4378 in
617 4338 974 4394 personarum
1019 4321 1291 4376 Trinitate
1331 4319 1700 4376 venerandam
1733 4318 2108 4372 monarchiam

525 4418 854 4488 prredicaSti.

598 4508 904 4564 Vehemens
931 4507 1254 4564 hierarchia:
1284 4507 1530 4563 caelestis
1563 4506 1896 4562 desiderium
1944 4515 2108 4577 atque

2215 3333 2290 3388 μα
2334 3314 2414 3385 τῷ
2465 3313 2710 3386 Δεσπότῃ
2762 3311 2871 3365 τῶν
2915 3309 3058 3363 ὅλων
3115 3310 3597 3383 ἐκαρποφόρησας,
3644 3311 3699 3362 ὲν
3739 3299 3778 3375 ᾧ

2211 3409 2499 3480 κατέκρινε
2529 3405 2627 3478 τὴν
2659 3404 2933 3478 ἁμαρτίαν
2967 3403 3061 3457 τοῦ
3097 3403 3324 3476 κόσμου,
3349 3403 3444 3456 καὶ
3476 3400 3618 3474 ζωὴν
3649 3401 3778 3470 ἐπή-

2211 3517 2344 3571 γασε
2373 3501 2472 3571 τὴν
2500 3497 2874 3562 αίωνίξουσαν.

2296 3589 2633 3663 Ἐκκλησιῶν
2658 3590 2758 3661 τὴν
2786 3588 3082 3661 εὐκοσμίαν
3113 3585 3456 3660 ὲρρύθμισας
3477 3604 3494 3619 ·
3528 3587 3586 3640 ὲν
3604 3586 3782 3648 αὑταῖς

2211 3685 2340 3757 γάρ,
2375 3685 2588 3755 Πάτερ,
2623 3682 3022 3754 ὲζωγράφησας
3069 3678 3430 3751 μορφωτικῶς
3461 3679 3663 3742 τύπους
3691 3679 3783 3749 ὲμ-

2213 3780 2398 3848 φερεῖς
2445 3773 2824 3848 ἱεροπ).αστίας
2867 3771 2975 3826 τῶν
3008 3770 3351 3843 ἀμορφώτων
3392 3771 3689 3842 δυνάμεων,
3721 3771 3784 3823 δι’

2209 3862 2284 3922 ὧν
2334 3867 2774 3939 μυσταγωγεῖται
2813 3863 2908 3918 κα)⁸
2941 3863 3232 3940 φωτίζεται
3265 3863 3418 3916 πᾶσα
3454 3863 3563 3916 τῶν
3588 3861 3783 3915 πιστῶν

2209 3963 2244 4034 ἡ
2277 3959 2519 4031 θεόφρων
2551 3958 2841 4028 ὁμήγυρις.

2292 4051 2510 4125 Ῥεῖθρα
2531 4050 2628 4120 τῆς
2663 4049 2761 4119 σῆς
2789 4046 3082 4116 θεολογίας,
3119 4045 3403 4118 θεόληπτε,
3426 4048 3554 4112 τοὺς
3593 4045 3784 4118 λειμῶ-

2211 4159 2304 4206 νας
2339 4143 2478 4210 ἇγαν
2507 4138 2895 4211 καταρδεύουσι
2936 4139 3062 4201 τοὺς
3093 4137 3345 4207 λογικοὺς
3391 4138 3486 4191 καὶ
3531 4138 3784 4200 ἀειθαλείς

2211 4234 2306 4288 καὶ
2347 4231 2784 4302 πεφυτευμένους
2831 4229 2923 4283 ἐπὶ
2972 4229 3254 4299 δογμάτων
3286 4229 3562 4300 ὀρθότητιο
3596 4229 3787 4301 μονάδα

2211 4326 2319 4397 γάρ
2339 4325 2526 4388 οὐσίας
2546 4327 2603 4377 ὲν
2627 4322 2816 4394 Τριάδι
2835 4319 3141 4393 προσώπων
3160 4319 3258 4391 τὴν
3277 4319 3483 4393 σεπτὴν
3503 4319 3788 4393 μοναρχίαν

2213 4419 2312 4488 ὲκή
2321 4417 2506 4488 ρυξας.

2291 4509 2611 4579 Ἀγγελικῆς
2648 4507 2932 4579 ίεραρχίας
2947 4506 3037 4559 τὸν
3054 4505 3324 4574 σύντονον,
3345 4509 3596 4580 ίεράρχα,
3613 4507 3784 4571 πόθον,

525 4613 657 4670 erga
683 4599 853 4654 Deum
881 4616 1145 4664 amorem,
1197 4608 1252 4654 et
1303 4600 1512 4654 ﬁrmam
1541 4616 1670 4671 erga
1711 4600 1951 4653 divinam
1981 4614 2103 4654 nec-

2231 4601 2308 4655 ta‘t
2334 4601 2424 4654 τὸν
2458 4599 2635 4672 ἔρωτα
2665 4599 2805 4672 πρὸς
2836 4598 2928 4652 τὸν
2959 4598 3112 4656 Θεὸν,
3137 4599 3229 4652 καὶ
3259 4599 3360 4671 τὴν
3389 4600 3581 4673 ἀκλινῆ
3616 4601 3787 4654 νεῦσιν

526 4709 636 4746 non
660 4692 1271 4762 incomprehensibilem
1301 4692 1646 4747 altitudinem
1692 4691 2112 4760 propensionem

528 4781 826 4855 prudenter
871 4782 1109 4840 docuisti
1141 4799 1236 4840 eos
1280 4783 1371 4853 qui
1408 4783 1461 4836 in
1496 4781 1600 4836 [ide
1650 4782 1911 4847 clamant,
1942 4782 2116 4853 gloria

525 4873 783 4948 potestati
814 4880 942 4938 tuae,
973 4889 1006 4929 ο
1039 4888 1228 4929 amans
1260 4874 1565 4927 hominum.

577 4973 582 4976 ·
1095 4963 1254 5035 337
1295 4963 1376 5018 Ad
1405 4962 1472 5017 Β.
1514 4961 1577 5016 v.

596 5061 768 5117 Sacer
793 5059 986 5115 salutis
1016 5069 1269 5128 operator
1295 5057 1396 5112 fuit
1429 5056 1600 5111 Filius
1627 5064 1755 5111 tuus
1776 5056 2031 5112 omnibus
2061 5067 2115 5114 te

524 5156 878 5232 laudantibus
909 5162 962 5209 et
997 5155 1096 5208 via:
1122 5162 1176 5209 et
1203 5154 1342 5208 lucis
1369 5151 1566 5206 ductor
1589 5163 1640 5206 et
1666 5151 1902 5222 justitia,
1925 5152 2110 5224 Virgo,

527 5263 580 5307 et
605 5249 908 5318 redemptio
947 5266 959 5301 :
990 5254 1276 5316 propterea
1315 5254 1366 5301 te
1398 5244 1709 5316 Deiparam,
1742 5263 1867 5303 vere
1893 5263 1956 5303 ac
1987 5265 2116 5319 pro-

529 5346 646 5415 prie
675 5341 1008 5398 unanimiter
1036 5339 1420 5411 praadicamus.

601 5523 783 5578 Sonus
814 5522 1106 5577 verborum
1141 5528 1380 5584 tuorum,
1409 5531 1669 5590 tanquam
1699 5521 1939 5576 cmlcstis
1964 5535 2113 5593 qute-

525 5616 649 5669 tlam
682 5633 782 5670 vox
809 5615 1022 5669 delatus
1053 5623 1263 5668 mentes
1294 5613 1387 5666 Dei
1416 5620 1667 5682 expertes
1692 5614 1953 5666 attonitas
1987 5612 2111 5668 red-

522 5709 665 5762 didit
705 5709 895 5778 gratia:
952 5721 1226 5770 sermone,
1281 5718 1346 5757 ac
1399 5703 1711 5759 divinarum
1756 5704 2110 5760 lucidissimis

524 5800 901 5855 dectrinarum
935 5801 1105 5856 radiis
1132 5798 1298 5855 corda
1330 5795 1566 5852 ﬁdelium
1602 5798 1950 5854 illuminavit.

2218 4695 2355 4768 πρὸς
2398 4695 2461 4748 τὸ
2505 4694 2637 4764 ὕψος
2681 4693 2743 4746 τὸ
2768 4694 2908 4748 θεῖον
2939 4695 3033 4747 καὶ
3101 4694 3488 4765 ἀκατάληπτον
3556 4696 3790 4762 ἐδίδαξας

2219 4789 2503 4860 ἐμφρόνως
2543 4789 2671 4849 τοὺς
2715 4788 2773 4840 ἐν
2824 4788 3005 4841 πίστει
3036 4787 3295 4858 βοῶντας,
3329 4790 3396 4860 τῇ
3445 4789 3669 4860 δυνάμει
3703 4806 3789 4842 σου

2189 4957 2196 4961 υ
2218 4881 2366 4948 δόξα,
2403 4881 2772 4954 φιλάνθρωπε.

2953 4965 3078 5028 θόκ.

2299 5059 2599 5135 Ἰερουργὸς
2624 5063 2724 5133 τῆς
2755 5065 3028 5137 σωτηρίας
3069 5065 3282 5135 ἐγένετο
3314 5069 3344 5121 δ
3382 5068 3510 5132 Υἱός
3545 5086 3636 5121 σου
3669 5069 3794 5122 πᾶσι

2215 5157 2326 5217 τοῖς
2370 5153 2597 5226 ὑμνοῦσί
2648 5173 2705 5208 σε
2779 5158 2872 5211 καὶ
2919 5157 3151 5229 ποδηγὸς
3198 5159 3291 5211 καὶ
3333 5161 3669 5228 φωταγωγὸς
3707 5160 3795 5212 καὶ

2214 5244 2548 5316 δικαιοσύνη,
2585 5245 2850 5316 Παρθένε,
2883 5249 2976 5302 καὶ
3013 5249 3426 5322 ἀπολύτρωσιςο
3473 5251 3554 5304 διὸ
3585 5252 3642 5304 σὲ
3670 5252 3796 5304 Θεο-

2215 5338 2372 5391 τόκον
2398 5337 2612 5410 ἀληθῶς
2637 5340 2730 5392 καὶ
2764 5343 2968 5413 κυρίως
3006 5344 3054 5396 οἱ
3092 5343 3273 5397 πιστοὶ
3302 5343 3622 5417 όμοφρόνως
3651 5343 3799 5408 δοξάο

2217 5431 2402 5502 ζομεν.

2304 5523 2590 5595 Ῥημάτων
2640 5543 2734 5579 σου
2781 5528 2810 5579 ὁ
2855 5528 3126 5598 φθόγγος,
3176 5529 3367 5602 ὥσπερ
3422 5549 3509 5594 τις
3555 5530 3799 5600 οὐράνιος

2217 5611 2352 5688 ἦχος
2402 5619 2720 5690 φερόμενος,
2765 5621 2866 5684 τὰς
2914 5621 3108 5685 ἀθέους
3150 5622 3351 5692 φρένας
3403 5623 3798 5696 κατεϐρόντησε

2218 5707 2359 5780 λόγῳ
2388 5711 2487 5781 τῆς
2515 5711 2754 5782 χάριτος,
2790 5710 2882 5762 καὶ
2915 5709 3197 5782 δογμάτων
3225 5711 3382 5766 θείων
3417 5715 3800 5786 μαρμαρυγαῖς

2215 5801 2335 5863 ταῖς
2369 5803 2688 5874 φανοτάταις
2704 5800 2812 5856 τῶν
2831 5802 3034 5858 πιστῶν
3064 5802 3162 5866 τὰς
3189 5803 3416 5876 καρδίας
3434 5805 3798 5877 ἐλάμπρυνεν.

601 5895 620 5914 ⁹
643 5894 990 5951 Abbreviatio
1027 5896 1175 5952 vocis
1205 5894 1476 5964 Θεοτὸκῳ,
1510 5893 1564 5950 Ιι.
1596 5911 1644 5949 e.
1682 5894 1943 5964 Dciparw.
1979 5893 2138 5952 Eutr.
2173 5892 2347 5954 Pun.
