3886 6556
76 471 172 534 Ξῒῖἲ

1175 471 1555 538 ENCOMIUM,
1587 468 1679 523 EX
1713 467 1996 523 ΜΕΝΕῐὸ
2028 467 2323 524 (ΞΒᾹΞΟΙΞ.

3263 473 3368 530 58‘!

159 595 490 668 Ὠμοιὼθης
523 593 744 666 ἐμπόρῳ
771 593 850 664 τῷ
879 593 1004 655 τοὺς
1035 589 1376 662 μαργαρίτας
1410 586 1672 660 ζητοῦντι,

1861 582 2068 640 Similis
2121 583 2277 640 fuisti
2333 584 2622 640 mercatori
2688 584 3015 655 margaritas
3069 586 3368 656 querenti,

82 687 369 751 πανόλϐιε,
411 689 515 741 καὶ
550 687 724 759 εὑρὼν
761 685 851 738 τὸν
875 683 972 736 ἕνα
1006 682 1350 753 μαργαρίτην
1383 681 1474 733 τὸν
1521 680 1688 743 ὅντως

81 781 417 851 πολύτιμον,
461 780 557 833 καὶ
579 777 863 849 θαυμάσας
893 773 1083 827 τούτου
1116 771 1214 836 τὰς
1248 771 1539 840 θεουργοὺς
1574 788 1685 839 φω-

77 872 357 935 τσϐολίας,
401 871 659 941 ίεράρχα,
693 867 824 920 Θεὸν
853 866 1230 937 ὡμολόγησας.

144 965 260 1034 Τὴν
297 962 504 1034 πηγὴν
544 961 646 1031 τῆς
692 959 881 1028 σοφίας
932 955 1436 1029 ἐμφιλοσοφώτατα,
1478 953 1683 1025 Πάτερ,

78 1056 411 1125 ἠγάπησας,
449 1053 546 1107 καὶ
592 1051 670 1123 τῷ
700 1051 906 1121 ταύτης
938 1050 1146 1122 φίλτρῳ
1177 1047 1272 1102 καὶ
1312 1045 1501 1118 ἀγάπῃ
1550 1063 1688 1116 συμ-

84 1146 560 1218 περιφερόμενος,
583 1143 867 1207 πολλοστὸς
890 1141 1096 1210 ἐγένου,
1118 1140 1208 1194 καλ⁵
1225 1140 1502 1210 ποταμοὺς
1528 1137 1685 1190 θείων

82 1240 349 1309 ναμάτων
387 1238 636 1300 ἀεννὰως
671 1234 958 1306 πηγάζεις,
995 1233 1336 1286 θεόπνευστε.

829 1326 953 1390 θδκ.

151 1431 241 1494 Ὠς
278 1431 717 1502 κεχαριτωμένη
752 1428 849 1500 τὴν
896 1427 1213 1482 καλλοποιὸν
1247 1425 1553 1497 ὑπερεδέξω
1595 1427 1684 1479 εύ-

81 1526 359 1595 πρέπειαν
397 1525 504 1594 τὴν
548 1523 617 1575 τὰ
655 1525 833 1577 πάντα
869 1522 1013 1593 μόνῳ
1050 1521 1127 1592 τῷ
1172 1519 1469 1591 βουλήματι
1514 1536 1683 1571 κατα-

82 1618 465 1680 σκευάσασαν,
502 1616 597 1669 καὶ
639 1614 718 1685 τῷ
751 1613 878 1684 θείῳ
904 1614 1088 1667 κάλλει
1134 1614 1226 1668 καὶ
1274 1611 1538 1683 φωτισμῷ
1585 1611 1684 1681 τῆς

81 1709 398 1773 εὐσεϐείας,
437 1709 742 1779 Θεομῆτορ,
778 1708 924 1777 ἡμᾶς
958 1706 1396 1760 καλλωπίσασαν.

146 1800 434 1870 Νομίμως
459 1799 764 1868 φιλοσόφων
786 1798 978 1866 σοφίας
1005 1796 1159 1867 δώρῳ
1187 1796 1464 1866 ἐπέτυχες·
1483 1794 1684 1858 ἐνθέως

81 1892 420 1961 ἐνθεολογῶν
439 1890 697 1963 ὀρθόδοξα
725 1889 986 1959 δόγματα,
1013 1888 1343 1959 παμμάκαρ,
1366 1887 1678 1953 κατέλιπες,

81 1976 148 2037 ὧν
176 1983 578 2056 κατετρύχθης
599 1999 612 2012 ·
646 1983 696 2035 οἱ
726 1981 907 2035 πιστοὶ
943 1981 1001 2034 σὲ
1033 1981 1424 2053 μακαρίζομεν.

143 2163 373 2215 Συνὲσει
426 2162 741 2234 θεοπρεπεῖ,
791 2161 1038 2232 θεόφρον,
1070 2159 1562 2230 καλλωπιζόμενος,
1597 2157 1676 2228 τῷ

83 2254 205 2324 θείῳ
251 2255 618 2325 μυσταγωγῷ
663 2255 722 2308 τὸ
764 2250 856 2316 οὖς
887 2271 979 2305 σου
1019 2251 1397 2323 ὑπερέκλινας,
1447 2252 1540 2304 καὶ
1579 2250 1678 2321 τὴν

87 2347 462 2418 ὑπερκὼμιον
494 2349 588 2400 ὑπ’
618 2345 781 2400 αὐτοῦ
815 2345 1006 2414 σοφίαν
1037 2343 1299 2415 ἐμυήθης,
1331 2343 1588 2396 Διονύσιε.

164 2525 221 2576 ὐ
253 2525 373 2594 βίος
405 2541 504 2577 σου
535 2521 868 2593 θαυμαστὸς,
897 2523 926 2574 6
964 2520 1120 2589 λόγος
1148 2517 1610 2589 θαυμασιώτερος,
1640 2519 1673 2589 ἡ

87 2616 302 2681 γλῶσσά
335 2633 434 2669 σου
473 2614 788 2686 φωταυγὴς,
819 2612 880 2665 τὸ
914 2611 1083 2682 στόμα
1129 2611 1444 2682 πυρίπνοον,
1491 2609 1676 2681 μάκαρ

90 2708 355 2762 Διονύσιε·
415 2707 446 2757 ὁ
489 2707 547 2761 δὲ
585 2705 712 2769 νούς
762 2723 877 2768 σου,
935 2705 1136 2775 Πάτερ,
1167 2701 1410 2770 ἀκριϐῶς
1447 2703 1674 2756 θεοειδέ-

93 2815 291 2862 στατὸς.

833 2895 960 2962 θδκ.
996 2937 1005 2944 ·

156 3024 343 3096 Φωνήν
377 3037 462 3077 σοι
503 3021 604 3076 τοῦ
634 3011 893 3094 Γαϐριὴλ,
935 3022 996 3074 τὸ
1025 3020 1232 3088 Χαῖρε,
1278 3019 1458 3072 πίστει
1505 3034 1677 3090 κραυ-

94 3115 344 3186 γάζομεν,
408 3116 471 3182 ἐξ
522 3111 592 3187 ἧς
633 3116 924 3186 ἀφράστως
968 3115 1101 3184 ἡμῖν
1151 3115 1179 3166 6
1222 3110 1676 3183 ζωαρχικώτατος

96 3207 220 3277 ἀνὴρ
253 3209 603 3280 ἐχρημάτισε
636 3209 730 3260 καὶ
775 3205 1184 3276 συνανεστράφη
1216 3207 1326 3266 τοῖς
1368 3202 1675 3274 ἀνθρώποις

97 3301 121 3352 6
146 3303 550 3375 φιλάνθρωπος.

170 3399 254 3462 Ὠς
286 3399 503 3471 ὄμϐρος
547 3397 799 3469 οὐράνιος
839 3396 898 3447 ἐν
939 3397 1008 3465 γῇ
1053 3392 1260 3463 διψώσῃ
1288 3391 1358 3444 τὰ
1387 3391 1454 3443 σὰ
1493 3389 1676 3456 διδάγ-

102 3505 232 3557 ματα
266 3489 380 3545 τῶν
412 3490 626 3545 πιστῶν
667 3488 764 3550 τὰς
806 3487 1033 3558 καρδίας
1063 3485 1150 3538 ἀεὶ
1198 3483 1469 3545 ποθούσας
1507 3498 1676 3535 κατα-

99 3578 385 3644 πιαίνουσι,
419 3581 516 3635 καὶ
547 3578 856 3650 ἀκορέστως
878 3575 1005 3646 βοᾷν
1038 3574 1442 3628 ἐκδιδάσκουσιν
1461 3589 1474 3602 ·
1507 3571 1673 3625 Εὐλο-

100 3671 248 3740 γητὸς
277 3676 306 3726 6
336 3673 476 3734 Θεὸς
503 3673 532 3724 6
564 3671 672 3723 τῶν
702 3668 951 3739 πατέρων
979 3665 1156 3737 ἡμῶν.

150 3765 359 3835 Δοχεῖον
384 3762 707 3834 Πνεύματος
722 3760 814 3813 τοῦ
834 3759 1097 3826 παναγίου
1113 3755 1303 3826 ῶφθης
1319 3755 1672 3827 ἐνάρμοστον,

103 3854 184 3907 καὶ
207 3860 269 3928 τῇ
299 3858 495 3910 τούτου
533 3852 825 3926 ἐμπνεύσει
859 3851 950 3906 καὶ
985 3849 1285 3920 φανερώσει
1326 3847 1674 3918 προφητικῶ-

101 3960 223 4000 τατα
265 3945 685 4022 προαγορεύων,
723 3944 852 4013 σοφὲ
896 3941 1162 4005 Διονύσιε,
1212 3937 1533 4010 Εὐλογητὸς,
1577 3941 1674 3992 ἐκ-

102 4035 243 4105 ϐοῶν,
272 4041 301 4094 6
332 4037 446 4094 τῶν
481 4037 736 4107 πατέρων
767 4035 918 4098 Θεός.

821 4217 948 4284 θὸκ.

175 4366 296 4422 Ἰδοὺ
327 4367 427 4421 νῦν
457 4364 815 4434 πεπλήρωται
854 4359 946 4415 τοῦ
988 4361 1210 4415 Ἡσαΐου
1251 4362 1284 4432 ἡ
1332 4359 1668 4432 προαγόρευ-

109 4471 208 4519 σις·
240 4461 294 4513 ἐν
324 4457 532 4530 γαστρί
577 4473 690 4518 σου,
737 4454 999 4526 Παρθένε,
1043 4452 1134 4506 τὸν
1167 4453 1338 4521 Λόγον
1379 4451 1536 4521 ἔσχες
1576 4451 1670 4504 καὶ

106 4547 406 4625 ἀπεκύησας
449 4550 546 4603 τὸν
576 4545 874 4616 ζωοδότην,
917 4539 961 4614 ᾧ
1003 4546 1201 4609 πάντες
1244 4543 1664 4616 κραυγάζομεν·

107 4639 387 4717 Εὐλογητὸς
418 4647 448 4698 6
477 4643 632 4706 Θεὸς.

165 4739 421 4808 Διαφανὲς
455 4738 536 4798 ῶς
569 4735 830 4805 ἔσοπτρον
856 4733 1114 4802 γεγονὼς,
1145 4730 1406 4794 Διονύσιε,
1437 4729 1530 4784 καὶ
1559 4748 1671 4801 χωρ

112 4827 304 4892 ρητικὸν
334 4825 447 4879 τῶν
477 4823 736 4894 καθαρῶν
767 4823 1054 4894 ἐμφάσεων
1085 4823 1176 4876 τὸν
1205 4821 1329 4876 νοῦν
1361 4823 1670 4892 ἐργασάμε-

109 4927 182 4976 νος
205 4917 262 4970 δι’
294 4917 526 4990 ἀρετῆς,
557 4913 830 4976 πανόλϐιε,
864 4913 964 4977 τὰς
995 4911 1366 4985 μαρμαρυγὰς
1391 4911 1500 4964 τῶν
1529 4912 1669 4983 ὑπὲρ

108 5004 212 5058 νοῦν
251 5008 623 5081 λαμπηδόνων
671 5006 976 5077 δεχόμενος,
1019 5003 1210 5066 ἐϐόας·
1271 5004 1474 5073 Ἐρεῖς,
1519 5003 1672 5055 εὐλο-

109 5098 248 5158 γείτε.

177 5190 554 5262 Ἀφθονωτέρα
607 5188 766 5260 χάρις
821 5205 916 5242 σου
967 5185 1194 5256 ἐξεχύθη
1241 5188 1353 5249 τοῖς
1395 5185 1664 5255 χείλεσιν·

111 5275 210 5334 ὅθεν
248 5285 350 5348 τὰς
389 5273 618 5343 ἐνθέους
661 5278 880 5350 διδαχὰς
927 5277 1266 5348 παρέθηκας,
1321 5277 1418 5348 τὴν
1463 5275 1668 5329 τούτων

111 5365 319 5430 διάνοιαν
365 5369 670 5444 ὑπερφυῶς
710 5371 840 5440 ἡμῖν
889 5367 1156 5435 ἐξαπλῶν,
1206 5368 1297 5421 καὶ
1343 5367 1664 5439 διατρανῶν,

114 5462 188 5514 καὶ
210 5463 496 5538 τηλαυγῶς
534 5458 893 5513 ἀναπτύσσων
923 5460 1034 5520 τοῖς
1076 5457 1254 5511 πίστει
1305 5455 1630 5526 μελῳδοῦσιν
1650 5473 1664 5486 ·

122 5548 298 5625 Ἱερᾶς,
320 5554 625 5623 εὐλογεῖτε.

169 5644 565 5721 Γνωριμωτέρα
604 5641 794 5710 γέγονε
848 5639 939 5694 διὰ
989 5640 1118 5704 σοῦ,
1169 5640 1430 5703 Διονύσιε,
1478 5641 1513 5710 ἡ
1557 5638 1666 5693 τῶν

125 5731 392 5812 Ἀθηναίων
411 5735 646 5806 εὐκλεὴς
663 5731 1008 5805 μητρόπολις,
1026 5731 1242 5804 Χριστῷ
1259 5731 1667 5804 προσενέγκασα

117 5829 189 5881 καὶ
214 5835 461 5907 ἄπαρχον
479 5827 738 5897 πανίερον
768 5824 846 5894 τῷ
879 5824 1210 5895 παμϐασιλεῖ
1237 5823 1500 5889 διηνεκῶς
1539 5824 1665 5894 μελ-

116 5919 326 5986 ῳδοῦσα·
362 5923 429 5980 Oi
465 5917 679 5982 παῖδες,
708 5916 997 5986 εὐλογεῖτε.

1788 675 2143 743 beatissime;
2177 691 2392 745 unaque
2421 692 2609 732 revera
2641 677 3042 747 pretiosissima
3072 681 3372 750 margarita

1788 767 2031 832 inventa,
2065 783 2129 822 ac
2156 768 2276 838 ejus
2305 767 2526 823 deificas
2562 769 2792 825 miratus
2829 769 2968 823 lucis
3011 768 3366 836 emissiones,

1788 855 2099 921 bicrarcha,
2133 856 2302 914 Deum
2333 873 2393 912 es
2423 857 2729 913 confessus.

1861 946 2156 1018 Sapientiae
2204 947 2407 1004 fontem
2446 949 2873 1018 sapientissime,
2921 949 3106 1014 Pater,
3146 951 3367 1017 amasti,

1786 1040 2018 1112 ejusque
2046 1040 2250 1110 philtro
2277 1049 2330 1096 et
2355 1054 2542 1095 amore
2564 1041 2934 1096 circumactus
2962 1057 3105 1096 unus
3124 1057 3155 1097 e
3177 1043 3370 1098 multis

1786 1131 1965 1196 fuisti,
1999 1131 2336 1203 fluminaque
2371 1133 2686 1189 divinorum
2726 1133 2976 1201 laticum,
3003 1134 3180 1189 alllate
3225 1133 3362 1202 Deo,

1785 1221 2105 1293 perenniter
2137 1222 2295 1279 facis.

2429 1337 2514 1392 Ad
2553 1338 2619 1395 B.
2663 1338 2728 1394 V.

1853 1428 2014 1485 Velut
2050 1431 2223 1500 gratia
2250 1431 2410 1501 plena
2442 1432 2830 1502 pulchriﬁcum
2858 1448 3024 1504 supra
3051 1449 3242 1489 omnes
3272 1449 3366 1492 ac-

1783 1522 1976 1591 cepisti
2017 1523 2293 1586 decorem,
2335 1524 2429 1594 qui
2460 1525 2745 1580 voluntate
2787 1526 2904 1581 sola
2953 1526 3197 1581 condidit
3237 1528 3362 1581 uni-

1783 1629 1965 1678 versa,
2012 1615 2306 1685 divinaque
2357 1617 2788 1687 pulchritudine,
2830 1625 2994 1688 atque
3034 1618 3252 1689 pietatis
3295 1620 3367 1675 il-

1784 1705 2128 1770 lustratione,
2159 1706 2254 1762 Dei
2286 1709 2543 1778 genitrix,
2577 1725 2678 1764 nos
2704 1711 3032 1765 venustavit.

1853 1797 2012 1869 Legis
2036 1801 2357 1869 praescripto
2382 1801 2830 1872 phil050phorum
2854 1803 3134 1873 sapientia:
3156 1803 3363 1858 donum

1783 1901 2136 1957 consecutus,
2159 1893 2342 1948 divine
2364 1893 2472 1947 Deo
2493 1895 2686 1963 plenus
2710 1893 2776 1948 de
2806 1904 2967 1948 rectae
2990 1893 3112 1948 fidei
3137 1894 3366 1964 dogma-

1780 1983 1932 2040 tibus
1961 1983 2262 2048 disserens,
2303 1983 2620 2053 dcseruisti,
2653 1986 2991 2053 beatissime,
3025 1985 3228 2056 quibus
3262 1987 3366 2042 ab-

1779 2076 2085 2131 sunebaris
2120 2096 2133 2131 :
2174 2077 2360 2132 ﬁdeles
2393 2084 2444 2132 te
2472 2077 2722 2134 beamus.

1843 2166 1923 2222 Tu
1961 2169 2056 2240 qui
2087 2169 2273 2224 divina
2304 2171 2474 2241 sapis,
2523 2169 2693 2224 Deum
2738 2171 2966 2225 decente
3007 2177 3235 2227 ornatus
3273 2170 3360 2226 in-

1778 2263 2018 2326 tellectu,
2044 2262 2113 2316 ad
2139 2263 2386 2317 divinum
2421 2271 2814 2334 praeceptorem
2849 2278 3010 2318 aures
3039 2273 3164 2320 tuas
3196 2265 3357 2320 incli-

1777 2356 1943 2419 uasti,
1989 2371 2052 2409 ac
2093 2355 2593 2425 supermundanam
2631 2357 2700 2410 ab
2733 2372 2812 2426 eo
2867 2358 3190 2426 sapientiam
3221 2359 3356 2413 edo-

1777 2457 1900 2503 ctus
1937 2464 2019 2512 es,
2055 2437 2300 2520 Dionysi.

1851 2540 1977 2596 Vita
2009 2549 2102 2596 tua
2134 2541 2494 2606 admirabilis,
2529 2556 2708 2598 sermo
2741 2541 3135 2607 admirabilior,
3167 2542 3357 2611 lingua

1777 2642 1869 2688 tua
1899 2635 2208 2704 splendida,
2240 2651 2302 2691 os
2341 2643 2494 2689 tuum
2523 2637 2702 2705 ignem
2743 2636 2983 2706 spirans,
3030 2637 3188 2691 beate
3227 2634 3358 2688 Dio-

1775 2725 1921 2796 nysi,
1964 2733 2057 2779 tua
2093 2742 2222 2782 vero
2255 2741 2435 2792 mens,
2476 2722 2660 2792 Pater,
2693 2741 2906 2782 summe
2935 2725 3046 2782 Deo
3081 2741 3244 2798 quam
3275 2741 3356 2782 8|-

1775 2817 2022 2872 millima.

2416 2929 2500 2984 Ad
2538 2930 2604 2988 B.
2648 2932 2706 2988 V.
3134 2979 3136 2983 .

1844 3018 1925 3074 Ad
1963 3026 2018 3075 te
2048 3018 2317 3077 Gabrielis
2361 3037 2573 3088 vocem.
2612 3023 2738 3089 Ave,
2773 3023 2876 3080 fide
2921 3025 3244 3093 clamamus,
3285 3043 3354 3084 ex

1777 3126 1886 3182 qua
1931 3112 2092 3168 nobis
2131 3111 2480 3168 ineffabiliter
2521 3116 2614 3185 qui
2661 3117 3118 3174 excellentissime
3161 3127 3357 3175 auctor

1777 3214 1862 3261 est
1896 3206 2040 3270 vitae,
2071 3206 2156 3260 vir
2178 3213 2340 3262 natus
2368 3214 2473 3271 est,
2518 3222 2581 3262 ac
2615 3223 2739 3263 cum
2772 3208 3087 3267 hominibus
3125 3224 3356 3266 conver-

1705 3293 1749 3354 C
1780 3306 1934 3353 satus
1969 3298 2060 3353 ille
2096 3297 2376 3352 hominum
2412 3314 2623 3354 amans.

1849 3388 2006 3444 Sicut
2047 3389 2292 3445 ccclestis
2342 3389 2517 3444 imber
2554 3391 2608 3445 in
2650 3391 2856 3447 sitienti
2897 3400 3043 3448 terra
3088 3392 3358 3450 doctrinae

1776 3491 1882 3537 tuae
1921 3483 2164 3538 lidelium
2208 3483 2376 3538 corda
2421 3499 2635 3553 semper
2679 3485 2838 3540 avida
2881 3487 3246 3558 impinguant,
3298 3495 3354 3544 et

1774 3575 1973 3631 docent
2002 3576 2389 3631 insatiabiliter
2417 3577 2655 3633 clamare
2681 3594 2694 3629 :
2729 3577 3056 3635 Benedictus
3083 3579 3226 3637 Deus
3255 3596 3354 3652 pa-

1772 3676 1916 3721 trum
1946 3675 2282 3725 nostrorum.

1840 3757 2184 3813 Concinnum
2211 3759 2448 3830 Spiritus
2474 3763 2650 3816 sancti
2675 3761 3042 3817 habitaculum
3081 3764 3234 3819 visus
3265 3780 3350 3830 es,

1773 3857 1938 3919 atque
1985 3851 2151 3920 hujus
2195 3851 2555 3921 inspiratione
2598 3867 2662 3906 ac
2704 3853 3075 3908 declaratione
3117 3869 3180 3910 ea
3230 3871 3352 3925 quae

1772 3943 2053 4012 prophetis
2083 3944 2307 4013 propria
2334 3951 2483 4009 sunt,
2525 3960 2690 4013 quam
2725 3946 2962 4001 maxime
3005 3947 3309 4016 praedicens
3329 3989 3347 4014 ,

1773 4035 1996 4104 sapiens
2037 4034 2282 4106 Dionysi,
2325 4038 2642 4093 exclamans
2674 4056 2687 4092 :
2725 4037 3052 4095 Benedictus
3081 4038 3226 4096 Deus
3253 4055 3349 4111 pa-

1773 4134 1915 4180 trum
1928 4168 1939 4182 .

2416 4241 2498 4296 Ad
2535 4241 2600 4298 Β.
2645 4243 2709 4300 γ,

1779 4331 1784 4336 ’
1843 4352 1982 4409 Ecce
2013 4368 2161 4410 nunc
2188 4354 2472 4425 impletum
2509 4363 2594 4411 est
2623 4354 2776 4411 Isaiae
2808 4357 3346 4434 vaticinium:33s

1773 4443 1826 4498 in
1859 4454 2016 4501 utero
2048 4455 2162 4512 tuo,
2199 4445 2385 4518 Virgo,
2424 4445 2664 4502 Verbum
2693 4449 2933 4504 habuisti
2983 4451 3349 4525 datoremque

1772 4538 1898 4593 vitae
1934 4540 2193 4610 genuisti,
2238 4539 2329 4594 cui
2374 4540 2678 4602 clamamus
2725 4555 2965 4598 omnes:
3015 4542 3345 4603 Benedictus

1696 4647 1749 4707 ι)
1777 4629 1968 4692 Deus.;

1842 4723 2312 4798 Ut'transparens
2355 4727 2636 4798 speculum
2667 4726 2840 4793 luisti,
2887 4727 3138 4803 Dionysi,
3179 4748 3349 4802 pura-

1769 4833 2003 4890 rumque
2033 4836 2285 4892 capacem
2315 4821 2741 4876 illustrationum
2773 4831 3009 4878 mentem
3043 4825 3240 4880 virtute
3263 4827 3346 4884 ef-

1770 4907 1971 4976 fecisti,
2021 4927 2056 4966 o
2100 4912 2446 4978 felicissime;
2489 4913 2854 4967 scintillarum
2900 4924 3134 4971 mentem
3182 4932 3344 4972 exce-

1769 5000 2018 5056 dentium
2065 5004 2386 5073 splendores
2416 5004 2728 5074 suscipiens
2765 5006 3046 5064 clamabas
3081 5023 3098 5060 :
3146 5007 3345 5064 Sacer-

1769 5093 1946 5159 dotes,
1980 5094 2304 5151 benedicite.

1838 5186 2322 5242 Abundantissima
2353 5186 2550 5256 diffusa
2575 5196 2660 5243 cst
2692 5189 2749 5243 in
2791 5191 2950 5247 labiis
2986 5191 3098 5246 tuis
3127 5192 3336 5262 gratia;

1769 5276 1914 5330 unde
1934 5276 2216 5329 doctrinas
2243 5274 2352 5330 Deo
2381 5263 2568 5345 plenas
2593 5281 2952 5349 proposuisti,
2991 5280 3181 5334 harum
3210 5295 3340 5336 sen-

1769 5382 1889 5422 sum
1915 5366 2076 5420 modo
2099 5375 2348 5420 naturam
2375 5368 2625 5425 vincente
2645 5371 2925 5440 explicans
2950 5377 3004 5425 et
3025 5370 3334 5437 declarans,

1768 5475 1832 5513 ac
1862 5459 2168 5514 clarissime
2202 5460 2453 5529 aperiens
2476 5462 2635 5518 nobis
2659 5464 2754 5532 qui
2785 5462 2892 5518 fide
2917 5462 3168 5518 canimus
3195 5481 3208 5517 :
3236 5463 3339 5518 Sa-

1767 5549 2014 5604 cerdotes
2028 5591 2042 5616 ,
2073 5548 2402 5608 benedicite.

1834 5638 2130 5696 Notissima
2160 5640 2262 5694 fuit
2275 5659 2372 5713 per
2399 5651 2472 5709 te,
2498 5643 2745 5715 Dionysi,
2781 5644 3014 5700 celebris
3036 5644 3339 5701 Athenien-

1765 5730 1906 5786 sium
1937 5735 2275 5803 metropolis,
2302 5735 2433 5790 dum
2459 5736 2680 5791 Christo
2713 5737 3145 5792 sacratissimum
3169 5737 3334 5793 etiam

1765 5824 2051 5894 praesulem
2099 5815 2315 5891 obtulit,
2355 5827 2600 5881 omnium
2642 5826 2754 5899 regi
2795 5827 3094 5885 concinens
3139 5842 3336 5900 perpe-

1769 5924 1896 5972 tuo:
1934 5914 2119 5974 Pueri.
2159 5916 2486 5974 benedicite.
