  <div class='ocr_page' id='page_1' title='image "/cluster/home/n/w/nwhite01/storage/ocr_20150623/4/hvd.32044014713200/301.png"; bbox 0 0 3886 6530; ppageno 0'>
   <div class='ocr_carea' id='block_1_1' title="bbox 527 419 638 476">
    <p class='ocr_par' dir='ltr' id='par_1_1' title="bbox 527 419 638 476">
     <span class='ocr_line' id='line_1_1' title="bbox 527 419 638 476; baseline 0 0"><span class='ocrx_word' id='word_1_1' title='bbox 527 419 638 476; x_wconf 77' lang='lat'><strong>583</strong></span> 
     </span>
    </p>
   </div>
   <div class='ocr_carea' id='block_1_2' title="bbox 1173 537 1461 594">
    <p class='ocr_par' dir='ltr' id='par_1_2' title="bbox 1173 537 1461 594">
     <span class='ocr_line' id='line_1_2' title="bbox 1173 537 1461 594; baseline -0.003 -2"><span class='ocrx_word' id='word_1_2' title='bbox 1173 537 1461 594; x_wconf 77' lang='lat' dir='ltr'><strong>MB.V.</strong></span> 
     </span>
    </p>
   </div>
   <div class='ocr_carea' id='block_1_3' title="bbox 602 629 2118 704">
    <p class='ocr_par' dir='ltr' id='par_1_3' title="bbox 602 629 2118 704">
     <span class='ocr_line' id='line_1_3' title="bbox 602 629 2118 704; baseline -0.008 -8"><span class='ocrx_word' id='word_1_3' title='bbox 602 641 775 695; x_wconf 80' lang='lat' dir='ltr'><strong>Mater</strong></span> <span class='ocrx_word' id='word_1_4' title='bbox 806 637 898 691; x_wconf 88' lang='lat' dir='ltr'><strong>Dei</strong></span> <span class='ocrx_word' id='word_1_5' title='bbox 933 629 1460 704; x_wconf 81' lang='lat' dir='ltr'><strong>irreprebensibilis,</strong></span> <span class='ocrx_word' id='word_1_6' title='bbox 1486 629 1683 682; x_wconf 70' lang='lat' dir='ltr'><strong>anima:</strong></span> <span class='ocrx_word' id='word_1_7' title='bbox 1708 643 1844 683; x_wconf 75' lang='lat' dir='ltr'><strong>mea:</strong></span> <span class='ocrx_word' id='word_1_8' title='bbox 1869 631 2118 696; x_wconf 86' lang='lat' dir='ltr'><strong>vulnera,</strong></span> 
     </span>
    </p>
   </div>
   <div class='ocr_carea' id='block_1_4' title="bbox 528 719 2117 802">
    <p class='ocr_par' dir='ltr' id='par_1_4' title="bbox 528 719 2117 802">
     <span class='ocr_line' id='line_1_4' title="bbox 528 719 2117 802; baseline -0.008 -14"><span class='ocrx_word' id='word_1_9' title='bbox 528 739 583 790; x_wconf 84' lang='lat' dir='ltr'><strong>et</strong></span> <span class='ocrx_word' id='word_1_10' title='bbox 627 729 834 802; x_wconf 87' lang='lat' dir='ltr'><strong>peccati</strong></span> <span class='ocrx_word' id='word_1_11' title='bbox 876 725 1168 782; x_wconf 72' lang='lat' dir='ltr'><strong>cicatrices</strong></span> <span class='ocrx_word' id='word_1_12' title='bbox 1209 722 1372 789; x_wconf 87' lang='lat' dir='ltr'><strong>delc;</strong></span> <span class='ocrx_word' id='word_1_13' title='bbox 1423 719 1624 776; x_wconf 86' lang='lat' dir='ltr'><strong>Filium</strong></span> <span class='ocrx_word' id='word_1_14' title='bbox 1663 721 1810 776; x_wconf 87' lang='lat' dir='ltr'><strong>enim</strong></span> <span class='ocrx_word' id='word_1_15' title='bbox 1854 722 2117 792; x_wconf 78' lang='lat' dir='ltr'><strong>genuisti,</strong></span> 
     </span>
    </p>
   </div>
   <div class='ocr_carea' id='block_1_5' title="bbox 529 815 2122 894">
    <p class='ocr_par' dir='ltr' id='par_1_5' title="bbox 529 815 2122 894">
     <span class='ocr_line' id='line_1_5' title="bbox 529 815 2122 894; baseline -0.004 -17"><span class='ocrx_word' id='word_1_16' title='bbox 529 825 621 894; x_wconf 90' lang='lat' dir='ltr'><strong>qui</strong></span> <span class='ocrx_word' id='word_1_17' title='bbox 669 827 997 891; x_wconf 90' lang='lat' dir='ltr'><strong>potestatem</strong></span> <span class='ocrx_word' id='word_1_18' title='bbox 1041 817 1209 872; x_wconf 88' lang='lat' dir='ltr'><strong>habet</strong></span> <span class='ocrx_word' id='word_1_19' title='bbox 1243 815 1457 870; x_wconf 78' lang='lat' dir='ltr'><strong>catenis</strong></span> <span class='ocrx_word' id='word_1_20' title='bbox 1491 815 1746 885; x_wconf 83' lang='lat' dir='ltr'><strong>lapsuum</strong></span> <span class='ocrx_word' id='word_1_21' title='bbox 1793 816 2009 872; x_wconf 88' lang='lat' dir='ltr'><strong>vinctos</strong></span> <span class='ocrx_word' id='word_1_22' title='bbox 2049 831 2122 871; x_wconf 82' lang='lat' dir='ltr'><strong>ex</strong></span> 
     </span>
    </p>
   </div>
   <div class='ocr_carea' id='block_1_6' title="bbox 531 906 2119 979">
    <p class='ocr_par' dir='ltr' id='par_1_6' title="bbox 531 906 2119 979">
     <span class='ocr_line' id='line_1_6' title="bbox 531 906 2119 979; baseline -0.004 -9"><span class='ocrx_word' id='word_1_23' title='bbox 531 911 1008 970; x_wconf 83' lang='lat' dir='ltr'><strong>indissolubilibus</strong></span> <span class='ocrx_word' id='word_1_24' title='bbox 1048 909 1290 964; x_wconf 84' lang='lat' dir='ltr'><strong>vinculis</strong></span> <span class='ocrx_word' id='word_1_25' title='bbox 1324 906 1486 963; x_wconf 82' lang='lat' dir='ltr'><strong>facile</strong></span> <span class='ocrx_word' id='word_1_26' title='bbox 1514 907 1818 973; x_wconf 83' lang='lat' dir='ltr'><strong>relaxandi,</strong></span> <span class='ocrx_word' id='word_1_27' title='bbox 1844 909 1938 979; x_wconf 88' lang='lat' dir='ltr'><strong>qui</strong></span> <span class='ocrx_word' id='word_1_28' title='bbox 1963 908 2119 964; x_wconf 87' lang='lat' dir='ltr'><strong>solus</strong></span> 
     </span>
    </p>
   </div>
   <div class='ocr_carea' id='block_1_7' title="bbox 529 1000 1472 1064">
    <p class='ocr_par' dir='ltr' id='par_1_7' title="bbox 529 1000 1472 1064">
     <span class='ocr_line' id='line_1_7' title="bbox 529 1000 1472 1064; baseline -0.01 0"><span class='ocrx_word' id='word_1_29' title='bbox 529 1019 614 1064; x_wconf 90' lang='lat' dir='ltr'><strong>est</strong></span> <span class='ocrx_word' id='word_1_30' title='bbox 639 1006 785 1062; x_wconf 87' lang='lat' dir='ltr'><strong>Deus</strong></span> <span class='ocrx_word' id='word_1_31' title='bbox 814 1001 1138 1060; x_wconf 85' lang='lat' dir='ltr'><strong>benefactor</strong></span> <span class='ocrx_word' id='word_1_32' title='bbox 1161 1001 1216 1058; x_wconf 89' lang='lat' dir='ltr'><strong>in</strong></span> <span class='ocrx_word' id='word_1_33' title='bbox 1247 1000 1472 1056; x_wconf 62' lang='lat' dir='ltr'><strong>sacula.</strong></span> 
     </span>
    </p>
   </div>
   <div class='ocr_carea' id='block_1_8' title="bbox 600 1192 2120 1278">
    <p class='ocr_par' dir='ltr' id='par_1_8' title="bbox 600 1192 2120 1278">
     <span class='ocr_line' id='line_1_8' title="bbox 600 1192 2120 1278; baseline -0.01 -18"><span class='ocrx_word' id='word_1_34' title='bbox 600 1206 808 1278; x_wconf 90' lang='lat' dir='ltr'><strong>Dignus</strong></span> <span class='ocrx_word' id='word_1_35' title='bbox 845 1200 1001 1256; x_wconf 84' lang='lat' dir='ltr'><strong>fuisti</strong></span> <span class='ocrx_word' id='word_1_36' title='bbox 1039 1213 1164 1254; x_wconf 89' lang='lat' dir='ltr'><strong>esse</strong></span> <span class='ocrx_word' id='word_1_37' title='bbox 1205 1202 1522 1252; x_wconf 91' lang='lat' dir='ltr'><strong>sanctorum</strong></span> <span class='ocrx_word' id='word_1_38' title='bbox 1570 1192 1944 1264; x_wconf 87' lang='lat' dir='ltr'><strong>apostolorum</strong></span> <span class='ocrx_word' id='word_1_39' title='bbox 1985 1206 2120 1246; x_wconf 81' lang='lat' dir='ltr'><strong>con-</strong></span> 
     </span>
    </p>
   </div>
   <div class='ocr_carea' id='block_1_9' title="bbox 525 1282 2116 1367">
    <p class='ocr_par' dir='ltr' id='par_1_9' title="bbox 525 1282 2116 1367">
     <span class='ocr_line' id='line_1_9' title="bbox 525 1282 2116 1367; baseline -0.012 -13"><span class='ocrx_word' id='word_1_40' title='bbox 525 1297 842 1367; x_wconf 89' lang='lat' dir='ltr'><strong>templator,</strong></span> <span class='ocrx_word' id='word_1_41' title='bbox 881 1307 947 1345; x_wconf 92' lang='lat' dir='ltr'><strong>ac</strong></span> <span class='ocrx_word' id='word_1_42' title='bbox 987 1288 1362 1344; x_wconf 90' lang='lat' dir='ltr'><strong>collaborator</strong></span> <span class='ocrx_word' id='word_1_43' title='bbox 1404 1283 1556 1338; x_wconf 83' lang='lat' dir='ltr'><strong>fuisti</strong></span> <span class='ocrx_word' id='word_1_44' title='bbox 1589 1285 1866 1354; x_wconf 85' lang='lat' dir='ltr'><strong>particeps</strong></span> <span class='ocrx_word' id='word_1_45' title='bbox 1906 1282 2116 1352; x_wconf 83' lang='lat' dir='ltr'><strong>gloriae,</strong></span> 
     </span>
    </p>
   </div>
   <div class='ocr_carea' id='block_1_10' title="bbox 532 1371 2120 1458">
    <p class='ocr_par' dir='ltr' id='par_1_10' title="bbox 532 1371 2120 1458">
     <span class='ocr_line' id='line_1_10' title="bbox 532 1371 2120 1458; baseline -0.011 -14"><span class='ocrx_word' id='word_1_46' title='bbox 532 1397 697 1458; x_wconf 86' lang='lat' dir='ltr'><strong>atque</strong></span> <span class='ocrx_word' id='word_1_47' title='bbox 725 1400 851 1440; x_wconf 89' lang='lat' dir='ltr'><strong>cum</strong></span> <span class='ocrx_word' id='word_1_48' title='bbox 884 1382 1022 1452; x_wconf 85' lang='lat' dir='ltr'><strong>ipsis</strong></span> <span class='ocrx_word' id='word_1_49' title='bbox 1051 1376 1324 1434; x_wconf 90' lang='lat' dir='ltr'><strong>festinasti</strong></span> <span class='ocrx_word' id='word_1_50' title='bbox 1369 1375 1436 1430; x_wconf 90' lang='lat' dir='ltr'><strong>ad</strong></span> <span class='ocrx_word' id='word_1_51' title='bbox 1477 1380 1837 1443; x_wconf 88' lang='lat' dir='ltr'><strong>conspectum</strong></span> <span class='ocrx_word' id='word_1_52' title='bbox 1869 1371 2120 1441; x_wconf 88' lang='lat' dir='ltr'><strong>corporis</strong></span> 
     </span>
    </p>
   </div>
   <div class='ocr_carea' id='block_1_11' title="bbox 527 1463 2119 1550">
    <p class='ocr_par' dir='ltr' id='par_1_11' title="bbox 527 1463 2119 1550">
     <span class='ocr_line' id='line_1_11' title="bbox 527 1463 2119 1550; baseline -0.013 -14"><span class='ocrx_word' id='word_1_53' title='bbox 527 1483 712 1550; x_wconf 88' lang='lat' dir='ltr'><strong>rcipsa</strong></span> <span class='ocrx_word' id='word_1_54' title='bbox 743 1479 872 1532; x_wconf 76' lang='lat' dir='ltr'><strong>vita:</strong></span> <span class='ocrx_word' id='word_1_55' title='bbox 911 1471 1168 1546; x_wconf 86' lang='lat' dir='ltr'><strong>principii</strong></span> <span class='ocrx_word' id='word_1_56' title='bbox 1214 1469 1387 1524; x_wconf 87' lang='lat' dir='ltr'><strong>solius</strong></span> <span class='ocrx_word' id='word_1_57' title='bbox 1416 1467 1660 1537; x_wconf 68' lang='lat' dir='ltr'><strong>Deipara:</strong></span> <span class='ocrx_word' id='word_1_58' title='bbox 1690 1477 1743 1520; x_wconf 85' lang='lat' dir='ltr'><strong>et</strong></span> <span class='ocrx_word' id='word_1_59' title='bbox 1785 1463 2119 1536; x_wconf 85' lang='lat' dir='ltr'><strong>augustissi-</strong></span> 
     </span>
    </p>
   </div>
   <div class='ocr_carea' id='block_1_12' title="bbox 528 1557 1912 1640">
    <p class='ocr_par' dir='ltr' id='par_1_12' title="bbox 528 1557 1912 1640">
     <span class='ocr_line' id='line_1_12' title="bbox 528 1557 1912 1640; baseline -0.011 -15"><span class='ocrx_word' id='word_1_60' title='bbox 528 1587 653 1635; x_wconf 62' lang='lat' dir='ltr'><strong>ma,</strong></span> <span class='ocrx_word' id='word_1_61' title='bbox 685 1583 850 1640; x_wconf 89' lang='lat' dir='ltr'><strong>quam</strong></span> <span class='ocrx_word' id='word_1_62' title='bbox 881 1580 980 1635; x_wconf 86' lang='lat' dir='ltr'><strong>pro</strong></span> <span class='ocrx_word' id='word_1_63' title='bbox 1003 1561 1214 1617; x_wconf 89' lang='lat' dir='ltr'><strong>meritis</strong></span> <span class='ocrx_word' id='word_1_64' title='bbox 1247 1574 1502 1630; x_wconf 89' lang='lat' dir='ltr'><strong>magnam</strong></span> <span class='ocrx_word' id='word_1_65' title='bbox 1534 1557 1912 1628; x_wconf 68' lang='lat' dir='ltr'><strong>prtedicamus.</strong></span> 
     </span>
    </p>
   </div>
   <div class='ocr_carea' id='block_1_13' title="bbox 601 1645 2120 1725">
    <p class='ocr_par' dir='ltr' id='par_1_13' title="bbox 601 1645 2120 1725">
     <span class='ocr_line' id='line_1_13' title="bbox 601 1645 2120 1725; baseline -0.012 -9"><span class='ocrx_word' id='word_1_66' title='bbox 601 1659 788 1717; x_wconf 66' lang='lat' dir='ltr'><strong>Haeres</strong></span> <span class='ocrx_word' id='word_1_67' title='bbox 813 1656 984 1725; x_wconf 87' lang='lat' dir='ltr'><strong>divini</strong></span> <span class='ocrx_word' id='word_1_68' title='bbox 1025 1655 1080 1708; x_wconf 90' lang='lat' dir='ltr'><strong>in</strong></span> <span class='ocrx_word' id='word_1_69' title='bbox 1121 1652 1278 1708; x_wconf 63' lang='lat' dir='ltr'><strong>oculis</strong></span> <span class='ocrx_word' id='word_1_70' title='bbox 1309 1652 1463 1720; x_wconf 89' lang='lat' dir='ltr'><strong>regni</strong></span> <span class='ocrx_word' id='word_1_71' title='bbox 1504 1650 1684 1704; x_wconf 89' lang='lat' dir='ltr'><strong>factus</strong></span> <span class='ocrx_word' id='word_1_72' title='bbox 1714 1664 1797 1709; x_wconf 89' lang='lat' dir='ltr'><strong>es.</strong></span> <span class='ocrx_word' id='word_1_73' title='bbox 1840 1655 1897 1701; x_wconf 93' lang='lat' dir='ltr'><strong>ut</strong></span> <span class='ocrx_word' id='word_1_74' title='bbox 1939 1645 2120 1718; x_wconf 84' lang='lat' dir='ltr'><strong>legiti-</strong></span> 
     </span>
    </p>
   </div>
   <div class='ocr_carea' id='block_1_14' title="bbox 529 1737 2120 1823">
    <p class='ocr_par' dir='ltr' id='par_1_14' title="bbox 529 1737 2120 1823">
     <span class='ocr_line' id='line_1_14' title="bbox 529 1737 2120 1823; baseline -0.013 -13"><span class='ocrx_word' id='word_1_75' title='bbox 529 1770 654 1810; x_wconf 87' lang='lat' dir='ltr'><strong>mus</strong></span> <span class='ocrx_word' id='word_1_76' title='bbox 685 1753 1000 1823; x_wconf 90' lang='lat' dir='ltr'><strong>episcopus,</strong></span> <span class='ocrx_word' id='word_1_77' title='bbox 1051 1745 1236 1809; x_wconf 88' lang='lat' dir='ltr'><strong>Pater,</strong></span> <span class='ocrx_word' id='word_1_78' title='bbox 1273 1753 1334 1800; x_wconf 93' lang='lat' dir='ltr'><strong>ut</strong></span> <span class='ocrx_word' id='word_1_79' title='bbox 1366 1744 1609 1798; x_wconf 88' lang='lat' dir='ltr'><strong>invictus</strong></span> <span class='ocrx_word' id='word_1_80' title='bbox 1643 1740 1792 1812; x_wconf 81' lang='lat' dir='ltr'><strong>pugil</strong></span> <span class='ocrx_word' id='word_1_81' title='bbox 1822 1737 2120 1796; x_wconf 85' lang='lat' dir='ltr'><strong>sacerdotii</strong></span> 
     </span>
    </p>
   </div>
   <div class='ocr_carea' id='block_1_15' title="bbox 1707 410 2606 473">
    <p class='ocr_par' dir='ltr' id='par_1_15' title="bbox 1707 410 2606 473">
     <span class='ocr_line' id='line_1_15' title="bbox 1707 410 2606 473; baseline 0.007 -6"><span class='ocrx_word' id='word_1_82' title='bbox 1707 412 1764 469; x_wconf 91' lang='lat' dir='ltr'><strong>S.</strong></span> <span class='ocrx_word' id='word_1_83' title='bbox 1805 410 2105 469; x_wconf 76' lang='lat' dir='ltr'><strong>DIONYSII</strong></span> <span class='ocrx_word' id='word_1_84' title='bbox 2139 413 2606 473; x_wconf 65' lang='lat' dir='ltr'><strong>AREOPAGlT/E</strong></span> 
     </span>
    </p>
   </div>
   <div class='ocr_carea' id='block_1_16' title="bbox 3696 427 3786 481">
    <p class='ocr_par' dir='ltr' id='par_1_16' title="bbox 3696 427 3786 481">
     <span class='ocr_line' id='line_1_16' title="bbox 3696 427 3786 481; baseline 0 0"><span class='ocrx_word' id='word_1_85' title='bbox 3696 427 3786 481; x_wconf 69' lang='grc'><strong>586</strong></span> 
     </span>
    </p>
   </div>
   <div class='ocr_carea' id='block_1_17' title="bbox 2954 531 3080 602">
    <p class='ocr_par' dir='ltr' id='par_1_17' title="bbox 2954 531 3080 602">
     <span class='ocr_line' id='line_1_17' title="bbox 2954 531 3080 602; baseline 0.008 -1"><span class='ocrx_word' id='word_1_86' title='bbox 2954 531 3080 602; x_wconf 71' lang='grc' dir='ltr'>θδκ.</span> 
     </span>
    </p>
   </div>
   <div class='ocr_carea' id='block_1_18' title="bbox 2293 637 3784 715">
    <p class='ocr_par' dir='ltr' id='par_1_18' title="bbox 2293 637 3784 715">
     <span class='ocr_line' id='line_1_18' title="bbox 2293 637 3784 715; baseline 0.001 -24"><span class='ocrx_word' id='word_1_87' title='bbox 2293 637 2483 709; x_wconf 79' lang='grc' dir='ltr'>Μῆτερ</span> <span class='ocrx_word' id='word_1_88' title='bbox 2526 637 2664 691; x_wconf 88' lang='grc' dir='ltr'>Θεοῦ</span> <span class='ocrx_word' id='word_1_89' title='bbox 2695 639 3026 709; x_wconf 81' lang='grc' dir='ltr'>πανάμωμε,</span> <span class='ocrx_word' id='word_1_90' title='bbox 3059 639 3158 710; x_wconf 80' lang='grc' dir='ltr'>τῆς</span> <span class='ocrx_word' id='word_1_91' title='bbox 3186 639 3365 711; x_wconf 81' lang='grc' dir='ltr'>ψυχῆς</span> <span class='ocrx_word' id='word_1_92' title='bbox 3399 657 3502 712; x_wconf 90' lang='grc' dir='ltr'><strong>μου</strong></span> <span class='ocrx_word' id='word_1_93' title='bbox 3542 640 3613 696; x_wconf 85' lang='grc' dir='ltr'><strong>τά</strong></span> <span class='ocrx_word' id='word_1_94' title='bbox 3641 643 3784 715; x_wconf 75' lang='grc' dir='ltr'>τραύ-</span> 
     </span>
    </p>
   </div>
   <div class='ocr_carea' id='block_1_19' title="bbox 2224 725 3783 802">
    <p class='ocr_par' dir='ltr' id='par_1_19' title="bbox 2224 725 3783 802">
     <span class='ocr_line' id='line_1_19' title="bbox 2224 725 3783 802; baseline 0.007 -26"><span class='ocrx_word' id='word_1_95' title='bbox 2224 740 2369 794; x_wconf 86' lang='grc' dir='ltr'>ματα</span> <span class='ocrx_word' id='word_1_96' title='bbox 2408 725 2502 778; x_wconf 75' lang='grc' dir='ltr'>καὶ</span> <span class='ocrx_word' id='word_1_97' title='bbox 2547 727 2645 797; x_wconf 79' lang='grc' dir='ltr'>τῆς</span> <span class='ocrx_word' id='word_1_98' title='bbox 2687 727 2963 799; x_wconf 85' lang='grc' dir='ltr'>ἁμαρτίας</span> <span class='ocrx_word' id='word_1_99' title='bbox 2993 727 3096 791; x_wconf 91' lang='grc' dir='ltr'><strong>τάς</strong></span> <span class='ocrx_word' id='word_1_100' title='bbox 3130 728 3293 793; x_wconf 84' lang='grc' dir='ltr'>οὐλάς</span> <span class='ocrx_word' id='word_1_101' title='bbox 3328 729 3637 802; x_wconf 75' lang='grc' dir='ltr'>ὲξάλειψον·</span> <span class='ocrx_word' id='word_1_102' title='bbox 3678 733 3783 787; x_wconf 83' lang='grc' dir='ltr'>Υίὸν</span> 
     </span>
    </p>
   </div>
   <div class='ocr_carea' id='block_1_20' title="bbox 2219 813 3784 895">
    <p class='ocr_par' dir='ltr' id='par_1_20' title="bbox 2219 813 3784 895">
     <span class='ocr_line' id='line_1_20' title="bbox 2219 813 3784 895; baseline 0.007 -29"><span class='ocrx_word' id='word_1_103' title='bbox 2219 813 2329 886; x_wconf 75' lang='grc' dir='ltr'><strong>γάρ</strong></span> <span class='ocrx_word' id='word_1_104' title='bbox 2359 815 2655 886; x_wconf 73' lang='grc' dir='ltr'><strong>ἐγέννησας</strong></span> <span class='ocrx_word' id='word_1_105' title='bbox 2683 817 2774 870; x_wconf 87' lang='grc' dir='ltr'>τὸν</span> <span class='ocrx_word' id='word_1_106' title='bbox 2808 815 3060 881; x_wconf 79' lang='grc' dir='ltr'>ἐξουσίαν</span> <span class='ocrx_word' id='word_1_107' title='bbox 3097 817 3287 888; x_wconf 75' lang='grc' dir='ltr'>ἔχοντα</span> <span class='ocrx_word' id='word_1_108' title='bbox 3325 821 3454 884; x_wconf 82' lang='grc' dir='ltr'>τοὺς</span> <span class='ocrx_word' id='word_1_109' title='bbox 3499 822 3784 895; x_wconf 81' lang='grc' dir='ltr'>πεπεδημέ-</span> 
     </span>
    </p>
   </div>
   <div class='ocr_carea' id='block_1_21' title="bbox 2221 909 3783 982">
    <p class='ocr_par' dir='ltr' id='par_1_21' title="bbox 2221 909 3783 982">
     <span class='ocr_line' id='line_1_21' title="bbox 2221 909 3783 982; baseline 0.007 -24"><span class='ocrx_word' id='word_1_110' title='bbox 2221 922 2344 970; x_wconf 91' lang='grc' dir='ltr'>νους</span> <span class='ocrx_word' id='word_1_111' title='bbox 2381 910 2502 972; x_wconf 84' lang='grc' dir='ltr'>ταῖς</span> <span class='ocrx_word' id='word_1_112' title='bbox 2537 912 2741 980; x_wconf 81' lang='grc' dir='ltr'>σειραῖς</span> <span class='ocrx_word' id='word_1_113' title='bbox 2772 909 2881 962; x_wconf 87' lang='grc' dir='ltr'><strong>τῶν</strong></span> <span class='ocrx_word' id='word_1_114' title='bbox 2923 911 3282 982; x_wconf 80' lang='grc' dir='ltr'><strong>πταισμάτων</strong></span> <span class='ocrx_word' id='word_1_115' title='bbox 3325 911 3562 978; x_wconf 80' lang='grc' dir='ltr'>εὐκόλως</span> <span class='ocrx_word' id='word_1_116' title='bbox 3602 916 3783 969; x_wconf 81' lang='grc' dir='ltr'><strong>ἀνιέναι</strong></span> 
     </span>
    </p>
   </div>
   <div class='ocr_carea' id='block_1_22' title="bbox 2220 995 3782 1078">
    <p class='ocr_par' dir='ltr' id='par_1_22' title="bbox 2220 995 3782 1078">
     <span class='ocr_line' id='line_1_22' title="bbox 2220 995 3782 1078; baseline 0.007 -28"><span class='ocrx_word' id='word_1_117' title='bbox 2220 995 2328 1051; x_wconf 89' lang='grc' dir='ltr'><strong>τῶν</strong></span> <span class='ocrx_word' id='word_1_118' title='bbox 2355 998 2573 1070; x_wconf 83' lang='grc' dir='ltr'>δεσμῶν</span> <span class='ocrx_word' id='word_1_119' title='bbox 2598 999 2710 1057; x_wconf 81' lang='grc' dir='ltr'>,τῶν</span> <span class='ocrx_word' id='word_1_120' title='bbox 2745 1001 2977 1070; x_wconf 86' lang='grc' dir='ltr'>ἀλύτων,</span> <span class='ocrx_word' id='word_1_121' title='bbox 3011 1003 3103 1056; x_wconf 82' lang='grc' dir='ltr'>τὸν</span> <span class='ocrx_word' id='word_1_122' title='bbox 3151 1003 3311 1074; x_wconf 87' lang='grc' dir='ltr'>μόνον</span> <span class='ocrx_word' id='word_1_123' title='bbox 3343 1005 3637 1078; x_wconf 73' lang='grc' dir='ltr'><strong>εὐεργέτην</strong></span> <span class='ocrx_word' id='word_1_124' title='bbox 3669 1008 3782 1061; x_wconf 73' lang='grc' dir='ltr'>Θεὸν</span> 
     </span>
    </p>
   </div>
   <div class='ocr_carea' id='block_1_23' title="bbox 2222 1091 2704 1158">
    <p class='ocr_par' dir='ltr' id='par_1_23' title="bbox 2222 1091 2704 1158">
     <span class='ocr_line' id='line_1_23' title="bbox 2222 1091 2704 1158; baseline 0.01 -16"><span class='ocrx_word' id='word_1_125' title='bbox 2222 1091 2302 1154; x_wconf 80' lang='grc' dir='ltr'>εἰς</span> <span class='ocrx_word' id='word_1_126' title='bbox 2325 1093 2453 1156; x_wconf 82' lang='grc' dir='ltr'>τοὺς</span> <span class='ocrx_word' id='word_1_127' title='bbox 2481 1092 2704 1158; x_wconf 87' lang='grc' dir='ltr'>αίῶνας.</span> 
     </span>
    </p>
   </div>
   <div class='ocr_carea' id='block_1_24' title="bbox 2303 1180 3778 1262">
    <p class='ocr_par' dir='ltr' id='par_1_24' title="bbox 2303 1180 3778 1262">
     <span class='ocr_line' id='line_1_24' title="bbox 2303 1180 3778 1262; baseline 0.009 -29"><span class='ocrx_word' id='word_1_128' title='bbox 2303 1180 2500 1250; x_wconf 81' lang='grc' dir='ltr'>Ἀγίων</span> <span class='ocrx_word' id='word_1_129' title='bbox 2541 1183 2852 1240; x_wconf 75' lang='grc' dir='ltr'><strong>ἀποστόλων</strong></span> <span class='ocrx_word' id='word_1_130' title='bbox 2900 1186 3154 1254; x_wconf 76' lang='grc' dir='ltr'>ἀξιωθεὶς</span> <span class='ocrx_word' id='word_1_131' title='bbox 3204 1189 3404 1262; x_wconf 83' lang='grc' dir='ltr'>θεατὴς</span> <span class='ocrx_word' id='word_1_132' title='bbox 3446 1192 3778 1262; x_wconf 82' lang='grc' dir='ltr'>χρηματίσαι,</span> 
     </span>
    </p>
   </div>
   <div class='ocr_carea' id='block_1_25' title="bbox 2221 1279 3778 1359">
    <p class='ocr_par' dir='ltr' id='par_1_25' title="bbox 2221 1279 3778 1359">
     <span class='ocr_line' id='line_1_25' title="bbox 2221 1279 3778 1359; baseline 0.007 -28"><span class='ocrx_word' id='word_1_133' title='bbox 2221 1280 2315 1332; x_wconf 74' lang='grc' dir='ltr'><strong>καὶ</strong></span> <span class='ocrx_word' id='word_1_134' title='bbox 2357 1279 2629 1350; x_wconf 60' lang='grc' dir='ltr'>σύμπονπ</span> <span class='ocrx_word' id='word_1_135' title='bbox 2676 1283 3037 1351; x_wconf 77' lang='grc' dir='ltr'><strong>συγκοινωνὸς</strong></span> <span class='ocrx_word' id='word_1_136' title='bbox 3081 1286 3313 1356; x_wconf 80' lang='grc' dir='ltr'>γέγονας</span> <span class='ocrx_word' id='word_1_137' title='bbox 3360 1288 3458 1358; x_wconf 82' lang='grc' dir='ltr'>τῆς</span> <span class='ocrx_word' id='word_1_138' title='bbox 3504 1288 3674 1359; x_wconf 79' lang='grc' dir='ltr'>δόξης,</span> <span class='ocrx_word' id='word_1_139' title='bbox 3702 1291 3778 1343; x_wconf 76' lang='grc' dir='ltr'><strong>καὶ</strong></span> 
     </span>
    </p>
   </div>
   <div class='ocr_carea' id='block_1_26' title="bbox 2223 1371 3778 1451">
    <p class='ocr_par' dir='ltr' id='par_1_26' title="bbox 2223 1371 3778 1451">
     <span class='ocr_line' id='line_1_26' title="bbox 2223 1371 3778 1451; baseline 0.008 -29"><span class='ocrx_word' id='word_1_140' title='bbox 2223 1372 2320 1423; x_wconf 69' lang='grc' dir='ltr'>σὺν</span> <span class='ocrx_word' id='word_1_141' title='bbox 2349 1371 2531 1437; x_wconf 83' lang='grc' dir='ltr'>αὐτοῖς</span> <span class='ocrx_word' id='word_1_142' title='bbox 2563 1374 2657 1427; x_wconf 72' lang='grc' dir='ltr'><strong>ἐπὶ</strong></span> <span class='ocrx_word' id='word_1_143' title='bbox 2699 1376 2800 1446; x_wconf 80' lang='grc' dir='ltr'>τὴν</span> <span class='ocrx_word' id='word_1_144' title='bbox 2834 1375 2961 1429; x_wconf 86' lang='grc' dir='ltr'>θέαν</span> <span class='ocrx_word' id='word_1_145' title='bbox 2995 1377 3264 1443; x_wconf 74' lang='grc' dir='ltr'><strong>ἔσπευσας</strong></span> <span class='ocrx_word' id='word_1_146' title='bbox 3299 1379 3550 1451; x_wconf 85' lang='grc' dir='ltr'>σώματος</span> <span class='ocrx_word' id='word_1_147' title='bbox 3579 1381 3669 1434; x_wconf 85' lang='grc' dir='ltr'><strong>τοῦ</strong></span> <span class='ocrx_word' id='word_1_148' title='bbox 3709 1383 3778 1434; x_wconf 70' lang='grc' dir='ltr'>όν-</span> 
     </span>
    </p>
   </div>
   <div class='ocr_carea' id='block_1_27' title="bbox 2220 1463 3779 1546">
    <p class='ocr_par' dir='ltr' id='par_1_27' title="bbox 2220 1463 3779 1546">
     <span class='ocr_line' id='line_1_27' title="bbox 2220 1463 3779 1546; baseline 0.008 -30"><span class='ocrx_word' id='word_1_149' title='bbox 2220 1478 2328 1528; x_wconf 80' lang='grc' dir='ltr'><strong>τως</strong></span> <span class='ocrx_word' id='word_1_150' title='bbox 2363 1463 2670 1537; x_wconf 79' lang='grc' dir='ltr'>ζωαρχικοῦ</span> <span class='ocrx_word' id='word_1_151' title='bbox 2702 1468 2804 1539; x_wconf 72' lang='grc' dir='ltr'>τῆς</span> <span class='ocrx_word' id='word_1_152' title='bbox 2837 1469 3005 1540; x_wconf 89' lang='grc' dir='ltr'>μόνης</span> <span class='ocrx_word' id='word_1_153' title='bbox 3051 1471 3312 1525; x_wconf 89' lang='grc' dir='ltr'>Θεοτόκου</span> <span class='ocrx_word' id='word_1_154' title='bbox 3355 1473 3448 1526; x_wconf 83' lang='grc' dir='ltr'>καί</span> <span class='ocrx_word' id='word_1_155' title='bbox 3500 1475 3779 1546; x_wconf 76' lang='grc' dir='ltr'>σεϐασμιιν-</span> 
     </span>
    </p>
   </div>
   <div class='ocr_carea' id='block_1_28' title="bbox 2221 1557 3198 1632">
    <p class='ocr_par' dir='ltr' id='par_1_28' title="bbox 2221 1557 3198 1632">
     <span class='ocr_line' id='line_1_28' title="bbox 2221 1557 3198 1632; baseline 0.007 -24"><span class='ocrx_word' id='word_1_156' title='bbox 2221 1557 2411 1626; x_wconf 85' lang='grc' dir='ltr'>τάτης,</span> <span class='ocrx_word' id='word_1_157' title='bbox 2441 1557 2508 1627; x_wconf 78' lang='grc' dir='ltr'>ἣν</span> <span class='ocrx_word' id='word_1_158' title='bbox 2532 1558 2772 1625; x_wconf 79' lang='grc' dir='ltr'><strong>ἐπαξίως</strong></span> <span class='ocrx_word' id='word_1_159' title='bbox 2805 1559 3198 1632; x_wconf 85' lang='grc' dir='ltr'>μεγαλύνομεν.</span> 
     </span>
    </p>
   </div>
   <div class='ocr_carea' id='block_1_29' title="bbox 2295 1650 3778 1729">
    <p class='ocr_par' dir='ltr' id='par_1_29' title="bbox 2295 1650 3778 1729">
     <span class='ocr_line' id='line_1_29' title="bbox 2295 1650 3778 1729; baseline 0.007 -27"><span class='ocrx_word' id='word_1_160' title='bbox 2295 1650 2404 1721; x_wconf 79' lang='grc' dir='ltr'><strong>Τῆς</strong></span> <span class='ocrx_word' id='word_1_161' title='bbox 2437 1650 2586 1714; x_wconf 78' lang='grc' dir='ltr'>θείας</span> <span class='ocrx_word' id='word_1_162' title='bbox 2621 1651 2896 1721; x_wconf 75' lang='grc' dir='ltr'>βασιλείας</span> <span class='ocrx_word' id='word_1_163' title='bbox 2929 1656 2988 1708; x_wconf 87' lang='grc' dir='ltr'>ὲν</span> <span class='ocrx_word' id='word_1_164' title='bbox 3032 1656 3285 1726; x_wconf 77' lang='grc' dir='ltr'>οὐρανοῖς</span> <span class='ocrx_word' id='word_1_165' title='bbox 3316 1655 3648 1729; x_wconf 83' lang='grc' dir='ltr'>κληρονόμος</span> <span class='ocrx_word' id='word_1_166' title='bbox 3676 1660 3778 1727; x_wconf 81' lang='grc' dir='ltr'>ἐγέ-</span> 
     </span>
    </p>
   </div>
   <div class='ocr_carea' id='block_1_30' title="bbox 2222 1743 3779 1822">
    <p class='ocr_par' dir='ltr' id='par_1_30' title="bbox 2222 1743 3779 1822">
     <span class='ocr_line' id='line_1_30' title="bbox 2222 1743 3779 1822; baseline 0.005 -26"><span class='ocrx_word' id='word_1_167' title='bbox 2222 1761 2350 1808; x_wconf 91' lang='grc' dir='ltr'>νου,</span> <span class='ocrx_word' id='word_1_168' title='bbox 2399 1745 2476 1808; x_wconf 86' lang='grc' dir='ltr'><strong>ὡς</strong></span> <span class='ocrx_word' id='word_1_169' title='bbox 2520 1743 2742 1815; x_wconf 78' lang='grc' dir='ltr'>ἔννομος</span> <span class='ocrx_word' id='word_1_170' title='bbox 2788 1745 3099 1817; x_wconf 80' lang='grc' dir='ltr'>ἀρχιερεὺς,</span> <span class='ocrx_word' id='word_1_171' title='bbox 3161 1748 3378 1820; x_wconf 82' lang='grc' dir='ltr'>Πάτερ,</span> <span class='ocrx_word' id='word_1_172' title='bbox 3421 1749 3497 1813; x_wconf 80' lang='grc' dir='ltr'>ὡς</span> <span class='ocrx_word' id='word_1_173' title='bbox 3541 1751 3779 1822; x_wconf 82' lang='grc' dir='ltr'>ἀήττητος</span> 
     </span>
    </p>
   </div>
   <div class='ocr_carea' id='block_1_31' title="bbox 531 1835 2119 1925">
    <p class='ocr_par' dir='ltr' id='par_1_31' title="bbox 531 1835 2119 1925">
     <span class='ocr_line' id='line_1_31' title="bbox 531 1835 2119 1925; baseline -0.013 -16"><span class='ocrx_word' id='word_1_174' title='bbox 531 1860 808 1925; x_wconf 88' lang='lat' dir='ltr'><strong>unguento</strong></span> <span class='ocrx_word' id='word_1_175' title='bbox 857 1848 1182 1920; x_wconf 83' lang='lat' dir='ltr'><strong>sanguinem</strong></span> <span class='ocrx_word' id='word_1_176' title='bbox 1229 1843 1492 1914; x_wconf 83' lang='lat' dir='ltr'><strong>martyris</strong></span> <span class='ocrx_word' id='word_1_177' title='bbox 1527 1837 1966 1904; x_wconf 87' lang='lat' dir='ltr'><strong>commiseuisti;</strong></span> <span class='ocrx_word' id='word_1_178' title='bbox 1997 1835 2119 1890; x_wconf 90' lang='lat' dir='ltr'><strong>ideo</strong></span> 
     </span>
    </p>
   </div>
   <div class='ocr_carea' id='block_1_32' title="bbox 2240 1835 3780 1925">
    <p class='ocr_par' dir='ltr' id='par_1_32' title="bbox 2240 1835 3780 1915">
     <span class='ocr_line' id='line_1_32' title="bbox 2240 1835 3780 1915; baseline 0.004 -26"><span class='ocrx_word' id='word_1_179' title='bbox 2240 1837 2462 1908; x_wconf 76' lang='grc' dir='ltr'>Ξιθλητὴς</span> <span class='ocrx_word' id='word_1_180' title='bbox 2493 1837 2790 1908; x_wconf 82' lang='grc' dir='ltr'>ἱερωσύνης</span> <span class='ocrx_word' id='word_1_181' title='bbox 2818 1838 3080 1910; x_wconf 81' lang='grc' dir='ltr'>χρίσματι</span> <span class='ocrx_word' id='word_1_182' title='bbox 3124 1835 3263 1910; x_wconf 74' lang='grc' dir='ltr'>αἷμα</span> <span class='ocrx_word' id='word_1_183' title='bbox 3294 1840 3632 1912; x_wconf 81' lang='grc' dir='ltr'>συγκεράσας</span> <span class='ocrx_word' id='word_1_184' title='bbox 3663 1861 3780 1915; x_wconf 87' lang='grc' dir='ltr'>μαρ-</span> 
     </span>
    </p>
   </div>
   <div class='ocr_carea' id='block_1_33' title="bbox 530 1907 2119 2018">
    <p class='ocr_par' dir='ltr' id='par_1_33' title="bbox 530 1932 2119 2018">
     <span class='ocr_line' id='line_1_33' title="bbox 530 1932 2119 2018; baseline -0.01 -18"><span class='ocrx_word' id='word_1_185' title='bbox 530 1947 777 2018; x_wconf 87' lang='lat' dir='ltr'><strong>duplices</strong></span> <span class='ocrx_word' id='word_1_186' title='bbox 821 1959 1055 2000; x_wconf 85' lang='lat' dir='ltr'><strong>coronas</strong></span> <span class='ocrx_word' id='word_1_187' title='bbox 1090 1942 1286 1997; x_wconf 77' lang='lat' dir='ltr'><strong>merito</strong></span> <span class='ocrx_word' id='word_1_188' title='bbox 1325 1937 1616 2008; x_wconf 84' lang='lat' dir='ltr'><strong>accepisti,</strong></span> <span class='ocrx_word' id='word_1_189' title='bbox 1662 1949 1822 1991; x_wconf 87' lang='lat' dir='ltr'><strong>sacre</strong></span> <span class='ocrx_word' id='word_1_190' title='bbox 1872 1932 2119 1989; x_wconf 84' lang='lat' dir='ltr'><strong>initiator</strong></span> 
     </span>
    </p>
   </div>
   <div class='ocr_carea' id='block_1_34' title="bbox 2240 1907 3776 2018">
    <p class='ocr_par' dir='ltr' id='par_1_34' title="bbox 2240 1907 3776 2006">
     <span class='ocr_line' id='line_1_34' title="bbox 2240 1907 3776 2006; baseline 0.004 -24"><span class='ocrx_word' id='word_1_191' title='bbox 2240 1907 2442 2000; x_wconf 73' lang='grc' dir='ltr'>τυρικόν</span> <span class='ocrx_word' id='word_1_192' title='bbox 2469 1946 2482 1959; x_wconf 86' lang='grc'>·</span> <span class='ocrx_word' id='word_1_193' title='bbox 2535 1907 2614 1982; x_wconf 83' lang='grc' dir='ltr'>διὸ</span> <span class='ocrx_word' id='word_1_194' title='bbox 2655 1907 2876 1995; x_wconf 80' lang='grc' dir='ltr'>διπλοῦς</span> <span class='ocrx_word' id='word_1_195' title='bbox 2919 1907 3220 1999; x_wconf 71' lang='grc' dir='ltr'>στεφάνους</span> <span class='ocrx_word' id='word_1_196' title='bbox 3265 1907 3574 2006; x_wconf 26' lang='grc' dir='ltr'>ἀπενίληιρας</span> <span class='ocrx_word' id='word_1_197' title='bbox 3615 1907 3776 2000; x_wconf 62' lang='grc' dir='ltr'>ἀξίως,</span> 
     </span>
    </p>
   </div>
   <div class='ocr_carea' id='block_1_35' title="bbox 531 2038 782 2110">
    <p class='ocr_par' dir='ltr' id='par_1_35' title="bbox 531 2038 782 2110">
     <span class='ocr_line' id='line_1_35' title="bbox 531 2038 782 2110; baseline 0.004 -17"><span class='ocrx_word' id='word_1_198' title='bbox 531 2038 782 2110; x_wconf 83' lang='lat' dir='ltr'><strong>Dionysi.</strong></span> 
     </span>
    </p>
   </div>
   <div class='ocr_carea' id='block_1_36' title="bbox 601 2117 2122 2198">
    <p class='ocr_par' dir='ltr' id='par_1_36' title="bbox 601 2117 2122 2198">
     <span class='ocr_line' id='line_1_36' title="bbox 601 2117 2122 2198; baseline -0.01 -10"><span class='ocrx_word' id='word_1_199' title='bbox 601 2128 674 2188; x_wconf 82' lang='lat' dir='ltr'><strong>Ut</strong></span> <span class='ocrx_word' id='word_1_200' title='bbox 702 2129 912 2185; x_wconf 86' lang='lat' dir='ltr'><strong>habens</strong></span> <span class='ocrx_word' id='word_1_201' title='bbox 935 2125 1198 2198; x_wconf 86' lang='lat' dir='ltr'><strong>loquendi</strong></span> <span class='ocrx_word' id='word_1_202' title='bbox 1230 2141 1358 2180; x_wconf 91' lang='lat' dir='ltr'><strong>cum</strong></span> <span class='ocrx_word' id='word_1_203' title='bbox 1394 2123 1504 2180; x_wconf 90' lang='lat' dir='ltr'><strong>Deo</strong></span> <span class='ocrx_word' id='word_1_204' title='bbox 1536 2121 1871 2186; x_wconf 81' lang='lat' dir='ltr'><strong>libertatem,</strong></span> <span class='ocrx_word' id='word_1_205' title='bbox 1903 2117 2122 2189; x_wconf 87' lang='lat' dir='ltr'><strong>sapiens</strong></span> 
     </span>
    </p>
   </div>
   <div class='ocr_carea' id='block_1_37' title="bbox 527 2211 2124 2295">
    <p class='ocr_par' dir='ltr' id='par_1_37' title="bbox 527 2211 2124 2295">
     <span class='ocr_line' id='line_1_37' title="bbox 527 2211 2124 2295; baseline -0.009 -17"><span class='ocrx_word' id='word_1_206' title='bbox 527 2224 787 2295; x_wconf 82' lang='lat' dir='ltr'><strong>episcOpe</strong></span> <span class='ocrx_word' id='word_1_207' title='bbox 829 2220 1078 2292; x_wconf 86' lang='lat' dir='ltr'><strong>Dionysi,</strong></span> <span class='ocrx_word' id='word_1_208' title='bbox 1121 2234 1339 2289; x_wconf 86' lang='lat' dir='ltr'><strong>semper</strong></span> <span class='ocrx_word' id='word_1_209' title='bbox 1382 2215 1686 2280; x_wconf 88' lang='lat' dir='ltr'><strong>intercede,</strong></span> <span class='ocrx_word' id='word_1_210' title='bbox 1717 2221 1778 2269; x_wconf 88' lang='lat' dir='ltr'><strong>ut</strong></span> <span class='ocrx_word' id='word_1_211' title='bbox 1813 2213 1910 2283; x_wconf 90' lang='lat' dir='ltr'><strong>qui</strong></span> <span class='ocrx_word' id='word_1_212' title='bbox 1943 2211 2032 2282; x_wconf 90' lang='lat' dir='ltr'><strong>pie</strong></span> <span class='ocrx_word' id='word_1_213' title='bbox 2068 2216 2124 2264; x_wconf 87' lang='lat' dir='ltr'><strong>te</strong></span> 
     </span>
    </p>
   </div>
   <div class='ocr_carea' id='block_1_38' title="bbox 529 2301 2122 2380">
    <p class='ocr_par' dir='ltr' id='par_1_38' title="bbox 529 2301 2122 2380">
     <span class='ocr_line' id='line_1_38' title="bbox 529 2301 2122 2380; baseline -0.011 -9"><span class='ocrx_word' id='word_1_214' title='bbox 529 2316 759 2371; x_wconf 83' lang='lat' dir='ltr'><strong>laudant</strong></span> <span class='ocrx_word' id='word_1_215' title='bbox 797 2330 868 2370; x_wconf 81' lang='lat' dir='ltr'><strong>ex</strong></span> <span class='ocrx_word' id='word_1_216' title='bbox 913 2301 1314 2370; x_wconf 17' lang='lat' dir='ltr'><strong>tenta‘tionibus</strong></span> <span class='ocrx_word' id='word_1_217' title='bbox 1358 2309 1716 2380; x_wconf 87' lang='lat' dir='ltr'><strong>eripiantur:</strong></span> <span class='ocrx_word' id='word_1_218' title='bbox 1761 2303 2122 2360; x_wconf 71' lang='lat' dir='ltr'><strong>iuell‘abilium</strong></span> 
     </span>
    </p>
   </div>
   <div class='ocr_carea' id='block_1_39' title="bbox 531 2393 2124 2474">
    <p class='ocr_par' dir='ltr' id='par_1_39' title="bbox 531 2393 2124 2474">
     <span class='ocr_line' id='line_1_39' title="bbox 531 2393 2124 2474; baseline -0.01 -11"><span class='ocrx_word' id='word_1_219' title='bbox 531 2407 778 2463; x_wconf 90' lang='lat' dir='ltr'><strong>initiator</strong></span> <span class='ocrx_word' id='word_1_220' title='bbox 805 2404 1359 2474; x_wconf 83' lang='lat' dir='ltr'><strong>contemplationum,</strong></span> <span class='ocrx_word' id='word_1_221' title='bbox 1389 2403 1534 2456; x_wconf 88' lang='lat' dir='ltr'><strong>sicut</strong></span> <span class='ocrx_word' id='word_1_222' title='bbox 1557 2413 1774 2454; x_wconf 74' lang='lat' dir='ltr'><strong>arcana:</strong></span> <span class='ocrx_word' id='word_1_223' title='bbox 1797 2412 1862 2452; x_wconf 91' lang='lat' dir='ltr'><strong>ac</strong></span> <span class='ocrx_word' id='word_1_224' title='bbox 1893 2393 2124 2451; x_wconf 85' lang='lat' dir='ltr'><strong>divinis-</strong></span> 
     </span>
    </p>
   </div>
   <div class='ocr_carea' id='block_1_40' title="bbox 529 2495 1596 2564">
    <p class='ocr_par' dir='ltr' id='par_1_40' title="bbox 529 2495 1596 2564">
     <span class='ocr_line' id='line_1_40' title="bbox 529 2495 1596 2564; baseline -0.009 -8"><span class='ocrx_word' id='word_1_225' title='bbox 529 2502 684 2556; x_wconf 69' lang='lat' dir='ltr'><strong>simai</strong></span> <span class='ocrx_word' id='word_1_226' title='bbox 718 2498 986 2556; x_wconf 83' lang='lat' dir='ltr'><strong>bonitatis</strong></span> <span class='ocrx_word' id='word_1_227' title='bbox 1021 2512 1177 2554; x_wconf 82' lang='lat' dir='ltr'><strong>sacer</strong></span> <span class='ocrx_word' id='word_1_228' title='bbox 1206 2511 1268 2550; x_wconf 84' lang='lat' dir='ltr'><strong>es</strong></span> <span class='ocrx_word' id='word_1_229' title='bbox 1300 2495 1596 2564; x_wconf 80' lang='lat' dir='ltr'><strong>interpres.</strong></span> 
     </span>
    </p>
   </div>
   <div class='ocr_carea' id='block_1_41' title="bbox 1171 2585 1461 2640">
    <p class='ocr_par' dir='ltr' id='par_1_41' title="bbox 1171 2585 1461 2640">
     <span class='ocr_line' id='line_1_41' title="bbox 1171 2585 1461 2640; baseline 0 0"><span class='ocrx_word' id='word_1_230' title='bbox 1171 2586 1252 2640; x_wconf 81' lang='lat' dir='ltr'><strong>Ad</strong></span> <span class='ocrx_word' id='word_1_231' title='bbox 1292 2586 1358 2640; x_wconf 89' lang='lat' dir='ltr'><strong>B.</strong></span> <span class='ocrx_word' id='word_1_232' title='bbox 1399 2585 1461 2640; x_wconf 85' lang='lat' dir='ltr'><strong>V.</strong></span> 
     </span>
    </p>
   </div>
   <div class='ocr_carea' id='block_1_42' title="bbox 605 2677 2123 2748">
    <p class='ocr_par' dir='ltr' id='par_1_42' title="bbox 605 2677 2123 2748">
     <span class='ocr_line' id='line_1_42' title="bbox 605 2677 2123 2748; baseline -0.007 -8"><span class='ocrx_word' id='word_1_233' title='bbox 605 2681 983 2740; x_wconf 81' lang='lat' dir='ltr'><strong>Venerandam</strong></span> <span class='ocrx_word' id='word_1_234' title='bbox 1014 2681 1318 2735; x_wconf 85' lang='lat' dir='ltr'><strong>Ecclesiam</strong></span> <span class='ocrx_word' id='word_1_235' title='bbox 1350 2680 1588 2733; x_wconf 62' lang='lat' dir='ltr'><strong>hareses</strong></span> <span class='ocrx_word' id='word_1_236' title='bbox 1611 2691 1876 2748; x_wconf 78' lang='lat' dir='ltr'><strong>generose</strong></span> <span class='ocrx_word' id='word_1_237' title='bbox 1898 2677 2123 2732; x_wconf 89' lang='lat' dir='ltr'><strong>vincen-</strong></span> 
     </span>
    </p>
   </div>
   <div class='ocr_carea' id='block_1_43' title="bbox 531 2769 2123 2846">
    <p class='ocr_par' dir='ltr' id='par_1_43' title="bbox 531 2769 2123 2846">
     <span class='ocr_line' id='line_1_43' title="bbox 531 2769 2123 2846; baseline -0.006 -13"><span class='ocrx_word' id='word_1_238' title='bbox 531 2787 642 2834; x_wconf 87' lang='lat' dir='ltr'><strong>tem</strong></span> <span class='ocrx_word' id='word_1_239' title='bbox 675 2776 926 2839; x_wconf 88' lang='lat' dir='ltr'><strong>ostende,</strong></span> <span class='ocrx_word' id='word_1_240' title='bbox 955 2788 1123 2846; x_wconf 88' lang='lat' dir='ltr'><strong>quam</strong></span> <span class='ocrx_word' id='word_1_241' title='bbox 1155 2771 1435 2837; x_wconf 88' lang='lat' dir='ltr'><strong>Christus,</strong></span> <span class='ocrx_word' id='word_1_242' title='bbox 1457 2787 1490 2826; x_wconf 89' lang='grc' dir='ltr'><strong>ο</strong></span> <span class='ocrx_word' id='word_1_243' title='bbox 1523 2769 1699 2840; x_wconf 89' lang='lat' dir='ltr'><strong>gratia</strong></span> <span class='ocrx_word' id='word_1_244' title='bbox 1730 2770 1913 2839; x_wconf 88' lang='lat' dir='ltr'><strong>plena,</strong></span> <span class='ocrx_word' id='word_1_245' title='bbox 1947 2769 2123 2824; x_wconf 84' lang='lat' dir='ltr'><strong>Filius</strong></span> 
     </span>
    </p>
   </div>
   <div class='ocr_carea' id='block_1_44' title="bbox 533 2857 2120 2937">
    <p class='ocr_par' dir='ltr' id='par_1_44' title="bbox 533 2857 2120 2937">
     <span class='ocr_line' id='line_1_44' title="bbox 533 2857 2120 2937; baseline -0.008 -14"><span class='ocrx_word' id='word_1_246' title='bbox 533 2878 667 2922; x_wconf 91' lang='lat' dir='ltr'><strong>tuus</strong></span> <span class='ocrx_word' id='word_1_247' title='bbox 697 2866 942 2937; x_wconf 88' lang='lat' dir='ltr'><strong>pretioso</strong></span> <span class='ocrx_word' id='word_1_248' title='bbox 975 2863 1242 2934; x_wconf 86' lang='lat' dir='ltr'><strong>sanguine</strong></span> <span class='ocrx_word' id='word_1_249' title='bbox 1288 2876 1390 2915; x_wconf 87' lang='lat' dir='ltr'><strong>suo</strong></span> <span class='ocrx_word' id='word_1_250' title='bbox 1435 2867 1495 2914; x_wconf 94' lang='lat' dir='ltr'><strong>ut</strong></span> <span class='ocrx_word' id='word_1_251' title='bbox 1538 2859 1717 2914; x_wconf 89' lang='lat' dir='ltr'><strong>bonus</strong></span> <span class='ocrx_word' id='word_1_252' title='bbox 1760 2857 2120 2930; x_wconf 82' lang='lat' dir='ltr'><strong>comparavit,</strong></span> 
     </span>
    </p>
   </div>
   <div class='ocr_carea' id='block_1_45' title="bbox 529 2951 2123 3029">
    <p class='ocr_par' dir='ltr' id='par_1_45' title="bbox 529 2951 2123 3029">
     <span class='ocr_line' id='line_1_45' title="bbox 529 2951 2123 3029; baseline -0.008 -15"><span class='ocrx_word' id='word_1_253' title='bbox 529 2966 585 3014; x_wconf 90' lang='lat' dir='ltr'><strong>et</strong></span> <span class='ocrx_word' id='word_1_254' title='bbox 627 2957 890 3029; x_wconf 87' lang='lat' dir='ltr'><strong>periculis</strong></span> <span class='ocrx_word' id='word_1_255' title='bbox 933 2956 1108 3025; x_wconf 89' lang='lat' dir='ltr'><strong>eripe,</strong></span> <span class='ocrx_word' id='word_1_256' title='bbox 1151 2960 1320 3023; x_wconf 91' lang='lat' dir='ltr'><strong>atque</strong></span> <span class='ocrx_word' id='word_1_257' title='bbox 1364 2951 1434 3005; x_wconf 91' lang='lat' dir='ltr'><strong>ab</strong></span> <span class='ocrx_word' id='word_1_258' title='bbox 1471 2965 1536 3006; x_wconf 91' lang='lat' dir='ltr'><strong>ea</strong></span> <span class='ocrx_word' id='word_1_259' title='bbox 1579 2965 1703 3021; x_wconf 66' lang='lat' dir='ltr'><strong>qua:</strong></span> <span class='ocrx_word' id='word_1_260' title='bbox 1748 2965 1852 3006; x_wconf 86' lang='lat' dir='ltr'><strong>nos</strong></span> <span class='ocrx_word' id='word_1_261' title='bbox 1888 2956 2123 3020; x_wconf 88' lang='lat' dir='ltr'><strong>occupat</strong></span> 
     </span>
    </p>
   </div>
   <div class='ocr_carea' id='block_1_46' title="bbox 529 3047 1082 3122">
    <p class='ocr_par' dir='ltr' id='par_1_46' title="bbox 529 3047 1082 3122">
     <span class='ocr_line' id='line_1_46' title="bbox 529 3047 1082 3122; baseline 0 -19"><span class='ocrx_word' id='word_1_262' title='bbox 529 3047 823 3122; x_wconf 82' lang='lat' dir='ltr'><strong>tyrannide</strong></span> <span class='ocrx_word' id='word_1_263' title='bbox 849 3048 1082 3104; x_wconf 87' lang='lat' dir='ltr'><strong>redime.</strong></span> 
     </span>
    </p>
   </div>
   <div class='ocr_carea' id='block_1_47' title="bbox 607 3129 2122 3212">
    <p class='ocr_par' dir='ltr' id='par_1_47' title="bbox 607 3129 2122 3212">
     <span class='ocr_line' id='line_1_47' title="bbox 607 3129 2122 3212; baseline -0.006 -18"><span class='ocrx_word' id='word_1_264' title='bbox 607 3137 1199 3212; x_wconf 81' lang='lat' dir='ltr'><strong>Dionysi,_beatissime</strong></span> <span class='ocrx_word' id='word_1_265' title='bbox 1231 3135 1464 3194; x_wconf 90' lang='lat' dir='ltr'><strong>celebris</strong></span> <span class='ocrx_word' id='word_1_266' title='bbox 1530 3131 1788 3208; x_wconf 83' lang='lat' dir='ltr'><strong>coryphei</strong></span> <span class='ocrx_word' id='word_1_267' title='bbox 1831 3129 1987 3187; x_wconf 87' lang='lat' dir='ltr'><strong>Pauli</strong></span> <span class='ocrx_word' id='word_1_268' title='bbox 2036 3129 2122 3186; x_wconf 85' lang='lat' dir='ltr'><strong>di-</strong></span> 
     </span>
    </p>
   </div>
   <div class='ocr_carea' id='block_1_48' title="bbox 530 3222 2121 3304">
    <p class='ocr_par' dir='ltr' id='par_1_48' title="bbox 530 3222 2121 3304">
     <span class='ocr_line' id='line_1_48' title="bbox 530 3222 2121 3304; baseline -0.008 -14"><span class='ocrx_word' id='word_1_269' title='bbox 530 3227 772 3304; x_wconf 84' lang='lat' dir='ltr'><strong>scipule,</strong></span> <span class='ocrx_word' id='word_1_270' title='bbox 829 3229 1170 3286; x_wconf 91' lang='lat' dir='ltr'><strong>occultorum</strong></span> <span class='ocrx_word' id='word_1_271' title='bbox 1230 3229 1600 3301; x_wconf 76' lang='lat' dir='ltr'><strong>cognitionem</strong></span> <span class='ocrx_word' id='word_1_272' title='bbox 1651 3227 1719 3281; x_wconf 88' lang='lat' dir='ltr'><strong>ab</strong></span> <span class='ocrx_word' id='word_1_273' title='bbox 1768 3241 1835 3281; x_wconf 91' lang='lat' dir='ltr'><strong>eo</strong></span> <span class='ocrx_word' id='word_1_274' title='bbox 1889 3222 2121 3278; x_wconf 89' lang='lat' dir='ltr'><strong>edoctus</strong></span> 
     </span>
    </p>
   </div>
   <div class='ocr_carea' id='block_1_49' title="bbox 532 3316 2116 3392">
    <p class='ocr_par' dir='ltr' id='par_1_49' title="bbox 532 3316 2116 3392">
     <span class='ocr_line' id='line_1_49' title="bbox 532 3316 2116 3392; baseline -0.004 -13"><span class='ocrx_word' id='word_1_275' title='bbox 532 3323 711 3387; x_wconf 84' lang='lat' dir='ltr'><strong>fuisti,</strong></span> <span class='ocrx_word' id='word_1_276' title='bbox 759 3321 907 3377; x_wconf 88' lang='lat' dir='ltr'><strong>unde</strong></span> <span class='ocrx_word' id='word_1_277' title='bbox 954 3321 1252 3392; x_wconf 76' lang='lat' dir='ltr'><strong>fulgentem</strong></span> <span class='ocrx_word' id='word_1_278' title='bbox 1302 3321 1358 3376; x_wconf 90' lang='lat' dir='ltr'><strong>in</strong></span> <span class='ocrx_word' id='word_1_279' title='bbox 1407 3319 1656 3377; x_wconf 88' lang='lat' dir='ltr'><strong>Ecclesia</strong></span> <span class='ocrx_word' id='word_1_280' title='bbox 1710 3319 1883 3374; x_wconf 87' lang='lat' dir='ltr'><strong>facem</strong></span> <span class='ocrx_word' id='word_1_281' title='bbox 1939 3316 2116 3390; x_wconf 86' lang='lat' dir='ltr'><strong>ponit,</strong></span> 
     </span>
    </p>
   </div>
   <div class='ocr_carea' id='block_1_50' title="bbox 531 3414 2122 3490">
    <p class='ocr_par' dir='ltr' id='par_1_50' title="bbox 531 3414 2122 3490">
     <span class='ocr_line' id='line_1_50' title="bbox 531 3414 2122 3490; baseline -0.003 -16"><span class='ocrx_word' id='word_1_282' title='bbox 531 3417 697 3490; x_wconf 79' lang='lat'><strong>339</strong></span> <span class='ocrx_word' id='word_1_283' title='bbox 724 3418 996 3490; x_wconf 79' lang='lat' dir='ltr'><strong>religiosae</strong></span> <span class='ocrx_word' id='word_1_284' title='bbox 1030 3417 1370 3474; x_wconf 82' lang='lat' dir='ltr'><strong>Athenarum</strong></span> <span class='ocrx_word' id='word_1_285' title='bbox 1410 3415 1652 3472; x_wconf 88' lang='lat' dir='ltr'><strong>civitatis</strong></span> <span class='ocrx_word' id='word_1_286' title='bbox 1698 3414 1963 3470; x_wconf 86' lang='lat' dir='ltr'><strong>ordinans</strong></span> <span class='ocrx_word' id='word_1_287' title='bbox 2006 3414 2122 3486; x_wconf 88' lang='lat' dir='ltr'><strong>epi-</strong></span> 
     </span>
    </p>
   </div>
   <div class='ocr_carea' id='block_1_51' title="bbox 531 3505 2120 3589">
    <p class='ocr_par' dir='ltr' id='par_1_51' title="bbox 531 3505 2120 3589">
     <span class='ocr_line' id='line_1_51' title="bbox 531 3505 2120 3589; baseline -0.003 -21"><span class='ocrx_word' id='word_1_288' title='bbox 531 3527 786 3583; x_wconf 88' lang='lat' dir='ltr'><strong>scopum,</strong></span> <span class='ocrx_word' id='word_1_289' title='bbox 818 3526 986 3582; x_wconf 88' lang='lat' dir='ltr'><strong>quam</strong></span> <span class='ocrx_word' id='word_1_290' title='bbox 1019 3522 1170 3566; x_wconf 90' lang='lat' dir='ltr'><strong>recta</strong></span> <span class='ocrx_word' id='word_1_291' title='bbox 1201 3511 1486 3589; x_wconf 68' lang='lat' dir='ltr'><strong>praeditam</strong></span> <span class='ocrx_word' id='word_1_292' title='bbox 1534 3509 1642 3564; x_wconf 85' lang='lat' dir='ltr'><strong>ﬁde</strong></span> <span class='ocrx_word' id='word_1_293' title='bbox 1677 3509 1792 3563; x_wconf 86' lang='lat' dir='ltr'><strong>tuis</strong></span> <span class='ocrx_word' id='word_1_294' title='bbox 1839 3505 2120 3578; x_wconf 83' lang='lat' dir='ltr'><strong>precibus,</strong></span> 
     </span>
    </p>
   </div>
   <div class='ocr_carea' id='block_1_52' title="bbox 462 3598 1570 3674">
    <p class='ocr_par' dir='ltr' id='par_1_52' title="bbox 462 3598 1570 3674">
     <span class='ocr_line' id='line_1_52' title="bbox 462 3598 1570 3674; baseline -0.006 -13"><span class='ocrx_word' id='word_1_295' title='bbox 462 3619 486 3636; x_wconf 57' lang='grc' dir='ltr'><strong>κ</strong></span> <span class='ocrx_word' id='word_1_296' title='bbox 532 3603 938 3674; x_wconf 85' lang='lat' dir='ltr'><strong>sapientissime</strong></span> <span class='ocrx_word' id='word_1_297' title='bbox 969 3601 1062 3658; x_wconf 90' lang='lat' dir='ltr'><strong>Dei</strong></span> <span class='ocrx_word' id='word_1_298' title='bbox 1091 3617 1292 3673; x_wconf 63' lang='lat' dir='ltr'><strong>prmo,</strong></span> <span class='ocrx_word' id='word_1_299' title='bbox 1331 3598 1570 3655; x_wconf 90' lang='lat' dir='ltr'><strong>custodi.</strong></span> 
     </span>
    </p>
   </div>
   <div class='ocr_carea' id='block_1_53' title="bbox 1171 3692 1476 3748">
    <p class='ocr_par' dir='ltr' id='par_1_53' title="bbox 1171 3692 1476 3748">
     <span class='ocr_line' id='line_1_53' title="bbox 1171 3692 1476 3748; baseline -0.007 0"><span class='ocrx_word' id='word_1_300' title='bbox 1171 3693 1261 3748; x_wconf 83' lang='lat' dir='ltr'><strong>Ad</strong></span> <span class='ocrx_word' id='word_1_301' title='bbox 1303 3693 1369 3748; x_wconf 88' lang='lat' dir='ltr'><strong>B.</strong></span> <span class='ocrx_word' id='word_1_302' title='bbox 1413 3692 1476 3746; x_wconf 82' lang='lat' dir='ltr'><strong>V.</strong></span> 
     </span>
    </p>
   </div>
   <div class='ocr_carea' id='block_1_54' title="bbox 604 3780 2121 3852">
    <p class='ocr_par' dir='ltr' id='par_1_54' title="bbox 604 3780 2121 3852">
     <span class='ocr_line' id='line_1_54' title="bbox 604 3780 2121 3852; baseline -0.002 -12"><span class='ocrx_word' id='word_1_303' title='bbox 604 3784 666 3841; x_wconf 86' lang='grc' dir='ltr'><strong>ιιι</strong></span> <span class='ocrx_word' id='word_1_304' title='bbox 693 3785 1015 3842; x_wconf 87' lang='lat' dir='ltr'><strong>honoranda</strong></span> <span class='ocrx_word' id='word_1_305' title='bbox 1043 3785 1376 3842; x_wconf 89' lang='lat' dir='ltr'><strong>dormitione</strong></span> <span class='ocrx_word' id='word_1_306' title='bbox 1407 3791 1524 3849; x_wconf 89' lang='lat' dir='ltr'><strong>tua,</strong></span> <span class='ocrx_word' id='word_1_307' title='bbox 1550 3780 1718 3852; x_wconf 83' lang='lat' dir='ltr'><strong>Virgo</strong></span> <span class='ocrx_word' id='word_1_308' title='bbox 1747 3783 2121 3848; x_wconf 89' lang='lat' dir='ltr'><strong>sanctissima,</strong></span> 
     </span>
    </p>
   </div>
   <div class='ocr_carea' id='block_1_55' title="bbox 533 3875 2120 3952">
    <p class='ocr_par' dir='ltr' id='par_1_55' title="bbox 533 3875 2120 3952">
     <span class='ocr_line' id='line_1_55' title="bbox 533 3875 2120 3952; baseline -0.002 -20"><span class='ocrx_word' id='word_1_309' title='bbox 533 3879 830 3952; x_wconf 87' lang='lat' dir='ltr'><strong>Dionysius</strong></span> <span class='ocrx_word' id='word_1_310' title='bbox 871 3881 1062 3936; x_wconf 87' lang='lat' dir='ltr'><strong>aderat</strong></span> <span class='ocrx_word' id='word_1_311' title='bbox 1100 3894 1227 3933; x_wconf 90' lang='lat' dir='ltr'><strong>cum</strong></span> <span class='ocrx_word' id='word_1_312' title='bbox 1267 3876 1564 3932; x_wconf 89' lang='lat' dir='ltr'><strong>llierotheo</strong></span> <span class='ocrx_word' id='word_1_313' title='bbox 1611 3885 1667 3932; x_wconf 88' lang='lat' dir='ltr'><strong>et</strong></span> <span class='ocrx_word' id='word_1_314' title='bbox 1702 3875 1890 3932; x_wconf 79' lang='lat' dir='ltr'><strong>divino</strong></span> <span class='ocrx_word' id='word_1_315' title='bbox 1931 3875 2120 3930; x_wconf 87' lang='lat' dir='ltr'><strong>Timo-</strong></span> 
     </span>
    </p>
   </div>
   <div class='ocr_carea' id='block_1_56' title="bbox 531 3969 2122 4046">
    <p class='ocr_par' dir='ltr' id='par_1_56' title="bbox 531 3969 2122 4046">
     <span class='ocr_line' id='line_1_56' title="bbox 531 3969 2122 4046; baseline -0.003 -18"><span class='ocrx_word' id='word_1_316' title='bbox 531 3969 684 4041; x_wconf 85' lang='lat' dir='ltr'><strong>theo,</strong></span> <span class='ocrx_word' id='word_1_317' title='bbox 729 3975 964 4046; x_wconf 88' lang='lat' dir='ltr'><strong>quisque</strong></span> <span class='ocrx_word' id='word_1_318' title='bbox 1001 3988 1111 4027; x_wconf 89' lang='lat' dir='ltr'><strong>una</strong></span> <span class='ocrx_word' id='word_1_319' title='bbox 1156 3987 1284 4026; x_wconf 90' lang='lat' dir='ltr'><strong>cum</strong></span> <span class='ocrx_word' id='word_1_320' title='bbox 1322 3971 1594 4040; x_wconf 82' lang='lat' dir='ltr'><strong>apostolis</strong></span> <span class='ocrx_word' id='word_1_321' title='bbox 1633 3971 1898 4042; x_wconf 89' lang='lat' dir='ltr'><strong>hymnum</strong></span> <span class='ocrx_word' id='word_1_322' title='bbox 1935 3970 2122 4042; x_wconf 66' lang='lat' dir='ltr'><strong>gloria:</strong></span> 
     </span>
    </p>
   </div>
   <div class='ocr_carea' id='block_1_57' title="bbox 534 4063 2120 4133">
    <p class='ocr_par' dir='ltr' id='par_1_57' title="bbox 534 4063 2120 4133">
     <span class='ocr_line' id='line_1_57' title="bbox 534 4063 2120 4133; baseline -0.003 -13"><span class='ocrx_word' id='word_1_323' title='bbox 534 4076 645 4122; x_wconf 71' lang='lat' dir='ltr'><strong>tua:</strong></span> <span class='ocrx_word' id='word_1_324' title='bbox 689 4066 1108 4122; x_wconf 88' lang='lat' dir='ltr'><strong>convenientem</strong></span> <span class='ocrx_word' id='word_1_325' title='bbox 1159 4063 1484 4126; x_wconf 87' lang='lat' dir='ltr'><strong>decantans,</strong></span> <span class='ocrx_word' id='word_1_326' title='bbox 1529 4078 1656 4117; x_wconf 90' lang='lat' dir='ltr'><strong>cum</strong></span> <span class='ocrx_word' id='word_1_327' title='bbox 1703 4063 1904 4133; x_wconf 87' lang='lat' dir='ltr'><strong>quibus</strong></span> <span class='ocrx_word' id='word_1_328' title='bbox 1954 4063 2120 4116; x_wconf 89' lang='lat' dir='ltr'><strong>etiam</strong></span> 
     </span>
    </p>
   </div>
   <div class='ocr_carea' id='block_1_58' title="bbox 536 4153 2122 4228">
    <p class='ocr_par' dir='ltr' id='par_1_58' title="bbox 536 4153 2122 4228">
     <span class='ocr_line' id='line_1_58' title="bbox 536 4153 2122 4228; baseline -0.004 -15"><span class='ocrx_word' id='word_1_329' title='bbox 536 4175 684 4215; x_wconf 90' lang='lat' dir='ltr'><strong>nunc</strong></span> <span class='ocrx_word' id='word_1_330' title='bbox 713 4159 963 4214; x_wconf 89' lang='lat' dir='ltr'><strong>mortalis</strong></span> <span class='ocrx_word' id='word_1_331' title='bbox 993 4159 1178 4228; x_wconf 89' lang='lat' dir='ltr'><strong>lingua</strong></span> <span class='ocrx_word' id='word_1_332' title='bbox 1213 4155 1396 4212; x_wconf 90' lang='lat' dir='ltr'><strong>omnis</strong></span> <span class='ocrx_word' id='word_1_333' title='bbox 1439 4162 1491 4210; x_wconf 91' lang='lat' dir='ltr'><strong>te</strong></span> <span class='ocrx_word' id='word_1_334' title='bbox 1518 4153 1614 4210; x_wconf 90' lang='lat' dir='ltr'><strong>Dei</strong></span> <span class='ocrx_word' id='word_1_335' title='bbox 1648 4164 1929 4226; x_wconf 89' lang='lat' dir='ltr'><strong>parentem</strong></span> <span class='ocrx_word' id='word_1_336' title='bbox 1961 4171 2122 4208; x_wconf 82' lang='lat' dir='ltr'><strong>mun-</strong></span> 
     </span>
    </p>
   </div>
   <div class='ocr_carea' id='block_1_59' title="bbox 534 4248 1248 4321">
    <p class='ocr_par' dir='ltr' id='par_1_59' title="bbox 534 4248 1248 4321">
     <span class='ocr_line' id='line_1_59' title="bbox 534 4248 1248 4321; baseline -0.003 -17"><span class='ocrx_word' id='word_1_337' title='bbox 534 4251 701 4321; x_wconf 91' lang='lat' dir='ltr'><strong>dique</strong></span> <span class='ocrx_word' id='word_1_338' title='bbox 723 4259 1013 4320; x_wconf 90' lang='lat' dir='ltr'><strong>patronam</strong></span> <span class='ocrx_word' id='word_1_339' title='bbox 1045 4248 1248 4302; x_wconf 90' lang='lat' dir='ltr'><strong>laudat.</strong></span> 
     </span>
    </p>
   </div>
   <div class='ocr_carea' id='block_1_60' title="bbox 573 4337 2122 4410">
    <p class='ocr_par' dir='ltr' id='par_1_60' title="bbox 573 4337 2122 4410">
     <span class='ocr_line' id='line_1_60' title="bbox 573 4337 2122 4410; baseline -0.005 -12"><span class='ocrx_word' id='word_1_340' title='bbox 573 4339 761 4398; x_wconf 73' lang='lat' dir='ltr'><strong>&#39;lnterT</strong></span> <span class='ocrx_word' id='word_1_341' title='bbox 777 4341 1094 4398; x_wconf 87' lang='lat' dir='ltr'><strong>sacerdotes</strong></span> <span class='ocrx_word' id='word_1_342' title='bbox 1133 4347 1187 4394; x_wconf 88' lang='lat' dir='ltr'><strong>et</strong></span> <span class='ocrx_word' id='word_1_343' title='bbox 1223 4346 1496 4410; x_wconf 87' lang='lat' dir='ltr'><strong>martyres</strong></span> <span class='ocrx_word' id='word_1_344' title='bbox 1526 4338 1771 4405; x_wconf 79' lang='lat' dir='ltr'><strong>excellis,</strong></span> <span class='ocrx_word' id='word_1_345' title='bbox 1813 4345 2023 4402; x_wconf 83' lang='lat' dir='ltr'><strong>sancte,</strong></span> <span class='ocrx_word' id='word_1_346' title='bbox 2058 4337 2122 4391; x_wconf 82' lang='lat' dir='ltr'><strong>ii-</strong></span> 
     </span>
    </p>
   </div>
   <div class='ocr_carea' id='block_1_61' title="bbox 535 4430 2118 4502">
    <p class='ocr_par' dir='ltr' id='par_1_61' title="bbox 535 4430 2118 4502">
     <span class='ocr_line' id='line_1_61' title="bbox 535 4430 2118 4502; baseline -0.005 -12"><span class='ocrx_word' id='word_1_347' title='bbox 535 4434 642 4490; x_wconf 87' lang='lat' dir='ltr'><strong>dus</strong></span> <span class='ocrx_word' id='word_1_348' title='bbox 671 4442 931 4490; x_wconf 84' lang='lat' dir='ltr'><strong>ostensus</strong></span> <span class='ocrx_word' id='word_1_349' title='bbox 970 4444 1033 4488; x_wconf 87' lang='lat' dir='ltr'><strong>es</strong></span> <span class='ocrx_word' id='word_1_350' title='bbox 1059 4439 1268 4502; x_wconf 87' lang='lat' dir='ltr'><strong>pastor,</strong></span> <span class='ocrx_word' id='word_1_351' title='bbox 1305 4441 1360 4486; x_wconf 87' lang='lat' dir='ltr'><strong>et</strong></span> <span class='ocrx_word' id='word_1_352' title='bbox 1386 4431 1615 4488; x_wconf 87' lang='lat' dir='ltr'><strong>calicem</strong></span> <span class='ocrx_word' id='word_1_353' title='bbox 1645 4431 1853 4487; x_wconf 88' lang='lat' dir='ltr'><strong>Christi</strong></span> <span class='ocrx_word' id='word_1_354' title='bbox 1883 4430 2074 4486; x_wconf 85' lang='lat' dir='ltr'><strong>bibisti</strong></span> <span class='ocrx_word' id='word_1_355' title='bbox 2103 4447 2118 4496; x_wconf 91' lang='lat'><strong>;</strong></span> 
     </span>
    </p>
   </div>
   <div class='ocr_carea' id='block_1_62' title="bbox 535 4523 2120 4597">
    <p class='ocr_par' dir='ltr' id='par_1_62' title="bbox 535 4523 2120 4597">
     <span class='ocr_line' id='line_1_62' title="bbox 535 4523 2120 4597; baseline -0.003 -18"><span class='ocrx_word' id='word_1_356' title='bbox 535 4539 710 4597; x_wconf 84' lang='lat' dir='ltr'><strong>quare</strong></span> <span class='ocrx_word' id='word_1_357' title='bbox 738 4526 795 4579; x_wconf 89' lang='lat' dir='ltr'><strong>in</strong></span> <span class='ocrx_word' id='word_1_358' title='bbox 826 4534 1062 4593; x_wconf 89' lang='lat' dir='ltr'><strong>utroque</strong></span> <span class='ocrx_word' id='word_1_359' title='bbox 1103 4525 1206 4594; x_wconf 81' lang='lat' dir='ltr'><strong>ipsi</strong></span> <span class='ocrx_word' id='word_1_360' title='bbox 1244 4523 1470 4580; x_wconf 86' lang='lat' dir='ltr'><strong>Christo</strong></span> <span class='ocrx_word' id='word_1_361' title='bbox 1512 4524 1654 4580; x_wconf 85' lang='lat' dir='ltr'><strong>bene</strong></span> <span class='ocrx_word' id='word_1_362' title='bbox 1699 4523 1978 4594; x_wconf 88' lang='lat' dir='ltr'><strong>placuisti,</strong></span> <span class='ocrx_word' id='word_1_363' title='bbox 2023 4535 2120 4576; x_wconf 83' lang='lat' dir='ltr'><strong>ora</strong></span> 
     </span>
    </p>
   </div>
   <div class='ocr_carea' id='block_1_63' title="bbox 2225 2021 2817 2093">
    <p class='ocr_par' dir='ltr' id='par_1_63' title="bbox 2225 2021 2817 2093">
     <span class='ocr_line' id='line_1_63' title="bbox 2225 2021 2817 2093; baseline 0.005 -20"><span class='ocrx_word' id='word_1_364' title='bbox 2225 2021 2521 2093; x_wconf 87' lang='grc' dir='ltr'>ίερομύστα</span> <span class='ocrx_word' id='word_1_365' title='bbox 2554 2021 2817 2076; x_wconf 82' lang='grc' dir='ltr'>Διονύσιε.</span> 
     </span>
    </p>
   </div>
   <div class='ocr_carea' id='block_1_64' title="bbox 2305 2113 3778 2189">
    <p class='ocr_par' dir='ltr' id='par_1_64' title="bbox 2305 2113 3778 2189">
     <span class='ocr_line' id='line_1_64' title="bbox 2305 2113 3778 2189; baseline 0.005 -24"><span class='ocrx_word' id='word_1_366' title='bbox 2305 2115 2392 2176; x_wconf 85' lang='grc' dir='ltr'>Ὧς</span> <span class='ocrx_word' id='word_1_367' title='bbox 2421 2113 2558 2184; x_wconf 77' lang='grc' dir='ltr'>ἔχων</span> <span class='ocrx_word' id='word_1_368' title='bbox 2593 2113 2907 2185; x_wconf 74' lang='grc' dir='ltr'>παρρησίαν</span> <span class='ocrx_word' id='word_1_369' title='bbox 2940 2114 3080 2186; x_wconf 80' lang='grc' dir='ltr'>πρὸς</span> <span class='ocrx_word' id='word_1_370' title='bbox 3109 2114 3202 2168; x_wconf 87' lang='grc' dir='ltr'>τὸν</span> <span class='ocrx_word' id='word_1_371' title='bbox 3229 2115 3384 2180; x_wconf 85' lang='grc' dir='ltr'>Θεὸν,</span> <span class='ocrx_word' id='word_1_372' title='bbox 3419 2116 3641 2189; x_wconf 79' lang='grc' dir='ltr'>ἱεράρχα</span> <span class='ocrx_word' id='word_1_373' title='bbox 3668 2119 3778 2187; x_wconf 74' lang='grc' dir='ltr'>σοφὲ</span> 
     </span>
    </p>
   </div>
   <div class='ocr_carea' id='block_1_65' title="bbox 2222 2206 3779 2283">
    <p class='ocr_par' dir='ltr' id='par_1_65' title="bbox 2222 2206 3779 2283">
     <span class='ocr_line' id='line_1_65' title="bbox 2222 2206 3779 2283; baseline 0.003 -24"><span class='ocrx_word' id='word_1_374' title='bbox 2222 2206 2484 2271; x_wconf 82' lang='grc' dir='ltr'>Διονύσιε,</span> <span class='ocrx_word' id='word_1_375' title='bbox 2501 2206 2588 2260; x_wconf 79' lang='grc' dir='ltr'>διὰ</span> <span class='ocrx_word' id='word_1_376' title='bbox 2610 2207 2809 2271; x_wconf 83' lang='grc' dir='ltr'>παντὸς</span> <span class='ocrx_word' id='word_1_377' title='bbox 2829 2207 3097 2279; x_wconf 78' lang='grc' dir='ltr'>πρέσϐευε</span> <span class='ocrx_word' id='word_1_378' title='bbox 3121 2207 3383 2280; x_wconf 80' lang='grc' dir='ltr'>ῥυσθῆναι</span> <span class='ocrx_word' id='word_1_379' title='bbox 3405 2211 3468 2263; x_wconf 82' lang='grc' dir='ltr'>ὲκ</span> <span class='ocrx_word' id='word_1_380' title='bbox 3488 2212 3779 2283; x_wconf 81' lang='grc' dir='ltr'>πειρασμῶν</span> 
     </span>
    </p>
   </div>
   <div class='ocr_carea' id='block_1_66' title="bbox 2223 2299 3778 2376">
    <p class='ocr_par' dir='ltr' id='par_1_66' title="bbox 2223 2299 3778 2376">
     <span class='ocr_line' id='line_1_66' title="bbox 2223 2299 3778 2376; baseline 0.003 -24"><span class='ocrx_word' id='word_1_381' title='bbox 2223 2301 2349 2363; x_wconf 72' lang='grc' dir='ltr'>τοὺς</span> <span class='ocrx_word' id='word_1_382' title='bbox 2396 2300 2638 2364; x_wconf 81' lang='grc' dir='ltr'>εὐσεϐῶς</span> <span class='ocrx_word' id='word_1_383' title='bbox 2688 2299 2994 2371; x_wconf 78' lang='grc' dir='ltr'>ὑμνοῦντας</span> <span class='ocrx_word' id='word_1_384' title='bbox 3039 2317 3120 2364; x_wconf 92' lang='grc' dir='ltr'><strong>σε,</strong></span> <span class='ocrx_word' id='word_1_385' title='bbox 3168 2300 3348 2372; x_wconf 87' lang='grc' dir='ltr'>μύστα</span> <span class='ocrx_word' id='word_1_386' title='bbox 3402 2303 3511 2356; x_wconf 91' lang='grc' dir='ltr'><strong>τῶν</strong></span> <span class='ocrx_word' id='word_1_387' title='bbox 3553 2304 3778 2376; x_wconf 74' lang='grc' dir='ltr'>ἀρρήτων</span> 
     </span>
    </p>
   </div>
   <div class='ocr_carea' id='block_1_67' title="bbox 2223 2391 3778 2466">
    <p class='ocr_par' dir='ltr' id='par_1_67' title="bbox 2223 2391 3778 2466">
     <span class='ocr_line' id='line_1_67' title="bbox 2223 2391 3778 2466; baseline 0.003 -22"><span class='ocrx_word' id='word_1_388' title='bbox 2223 2391 2486 2462; x_wconf 88' lang='grc' dir='ltr'>θεωριῶν,</span> <span class='ocrx_word' id='word_1_389' title='bbox 2529 2391 2606 2456; x_wconf 83' lang='grc' dir='ltr'>ὼς</span> <span class='ocrx_word' id='word_1_390' title='bbox 2636 2391 2736 2463; x_wconf 85' lang='grc' dir='ltr'>τῆς</span> <span class='ocrx_word' id='word_1_391' title='bbox 2781 2391 3190 2464; x_wconf 78' lang='grc' dir='ltr'>κρυφιομύστου</span> <span class='ocrx_word' id='word_1_392' title='bbox 3228 2393 3324 2446; x_wconf 75' lang='grc' dir='ltr'>καὶ</span> <span class='ocrx_word' id='word_1_393' title='bbox 3366 2392 3778 2466; x_wconf 83' lang='grc' dir='ltr'>θεαρχικωτάτης</span> 
     </span>
    </p>
   </div>
   <div class='ocr_carea' id='block_1_68' title="bbox 2227 2485 2928 2558">
    <p class='ocr_par' dir='ltr' id='par_1_68' title="bbox 2227 2485 2928 2558">
     <span class='ocr_line' id='line_1_68' title="bbox 2227 2485 2928 2558; baseline 0.006 -22"><span class='ocrx_word' id='word_1_394' title='bbox 2227 2485 2549 2557; x_wconf 77' lang='grc' dir='ltr'>ἱεροφάντης</span> <span class='ocrx_word' id='word_1_395' title='bbox 2574 2485 2928 2558; x_wconf 83' lang='grc' dir='ltr'>ἀγαθότητος.</span> 
     </span>
    </p>
   </div>
   <div class='ocr_carea' id='block_1_69' title="bbox 2945 2581 3076 2644">
    <p class='ocr_par' dir='ltr' id='par_1_69' title="bbox 2945 2581 3076 2644">
     <span class='ocr_line' id='line_1_69' title="bbox 2945 2581 3076 2644; baseline 0.015 -2"><span class='ocrx_word' id='word_1_396' title='bbox 2945 2581 3076 2644; x_wconf 74' lang='grc' dir='ltr'>θόκ.</span> 
     </span>
    </p>
   </div>
   <div class='ocr_carea' id='block_1_70' title="bbox 2295 2678 3779 2754">
    <p class='ocr_par' dir='ltr' id='par_1_70' title="bbox 2295 2678 3779 2754">
     <span class='ocr_line' id='line_1_70' title="bbox 2295 2678 3779 2754; baseline 0.001 -22"><span class='ocrx_word' id='word_1_397' title='bbox 2295 2678 2552 2734; x_wconf 87' lang='grc' dir='ltr'>Νικῶσαν</span> <span class='ocrx_word' id='word_1_398' title='bbox 2591 2680 2691 2743; x_wconf 76' lang='grc' dir='ltr'>τὰς</span> <span class='ocrx_word' id='word_1_399' title='bbox 2724 2680 2965 2752; x_wconf 75' lang='grc' dir='ltr'>αἱρέσεις</span> <span class='ocrx_word' id='word_1_400' title='bbox 3006 2681 3272 2746; x_wconf 88' lang='grc' dir='ltr'>νεανικῶς</span> <span class='ocrx_word' id='word_1_401' title='bbox 3312 2684 3414 2754; x_wconf 83' lang='grc' dir='ltr'>τὴν</span> <span class='ocrx_word' id='word_1_402' title='bbox 3444 2682 3638 2754; x_wconf 72' lang='grc' dir='ltr'>σεπτῆν</span> <span class='ocrx_word' id='word_1_403' title='bbox 3676 2683 3779 2735; x_wconf 85' lang='grc' dir='ltr'><strong>Ἐκ-</strong></span> 
     </span>
    </p>
   </div>
   <div class='ocr_carea' id='block_1_71' title="bbox 2223 2771 3779 2847">
    <p class='ocr_par' dir='ltr' id='par_1_71' title="bbox 2223 2771 3779 2847">
     <span class='ocr_line' id='line_1_71' title="bbox 2223 2771 3779 2847; baseline -0.001 -21"><span class='ocrx_word' id='word_1_404' title='bbox 2223 2771 2453 2844; x_wconf 86' lang='grc' dir='ltr'>κλησίαν</span> <span class='ocrx_word' id='word_1_405' title='bbox 2501 2771 2795 2839; x_wconf 77' lang='grc' dir='ltr'>ἀνάδειξον,</span> <span class='ocrx_word' id='word_1_406' title='bbox 2832 2775 2899 2845; x_wconf 76' lang='grc' dir='ltr'>ἥν</span> <span class='ocrx_word' id='word_1_407' title='bbox 2942 2775 2972 2826; x_wconf 83' lang='grc' dir='ltr'>ὁ</span> <span class='ocrx_word' id='word_1_408' title='bbox 3014 2775 3248 2846; x_wconf 85' lang='grc' dir='ltr'>Χριστὸς</span> <span class='ocrx_word' id='word_1_409' title='bbox 3286 2777 3478 2847; x_wconf 80' lang='grc' dir='ltr'>αἵματι</span> <span class='ocrx_word' id='word_1_410' title='bbox 3518 2775 3673 2847; x_wconf 84' lang='grc' dir='ltr'>τιμίῳ</span> <span class='ocrx_word' id='word_1_411' title='bbox 3714 2775 3779 2844; x_wconf 85' lang='grc' dir='ltr'>τῷ</span> 
     </span>
    </p>
   </div>
   <div class='ocr_carea' id='block_1_72' title="bbox 2224 2862 3777 2939">
    <p class='ocr_par' dir='ltr' id='par_1_72' title="bbox 2224 2862 3777 2939">
     <span class='ocr_line' id='line_1_72' title="bbox 2224 2862 3777 2939; baseline 0.001 -23"><span class='ocrx_word' id='word_1_412' title='bbox 2224 2862 2419 2917; x_wconf 80' lang='grc' dir='ltr'>ἑαυτοῦ</span> <span class='ocrx_word' id='word_1_413' title='bbox 2467 2864 2545 2927; x_wconf 84' lang='grc' dir='ltr'><strong>ὡς</strong></span> <span class='ocrx_word' id='word_1_414' title='bbox 2588 2865 2791 2933; x_wconf 81' lang='grc' dir='ltr'>ἀγαθὸς</span> <span class='ocrx_word' id='word_1_415' title='bbox 2834 2867 3122 2937; x_wconf 77' lang='grc' dir='ltr'>ἐκτήσατο,</span> <span class='ocrx_word' id='word_1_416' title='bbox 3161 2866 3596 2939; x_wconf 79' lang='grc' dir='ltr'>κεχαριτωμένη,</span> <span class='ocrx_word' id='word_1_417' title='bbox 3638 2868 3665 2920; x_wconf 85' lang='grc' dir='ltr'><strong>ό</strong></span> <span class='ocrx_word' id='word_1_418' title='bbox 3703 2865 3777 2927; x_wconf 74' lang='grc' dir='ltr'>σὸς</span> 
     </span>
    </p>
   </div>
   <div class='ocr_carea' id='block_1_73' title="bbox 2225 2956 3776 3032">
    <p class='ocr_par' dir='ltr' id='par_1_73' title="bbox 2225 2956 3776 3032">
     <span class='ocr_line' id='line_1_73' title="bbox 2225 2956 3776 3032; baseline 0.005 -22"><span class='ocrx_word' id='word_1_419' title='bbox 2225 2956 2372 3020; x_wconf 73' lang='grc' dir='ltr'>Υἱὸς,</span> <span class='ocrx_word' id='word_1_420' title='bbox 2395 2957 2486 3010; x_wconf 78' lang='grc' dir='ltr'>καὶ</span> <span class='ocrx_word' id='word_1_421' title='bbox 2511 2956 2682 3010; x_wconf 92' lang='grc' dir='ltr'>σῶσον</span> <span class='ocrx_word' id='word_1_422' title='bbox 2701 2959 2762 3010; x_wconf 83' lang='grc' dir='ltr'>ὲκ</span> <span class='ocrx_word' id='word_1_423' title='bbox 2779 2958 3058 3024; x_wconf 86' lang='grc' dir='ltr'>κινδύνων,</span> <span class='ocrx_word' id='word_1_424' title='bbox 3083 2959 3178 3013; x_wconf 75' lang='grc' dir='ltr'>καὶ</span> <span class='ocrx_word' id='word_1_425' title='bbox 3202 2959 3303 3031; x_wconf 87' lang='grc' dir='ltr'>τῆς</span> <span class='ocrx_word' id='word_1_426' title='bbox 3329 2959 3672 3032; x_wconf 76' lang='grc' dir='ltr'>ἐπικρατείας</span> <span class='ocrx_word' id='word_1_427' title='bbox 3695 2956 3776 3026; x_wconf 81' lang='grc' dir='ltr'><strong>τῆς</strong></span> 
     </span>
    </p>
   </div>
   <div class='ocr_carea' id='block_1_74' title="bbox 2224 3049 3060 3124">
    <p class='ocr_par' dir='ltr' id='par_1_74' title="bbox 2224 3049 3060 3124">
     <span class='ocr_line' id='line_1_74' title="bbox 2224 3049 3060 3124; baseline -0.001 -19"><span class='ocrx_word' id='word_1_428' title='bbox 2224 3049 2560 3124; x_wconf 86' lang='grc' dir='ltr'>κατεχούσης</span> <span class='ocrx_word' id='word_1_429' title='bbox 2589 3052 2736 3122; x_wconf 74' lang='grc' dir='ltr'>ἡμᾶς</span> <span class='ocrx_word' id='word_1_430' title='bbox 2769 3050 3060 3123; x_wconf 86' lang='grc' dir='ltr'>λύτρωσαι.</span> 
     </span>
    </p>
   </div>
   <div class='ocr_carea' id='block_1_75' title="bbox 2295 3138 3774 3214">
    <p class='ocr_par' dir='ltr' id='par_1_75' title="bbox 2295 3138 3774 3214">
     <span class='ocr_line' id='line_1_75' title="bbox 2295 3138 3774 3214; baseline -0.001 -20"><span class='ocrx_word' id='word_1_431' title='bbox 2295 3141 2387 3212; x_wconf 79' lang='grc' dir='ltr'>Τῷ</span> <span class='ocrx_word' id='word_1_432' title='bbox 2416 3141 2633 3212; x_wconf 88' lang='grc' dir='ltr'>Παύλῳ,</span> <span class='ocrx_word' id='word_1_433' title='bbox 2671 3141 2935 3205; x_wconf 89' lang='grc' dir='ltr'>Διονύσιε,</span> <span class='ocrx_word' id='word_1_434' title='bbox 2965 3142 3044 3214; x_wconf 84' lang='grc' dir='ltr'>τῷ</span> <span class='ocrx_word' id='word_1_435' title='bbox 3085 3141 3282 3214; x_wconf 87' lang='grc' dir='ltr'>κλεινῷ</span> <span class='ocrx_word' id='word_1_436' title='bbox 3319 3141 3599 3214; x_wconf 84' lang='grc' dir='ltr'>κορυφαίῳ</span> <span class='ocrx_word' id='word_1_437' title='bbox 3626 3138 3774 3212; x_wconf 80' lang='grc' dir='ltr'>μαθη-</span> 
     </span>
    </p>
   </div>
   <div class='ocr_carea' id='block_1_76' title="bbox 2223 3230 3775 3307">
    <p class='ocr_par' dir='ltr' id='par_1_76' title="bbox 2223 3230 3775 3307">
     <span class='ocr_line' id='line_1_76' title="bbox 2223 3230 3775 3307; baseline -0.003 -19"><span class='ocrx_word' id='word_1_438' title='bbox 2223 3235 2453 3299; x_wconf 78' lang='grc' dir='ltr'>τευθεὶς,</span> <span class='ocrx_word' id='word_1_439' title='bbox 2495 3235 2770 3301; x_wconf 78' lang='grc' dir='ltr'>πανόλϐιε,</span> <span class='ocrx_word' id='word_1_440' title='bbox 2805 3237 2895 3289; x_wconf 80' lang='grc' dir='ltr'><strong>ὐπ’</strong></span> <span class='ocrx_word' id='word_1_441' title='bbox 2923 3233 3089 3289; x_wconf 88' lang='grc' dir='ltr'>αὐτοῦ</span> <span class='ocrx_word' id='word_1_442' title='bbox 3128 3234 3376 3307; x_wconf 76' lang='grc' dir='ltr'>ἐμυήθης</span> <span class='ocrx_word' id='word_1_443' title='bbox 3419 3234 3528 3288; x_wconf 87' lang='grc' dir='ltr'><strong>τῶν</strong></span> <span class='ocrx_word' id='word_1_444' title='bbox 3564 3230 3775 3304; x_wconf 79' lang='grc' dir='ltr'>ἀποκρύ-</span> 
     </span>
    </p>
   </div>
   <div class='ocr_carea' id='block_1_77' title="bbox 2224 3325 3774 3400">
    <p class='ocr_par' dir='ltr' id='par_1_77' title="bbox 2224 3325 3774 3400">
     <span class='ocr_line' id='line_1_77' title="bbox 2224 3325 3774 3400; baseline -0.004 -18"><span class='ocrx_word' id='word_1_445' title='bbox 2224 3346 2339 3398; x_wconf 85' lang='grc' dir='ltr'><strong>φων</strong></span> <span class='ocrx_word' id='word_1_446' title='bbox 2368 3328 2466 3400; x_wconf 82' lang='grc' dir='ltr'>τὴν</span> <span class='ocrx_word' id='word_1_447' title='bbox 2494 3328 2726 3398; x_wconf 71' lang='grc' dir='ltr'>γνῶσιψ</span> <span class='ocrx_word' id='word_1_448' title='bbox 2773 3327 2895 3382; x_wconf 82' lang='grc' dir='ltr'>ὅθεν</span> <span class='ocrx_word' id='word_1_449' title='bbox 2937 3327 3032 3381; x_wconf 77' lang='grc' dir='ltr'>καὶ</span> <span class='ocrx_word' id='word_1_450' title='bbox 3060 3326 3359 3400; x_wconf 82' lang='grc' dir='ltr'>λαμπτῆρα</span> <span class='ocrx_word' id='word_1_451' title='bbox 3401 3329 3468 3398; x_wconf 80' lang='grc' dir='ltr'>τῇ</span> <span class='ocrx_word' id='word_1_452' title='bbox 3515 3325 3774 3396; x_wconf 69' lang='grc' dir='ltr'>Ἐκκλησία</span> 
     </span>
    </p>
   </div>
   <div class='ocr_carea' id='block_1_78' title="bbox 2221 3417 3774 3493">
    <p class='ocr_par' dir='ltr' id='par_1_78' title="bbox 2221 3417 3774 3493">
     <span class='ocr_line' id='line_1_78' title="bbox 2221 3417 3774 3493; baseline 0.002 -21"><span class='ocrx_word' id='word_1_453' title='bbox 2221 3417 2431 3490; x_wconf 81' lang='grc' dir='ltr'>τίθησιν</span> <span class='ocrx_word' id='word_1_454' title='bbox 2474 3419 2729 3492; x_wconf 79' lang='grc' dir='ltr'>Ἀθηνῶν,</span> <span class='ocrx_word' id='word_1_455' title='bbox 2759 3419 3107 3493; x_wconf 86' lang='grc' dir='ltr'>προχειρίσας</span> <span class='ocrx_word' id='word_1_456' title='bbox 3131 3419 3231 3490; x_wconf 82' lang='grc' dir='ltr'>τῆς</span> <span class='ocrx_word' id='word_1_457' title='bbox 3259 3417 3516 3484; x_wconf 78' lang='grc' dir='ltr'>εὐσεϐοῦς</span> <span class='ocrx_word' id='word_1_458' title='bbox 3548 3417 3774 3491; x_wconf 77' lang='grc' dir='ltr'>ίεράρχην</span> 
     </span>
    </p>
   </div>
   <div class='ocr_carea' id='block_1_79' title="bbox 2223 3508 3773 3584">
    <p class='ocr_par' dir='ltr' id='par_1_79' title="bbox 2223 3508 3773 3584">
     <span class='ocr_line' id='line_1_79' title="bbox 2223 3508 3773 3584; baseline -0.001 -22"><span class='ocrx_word' id='word_1_459' title='bbox 2223 3509 2450 3577; x_wconf 80' lang='grc' dir='ltr'>πόλεως,</span> <span class='ocrx_word' id='word_1_460' title='bbox 2489 3509 2560 3581; x_wconf 79' lang='grc' dir='ltr'>ἣν</span> <span class='ocrx_word' id='word_1_461' title='bbox 2599 3511 2888 3582; x_wconf 82' lang='grc' dir='ltr'>φυλάττοις</span> <span class='ocrx_word' id='word_1_462' title='bbox 2927 3508 3333 3584; x_wconf 84' lang='grc' dir='ltr'>ὀρθοδοξοῦσαν,</span> <span class='ocrx_word' id='word_1_463' title='bbox 3372 3510 3632 3580; x_wconf 78' lang='grc' dir='ltr'>πάνσοφε,</span> <span class='ocrx_word' id='word_1_464' title='bbox 3676 3509 3773 3570; x_wconf 82' lang='grc' dir='ltr'>σαῖς</span> 
     </span>
    </p>
   </div>
   <div class='ocr_carea' id='block_1_80' title="bbox 2222 3601 2753 3676">
    <p class='ocr_par' dir='ltr' id='par_1_80' title="bbox 2222 3601 2753 3676">
     <span class='ocr_line' id='line_1_80' title="bbox 2222 3601 2753 3676; baseline 0.004 -20"><span class='ocrx_word' id='word_1_465' title='bbox 2222 3603 2426 3676; x_wconf 82' lang='grc' dir='ltr'>εὐχαῖς,</span> <span class='ocrx_word' id='word_1_466' title='bbox 2458 3601 2753 3676; x_wconf 73' lang='grc' dir='ltr'>θεοκῆρυξί</span> 
     </span>
    </p>
   </div>
   <div class='ocr_carea' id='block_1_81' title="bbox 2937 3687 3064 3749">
    <p class='ocr_par' dir='ltr' id='par_1_81' title="bbox 2937 3687 3064 3749">
     <span class='ocr_line' id='line_1_81' title="bbox 2937 3687 3064 3749; baseline -0.008 0"><span class='ocrx_word' id='word_1_467' title='bbox 2937 3687 3064 3749; x_wconf 80' lang='grc' dir='ltr'>θὸκ.</span> 
     </span>
    </p>
   </div>
   <div class='ocr_carea' id='block_1_82' title="bbox 2309 3768 3770 3860">
    <p class='ocr_par' dir='ltr' id='par_1_82' title="bbox 2309 3768 3770 3860">
     <span class='ocr_line' id='line_1_82' title="bbox 2309 3768 3770 3860; baseline -0.004 -18"><span class='ocrx_word' id='word_1_468' title='bbox 2309 3787 2396 3842; x_wconf 88' lang='grc' dir='ltr'>Ἐν</span> <span class='ocrx_word' id='word_1_469' title='bbox 2411 3789 2478 3860; x_wconf 80' lang='grc' dir='ltr'>τῇ</span> <span class='ocrx_word' id='word_1_470' title='bbox 2505 3790 2678 3860; x_wconf 78' lang='grc' dir='ltr'>σεπτῇ</span> <span class='ocrx_word' id='word_1_471' title='bbox 2697 3787 2952 3859; x_wconf 83' lang='grc' dir='ltr'>κοιμήσει</span> <span class='ocrx_word' id='word_1_472' title='bbox 2975 3804 3090 3852; x_wconf 89' lang='grc' dir='ltr'>σου,</span> <span class='ocrx_word' id='word_1_473' title='bbox 3115 3768 3358 3857; x_wconf 78' lang='grc' dir='ltr'>παναγία</span> <span class='ocrx_word' id='word_1_474' title='bbox 3381 3787 3770 3858; x_wconf 82' lang='grc' dir='ltr'>Παρθένε,παρ-</span> 
     </span>
    </p>
   </div>
   <div class='ocr_carea' id='block_1_83' title="bbox 2221 3871 3770 3950">
    <p class='ocr_par' dir='ltr' id='par_1_83' title="bbox 2221 3871 3770 3950">
     <span class='ocr_line' id='line_1_83' title="bbox 2221 3871 3770 3950; baseline -0.005 -17"><span class='ocrx_word' id='word_1_475' title='bbox 2221 3878 2287 3949; x_wconf 81' lang='grc' dir='ltr'>ἦν</span> <span class='ocrx_word' id='word_1_476' title='bbox 2330 3878 2360 3930; x_wconf 83' lang='grc' dir='ltr'>ὁ</span> <span class='ocrx_word' id='word_1_477' title='bbox 2404 3877 2678 3942; x_wconf 89' lang='grc' dir='ltr'>Διονύσιος</span> <span class='ocrx_word' id='word_1_478' title='bbox 2736 3878 2831 3932; x_wconf 76' lang='grc' dir='ltr'>σὺν</span> <span class='ocrx_word' id='word_1_479' title='bbox 2877 3877 2954 3948; x_wconf 80' lang='grc' dir='ltr'><strong>τῷ</strong></span> <span class='ocrx_word' id='word_1_480' title='bbox 2995 3877 3238 3950; x_wconf 78' lang='grc' dir='ltr'>Ἰεροθέῳ</span> <span class='ocrx_word' id='word_1_481' title='bbox 3296 3877 3391 3932; x_wconf 76' lang='grc' dir='ltr'>καὶ</span> <span class='ocrx_word' id='word_1_482' title='bbox 3437 3877 3674 3950; x_wconf 81' lang='grc' dir='ltr'>Τιμοθέῳ</span> <span class='ocrx_word' id='word_1_483' title='bbox 3710 3871 3770 3943; x_wconf 81' lang='grc' dir='ltr'>τῷ</span> 
     </span>
    </p>
   </div>
   <div class='ocr_carea' id='block_1_84' title="bbox 2223 3971 3770 4044">
    <p class='ocr_par' dir='ltr' id='par_1_84' title="bbox 2223 3971 3770 4044">
     <span class='ocr_line' id='line_1_84' title="bbox 2223 3971 3770 4044; baseline 0 -20"><span class='ocrx_word' id='word_1_484' title='bbox 2223 3972 2352 4043; x_wconf 75' lang='grc' dir='ltr'>θείῳ</span> <span class='ocrx_word' id='word_1_485' title='bbox 2406 3971 2522 4042; x_wconf 74' lang='grc' dir='ltr'>ἅμα</span> <span class='ocrx_word' id='word_1_486' title='bbox 2576 3975 2688 4034; x_wconf 87' lang='grc' dir='ltr'>τοῖς</span> <span class='ocrx_word' id='word_1_487' title='bbox 2731 3971 3064 4036; x_wconf 86' lang='grc' dir='ltr'>ἀποστόλοις,</span> <span class='ocrx_word' id='word_1_488' title='bbox 3113 3971 3280 4044; x_wconf 84' lang='grc' dir='ltr'>ῦμνον</span> <span class='ocrx_word' id='word_1_489' title='bbox 3327 3972 3529 4044; x_wconf 81' lang='grc' dir='ltr'>ὲξᾲδων</span> <span class='ocrx_word' id='word_1_490' title='bbox 3578 3971 3770 4030; x_wconf 72' lang='grc' dir='ltr'>ἕκαστος</span> 
     </span>
    </p>
   </div>
   <div class='ocr_carea' id='block_1_85' title="bbox 2223 4059 3769 4138">
    <p class='ocr_par' dir='ltr' id='par_1_85' title="bbox 2223 4059 3769 4138">
     <span class='ocr_line' id='line_1_85' title="bbox 2223 4059 3769 4138; baseline -0.012 -10"><span class='ocrx_word' id='word_1_491' title='bbox 2223 4065 2532 4138; x_wconf 77' lang='grc' dir='ltr'>πρόσφορον</span> <span class='ocrx_word' id='word_1_492' title='bbox 2560 4067 2626 4136; x_wconf 80' lang='grc' dir='ltr'><strong>τῇ</strong></span> <span class='ocrx_word' id='word_1_493' title='bbox 2659 4067 2724 4136; x_wconf 84' lang='grc' dir='ltr'><strong>σῇ</strong></span> <span class='ocrx_word' id='word_1_494' title='bbox 2753 4064 2902 4136; x_wconf 83' lang='grc' dir='ltr'>δόξῃ,</span> <span class='ocrx_word' id='word_1_495' title='bbox 2935 4065 3053 4136; x_wconf 86' lang='grc' dir='ltr'>μεθ’</span> <span class='ocrx_word' id='word_1_496' title='bbox 3076 4059 3151 4119; x_wconf 80' lang='grc' dir='ltr'><strong>ὧν</strong></span> <span class='ocrx_word' id='word_1_497' title='bbox 3179 4066 3274 4118; x_wconf 61' lang='grc' dir='ltr'><strong>καὶ¹</strong></span> <span class='ocrx_word' id='word_1_498' title='bbox 3295 4065 3392 4119; x_wconf 90' lang='grc' dir='ltr'><strong>νῦν</strong></span> <span class='ocrx_word' id='word_1_499' title='bbox 3413 4066 3560 4118; x_wconf 80' lang='grc' dir='ltr'>πᾶσα</span> <span class='ocrx_word' id='word_1_500' title='bbox 3581 4062 3769 4132; x_wconf 88' lang='grc' dir='ltr'>γλῶσσα</span> 
     </span>
    </p>
   </div>
   <div class='ocr_carea' id='block_1_86' title="bbox 2224 4150 3768 4230">
    <p class='ocr_par' dir='ltr' id='par_1_86' title="bbox 2224 4150 3768 4230">
     <span class='ocr_line' id='line_1_86' title="bbox 2224 4150 3768 4230; baseline -0.003 -20"><span class='ocrx_word' id='word_1_501' title='bbox 2224 4157 2464 4229; x_wconf 83' lang='grc' dir='ltr'>βρότειος</span> <span class='ocrx_word' id='word_1_502' title='bbox 2482 4159 2710 4229; x_wconf 86' lang='grc' dir='ltr'>ἀνυμνεϊ</span> <span class='ocrx_word' id='word_1_503' title='bbox 2734 4175 2793 4211; x_wconf 89' lang='grc' dir='ltr'><strong>σε</strong></span> <span class='ocrx_word' id='word_1_504' title='bbox 2821 4158 2919 4230; x_wconf 80' lang='grc' dir='ltr'>τὴν</span> <span class='ocrx_word' id='word_1_505' title='bbox 2946 4156 3041 4210; x_wconf 88' lang='grc' dir='ltr'><strong>τοῦ</strong></span> <span class='ocrx_word' id='word_1_506' title='bbox 3069 4157 3205 4210; x_wconf 83' lang='grc' dir='ltr'>Θεοῦ</span> <span class='ocrx_word' id='word_1_507' title='bbox 3234 4157 3554 4230; x_wconf 82' lang='grc' dir='ltr'>λοχεύτριαν</span> <span class='ocrx_word' id='word_1_508' title='bbox 3585 4155 3670 4210; x_wconf 60' lang='grc' dir='ltr'><strong>καί⁸</strong></span> <span class='ocrx_word' id='word_1_509' title='bbox 3693 4150 3768 4206; x_wconf 79' lang='grc' dir='ltr'><strong>τοῦ</strong></span> 
     </span>
    </p>
   </div>
   <div class='ocr_carea' id='block_1_87' title="bbox 2222 4247 2780 4320">
    <p class='ocr_par' dir='ltr' id='par_1_87' title="bbox 2222 4247 2780 4320">
     <span class='ocr_line' id='line_1_87' title="bbox 2222 4247 2780 4320; baseline 0.002 -19"><span class='ocrx_word' id='word_1_510' title='bbox 2222 4247 2437 4318; x_wconf 81' lang='grc' dir='ltr'>κόσμου</span> <span class='ocrx_word' id='word_1_511' title='bbox 2465 4249 2780 4320; x_wconf 82' lang='grc' dir='ltr'>προστάτιν.</span> 
     </span>
    </p>
   </div>
   <div class='ocr_carea' id='block_1_88' title="bbox 2305 4337 3767 4413">
    <p class='ocr_par' dir='ltr' id='par_1_88' title="bbox 2305 4337 3767 4413">
     <span class='ocr_line' id='line_1_88' title="bbox 2305 4337 3767 4413; baseline -0.001 -20"><span class='ocrx_word' id='word_1_512' title='bbox 2305 4341 2391 4394; x_wconf 84' lang='grc' dir='ltr'>Ἐν</span> <span class='ocrx_word' id='word_1_513' title='bbox 2441 4340 2645 4411; x_wconf 86' lang='grc' dir='ltr'>ίερεῦσι</span> <span class='ocrx_word' id='word_1_514' title='bbox 2674 4341 2768 4395; x_wconf 74' lang='grc' dir='ltr'><strong>καὶ</strong></span> <span class='ocrx_word' id='word_1_515' title='bbox 2801 4341 3035 4412; x_wconf 85' lang='grc' dir='ltr'>μάρτυσι</span> <span class='ocrx_word' id='word_1_516' title='bbox 3071 4339 3397 4413; x_wconf 72' lang='grc' dir='ltr'>διαπρέψας,</span> <span class='ocrx_word' id='word_1_517' title='bbox 3430 4343 3564 4407; x_wconf 81' lang='grc' dir='ltr'>δσιε,</span> <span class='ocrx_word' id='word_1_518' title='bbox 3611 4337 3767 4400; x_wconf 79' lang='grc' dir='ltr'>πιστὸς</span> 
     </span>
    </p>
   </div>
   <div class='ocr_carea' id='block_1_89' title="bbox 2221 4433 3764 4506">
    <p class='ocr_par' dir='ltr' id='par_1_89' title="bbox 2221 4433 3764 4506">
     <span class='ocr_line' id='line_1_89' title="bbox 2221 4433 3764 4506; baseline -0.003 -19"><span class='ocrx_word' id='word_1_519' title='bbox 2221 4434 2534 4505; x_wconf 81' lang='grc' dir='ltr'>ἀνεδείχθης</span> <span class='ocrx_word' id='word_1_520' title='bbox 2580 4435 2782 4506; x_wconf 80' lang='grc' dir='ltr'>ποιμὴν</span> <span class='ocrx_word' id='word_1_521' title='bbox 2823 4437 2920 4488; x_wconf 72' lang='grc' dir='ltr'>καὶ</span> <span class='ocrx_word' id='word_1_522' title='bbox 2951 4433 3188 4506; x_wconf 80' lang='grc' dir='ltr'>Χριστοῦ</span> <span class='ocrx_word' id='word_1_523' title='bbox 3235 4434 3374 4488; x_wconf 82' lang='grc' dir='ltr'>πιὼν</span> <span class='ocrx_word' id='word_1_524' title='bbox 3413 4435 3475 4488; x_wconf 75' lang='grc' dir='ltr'>τὸ</span> <span class='ocrx_word' id='word_1_525' title='bbox 3512 4435 3764 4505; x_wconf 73' lang='grc' dir='ltr'>ποτήριονο</span> 
     </span>
    </p>
   </div>
   <div class='ocr_carea' id='block_1_90' title="bbox 2221 4522 3766 4600">
    <p class='ocr_par' dir='ltr' id='par_1_90' title="bbox 2221 4522 3766 4600">
     <span class='ocr_line' id='line_1_90' title="bbox 2221 4522 3766 4600; baseline -0.001 -20"><span class='ocrx_word' id='word_1_526' title='bbox 2221 4527 2320 4589; x_wconf 81' lang='grc' dir='ltr'>διὸ,</span> <span class='ocrx_word' id='word_1_527' title='bbox 2375 4528 2433 4579; x_wconf 80' lang='grc' dir='ltr'>ἐν</span> <span class='ocrx_word' id='word_1_528' title='bbox 2489 4527 2770 4598; x_wconf 75' lang='grc' dir='ltr'>ἑκατέροις</span> <span class='ocrx_word' id='word_1_529' title='bbox 2817 4529 3188 4600; x_wconf 81' lang='grc' dir='ltr'>εὐαρεστήσας</span> <span class='ocrx_word' id='word_1_530' title='bbox 3240 4527 3391 4598; x_wconf 81' lang='grc' dir='ltr'>αὐτῷ</span> <span class='ocrx_word' id='word_1_531' title='bbox 3443 4527 3522 4598; x_wconf 84' lang='grc' dir='ltr'>τῷ</span> <span class='ocrx_word' id='word_1_532' title='bbox 3559 4522 3766 4598; x_wconf 80' lang='grc' dir='ltr'>Χριστῷ,</span> 
     </span>
    </p>
   </div>
   <div class='ocr_carea' id='block_1_91' title="bbox 539 4616 2119 4691">
    <p class='ocr_par' dir='ltr' id='par_1_91' title="bbox 539 4616 2119 4688">
     <span class='ocr_line' id='line_1_91' title="bbox 539 4616 2119 4688; baseline -0.001 -16"><span class='ocrx_word' id='word_1_533' title='bbox 539 4633 640 4688; x_wconf 89' lang='lat' dir='ltr'><strong>pro</strong></span> <span class='ocrx_word' id='word_1_534' title='bbox 683 4617 842 4672; x_wconf 92' lang='lat' dir='ltr'><strong>nobis</strong></span> <span class='ocrx_word' id='word_1_535' title='bbox 879 4616 1162 4682; x_wconf 90' lang='lat' dir='ltr'><strong>omnibus,</strong></span> <span class='ocrx_word' id='word_1_536' title='bbox 1194 4619 1288 4687; x_wconf 88' lang='lat' dir='ltr'><strong>qui</strong></span> <span class='ocrx_word' id='word_1_537' title='bbox 1319 4632 1444 4672; x_wconf 92' lang='lat' dir='ltr'><strong>cum</strong></span> <span class='ocrx_word' id='word_1_538' title='bbox 1491 4619 1811 4674; x_wconf 86' lang='lat' dir='ltr'><strong>coelestibus</strong></span> <span class='ocrx_word' id='word_1_539' title='bbox 1851 4616 2119 4672; x_wconf 87' lang='lat' dir='ltr'><strong>ministris</strong></span> 
     </span>
    </p>
   </div>
   <div class='ocr_carea' id='block_1_92' title="bbox 2240 4616 3768 4691">
    <p class='ocr_par' dir='ltr' id='par_1_92' title="bbox 2240 4617 3768 4691">
     <span class='ocr_line' id='line_1_92' title="bbox 2240 4617 3768 4691; baseline -0.001 -19"><span class='ocrx_word' id='word_1_540' title='bbox 2240 4618 2494 4690; x_wconf 73' lang='lat' dir='ltr'><strong>rtpéa6sus</strong></span> <span class='ocrx_word' id='word_1_541' title='bbox 2521 4619 2661 4691; x_wconf 82' lang='grc' dir='ltr'>ὑπὲρ</span> <span class='ocrx_word' id='word_1_542' title='bbox 2682 4619 2898 4672; x_wconf 85' lang='grc' dir='ltr'>πάντων</span> <span class='ocrx_word' id='word_1_543' title='bbox 2923 4619 3100 4690; x_wconf 81' lang='grc' dir='ltr'>ἡμῶν,</span> <span class='ocrx_word' id='word_1_544' title='bbox 3135 4620 3231 4673; x_wconf 81' lang='grc' dir='ltr'>σὺν</span> <span class='ocrx_word' id='word_1_545' title='bbox 3258 4623 3371 4683; x_wconf 81' lang='grc' dir='ltr'>τοῖς</span> <span class='ocrx_word' id='word_1_546' title='bbox 3413 4621 3525 4675; x_wconf 80' lang='grc' dir='ltr'>ἄνω</span> <span class='ocrx_word' id='word_1_547' title='bbox 3561 4617 3768 4687; x_wconf 85' lang='grc' dir='ltr'>λειτουρ-</span> 
     </span>
    </p>
   </div>
   <div class='ocr_carea' id='block_1_93' title="bbox 537 4710 1099 4766">
    <p class='ocr_par' dir='ltr' id='par_1_93' title="bbox 537 4710 1099 4766">
     <span class='ocr_line' id='line_1_93' title="bbox 537 4710 1099 4766; baseline 0.002 -2"><span class='ocrx_word' id='word_1_548' title='bbox 537 4712 596 4764; x_wconf 79' lang='lat' dir='ltr'><strong>in</strong></span> <span class='ocrx_word' id='word_1_549' title='bbox 628 4710 835 4766; x_wconf 87' lang='lat' dir='ltr'><strong>lumine</strong></span> <span class='ocrx_word' id='word_1_550' title='bbox 861 4710 1099 4765; x_wconf 56' lang='lat' dir='ltr'><strong>habitast</strong></span> 
     </span>
    </p>
   </div>
   <div class='ocr_carea' id='block_1_94' title="bbox 1165 4801 1500 4860">
    <p class='ocr_par' dir='ltr' id='par_1_94' title="bbox 1165 4801 1500 4860">
     <span class='ocr_line' id='line_1_94' title="bbox 1165 4801 1500 4860; baseline 0.009 -4"><span class='ocrx_word' id='word_1_551' title='bbox 1165 4801 1500 4860; x_wconf 78' lang='lat' dir='ltr'><strong>Contacium.</strong></span> 
     </span>
    </p>
   </div>
   <div class='ocr_carea' id='block_1_95' title="bbox 607 4892 2118 4967">
    <p class='ocr_par' dir='ltr' id='par_1_95' title="bbox 607 4892 2118 4967">
     <span class='ocr_line' id='line_1_95' title="bbox 607 4892 2118 4967; baseline 0.001 -18"><span class='ocrx_word' id='word_1_552' title='bbox 607 4892 878 4949; x_wconf 58' lang='lat' dir='ltr'><strong>Calestes</strong></span> <span class='ocrx_word' id='word_1_553' title='bbox 905 4904 1197 4964; x_wconf 85' lang='lat' dir='ltr'><strong>penetrans</strong></span> <span class='ocrx_word' id='word_1_554' title='bbox 1223 4895 1278 4948; x_wconf 92' lang='lat' dir='ltr'><strong>in</strong></span> <span class='ocrx_word' id='word_1_555' title='bbox 1307 4897 1502 4967; x_wconf 90' lang='lat' dir='ltr'><strong>spiritu</strong></span> <span class='ocrx_word' id='word_1_556' title='bbox 1519 4907 1727 4967; x_wconf 84' lang='lat' dir='ltr'><strong>portas,</strong></span> <span class='ocrx_word' id='word_1_557' title='bbox 1752 4895 2000 4967; x_wconf 82' lang='lat' dir='ltr'><strong>Apostoli</strong></span> <span class='ocrx_word' id='word_1_558' title='bbox 2025 4897 2118 4966; x_wconf 89' lang='lat' dir='ltr'><strong>qui</strong></span> 
     </span>
    </p>
   </div>
   <div class='ocr_carea' id='block_1_96' title="bbox 538 4986 2120 5060">
    <p class='ocr_par' dir='ltr' id='par_1_96' title="bbox 538 4986 2120 5060">
     <span class='ocr_line' id='line_1_96' title="bbox 538 4986 2120 5060; baseline 0 -18"><span class='ocrx_word' id='word_1_559' title='bbox 538 4999 705 5057; x_wconf 85' lang='lat' dir='ltr'><strong>supra</strong></span> <span class='ocrx_word' id='word_1_560' title='bbox 731 4995 844 5041; x_wconf 89' lang='lat' dir='ltr'><strong>tres</strong></span> <span class='ocrx_word' id='word_1_561' title='bbox 867 4986 1038 5043; x_wconf 61' lang='lat' dir='ltr'><strong>caelos</strong></span> <span class='ocrx_word' id='word_1_562' title='bbox 1060 4989 1330 5054; x_wconf 86' lang='lat' dir='ltr'><strong>ascendit,</strong></span> <span class='ocrx_word' id='word_1_563' title='bbox 1366 4988 1568 5055; x_wconf 83' lang='lat' dir='ltr'><strong>factus,</strong></span> <span class='ocrx_word' id='word_1_564' title='bbox 1601 4989 1848 5060; x_wconf 88' lang='lat' dir='ltr'><strong>Dionysi,</strong></span> <span class='ocrx_word' id='word_1_565' title='bbox 1877 4989 2120 5058; x_wconf 86' lang='lat' dir='ltr'><strong>discipu-</strong></span> 
     </span>
    </p>
   </div>
   <div class='ocr_carea' id='block_1_97' title="bbox 538 5077 2122 5151">
    <p class='ocr_par' dir='ltr' id='par_1_97' title="bbox 538 5077 2122 5151">
     <span class='ocr_line' id='line_1_97' title="bbox 538 5077 2122 5151; baseline -0.001 -18"><span class='ocrx_word' id='word_1_566' title='bbox 538 5081 646 5145; x_wconf 90' lang='lat' dir='ltr'><strong>lus,</strong></span> <span class='ocrx_word' id='word_1_567' title='bbox 675 5093 891 5133; x_wconf 90' lang='lat' dir='ltr'><strong>omnem</strong></span> <span class='ocrx_word' id='word_1_568' title='bbox 925 5077 1276 5134; x_wconf 81' lang='lat' dir='ltr'><strong>ineﬂ&#39;abilium</strong></span> <span class='ocrx_word' id='word_1_569' title='bbox 1311 5081 1675 5151; x_wconf 79' lang='lat' dir='ltr'><strong>cognitionem</strong></span> <span class='ocrx_word' id='word_1_570' title='bbox 1698 5081 1932 5134; x_wconf 86' lang='lat' dir='ltr'><strong>ubertim</strong></span> <span class='ocrx_word' id='word_1_571' title='bbox 1963 5094 2122 5134; x_wconf 85' lang='lat' dir='ltr'><strong>acce-</strong></span> 
     </span>
    </p>
   </div>
   <div class='ocr_carea' id='block_1_98' title="bbox 536 5161 2120 5243">
    <p class='ocr_par' dir='ltr' id='par_1_98' title="bbox 536 5161 2120 5243">
     <span class='ocr_line' id='line_1_98' title="bbox 536 5161 2120 5243; baseline -0.003 -13"><span class='ocrx_word' id='word_1_572' title='bbox 536 5171 698 5243; x_wconf 79' lang='lat' dir='ltr'><strong>pisti;</strong></span> <span class='ocrx_word' id='word_1_573' title='bbox 742 5161 948 5241; x_wconf 80' lang='lat' dir='ltr'><strong>eosque</strong></span> <span class='ocrx_word' id='word_1_574' title='bbox 995 5172 1089 5242; x_wconf 83' lang='lat' dir='ltr'><strong>qui</strong></span> <span class='ocrx_word' id='word_1_575' title='bbox 1132 5174 1187 5228; x_wconf 87' lang='lat' dir='ltr'><strong>in</strong></span> <span class='ocrx_word' id='word_1_576' title='bbox 1233 5173 1475 5230; x_wconf 88' lang='lat' dir='ltr'><strong>tenebris</strong></span> <span class='ocrx_word' id='word_1_577' title='bbox 1524 5169 1846 5242; x_wconf 68' lang='lat' dir='ltr'><strong>ignorantiae</strong></span> <span class='ocrx_word' id='word_1_578' title='bbox 1881 5171 2120 5226; x_wconf 84' lang='lat' dir='ltr'><strong>dormie-</strong></span> 
     </span>
    </p>
   </div>
   <div class='ocr_carea' id='block_1_99' title="bbox 538 5261 2117 5331">
    <p class='ocr_par' dir='ltr' id='par_1_99' title="bbox 538 5261 2117 5331">
     <span class='ocr_line' id='line_1_99' title="bbox 538 5261 2117 5331; baseline 0 -16"><span class='ocrx_word' id='word_1_579' title='bbox 538 5263 691 5325; x_wconf 81' lang='lat' dir='ltr'><strong>bant,</strong></span> <span class='ocrx_word' id='word_1_580' title='bbox 735 5262 1097 5331; x_wconf 81' lang='lat' dir='ltr'><strong>illuminasti;</strong></span> <span class='ocrx_word' id='word_1_581' title='bbox 1144 5266 1268 5321; x_wconf 87' lang='lat' dir='ltr'><strong>ideo</strong></span> <span class='ocrx_word' id='word_1_582' title='bbox 1308 5265 1610 5319; x_wconf 88' lang='lat' dir='ltr'><strong>clamamus</strong></span> <span class='ocrx_word' id='word_1_583' title='bbox 1653 5263 1830 5323; x_wconf 83' lang='lat' dir='ltr'><strong>:Ave,</strong></span> <span class='ocrx_word' id='word_1_584' title='bbox 1869 5261 2117 5317; x_wconf 87' lang='lat' dir='ltr'><strong>universi</strong></span> 
     </span>
    </p>
   </div>
   <div class='ocr_carea' id='block_1_100' title="bbox 537 5354 928 5424">
    <p class='ocr_par' dir='ltr' id='par_1_100' title="bbox 537 5354 928 5424">
     <span class='ocr_line' id='line_1_100' title="bbox 537 5354 928 5424; baseline 0.003 -16"><span class='ocrx_word' id='word_1_585' title='bbox 537 5362 692 5424; x_wconf 85' lang='lat' dir='ltr'><strong>pater</strong></span> <span class='ocrx_word' id='word_1_586' title='bbox 716 5354 928 5410; x_wconf 71' lang='lat' dir='ltr'><strong>mundi.</strong></span> 
     </span>
    </p>
   </div>
   <div class='ocr_carea' id='block_1_101' title="bbox 1224 5447 1425 5505">
    <p class='ocr_par' dir='ltr' id='par_1_101' title="bbox 1224 5447 1425 5505">
     <span class='ocr_line' id='line_1_101' title="bbox 1224 5447 1425 5505; baseline 0.015 -3"><span class='ocrx_word' id='word_1_587' title='bbox 1224 5447 1425 5505; x_wconf 71' lang='lat' dir='ltr'><strong>(Erus.</strong></span> 
     </span>
    </p>
   </div>
   <div class='ocr_carea' id='block_1_102' title="bbox 604 5538 2116 5613">
    <p class='ocr_par' dir='ltr' id='par_1_102' title="bbox 604 5538 2116 5613">
     <span class='ocr_line' id='line_1_102' title="bbox 604 5538 2116 5613; baseline -0.001 -21"><span class='ocrx_word' id='word_1_588' title='bbox 604 5539 902 5613; x_wconf 87' lang='lat' dir='ltr'><strong>Dionysius</strong></span> <span class='ocrx_word' id='word_1_589' title='bbox 927 5557 1156 5613; x_wconf 88' lang='lat' dir='ltr'><strong>magnus</strong></span> <span class='ocrx_word' id='word_1_590' title='bbox 1186 5543 1280 5613; x_wconf 91' lang='lat' dir='ltr'><strong>qui</strong></span> <span class='ocrx_word' id='word_1_591' title='bbox 1322 5558 1388 5596; x_wconf 79' lang='lat' dir='ltr'><strong>ex</strong></span> <span class='ocrx_word' id='word_1_592' title='bbox 1421 5539 1739 5595; x_wconf 88' lang='lat' dir='ltr'><strong>hominibus</strong></span> <span class='ocrx_word' id='word_1_593' title='bbox 1774 5539 1844 5594; x_wconf 88' lang='lat' dir='ltr'><strong>ob</strong></span> <span class='ocrx_word' id='word_1_594' title='bbox 1882 5538 2116 5594; x_wconf 88' lang='lat' dir='ltr'><strong>virtutes</strong></span> 
     </span>
    </p>
   </div>
   <div class='ocr_carea' id='block_1_103' title="bbox 536 5631 2119 5701">
    <p class='ocr_par' dir='ltr' id='par_1_103' title="bbox 536 5631 2119 5701">
     <span class='ocr_line' id='line_1_103' title="bbox 536 5631 2119 5701; baseline 0.001 -18"><span class='ocrx_word' id='word_1_595' title='bbox 536 5633 766 5701; x_wconf 79' lang='lat' dir='ltr'><strong>angelus</strong></span> <span class='ocrx_word' id='word_1_596' title='bbox 794 5641 1022 5689; x_wconf 82' lang='lat' dir='ltr'><strong>vocatus</strong></span> <span class='ocrx_word' id='word_1_597' title='bbox 1041 5643 1144 5699; x_wconf 84' lang='lat' dir='ltr'><strong>est,</strong></span> <span class='ocrx_word' id='word_1_598' title='bbox 1177 5635 1493 5687; x_wconf 85' lang='lat' dir='ltr'><strong>universam</strong></span> <span class='ocrx_word' id='word_1_599' title='bbox 1529 5641 1788 5700; x_wconf 85' lang='lat' dir='ltr'><strong>tanquam</strong></span> <span class='ocrx_word' id='word_1_600' title='bbox 1819 5631 1988 5700; x_wconf 88' lang='lat' dir='ltr'><strong>aliger</strong></span> <span class='ocrx_word' id='word_1_601' title='bbox 2005 5645 2119 5685; x_wconf 85' lang='lat' dir='ltr'><strong>coe-</strong></span> 
     </span>
    </p>
   </div>
   <div class='ocr_carea' id='block_1_104' title="bbox 540 5720 2119 5794">
    <p class='ocr_par' dir='ltr' id='par_1_104' title="bbox 540 5720 2119 5794">
     <span class='ocr_line' id='line_1_104' title="bbox 540 5720 2119 5794; baseline -0.002 -20"><span class='ocrx_word' id='word_1_602' title='bbox 540 5720 734 5777; x_wconf 76' lang='lat' dir='ltr'><strong>lestem</strong></span> <span class='ocrx_word' id='word_1_603' title='bbox 763 5722 992 5779; x_wconf 89' lang='lat' dir='ltr'><strong>edoctus</strong></span> <span class='ocrx_word' id='word_1_604' title='bbox 1022 5728 1110 5780; x_wconf 88' lang='lat' dir='ltr'><strong>est</strong></span> <span class='ocrx_word' id='word_1_605' title='bbox 1145 5722 1514 5794; x_wconf 86' lang='lat' dir='ltr'><strong>cognitionem</strong></span> <span class='ocrx_word' id='word_1_606' title='bbox 1547 5740 1562 5776; x_wconf 92' lang='lat'><strong>:</strong></span> <span class='ocrx_word' id='word_1_607' title='bbox 1599 5733 1771 5792; x_wconf 87' lang='lat' dir='ltr'><strong>quare</strong></span> <span class='ocrx_word' id='word_1_608' title='bbox 1797 5720 2028 5775; x_wconf 86' lang='lat' dir='ltr'><strong>canticis</strong></span> <span class='ocrx_word' id='word_1_609' title='bbox 2056 5725 2119 5772; x_wconf 87' lang='lat' dir='ltr'><strong>ut</strong></span> 
     </span>
    </p>
   </div>
   <div class='ocr_carea' id='block_1_105' title="bbox 538 5811 2111 5883">
    <p class='ocr_par' dir='ltr' id='par_1_105' title="bbox 538 5811 2111 5883">
     <span class='ocr_line' id='line_1_105' title="bbox 538 5811 2111 5883; baseline 0.003 -20"><span class='ocrx_word' id='word_1_610' title='bbox 538 5813 787 5883; x_wconf 82' lang='lat' dir='ltr'><strong>angelum</strong></span> <span class='ocrx_word' id='word_1_611' title='bbox 817 5815 1173 5880; x_wconf 88' lang='lat' dir='ltr'><strong>honoremus,</strong></span> <span class='ocrx_word' id='word_1_612' title='bbox 1204 5816 1270 5870; x_wconf 92' lang='lat' dir='ltr'><strong>ad</strong></span> <span class='ocrx_word' id='word_1_613' title='bbox 1300 5815 1451 5868; x_wconf 90' lang='lat' dir='ltr'><strong>illum</strong></span> <span class='ocrx_word' id='word_1_614' title='bbox 1477 5813 1606 5868; x_wconf 88' lang='lat' dir='ltr'><strong>talia</strong></span> <span class='ocrx_word' id='word_1_615' title='bbox 1634 5815 1934 5868; x_wconf 86' lang='lat' dir='ltr'><strong>clamantes</strong></span> <span class='ocrx_word' id='word_1_616' title='bbox 1954 5811 2111 5876; x_wconf 79' lang='lat' dir='ltr'><strong>:Ave,</strong></span> 
     </span>
    </p>
   </div>
   <div class='ocr_carea' id='block_1_106' title="bbox 538 5903 2117 5980">
    <p class='ocr_par' dir='ltr' id='par_1_106' title="bbox 538 5903 2117 5980">
     <span class='ocr_line' id='line_1_106' title="bbox 538 5903 2117 5980; baseline 0.002 -24"><span class='ocrx_word' id='word_1_617' title='bbox 538 5903 632 5973; x_wconf 90' lang='lat' dir='ltr'><strong>qui</strong></span> <span class='ocrx_word' id='word_1_618' title='bbox 663 5903 946 5962; x_wconf 73' lang='lat' dir='ltr'><strong>Christum</strong></span> <span class='ocrx_word' id='word_1_619' title='bbox 974 5924 1072 5980; x_wconf 88' lang='lat' dir='ltr'><strong>per</strong></span> <span class='ocrx_word' id='word_1_620' title='bbox 1099 5907 1327 5961; x_wconf 86' lang='lat' dir='ltr'><strong>Paulum</strong></span> <span class='ocrx_word' id='word_1_621' title='bbox 1357 5907 1658 5978; x_wconf 78' lang='lat' dir='ltr'><strong>agnovisti;</strong></span> <span class='ocrx_word' id='word_1_622' title='bbox 1689 5905 1820 5968; x_wconf 73' lang='lat' dir='ltr'><strong>Ave,</strong></span> <span class='ocrx_word' id='word_1_623' title='bbox 1853 5903 1945 5973; x_wconf 83' lang='lat' dir='ltr'><strong>qui</strong></span> <span class='ocrx_word' id='word_1_624' title='bbox 1965 5905 2117 5960; x_wconf 75' lang='lat' dir='ltr'><strong>&#39;mul-</strong></span> 
     </span>
    </p>
   </div>
   <div class='ocr_carea' id='block_1_107' title="bbox 2222 4711 2988 4782">
    <p class='ocr_par' dir='ltr' id='par_1_107' title="bbox 2222 4711 2988 4782">
     <span class='ocr_line' id='line_1_107' title="bbox 2222 4711 2988 4782; baseline 0.003 -19"><span class='ocrx_word' id='word_1_625' title='bbox 2222 4715 2338 4780; x_wconf 81' lang='grc' dir='ltr'>γοϊς</span> <span class='ocrx_word' id='word_1_626' title='bbox 2365 4712 2423 4764; x_wconf 80' lang='grc' dir='ltr'>ὲν</span> <span class='ocrx_word' id='word_1_627' title='bbox 2451 4711 2591 4780; x_wconf 74' lang='grc' dir='ltr'>φωτὶ</span> <span class='ocrx_word' id='word_1_628' title='bbox 2619 4711 2988 4782; x_wconf 74' lang='grc' dir='ltr'>αὐλιζόμενος.</span> 
     </span>
    </p>
   </div>
   <div class='ocr_carea' id='block_1_108' title="bbox 2825 4801 3175 4856">
    <p class='ocr_par' dir='ltr' id='par_1_108' title="bbox 2825 4801 3175 4856">
     <span class='ocr_line' id='line_1_108' title="bbox 2825 4801 3175 4856; baseline -0.003 0"><span class='ocrx_word' id='word_1_629' title='bbox 2825 4801 3175 4856; x_wconf 78' lang='grc' dir='ltr'>Κοντάκιον.</span> 
     </span>
    </p>
   </div>
   <div class='ocr_carea' id='block_1_109' title="bbox 2291 4891 3766 4967">
    <p class='ocr_par' dir='ltr' id='par_1_109' title="bbox 2291 4891 3766 4967">
     <span class='ocr_line' id='line_1_109' title="bbox 2291 4891 3766 4967; baseline -0.002 -20"><span class='ocrx_word' id='word_1_630' title='bbox 2291 4892 2403 4958; x_wconf 85' lang='grc' dir='ltr'><strong>Τάς</strong></span> <span class='ocrx_word' id='word_1_631' title='bbox 2447 4895 2730 4966; x_wconf 85' lang='grc' dir='ltr'>οὐρανίους</span> <span class='ocrx_word' id='word_1_632' title='bbox 2765 4894 2954 4958; x_wconf 77' lang='grc' dir='ltr'>διαῦὰς</span> <span class='ocrx_word' id='word_1_633' title='bbox 2991 4895 3165 4959; x_wconf 87' lang='grc' dir='ltr'>πύλας</span> <span class='ocrx_word' id='word_1_634' title='bbox 3209 4896 3267 4948; x_wconf 82' lang='grc' dir='ltr'>ὲν</span> <span class='ocrx_word' id='word_1_635' title='bbox 3298 4894 3587 4967; x_wconf 87' lang='grc' dir='ltr'>πνεύματι,</span> <span class='ocrx_word' id='word_1_636' title='bbox 3621 4891 3766 4966; x_wconf 83' lang='grc' dir='ltr'>μαθη-</span> 
     </span>
    </p>
   </div>
   <div class='ocr_carea' id='block_1_110' title="bbox 2219 4983 3764 5058">
    <p class='ocr_par' dir='ltr' id='par_1_110' title="bbox 2219 4983 3764 5058">
     <span class='ocr_line' id='line_1_110' title="bbox 2219 4983 3764 5058; baseline 0.004 -22"><span class='ocrx_word' id='word_1_637' title='bbox 2219 4985 2430 5048; x_wconf 74' lang='grc' dir='ltr'>τευθεὶς</span> <span class='ocrx_word' id='word_1_638' title='bbox 2447 4984 2526 5056; x_wconf 81' lang='grc' dir='ltr'><strong>τῷ</strong></span> <span class='ocrx_word' id='word_1_639' title='bbox 2553 4985 2692 5057; x_wconf 80' lang='grc' dir='ltr'>ὑπὲρ</span> <span class='ocrx_word' id='word_1_640' title='bbox 2719 4989 2867 5058; x_wconf 79' lang='grc' dir='ltr'>τρεῖς</span> <span class='ocrx_word' id='word_1_641' title='bbox 2884 4988 3147 5058; x_wconf 85' lang='grc' dir='ltr'>οὐρανοὺς</span> <span class='ocrx_word' id='word_1_642' title='bbox 3175 4984 3443 5056; x_wconf 79' lang='grc' dir='ltr'>φθάσαντι</span> <span class='ocrx_word' id='word_1_643' title='bbox 3473 4983 3764 5050; x_wconf 76' lang='grc' dir='ltr'>Ἀποστόλῳν</span> 
     </span>
    </p>
   </div>
   <div class='ocr_carea' id='block_1_111' title="bbox 2220 5076 3762 5150">
    <p class='ocr_par' dir='ltr' id='par_1_111' title="bbox 2220 5076 3762 5150">
     <span class='ocr_line' id='line_1_111' title="bbox 2220 5076 3762 5150; baseline -0.001 -21"><span class='ocrx_word' id='word_1_644' title='bbox 2220 5077 2480 5144; x_wconf 88' lang='grc' dir='ltr'>Διονύσιε,</span> <span class='ocrx_word' id='word_1_645' title='bbox 2519 5078 2628 5130; x_wconf 91' lang='grc' dir='ltr'><strong>τῶν</strong></span> <span class='ocrx_word' id='word_1_646' title='bbox 2673 5079 2925 5150; x_wconf 76' lang='grc' dir='ltr'>ἀρρήτων</span> <span class='ocrx_word' id='word_1_647' title='bbox 2960 5079 3312 5149; x_wconf 83' lang='grc' dir='ltr'>ἐπλουτίσθης</span> <span class='ocrx_word' id='word_1_648' title='bbox 3350 5082 3530 5133; x_wconf 85' lang='grc' dir='ltr'>πᾶσαν</span> <span class='ocrx_word' id='word_1_649' title='bbox 3573 5076 3762 5146; x_wconf 84' lang='grc' dir='ltr'>γνῶσιν·</span> 
     </span>
    </p>
   </div>
   <div class='ocr_carea' id='block_1_112' title="bbox 2221 5166 3764 5239">
    <p class='ocr_par' dir='ltr' id='par_1_112' title="bbox 2221 5166 3764 5239">
     <span class='ocr_line' id='line_1_112' title="bbox 2221 5166 3764 5239; baseline -0.002 -19"><span class='ocrx_word' id='word_1_650' title='bbox 2221 5167 2316 5221; x_wconf 76' lang='grc' dir='ltr'>καὶ</span> <span class='ocrx_word' id='word_1_651' title='bbox 2347 5168 2697 5239; x_wconf 86' lang='grc' dir='ltr'>κατηύγασας</span> <span class='ocrx_word' id='word_1_652' title='bbox 2724 5171 2850 5232; x_wconf 74' lang='grc' dir='ltr'>τοὺς</span> <span class='ocrx_word' id='word_1_653' title='bbox 2889 5173 2947 5223; x_wconf 79' lang='grc' dir='ltr'>ὲν</span> <span class='ocrx_word' id='word_1_654' title='bbox 2990 5171 3168 5224; x_wconf 84' lang='grc' dir='ltr'>σκότει</span> <span class='ocrx_word' id='word_1_655' title='bbox 3208 5172 3482 5239; x_wconf 86' lang='grc' dir='ltr'>ἀγνωσίας</span> <span class='ocrx_word' id='word_1_656' title='bbox 3516 5166 3764 5224; x_wconf 73' lang='grc' dir='ltr'>καθεύδον-</span> 
     </span>
    </p>
   </div>
   <div class='ocr_carea' id='block_1_113' title="bbox 2177 5262 3624 5345">
    <p class='ocr_par' dir='ltr' id='par_1_113' title="bbox 2177 5262 3624 5345">
     <span class='ocr_line' id='line_1_113' title="bbox 2177 5262 3624 5345; baseline -0.001 -31"><span class='ocrx_word' id='word_1_657' title='bbox 2177 5338 2182 5345; x_wconf 29' lang='grc'><strong>⁴</strong></span> <span class='ocrx_word' id='word_1_658' title='bbox 2219 5279 2344 5326; x_wconf 87' lang='grc' dir='ltr'>τας·</span> <span class='ocrx_word' id='word_1_659' title='bbox 2376 5262 2456 5316; x_wconf 78' lang='grc' dir='ltr'>διὸ</span> <span class='ocrx_word' id='word_1_660' title='bbox 2484 5262 2755 5334; x_wconf 80' lang='grc' dir='ltr'>κράζομεν</span> <span class='ocrx_word' id='word_1_661' title='bbox 2780 5282 2793 5294; x_wconf 94' lang='grc'><strong>·</strong></span> <span class='ocrx_word' id='word_1_662' title='bbox 2826 5263 3067 5336; x_wconf 84' lang='grc' dir='ltr'>Χαίροις,</span> <span class='ocrx_word' id='word_1_663' title='bbox 3101 5264 3274 5336; x_wconf 78' lang='grc' dir='ltr'>πάτερ</span> <span class='ocrx_word' id='word_1_664' title='bbox 3304 5265 3624 5335; x_wconf 82' lang='grc' dir='ltr'>παγκόσμιε.</span> 
     </span>
    </p>
   </div>
   <div class='ocr_carea' id='block_1_114' title="bbox 2868 5439 3136 5506">
    <p class='ocr_par' dir='ltr' id='par_1_114' title="bbox 2868 5439 3136 5506">
     <span class='ocr_line' id='line_1_114' title="bbox 2868 5439 3136 5506; baseline 0 -14"><span class='ocrx_word' id='word_1_665' title='bbox 2868 5439 2920 5492; x_wconf 78' lang='grc' dir='ltr'><em>Ὀ</em></span> <span class='ocrx_word' id='word_1_666' title='bbox 2956 5441 3136 5506; x_wconf 77' lang='grc' dir='ltr'>οἶκος.</span> 
     </span>
    </p>
   </div>
   <div class='ocr_carea' id='block_1_115' title="bbox 2293 5525 3762 5605">
    <p class='ocr_par' dir='ltr' id='par_1_115' title="bbox 2293 5525 3762 5605">
     <span class='ocr_line' id='line_1_115' title="bbox 2293 5525 3762 5605; baseline -0.001 -21"><span class='ocrx_word' id='word_1_667' title='bbox 2293 5531 2557 5601; x_wconf 82' lang='grc' dir='ltr'>Ἀγγελος</span> <span class='ocrx_word' id='word_1_668' title='bbox 2583 5531 2642 5598; x_wconf 75' lang='grc' dir='ltr'>ἐξ</span> <span class='ocrx_word' id='word_1_669' title='bbox 2671 5531 2973 5602; x_wconf 85' lang='grc' dir='ltr'>ἀνθρώπων</span> <span class='ocrx_word' id='word_1_670' title='bbox 3001 5535 3222 5605; x_wconf 75' lang='grc' dir='ltr'>ἀρεταῖς</span> <span class='ocrx_word' id='word_1_671' title='bbox 3252 5533 3593 5605; x_wconf 82' lang='grc' dir='ltr'>χρηματίσας</span> <span class='ocrx_word' id='word_1_672' title='bbox 3619 5531 3648 5583; x_wconf 82' lang='grc' dir='ltr'><strong>ὁ</strong></span> <span class='ocrx_word' id='word_1_673' title='bbox 3683 5525 3762 5597; x_wconf 78' lang='grc' dir='ltr'>μέ·</span> 
     </span>
    </p>
   </div>
   <div class='ocr_carea' id='block_1_116' title="bbox 2219 5610 3764 5697">
    <p class='ocr_par' dir='ltr' id='par_1_116' title="bbox 2219 5610 3764 5697">
     <span class='ocr_line' id='line_1_116' title="bbox 2219 5610 3764 5697; baseline -0.008 -19"><span class='ocrx_word' id='word_1_674' title='bbox 2219 5637 2322 5693; x_wconf 79' lang='grc' dir='ltr'><strong>γας</strong></span> <span class='ocrx_word' id='word_1_675' title='bbox 2351 5610 2640 5689; x_wconf 86' lang='grc' dir='ltr'>Διονύσιος,</span> <span class='ocrx_word' id='word_1_676' title='bbox 2665 5625 2847 5678; x_wconf 79' lang='grc' dir='ltr'>πᾶσαν</span> <span class='ocrx_word' id='word_1_677' title='bbox 2873 5626 2950 5689; x_wconf 85' lang='grc' dir='ltr'>ὡς</span> <span class='ocrx_word' id='word_1_678' title='bbox 2979 5627 3283 5697; x_wconf 80' lang='grc' dir='ltr'>ὑπόπτερος</span> <span class='ocrx_word' id='word_1_679' title='bbox 3311 5625 3521 5697; x_wconf 77' lang='grc' dir='ltr'>ἐμυήθη</span> <span class='ocrx_word' id='word_1_680' title='bbox 3549 5623 3634 5676; x_wconf 83' lang='grc' dir='ltr'>τὸν</span> <span class='ocrx_word' id='word_1_681' title='bbox 3659 5614 3764 5670; x_wconf 83' lang='grc' dir='ltr'>νοῦν</span> 
     </span>
    </p>
   </div>
   <div class='ocr_carea' id='block_1_117' title="bbox 2217 5712 3760 5790">
    <p class='ocr_par' dir='ltr' id='par_1_117' title="bbox 2217 5712 3760 5790">
     <span class='ocr_line' id='line_1_117' title="bbox 2217 5712 3760 5790; baseline 0 -21"><span class='ocrx_word' id='word_1_682' title='bbox 2217 5716 2317 5787; x_wconf 77' lang='grc' dir='ltr'>τὴν</span> <span class='ocrx_word' id='word_1_683' title='bbox 2343 5716 2592 5786; x_wconf 84' lang='grc' dir='ltr'>οὐράνιον</span> <span class='ocrx_word' id='word_1_684' title='bbox 2609 5716 2810 5786; x_wconf 91' lang='grc' dir='ltr'>γνῶσιν</span> <span class='ocrx_word' id='word_1_685' title='bbox 2825 5732 2837 5747; x_wconf 88' lang='grc'><strong>·</strong></span> <span class='ocrx_word' id='word_1_686' title='bbox 2865 5715 2946 5772; x_wconf 86' lang='grc' dir='ltr'>διὸ</span> <span class='ocrx_word' id='word_1_687' title='bbox 2969 5717 3173 5790; x_wconf 80' lang='grc' dir='ltr'>ᾄσμασι</span> <span class='ocrx_word' id='word_1_688' title='bbox 3203 5719 3279 5782; x_wconf 85' lang='grc' dir='ltr'>ὼς</span> <span class='ocrx_word' id='word_1_689' title='bbox 3303 5715 3530 5788; x_wconf 78' lang='grc' dir='ltr'>ἄγγελον</span> <span class='ocrx_word' id='word_1_690' title='bbox 3546 5712 3760 5785; x_wconf 79' lang='grc' dir='ltr'>τιμήσω-</span> 
     </span>
    </p>
   </div>
   <div class='ocr_carea' id='block_1_118' title="bbox 2224 5798 3762 5884">
    <p class='ocr_par' dir='ltr' id='par_1_118' title="bbox 2224 5798 3762 5884">
     <span class='ocr_line' id='line_1_118' title="bbox 2224 5798 3762 5884; baseline 0.003 -23"><span class='ocrx_word' id='word_1_691' title='bbox 2224 5827 2340 5881; x_wconf 86' lang='grc' dir='ltr'>μεν,</span> <span class='ocrx_word' id='word_1_692' title='bbox 2375 5805 2604 5879; x_wconf 82' lang='grc' dir='ltr'>βοῶντες</span> <span class='ocrx_word' id='word_1_693' title='bbox 2637 5808 2771 5880; x_wconf 83' lang='grc' dir='ltr'>πρὸς</span> <span class='ocrx_word' id='word_1_694' title='bbox 2797 5809 2959 5864; x_wconf 75' lang='grc' dir='ltr'>αὐτὸν</span> <span class='ocrx_word' id='word_1_695' title='bbox 2977 5810 3219 5865; x_wconf 79' lang='grc' dir='ltr'>τοιαῦτα⁶</span> <span class='ocrx_word' id='word_1_696' title='bbox 3245 5813 3436 5884; x_wconf 85' lang='grc' dir='ltr'>Χάῖρε,</span> <span class='ocrx_word' id='word_1_697' title='bbox 3457 5811 3488 5862; x_wconf 82' lang='grc' dir='ltr'><strong>ὁ</strong></span> <span class='ocrx_word' id='word_1_698' title='bbox 3510 5807 3660 5878; x_wconf 73' lang='grc' dir='ltr'>γνοὺς</span> <span class='ocrx_word' id='word_1_699' title='bbox 3686 5798 3762 5851; x_wconf 80' lang='grc' dir='ltr'><strong>τδν</strong></span> 
     </span>
    </p>
   </div>
   <div class='ocr_carea' id='block_1_119' title="bbox 2222 5889 3758 5976">
    <p class='ocr_par' dir='ltr' id='par_1_119' title="bbox 2222 5889 3758 5976">
     <span class='ocr_line' id='line_1_119' title="bbox 2222 5889 3758 5976; baseline -0.001 -20"><span class='ocrx_word' id='word_1_700' title='bbox 2222 5902 2452 5974; x_wconf 74' lang='grc' dir='ltr'>Χριστὸν</span> <span class='ocrx_word' id='word_1_701' title='bbox 2481 5902 2570 5958; x_wconf 79' lang='grc' dir='ltr'>διὰ</span> <span class='ocrx_word' id='word_1_702' title='bbox 2608 5903 2839 5956; x_wconf 84' lang='grc' dir='ltr'>Παύλου·</span> <span class='ocrx_word' id='word_1_703' title='bbox 2892 5897 3069 5975; x_wconf 72' lang='grc' dir='ltr'>χαῖρε,</span> <span class='ocrx_word' id='word_1_704' title='bbox 3118 5904 3342 5969; x_wconf 72' lang='grc' dir='ltr'>πολλοὺς</span> <span class='ocrx_word' id='word_1_705' title='bbox 3384 5905 3517 5976; x_wconf 76' lang='grc' dir='ltr'>πρὸς</span> <span class='ocrx_word' id='word_1_706' title='bbox 3558 5889 3758 5969; x_wconf 63' lang='grc' dir='ltr'><strong>Χριστὸν</strong></span> 
     </span>
    </p>
   </div>
  </div>
