3886 6532
174 383 276 439 585

1231 377 1612 445 ENCOMIUM,
1649 377 1741 434 EX
1777 377 2059 436 MEN/EIS
2091 379 2387 438 GR/ECls.

3325 392 3430 448 586

171 506 522 580 ἐπιστρέψας·
553 507 728 576 χαῖρε,
768 502 1026 556 πολυθέου
1057 500 1262 571 σκηνῆς
1295 500 1592 572 ὀλετήριον·
1632 501 1726 569 χαί

1853 508 1938 554 tos
1963 499 2030 552 ad
2056 499 2338 554 Christum
2369 499 2709 556 convcrtisti.
2730 499 2864 565 Ave,
2889 500 3227 557 tabernaculi
3256 503 3430 574 pluri-

170 621 248 674 ρε,
281 599 620 669 θεογνώστου
655 597 852 668 βουλῆς
893 595 1302 664 σκοπευτήριον·
1348 595 1526 665 χαῖρε,
1565 592 1746 662 βίϐλος

169 694 552 765 θεοχὰρακτος,
589 689 899 761 μυστηρίων
928 687 1186 759 θησαυρέ’
1222 687 1400 756 χαῖρε,
1425 684 1586 750 πίναξ
1629 683 1747 738 θεο-

169 789 423 857 μόρφωτε
459 783 549 837 καὶ
593 782 819 852 διόπτρα
846 778 1096 852 οὐρανοῦ·
1134 782 1314 850 χαῖρε,
1363 777 1532 831 ὅτιτὸ
1573 777 1744 841 πάθος

165 878 253 932 τοῦ
273 878 486 947 Κυρίου
515 875 772 938 κατεῖδες*
802 877 977 944 χαῖρε,
996 872 1148 944 ῥανὶς
1169 871 1510 924 κοιλαίνουσα
1537 870 1740 923 ἄνοιαν

164 975 339 1042 χαῖρε,
394 970 647 1042 φραγμδς
687 967 895 1021 ἀσεϐῶν
941 965 1252 1036 παροδείαςο
1292 966 1469 1035 χαῖρε,
1521 963 1745 1035 φωστὴρ

162 1065 284 1128 τοὺς
312 1064 540 1127 πιστοὺς
567 1058 943 1129 καταυγάζων·
974 1058 1152 1128 χαῖρε,
1182 1057 1357 1132 πάτερ
1386 1055 1715 1126 παγκόσμιε.

225 1239 403 1308 Οὗτος
439 1243 671 1314 πλούτῳ,
724 1241 818 1294 καὶ
857 1239 1004 1312 δόξῃ,
1039 1241 1133 1293 καὶ
1179 1241 1411 1300 συνέσει,
1445 1239 1538 1292 καὶ
1581 1239 1742 1311 σοφία

159 1339 261 1392 τῶν
308 1340 567 1392 ἁπάντων
609 1336 909 1406 ὑπερέχων,
954 1334 1062 1386 τῶν
1107 1335 1164 1386 ἐν
1205 1333 1283 1402 τῷ
1348 1325 1540 1404 Ἀρείῳ
1581 1332 1742 1403 πάγῳ

160 1429 460 1500 βουλευτῶν
497 1423 577 1491 εἷς
608 1423 708 1498 ἦν·
760 1427 854 1479 καὶ
890 1423 1179 1496 ἀγρευθεὶς
1208 1423 1314 1476 ὑπὸ
1361 1423 1455 1476 τοῦ
1502 1422 1738 1494 μεγάλου

160 1523 393 1589 Παύλου,
428 1523 520 1576 καὶ
548 1519 883 1591 βαπτισθεὶς,
913 1522 1293 1590 χειροτονεῖται
1327 1517 1642 1580 ἐπίσκοπος,
1672 1517 1740 1571 τὰ

157 1619 439 1689 ἀπόρρητα
473 1615 698 1688 μυηθεὶς
714 1615 821 1669 ὑπὸ
849 1613 945 1667 τοῦ
979 1613 1143 1683 σοφοῦ
1181 1613 1458 1685 Ἱεροθέου,
1487 1612 1580 1666 καὶ
1610 1629 1739 1680 συγ-

159 1711 454 1782 γράμματα
482 1708 887 1772 καταλελοιπὼς
917 1707 1215 1779 παράδοξα,
1241 1708 1330 1759 καὶ
1362 1706 1651 1776 θαυμαστὰ
1680 1725 1739 1760 τε

155 1803 242 1854 καὶ
276 1800 611 1872 ὑψηλότατα,
642 1793 716 1853 ὧν
743 1799 860 1862 ἑνὸς
882 1800 1020 1861 τέως
1051 1798 1419 1870 μνημονεῦσαι
1454 1799 1737 1870 ἐπικαιρό-

1852 587 1955 644 bus
1988 590 2338 648 inservientis
2377 593 2483 647 diis
2514 593 2805 662 pernicies.
2839 592 2975 657 Ave,
3009 595 3226 650 consilii
3256 612 3286 651 a
3316 597 3434 654 Deo

1849 683 2054 753 cogniti
2084 685 2331 754 specula.
2354 685 2486 754 Ave,
2506 687 2643 741 liber
2665 703 2694 740 a
2717 686 2827 740 Deo
2851 687 3113 757 inscripte
3141 693 3432 761 mysterio-

1848 790 1972 830 rmn
2007 777 2284 832 thesanre.
2314 777 2448 843 Ave,
2490 779 2674 832 tabula
2719 794 2748 832 a
2781 778 2892 834 Deo
2931 778 3187 846 formata,
3218 791 3273 837 et
3303 784 3431 839 οωίὶ

1846 868 2080 938 dieptra.
2115 869 2250 934 Ave,
2278 870 2425 940 quod
2458 870 2671 925 Domini
2702 872 3014 941 passionem
3045 877 3425 944 conspexeris.

1849 959 1987 1027 Ave,
2019 969 2172 1031 gutta
2218 963 2511 1017 amentiam
2551 979 2841 1018 excavans.
2879 965 3011 1031 Ave,
3061 965 3427 1034 scpimentum

1853 1065 2048 1110 contra
2079 1057 2372 1127 impiorum
2403 1072 2708 1112 accessum.
2743 1056 2874 1118 Ave,
2926 1055 3014 1111 fax
3059 1056 3246 1113 ﬁdeles
3297 1059 3425 1113 illu-

1845 1156 2052 1206 strans.
2082 1150 2214 1215 Ave,
2244 1157 2396 1220 pater
2425 1150 2666 1206 universi
2699 1151 2904 1204 mundi.

1917 1243 2018 1298 Hic
2049 1245 2280 1306 divitiis,
2303 1251 2359 1299 et
2396 1243 2592 1316 gloria,
2637 1251 2693 1298 et
2737 1244 2992 1310 scientia,
3033 1251 3088 1298 et
3130 1245 3421 1314 sapientia,

1842 1352 2035 1392 omnes
2069 1352 2360 1406 superans,
2416 1353 2559 1391 unus
2606 1351 2673 1390 ex
2719 1335 2883 1390 Arcio
2922 1352 3062 1407 pago
3106 1345 3423 1394 senatorum

1840 1437 1976 1493 erat,
2009 1437 2172 1498 atque
2203 1443 2234 1482 a
2265 1444 2462 1500 magno
2491 1427 2660 1485 Paulo
2698 1437 2898 1483 venatu
2937 1436 3130 1500 captus
3157 1437 3211 1484 et
3240 1431 3421 1500 bapti--

1840 1529 1998 1576 zatus
2046 1522 2336 1576 ordinatur
2378 1523 2691 1592 episcopus,
2737 1521 3036 1576 ineffabilia
3083 1525 3340 1594 mysteria
3390 1539 3421 1578 a

1839 1615 2088 1684 sapiente
2130 1613 2427 1669 llierotheo
2456 1613 2702 1672 edoctus.
2733 1623 2789 1668 et
2831 1615 3001 1668 libros
3040 1616 3261 1684 reliquit
3301 1617 3422 1686 opi-

1841 1705 2003 1760 nione
2027 1707 2286 1774 majores,
2316 1715 2370 1760 et
2391 1707 2768 1770 admirandos,
2794 1718 2848 1762 et
2877 1709 3322 1776 sublimissimos,
3355 1726 3420 1766 ex

1842 1797 2043 1865 quibus
2075 1796 2294 1852 interim
2325 1799 2486 1854 unius
2512 1800 2829 1856 meminisse
2860 1802 3416 1870 opportunissimum.

155 1911 326 1946 τατον.
360 1893 655 1964 Γενόμενόν
699 1909 784 1962 με,
826 1892 979 1962 φησὶ,
1017 1892 1146 1944 ποτὲ
1187 1892 1328 1944 κατά
1355 1890 1456 1962 τὴν
1483 1892 1726 1963 Κρήτην,

1835 1887 1975 1943 Cum
2031 1888 2324 1958 aliquando
2368 1890 2423 1944 in
2469 1890 2690 1944 Cretam
2736 1892 3004 1948 venissem
3031 1933 3046 1956 ,
3091 1893 3289 1964 inquit,
3333 1911 3420 1950 me

153 1987 178 2038 ὁ
199 1986 345 2057 ἱερὸς
367 1984 742 2056 ἐξεναγώγησε
775 1983 1020 2055 Κάρπος,
1053 1982 1210 2054 ἀνὴρ,
1242 1985 1290 2036 εἰ
1320 1983 1412 2036 καί
1441 2001 1525 2048 τις
1555 1983 1731 2049 ἄλλος,

153 2077 232 2131 διὰ
278 2077 482 2148 πολλὴν
532 2077 883 2148 καθαρότητα
927 2075 1020 2129 νοῦ
1068 2075 1208 2146 πρὸς
1252 2075 1504 2129 θεοπτίαν
1542 2076 1735 2146 ἐπιτη-

153 2167 434 2232 δειότατος.
467 2168 580 2221 Καὶ
606 2167 735 2237 γοῦν
762 2167 883 2220 οὐδὲ
908 2169 1028 2229 ταῖς
1066 2166 1174 2220 τῶν
1205 2167 1374 2235 ἁγίων
1421 2168 1732 2238 μυστηρίων

153 2261 387 2324 τελεταῖς
413 2261 710 2332 ἐπεχείρει,
740 2261 812 2330 μὴ
838 2258 1101 2330 πρότερον
1128 2259 1275 2330 αὐτῷ
1304 2259 1446 2312 κατὰ
1471 2259 1571 2323 τὰς
1601 2278 1734 2331 προ-

151 2354 381 2418 τελείους
415 2354 583 2424 εὐχὰς
616 2354 766 2425 ἱερᾶς
803 2353 897 2405 καὶ
929 2351 1188 2419 εὐμενοῦς
1213 2353 1453 2423 ὁράσεως
1482 2354 1733 2422 ἐκφαινο-

157 2447 334 2518 μένης.
393 2446 618 2514 Ἔλεγεν
669 2440 798 2507 οῦν,
849 2445 968 2510 ὅτι,
1011 2444 1373 2515 λελυπηκότος
1411 2445 1571 2498 αὐτὸν
1621 2445 1729 2498 τῶν

155 2539 391 2592 ἀπίστων
424 2539 597 2602 τινός⁶
645 2538 699 2609 (ἠ
733 2537 878 2607 λύπη
919 2537 977 2590 δὲ
1017 2533 1105 2609 ἦν,
1154 2539 1234 2590 ὅτι
1275 2538 1374 2608 τῆς
1405 2538 1730 2609 Ἐκκλησίας

154 2628 353 2692 ἐκεῖνος
396 2627 519 2682 τινὰ
552 2626 689 2699 πρὸς
726 2627 786 2680 τὸ
827 2628 982 2682 ἄθεον
1032 2628 1457 2699 ἀπεπλάνησεψ)
1499 2629 1578 2682 ἔτι
1620 2630 1730 2683 τῶν

165 2719 399 2791 Ἱλαρίων
433 2717 582 2788 αὐτῷ
614 2718 838 2789 ἡμερῶν
869 2719 1224 2790 τελουμένων,
1254 2719 1373 2772 δέον
1406 2719 1730 2791 ἀμφοτέρων

155 2809 551 2883 ἀγαθοπρεπῶς
600 2809 1029 2882 ὑπερεύξασθαι,
1075 2812 1166 2864 καὶ
1209 2811 1340 2865 Θεὸν
1389 2811 1729 2883 συλλήπτορα

153 2903 399 2968 λαϐόντα,
425 2904 517 2958 τὸν
551 2904 649 2976 μὲν
683 2904 992 2976 ἐπιτρέψαι,
1025 2905 1118 2957 τὸν
1153 2905 1208 2958 δὲ
1250 2905 1545 2976 ἀγαθότητι
1577 2907 1730 2977 νικῆ-

155 3011 236 3048 σαι
257 3013 269 3026 ’
306 2995 402 3049 καὶ
445 2995 518 3068 μὴ
553 2995 818 3049 διαλιπεῖν
852 2995 1205 3050 νουθετοῦντα
1255 2996 1343 3050 διὰ
1381 2996 1497 3067 βίου
1529 2997 1730 3061 παντὸς

153 3087 301 3158 ἄχρις
332 3080 394 3140 οῦ
423 3086 484 3139 τὸ
515 3088 774 3158 σήμερον,
811 3087 904 3140 καὶ
948 3086 1122 3151 οὕτως
1157 3087 1248 3140 ἐπὶ
1284 3089 1386 3159 τὴν
1418 3087 1568 3140 θείαν
1599 3086 1730 3141 ταῦ-

149 3193 240 3248 την
266 3179 494 3246 ἀγαγεῖν
527 3175 750 3246 γνῶσιν,
791 3175 868 3239 ῶς
898 3176 962 3229 ἂν
991 3177 1090 3247 ἤδη
1122 3175 1214 3228 καὶ
1245 3176 1353 3229 τῶν
1381 3177 1730 3248 ἀμφισϐητη-

153 3269 316 3340 σίμων
349 3271 534 3332 αὐτοῖς
563 3268 921 3339 κρινομένων,
952 3267 1045 3321 καὶ
1074 3267 1183 3320 τῶν
1228 3268 1438 3337 ἀλόγως
1471 3268 1731 3340 θρασυνο-

152 3361 316 3429 μένων
354 3361 563 3433 ἐννόμῳ
609 3360 729 3432 δίκῃ
766 3363 1060 3431 σωφρονεῖν
1089 3359 1546 3430 ἀναγκαζομένων
1565 3378 1579 3391 ’
1612 3361 1726 3414 ἀλλ’

148 3451 231 3521 ἱγε
263 3455 338 3526 μὴ
383 3454 649 3526 πρότερον
684 3452 843 3506 τοῦτο
886 3452 1094 3514 παθὼν,
1128 3453 1229 3506 οὑκ
1274 3448 1369 3506 οἷδ’
1415 3454 1563 3518 ὅπως
1604 3453 1726 3507 τότε

149 3547 337 3621 πολλὴν
363 3536 694 3619 ’δυσμένειαν
724 3546 815 3600 καὶ
849 3545 1076 3617 πικρίαν
1093 3545 1322 3616 ὲντήξας
1337 3547 1402 3616 τῇ
1419 3544 1563 3615 ψυχῇ
1593 3563 1728 3598 κατ-

148 3639 335 3713 έδραμε
375 3643 473 3712 μὲν
506 3639 649 3693 οὕτω
679 3637 864 3702 κακῶς
907 3638 1066 3709 έχων·
1099 3638 1307 3709 ἑσπέρα
1335 3638 1444 3710 γὰρ
1472 3634 1559 3710 ἦν·
1597 3641 1726 3710 περὶ

145 3729 196 3784 δὲ
233 3733 405 3803 μέσας
451 3731 654 3795 νύκτας
699 3729 900 3803 (εἰώθει
941 3730 1050 3802 γὰρ
1082 3732 1163 3794 είς
1207 3730 1355 3783 τόνδε
1397 3730 1490 3784 τὸν
1535 3732 1727 3803 καιρὸν

145 3825 293 3891 αὐτὸς
327 3827 413 3896 ἐφ’
448 3823 643 3879 ἑαυτοῦ
696 3823 832 3895 πρὸς
876 3824 1002 3887 τοὺς
1039 3823 1216 3887 θείους
1250 3821 1454 3894 ὕμνους
1496 3825 1726 3896 ἐγρηγο-

148 3918 282 3988 ρέναι
304 3921 346 3992 ο)
380 3918 714 3973 διανίσταται
747 3916 864 3988 μὲν,
888 3915 1010 3968 οὐδὲ
1035 3914 1142 3967 τῶν
1168 3914 1350 3968 ὕπνων
1370 3915 1569 3981 αὐτῶν,
1599 3916 1727 3968 πολ-

145 4009 239 4066 λῶν
269 4031 336 4083 γε
387 4013 558 4065 ὄντων
600 4009 694 4064 καὶ
729 4008 816 4062 ἀεὶ
861 4006 1303 4078 ὲγκοπτομένων,
1328 4005 1432 4072 ἔξω
1477 4007 1725 4078 ταραχῆς

145 4105 596 4178 παραπολαύσας·
639 4099 809 4165 ἑστὼς
841 4101 899 4153 δὲ
947 4101 1098 4171 ὅμως
1144 4101 1224 4162 εἱς
1267 4099 1366 4169 τὴν
1411 4098 1558 4152 θείαν
1602 4101 1724 4170 ὁμι-

141 4195 268 4265 λίαν,
300 4199 403 4252 οῦκ
435 4195 649 4264 εὐαγῶς
679 4196 869 4265 ἠνιᾶτο
897 4194 990 4246 καὶ
1023 4191 1418 4263 ἐδυσχέραινεν,
1453 4191 1552 4244 οῦκ
1584 4188 1721 4245 εἶναι

142 4288 338 4345 δίκαιον
369 4291 569 4358 λέγων,
622 4290 670 4341 εί
704 4286 871 4352 ζῶσιν
919 4286 1111 4357 ἄνδρες
1143 4284 1292 4340 ἄθεοι
1339 4284 1432 4338 καὶ
1473 4284 1723 4356 διαστρέ-

144 4399 290 4450 φουσι
313 4383 413 4447 τὰς
449 4383 606 4445 ὁδοὺς
639 4380 842 4451 Κυρίου
876 4379 976 4443 τὰς
1019 4378 1251 4441 εὐθείας.
1286 4377 1396 4430 Καὶ
1435 4377 1606 4430 ταῦτα
1637 4377 1722 4431 λέ-

145 4491 242 4542 γων
271 4478 449 4530 ἐδεῖτο
478 4474 572 4527 τοῦ
606 4473 761 4536 Θεοῦ,
813 4470 1090 4544 πρηστῆρί
1132 4488 1237 4523 τινι
1270 4469 1369 4531 τὰς
1398 4470 1720 4541 ἀμφοτέρων

1836 1978 2050 2049 Carpus
2084 1981 2322 2050 hospitio
2362 1982 2596 2051 excepit,
2635 1983 2740 2046 vir,
2769 1983 2814 2038 si
2841 1983 2966 2054 quis
2998 1985 3158 2050 alius,
3196 1994 3421 2056 propter

1835 2086 2088 2141 magnam
2136 2073 2338 2128 mentis
2389 2075 2678 2142 puritatem
2732 2073 2800 2128 ad
2853 2075 3189 2130 cernendum
3245 2076 3418 2132 Deum

1834 2165 2175 2233 aptissimus.
2210 2163 2398 2234 Neque
2429 2167 2575 2219 enim
2611 2182 2801 2221 saeros
2840 2168 3228 2236 mysteriorum
3273 2170 3418 2226 ritus

1833 2254 2274 2324 aggrediebatur,
2302 2257 2407 2310 nisi
2453 2257 2606 2325 prius
2639 2257 2738 2326 ipsi
2775 2257 2829 2310 in
2874 2257 2942 2311 iis
2980 2260 3255 2327 precibus,
3295 2277 3418 2331 qua:

1833 2355 1992 2400 antea
2015 2346 2179 2419 340
2208 2348 2394 2418 perlici
2421 2349 2619 2408 solent.
2658 2365 2815 2403 sacra
2838 2357 2892 2404 et
2922 2351 3042 2404 laita
3066 2353 3415 2421 apparuisset

1832 2438 1989 2492 visio.
2018 2437 2070 2492 ls
2109 2439 2331 2508 quidem
2374 2440 2656 2503 narrabat,
2697 2455 2825 2494 cum
2871 2455 2902 2492 a
2941 2441 3202 2509 quodam,
3253 2443 3346 2512 qui
3381 2459 3410 2496 a

1833 2527 1939 2583 ﬁde
1969 2530 2342 2601 religioneque
2372 2538 2564 2587 nostra
2611 2531 2955 2596 abhorreret,
3003 2531 3141 2588 forte
3170 2532 3413 2589 oﬁ'ensus

1830 2628 1980 2675 esset
2017 2622 2278 2691 (tristitiae
2317 2630 2498 2678 autem
2539 2638 2708 2678 causa
2740 2631 2892 2687 erat,
2925 2624 3072 2693 quod
3102 2625 3190 2680 ille
3215 2626 3283 2681 ab
3311 2625 3416 2681 Ec-

1831 2712 1998 2767 clesia
2025 2715 2313 2783 quemdam
2340 2716 2407 2769 ad
2433 2715 2661 2785 impium
2679 2716 2884 2770 cultum
2903 2717 3268 2788 traduxerat),
3295 2726 3412 2773 tum

1831 2815 1957 2856 cum
1980 2806 2143 2858 etiam
2172 2806 2241 2860 ab
2271 2806 2392 2876 ipso
2431 2806 2668 2876 (scilicet
2696 2807 3031 2873 Christiano,
3063 2818 3286 2879 propter
3315 2811 3414 2866 ba-

1832 2895 2116 2967 ptismum)
2171 2897 2378 2952 llilaria
2428 2910 2759 2969 agerentur;
2805 2916 2928 2955 cum
2973 2902 3263 2972 benignam
3312 2919 3414 2973 pro

1831 2995 2068 3058 utroque
2091 2989 2160 3043 ad
2193 2989 2364 3044 Deum
2395 2993 2768 3060 precationem
2808 2992 3042 3047 fundere
3068 3009 3294 3049 necesse
3321 3009 3414 3050 es-

1831 3089 1934 3155 νι,
1965 3081 2181 3152 Deoque
2208 3091 2490 3138 servatore
2517 3084 2767 3153 adjutore
2795 3084 3076 3152 adjuncto,
3100 3085 3255 3138 illum
3286 3085 3414 3155 qui-

1831 3173 1954 3228 dem
1989 3182 2330 3241 convertere,
2356 3175 2503 3230 hunc
2533 3190 2663 3231 vero
2691 3177 2911 3232 vincere
2942 3177 3279 3247 benignitate
3308 3193 3411 3234 nec

1831 3267 2097 3323 desistere
2149 3267 2445 3324 admonere
2483 3284 2582 3340 per
2619 3284 2782 3324 omne
2833 3278 3070 3339 tempus,
3119 3285 3293 3341 usque
3342 3273 3413 3329 ad

1835 3355 1980 3410 hunc
2028 3357 2205 3427 ipsum
2253 3357 2422 3424 diem,
2475 3368 2641 3429 atque
2693 3360 2768 3413 ita
2806 3359 3024 3414 demum
3061 3375 3157 3416 eos
3203 3361 3271 3416 ad
3318 3361 3410 3419 Dei

1831 3449 2082 3504 notitiam
2115 3451 2422 3518 deducere;
2455 3454 2612 3522 quasi
2639 3452 2752 3522 jam
2785 3467 2870 3514 ea,
2907 3452 2975 3507 de
3005 3455 3206 3523 quibus
3251 3465 3412 3513 antea

1830 3543 2169 3609 dubitarent,
2203 3543 2505 3613 dijudicata
2534 3555 2742 3609 essent,
2775 3552 2829 3600 et
2859 3546 2929 3601 ab
2955 3547 3023 3602 iis
3053 3563 3175 3618 quae
3215 3549 3411 3605 incon-

1830 3635 2066 3691 siderate
2096 3636 2218 3691 ausi
2247 3646 2452 3699 essent,
2484 3636 2816 3706 resipiscere
2843 3638 3085 3709 legitima
3116 3640 3410 3695 severitate

1828 3734 2191 3796 cogerentur;
2225 3736 2338 3780 tum
2363 3736 2546 3781 tamen
2574 3726 2628 3780 id
2655 3726 2802 3796 quod
2829 3743 3110 3798 nunquam
3140 3729 3246 3784 sibi
3274 3745 3409 3785 usu-

1827 3821 2090 3883 venissct,
2147 3819 2292 3873 baud
2340 3819 2458 3874 scio
2505 3820 2782 3888 quomodo
2826 3835 3026 3890 magno
3071 3821 3308 3889 quodam
3353 3833 3407 3878 et

1827 3911 2026 3966 acerbo
2051 3911 2220 3965 animi
2249 3910 2440 3965 dolore
2478 3909 2812 3974 confectum,
2846 3911 3018 3980 quieti
3055 3909 3308 3973 dedisse;
3339 3927 3405 3968 ac

1827 4019 1886 4059 se
1919 4003 2139 4073 quidem
2181 4003 2453 4058 dormisse
2485 4004 2561 4056 ita
2605 4003 2747 4057 male
2783 4001 3034 4056 aﬁ‘ectum
3079 4005 3218 4069 (erat
3255 4003 3403 4056 enim

1825 4095 2116 4167 vespera);
2148 4095 2328 4150 media
2358 4103 2540 4150 autem
2572 4094 2792 4149 circiter
2819 4101 2979 4148 nocte
3010 4093 3228 4164 (solitus
3256 4094 3402 4148 enim

1824 4195 1946 4244 erat
1972 4189 2078 4242 hoc
2119 4195 2365 4258 tempore
2410 4203 2506 4258 per
2535 4202 2594 4242 se
2625 4187 2689 4241 ad
2731 4186 2950 4242 divinos
2995 4185 3230 4257 hymnos
3266 4185 3405 4256 vigi-

1824 4281 1958 4353 lare)
1991 4282 2300 4336 surrexisse
2327 4281 2572 4351 quidem,
2619 4295 2743 4333 cum
2779 4295 2880 4334 nec
2903 4294 3176 4350 ‘somnum
3222 4277 3403 4348 ipsum

1823 4376 1917 4445 qui
1947 4376 2094 4430 altus
2125 4374 2344 4437 fuisset,
2374 4381 2428 4429 et
2467 4389 2685 4443 semper
2727 4373 3069 4441 interruptus
3109 4371 3230 4425 sine
3267 4385 3403 4425 con-

1825 4467 2140 4521 turbatione
2180 4467 2438 4535 cepisset,
2483 4472 2718 4519 stantem
2749 4471 2931 4518 tamen
2964 4463 3029 4517 ad
3064 4463 3250 4517 divina
3289 4462 3404 4518 col-

145 4569 213 4633 εἰς
237 4568 388 4634 ama
419 4565 662 4638 ἀνηλεῶς
682 4565 995 4620 ἀποσπάσαι
1025 4563 1186 4628 ζωᾶς.
1208 4563 1317 4615 Καὶ
1349 4563 1522 4615 ταῦτα
1553 4561 1720 4615 εἰπὼν

1831 4561 2030 4631 quuia,
2066 4560 2371 4630 irreligiose
2413 4557 2679 4622 doluisse,
2722 4565 2776 4612 et
2817 4557 3014 4612 acerbe
3061 4557 3276 4623 tulisse,
3319 4555 3404 4610 di-

144 4659 281 4730 ἔλεγε
315 4661 464 4726 δόξαι
502 4659 627 4712 ἰδεῖν
661 4658 814 4727 ἄφνω
843 4657 935 4710 τὸν
968 4652 1136 4721 οἷκον,
1174 4658 1233 4709 ἐν
1272 4649 1424 4728 ᾧπερ
1453 4657 1716 4726 εἱστήκει,

139 4748 511 4822 διαδονηθέντα
559 4750 846 4822 πρότερον,
891 4749 984 4802 καὶ
1030 4749 1094 4802 ἐκ
1143 4749 1244 4820 τῆς
1276 4748 1480 4820 ὀροφῆς
1517 4750 1596 4810 είς
1627 4746 1720 4800 δύο

143 4843 302 4911 μέσον
335 4842 696 4915 διαιρεθέντα,
729 4841 821 4894 καί
843 4858 963 4894 τινα
997 4839 1166 4910 πυρὸς
1199 4839 1370 4908 φλόγα
1406 4837 1717 4907 πολύφωτον

140 4931 438 5006 ἔμπροσθεν
487 4933 676 4995 αὐτοῦ,
713 4933 807 4986 καὶ
840 4932 1076 5004 ταύτην,
1128 4931 1329 5003 (ἐδόκει
1376 4931 1486 5002 γὰρ
1531 4931 1716 4983 λοιπὸν

140 5021 393 5096 ὕπαιθρος
424 5029 453 5079 ὁ
483 5026 687 5097 τόπος)
711 5025 892 5080 λοιπὸν
926 5029 989 5079 ὲκ
1009 5025 1101 5078 τοῦ
1134 5025 1385 5096 οὐρανίου
1419 5023 1595 5096 χώρου
1623 5025 1716 5095 μέ-

140 5133 247 5187 χρις
292 5118 462 5172 αὐτοῦ
508 5118 988 5189 καταφερομένην’
1032 5117 1124 5170 τὸν
1175 5117 1231 5170 δὲ
1276 5117 1504 5189 οὐρανὸν
1552 5117 1714 5170 αὐτὸν

139 5207 604 5281 ἀναπεπταμένον,
655 5210 748 5263 καὶ
781 5211 874 5262 ἐπὶ
914 5209 993 5280 τῷ
1034 5208 1188 5279 νώτῳ
1221 5209 1315 5261 τοῦ
1346 5207 1575 5280 οὐρανοῦ
1623 5208 1713 5262 τὸν

149 5300 366 5373 Ἰησοῦν,
397 5302 642 5373 ἀπείρων
671 5301 818 5372 αὐτῷ
845 5299 1260 5374 ἀνθρωποειδῶς
1293 5300 1714 5371 παρισταμένων

139 5392 388 5464 ἀγγέλων.
429 5394 542 5447 Καὶ
573 5393 742 5447 ταῦτα
779 5393 875 5465 μὲν
909 5392 1112 5448 ἀνωθεν
1145 5391 1392 5463 ὁρᾶσθαι,
1427 5391 1521 5444 καὶ
1553 5391 1713 5444 αὑτὸν

140 5481 424 5558 θαυμάζειν
445 5503 460 5516 ·
506 5485 654 5538 κάτω
675 5485 732 5537 δὲ
773 5484 951 5554 κύψας
982 5486 1010 5537 ὁ
1045 5484 1292 5553 Κάρπος,
1336 5482 1461 5534 ἰδεῖν
1490 5481 1593 5551 ἔφη
1620 5483 1713 5535 καὶ

140 5573 189 5628 τὸ
221 5578 416 5647 ἔδαφος
441 5577 578 5648 πρὸς
611 5577 808 5648 ἀχανές
839 5595 894 5629 τι
930 5577 1118 5646 χάσμα
1145 5575 1239 5627 καί
1265 5573 1536 5628 σκοτεινὸν
1563 5574 1709 5645 διερ-

143 5669 421 5740 ρηγμένον,
450 5669 544 5722 καὶ
567 5671 691 5732 τοὺς
719 5669 816 5740 μὲν
841 5668 1040 5739 ἄνδρας
1072 5667 1311 5729 ἐκείνους
1341 5660 1421 5729 οἷς
1448 5667 1708 5737 ἐπηρᾶτο,

143 5759 235 5831 πρὸ
257 5761 422 5814 αὑτοῦ
449 5760 673 5814 κατὰτὸ
716 5760 933 5830 στόμιον
973 5759 1258 5828 ἐστηκέναι
1299 5757 1392 5809 τοῦ
1431 5756 1710 5826 χάσματος

145 5843 488 5920 ὑποτρόμους,
544 5847 838 5910 ἐλεεινοὺς,
875 5849 998 5900 ὅσον
1039 5847 1190 5900 οῦπω
1234 5845 1706 5916 καταφερομένους

448 5944 721 6002 ΡΑΤιιοι.
757 5942 872 6001 Gn.
912 5944 1015 6003 IV.

1821 4664 2058 4720 contem,
2095 4669 2206 4708 non
2251 4667 2378 4708 esse
2415 4666 2633 4721 acquum
2669 4651 2819 4705 viros
2869 4650 3066 4720 impios
3110 4649 3316 4713 vivere,
3349 4656 3403 4704 et

1819 4745 1913 4816 qui
1945 4745 2065 4800 vias
2105 4743 2324 4799 Domini
2367 4751 2550 4798 rectas
2587 4751 2963 4813 perverterent
3005 4763 3016 4798 :
3058 4744 3175 4800 haec
3210 4745 3402 4799 dicen—

1821 4845 1953 4901 tem,
1992 4846 2274 4908 precatum
2303 4853 2426 4892 esse
2471 4851 2501 4889 a
2560 4835 2689 4899 Deo,
2749 4845 2808 4890 ut
2864 4837 3148 4891 amborum
3189 4838 3397 4901 vitam,

1821 4930 1939 4984 sine
1992 4929 2367 4986 misericordia
2398 4928 2617 4982 turbine
2657 4929 2841 4999 aliquo
2895 4929 3057 4999 igneo
3101 4929 3397 4995 abrumpe-

1818 5030 1920 5075 ret.
1953 5019 2086 5085 Quze
2115 5037 2238 5074 cum
2275 5021 2542 5082 dixisset,
2587 5019 3053 5074 commemorabat
3083 5016 3185 5072 sibi
3218 5015 3395 5069 visum

1817 5129 1940 5168 esse
1968 5113 2152 5167 videre
2197 5121 2421 5182 repente
2459 5112 2680 5166 domum
2714 5112 2771 5166 in
2811 5126 2918 5181 qua
2964 5115 3156 5172 staret,
3198 5104 3395 5175 agitari

1817 5206 2075 5274 primum,
2111 5204 2310 5259 deinde
2341 5219 2372 5257 a
2402 5204 2609 5260 vertice
2647 5203 2703 5258 in
2733 5203 2874 5258 duas
2915 5207 3100 5272 partes
3133 5195 3394 5252 dimidias

1817 5295 2009 5359 dividi,
2037 5306 2090 5350 et
2115 5305 2242 5350 ante
2282 5311 2342 5350 se
2369 5311 2561 5366 rogum
2590 5294 2880 5366 quemdam
2911 5291 3097 5363 magni
3140 5286 3390 5354 luminis,

1814 5401 2049 5457 eumque
2088 5386 2215 5455 (sub
2245 5387 2336 5442 dio
2370 5387 2516 5442 enim
2550 5386 2707 5442 locus
2740 5386 2830 5440 ille
2857 5398 2982 5439 esse
3023 5377 3332 5448 videbatur)
3359 5391 3393 5432 e

1814 5476 1954 5531 coelo
1985 5491 2162 5547 usque
2187 5478 2253 5531 ad
2287 5478 2528 5548 seipsum
2555 5477 2758 5533 deferri
2793 5492 2807 5529 :
2836 5474 3034 5528 coelum
3068 5484 3200 5526 vero
3233 5482 3393 5538 aper-

1813 5573 1941 5622 tum.
1970 5573 2023 5621 et
2058 5566 2114 5620 in
2144 5582 2387 5622 convexa
2418 5567 2545 5621 οωιί
2574 5564 2862 5636 superficie
2891 5560 3079 5616 Jesum
3121 5559 3391 5614 assisten-

1812 5659 1964 5714 tibus
1993 5659 2486 5714 innumerabilibus
2516 5658 2744 5727 angelis,
2789 5652 3073 5707 hominum
3123 5649 3295 5721 ﬁgura
3334 5657 3391 5702 et

1814 5752 2012 5821 specie.
2062 5750 2240 5820 Atque
2281 5751 2397 5805 haec
2445 5750 2663 5818 quidem
2694 5762 2724 5801 a
2765 5745 2906 5800 caelo
2947 5743 3126 5798 videri
3173 5755 3382 5796 summa

1813 5859 1936 5899 cum
1974 5859 2074 5900 sua
2097 5844 2496 5916 -admirationc.
2551 5841 2688 5895 Cum
2742 5845 2924 5893 autem
2967 5837 3087 5906 ipse
3126 5837 3384 5892 deorsum

2997 5935 3074 5996 19
