3886 6530
509 393 612 447 587

1637 385 1693 439 S.
1733 384 2032 440 DIONYSII
2077 380 2536 438 AREOPAGITE

3655 382 3756 438 588

502 506 694 562 oculos
725 503 1108 566 convertisset,
1130 515 1353 556 cernere
1383 517 1441 554 se
1470 501 1650 555 aiebat
1675 502 1840 555 etiam
1870 510 2068 556 terram

2320 499 2420 567 τῆς
2439 498 2551 551 τῶν
2593 496 2810 550 οἰκείων
2849 496 3026 550 ποδῶν
3067 497 3365 562 ἁστασίας·
3407 499 3658 553 κάτωθεν
3701 501 3756 553 δὲ

501 611 675 666 ipsam
706 594 781 647 ita
809 591 1153 654 discessisse,
1194 597 1253 642 ut
1281 590 1554 644 obscurus
1582 587 1804 658 quidam
1834 598 1888 642 et
1919 595 2076 641 tene-

499 688 753 742 brieosus
776 685 956 739 hiatus
984 682 1252 736 exsistere
1281 681 1562 736 videretur
1586 697 1601 732 :
1632 690 1795 750 atque
1820 681 2072 734 homines

497 777 716 848 quidem
757 775 880 829 illos
918 773 1123 844 quibus
1168 774 1309 827 male
1356 781 1615 843 precatus
1643 781 1811 838 esset,
1846 781 1974 826 ante
2014 785 2074 826 se

499 869 567 923 ad
613 885 677 924 os
708 867 890 921 hiatus
930 874 1078 921 stare
1123 874 1422 920 trementes
1469 874 1524 920 et
1565 867 1834 926 miseros,
1875 872 1931 919 et
1977 864 2070 933 qui

501 962 611 1016 fere
640 975 753 1031 pra:
791 960 993 1029 pedum
1026 972 1253 1014 suorum
1297 957 1659 1011 instabilitate
1688 957 2074 1024 demergeren-

496 1061 626 1108 tur:
654 1053 722 1106 ab
762 1051 1026 1105 inferiore
1058 1056 1242 1102 autem
1276 1050 1397 1100 loco
1430 1063 1496 1102 ex
1525 1047 1676 1100 hiatu
1707 1061 1914 1116 angues
1943 1060 2071 1100 sur-

497 1160 621 1200 sum
665 1157 912 1212 serpere,
957 1151 1121 1210 atque
1165 1139 1233 1192 ad
1275 1153 1466 1193 eorum
1506 1136 1671 1207 pedes
1704 1151 1828 1189 cum
1868 1136 2070 1190 sensim

493 1241 872 1296 moverentur,
904 1231 1062 1303 341
1111 1230 1382 1284 interdum
1431 1228 1653 1298 quidem
1696 1227 1921 1280 sibilare
1963 1226 2073 1278 mi-

490 1335 714 1388 nantes,
758 1325 925 1380 simul
962 1332 1016 1378 et
1042 1323 1410 1391 deprimentes
1441 1329 1603 1388 atque
1629 1317 1912 1370 trahentes
1943 1335 1957 1370 :
1987 1316 2072 1369 in.

495 1423 710 1478 terdum
735 1430 919 1475 autem
948 1419 1204 1474 dentibus
1230 1425 1324 1472 aut
1352 1416 1544 1470 caudis
1573 1413 1951 1474 incendentes,
1986 1412 2071 1465 vel

494 1513 894 1574 demulcentes,
923 1511 1181 1579 omnique
1226 1508 1439 1562 ratione
1477 1514 1726 1577 agentes,
1774 1511 1835 1558 ut
1876 1518 1974 1558 eos
2014 1503 2072 1556 in

493 1605 706 1660 hiatum
761 1605 914 1658 illum
959 1601 1268 1670 injicerent.
1312 1599 1448 1653 Esse
1486 1600 1652 1654 etiam
1703 1595 1970 1668 quosdam
2012 1595 2072 1668 in

493 1695 700 1758 medio,
733 1693 825 1762 qui
857 1707 966 1746 una
1009 1706 1134 1745 cum
1171 1692 1522 1760 serpentibus
1563 1690 1618 1743 in
1661 1689 1910 1742 homines
1947 1687 2071 1740 illos

493 1785 816 1841 invaderent
872 1784 1263 1854 exagitatione,
1307 1783 1502 1851 pulsu,
1555 1790 1610 1834 et
1665 1779 2066 1849 percussione:

2172 592 2280 644 ἀπὸ
2325 590 2418 642 τοῦ
2460 590 2756 658 χάσματος,
2799 589 2954 656 (451;
2999 590 3275 659 ἀνέρπειν,
3316 590 3414 641 καὶ
3457 589 3591 660 περὶ
3635 592 3757 655 τοὺς

2173 682 2343 743 πόδας
2397 681 2573 732 αὐτῶν
2622 681 3103 748 ύποκινουμένους,
3152 681 3282 732 ποτέ
3333 680 3434 749 μὲν
3487 680 3758 749 συρίττειν

2173 770 2686 839 ἐπαπειλουμένους,
2719 771 2836 839 ἀμα
2862 771 2958 822 καὶ
2983 770 3402 840 ἐπιῦαφῦντας,
3445 771 3543 824 καὶ
3579 771 3759 824 23.nov-

2171 879 2271 924 τας
2289 879 2303 891 ο
2337 862 2466 916 ποτὲ
2493 860 2553 912 δὲ
2580 861 2672 912 καὶ
2695 864 2808 922 τοῖς
2840 861 3082 930 ούραίοις
3116 862 3490 929 ύποτύιροντας
3515 862 3612 916 καὶ
3632 863 3758 914 ὐπο-

2171 952 2620 1022 γαργαλίζοντας,
2651 951 2746 1004 καὶ
2777 952 2866 1004 διὰ
2911 953 3113 1015 παντὸς
3149 955 3229 1016 εἰς
3255 955 3317 1006 τὸ
3356 955 3560 1024 ἀχανὲς
3593 956 3759 1024 ἐμϐα-

2173 1043 2284 1093 λεῖν
2339 1043 2784 1112 μηχανωμένους.
2838 1038 2992 1094 Εἶναι
3022 1043 3080 1094 δὲ
3119 1045 3214 1096 καὶ
3263 1045 3466 1116 dvbpa;
3512 1046 3666 1109 τινὰς
3701 1048 3756 1099 ἐν

2175 1135 2325 1203 μέσῳ
2361 1137 2476 1195 τοῖς
2524 1132 2699 1200 δφεσι,
2752 1134 2892 1185 κατά
2931 1133 3041 1185 τῶν
3081 1135 3292 1206 ἀνδρῶν
3340 1137 3756 1208 συνεπιτιθεμέ-

2171 1241 2313 1286 νους,
2336 1223 2710 1286 διαδονοῦντας
2747 1225 2864 1295 ἃμα
2904 1227 2999 1278 καὶ
3024 1227 3393 1289 ὑπιυθοῦντας,
3440 1229 3539 1280 καὶ
3574 1230 3758 1281 παίον-

2170 1339 2270 1383 τας
2289 1338 2304 1350 ·
2335 1322 2549 1374 ἐδόκουν
2583 1322 2640 1374 δὲ
2669 1317 2809 1374 εἶναι
2841 1323 2978 1392 πρὸς
3000 1321 3063 1373 τὸ
3091 1325 3276 1374 πεσεῖν
3304 1324 3531 1384 ἐκεῖνοι,
3564 1322 3635 1374 τά
3664 1323 3756 1391 μὲν

2155 1411 2408 1476 ἐκόντες,
2459 1415 2528 1466 τά
2564 1413 2620 1465 δὲ
2663 1414 2909 1476 ἄκοντες,
2953 1415 3059 1466 ὑπὸ
3089 1413 3185 1466 τοῦ
3231 1413 3406 1466 κακοῦ
3451 1413 3756 1483 βιαζόμενοι

2171 1506 2291 1558 κατ’
2325 1505 2503 1574 ὀλίγον
2537 1507 2652 1574 ἁμα
2692 1507 2789 1558 καὶ
2830 1505 3162 1575 πειθόμενοι.
3201 1507 3396 1574 Ἔλεγε
3429 1505 3489 1557 δέ
3539 1506 3698 1558 αὐτὸν
3729 1508 3757 1558 ὁ

2173 1597 2401 1668 Κάρπος
2427 1597 2646 1667 ἥδεσθαι
2671 1597 2824 1650 κάτω
2854 1597 3138 1665 βλέποντα,
3164 1597 3274 1650 τῶν
3295 1599 3409 1651 ἁνω
3427 1599 3488 1650 δὲ
3519 1597 3752 1667 ἀμελεῐνο

2170 1691 2544 1760 δυσχεραίνειν
2587 1691 2647 1742 δὲ
2677 1691 2771 1742 καὶ
2817 1690 3120 1758 ὀλιγωρεῖν,
3154 1691 3238 1742 δτι
3275 1691 3350 1760 μὴ
3395 1689 3500 1760 ἥδη
3545 1690 3758 1743 πεπτώ-

2172 1801 2321 1843 κασι,
2369 1785 2463 1836 καὶ
2515 1783 2594 1852 τῷ
2648 1783 2933 1852 πράγματι
2985 1783 3244 1846 πολλάκις
3300 1784 3627 1854 ἐπιθέμενον
3670 1784 3755 1837 καὶ

491 1879 646 1934 visos
692 1886 873 1931 autem
922 1891 1045 1930 esse
1086 1875 1236 1929 viros
1275 1873 1553 1930 decidere.
1601 1873 1800 1942 partim
1847 1877 2064 1941 sponte,

2170 1875 2593 1943 ἀδυνατησαντα,
2641 1874 3006 1943 ἀχθεσθῆναι,
3055 1878 3151 1928 καὶ
3193 1877 3617 1947 ἐπαράσασθαι·
3670 1879 3757 1930 καὶ

493 1969 696 2040 partim
744 1968 952 2030 invite,
995 1967 1140 2036 quod
1192 1981 1222 2018 a
1272 1965 1418 2017 malo
1468 1964 1673 2018 sensim
1722 1971 2067 2032 cogerentur.

493 2059 766 2114 Narrabat
807 2072 973 2128 porro
994 2057 1065 2111 Ca
1078 2072 1208 2126 rpus
1244 2072 1305 2111 se
1333 2055 1666 2124 voluptatem
1707 2069 1904 2123 capere
1935 2052 2071 2107 soli-

489 2158 637 2212 tum,
666 2165 790 2202 cum
837 2148 1096 2202 interiora
1140 2146 1433 2216 aspiceret,
1479 2145 1765 2213 superiora
1805 2159 1936 2197 vero
1978 2157 2073 2196 ne-

494 2240 743 2310 gligere:
786 2240 1024 2307 graviter
1073 2245 1254 2290 autem
1305 2234 1448 2290 ferre
1493 2243 1549 2287 et
1584 2234 1881 2303 negligere,
1924 2232 2071 2302 quod

491 2330 736 2384 nondum
767 2328 1130 2391 decidissent,
1165 2336 1330 2397 atque
1358 2327 1416 2381 in
1442 2325 1587 2382 hanc
1613 2340 1730 2379 rem
1771 2339 1894 2378 cum
1926 2337 2069 2392 saepe

492 2421 857 2483 incubuisset,
887 2435 989 2474 nec
1014 2418 1366 2489 profecisset.
1415 2423 1472 2470 et
1517 2416 1716 2469 acerbe
1751 2415 1967 2479 tulisse,
2014 2421 2070 2468 et

488 2513 633 2567 male
657 2521 940 2582 precatum
971 2527 1094 2566 esse
1125 2531 1137 2564 :
1162 2526 1286 2564 cum
1319 2509 1408 2562 vix
1428 2508 1645 2562 tandem
1674 2509 1874 2562 cmlum
1910 2521 2071 2576 aspe-

487 2606 687 2665 xisset,
739 2604 947 2657 vidisse
974 2603 1194 2672 quidem
1247 2601 1379 2655 illud
1435 2615 1682 2662 rursum,
1717 2600 2074 2668 quemadmo'

489 2694 621 2747 dum
660 2693 824 2746 etiam
857 2701 1015 2745 antea
1043 2690 1272 2745 vidisset
1306 2709 1321 2745 :
1361 2687 1548 2744 Jesum
1586 2695 1769 2744 autem
1810 2703 1972 2758 quem
2004 2687 2072 2741 ad

487 2785 952 2846 misericordiam,
1012 2783 1064 2836 id
1119 2783 1266 2853 quod
1316 2781 1612 2852 gerebatur
1663 2780 2072 2845 commovisset,

488 2875 797 2930 surrexisse
833 2890 899 2928 ex
934 2874 1144 2928 crrlesti
1176 2874 1333 2936 solio,
1378 2880 1433 2927 et
1469 2888 1593 2926 cum
1624 2870 1691 2924 ad
1714 2886 1812 2926 eos
1848 2871 2078 2925 descen-

489 2965 684 3028 disset,
746 2980 974 3019 manum
1021 2965 1316 3034 benignam
1371 2964 1707 3034 porrexisse,
1751 2969 1806 3016 et
1854 2963 2078 3032 angelos

479 3057 584 3126 qui
618 3071 724 3110 una
755 3056 1018 3109 auxilium
1045 3055 1270 3118 ferrent,
1305 3057 1455 3110 viros
1486 3057 1654 3109 alium
1690 3055 1796 3108 alia
1827 3071 1894 3108 ex
1924 3061 2078 3137 par‘e

2167 1965 2540 2017 ἁνανεύσαντα
2589 1965 2761 2034 μόλις,
2815 1964 2943 2017 ἰδεῖν
3001 1967 3102 2035 μὲν
3150 1963 3304 2029 αὖθις
3361 1969 3455 2019 τὸν
3508 1969 3754 2038 οὐρανὸν,

2168 2055 2356 2127 ὥσπερ
2384 2057 2476 2109 καὶ
2511 2057 2774 2127 πρότερον
2806 2057 3073 2126 ἑωράκει·
3110 2060 3201 2111 τὸν
3235 2060 3294 2112 δὲ
3335 2059 3570 2129 Ἰησοῦν,
3607 2061 3752 2130 ἐλεη-

2169 2165 2338 2200 σαντα
2381 2148 2442 2200 τὸ
2475 2149 2776 2217 γινομενον,
2822 2149 3180 2219 ἐξαναστῆναι
3221 2150 3316 2202 τοῦ
3360 2153 3755 2222 ύπερουρανίου

2169 2240 2383 2310 θρόνου,
2407 2241 2499 2292 καὶ
2519 2242 2623 2304 ἓως
2656 2242 2834 2294 αὐτῶν
2861 2243 3174 2296 καταϐἀπα
3207 2247 3364 2313 χεῖρα
3396 2243 3611 2313 ἀγαθὴν
3638 2243 3756 2314 ὀρέ-

2163 2346 2279 2395 γειν
2300 2347 2313 2359 -
2346 2330 2437 2381 καὶ
2463 2334 2589 2392 τοὺς
2613 2332 2895 2398 ἀγγέλους,
2924 2333 3072 2402 αὐτῷ
3101 2333 3754 2403 συνεπιλαμῦανομένους,

2165 2417 2324 2470 ἄλλον
2351 2418 2569 2472 ἄλλοθεν
2597 2421 2915 2489 ἀντέχεσθαι
2944 2425 3056 2474 τοῖν
3091 2423 3327 2492 ἀνδροῖν,
3360 2424 3456 2474 καὶ
3486 2426 3659 2476 εἰπεῖν
3684 2423 3754 2493 τῷ

2166 2507 2382 2579 Κάρπῳ
2412 2510 2504 2561 τὸν
2555 2509 2780 2579 Ἰησοῦν,
2827 2512 2930 2581 τῆς
2960 2514 3143 2583 χειρὸς
3173 2513 3271 2583 ἤδη
3309 2515 3752 2585 προτεταμένης·

2174 2617 2193 2649 ι
2224 2600 2357 2652 Παῖε
2387 2603 2509 2654 κατ’
2540 2601 2672 2670 ἐμοῦ
2706 2601 2920 2654 λοιπόν·
2957 2605 3172 2673 ἕτοιμος
3191 2604 3300 2674 γάρ
3332 2607 3447 2673 είμι
3479 2606 3575 2657 καὶ
3609 2601 3756 2666 αὖθις

2172 2691 2315 2762 ὑπὲρ
2338 2691 2434 2743 ἀνθ
2443 2691 2639 2763 ρώπων
2662 2692 3089 2762 ἀνασωζομένων
3112 2694 3324 2757 παθεῖν,
3344 2696 3439 2747 καὶ
3464 2694 3755 2766 προσςιλές

2175 2797 2263 2849 μοι
2295 2780 2472 2841 τοῦτο,
2512 2781 2585 2852 μὴ
2618 2781 2790 2834 ἄλλων
2812 2782 3233 2852 ἁμαρτανόντων
3256 2783 3354 2836 ἀνθ
3364 2785 3586 2854 ρώπων.
3614 2786 3754 2856 Πλὴν

2171 2873 2273 2942 δρα
2305 2874 2352 2924 εἰ
2378 2873 2558 2935 καλῶς
2583 2873 2695 2942 ἔχει
2730 2891 2812 2927 σοι
2851 2875 2949 2945 τὴν
2982 2876 3040 2926 ἐν
3078 2875 3157 2944 τῷ
3184 2875 3448 2946 χάσματι,
3493 2878 3589 2929 καὶ
3626 2876 3751 2947 μετὰ

2171 2964 2281 3016 τῶν
2321 2964 2496 3031 δφεων
2529 2965 2699 3034 μονὴν
2728 2965 3159 3031 ἀνταλλάξασθαι
3189 2967 3289 3036 τῆς
3323 2969 3462 3038 μετά
3500 2969 3636 3022 Θεοῦ
3664 2968 3751 3023 καὶ

2173 3056 2282 3107 τῶν
2322 3054 2540 3122 ἀγαθῶν
2571 3057 2664 3107 καὶ
2692 3057 3082 3128 φιλανθρώπων
3109 3059 3372 3126 ἀγγέλων.
3410 3080 3430 3111 ι

487 3149 807 3214 retinuisse,
850 3148 1060 3202 dixisse
1087 3147 1265 3217 Carpo
1305 3147 1493 3203 Jesum
1559 3155 1867 3218 porrectam
1908 3146 2088 3200 adhuc
2116 3163 2338 3200 manum
2369 3147 2589 3202 habenti
2623 3168 2635 3202 ε
2664 3169 2682 3200 ι
2714 3149 2835 3204 Feri
2885 3166 2972 3204 me
3008 3150 3157 3219 jam;
3189 3161 3415 3220 paratus
3447 3171 3572 3208 sum
3613 3153 3748 3208 enim

487 3255 716 3295 rursum
763 3240 958 3294 salutis
999 3239 1282 3293 hominum
1326 3256 1495 3296 causa
1542 3251 1771 3295 mortem
1818 3239 2069 3308 perpeti:
2123 3239 2368 3308 mihique
2402 3240 2506 3294 hoc
2563 3249 2879 3310 pergratum
2907 3250 3013 3305 est,
3066 3242 3196 3296 dum
3229 3242 3321 3296 alii
3356 3243 3610 3300 homines
3649 3261 3748 3299 non

489 3339 740 3401 peccent.
768 3329 875 3384 Sed
905 3327 1051 3391 vide,
1079 3345 1206 3382 num
1241 3331 1335 3384 tibi
1365 3331 1500 3384 utile
1534 3331 1606 3385 sit
1636 3330 1778 3384 hanc
1815 3331 1868 3383 in
1907 3329 2061 3381 hiatu
2090 3337 2144 3381 et
2177 3343 2302 3381 cum
2354 3331 2705 3400 serpentibus
2738 3332 3101 3395 mansionem,
3127 3333 3404 3388 mansioni
3453 3351 3582 3389 cum
3645 3335 3749 3390 Deo

489 3428 550 3475 et
574 3418 828 3489 benignis
873 3417 1264 3489 hominumque
1304 3420 1620 3476 amantibus
1674 3420 1882 3489 angelis
1922 3428 2272 3490 anteponere.
2313 3438 2332 3469 ι

561 3509 683 3581 Ipse
728 3511 918 3580 igitur,
955 3511 1186 3566 formam
1234 3513 1622 3567 ecclesiastica:
1658 3513 2068 3566 constitutionis

2246 3511 2417 3574 Αὐτὸς
2440 3513 2619 3566 τοίνυν
2638 3513 2734 3566 καὶ
2757 3514 2855 3584 τῆς
2881 3513 3339 3586 ἐκκλησιαπικῆς
3367 3521 3748 3587 καταστάσεως

489 3605 902 3672 interpretatus,
938 3610 1134 3673 postea
1164 3603 1232 3656 ad
1263 3604 1638 3658 occidentales
1668 3611 1853 3672 partes
1895 3605 2069 3674 impe-

490 3701 648 3748 rante
689 3693 999 3747 Domitiano
1038 3696 1314 3764 pervenit,
1359 3695 1659 3764 multisque
1707 3695 1965 3749 exhibitis
2013 3696 2069 3751 in

490 3784 714 3838 civitate
742 3781 1039 3839 Parisiensi
1092 3785 1397 3847 miraculis,
1456 3785 1636 3852 capite
1665 3785 1924 3854 plectitur
1955 3801 1969 3836 :
2004 3801 2070 3839 ac

491 3875 624 3931 dum
654 3875 833 3944 ipsum
879 3875 1117 3945 pr0priis
1165 3875 1421 3929 manibus
1466 3876 1825 3944 suscepisset,
1860 3875 1927 3930 ad
1960 3876 2069 3931 duo

490 3967 728 4021 miliaria
760 3981 1088 4036 progressus
1125 3973 1231 4029 est,
1277 3977 1404 4020 cum
1435 3968 1800 4035 spectantium
1830 3966 2070 4021 admira-

489 4057 666 4121 tione,
714 4072 895 4126 neque
937 4057 1093 4127 prius
1121 4057 1303 4126 ipsum
1333 4055 1574 4121 demisit,
1617 4072 1780 4126 quam
1826 4057 2064 4121 mulieri,

488 4151 581 4202 cui
613 4164 811 4203 nomen
837 4148 1055 4210 Catula,
1087 4163 1408 4209 occurrens,
1437 4148 1507 4201 ab
1536 4163 1622 4212 ea,
1680 4147 1870 4201 divino
1908 4163 2066 4218 pror-

488 4254 588 4294 sus
634 4239 890 4302 consilio,
939 4239 1395 4308 comprehensus,
1429 4239 1548 4306 ejus
1598 4239 1851 4292 manibus
1898 4239 2066 4294 veluti

487 4327 808 4382 thesaurum
837 4328 1071 4397 aliquem
1099 4327 1452 4394 imposuisset
1485 4344 1498 4378 :
1535 4325 1785 4380 similiter
1807 4323 2066 4383 Rusticus

486 4422 544 4468 et
596 4413 950 4468 Eleutherius
1004 4413 1153 4466 illius
1195 4411 1453 4480 discipuli
1502 4410 1679 4480 capite
1726 4411 2060 4480 plectuntur,

487 4510 654 4572 atque
683 4518 808 4556 cum
839 4502 984 4556 sacri
1014 4499 1281 4571 prmconis
1304 4509 1357 4553 et
1389 4501 1646 4570 martyris
1674 4515 1907 4571 corpore
1936 4519 2064 4557 san-

485 4606 703 4648 ctorum
735 4609 972 4662 corpora
1003 4593 1367 4660 abjiciuntu'r,
1417 4593 1549 4647 feris
1583 4603 1636 4648 et
1665 4595 1856 4650 avibus
1885 4595 1940 4649 in
1963 4611 2062 4665 pa-

487 4686 679 4740 bulum
733 4685 966 4753 objecta.
1018 4682 1251 4748 Quidam
1311 4699 1442 4739 vero
1493 4684 1733 4740 ﬁdelium
1798 4686 2062 4756 reliquias

489 4785 808 4834 sanctorum
847 4776 1096 4845 capiunt,
1140 4784 1194 4829 et
1228 4776 1282 4829 in
1333 4777 1571 4832 obscuro
1618 4779 1738 4833 loco
1778 4778 2062 4849 deponunt

2174 3601 2520 3672 ἑρμηνεύσας
2565 3603 2658 3656 τὸν
2690 3605 2880 3667 τύπον,
2930 3605 3069 3674 μετά
3106 3606 3278 3659 ταῦτα
3319 3608 3643 3665 καταλαϐὼν
3681 3615 3745 3666 τά

2171 3692 2405 3763 ἑσπέρια
2460 3694 2602 3766 μέρη
2652 3697 2745 3748 ἐπὶ
2777 3696 2875 3766 τῆς
2918 3695 3195 3765 βασιλείας
3247 3700 3609 3768 Δομετιανοῦ,
3659 3706 3746 3758 καὶ

2171 3783 2344 3837 πολλὰ
2375 3783 2627 3854 θαύματα
2658 3784 3082 3857 ἐπιδειξάμενος,
3117 3789 3175 3840 ἐν
3210 3789 3454 3862 Παρισία
3483 3797 3551 3864 τῇ
3583 3795 3741 3858 πόλει,

2167 3876 2267 3947 τὴν
2295 3877 2533 3947 κεφαλὴν
2575 3878 2976 3948 ἀποτέμνεται·
3011 3881 3104 3932 καὶ
3136 3880 3341 3952 ταύτην
3377 3883 3535 3948 ἰδίαις
3569 3889 3742 3956 χερσὶν

2169 3966 2587 4038 ὑποδεξάμενος,
2623 3969 2782 4040 μέχρι
2815 3969 2908 4022 δύο
2937 3970 3127 4040 μιλίων
3162 3971 3400 4035 ἐϐάδισε,
3431 3974 3616 4047 θαῦμα
3642 3981 3742 4040 τοῖς

2167 4061 2365 4130 ὁρῶσιν
2396 4061 2814 4133 ἐνστησάμενος
2846 4063 2939 4114 καὶ
2958 4063 3019 4115 οὐ
3039 4063 3299 4134 πρότερον
3320 4065 3528 4138 ταύτην
3560 4069 3737 4137 ἀνῆκε.

2169 4152 2297 4223 πρὶν
2341 4154 2428 4206 ὅτε
2466 4154 2685 4222 γυναικὶ
2726 4153 2948 4223 ὀνόματι
2989 4155 3242 4226 Κατούλα
3282 4157 3619 4230 ὑπαντήσας,
3655 4162 3738 4212 καὶ

2166 4244 2309 4297 κατά
2343 4245 2491 4298 θείαν
2521 4247 2736 4308 πάντως
2764 4246 3041 4315 συσχεθεὶς
3071 4248 3345 4318 πρόνοιαν,
3383 4253 3506 4313 ταῖς
3534 4252 3739 4322 ἐκείνης

2165 4335 2444 4406 παλάμαις
2485 4331 2594 4388 οἷόν
2625 4353 2745 4389 τινα
2799 4337 3068 4408 θησαυρὸν
3115 4339 3427 4393 ἐναπέθετο.
3481 4343 3736 4404 Ὡσαύτως

2177 4427 2487 4490 Ῥουστικὸς
2521 4428 2617 4480 καὶ
2657 4428 2990 4499 Ἐλευθέριος
3019 4430 3456 4499 καρατομοῦνται
3494 4435 3544 4485 οἱ
3585 4432 3734 4486 αύτοῦ

2165 4517 2442 4585 φοιτηταίο
2476 4517 2572 4569 καὶ
2616 4518 2711 4569 σὺν
2741 4517 2819 4586 τῷ
2859 4519 3179 4589 μαρτυρικῷ
3227 4519 3441 4590 σώματι
3473 4523 3567 4576 τοῦ
3604 4522 3732 4594 ίεροῦ

2163 4607 2402 4677 κήρυκος
2419 4607 2488 4660 τά
2516 4608 2623 4659 τῶν
2652 4609 2822 4676 ἁγίων
2851 4608 3076 4679 σώματα
3101 4611 3403 4681 ρίπτονται,
3433 4616 3593 4687 Θηρσὶ
3613 4615 3735 4686 βορά

2163 4696 2258 4747 καὶ
2296 4695 2501 4766 ὀρνέοις
2541 4697 2902 4766 προκείμενα.
2945 4697 3157 4749 Πιστῶν
3207 4699 3264 4752 δέ
3321 4718 3470 4766 τινες
3518 4705 3583 4758 τὰ
3633 4706 3732 4759 τῶν

2168 4787 2335 4855 ἁγίων
2363 4787 2699 4856 λαμϐάνουσι
2737 4789 2985 4859 λείψανα,
3019 4793 3112 4844 κα)⁵
3150 4794 3206 4844 ἐν
3238 4794 3315 4863 τῷ
3355 4796 3552 4864 ἀςανεῖ
3580 4815 3731 4853 κατα-

490 4876 714 4938 preptcr
757 4869 1100 4937 ingruentem
1139 4869 1462 4923 carnificum
1507 4871 1797 4926 timorem:
1833 4887 1958 4926 cum
1982 4873 2061 4926 illi

2168 4877 2402 4930 τίθενται
2433 4877 2518 4930 διά
2549 4878 2640 4930 τὸν
2692 4880 3034 4950 ἐπικείμενον
3063 4881 3222 4950 φόϐον
3247 4883 3356 4935 τῶν
3383 4885 3610 4955 δημίωνο
3641 4887 3732 4940 κάο

493 4967 677 5013 autem
700 4959 983 5025 abiissent,
1008 4960 1166 5014 beata
1179 4959 1369 5014 Catula
1398 4974 1697 5033 martyrum
1720 4963 1979 5034 reliquias
2009 4965 2063 5018 in

487 5050 674 5118 aliquo
730 5050 934 5119 templo
965 5051 1221 5114 collocat,
1274 5051 1363 5106 die
1384 5054 1545 5106 tertia
1603 5052 1880 5108 Octobris.
1933 5052 2064 5106 Erat

490 5158 639 5205 vero,
675 5141 722 5195 si
758 5157 1074 5212 corpoream
1115 5151 1331 5212 spectes
1374 5145 1633 5212 speciem,
1659 5144 1820 5216 342
1859 5144 2065 5214 magni-

489 5235 678 5290 tudine
708 5235 992 5298 mediocri,
1025 5250 1228 5296 maccr,
1273 5233 1637 5304 subpallidus,
1656 5250 1791 5289 naso
1816 5234 2062 5304 aliquan-

487 5329 662 5382 tulum
693 5328 977 5396 depresso,
1009 5327 1320 5397 superciliis
1375 5325 1700 5389 contractis,
1737 5326 1911 5380 oculis
1960 5327 2057 5380 de-

488 5417 677 5479 fossis,
702 5417 929 5470 auribus
963 5417 1177 5485 magnis
1210 5416 1496 5486 praeditus,
1533 5429 1704 5468 canus
1726 5455 1741 5478 ,
1784 5424 2054 5481 comatus,

485 5508 654 5562 barba
682 5525 804 5578 qua:
833 5508 984 5562 labra
1008 5505 1228 5576 quidem
1256 5509 1420 5561 vestit
1451 5504 1730 5559 moderate
1760 5509 2057 5577 promissa,

483 5615 607 5668 qua:
643 5608 826 5652 autem
851 5615 882 5651 a
913 5604 1099 5652 mento
1121 5598 1230 5652 exit
1256 5612 1400 5660 rara,
1427 5595 1706 5665 paululum
1735 5605 2056 5665 ventrosus,

482 5690 669 5759 digitis
697 5690 971 5759 oblongis.
1009 5688 1229 5745 Festum
1256 5690 1376 5760 ejus
1405 5687 1718 5744 celebratur
1745 5691 1800 5746 in
1825 5694 2059 5750 sanctis-

484 5779 624 5835 sima
646 5793 841 5848 magna
866 5779 1136 5834 Ecclesia.

2169 4969 2361 5020 κείνων
2405 4969 2846 5037 ἀπαλλαγέντων,
2899 4972 2956 5024 ἐν
3000 4989 3105 5024 τινι
3156 4973 3224 5026 τά
3276 4975 3387 5027 τῶν
3453 4979 3730 5050 μαρτύρων

2165 5059 2390 5129 λείψανα
2432 5064 2466 5131 ἡ
2514 5062 2762 5132 μακαρία
2803 5063 3055 5118 Κατούλα
3100 5065 3374 5136 δομήματι
3425 5070 3729 5140 κατατίθησι

2163 5151 2353 5222 τρίτην
2394 5151 2694 5223 ὀκτωϐρίου
2735 5155 2901 5224 μηνὸς
2951 5156 3193 5224 ἄγοντος.
3229 5153 3338 5210 Ἦν
3383 5160 3440 5211 δὲ
3482 5161 3618 5213 κατὰ
3643 5162 3728 5212 τὸν

2165 5242 2473 5312 σωματικὸν
2491 5243 2660 5298 τύπον
2686 5246 2747 5298 τὸ
2785 5247 3011 5317 μέγεθος
3037 5249 3216 5318 μέσος,
3235 5252 3434 5320 ἰσχνὸς,
3467 5251 3726 5324 ὖπωχρος,

2163 5333 2427 5403 ύπόσιμος
2449 5335 2546 5405 τὴν
2575 5339 2716 5407 ῥῖνα,
2749 5337 2847 5400 τὰς
2866 5336 3040 5410 ’ὀφρῦς
3071 5345 3523 5413 συνεσπασμένος,
3565 5346 3728 5406 κοῖλος

2165 5423 2290 5484 τοὺς
2312 5423 2640 5494 ὀφθαλμοὺς,
2670 5421 2782 5480 ὦτα
2817 5431 3026 5498 μεγάλα
3049 5431 3204 5502 ἔχων,
3235 5433 3438 5497 πολιὸς,
3474 5438 3724 5506 κομήτης,

2169 5513 2404 5583 μετρίως
2437 5513 2796 5588 βαθυνόμενος
2818 5520 2915 5587 τὴν
2936 5522 3170 5593 ὑπήνην,
3185 5524 3375 5594 ἀραιὸς
3395 5526 3490 5599 τὴν
3513 5529 3725 5598 ἔκφυσιν

2163 5602 2258 5654 τοῦ
2289 5606 2516 5670 γενείου,
2548 5609 2732 5679 ἡρέμα
2762 5613 3116 5684 προγάστωρ,
3155 5617 3582 5686 μακροδάκτυλος
3613 5623 3725 5679 ταῖς

2163 5695 2368 5764 χερσίν.
2416 5697 2478 5749 Ἡ
2511 5698 2566 5750 δὲ
2602 5701 2818 5768 σύναξις
2838 5704 3000 5757 αὑτοῦ
3027 5705 3258 5759 τελεῖται
3284 5708 3340 5760 ἐν
3365 5713 3429 5784 τῇ
3461 5711 3722 5782 ἁγιωτάτῃ

2166 5787 2373 5861 μεγάλῃ
2413 5790 2724 5870 Ἐκκλησία.
