3886 6548
183 360 278 416 589

1043 366 1226 432 VITA,
1265 367 1593 424 AUCTORE
1627 365 1954 425 SYMEONE
1988 368 2522 430 METAPHRASTE.

3321 380 3428 435 ὅθί)

1189 523 3412 561 Ἢ

451 675 1370 808 ΣΥΜΕΩΝΟΣ
1446 678 1794 810 ΤΟΥ
1867 679 3120 824 ΜΕΤΑΦΡΑΣΤΟΥ

1035 918 1394 1036 ΒΙΟΣ
1421 973 1426 978 ·
1453 921 1730 1034 ΚΑΙ
1788 918 2541 1040 ΠΟΛΙΤΕΙΑ

612 1139 842 1226 ΤΟΥ
907 1127 1056 1226 ΕΝ
1098 1137 1464 1228 ΑΓΙΟΙΣ
1511 1143 1821 1230 ΠΑΤΡ(

1825 1145 1944 1232 ΟΣ
1990 1148 2319 1234 ΗΜΩΝ
2366 1146 2972 1244 ΔΙΟΝΥΣΙοΥ

1053 1322 1453 1378 ΕΠΙΣΚΟΠΟΥ
1483 1326 1787 1391 ΑΘΗΝΩΝ,
1821 1327 1960 1381 ΤΟΥ
1987 1330 2510 1390 ΑΡΕΙΟΠΑΓΙΤΟΥ,

723 1625 1518 1762 SYMEONIS
1657 1590 2901 1802 METAPHRAST/E

1029 1863 1344 1971 VITA
1401 1869 1568 1972 ET
1629 1869 2544 1980 CONVERSATIO

798 2084 1216 2177 SANCTI
1296 2089 1821 2180 DIONYSI‘

1825 2093 1853 2180 l
1929 2093 2731 2187 AREOPAGITIE

1364 2278 1677 2336 EPISCOPI
1711 2280 2196 2347 ATHENIENSIS,

157 2433 387 2497 Incerto
417 2431 796 2513 interprete,
849 2453 1079 2538 rgrsus
1114 2453 1258 2497 cum
1297 2437 1514 2538 Graeco
1559 2437 1920 2528 exemplari.
1963 2439 2188 2500 collata
2233 2439 2488 2538 anPetro
2525 2441 2880 2538 Laris-seno.
2915 2453 3410 2538 Gravelingano,

876 2517 1016 2578 Soc.
1048 2518 1203 2576 Jesu
1241 2516 1644 2594 presbytero,
1677 2516 1795 2594 qui
1828 2517 2074 2594 primus
2109 2536 2246 2580 eam
2275 2521 2487 2583 Graace
2521 2520 2748 2588 edidit.

245 2770 655 2828 ΜΑΡτΥΡιοΝ
679 2772 814 2826 τοΥ
851 2770 1056 2826 ΑΠοΥ
1097 2753 1466 2826 AloN‘rzior
1503 2773 1641 2828 Tor
1755 2785 1806 2841 Α

651 2863 946 2916 ΑΡΕΙΟΠΑ
956 2863 1182 2916 ΓΙΤΟΥ.

606 2957 783 3023 Κύριε
805 2995 820 3020 ,
877 2957 1236 3026 εὐλόγησον.

210 3048 378 3102 Πάλαι
414 3047 517 3120 μὲν
547 3047 607 3100 ἐν
629 3045 818 3110 τύποις
843 3043 910 3117 ἦν
935 3046 1001 3100 τὰ
1033 3049 1133 3119 τῆς
1167 3048 1402 3112 πίστεως
1430 3050 1522 3102 καὶ
1549 3050 1729 3118 αἰνίγ-

151 3157 292 3210 μασι,
319 3143 416 3194 καὶ
445 3139 508 3193 τὸ
527 3139 630 3208 τῆς
653 3139 910 3211 ἀληθείας
935 3139 1136 3208 φέγγος
1163 3139 1242 3210 τῷ
1267 3141 1365 3211 τῆς
1398 3144 1554 3206 σκιᾶς
1573 3143 1726 3212 νέφει

150 3233 605 3287 συνεκαλύπτετο.
646 3231 799 3285 Ἐπεὶ
834 3232 892 3285 δὲ
923 3231 984 3284 τὸ
1022 3231 1164 3303 μέγα
1203 3233 1302 3302 τῆς
1347 3233 1506 3304 ἡμῶν
1551 3251 1727 3305 σωτη-

149 3327 256 3397 ρίας
274 3325 706 3398 ὲπραγματεύθη
737 3325 1056 3396 μυστήριον,
1077 3325 1172 3378 καὶ
1192 3327 1221 3378 ό
1247 3325 1456 3390 πλάσας
1485 3327 1728 3399 καταμόε

147 3435 230 3483 νας
268 3419 371 3482 τὰς
416 3417 652 3487 καρδίας
695 3417 850 3488 ἡμῶν
901 3419 980 3488 τῷ
1017 3419 1118 3488 τῆς
1156 3419 1362 3482 οἰκείας
1407 3419 1534 3490 περὶ
1575 3422 1727 3490 ἡμᾶς

144 3512 296 3583 οἴκτῳ
320 3511 698 3584 χρηστότητος
735 3512 1136 3583 ἀναμαρτήτως
1167 3512 1388 3580 γέγονεν
1421 3512 1496 3576 ὡς
1525 3515 1684 3583 ἡμεῖς
1703 3529 1720 3544 ο

144 3604 300 3659 τᾶλλα
332 3622 394 3657 τε
441 3603 704 3674 ὑπῆλθεν,
733 3604 833 3657 ὅσα
867 3605 968 3675 τῆς
1001 3602 1351 3675 ἀνθρωπίνης
1387 3605 1533 3657 ἐστὶν
1559 3604 1722 3658 ἀσθε-

144 3695 305 3763 νείας,
344 3697 412 3750 ἶν’
442 3694 556 3764 ἐγὼ
586 3697 686 3768 τὴν
722 3695 946 3768 πρώτην
994 3696 1252 3750 ἀπολάϐω
1293 3699 1590 3768 εὐγένειαν·
1626 3698 1721 3753 καῖ

143 3787 281 3852 τέλος
309 3787 403 3841 τὸν
427 3787 518 3841 διὰ
542 3787 776 3858 σταυροῦ
806 3787 1036 3841 θάνατον
1059 3789 1446 3860 κατακρίνεται
1461 3809 1476 3822 ·
1516 3793 1612 3844 καὶ
1633 3792 1720 3844 ἵνα

147 3878 211 3950 μὴ
227 3880 296 3932 τὰ
324 3879 452 3934 καθ’
481 3879 711 3932 ἕκαστον
734 3880 897 3949 λέγω,
927 3881 1119 3949 (πολλὰ
1137 3880 1246 3952 γὰρ
1266 3881 1335 3934 τὰ
1359 3883 1418 3934 ὲν
1446 3883 1596 3954 μέσῳ
1620 3883 1721 3954 τῆς

141 3972 450 4043 οἰκονομίας
477 3971 649 4024 αὐτοῦ
677 3973 1009 4044 μυστήριαο)
1041 3973 1214 4045 πέρας
1240 3973 1309 4027 τὰ
1341 3975 1440 4044 τῆς
1474 3986 1720 4045 σωματι-

143 4061 235 4132 κῆς
261 4063 526 4134 ὲνδημίας
545 4063 788 4134 δέχεται’
821 4064 890 4117 τὰ
913 4063 970 4118 δὲ
995 4063 1090 4118 τοῦ
1121 4066 1429 4135 πνεύματος
1457 4066 1682 4137 ἄρχεται
1700 4084 1714 4097 ·

1940 2773 2365 2832 MARTYRIUM
2423 2777 2671 2833 SANCTI
2731 2779 3030 2836 DIONYSII
3082 2783 3301 2842 ΑΒΕο-

2445 2869 2742 2925 PAGITIE.

2329 2960 2574 3030 Domine,
2612 2962 2842 3018 benedic.

1901 3049 2044 3107 Olim
2091 3051 2312 3122 quidem
2351 3052 2485 3108 iides
2527 3054 2631 3108 sita
2669 3063 2786 3109 erat
2835 3055 2892 3109 in
2940 3055 3150 3127 ﬁguris,
3181 3067 3235 3114 et
3274 3061 3410 3117 aeni-

1832 3144 2138 3215 gmatibus,
2184 3151 2238 3198 et
2281 3147 2427 3199 nube
2457 3145 2663 3199 umbra:
2697 3152 2841 3200 tecta
2865 3155 2982 3201 erat
3018 3148 3111 3201 lux
3135 3151 3406 3210 veritatis.

1830 3234 2127 3305 Postquam
2161 3243 2342 3289 autem
2375 3243 2581 3288 nostrae
2621 3236 2817 3292 salutis
2841 3252 3099 3307 magnum
3127 3253 3408 3310 peractum

1831 3326 1933 3381 fuit
1963 3326 2308 3397 mysterium,
2341 3333 2395 3380 et
2425 3327 2518 3396 qui
2553 3325 2709 3380 ﬁnxit
2756 3327 3075 3398 singulatim
3104 3332 3271 3388 corda
3303 3349 3407 3389 no-

1830 3428 1966 3482 stra,
2007 3433 2121 3473 suae
2169 3419 2530 3490 benignitatis
2573 3419 2629 3472 in
2674 3434 2777 3474 nos
2817 3421 3221 3488 misericordia,
3265 3427 3407 3482 citra

1829 3518 2115 3582 peccatum
2144 3519 2309 3566 natus
2345 3520 2430 3566 est
2461 3512 2607 3566 sicut
2640 3527 2741 3568 nos
2776 3532 2790 3567 :
2823 3521 2880 3568 et
2919 3515 3026 3569 alia
3049 3517 3243 3583 subiit,
3284 3535 3409 3590 qua:

1829 3608 1958 3656 sunt
1992 3599 2246 3656 humana:
2278 3602 2692 3665 imbecillitatis,
2727 3610 2786 3656 ut
2817 3617 2919 3673 ego
2942 3606 3171 3674 primam
3197 3609 3410 3679 recipe«

1827 3710 1942 3750 rem
1984 3694 2365 3760 nobilitatem;
2422 3701 2475 3748 et
2513 3703 2794 3763 postremo
2850 3697 3251 3754 condemnatus
3305 3700 3408 3756 fuit

1826 3796 2004 3843 morte
2051 3787 2282 3843 crucis:
2315 3792 2370 3841 et
2428 3801 2498 3841 ne
2546 3787 2729 3841 dicam
2783 3788 2998 3860 singula
3040 3792 3196 3860 (sunt
3257 3796 3402 3851 enim

1825 3879 1995 3933 multa
2011 3877 2335 3933 intermedia
2354 3877 2674 3931 oeconomiae
2693 3880 2878 3934 carnis
2908 3893 3178 3952 susceptae
3199 3897 3406 3956 myste‘

1825 3971 1930 4040 ria)
1978 3969 2140 4025 ﬁnem
2192 3971 2404 4039 accepit
2462 3983 2728 4038 corporea
2760 3974 3152 4041 conversatio;
3203 3976 3402 4047 incipit

1825 4067 2006 4115 autem
2038 4059 2376 4130 spiritualis;
2411 4068 2465 4114 et
2491 4060 2546 4113 in
2570 4060 2768 4116 cmlum
2792 4063 3040 4118 ascendit
3061 4081 3215 4122 meus
3238 4067 3402 4122 Chri—

123 4155 227 4208 ’καὶ
257 4157 338 4219 εἱς
359 4158 626 4228 οὐρανοὺς
644 4159 672 4210 ὁ
696 4157 826 4229 ὲμὸς
848 4159 1082 4230 Χριστὸς
1098 4159 1444 4229 ἀναφέρεται·
1464 4162 1559 4213 mf:
1581 4157 1718 4232 πρὸς
1753 4148 1794 4202 Β

1825 4163 1970 4216 stus,
1999 4161 2052 4210 et
2085 4153 2153 4207 ad
2184 4153 2371 4209 sedem
2409 4159 2693 4223 paternam
2724 4155 3058 4224 revertitur;
3090 4164 3167 4225 et,
3206 4160 3303 4229 qui
3331 4176 3400 4216 ex

139 4247 221 4301 τὸν
247 4250 512 4323 πατρικὸν
543 4251 784 4304 ἐπάνεισι
807 4251 1015 4324 θρόνον·
1049 4251 1143 4304 καὶ
1174 4250 1236 4305 τὸ
1279 4252 1711 4323 ἐκπορευόμενον

139 4340 293 4394 αὑτοῦ
320 4340 549 4411 Πνεῦμα
581 4341 672 4394 ἐπὶ
693 4342 792 4413 τὴν
823 4342 931 4395 τῶν
965 4343 1209 4395 ἀπίστων
1238 4340 1406 4394 ἐθνῶν
1439 4343 1737 4413 καταπέμ-’

139 4447 224 4486 πει
253 4437 367 4496 τοῖς
386 4432 658 4503 μαθηταῖς
681 4433 926 4504 ὁδηγίαν,
949 4435 1014 4487 δι’
1037 4429 1096 4488 οὗ
1114 4435 1205 4488 καὶ
1221 4435 1250 4487 ό
1273 4434 1544 4504 μακάριος
1567 4436 1715 4488 Παῦ-

137 4524 219 4588 λος
250 4527 358 4579 ἀπδ
389 4526 491 4596 τῆς
512 4525 668 4587 σκιᾶς
695 4526 1110 4598 ὲχειραγωγήθη
1151 4526 1286 4598 πρὸς
1307 4527 1407 4596 τὴν
1435 4526 1712 4598 ἀλήθειαν,

135 4617 248 4669 τότε
274 4616 339 4688 δὴ
363 4616 486 4669 τότε
509 4616 654 4689 ζήλῳ
685 4617 763 4688 τῷ
799 4620 927 4688 περὶ
955 4618 1047 4671 τὸν
1067 4618 1302 4690 Χριστὸν
1351 4611 1506 4682 οὗτος
1529 4620 1713 4684 ἁλοὺς,

135 4708 190 4761 ὃν
211 4710 502 4781 ἐζωγρήθη
531 4711 730 4782 τρόπον
760 4711 895 4784 πρὸς
919 4713 1018 4782 τὴν
1047 4711 1360 4776 εὐσέϐειαν,
1397 4711 1584 4766 τοῦτον
1621 4716 1716 4768 καὶ

135 4803 227 4874 τὴν
242 4803 570 4874 οἰκουμένην
583 4802 839 4857 ἔσπευδεν
854 4805 1379 4868 ὲπισπάσασθαι,καὶ
1391 4808 1434 4858 Χ
1445 4805 1610 4877 ριστῷ
1625 4805 1714 4860 διὰ

136 4893 231 4963 τῆς
262 4896 506 4957 πίστεως
551 4893 954 4948 οἰκειώσασθαι.
994 4898 1104 4950 Καὶ
1120 4898 1206 4950 ἵνα
1223 4897 1291 4951 τὰ
1317 4900 1376 4951 ἐν
1392 4897 1714 4968 Ἀμφιπόλει

136 4989 222 5039 καὶ
248 4987 524 5059 Θεσσαλίᾳ
549 4988 731 5060 παρῶ,
759 4989 852 5042 καὶ
881 4991 938 5042 ἐν
960 4985 1082 5053 οἷςό
1097 4991 1289 5045 τούτου
1314 4992 1489 5061 λόγος,
1525 4991 1713 5062 ὥσπερ

135 5095 210 5142 τις
241 5083 473 5151 σαγήνη,
505 5082 630 5144 τοὺς
653 5082 880 5145 πολλοὺς
896 5083 1034 5153 πρὸς
1060 5085 1158 5155 τὴν
1184 5085 1462 5139 εὐσέϐειαν
1487 5086 1710 5158 ἦγρευε,

137 5171 233 5224 τῶν
265 5174 324 5225 ἐν
367 5173 620 5244 Ἀθήναις
653 5173 826 5244 μόνων
857 5176 1257 5247 μνησθήσομαι,
1286 5177 1351 5230 δι’
1382 5172 1456 5231 ὧν
1491 5177 1712 5249 θήραμα

141 5263 203 5333 τῷ
240 5265 553 5336 Ἀποστόλῳ
583 5265 677 5318 καὶ
707 5267 736 5317 ὁ
765 5263 940 5336 μέγας
969 5268 1137 5332 ὅντως
1175 5269 1496 5323 καθίσταται
1531 5271 1714 5323 Διονύ-

136 5371 270 5413 σιοςο
305 5357 366 5420 ὃς
405 5359 666 5428 πατρίδος
705 5359 803 5429 μὲν
835 5360 1161 5429 ἐπιφανοῦς,
1207 5362 1486 5430 ἐπιφανῶν
1527 5362 1584 5416 δὲ
1618 5363 1711 5418 καὶ

1821 4248 1940 4319 ipso
1959 4244 2227 4317 procedit,
2259 4243 2523 4316 Spiritum
2542 4244 2780 4300 demittit
2801 4246 3107 4317 discipulis,
3132 4258 3194 4304 ut
3215 4264 3402 4309 essent

1819 4341 1988 4396 duces
2017 4337 2260 4410 gentium
2291 4336 2614 4392 infidelium.
2639 4337 2744 4393 Per
2765 4355 2924 4408 quem
2952 4341 3145 4398 beatus
3182 4361 3402 4415 quoque

1818 4428 2022 4484 Paulus
2047 4445 2115 4484 ex
2138 4428 2332 4482 umbra
2369 4427 2640 4483 deductus
2670 4427 2772 4482 fuit
2805 4429 2871 4483 ad
2917 4433 3220 4488 veritatem.
3245 4432 3403 4490 Tunc

1819 4523 1890 4588 is,
1921 4522 2037 4577 zelo
2063 4520 2267 4576 Christi
2292 4521 2558 4591 percitus,
2582 4521 3040 4590 quemadmodum
3060 4525 3178 4594 ipse
3205 4534 3400 4597 captus

1819 4614 1922 4669 fuit
1942 4614 2009 4669 ad
2035 4615 2314 4684 pietatem,
2342 4614 2416 4667 ita
2440 4615 2602 4668 etiam
2632 4616 2819 4670 orbem
2843 4623 3002 4671 terrae
3032 4618 3100 4673 ad
3124 4635 3186 4675 se
3205 4621 3398 4677 stude-

1818 4708 1912 4762 bat
1947 4707 2244 4771 attrahere,
2278 4713 2334 4762 et
2358 4705 2583 4761 Christo
2622 4723 2718 4776 per
2746 4706 2904 4762 iidem
2944 4709 3298 4782 conjungere.
3331 4713 3399 4768 Et

1819 4811 1878 4854 ut
1908 4815 1973 4854 ea
2004 4800 2256 4853 omittam
2298 4812 2420 4869 quae
2462 4797 2532 4852 ah
2555 4797 2679 4868 ipso
2717 4797 3031 4869 Amphipoli
3061 4800 3205 4855 facta
3245 4812 3395 4871 sunt,

1816 4899 1871 4948 et
1903 4892 1958 4946 in
1997 4890 2305 4957 Thessalia,
2337 4898 2393 4945 et
2424 4890 2681 4945 omnibus
2712 4890 2767 4944 in
2801 4891 2968 4956 locis,
3001 4893 3054 4946 in
3082 4893 3242 4965 343
3275 4897 3400 4964 qui-

1815 4983 1922 5038 bus
1952 4983 2074 5051 ejus
2103 4997 2308 5046 sermo,
2335 4983 2562 5052 perinde
2601 4997 2667 5037 ac
2698 4983 2947 5053 quaadam
2994 5000 3220 5055 sagena,
3252 4986 3398 5038 mul-

1816 5081 1903 5128 tos
1940 5079 2168 5126 venatus
2208 5078 2293 5126 est
2328 5071 2396 5125 ad
2439 5071 2718 5141 pietatem,
2755 5087 2947 5128 eorum
2990 5073 3168 5129 solum
3202 5073 3396 5128 memi-

1816 5183 1971 5229 nero,
2004 5181 2126 5234 quae
2171 5163 2403 5219 Athenis
2460 5162 2604 5216 facta
2653 5171 2807 5229 sunt,
2852 5179 2950 5234 per
2973 5178 3095 5233 quae
3123 5163 3286 5217 etiam
3324 5163 3396 5216 ab

1815 5259 2078 5330 Apostolo
2099 5258 2220 5327 ipso
2251 5271 2376 5311 verc
2406 5272 2639 5326 magnus
2665 5266 2856 5327 captus
2882 5256 2983 5310 fuit
3012 5254 3306 5325 Dionysius
3326 5258 3352 5295 ε
3378 5275 3390 5320 ;
3507 5255 3511 5260 ’

1815 5351 1930 5423 qui,
1964 5351 2197 5420 patriam
2222 5349 2441 5420 quidem
2469 5350 2672 5404 claram
2705 5358 2758 5403 et
2789 5357 3042 5419 parentes
3073 5348 3254 5403 claros
3269 5362 3394 5402 con-

135 5449 467 5521 γεννητόρων
499 5450 695 5521 τυχὼν,
732 5453 822 5504 ἐπὶ
863 5452 1002 5522 μέγα
1036 5453 1193 5523 δόξης
1220 5455 1464 5522 ἀφίκετο.
1502 5455 1710 5508 Δίκαιοι
1739 5487 1782 5545 C
1813 5471 1821 5532 ξ

1825 5457 2060 5510 secutus,
2095 5447 2162 5500 ad
2207 5461 2459 5513 magnam
2507 5446 2753 5516 pervenit
2800 5444 3055 5514 gloriam.
3097 5439 3230 5494 Nam
3255 5441 3391 5508 justi

137 5540 228 5608 μὲν
264 5542 396 5613 γὰρ,
435 5542 594 5613 εἴπερ
621 5562 703 5608 τις
750 5545 1068 5616 Ἀθηναίων,
1104 5548 1191 5600 ἵνα
1238 5549 1311 5620 μὴ
1343 5548 1485 5617 λέγω
1527 5548 1705 5618 μόνον

135 5634 221 5685 καὶ
237 5633 555 5706 δικαιοσύνη
585 5639 697 5699 τοῖς
728 5637 973 5706 γονεῦσιν
996 5636 1064 5694 ἧν
1098 5640 1160 5694 τὸ
1190 5639 1481 5714 ἐπίσημον,
1526 5640 1703 5710 φίλοις

236 5817 262 5854 ε
284 5815 408 5869 Act.
437 5830 571 5869 xvu.

1815 5530 2036 5612 quidem
2074 5547 2253 5603 erant,
2301 5538 2348 5593 si
2389 5537 2487 5592 ulli
2517 5553 2585 5592 ex
2624 5533 3074 5598 Atheniensibus,
3115 5547 3186 5587 ne
3211 5530 3392 5586 dicam

1815 5635 1938 5700 soli,
1983 5635 2056 5687 ita
2080 5640 2141 5686 ut
2165 5630 2379 5701 justitia
2419 5629 2631 5699 insigne
2656 5627 2762 5682 illis
2793 5633 2958 5694 esset,
2991 5624 3133 5695 aequi
3165 5623 3393 5688 amicis,
