3886 6530
466 420 565 476 591
1652 405 1710 462 S.
1749 403 2046 461 DIONYSII
2085 401 2548 459 AREOPAGITJE
3628 403 3734 459 592

464 532 738 590 mansueti
787 528 1173 600 hospitalibus,
1223 524 1448 595 benigni
1500 523 1556 578 in
1606 513 1928 587 lamiliares,
1980 531 2037 577 et

2141 523 2422 584 ἐπιεικεῖς,
2452 523 2650 593 ἥμεροι
2683 524 2796 585 τοῖς
2821 520 3010 585 ξένοις,
3035 523 3143 584 τοῖς
3173 520 3395 583 οἰκείοις
3424 517 3729 592 φιλάνθρω-

471 641 597 682 vera
632 625 848 680 bonitas
877 631 995 676 erat
1024 621 1107 676 eis
1143 619 1384 685 bonitas,
1427 631 1538 672 non
1571 615 1887 678 ostentatio,
1920 630 2044 685 qua:

461 717 626 777 habet
687 713 1089 786 improbitatem
1149 726 1344 782 magna
1422 725 1486 763 ex
1551 716 1704 778 parte
1769 707 2041 761 insidian-o

463 825 610 880 tem;
672 815 779 866 imo
802 807 1026 880 quidam
1081 814 1302 875 apertus
1343 804 1538 857 animm
1568 802 1755 864 fmtus,
1811 807 1866 856 et
1911 799 2042 853 cha-

463 914 646 962 racter
699 903 931 956 interna:
976 897 1302 952 affectionis.
1352 895 1649 964 Postquam
1707 902 1888 947 autem
1941 891 2040 945 fuit

462 997 664 1051 Paulus
707 994 960 1056 Athenis,
1012 999 1067 1046 et
1119 1005 1452 1060 congressus
1503 1004 1626 1042 cum
1671 986 1954 1057 Epicureis
1987 992 2041 1038 et

460 1089 662 1145 Stoicis
687 1128 702 1152 ,
753 1086 845 1158 qui
883 1083 1203 1156 Pythagorae
1233 1081 1486 1152 dogmata
1535 1079 1906 1143 sectabantur,
1963 1077 2043 1132 in-

459 1182 640 1237 stabat
669 1179 841 1250 operi.
905 1192 1100 1248 nempe
1137 1185 1196 1231 ut
1246 1191 1342 1230 eos
1387 1171 1681 1228 abduceret
1736 1186 1766 1225 a
1819 1170 2043 1242 dogma-

457 1275 604 1328 tibus
658 1270 999 1341 impietatis,
1051 1277 1106 1324 et
1161 1267 1470 1322 traduceret
1523 1264 1590 1319 ad
1648 1265 1943 1334 pietatem,
1987 1270 2042 1316 et

457 1373 730 1421 everteret
795 1363 997 1432 templa
1059 1360 1516 1421 simulacrorum,
1573 1364 1628 1410 ct
1683 1353 2042 1426 persuaderet

461 1455 916 1515 Atheniensibus,
963 1452 1080 1507 fore
1120 1459 1179 1506 ut
1221 1455 1575 1519 resurgerent
1615 1447 1671 1501 in
1710 1446 1907 1500 ultimo
1953 1444 2042 1499 die

454 1547 648 1618 iudicii
676 1585 691 1610 ,
746 1554 802 1600 et
848 1543 1041 1598 darent
1076 1556 1268 1611 pennas
1320 1555 1510 1594 eorum
1569 1553 1690 1609 qua:
1733 1537 2038 1592 fecissent:

456 1639 519 1706 ii,
563 1647 624 1693 ut
673 1637 766 1707 qui
823 1641 1007 1690 essent
1048 1634 1171 1688 aliis
1232 1631 1411 1688 allecti
1467 1629 1923 1703 superstitiosius,
1986 1637 2042 1684 ct

458 1733 516 1788 in
565 1731 768 1786 multas
799 1727 958 1783 divisi
986 1737 1172 1783 essent
1220 1726 1528 1797 opiniones,
1585 1725 2042 1796 aggrediebantur

457 1837 582 1878 eum
614 1820 990 1883 subsannare,
1020 1826 1283 1872 vocantes
1313 1832 1438 1874 eum
1472 1816 1910 1870 annuntiatorem
1942 1831 2041 1869 no-

455 1929 649 1972 vorum
712 1910 1075 1983 quorumdam
1128 1910 1544 1964 daemoniorum.
1605 1906 1685 1960 Ne
1739 1915 1918 1961 autem
1968 1907 2037 1961 ab

457 2005 540 2060 eis
578 2011 927 2075 appeteretur
970 2001 1086 2057 sola
1113 1999 1566 2060 subsannatione,
1605 1996 1700 2052 sed
1747 1997 2035 2050 molestum

454 2095 625 2150 etiam
686 2092 895 2164 aliquid
946 2091 1270 2154 sustineret,
1324 2090 1463 2144 dans
1515 2089 1785 2142 rationem
1845 2103 2036 2142 eorum

455 2197 579 2252 quae
631 2182 701 2236 ab
750 2181 872 2251 ipso
910 2179 1371 2250 praedicabantur,
1401 2178 1870 2249 apprehendentes
1912 2193 2035 2233 eum

455 2271 1299 2342 duxeruntinAreOpagum,qui
1330 2279 1463 2324 tunc
1490 2269 1711 2340 quidem
1731 2277 1851 2324 erat
1883 2269 2037 2326 locus

453 2363 920 2437 congregationis,
946 2371 1001 2419 et
1031 2363 1370 2418 Athenarum
1396 2368 1513 2417 erat
1537 2361 1717 2416 adhuc
1741 2361 2032 2432 judicium.

455 2456 594 2510 Nam
631 2455 735 2511 etsi
768 2462 899 2509 tunc
929 2453 1159 2508 Romani
1204 2454 1258 2507 in
1290 2468 1482 2508 omnes
1522 2451 1834 2506 obtinerent
1863 2452 2035 2523 impe-

455 2546 621 2608 rium,
647 2543 1011 2597 Athenienses
1036 2551 1217 2596 tamen
1247 2549 1300 2595 et
1323 2540 1765 2596 Lacedaemonios
1789 2543 1872 2595 sui
1893 2541 2038 2610 juris

457 2633 815 2690 demiserant.
842 2630 1046 2685 Fabula
1074 2639 1276 2695 autem,
1311 2631 1455 2685 sicut
1478 2630 1580 2700 ipsi
1602 2631 1816 2696 dicunt,
1839 2646 2036 2685 nomen

459 2724 696 2795 accepit,
726 2722 872 2794 quod
905 2722 1191 2793 Neptunus
1229 2723 1286 2776 in
1314 2737 1382 2776 eo
1423 2732 1614 2776 contra
1649 2721 1874 2778 Martem
1905 2738 2038 2778 cau-

455 2833 573 2874 sam
593 2817 941 2880 sustinuerit,
973 2815 1119 2886 quod
1145 2815 1304 2886 hujus
1327 2815 1496 2869 ﬁlium
1527 2814 1918 2870 llalirrothium
1951 2831 2041 2871 oo-

455 2909 700 2964 cidisset.
721 2905 860 2963 Cum
887 2922 1011 2962 eum
1033 2923 1159 2978 ergo
1186 2907 1550 2963 adduxissent
1580 2908 1636 2962 in
1660 2907 1876 2962 illorum
1903 2924 2038 2963 con-

457 3008 742 3071 spectum,
785 2998 881 3068 qui
930 3008 984 3053 et
1021 3009 1246 3070 propter
1286 3001 1500 3054 scdium
1545 3001 1914 3066 altitudinem,
1959 3012 2034 3067 et,

457 3110 580 3165 qua:
615 3098 936 3154 evacuatur,
974 3092 1321 3162 sapientiam,
1359 3109 1419 3148 se
1461 3095 1751 3164 magniﬁce
1797 3096 2040 3150 circum.

2146 631 2258 679 ποι,
2297 614 2602 685 χρηστότης
2637 615 2821 677 αὑτοῖς
2855 615 2956 667 οὑκ
2995 613 3274 679 ἐπίδειξις,
3303 613 3729 686 ὑποκαθημένην

2141 706 2218 768 ὡς
2242 707 2311 760 τά
2353 706 2522 759 πολλά
2555 708 2659 779 τὴν
2691 708 2996 779 σκαιότητα
3025 707 3248 778 ἔχουσα,
3279 707 3420 761 ἀλλά
3461 725 3516 760 τι
3561 707 3730 774 σαφὲς

2143 796 2394 866 γέννημα
2423 796 2523 866 τῆς
2549 798 2747 868 ψυχῆς,
2786 800 2881 852 xui
2909 799 3009 868 τῆς
3037 800 3185 852 ἔνδον
3233 800 3524 872 χαρακτὴρ
3555 799 3729 854 διαθέ-

2147 905 2301 951 σεως.
2353 889 2569 962 Ἐπειδὴ
2594 890 2650 943 δὲ
2695 891 2952 964 Ἀθήνῃσι
2986 891 3198 955 Παῦλος
3225 893 3472 961 ἐγένετο,
3500 893 3593 944 xui
3621 895 3729 955 τοῖς

2158 984 2555 1054 Ἐπικουρείοις
2581 984 2650 1036 τά
2683 985 3001 1056 Πυθαγόρου
3047 985 3370 1056 κρατύνουσι
3403 984 3724 1054 συμϐαλὼν,

2144 1076 2306 1147 ἔργου
2331 1077 2505 1147 εἴχετο
2530 1077 2608 1149 τῷ
2650 1079 2748 1148 τῆς
2776 1077 3030 1141 ἀσεϐείας
3053 1079 3246 1141 αὐτοὺς
3269 1077 3582 1148 ἀποστῆσαι
3608 1077 3728 1144 δογο

2150 1168 2361 1238 μάτων,
2392 1171 2486 1222 xui
2531 1169 2840 1240 μεταθεῖναι
2876 1169 3011 1241 πρὸς
3048 1169 3148 1240 τὴν
3178 1168 3481 1232 εὐσέϐειαν,
3516 1167 3643 1230 τούς
3668 1184 3725 1220 τε

2142 1260 2251 1314 τῶν
2275 1261 2507 1315 εἰδώλων
2529 1261 2997 1334 καταστρέφεσθαι
3021 1263 3202 1325 ναοὺς,
3226 1261 3320 1314 xui
3349 1265 3535 1314 πεῖσαι
3572 1261 3726 1332 Ἀθη-

2146 1351 2331 1414 ναίους
2361 1353 2416 1403 ἐν
2439 1354 2502 1422 τῇ
2527 1353 2780 1424 ἐσχάτηή
2792 1352 2933 1423 μέρα
2955 1352 3056 1422 τῆς
3072 1352 3306 1423 κρίσεως
3325 1351 3726 1422 ἀναστήσεσθαι

2146 1443 2379 1513 μέλλειν,
2399 1443 2659 1507 καὶδίκας
2669 1444 2778 1496 τῶν
2796 1444 2978 1507 αὑτοῖς
2998 1443 3373 1514 εἰργασμένων
3390 1443 3725 1515 εἰσπραχθή-

2144 1537 2362 1589 σεσθαι·
2399 1530 2544 1590 οὑτοι
2577 1537 2656 1600 δὲ,
2679 1536 2789 1589 τῶν
2829 1536 3006 1590 ἀλλων
3042 1537 3137 1588 ἆτε
3176 1534 3726 1606 δεισιδαιμονέστερον

2140 1632 2494 1702 διακείμενοι,
2529 1630 2625 1684 xui
2653 1632 2732 1694 εἰς
2759 1629 2959 1691 πολλὰς
2998 1627 3158 1692 δόξας
3193 1628 3287 1680 xui
3319 1627 3538 1690 πίστεις
3575 1645 3724 1698 μερι-

2142 1723 2378 1795 ζόμενοι,
2413 1721 2765 1794 μυκτηρίζειν
2794 1721 2956 1774 αὑτὸν
2977 1719 3310 1791 ἐπεχείρουν,
3336 1719 3544 1772 καινῶν
3568 1719 3725 1772 τινῶν

2142 1820 2240 1872 καὶ
2271 1818 2436 1884 ξένων
2464 1817 2756 1888 δαιμονίων
2782 1814 3124 1884 καταγγελέα
3153 1811 3468 1876 καλοῦντες·
3499 1813 3650 1876 ὅπως
3671 1812 3726 1866 δὲ

2146 1911 2221 1982 μὴ
2249 1909 2614 1981 μυκτηρισμῴ
2641 1909 2799 1980 μόνον
2833 1908 2961 1981 παρ’
2995 1907 3172 1960 αὑτῶν
3207 1907 3476 1978 βάλλοιτο,
3512 1907 3648 1960 ἀλλά
3670 1925 3719 1962 τι

2140 2003 2234 2056 καί
2254 2002 2362 2054 τῶν
2393 2001 2632 2072 ἀνιαρῶν
2669 2002 2935 2072 ὑποσταίη
2980 2000 3133 2062 δίκας
3165 2000 3271 2052 τῶν
3301 2000 3392 2053 ὑπ’
3418 1999 3588 2053 αὑτοῦ
3621 2017 3719 2070 κη-

2142 2095 2482 2165 ρυττομένων
2494 2095 2690 2158 διδους,
2704 2094 3088 2165 ἐπιλαϐόμενοι
3106 2094 3270 2146 αὑτοῦ
3288 2095 3380 2146 ἐπὶ
3400 2091 3492 2145 τὸν
3510 2094 3577 2145 Ἀ
3588 2109 3728 2164 ρειον

2141 2186 2316 2254 πάγον
2346 2187 2584 2256 ἤγαγον·
2614 2187 2674 2249 ὃς
2693 2186 2858 2250 τόπος
2888 2186 2984 2256 μὲν
3016 2181 3084 2256 ἦν
3114 2184 3461 2254 συναγωγῆς,
3495 2185 3590 2237 xui
3622 2184 3726 2236 τῶν

2153 2277 2391 2349 Ἀθηνῶν
2419 2278 2498 2332 ἐτι
2525 2278 2818 2331 καθίστατο
2840 2279 3205 2349 δικαστήριον.
3238 2279 3301 2330 Εἰ
3319 2277 3429 2348 γὰρ
3463 2278 3557 2329 xui
3595 2277 3725 2329 Ῥω-

2143 2375 2291 2443 μαῐοι
2337 2372 2555 2425 πάντων
2596 2372 2718 2424 τότε
2764 2371 3061 2442 ἐκράτουν,
3103 2369 3218 2423 ἀλλ’
3267 2369 3589 2440 Ἀθηναίους
3634 2367 3728 2421 καὶ

2138 2463 2596 2535 Λακεδαιμονίους
2636 2462 2964 2533 αὐτονόμους
2997 2463 3232 2534 ἀφῆκαν.
3268 2461 3497 2533 Εἴρηται
3526 2461 3585 2515 δὲ
3628 2478 3725 2532 μυ-

2141 2556 2307 2620 θικῶς
2343 2556 2505 2620 οὑτω,
2542 2555 2794 2627 καθάπερ
2835 2555 3030 2606 ἐκεῖνοί
3079 2571 3262 2624 φασιν,
3304 2553 3414 2606 ἀπὸ
3450 2553 3546 2607 τοῦ
3572 2554 3726 2625 δίκην

2139 2649 2196 2701 ἐν
2229 2649 2377 2719 αύτῴ
2405 2648 2498 2700 τὸν
2532 2647 2768 2700 Ποσειδῶ
2790 2646 2931 2700 κατά
2965 2645 3060 2698 τοῦ
3095 2647 3304 2717 Ἀρέως
3333 2647 3615 2715 ὑποσχεῖν,
3644 2647 3725 2698 ὅτι

2137 2740 2230 2793 τὸν
2259 2740 2450 2793 τούτου
2497 2741 2610 2792 υἱὸν
2653 2739 2969 2792 ἀπέκτεινεν
3008 2738 3358 2811 ’Δλιρρόθιον.
3406 2739 3726 2808 Ἀγαγόντες

2139 2829 2230 2887 οὖν
2265 2834 2426 2887 αὑτὸν
2459 2833 2602 2902 (ἐπεὶ
2631 2833 2820 2903 καὶτῷ
2852 2831 2962 2885 τῶν
2991 2831 3194 2902 θρόνων
3220 2831 3365 2900 habet,
3396 2833 3493 2885 xui
3524 2835 3594 2903 τῇ
3623 2847 3721 2883 κα-

2137 2926 2485 2998 ταργουμένῃ
2510 2925 2671 2995 σοφία
2708 2925 2849 2995 μέγα
2880 2924 3160 2995 ἐφρόνουν,
3188 2924 3282 2976 xui
3308 2923 3424 2994 ἀμα
3449 2923 3559 2976 τῶν
3591 2939 3726 2992 γινα

2143 3021 2319 3090 μένων
2341 3020 2606 3090 ἀκροαταὶ
2628 3019 2722 3070 xui
2751 3018 2935 3090 κριταὶ
2974 3015 3384 3088 προεκάθηντοο
3425 3011 3503 3071 ὧν
3526 3012 3606 3080 εἷς
3633 3017 3724 3070 xui

2139 3112 2412 3174 Διονύσιος
2452 3107 2540 3181 ἦν,
2586 3112 2689 3163 κάν
2720 3113 2832 3172 τοῖς
2868 3110 3045 3177 λόγοις
3085 3111 3186 3162 κάν
3217 3112 3330 3173 τοῖς
3356 3109 3724 3182 δικαστηρίοις

457 3186 767 3258 spiciebaut
798 3199 812 3236 :
843 3193 898 3239 et
928 3183 1090 3239 simul
1120 3201 1309 3240 eorum
1340 3202 1462 3257 qua:
1492 3186 1715 3252 ﬁebant,
1757 3187 2035 3244 auditores

2140 3203 2200 3256 τὸ
2229 3205 2410 3257 πλεῖον
2427 3204 2877 3276 ἀποφερόμενος)’
2910 3203 3038 3265 «Τίς
3073 3205 3106 3273 ἡ
3143 3202 3304 3274 καινὴ
3334 3203 3474 3274 αῦτη
3497 3204 3592 3256 xui
3623 3202 3728 3256 ὑπὸ

454 3291 514 3337 et
544 3280 761 3350 judices
790 3278 1179 3348 pnesidebant,
1228 3295 1463 3350 quorum
1509 3295 1654 3334 unus
1706 3281 1871 3334 etiam
1921 3290 2038 3336 erat

457 3371 775 3443 Dionysius,
807 3371 968 3440 cujus
1003 3378 1058 3426 et
1091 3371 1146 3425 in
1188 3369 1455 3436 dicendo,
1489 3379 1544 3426 et
1571 3371 1870 3441 judicando
1900 3390 2039 3443 pra!-

457 3466 631 3536 cipua:
663 3470 820 3520 erant
850 3471 1066 3532 partes:
1111 3482 1128 3514 ι
1153 3462 1411 3530 Quanam
1441 3474 1526 3519 est
1551 3464 1663 3518 haec
1686 3481 1845 3533 nova,
1869 3482 2037 3537 quaza

456 3568 512 3614 te
533 3559 761 3622 dicitur,
793 3556 1098 3624 doctrina,»
1124 3556 1296 3613 Paulo
1315 3557 1591 3623 dixerunt,
1629 3559 2038 3630 «sapientiaque

455 3660 511 3707 et
527 3652 808 3720 ingeniosa
835 3649 1088 3706 decreta?
1110 3660 1164 3706 et
1185 3652 1312 3721 quis
1329 3658 1412 3706 est
1431 3650 1592 3707 Jesus
1611 3649 1753 3706 Deus
1775 3660 1829 3706 et
1847 3652 2034 3716 homo,

455 3755 511 3800 et
541 3746 597 3798 in
628 3745 776 3816 ligno
797 3745 920 3799 vita:
948 3743 1106 3800 dator
1129 3754 1182 3800 et
1201 3743 1390 3814 judex,
1424 3760 1454 3798 a
1477 3762 1586 3815 quo
1615 3746 1670 3800 in
1687 3745 1781 3816 jus
1811 3754 2038 3800 vocatur

455 3837 686 3908 quilibet
726 3837 1042 3893 redditurus
1081 3838 1383 3893 rationem?
1413 3838 1673 3904 Quaedam
1717 3837 1863 3892 enim
1895 3853 2036 3892 nova

453 3939 509 3986 et
546 3932 723 3986 aliena
765 3930 948 3987 defers
990 3932 1058 3986 ad
1107 3947 1271 3988 aures
1311 3941 1552 3988 nostras.
1598 3930 1866 3986 Volumus
1904 3948 2036 4002 ergo

457 4022 631 4086 scire,
662 4021 793 4092 quid
833 4021 949 4076 haec
988 4022 1091 4076 sibi
1123 4022 1344 4086 volunt,
1378 4030 1433 4076 ct
1466 4036 1576 4091 quo
1605 4020 1858 4076 tendunt.
1893 4041 1911 4074 ›
1945 4021 2036 4076 Ille

457 4119 639 4166 autem
669 4127 756 4166 res
779 4125 966 4165 eorum
981 4109 1146 4183 3M
1157 4111 1390 4180 primum
1413 4111 1684 4166 extollens
1700 4118 1753 4164 et
1782 4111 2034 4175 laudans,

457 4212 526 4252 ne
551 4197 781 4255 insuetis
808 4209 862 4256 et
879 4201 1072 4256 alienis
1093 4201 1271 4255 verbis
1300 4201 1650 4256 irritarentur
1673 4200 1832 4270 (iram
1861 4201 2032 4266 enim,

455 4293 532 4346 ait
562 4292 673 4355 ille,
708 4293 905 4347 avertit
940 4309 998 4347 se
1028 4292 1360 4347 submittens
1383 4293 1670 4362 responsio
1699 4291 1760 4361 ιι)
1797 4311 1808 4346 :
1859 4310 1877 4343 ι
1917 4291 2034 4347 Viri

464 4386 664 4455 inquit,
689 4383 1072 4449 Athenienses,
1106 4384 1174 4440 de
1222 4386 1290 4440 iis
1328 4401 1449 4454 qua:
1478 4385 1849 4456 interrogatis,
1883 4396 2034 4456 post-

455 4479 678 4534 modum
714 4480 758 4534 si
786 4479 861 4532 ita
887 4478 1164 4532 videbitur
1195 4478 1466 4532 disseram
1501 4493 1514 4528 :
1543 4493 1691 4532 nunc
1722 4487 1904 4533 autem
1937 4496 2035 4550 per

2142 3293 2234 3348 σοῦ
2256 3293 2580 3364 λαλουμένη,
2614 3313 2633 3344 ›
2661 3291 2795 3363 πρὸς
2827 3291 2916 3346 τὸν
2946 3290 3156 3344 Παῦλον
3188 3291 3418 3363 ἔφησαν,
3452 3311 3470 3344 ι
3517 3293 3724 3365 διδαχὴ,

2138 3386 2233 3438 xui
2252 3386 2320 3438 τὰ
2355 3385 2495 3454 σοφά
2516 3384 2610 3438 xui
2637 3384 3066 3455 περινενοημένα
3095 3384 3439 3456 σοφίσματα;
3467 3386 3564 3438 xui
3593 3387 3677 3448 τίς
3697 3387 3730 3439 ὁ

2139 3480 2488 3551 θεάνθρωπος
2531 3477 2771 3549 Ἰησοῦς;
2816 3478 2911 3530 xui
2948 3477 2976 3528 ὁ
3014 3478 3107 3530 ἐπὶ
3137 3477 3294 3544 ξύλου
3324 3477 3598 3550 ζωοδότης
3635 3477 3729 3532 καὶ

2138 3571 2332 3643 κριτὴς
2365 3568 2751 3639 εὑθυνόμενος;
2785 3566 3062 3633 ξενίζοντα
3104 3567 3214 3638 γάρ
3251 3583 3374 3618 τινα
3416 3566 3607 3636 φέρεις
3649 3568 3728 3630 εἰς

2136 3663 2236 3726 τὰς
2279 3661 2449 3724 ἀκοάς
2479 3660 2656 3731 ἡμῶν.
2694 3657 3008 3729 Βουλόμεθα
3034 3653 3128 3712 οὖν
3151 3657 3378 3726 γνῶναι,
3416 3657 3470 3710 τί
3507 3659 3573 3711 ἂν
3604 3657 3727 3728 βοῦ-

2137 3756 2280 3808 λοιτο
2309 3752 2505 3816 ταῦτα,
2531 3752 2627 3806 καὶ
2653 3753 2789 3824 πρὸς
2818 3752 2846 3804 ὃ
2879 3751 3126 3822 φέρουσι.
3156 3769 3174 3800 ι
3199 3750 3306 3802 Καὶ
3325 3749 3405 3813 ὃς,
3429 3749 3494 3802 τὸ
3516 3749 3729 3821 πρῶτον

2138 3845 2380 3917 ἐπαίρων
2416 3861 2476 3897 τε
2500 3844 2616 3914 ἅμα
2649 3843 2716 3895 τὰ
2739 3842 2962 3896 ἐκείνων
2995 3841 3088 3894 καὶ
3108 3839 3172 3892 δι’
3197 3840 3422 3893 ἐπαίνου
3448 3840 3727 3912 τιθέμενος

2137 3933 2246 3991 οἷον
2305 3936 2476 4002 εἰκὸς,
2538 3937 2626 3990 ἴνα
2649 3935 2723 4007 μὴ
2745 3937 2856 3997 τοῖς
2875 3933 3067 4004 ἀήθεσι
3090 3933 3182 3985 xui
3205 3931 3377 3997 ξένοις
3405 3932 3590 4000 λόγοις
3606 3949 3729 4002 τρα-

2138 4031 2380 4101 χύνοιντο
2428 4029 2619 4100 (θυμὸν
2655 4028 2764 4099 γὰρ
2817 4027 3169 4097 ὑποστρέφει,
3220 4027 3404 4096 φησὶν,
3437 4025 3727 4097 ἀπόκρισις

2139 4121 2574 4189 ὑποπίπτουσα)·
2614 4139 2632 4170 ι
2671 4118 2919 4189 Ἀνδρες,
2953 4112 3126 4178 εἶπεν,
3172 4114 3470 4186 Ἀθηναῖοι,
3502 4117 3635 4188 περὶ
3655 4109 3726 4169 ῶν

2140 4213 2499 4278 πυνθάνεσθε,
2532 4211 2781 4283 ὓστερον,
2819 4212 2868 4262 εί
2912 4209 3087 4270 δοκεῖ,
3138 4208 3493 4281 διηγήσομαι)
3537 4210 3633 4263 νῦν
3673 4210 3726 4262 δὲ

2138 4305 2280 4359 κατὰ
2295 4304 2473 4358 πάντα
2491 4303 2565 4366 ὠς
2581 4301 3171 4372 δεισιδαιμονεστέρους
3187 4301 3329 4371 ὑμᾶς
3345 4301 3561 4373 θεωρῶ.
3579 4303 3726 4373 Διερ-

2138 4399 2363 4470 χόμενος
2376 4395 2485 4468 γὰρ
2502 4394 2674 4450 καὶτὰ
2693 4393 3011 4464 σεϐάσματα
3027 4393 3179 4463 ὑμῶν
3196 4394 3546 4466 ἀναθεωρῶν,
3575 4391 3724 4466 εὗρον

2137 4490 2233 4544 xui
2267 4488 2471 4560 βωμὸν,
2511 4489 2566 4539 ἐν
2594 4479 2638 4553 ᾧ
2671 4485 3071 4553 ἐπεγέγραπτο’
3123 4483 3425 4554 Ὰῖνώστῳ
3458 4486 3602 4552 Θεῷ.
3633 4490 3723 4539 Ὃν

455 4569 639 4623 omnia
669 4569 826 4638 quasi
856 4570 1352 4638 superstitiosiores
1379 4586 1479 4624 vos
1509 4571 1684 4626 video.
1735 4569 2035 4627 Transicns

2140 4575 2233 4632 οῦν
2277 4577 2594 4646 ἀγνοοῦντες
2639 4575 2934 4637 εὐσεϐεῖτε,
2990 4573 3178 4627 τοῦτον
3215 4574 3327 4643 ἐγὼ
3371 4578 3725 4649 καταγγέλλω

455 4661 624 4724 enim,
666 4670 721 4715 et
767 4662 1041 4730 aspiciens
1105 4678 1169 4717 ea
1235 4678 1359 4733 qua.
1402 4664 1600 4728 colitis,
1648 4663 1832 4719 inveni
1872 4666 2038 4720 etiam

455 4770 628 4818 aram,
666 4755 720 4807 in
751 4770 858 4823 qua
898 4755 1224 4824 inscriptum
1263 4765 1417 4811 erat:
1454 4755 1643 4823 Ignoto
1687 4755 1818 4810 Deo.
1863 4755 2035 4823 Quem

454 4863 587 4919 ergo
618 4847 935 4916 ignorantes
950 4849 1156 4912 colitis,
1185 4865 1311 4904 eum
1335 4849 1606 4905 annuntio
1633 4849 1788 4907 vobis
1807 4867 1822 4918 ;
1841 4851 1888 4906 si
1909 4865 2036 4906 eum

455 4939 594 4996 forte
634 4941 1134 5006 contrectaveritis,
1183 4952 1236 4997 et
1281 4941 1626 5008 inveneritis,
1663 4944 1767 4998 etsi
1809 4959 1919 4998 non
1965 4927 2050 4997 sit.

454 5035 616 5104 longe
661 5033 731 5088 ab
776 5048 1106 5104 unoquoque
1144 5043 1410 5095 vestrum.
1457 5033 1517 5088 In
1558 5034 1681 5106 ipso
1721 5035 1868 5090 enim
1898 5034 2039 5091 vivi-

456 5141 598 5192 mus,
629 5133 684 5180 et
713 5140 1017 5187 movemur,
1049 5135 1104 5181 et
1133 5143 1344 5184 sumus.
1378 5147 1396 5180 ι
1419 5125 1544 5183 llazc
1565 5142 1690 5182 cum
1721 5127 1796 5181 illi
1829 5127 2036 5182 audiis-

452 5228 598 5282 sent,
627 5219 886 5290 quoniam
911 5221 1172 5290 gravibus
1193 5221 1481 5277 sententiis
1505 5221 1664 5292 plena
1685 5229 1805 5276 erat
1834 5221 2033 5289 oratio,

449 5321 711 5382 tanquam
738 5327 877 5368 sono
903 5313 1108 5367 tonitru
1143 5324 1329 5370 essent
1359 5312 1748 5382 obstupefacti,
1783 5313 2033 5382 elingues

449 5411 504 5456 et
531 5406 664 5458 muti
692 5413 1000 5460 evaserant.
1016 5406 1153 5460 Cum
1174 5415 1355 5462 autem
1379 5406 1466 5460 vix
1491 5406 1711 5460 tandem
1734 5404 2027 5461 dixissent:

456 5512 473 5543 ι
524 5493 830 5552 Audiemus
871 5507 924 5552 te
964 5499 1251 5567 postridie,
1283 5519 1300 5550 ι
1337 5498 1826 5554 cum-dimiserunt
1869 5515 1900 5554 e
1940 5499 2032 5568 ju-

450 5584 618 5641 dicio.
637 5585 926 5662 Egreditur
940 5605 1070 5660 ergo
1090 5589 1315 5658 Paulus,
1343 5605 1455 5646 non
1482 5591 1760 5654 inanibus,
1791 5599 1849 5644 ut
1871 5591 2032 5662 vulgo

449 5675 670 5742 dicitur,
687 5680 964 5747 manibus,
987 5682 1081 5738 sed
1102 5697 1287 5739 secum
1312 5691 1559 5754 accepto,
1577 5683 1812 5754 quicum
1836 5697 2032 5752 seque-

532 5848 560 5892 ιι
582 5850 744 5908 Prov.
780 5869 870 5908 xv.

2141 4674 2297 4741 ὑμῖνο
2331 4670 2379 4722 εί
2407 4669 2514 4740 ἀρα
2542 4667 2893 4738 ψηλαφήσετε
2923 4667 3105 4732 αὑτὸν,
3141 4668 3235 4720 καὶ
3255 4666 3494 4739 εὕροιτε,
3530 4672 3625 4724 καί
3663 4688 3722 4740 γε

2138 4762 2200 4814 οὑ
2244 4759 2460 4831 μακρὰν
2493 4757 2585 4827 ἀφ’
2621 4756 2852 4810 ἐκάστου
2889 4758 3041 4829 ὑμῶν
3083 4758 3416 4830 ὑπάρχοντα.
3460 4761 3549 4816 Ἐν
3581 4763 3723 4834 αὑτῷ

2139 4851 2248 4922 γὰρ
2274 4849 2455 4921 ζῶμεν
2475 4849 2570 4904 xui
2594 4848 2891 4919 κινούμεθα
2921 4851 3014 4904 καὶ
3031 4851 3214 4922 ἐσμέν.
3239 4873 3256 4904 ι
3276 4853 3497 4908 Τούτων
3530 4856 3722 4909 ἐκεῖνοι

2139 4941 2492 5004 ἀκούσαντες,
2515 4940 2610 4994 xui
2627 4940 2709 4993 ὅτι
2730 4939 2944 5012 πλήρης
2968 4943 2996 4994 ὁ
3019 4940 3174 5010 λόγος
3193 4943 3412 5016 κομψῆς
3432 4945 3722 5016 ἐτύγχανεν

2135 5033 2394 5098 διανοίας,
2440 5027 2528 5087 οἷα
2566 5033 2795 5106 βροντῆς
2828 5034 2945 5104 ἤχῳ
2981 5034 3458 5104 καταπλαγέντες,
3513 5039 3722 5110 ἀφωνία

2137 5127 2466 5196 συνείχοντο.
2511 5127 2713 5196 Ὀψὲδὲ
2745 5126 2841 5180 xui
2876 5125 3028 5196 μόλις
3062 5147 3080 5178 ι
3127 5129 3504 5200 Ἀκουσόμεθά
3539 5149 3633 5184 σου
3655 5134 3716 5202 τῇ

2136 5219 2456 5290 ὑστεραία,›
2505 5219 2988 5290 ἐπιφθεγξάμενοι,
3025 5219 3119 5273 τοῦ
3157 5221 3513 5294 δικαστηρίου
3535 5224 3717 5276 τοῦτον

2134 5311 2376 5382 ἀφῆκαν.
2427 5309 2663 5374 Ἔξεισιν
2701 5307 2795 5363 οὖν
2817 5312 2846 5362 ὁ
2873 5309 3086 5374 Παῦλος
3121 5312 3182 5363 οὑ
3225 5317 3414 5376 κεναῖς
3459 5315 3634 5385 χερσὶ,
3661 5313 3716 5365 τὸ

2131 5403 2416 5474 ᾀδόμενον·
2443 5403 2555 5456 ἀλλ’
2583 5402 2919 5473 ἐφεπόμενον
2949 5402 3038 5456 τὸν
3070 5404 3330 5475 πρόεδρον
3356 5423 3415 5457 τε
3449 5409 3545 5460 xui
3563 5423 3716 5477 κορυ-

2130 5499 2288 5565 φαῖον
2314 5497 2414 5567 τῆς
2446 5496 2553 5548 τῶν
2594 5495 2862 5565 σοφιστῶν
2899 5497 3211 5569 συμμορίας
3246 5499 3604 5570 παραλαϐὼν,
3629 5499 3713 5551 τὸν

2135 5588 2308 5659 μέγαν
2335 5587 2523 5642 τοῦτόν
2542 5606 2684 5660 φημι
2710 5589 3017 5643 Διονύσιον
3045 5591 3139 5644 xui
3169 5589 3360 5663 ὥσπερ
3395 5610 3481 5656 τις
3524 5593 3710 5662 Ὀλυμ-

2133 5684 2382 5751 πιονίκης
2418 5681 2450 5752 ἢ
2490 5683 2824 5753 στρατηγὸς,
2865 5682 2968 5753 τῆς
3003 5682 3139 5748 ἰδίας
3175 5682 3426 5757 γλώττης
3458 5687 3712 5760 τρόπαιον
