3886 6550
179 467 272 524 593

1041 462 1224 529 VITA,
1259 461 1592 520 AUCTORE
1622 459 1948 516 SYMEONE
1983 449 2516 515 METAPHRASTE.

3300 467 3405 522 594

173 582 316 639 αὑτὸν
368 580 732 652 ποιησάμενος
773 578 866 634 καὶ
919 581 1129 653 καρπὸν
1173 579 1408 632 τοιοῦτον
1448 579 1542 632 τοῦ
1591 579 1727 649 πρὸς

1829 576 2012 639 batur,
2046 575 2301 642 praeside,
2320 583 2374 630 et
2404 573 2596 630 classis
2624 575 2992 644 sophistarum
3016 576 3285 648 principe,
3301 578 3406 634 hoc

183 673 474 744 Ἀθηναίους
511 671 670 742 λόγου
711 671 950 743 θερίσας.
994 673 1119 736 Τοῖς
1153 673 1263 744 γάρ
1304 671 1456 744 παρὰ
1493 670 1587 725 τοῦ
1625 671 1724 741 τῆς

169 764 400 837 ἀληθείας
443 763 686 834 κήρυκος
733 763 863 834 περὶ
905 763 999 816 τοῦ
1050 763 1226 834 Ἰησοῦ
1267 763 1579 833 λεγομένοις
1624 763 1723 834 τὴν

168 855 535 928 προοραθεῖσαν
561 854 711 926 αὐτῷ
739 853 878 907 κατὰ
907 854 997 908 τὸν
1028 854 1213 925 καιρὸν
1253 853 1346 906 τοῦ
1378 852 1586 916 πάθους
1614 854 1724 907 τῶν

166 948 441 1019 φωστήρων
488 947 837 1017 καινοτομίαν
888 946 1176 1018 συμϐαλὼν
1227 948 1453 1012 ἐκεῖνος,
1487 945 1580 999 καὶ
1622 947 1723 1016 τῆς

164 1037 484 1110 ἀνθρωπίνης
516 1038 721 1109 ταύτης
756 1036 945 1107 σοφίας
971 1037 1260 1109 ὑπεριδὼν,
1290 1036 1385 1091 τοῦ
1429 1036 1588 1106 λόγου
1619 1040 1722 1110 τῆς

163 1131 394 1202 ἀληθείας
421 1130 632 1200 γίνεται
653 1171 666 1195 ,
697 1131 791 1184 καὶ
819 1130 899 1202 τῷ
937 1130 1242 1202 Ἀπ-σστόλῳ
1274 1130 1604 1185 συντίθεται·
1642 1132 1720 1204 τῷ

161 1238 211 1273 τε
246 1219 448 1292 λουτρῷ
487 1219 587 1290 τῆς
624 1219 1040 1289 παλιγγενεσίας
1076 1221 1416 1286 τελειωθεὶς,
1470 1221 1721 1293 μαθητὴς

160 1310 274 1382 ἐμοῦ
308 1312 398 1364 καὶ
434 1311 614 1383 κῆρυξ
650 1311 887 1384 Χριστοῦ
931 1312 1025 1366 τοῦ
1068 1311 1286 1385 πρώτου
1325 1315 1424 1385 τῆς
1461 1314 1720 1387 ἀληθείας

159 1402 451 1456 διδασκάλου
497 1405 838 1458 καθίσταται.
885 1405 996 1458 Καὶ
1024 1404 1092 1459 τά
1131 1407 1323 1477 πρῶτα
1367 1407 1468 1478 τῆς
1501 1409 1720 1480 ἡλικίας

158 1493 444 1566 διατριϐῶν,
481 1498 577 1550 καὶ
624 1497 871 1561 παιδείας
915 1497 994 1569 τῷ
1053 1500 1331 1573 μακαρίτῃ
1386 1502 1719 1574 κοινωνήσας

168 1587 418 1658 Ἰεροθὲῳ,
452 1589 569 1660 βίον
592 1590 696 1642 ὑπὸ
732 1589 906 1662 τούτῳ
936 1593 1030 1645 καὶ
1055 1593 1210 1662 λόγον
1246 1593 1583 1648 παιδεύεται·
1624 1597 1719 1648 καὶ

156 1679 241 1751 τῆς
260 1680 422 1751 αὐτῆς
451 1681 605 1752 αὐτῷ
624 1681 718 1735 τοῦ
747 1683 902 1752 ἁγίου
922 1684 1060 1738 Πνεύ
1071 1699 1241 1756 ματος
1272 1686 1558 1750 κοινωνίας
1587 1704 1719 1741 κατ-

154 1769 394 1835 αξιοῦται,
430 1773 528 1825 καὶ
560 1772 852 1836 ἀναϐάσεις
878 1775 936 1826 ἐν
969 1777 1034 1845 τῇ
1079 1775 1277 1847 καρδίᾳ
1311 1776 1715 1848 ἀνατιθέμενος,

156 1861 409 1932 φιλοσοφεῖ
452 1864 558 1935 τὴν
601 1865 892 1936 ἀλήθειαν·
940 1865 1096 1938 ζητεῖ
1141 1867 1282 1939 μετὰ
1313 1868 1412 1939 τῆς
1460 1868 1718 1940 ἀληθείας

155 1956 264 2024 περὶ
291 1956 486 2028 ψυχῆς,
529 1959 658 2029 περ)¹
685 1957 958 2030 σώματος,
994 1959 1124 2031 περὶ
1160 1960 1258 2032 τῆς
1285 1961 1395 2014 τῶν
1425 1962 1716 2033 πρακτέων

155 2044 439 2115 ὑπάρξεως·
486 2048 668 2102 πάντα
707 2053 890 2123 νεκροῖ
924 2049 993 2104 τὰ
1042 2051 1176 2122 μέλη
1217 2052 1289 2105 τὰ
1328 2054 1420 2106 ἐπὶ
1455 2055 1554 2124 τῆς
1588 2054 1713 2124 γῆς,

153 2135 300 2189 πολλὰ
317 2140 381 2209 τῇ
407 2140 578 2210 σαρκὶ
605 2140 996 2213 νομοθετήσας,
1027 2142 1107 2206 εἰς
1134 2144 1412 2215 ὑποταγὴν
1433 2144 1526 2197 τοῦ
1556 2145 1718 2197 πνεύ-

154 2245 321 2298 ματος·
350 2232 697 2302 παιδαγωγεῖ
715 2234 813 2306 τὴν
833 2235 1003 2305 ἀκοὴν
1033 2236 1134 2288 ὅσα
1167 2235 1284 2290 θεῖα
1311 2237 1404 2291 καὶ
1432 2239 1560 2309 περὶ
1581 2236 1714 2290 Θεοῦ

151 2322 503 2378 ἑνωτίσασθαι·
541 2327 657 2388 τοῖς
691 2326 746 2379 δὲ
789 2328 997 2381 τούτων
1037 2328 1196 2393 ἐκτὸς
1238 2329 1330 2382 τὸν
1374 2329 1517 2384 θεῖον
1553 2329 1717 2400 φόϐον

150 2412 368 2486 θυρωρὸν
413 2417 705 2490 ἐφίστησιν
752 2419 1148 2491 ἀπαραίτητον·
1181 2422 1300 2476 ὅλον
1353 2423 1578 2494 μετάγει
1625 2425 1716 2476 τὸν

148 2505 399 2578 ὀφθαλμὸν
435 2509 532 2562 ἐπὶ
563 2510 662 2581 τὴν
699 2510 976 2582 ἀλήθειαν.
1003 2513 1084 2565 Τὰ
1111 2512 1220 2584 γὰρ
1249 2514 1350 2584 τῆς
1371 2514 1637 2586 γλώττης,
1667 2517 1716 2568 εἰ

150 2597 230 2648 καὶ
270 2599 341 2670 μὴ
389 2599 449 2652 ἐν
485 2594 573 2662 οἷς
606 2602 772 2672 ἐχρῆν
807 2603 1102 2676 πρότερον,
1137 2604 1251 2658 ἀλλ’
1285 2601 1378 2662 οὖν
1415 2605 1719 2676 φιλοσόφως

149 2705 198 2740 τε
226 2690 313 2743 καὶ
357 2691 624 2756 Ἀττικῶς
657 2694 752 2748 καὶ
782 2695 920 2766 πρὸς
958 2697 1245 2769 ἀκρίϐειαν
1276 2698 1715 2752 ἐνεπεπαίδευτο.

149 2785 261 2852 Καὶ,
295 2785 340 2840 ὣ
364 2787 460 2840 τοῦ
494 2785 805 2857 θαύματοςί
832 2790 890 2841 ἐν
937 2788 1135 2860 βραχεῖ
1163 2789 1371 2854 πάντας
1400 2790 1719 2862 ὑπερϐαίνει

148 2879 258 2942 τοὺς
275 2878 610 2952 ἔμπροσθεν,
644 2880 706 2932 οὐ
739 2878 942 2950 κλέψας
969 2882 1068 2953 τὴν
1100 2880 1356 2948 ἐξουσίαν
1385 2883 1506 2935 οὐδὲ
1538 2883 1718 2956 άρπά-

151 2987 254 3034 σας,
277 2971 408 3025 ἀλλὰ
435 2971 569 3034 τοὺς
593 2971 746 3024 κάτω
767 2971 1007 3044 βαθμοὺς
1036 2972 1340 3038 διεξελθών.
1377 2975 1487 3027 Καὶ
1506 2976 1568 3028 τὸ
1602 2993 1720 3028 ποι-

153 3063 414 3133 μαίνεσθαι
445 3064 635 3127 καλῶς
651 3062 928 3135 ἐκμαθὼν,
948 3065 1058 3118 τῶν
1079 3065 1190 3119 ἄνω
1217 3068 1354 3136 ταχὺ
1379 3066 1608 3135 γίνεται,
1625 3068 1720 3121 καὶ

149 3157 400 3224 ποιμαίνει
420 3155 567 3228 μετὰ
585 3156 684 3226 τῆς
698 3154 888 3226 πείρας
907 3155 1149 3226 ὕστερον·
1169 3156 1264 3208 καὶ
1280 3157 1537 3223 ἐπιεικῶς
1553 3158 1718 3230 ἄρχε-

150 3247 254 3300 σθαι
279 3249 484 3319 μαθὼν,
519 3249 684 3320 ἄρχει
709 3249 1133 3322 ἐπιεικέστερον·
1166 3254 1260 3306 καὶ
1293 3252 1432 3323 μετὰ
1458 3253 1560 3322 τῆς
1586 3253 1721 3323 ἀλη-

146 3340 278 3404 θείας
312 3340 559 3406 διδάξας,
600 3340 689 3394 διά
727 3340 910 3408 πάσης
940 3359 1000 3394 τε
1041 3342 1211 3396 ἐλθὼν
1251 3343 1536 3411 εὐταξίας,
1563 3344 1716 3409 τέλος

145 3431 230 3502 τὴν
257 3432 361 3486 τῶν
403 3432 652 3505 Ἀθηνῶν
685 3433 996 3496 πιστευθεὶς
1039 3435 1351 3506 προεδρίαν,
1381 3435 1490 3488 τῶν
1519 3436 1721 3489 οἰάκων

144 3524 228 3594 τῆς
263 3525 596 3597 Ἐκκλησίας
632 3524 1066 3597 ὑπερκαθέζεται
1087 3543 1100 3556 ·
1147 3526 1209 3579 τό
1239 3544 1300 3579 τε
1353 3529 1454 3599 τῆς
1494 3527 1723 3598 γνώμης

146 3620 371 3682 γενναῖον
404 3601 777 3678 ἐπιδεικνύει,
813 3617 907 3670 καὶ
941 3617 1282 3688 προπολεμεῖ
1309 3620 1410 3690 τῆς
1449 3619 1719 3689 ποίμνης,

145 3708 222 3760 καὶ
240 3709 504 3762 ἀποσοϐεῖ
523 3710 650 3772 τοὺς
681 3707 872 3780 θῆρας,
895 3711 989 3762 καὶ
1014 3709 1122 3762 τοῦτ
1141 3711 1494 3782 νενοσηκότος
1525 3713 1721 3782 ἐπιμε-

145 3796 319 3864 λεῖται,
364 3802 556 3855 καὶτὸ
600 3800 907 3872 μακρυνθὲν
950 3801 1246 3872 ἐπανάγει·
1283 3806 1380 3858 καὶ
1431 3805 1722 3858 συνελόντα

142 3891 309 3956 φάναι,
341 3895 478 3946 πᾶσι
511 3891 582 3945 τά
594 3891 775 3945 πάντα
802 3892 944 3945 κατὰ
976 3892 1066 3945 τὸν
1099 3892 1265 3947 αὐτοῦ
1295 3893 1613 3948 διδάσκαλον
1632 3895 1720 3964 γί-

142 3997 294 4036 νεται.
326 3984 488 4037 Οὕτω
512 3999 574 4034 τε
605 3980 823 4046 διδάξας
839 4020 853 4044 ,
893 3982 988 4035 καί
1012 3983 1112 4053 τὴν
1138 3982 1342 4054 Τριάδα
1369 3984 1718 4056 θεολογήσας,

141 4074 311 4144 σαφῶς
327 4077 460 4147 περὶ
485 4073 600 4128 τῶν
629 4075 803 4129 ἄλλων
826 4074 1180 4146 διαλαμϐάνει
1201 4075 1502 4146 δυνάμεων.

1747 1983 1789 2036 Β

1743 3333 1786 3362 l“

1743 3365 1787 3393 υ

1828 681 2047 736 magno,
2072 667 2316 736 inquam,
2357 665 2640 738 Dionysio.
2678 666 2754 722 De
2783 683 2919 738 quo,
2951 676 3214 740 tanquam
3254 673 3409 744 quis-

1823 757 1972 827 piam
2015 757 2193 812 victor
2240 756 2591 829 Olympicus,
2639 767 2734 814 aut
2777 760 2888 815 dux
2934 764 3234 830 exercitus,
3294 783 3409 823 sua:

1824 849 2020 920 linguzr
2055 850 2231 904 erexit
2261 850 2584 920 troplneum,
2616 859 2671 906 et
2715 851 2862 906 hunc
2905 851 3146 908 fructum
3181 857 3405 929 collegit

1821 955 1888 995 ex
1917 940 2166 997 oratione
2219 957 2380 1011 quam
2408 942 2596 996 habuit
2620 941 2686 996 ad
2715 943 3101 1001 Athenienses.
3135 943 3208 1001 lis
3233 949 3406 1015 enim,

1821 1046 1944 1101 quae
1981 1032 2050 1088 de
2092 1031 2219 1088 Iesu
2252 1033 2581 1088 dicebantur
2617 1050 2647 1089 a
2684 1049 2937 1104 praecone
2966 1037 3234 1102 veritatis,
3277 1052 3405 1093 cum

1821 1139 1850 1178 a
1881 1140 1940 1180 se
1966 1127 2116 1194 prius
2138 1125 2311 1182 visam
2330 1126 2387 1180 in
2420 1133 2668 1197 tempore
2698 1128 2973 1197 passionis
2996 1128 3404 1186 innovationem

1821 1216 1925 1274 sibi
1949 1217 2053 1287 ipsi
2075 1217 2432 1288 explicuisset
2451 1218 2829 1285 luminarium,
2853 1228 2908 1276 et
2936 1220 3080 1276 hanc
3106 1222 3407 1276 humanam

1819 1309 2163 1380 despcxisset
2201 1310 2548 1381 sapientiam,
2579 1319 2828 1368 sectatur
2852 1314 3080 1369 verbum
3114 1315 3363 1370 veritatis
3383 1354 3401 1381 ,

1820 1410 1873 1456 et
1925 1403 2245 1473 adjungitur
2292 1402 2666 1474 Apostolo;et
2696 1407 3130 1476 regenerationis
3187 1407 3409 1462 lavacro

1819 1503 2252 1562 consummatus,
2291 1495 2348 1549 fit
2380 1495 2542 1550 simul
2576 1496 2914 1567 discipulus,
2948 1505 3003 1552 et
3037 1513 3215 1568 praeco
3245 1497 3406 1553 Chri-

1819 1589 1913 1653 sti,
1947 1589 2040 1659 qui
2077 1596 2163 1643 est
2189 1589 2398 1658 primus
2423 1588 2620 1642 doctor
2648 1589 2917 1645 veritatis.
2951 1588 3015 1643 Et
3045 1605 3170 1644 cum
3201 1591 3408 1660 primas

1819 1681 1943 1736 ﬁdei
1967 1681 2388 1736 exercitationes
2414 1693 2468 1736 et
2513 1681 2838 1752 disciplinas
2867 1697 2899 1736 a
2937 1683 3099 1738 beato
3130 1685 3410 1753 percepis-

1820 1782 1902 1828 set
1924 1772 2240 1838 llierotheo,
2272 1774 2404 1829 etin
2436 1774 2628 1839 verbo,
2653 1781 2708 1828 et
2746 1774 2802 1828 in
2828 1775 2938 1828 vita
2961 1774 3031 1830 ab
3054 1790 3122 1830 eo
3155 1775 3406 1839 docetur,

1818 1873 1874 1922 et
1901 1865 2079 1920 sancti
2107 1863 2349 1936 Spiritus
2375 1866 2821 1920 communionem
2849 1867 2920 1922 ab
2941 1881 3006 1922 eo
3023 1865 3408 1937 consequitur.

1819 1957 2025 2013 Deinde
2053 1958 2412 2013 ascensiones
2450 1958 2506 2014 in
2539 1957 2706 2013 corde
2730 1973 2830 2013 suo
2871 1958 3196 2028 disponens,
3229 1958 3410 2028 philo-

1820 2051 2085 2120 SOphatur
2106 2051 2424 2118 veritatem;
2448 2051 2646 2121 quaerit
2673 2065 2799 2104 cum
2832 2052 3084 2119 veritate,
3106 2052 3175 2107 de
3201 2052 3406 2120 anima,

1820 2144 1889 2199 de
1932 2159 2185 2213 corpore,
2217 2157 2283 2199 ac
2319 2142 2387 2198 de
2425 2144 2734 2198 substantia
2775 2159 2959 2198 rerum
2991 2145 3403 2216 gerendarum:

1821 2235 2116 2291 mortiﬁcat
2147 2235 2332 2290 omnia
2359 2237 2605 2290 membra
2639 2251 2759 2298 sua,
2793 2252 2917 2306 quae
2949 2245 3078 2291 sunt
3104 2253 3270 2307 super
3297 2246 3408 2294 ter-

1821 2343 1960 2392 ram,
1979 2329 2162 2383 carnis
2181 2328 2384 2382 multas
2410 2328 2558 2398 leges
2586 2329 2933 2385 constituens
2951 2328 3021 2382 ad
3038 2329 3407 2386 obediendum

1821 2421 2069 2490 spiritui;
2100 2421 2259 2476 docet
2294 2435 2457 2476 aures
2487 2422 2802 2477 auscultare
2831 2437 2954 2492 quae
2983 2421 3187 2488 divina,
3209 2433 3264 2478 et
3287 2438 3410 2493 qua:

1821 2521 1950 2571 sunt
1976 2515 2043 2569 de
2064 2514 2176 2570 Deo
2200 2514 2502 2581 audienda;
2531 2515 2598 2570 iis
2621 2523 2804 2571 autem
2826 2531 2949 2586 quae
2983 2523 3111 2572 sunt
3145 2524 3298 2572 extra
3317 2531 3406 2582 ea,

1821 2606 2066 2661 divinum
2105 2617 2310 2661 metum
2367 2607 2763 2662 inexorabilem
2811 2607 3032 2664 adhibet
3067 2608 3402 2678 janitorem:

1820 2705 1875 2753 et
1907 2705 2080 2752 totum
2108 2699 2328 2753 oculum
2349 2697 2589 2752 traducit
2621 2697 2689 2752 ad
2718 2699 3003 2754 veritatem
3031 2701 3409 2770 contemplan-

1821 2789 1968 2844 dam.
2000 2789 2155 2855 Quod
2189 2798 2372 2844 autem
2403 2791 2470 2844 ad
2502 2791 2746 2859 linguam
2776 2791 3033 2859 pertinet,
3068 2793 3175 2846 etsi
3203 2807 3314 2846 non
3349 2791 3408 2848 in

1823 2882 1914 2947 iis,
1947 2883 2003 2936 in
2027 2884 2229 2952 quibus
2259 2883 2570 2953 oportebat,
2602 2884 2732 2938 olim
2760 2884 2955 2938 edocta
2996 2884 3194 2947 fuerat,
3230 2884 3411 2953 philo-

1821 2975 2049 3044 sophiee
2096 2983 2279 3030 tamen
2322 2983 2376 3029 et
2405 2974 2609 3038 Attice,
2641 2975 2923 3044 multaque
2953 2990 3079 3029 cum
3121 2975 3408 3046 diligentia

1821 3066 2036 3122 erudita
2059 3074 2199 3120 erat.
2233 3063 2422 3136 Itaque
2462 3065 2613 3121 brevi
2644 3065 2944 3138 Dionysius
2969 3066 3024 3137 (0
3053 3067 3405 3137 miraculum)

1821 3168 2045 3230 Superat
2066 3175 2278 3224 omnes,
2305 3159 2400 3229 qui
2429 3167 2860 3229 praecesserant:
2892 3159 3053 3231 345
3079 3166 3281 3215 etcum
3309 3175 3409 3229 po-

1821 3260 2072 3307 testatem
2100 3268 2208 3305 non
2230 3250 2551 3307 subfuratus
2567 3261 2737 3315 esset,
2757 3251 2852 3306 sed
2873 3268 2967 3322 per
2992 3252 3194 3322 gradus
3219 3258 3408 3308 trans-

1820 3345 1974 3400 iisset
2009 3343 2320 3407 inferiores,
2358 3345 2586 3414 pulchre
2624 3345 2778 3415 pasci
2805 3343 3113 3412 didicisset,
3143 3344 3210 3397 ad
3245 3359 3410 3414 supe~

1820 3435 1967 3490 riora
1995 3451 2119 3489 mox
2145 3437 2419 3506 pervenit,
2453 3443 2506 3490 et
2540 3435 2718 3504 pascit
2741 3443 2930 3504 postea
2963 3451 3089 3489 cum
3121 3435 3410 3505 experien-

1819 3528 1926 3594 tia;
1971 3535 2026 3582 et
2078 3543 2204 3582 cum
2255 3528 2504 3583 modeste
2558 3543 2754 3597 parere
2804 3527 3112 3594 didicisset,
3173 3528 3408 3596 imperat

1821 3618 2156 3685 modestius;
2181 3627 2235 3673 et
2258 3635 2385 3674 cum
2408 3620 2691 3674 docuisset
2718 3634 2842 3673 eum
2867 3621 3115 3683 veritate,
3149 3620 3411 3675 obiisset—

1820 3728 1927 3782 que
1956 3727 2148 3766 omnes
2177 3712 2304 3765 boni
2330 3712 2542 3767 ordinis
2567 3721 2777 3781 partes,
2813 3712 3034 3765 tandem
3065 3712 3114 3765 ei
3145 3713 3406 3767 mandato

1819 3804 2153 3858 Athenarum
2197 3803 2544 3872 pontificatu,
2607 3803 2782 3857 clavis
2833 3802 3092 3872 praesidet
3122 3803 3406 3869 Ecclesiaa,

1820 3894 2175 3964 ostenditque
2221 3909 2383 3948 suum
2434 3908 2766 3962 generosum
2813 3892 3080 3954 animum,
3114 3898 3168 3945 et
3201 3900 3411 3963 pugnat

1821 4003 1920 4057 pro
1947 4002 2111 4056 grege
2143 4002 2158 4036 :
2192 3985 2525 4054 expellitque
2552 3984 2781 4046 bestias,
2804 3992 2859 4038 et
2875 3984 3017 4053 ejus,
3044 3983 3191 4052 quod
3217 3986 3408 4038 morbo

1821 4079 2055 4142 laborat,
2099 4092 2288 4132 curam
2320 4078 2480 4147 gerit,
2512 4083 2567 4130 et
2596 4076 2742 4146 quod
2796 4076 2954 4145 longe
3007 4082 3092 4129 est
3132 4084 3407 4130 remotum

139 4166 377 4221 reducit:
413 4175 496 4232 et,
533 4173 592 4221 ut
633 4168 805 4223 semel
842 4168 1042 4233 dicam,
1089 4167 1236 4222 sicut
1270 4167 1393 4236 ejus
1443 4169 1727 4239 magister,
1771 4171 2032 4225 omnibus
2059 4171 2118 4224 iit
2157 4169 2342 4224 omnia
2375 4170 2420 4223 ί.
2469 4167 2608 4223 Cum
2655 4167 2736 4223 sic
2782 4175 2962 4223 autem
3011 4166 3296 4224 docuisset
3347 4179 3402 4226 et

138 4257 198 4312 de
229 4259 523 4314 Trinitatis
578 4259 866 4315 divinitate
923 4260 1301 4326 disseruisset,
1327 4261 1477 4315 clare
1505 4268 1709 4316 tractat
1741 4264 1810 4319 de
1835 4265 2094 4334 supernis
2124 4263 2444 4318 virtutibus.

200 4352 303 4404 Καὶ
334 4355 416 4417 εἰς
447 4350 614 4405 τοῦτο
645 4352 865 4422 χάριτος
897 4352 1088 4418 ἐλθὼν,
1117 4353 1214 4416 ὡς,
1249 4352 1412 4423 ἡνίκα
1450 4353 1512 4406 τὸ
1561 4352 1721 4407 πνεῦ-

80 4461 92 4471 ·
141 4459 208 4512 μα
235 4445 332 4515 τῆς
361 4443 633 4498 Θεοτόκου
665 4443 913 4515 σώματος
951 4445 1221 4516 ἐξεδήμει,
1254 4447 1368 4508 τοῖς
1400 4445 1719 4510 ἀποστόλοις

137 4536 215 4589 διά
246 4539 564 4611 πνεύματος
598 4539 690 4592 καὶ
723 4539 950 4610 νεφέλης
981 4543 1048 4611 τῇ
1086 4541 1206 4612 ἱερᾷ
1236 4539 1427 4593 τούτου
1463 4540 1719 4593 ἐπιστᾶσι

136 4637 268 4704 ταφῇ
302 4635 708 4706 συμπαρεῖναι·
735 4633 838 4686 οὐκ
868 4633 948 4686 ἔτι
979 4633 1088 4687 δεῖν
1119 4631 1259 4702 ῷετο
1295 4635 1393 4704 μιᾷ
1427 4632 1578 4686 πόλει
1597 4635 1720 4696 ταῖς

149 4719 388 4796 Ἀθήναις
419 4722 520 4776 τὸν
562 4721 816 4776 τοσοῦτον
865 4723 1204 4794 περιγράψαι
1239 4723 1469 4777 πλοῦτον
1495 4723 1596 4793 τῆς
1631 4723 1722 4792 χά-

141 4832 274 4884 ριτος
295 4834 311 4848 ·
342 4816 484 4870 ἀλλὰ
512 4815 574 4868 τὸ
600 4815 862 4869 τάλαντον
895 4815 1334 4870 πολυπλασιάσαι
1373 4816 1718 4887 βουλόμενος,

138 4908 222 4960 καὶ
246 4909 364 4962 κατ’
409 4908 559 4979 ἴχνος
585 4907 814 4961 ἔπεσθαι
844 4907 924 4978 τῷ
970 4907 1296 4978 διδασκάλῳ,
1338 4909 1440 4972 τὰς
1491 4908 1721 4978 Ἀθήνας

136 4997 407 5053 ἀπολιπὼν
423 5040 441 5063 ,
491 4997 666 5052 πολλὰ
728 4999 825 5069 μὲν
869 4997 1010 5053 κατὰ
1055 5000 1158 5070 γῆν
1191 4998 1380 5054 παθὼν
1399 5041 1413 5064 ,
1453 4998 1620 5053 πολλὰ
1664 4999 1721 5052 δὲ

140 5092 225 5143 καὶ
270 5091 415 5145 κατά
450 5091 726 5145 θάλασσαν
761 5091 1059 5162 ὑπομείνας
1090 5090 1160 5143 τὰ
1193 5091 1444 5164 δυσχερῆ.
1489 5091 1580 5145 καὶ
1617 5108 1717 5163 μη-

136 5179 186 5233 δὲ
227 5185 331 5237 ὑπὸ
378 5183 594 5237 τούτων
653 5183 1031 5253 κατασχεθεὶς,
1087 5181 1202 5235 ἀλλ’
1255 5184 1396 5256 ὑπὲρ
1444 5183 1514 5238 τὰ
1571 5185 1722 5238 κάτω

137 5275 305 5328 πάντα
340 5279 410 5347 τῇ
444 5273 558 5328 τῶν
590 5274 704 5328 ἀνω
736 5274 938 5347 θεωρίᾳ
985 5275 1311 5344 γενόμενος,
1346 5276 1445 5347 τὴν
1476 5276 1722 5348 βασιλίδα

147 5361 359 5435 Ῥώμην
403 5364 848 5435 καταλαμϐάνει,
887 5365 982 5418 καὶ
1027 5364 1276 5434 πρόσεισι
1311 5366 1590 5437 Κλήμεντι
1631 5366 1725 5419 τὸν

136 5456 484 5511 ἀποστολικὸν
529 5455 833 5527 τηνικαῦτα
885 5455 1073 5526 θρόνον
1119 5456 1356 5510 διέποντὶ
1393 5475 1406 5488 ·
1441 5459 1501 5522 ὃς
1534 5458 1724 5529 Πέτρῳ

137 5543 208 5614 τῷ
251 5547 476 5617 μεγάλῳ
509 5545 702 5616 ἐφοίτα
725 5585 742 5610 ,
777 5546 872 5600 κα)⁵
902 5545 996 5599 τὸν
1029 5547 1220 5615 θρόνον
1253 5548 1344 5600 ὑπ’
1381 5550 1588 5602 ἐκείνου
1623 5567 1724 5602 πε-

141 5639 410 5694 πίστευτο.
441 5640 631 5711 Τούτῳ
664 5636 755 5694 οὖν
780 5641 1028 5712 πρόσεισι
1051 5639 1345 5704 Διονύσιος,
1382 5642 1474 5696 καὶ
1507 5643 1568 5694 τὸ
1601 5641 1722 5696 καθ’

141 5729 324 5786 ἑαυτὸν
344 5732 712 5805 προσαναθεὶς
752 5733 1082 5803 Εὑαγγέλιον
1124 5731 1186 5785 τό
1221 5749 1279 5786 τε
1312 5733 1411 5804 τῆς
1444 5734 1723 5799 διακονίας

218 5915 236 5957 ί
265 5913 285 5968 l
315 5917 444 5973 Cor.
474 5932 553 5982 Ix,
586 5915 680 5970 ‘22.

1896 4355 2034 4410 Cum
2094 4369 2226 4410 vero
2278 4353 2346 4408 ad
2396 4359 2606 4406 tantam
2657 4350 3001 4422 pervenisset
3040 4352 3315 4421 gratiam,
3352 4360 3414 4406 ut

1825 4449 2046 4519 quando
2097 4447 2373 4518 Deiparae,
2429 4446 2577 4517 quod
2634 4445 2804 4500 Deum
2864 4446 3110 4515 suscepit
3161 4445 3414 4516 corporis

1827 4539 2114 4610 emigravit
2161 4537 2429 4608 spiritus,
2486 4536 2651 4590 simul
2690 4535 2908 4591 adeSset
2944 4549 3070 4589 cum
3109 4537 3412 4605 apostolis,

1827 4629 1922 4699 qui
1957 4645 2052 4698 per
2082 4628 2338 4697 spiritum
2373 4633 2427 4682 et
2460 4626 2661 4680 nubem
2697 4624 2766 4678 ad
2798 4624 2942 4680 hanc
2973 4640 3189 4680 sacram
3219 4640 3412 4682 acces-

1821 4728 2009 4776 serant
2046 4721 2418 4790 sepulturam,
2460 4732 2572 4772 non
2607 4717 2846 4786 amplius
2879 4717 3216 4771 existimavit
3251 4733 3415 4788 oper.—

1828 4825 1945 4871 tere
1981 4831 2088 4870 una
2129 4816 2354 4870 civitate
2382 4853 2397 4879 ,
2434 4828 2630 4883 nempe
2658 4811 2923 4877 Athenis,
2957 4801 3415 4866 circumscribere

1829 4909 1967 4964 tales
2001 4924 2135 4978 epes
2173 4908 2403 4978 gratiae;
2462 4905 2558 4961 sed
2610 4906 2800 4960 volens
2837 4905 3204 4975 multiplicare
3241 4906 3415 4956 talen-

1829 5007 1945 5053 tum
1967 5039 1982 5064 ,
2019 5008 2075 5055 et
2114 4999 2270 5069 sequi
2302 4999 2390 5055 sui
2418 4998 2667 5069 magistri
2701 4997 2932 5068 vestigia
2955 5040 2970 5062 ,
3001 4997 3210 5051 relictis
3243 4993 3415 5048 Athe-

1829 5093 1918 5147 nis
1938 5133 1951 5154 ,
1983 5099 2037 5146 et
2077 5100 2226 5147 terra
2254 5102 2309 5146 et
2335 5093 2474 5146 mari
2511 5092 2682 5144 multa
2717 5105 2913 5159 passus
2943 5090 3126 5159 gravia
3150 5127 3166 5152 ,
3199 5101 3301 5140 nec
3340 5093 3418 5141 ta-

1830 5201 1953 5240 men
1981 5185 2049 5238 ab
2071 5184 2152 5239 eis
2173 5183 2486 5238 retardatus
2508 5223 2521 5244 ,
2548 5181 2644 5238 sed
2669 5196 3036 5252 supernarum
3064 5192 3252 5232 rerum
3281 5191 3416 5230 con-

1831 5275 2189 5346 templatione
2219 5274 2411 5329 inferis
2443 5274 2700 5329 omnibus
2732 5272 3009 5343 superatis
3029 5309 3043 5334 ,
3094 5269 3162 5322 ad
3208 5268 3414 5336 regiam

1833 5365 2026 5419 urbem
2084 5363 2332 5434 pervenit
2386 5361 2659 5430 Romam;
2715 5370 2768 5418 et
2819 5359 3031 5416 accedit
3079 5357 3301 5428 quidem
3347 5357 3416 5411 ad

1831 5457 2202 5523 Clementem,
2246 5457 2340 5528 qui
2377 5467 2507 5512 tunc
2533 5457 2719 5513 sedem
2754 5455 2975 5511 tenebat
3017 5451 3414 5522 apostolicam,

1831 5549 2038 5620 quique
2077 5563 2107 5601 a
2146 5564 2348 5620 magno
2391 5548 2556 5606 Petro
2599 5548 2782 5603 fuerat
2818 5546 3047 5601 edoctus
3078 5582 3093 5606 ,
3129 5551 3184 5597 et
3221 5539 3311 5595 cui
3347 5541 3417 5595 ab

1830 5642 1924 5696 illo
1983 5639 2164 5695 fuerat
2212 5640 2422 5696 credita
2471 5641 2653 5697 sedes.
2708 5637 2788 5693 Ad
2846 5651 2972 5691 eum
3025 5650 3158 5711 ergo
3199 5633 3417 5690 accedit

1832 5734 2156 5806 Dionysius,
2214 5743 2268 5792 et
2327 5750 2452 5790 cum
2499 5734 2548 5791 ei
2583 5749 2745 5789 suum
2785 5731 3130 5800 exposuisset
3171 5728 3442 5798 Evangem
