3886 6548
496 459 605 534 59's

1662 474 1720 530 s.
1762 469 2062 531 unoursn
2104 445 2598 526 Auroract'ris

3640 443 3744 522 επ

483 591 652 656 lium,
699 599 754 646 et
805 604 942 661 opus
990 589 1133 644 sacri
1167 589 1498 657 ministerii,
1531 598 1591 646 ut
1630 592 1722 663 qui
1767 597 1913 646 esset
1961 589 2060 642 iis-

2165 587 2320 659 ἔργον
2369 589 2445 654 ὡς
2491 587 2784 660 ὀμοτρόπῳ
2818 585 2911 640 καὶ
2943 582 3282 656 ὁμογνώμονι
3315 581 3742 653 κοινωσάμενκ,

483 682 605 739 dem
657 680 1010 738 moribus'et
1061 681 1332 737 sententia
1389 683 1883 745 communicasset,
1946 681 2060 748 ipse

481 787 604 828 eum
642 771 966 827 adhortatur
1018 778 1078 824 ut
1127 779 1374 826 transeat
1412 772 1479 827 ad
1519 779 1702 843 partes
1739 771 2058 826 occidenta-

481 862 579 916 les.
615 861 752 915 Cum
801 877 868 915 ex
902 861 970 915 iis
1002 876 1163 932 ergo,
1215 863 1306 932 qui
1345 879 1469 920 eum
1521 863 1916 934 sequebantur,
1957 862 2060 916 mi-

481 951 672 1006 nistris
733 967 831 1022 per
889 953 1043 1008 vicos
1101 963 1155 1009 et
1215 956 1468 1010 civitates
1522 955 1660 1009 alios
1705 954 1832 1008 alibi
1869 953 2060 1008 distri-

479 1043 726 1107 buissct,
791 1050 846 1099 et
911 1045 1152 1101 salutare
1218 1044 1315 1102 Dei
1382 1045 1735 1115 Evangelium
1798 1045 2060 1114 jussisset

477 1136 795 1204 praedicare,
827 1136 1050 1206 ipseque
1079 1136 1365 1192 Rusticum
1395 1146 1449 1193 et
1477 1136 1874 1199 Eleutherium,
1905 1136 2056 1190 illum

475 1226 700 1294 quidem
739 1227 1038 1282 chrismate
1069 1228 1393 1291 sacerdotii,
1428 1229 1576 1282 hunc
1615 1235 1796 1283 autem
1817 1266 1832 1292 ,
1865 1241 2060 1296 nempe

475 1317 888 1382 l'lleutherium,
950 1318 1302 1372 honestatum
1356 1317 1689 1381 diaconatu,
1749 1318 2055 1388 accepisset

474 1412 790 1482 adjutores,
832 1427 943 1466 non
981 1427 1142 1466 secus
1201 1427 1266 1466 ac
1321 1426 1555 1480 magnus
1593 1411 1894 1481 Apostolus
1935 1406 2058 1480 Syl-

473 1519 680 1558 vanum
710 1512 765 1559 et
799 1503 1147 1559 Timotheum
1171 1545 1185 1568 ,
1219 1512 1273 1559 et
1303 1504 1369 1558 ad
1401 1504 1587 1560 Gallos
1625 1506 1868 1560 venisset
1905 1505 2058 1559 occi-

475 1596 765 1660 dentales,
819 1611 927 1651 non
969 1599 1146 1651 solum
1183 1597 1365 1652 verbis
1403 1596 1674 1652 doctrina:
1697 1637 1713 1658 ,
1755 1596 1852 1651 sed
1890 1597 2058 1652 etiam

475 1687 761 1758 signorum
792 1688 1050 1758 operibus
1086 1688 1414 1759 fungebatur
1439 1704 1665 1743 munere
1697 1691 2055 1758 apostolatus,

475 1774 692 1829 medius
747 1790 1018 1845 apparens
1069 1778 1137 1832 iis
1192 1778 1284 1848 qui
1346 1779 1402 1832 in
1451 1795 1782 1850 unaquaque
1835 1780 2058 1834 civitate

475 1867 914 1932 conveniebant,
947 1875 1001 1923 et
1030 1869 1098 1923 de
1127 1871 1329 1940 pietate
1357 1871 1523 1925 verba
1565 1871 1772 1926 faciens
1811 1871 1930 1925 sine
1974 1870 2058 1924 i-n-

2161 679 2265 732 ὑπὸ
2296 681 2487 734 τούτου
2522 679 2892 750 προτρέπεται
2961 678 3054 731 καὶ
3091 677 3228 748 πρὸς
3277 676 3516 746 ἑσπέρια
3575 691 3742 745 μετα-

2159 771 2320 842 ϐῆναι
2369 773 2508 844 μέρη
2542 789 2556 802 ο
2594 771 2784 834 ἀλλους
2838 769 2934 840 μὲν
2966 764 3058 822 οὖν
3105 767 3214 820 τῶν
3265 767 3550 837 ἑπομένων
3598 764 3744 835 αὑτῷ

2156 862 2486 936 λειτουργῶν
2518 861 2748 934 ἀλλαχοῦ
2780 862 2888 915 τῶν
2921 860 3124 932 κωμῶν
3165 877 3225 913 τε
3259 861 3350 913 καὶ
3385 858 3598 912 πόλεων
3630 858 3744 912 δια-

2156 955 2384 1026 νείμας,
2420 956 2606 1010 καὶτὸ
2651 955 2746 1009 τοῦ
2795 953 2932 1007 Θεοῦ
2983 954 3247 1024 σωτήριον
3293 948 3746 1018 εὐαγγελίζεσθαι

2157 1047 2718 1116 παρεγγυησάμενος,
2768 1043 3080 1097 Ῥουστικὸν
3125 1039 3286 1105 αὐτὸς
3333 1040 3431 1094 καὶ
3494 1037 3744 1092 Ἐλευθέ-

2164 1155 2308 1209 ριον,
2341 1139 2434 1190 τὸν
2484 1138 2581 1208 μὲν
2632 1136 2932 1209 ἱερωσύνης
2966 1135 3262 1206 χρίσματι,
3296 1131 3547 1202 διακονίᾳ
3577 1130 3636 1182 δὲ
3666 1147 3746 1182 τε·

2157 1231 2460 1303 τιμημένον
2491 1231 2584 1284 τὸν
2642 1228 3012 1300 Ἐλευθέριον,
3064 1228 3376 1299 συνεργοὺς,
3412 1225 3670 1294 καθάπερ
3716 1225 3744 1275 ό

2163 1325 2334 1394 μέγας
2379 1322 2698 1386 Ἀπόστολος
2747 1320 3035 1374 Σιλουανὸν
3085 1319 3176 1372 καὶ
3223 1317 3526 1388 Τιμόθεον,
3565 1333 3743 1388 παρα-

2158 1417 2339 1470 λαϐὼν
2364 1458 2378 1481 ,
2426 1415 2520 1470 καὶ
2569 1418 2698 1478 τοὺς
2747 1413 3035 1484 ἑσπερίους
3081 1409 3402 1465 καταλαϐὼν
3451 1408 3703 1468 Γαλάτας
3729 1447 3744 1472 ,

2159 1510 2218 1562 οὐ
2252 1509 2470 1578 διδαχῆς
2507 1507 2663 1578 μόνον
2692 1507 2950 1578 ῥήμασιν,
2986 1502 3119 1557 ἀλλὰ
3155 1503 3247 1556 καὶ
3281 1500 3529 1572 σημείων
3565 1500 3747 1572 ἔργοις

2159 1598 2463 1670 ἀποστολῆς
2511 1598 2669 1670 ἔργον
2715 1595 3033 1669 εἰργάζετο,
3087 1596 3250 1666 μέσος
3296 1597 3411 1657 τοῖς
3460 1593 3584 1646 καθ’
3619 1592 3747 1645 ἐκά-

2161 1708 2294 1763 στην
2345 1691 2618 1744 συνιοῦσιν
2683 1689 3114 1758 ὲκφαινόμενος,
3165 1684 3293 1749 τούς
3341 1703 3402 1736 τε
3455 1684 3560 1754 τῆς
3595 1685 3748 1736 ευσε-

2160 1783 2312 1848 6είας
2342 1783 2534 1850 λόγους
2567 1780 2928 1842 ἀδιαλείπτως
2979 1777 3249 1831 ἀνακινῶν
3274 1817 3288 1840 ,
3337 1777 3431 1830 καὶ
3469 1776 3608 1847 πρὸς
3653 1776 3750 1847 τὴν

2158 1873 2253 1927 τοῦ
2287 1872 2644 1944 πεποιηκότος
2689 1871 2980 1937 ἐπίγνωσιν
3025 1870 3153 1932 τοὺς
3198 1867 3479 1939 ἀκροατάς
3545 1867 3749 1934 ἑπαγό-

478 1957 861 2026 termissione,
899 1967 955 2014 et
989 1939 1257 2016 inducens
1305 1962 1586 2018 auditores
1620 1963 1686 2017 ad
1729 1962 2058 2032 agnitionem

2165 1984 2343 2039 μενος.
2379 1964 2567 2028 Οὕτως
2599 1961 2692 2018 οὗν
2739 1963 2833 2017 τοῦ
2876 1963 3036 2031 λόγου
3086 1961 3186 2032 τῆς
3238 1959 3500 2031 ἀληθείας
3548 1975 3752 2030 κηρυσ-

475 2049 633 2118 ejus,
665 2051 760 2122 qui
792 2051 943 2121 ipsos
973 2054 1198 2108 creavit.
1228 2052 1364 2108 Cum
1397 2055 1478 2110 sic
1508 2070 1638 2125 ergo
1666 2055 1907 2110 veritatis
1941 2069 2062 2107 ver-

477 2143 606 2196 bum
659 2143 1069 2214 praedicaretur,
1111 2154 1166 2200 et
1214 2147 1398 2201 divina
1449 2147 1666 2217 quidem
1723 2147 1856 2202 lides
1897 2146 2062 2217 346

477 2235 914 2301 conﬁrmaretur,
947 2245 1295 2292 amoveretur
1330 2245 1510 2293 autem
1545 2238 1724 2292 omnis
1771 2238 1919 2293 fraus
1950 2237 2061 2292 dte-

476 2340 698 2380 monum
720 2367 735 2394 ,
774 2328 1066 2397 quemdam
1099 2344 1165 2383 ex
1200 2329 1267 2384 iis
1301 2331 1395 2400 qui
1425 2345 1549 2385 cum
1579 2345 1645 2384 eo
1675 2329 2056 2393 versabantur,

478 2417 742 2489 inclytum
767 2458 784 2484 ,
819 2420 1044 2490 inquam
1069 2459 1084 2484 ,
1119 2419 1459 2486 Lucianum,
1496 2422 1590 2492 qui
1625 2422 1793 2477 etiam
1835 2422 2062 2490 presby-

475 2511 582 2565 teri
613 2511 880 2582 dignitate
907 2525 1023 2568 erat
1050 2522 1279 2568 ornatus
1309 2515 1327 2584 (
1350 2530 1474 2568 eum
1507 2515 1650 2568 enim
1693 2515 2062 2584 sequebantur

477 2603 634 2656 multi
681 2619 749 2658 ex
783 2604 851 2659 iis
904 2605 997 2675 qui
1040 2607 1295 2660 virtutem
1334 2601 1844 2676 amplectebantur;
1881 2606 2061 2661 simile

475 2695 646 2760 enim,
691 2704 751 2750 ut
795 2698 1016 2762 dicitur,
1055 2699 1221 2754 simili
1257 2699 1641 2771 delectatur),
1684 2699 1836 2754 misit
1874 2699 1943 2753 ad
1982 2699 2063 2754 ci-

480 2786 704 2841 vitatem
753 2787 947 2844 insula:
991 2788 1378 2852 Belvacensis,
1425 2790 1847 2859 praedicaturum
1888 2790 2064 2860 pieta-

478 2881 631 2939 tem;
686 2873 804 2944 ipse
851 2891 979 2930 vero
1018 2876 1181 2931 simul
1213 2894 1338 2931 cum
1381 2877 1612 2933 Rustico
1651 2886 1706 2932 et
1749 2878 2063 2934 Eleutherio

477 2964 654 3020 Gallia
697 2965 978 3037 Cisalpina
1021 2969 1249 3031 relicta,
1293 2985 1418 3024 cum
1471 2969 1574 3024 hoc
1606 2985 1930 3040 responsum
1962 2971 2065 3027 ba-

477 3056 693 3112 buisset
724 3059 795 3114 ab
826 3060 1058 3129 angelo,
1091 3061 1238 3114 venit
1273 3061 1324 3113 in
1355 3060 1631 3114 civitatem
1661 3101 1676 3122 ,
1710 3076 1832 3130 qua}
1861 3061 2065 3116 dicitur

477 3148 710 3214 Parisii,
745 3160 804 3205 ut
841 3167 968 3206 cum
999 3152 1054 3204 in
1082 3167 1146 3205 ea
1176 3153 1402 3206 verbum
1445 3153 1772 3208 seminasset
1813 3153 2059 3222 pietatis,

477 3242 535 3289 et
567 3235 868 3292 redimitus
917 3247 1066 3313 esset
1110 3254 1314 3294 corona
1357 3241 1645 3311 martyrii,
1689 3256 1816 3295 cum
1864 3242 2062 3297 liducia

478 3327 773 3382 sisteretur
800 3344 985 3382 coram
1014 3329 1121 3384 Deo
1146 3332 1492 3400 agonotheta,
1513 3332 1656 3402 quod
1670 3333 1921 3402 equidem
1939 3336 1986 3388 ei
2008 3335 2063 3388 in

479 3420 628 3474 votis
655 3428 796 3486 erat,
827 3429 886 3476 et
910 3421 1015 3474 hoc
1047 3422 1103 3476 in
1131 3423 1488 3492 sequentibus
1535 3439 1759 3478 narrare
1787 3433 2057 3495 satagam.

552 3508 692 3566 Cum
739 3526 870 3582 ergo
917 3514 1161 3569 venisset
1200 3515 1270 3569 ad
1308 3515 1452 3569 hanc
1482 3514 1824 3570 Parisiorum
1874 3518 2067 3572 civrta-

482 3609 594 3654 tein
615 3640 631 3664 ,
677 3607 732 3658 et
759 3617 880 3657 eam
913 3601 1213 3658 invenisset
1247 3605 1460 3674 plenam
1489 3605 1914 3675 incredulitate;
1947 3623 2066 3677 qua:

481 3707 675 3748 eorum
724 3693 980 3762 quidem,
1021 3710 1143 3764 quae
1183 3696 1236 3750 in
1279 3697 1396 3767 ipsa
1431 3707 1627 3762 erant,
1659 3699 2066 3769 pulchritudine

483 3793 540 3840 et
580 3787 908 3842 excellentia
953 3787 1272 3845 civitatibus
1316 3791 1529 3860 magnis
1571 3799 1690 3845 erat
1731 3792 1890 3860 longe
1927 3792 2066 3848 infe-

477 3880 621 3946 rior,
658 3881 938 3950 impietate
965 3891 1145 3936 autem
1177 3884 1312 3938 adeo
1342 3895 1460 3939 erat
1491 3885 1748 3940 omnibus
1783 3887 2059 3956 superior,

485 3979 548 4026 ut
592 3988 665 4027 ne
713 3982 941 4043 possent
977 3974 1194 4044 quidem
1237 3990 1360 4029 cum
1403 3991 1467 4030 ea
1511 3977 1794 4042 conferre,
1825 3978 2067 4048 undique

485 4063 558 4118 ab
586 4064 923 4120 immanibus
957 4079 1219 4136 occupata
1256 4067 1690 4133 habitatoribus,
1723 4078 1776 4125 et
1805 4079 2066 4140 tanquam

486 4157 632 4210 vallo
665 4157 851 4228 aliquo
889 4158 1048 4214 va!de
1092 4161 1301 4214 munita
1349 4161 1567 4214 illorum
1611 4161 1966 4227 crudelitate,
2014 4173 2068 4217 et

487 4263 606 4304 cam
640 4265 952 4320 Opponeus,
987 4258 1245 4322 tanquam
1281 4253 1501 4323 aliquod
1545 4253 1692 4307 aliud
1729 4254 2065 4322 praesidium.

484 4339 641 4396 Adde
681 4341 826 4411 quod
870 4356 995 4395 cum
1041 4343 1286 4397 omnium
1331 4343 1609 4398 fructuum
1655 4353 1802 4399 esset
1841 4343 2068 4400 fertilis-

487 4433 625 4487 sima
646 4474 660 4498 ,
692 4445 746 4490 et
773 4436 1076 4492 abundaret
1105 4440 1342 4492 maxima
1374 4455 1556 4494 rerum
1589 4440 1832 4494 omnium
1873 4441 2062 4511 copia,

485 4525 635 4580 cives
674 4542 804 4583 suos
845 4530 1020 4600 magis
1065 4530 1329 4585 incitabat
1365 4532 1430 4585 ad
1473 4531 1626 4587 vitia.
1657 4530 1793 4586 Cum
1833 4533 1887 4586 in
1925 4533 2068 4586 hanc

2162 2057 2388 2129 σομὲνου
2420 2097 2434 2121 ,
2502 2056 2594 2110 xui.
2654 2055 2757 2125 τῆς
2819 2054 2916 2124 μὲν
2979 2052 3129 2115 Θείας
3187 2050 3603 2122 κρατυνομένης
3665 2048 3752 2100 πί-

2163 2169 2366 2214 στεως,
2401 2149 2721 2220 δαιμονικῆς
2752 2146 2809 2200 δὲ
2841 2148 3024 2215 πάσης
3058 2143 3275 2214 ἀπάτης
3322 2145 3386 2196 ὲκ
3434 2141 3617 2195 ποδῶν
3663 2157 3750 2208 γι-

2160 2243 2425 2315 νομένης,
2459 2241 2566 2295 τῶν
2600 2241 2692 2295 ἐπὶ
2735 2238 2912 2309 τούτῳ
2941 2237 3062 2290 τινὰ
3115 2238 3415 2298 συνόντων,
3454 2235 3752 2288 Λουκιανόν

2161 2355 2304 2409 φημι
2336 2338 2428 2390 τὸν
2459 2336 2735 2406 ἀοίδιμον,
2773 2334 2835 2396 ὃς
2865 2333 2958 2386 καὶ
2990 2333 3057 2402 τῇ
3090 2331 3185 2384 τοῦ
3222 2329 3600 2402 πρεσϐυτέρου
3627 2327 3751 2398 ἀξίᾳ

2161 2431 2450 2500 ἐτετίμητο
2469 2468 2484 2494 ,
2517 2420 2874 2499 (συνήπτοντο
2892 2424 3002 2493 γάρ
3031 2422 3180 2493 αὐτῷ
3209 2420 3391 2474 πολλοὶ
3416 2420 3527 2473 τῶν
3551 2418 3752 2490 ἀρετῆς

2164 2518 2674 2590 μεταποιουμένωνο
2708 2515 2786 2586 τῷ
2817 2515 3006 2586 ὁμοίῳ,
3043 2513 3194 2582 φασὶ,
3241 2511 3302 2565 τὸ
3334 2512 3521 2581 ὅμοιον
3543 2509 3582 2576 ο)
3619 2508 3752 2579 πρὸς

2161 2609 2259 2680 τὴν
2292 2608 2394 2678 τῆς
2427 2605 2816 2668 Βελουακένσις
2848 2605 3016 2674 νήσου
3052 2602 3204 2655 πόλιν
3240 2598 3535 2670 ἐκπέμψας
3583 2597 3753 2669 κηρῦ-

2165 2697 2322 2764 ξοντα
2381 2700 2482 2770 τὴν
2547 2697 2870 2758 εὐσέϐειαν,
2921 2693 3084 2756 αὐτὸς
3131 2693 3246 2764 ἅμα
3292 2690 3598 2760 Ῥουστικῷ
3659 2688 3751 2743 καί

2172 2789 2528 2861 Ἐλευθερίῳ,
2570 2789 2670 2860 τὴν
2721 2785 2948 2839 Γαλλίαν
2989 2783 3161 2838 λιπὼν
3186 2824 3199 2848 ,
3235 2783 3444 2837 ἀνωθεν
3478 2782 3634 2852 αὐτῷ
3664 2798 3754 2835 κε-

2162 2879 2623 2954 χρηματισμένον,
2660 2881 2718 2932 ὲν
2752 2877 2990 2948 Παρισίᾳ
3021 2875 3288 2948 λεγομένῃ
3319 2877 3385 2945 τῇ
3423 2873 3580 2927 πόλει
3603 2873 3748 2942 γίνε-

2160 2990 2252 3026 ται
2276 3013 2292 3038 ,
2327 2973 2403 3036 ὡς
2433 2971 2500 3026 ἀν
2535 2969 2673 3041 μετά
2710 2969 3018 3042 παρρησίας
3052 2968 3187 3038 αὐτῇ
3220 2965 3311 3018 τὸν
3345 2967 3448 3036 τῆς
3494 2964 3753 3036 ἀληθείας

2162 3066 2320 3134 λόγον
2383 3061 2880 3134 ὲγκατασπείραντι
2907 3101 2922 3126 ,
2979 3060 3072 3114 καὶ
3121 3060 3214 3112 τὸν
3277 3059 3374 3113 τοῦ
3445 3056 3749 3129 μαρτυρίου

2164 3157 2559 3230 ἀναδησαμένῳ
2611 3156 2874 3224 στέφανον
2898 3194 2913 3218 ,
2971 3151 3107 3224 μετά
3164 3149 3481 3223 παρρησίας
3533 3148 3627 3202 καὶ
3674 3146 3752 3217 τῷ

2164 3249 2474 3320 ἀγωνοθέτῃ
2523 3247 2870 3318 παραστῆναι
2929 3244 3048 3315 Θεῷ
3095 3243 3354 3313 γένηται,
3425 3241 3455 3294 δ
3518 3239 3585 3310 δὴ
3643 3238 3752 3292 τῶν

2165 3340 2371 3410 ἐφετῶν
2417 3338 2566 3409 αὐτῷ
2611 3338 2673 3392 τὸ
2719 3338 3019 3409 ἀκρότατον
3068 3352 3083 3365 ⁸
3139 3334 3232 3388 καὶ
3264 3333 3293 3386 ὃ
3329 3333 3422 3403 μοὶ⁵
3475 3330 3679 3404 προῖὼν
3722 3331 3752 3382 ό

2164 3430 2319 3500 λόγος
2351 3429 2659 3502 δηλώσειεν.

2247 3523 2335 3577 Ἐν
2394 3523 2572 3576 τοίνυν
2633 3525 2700 3592 τῇ
2768 3519 3006 3592 Παρισίᾳ
3052 3519 3228 3588 ταύτῃ
3275 3515 3609 3585 γενόμενος,
3662 3511 3751 3565 καὶ

2165 3615 2344 3687 πλήρη
2382 3615 2482 3684 τὴν
2517 3612 2672 3665 πόλιν
2734 3611 2994 3674 ἀπιστίας
3025 3606 3238 3679 εὑρὼν,
3275 3605 3465 3660 κάλλει
3515 3604 3615 3675 μὲν
3661 3603 3749 3656 καὶ

2169 3705 2390 3777 μεγέθει
2426 3703 2518 3758 καὶ
2553 3703 2746 3773 πλήθει
2780 3701 2890 3754 τῶν
2923 3703 2980 3754 ὲν
3013 3701 3149 3770 αὐτῇ
3185 3696 3317 3750 πολύ
3351 3714 3406 3748 τι
3436 3695 3550 3748 τῶν
3588 3695 3751 3764 μεγά-

2166 3797 2273 3850 λων
2306 3797 2513 3849 πόλεων
2545 3795 2982 3865 ἀπολειπομένην
3007 3809 3021 3824 ο
3062 3796 3128 3863 τῇ
3167 3791 3223 3844 δὲ
3255 3789 3483 3861 ἀσεϐείᾳ
3513 3788 3750 3856 τοσούτῳ

2167 3886 2355 3941 πασῶν
2389 3884 2698 3956 κρατοῦσαν
2721 3926 2734 3950 ,
2770 3887 2880 3954 ὅσῳ
2933 3883 3064 3954 μηδὲ
3112 3881 3452 3955 παραϐαλεῖν
3497 3881 3750 3934 δύνασθαι

2166 3980 2398 4052 ἀπηνέσι
2431 3996 2490 4032 τε
2537 3977 2802 4032 πάντοθεν
2835 3975 3252 4046 ἀπειλημμένην
3295 3975 3612 4044 οἰκήτορσι,
3661 3972 3748 4024 καὶ

2167 4073 2355 4140 ῶσπερ
2401 4071 2508 4123 τινὶ
2567 4068 2753 4138 τειχίῳ
2820 4065 3345 4138 περιπεφραγμένην
3396 4062 3636 4134 ἰσχυρῶς
3682 4063 3743 4132 τῇ

2167 4165 2388 4218 ἐκείνων
2441 4163 2720 4233 ὠμότητι,
2779 4161 2870 4214 καὶ
2935 4159 3142 4230 ταύτην
3206 4155 3321 4210 ἀντ’
3383 4155 3550 4210 ἄλλου
3606 4155 3744 4216 τινὸς

2169 4254 2537 4324 φυλακτηρίου
2592 4253 2952 4323 προῖσχουσαν
2989 4267 3002 4280 °
3057 4249 3231 4312 ἄλλως
3293 4263 3354 4298 τε
3413 4246 3473 4299 δὲ
3525 4245 3618 4299 καὶ
3671 4245 3743 4296 ὅτι

2169 4345 2304 4417 πρὸς
2336 4343 2563 4417 καρπῶν
2607 4344 2862 4397 ἁπάντων
2909 4341 3083 4413 φορὰν
3116 4341 3338 4409 γόνιμος
3370 4333 3441 4408 ἦν
3491 4338 3524 4408 ἡ
3559 4336 3740 4399 πόλις,

2169 4439 2260 4492 καὶ
2292 4441 2407 4501 τοῖς
2440 4435 2742 4507 φιλοτίμοις
2778 4437 2941 4488 πᾶσιν
2975 4433 3274 4505 εὐθηνοῦσα
3307 4431 3402 4485 καὶ
3438 4431 3740 4503 περιττοῖς,

2167 4531 2196 4584 ὃ
2241 4531 2334 4584 καὶ
2384 4530 2581 4601 μᾶλλον
2613 4529 2741 4592 τοὺς
2774 4527 3000 4590 πολίτας
3038 4529 3257 4599 ἤλειφεν
3291 4526 3372 4588 εἰς
3406 4523 3608 4577 κακίαν
3642 4539 3655 4550 ·
3689 4523 3743 4574 ὲν

486 4634 618 4689 ergo
657 4621 1019 4676 sic-allectam
1060 4624 1300 4679 venisset
1349 4623 1664 4688 civitatem,
1707 4625 1894 4680 obibat
1938 4641 2062 4695 per-

2167 4625 2301 4694 αὐτῇ
2334 4622 2511 4675 τοίνυν
2554 4621 2727 4685 οὕτως
2769 4619 2967 4691 ἐχούσῃ
3011 4617 3335 4687 γενόμενος,
3373 4614 3588 4686 περιῄει
3635 4613 3736 4666 ἀνε·

486 4720 742 4767 scrutans
771 4715 818 4768 si
855 4731 1015 4782 quem
1057 4717 1233 4771 locum
1271 4725 1458 4786 aptum
1497 4717 1768 4772 inveniret
1806 4717 1872 4771 ad
1911 4719 2066 4788 quie-

484 4812 618 4861 tem.
661 4807 817 4872 Quod
857 4817 1037 4863 autem
1078 4809 1355 4879 qumrebat
1390 4818 1755 4878 consecutus,
1799 4826 1896 4880 pro
1934 4811 2067 4864 viri-

486 4897 592 4953 bus
624 4899 812 4954 statim
846 4903 1110 4970 templum
1151 4900 1383 4954 habuit:
1416 4907 1470 4955 et
1504 4908 1562 4954 ut
1604 4901 1699 4971 qui
1742 4901 1797 4955 in
1843 4903 2064 4973 regione

483 4991 661 5045 aliena
691 5001 838 5048 esset
873 4993 1076 5062 hospes
1105 5000 1160 5046 et
1205 4992 1449 5055 advena,
1496 5002 1550 5046 et
1589 4993 1793 5047 multos
1840 4993 2064 5048 haberet

484 5081 746 5139 adversos
796 5093 1022 5156 propter
1073 5083 1450 5139 diversitatem
1499 5083 1811 5156 opinionis,
1861 5084 2064 5139 excitat

483 5177 786 5231 oratorium
819 5184 875 5230 et
903 5175 1165 5244 templum
1190 5217 1206 5241 ,
1242 5175 1386 5245 quod
1419 5177 1580 5246 plane
1608 5183 1726 5231 erat
1757 5177 1908 5232 salus
1946 5175 2065 5230 ani.

483 5284 719 5324 marum.
762 5269 898 5322 Nam
932 5284 1057 5322 cum
1089 5269 1378 5322 maximam
1410 5271 1625 5339 piorum
1659 5268 2060 5322 multitudinem

482 5361 541 5416 in
589 5377 656 5415 eo
705 5367 1130 5432 congregasset,
1180 5369 1234 5414 et
1279 5376 1447 5430 puros
1501 5359 1904 5414 sacriﬁcatores
1953 5359 2063 5414 Deo

482 5450 868 5516 exhibuisset,
909 5459 1164 5506 sanctum
1220 5466 1472 5521 gregem,
1527 5462 1586 5504 ut
1631 5451 1799 5505 semel
1843 5450 2062 5514 dicam,

480 5545 748 5613 templum
781 5544 986 5611 eﬂicit;
1022 5544 1184 5614 cujus
1227 5545 1344 5614 ipse
1375 5550 1495 5596 erat
1538 5551 1723 5612 pastor
1767 5560 1873 5597 non
1922 5559 2066 5598 mer-

483 5635 788 5689 cenarius:
843 5635 1176 5703 quemlibet,
1229 5634 1326 5704 qui
1379 5633 1600 5687 errabat
1649 5633 2064 5701 incredulitate,

485 5723 736 5778 veritatis
776 5723 959 5778 ﬁstula
1000 5722 1070 5777 ad
1110 5723 1272 5776 ﬁdem
1302 5735 1603 5786 revocans,
1636 5728 1691 5775 et
1721 5736 1816 5776 eos
1843 5722 1939 5791 qui
1979 5736 2068 5775 er-

488 5829 614 5870 rore
647 5816 1016 5884 aegrotabant,
1047 5828 1251 5869 curans
1283 5811 1620 5868 salutaribus
1656 5811 2068 5867 medicamentis

491 5905 902 5978 Scripturarum
931 5926 944 5962 :
976 5923 1072 5964 eos
1103 5914 1320 5974 autem,
1353 5906 1446 5978 qui
1473 5906 1587 5976 jam
1623 5915 1781 5961 erant
1806 5906 2063 5972 contriti,

2169 4714 2392 4786 ρευνῶν,
2421 4713 2474 4765 εἴ
2499 4729 2600 4764 που
2633 4710 2754 4765 τινὰ
2787 4709 2923 4780 πρὸς
2949 4707 3177 4778 ἡσυχίαν
3207 4705 3358 4777 εὖροι
3388 4706 3554 4758 τόπον
3574 4699 3741 4771 ἑαυτῷ

2167 4803 2492 4874 ἐπιτήδειον.
2556 4800 2666 4854 Καὶ
2727 4799 2792 4870 δὴ
2852 4796 2945 4851 τὸν
2989 4795 3318 4868 ζητούμενον
3363 4793 3544 4864 τυχὼν
3588 4792 3738 4851 ναὸν,

2164 4895 2325 4958 εὐθὺς
2356 4894 2431 4958 ὼς
2463 4894 2497 4964 ἡ
2525 4891 2752 4962 δύναμις
2784 4886 2917 4961 εἶχε,
2951 4888 3048 4944 καὶ
3080 4883 3169 4942 οἷα
3201 4890 3260 4941 ὲν
3291 4885 3553 4958 ἀλλοτρίᾳ
3599 4885 3740 4951 ξένος

2164 4987 2240 5040 ὢν
2272 4990 2477 5050 ἐκεῖνος
2510 4986 2602 5038 καὶ
2635 4983 2840 5054 ἔπηλυς
2863 5023 2878 5048 ,
2914 4982 3005 5036 καὶ
3039 4980 3269 5043 πολλοὺς
3313 4979 3456 5050 ἔχων
3487 4980 3613 5042 τοὺς
3658 4978 3742 5030 ἀν’

2163 5057 2506 5149 τικειμένους
2538 5076 2626 5129 διὰ
2655 5075 2718 5129 τὸ
2765 5073 3107 5147 έτερόδοξον,
3143 5073 3414 5144 ἀνεγείρει
3465 5072 3742 5140 εὑκτήριον

2165 5169 2258 5223 καὶ
2308 5168 2466 5231 ναὸν,
2519 5168 2844 5239 αὐτόχρημα
2902 5163 3176 5236 σωτηρίαν
3219 5163 3433 5233 ψυχῶν.
3484 5159 3736 5231 Πάμπολυ

2164 5261 2274 5332 γάρ
2303 5278 2358 5312 τι
2389 5259 2593 5329 πλῆθος
2626 5257 2895 5312 θεοσεὸῶν
2941 5259 2998 5310 ὲν
3041 5254 3218 5325 τούτῳ
3253 5251 3614 5322 συναγαγὼν,
3649 5249 3735 5303 καὶ

2164 5353 2331 5417 θύτας
2363 5351 2636 5422 καθαροὺς
2666 5349 2745 5420 τῷ
2791 5347 2909 5419 Θεῴ
2950 5346 3480 5416 παραστησάμενος,
3515 5345 3734 5412 ποίμνην

2164 5447 2345 5516 ἁγίαν,
2380 5446 2456 5508 ὼς
2489 5446 2680 5505 εἰπεῖν,
2716 5442 2807 5495 τὸν
2839 5441 2966 5495 ναὸν
3015 5439 3409 5509 ἀπειργάσατο,
3445 5431 3513 5508 ἦς
3544 5433 3734 5503 ποιμὴν

2165 5537 2318 5603 οὗτος
2350 5541 2408 5592 οὐ
2449 5538 2715 5610 μισθωτός
2749 5553 2764 5565 ⁶
2803 5537 2982 5589 πάντα
3012 5534 3102 5586 τὸν
3135 5529 3364 5600 ἀπιστίᾳ
3397 5527 3736 5596 πλανώμενον

2165 5635 2232 5703 τῇ
2283 5633 2382 5702 τῆς
2433 5630 2692 5700 ἀληθείας
2745 5628 2965 5698 σύριγγι
3010 5625 3148 5696 πρὸς
3197 5622 3381 5674 πίστιν
3444 5613 3734 5674 ἀνακαλού-

2172 5741 2362 5794 μενος,
2411 5723 2504 5776 καὶ
2534 5722 2663 5784 τοὺς
2713 5720 2814 5791 μὲν
2857 5722 2925 5789 τῇ
2959 5717 3137 5788 πλάνῃ
3171 5712 3464 5767 νοσοῦντας
3494 5716 3602 5772 τοῖς
3632 5723 3736 5758 σω-

2165 5812 2460 5883 τηριὼδεσι
2507 5812 2616 5866 τῶν
2661 5811 2896 5883 Γραφῶν
2943 5809 3252 5880 φαρμάκοις
3304 5803 3564 5876 ἰώμενος,
3613 5797 3733 5859 τοὺς

2167 5905 2222 5960 δὲ
2255 5905 2353 5977 ἤδη
2389 5903 2883 5975 συντετριμμένους
2915 5903 2982 5972 τῇ
3013 5895 3332 5968 διδασκαλίᾳ
3365 5887 3711 5961 καταδεσμὼν
