3886 6574
213 465 326 522 597
781 497 784 500 ι
1115 452 1296 535 vim,
1332 465 1660 523 suamne
1695 465 2018 522 SYMEONE
2049 463 2583 528 METAPHRASTE.
3364 473 3471 529 593

215 583 308 636 καὶ
343 579 480 650 πρὸς
506 577 609 649 τὴν
641 578 895 650 ἀληθινὴν
923 577 1071 648 ἄγων
1104 579 1308 648 ὑγείαν.
1329 580 1464 632 Ἀλλ’
1487 581 1638 648 ίναγε
1672 582 1760 635 καί

1896 582 2145 638 doctrina
2179 586 2438 656 alligans,
2469 593 2525 641 et
2555 585 2623 639 ad
2668 597 2852 639 veram
2885 583 3095 640 ducens
3153 564 3466 643 sanitatem.

209 675 333 728 ὁδὸν
365 676 394 726 ὁ
425 673 584 740 λόγος
616 673 751 742 ἡμῖν
783 671 948 744 προΐῃ
969 712 982 735 ,
1020 672 1113 726 καὶ
1154 673 1312 726 τοῦτο
1353 673 1638 744 τεράστιον
1685 673 1760 727 τῶ

1901 674 2008 731 Sed
2041 684 2101 731 ut
2130 686 2278 732 certa
2309 680 2468 734 nobis
2499 679 2584 733 via
2613 677 2874 747 procedat
2900 677 3098 737 oratio,
3121 677 3226 733 hoc
3249 694 3471 749 quoque

208 765 382 821 αὐτοῦ
407 807 420 828 ,
457 766 536 828 ὡς
570 768 636 819 ἐκ
666 764 774 818 τῶν
808 764 1013 818 ἐκείνου
1048 763 1128 817 ἔνι
1165 765 1352 836 μαθεῖν
1376 805 1391 829 ,
1427 765 1754 837 διηγήσομαι
1776 780 1792 797 ο

205 858 474 928 Διονυσίῳ
507 857 842 927 θεραπευταὶ
880 856 978 927 μὲν
1009 857 1101 910 καὶ
1133 857 1309 929 ἕτεροι
1328 898 1342 922 ,
1379 853 1458 921 εἷς
1489 857 1546 911 δέ
1577 875 1662 922 τις
1693 859 1792 911 αὑ-

202 951 319 1005 τῶν
354 950 450 1004 καὶ
483 949 813 1020 Δημόφιλος.
850 949 1142 1020 Δημοφίλῳ
1189 949 1246 1003 δὲ
1295 949 1450 1013 πόλις
1482 951 1516 1021 ή
1547 949 1659 1002 τῶν
1703 949 1792 1001 ’A—

202 1040 391 1112 θηνῶν
424 1039 691 1110 ἐπαρχία,
739 1039 926 1110 σχῆμά
953 1057 1015 1092 τε
1049 1039 1142 1094 καὶ
1178 1039 1291 1110 βίος
1326 1041 1568 1112 μονήρης
1589 1055 1605 1070 °
1639 1037 1702 1092 τὸ
1733 1038 1792 1092 δὲ

205 1134 449 1204 μονῆρες
480 1132 664 1202 τούτῳ
695 1134 750 1186 αἱ
785 1132 1022 1203 καθαραὶ
1076 1130 1168 1184 καὶ
1216 1131 1638 1201 ἱεροτελεστικαὶ
1669 1132 1790 1184 Διο-

200 1225 392 1278 νυσίου
427 1225 613 1293 χεῖρες
645 1221 930 1275 ἐπέθεσαν.
966 1221 1130 1285 Τάξις
1161 1221 1299 1291 αὕτη
1332 1222 1482 1292 παρά
1513 1223 1787 1275 Διονυσίου

200 1316 298 1369 καὶ
327 1314 646 1386 λειτουργία
672 1313 752 1385 τῷ
780 1315 932 1385 ἀνδρὶ
950 1355 965 1379 ,
994 1316 1115 1377 ταῖς
1143 1313 1239 1367 τοῦ
1271 1312 1400 1367 ναοῦ
1433 1313 1630 1378 πύλαις
1662 1317 1788 1383 ἐφε-

199 1407 416 1461 στάναι.

281 1497 344 1549 Ὀ
375 1496 560 1549 τοίνυν
605 1494 911 1566 Δημόφιλος
958 1489 1111 1558 οὗτος
1133 1535 1148 1561 ,
1181 1494 1272 1548 τὸν
1304 1495 1496 1548 ἑαυτοῦ
1542 1496 1781 1567 πρεσϐύ-

1895 767 2017 836 ejus
2045 768 2401 834 admirabile,
2433 778 2494 824 ut
2525 785 2589 825 ex
2622 770 2770 846 illius
2799 769 3047 839 epistolis
3091 771 3221 826 sciri
3257 779 3468 840 potest,

1893 861 2151 914 narrabo.
2219 859 2411 916 Plures
2474 859 2696 931 quidem
2752 870 2909 916 erant
2965 860 3226 932 Dionysio
3284 864 3470 918 thera-

1893 959 2097 1019 peutaa,
2133 966 2277 1007 unus
2306 960 2488 1006 autem
2519 967 2586 1007 ex
2615 951 2684 1008 iis
2712 959 2830 1005 erat
2866 951 3031 1007 etiam
3075 951 3462 1023 Demophilus,

1890 1039 1986 1108 qui
2013 1040 2151 1096 civis
2180 1049 2299 1095 erat
2329 1042 2627 1112 provinciae
2662 1041 3016 1098 Atheniensis
3035 1085 3051 1110 ,
3081 1043 3384 1114 habituque
3411 1057 3466 1101 et

1890 1130 2002 1183 vita
2031 1133 2368 1198 monachus;
2397 1134 2783 1188 monachatum
2809 1143 2992 1190 autem
3016 1135 3067 1190 ei
3090 1134 3472 1204 imposuerant.

1889 1236 2038 1290 purze
2080 1222 2244 1294 347
2292 1231 2348 1279 et
2392 1225 2569 1280 sacris
2613 1225 2898 1282 initiantes
2936 1242 3132 1282 mantus
3179 1225 3457 1298 Dionysii;

1887 1313 2024 1368 ordo
2063 1314 2152 1368 hic
2198 1321 2254 1369 et
2307 1316 2677 1372 ministerium
2726 1319 2846 1373 viro
2890 1319 2982 1374 isti
3012 1335 3042 1373 a
3075 1318 3364 1391 Dionysio,
3397 1328 3459 1376 ut

1886 1412 2144 1473 praeesset
2169 1405 2353 1475 januis
2382 1409 2589 1478 templi.
2605 1459 2608 1462 .

1955 1494 2056 1549 Hic
2111 1511 2242 1568 ergo
2297 1497 2652 1569 Demophilus
2701 1516 2824 1556 cum
2879 1502 3172 1572 aliquando
3229 1501 3458 1558 vidisset

193 1602 359 1656 τερον
407 1585 746 1655 θεασάμενος
793 1586 1199 1656 ἐπιστραφέντα
1258 1585 1382 1637 τινὰ
1428 1584 1565 1655 πρὸς
1613 1585 1760 1656 μετά·

1882 1602 2041 1641 suum
2081 1589 2493 1660 presbyterum,
2523 1593 2820 1661 quemdam
2868 1593 3094 1666 impium
3129 1602 3292 1663 atque
3330 1610 3461 1663 pec-

195 1695 346 1730 νοιαν
399 1676 707 1747 συμπαθῶς
758 1676 1222 1748 προσδεξάμενον,
1272 1677 1465 1748 πράως
1498 1679 1598 1730 οὐκ
1629 1680 1760 1746 ἐνεγ

1879 1691 2120 1732 catorem
2159 1679 2228 1733 ad
2267 1680 2647 1749 paenitentiam
2687 1697 3014 1738 conversum
3038 1723 3054 1749 ,
3094 1684 3282 1752 illique
3328 1698 3457 1752 pro-

194 1767 342 1832 κὼν,
391 1769 530 1821 ἀλλά
581 1769 932 1839 χαλεπήνας,
979 1767 1112 1822 είσω
1168 1785 1230 1821 τε
1293 1768 1404 1821 τῶν
1451 1767 1546 1821 τοῦ
1594 1767 1760 1822 θυσια-

1879 1770 2151 1824 cidentem
2192 1771 2623 1828 misericorditer
2654 1774 2965 1844 excepisse,
3007 1773 3230 1828 minime
3268 1773 3456 1830 leviter

194 1861 421 1932 στηρίου
456 1859 672 1912 ἀδύτων
704 1861 1026 1930 γενόμενος,
1064 1853 1140 1914 ὧν
1190 1860 1492 1914 ἐπιϐαίνειν
1535 1861 1636 1914 οὐκ
1679 1860 1760 1914 ἀσ·

1877 1861 2058 1919 ferens
2079 1903 2094 1928 ,
2127 1873 2182 1918 at
2205 1865 2566 1922 exacerbatus
2596 1872 2652 1921 et
2689 1866 2836 1920 intra
2864 1865 3090 1921 sacrarii
3117 1865 3278 1936 adyta
3307 1867 3456 1922 exsié

193 1952 393 2020 φαλὲς,
427 1951 554 2004 οὐδὲ
587 1949 922 2021 προσψαύειν
957 1951 1100 2002 ὅσιον
1123 1990 1138 2014 ,
1186 1949 1628 2022 ἐκπομπευθῆναι
1676 1950 1760 2020 μὲι

1876 1962 2028 2010 stens
2055 1971 2179 2026 quae
2220 1957 2431 2028 ingredi
2473 1973 2818 2028 nequaquam
2853 1965 3050 2022 tutum,
3081 1973 3258 2028 neque
3288 1957 3455 2012 attin~

188 2042 258 2095 τὰ
311 2043 482 2110 Ἅγια
527 2041 640 2094 τῶν
689 2041 860 2110 ἁγίων
900 2043 1074 2104 ποιεῖ,
1108 2040 1202 2094 τὸν
1231 2041 1288 2094 δὲ
1318 2040 1521 2110 ἀγαθὸν
1567 2042 1760 2094 ἐκεῖνοι

1875 2062 2004 2116 gere
2034 2059 2322 2114 sanctum,
2358 2048 2560 2105 Sancta
2603 2063 2918 2106 sanctorum
2960 2051 3176 2122 publice
3216 2050 3454 2107 ludibrio

190 2135 342 2206 ίερέα
388 2134 486 2186 καῖ⁵
531 2135 740 2204 ἥμερον
773 2133 1008 2203 πληγαῖς
1039 2133 1099 2185 ού
1134 2135 1395 2205 φορηταῖς
1427 2133 1716 2187 ὑποϐάλλει
1749 2149 1768 2166 ο

189 2227 330 2280 κατά
361 2244 425 2278 τε
456 2226 563 2295 τῆς
599 2226 804 2296 κόρρης
837 2226 1014 2279 παίων
1047 2226 1312 2290 ἀντωθεῖ,
1348 2225 1442 2279 καὶ
1477 2225 1613 2296 μετά
1645 2227 1772 2279 πολ-

186 2315 284 2388 λῆς
343 2317 450 2387 τῆς
516 2316 702 2380 αἰδοῦς
764 2318 1059 2388 προσιόντα
1119 2318 1364 2390 θρασέως
1395 2316 1766 2384 ἀπολακτίζει,

183 2409 354 2479 ἀσεϐῆ
387 2408 568 2477 λέγων
602 2407 694 2460 καὶ
725 2408 1034 2480 ἀλιτήριον,
1068 2409 1162 2461 τὸν
1194 2409 1492 2480 ἀγαθότητι
1525 2411 1769 2480 παρορᾷν

183 2501 488 2574 ἠξιωμένον
521 2501 593 2554 τά
626 2500 720 2554 τοῦ
752 2500 880 2554 λαοῦ
905 2503 1258 2573 ἀγνοήματα,
1290 2502 1383 2556 καὶ
1413 2501 1492 2573 τῷ
1524 2502 1770 2573 ἀρχιερεῖ

184 2595 442 2665 Διονυσίῳ
475 2593 576 2646 καὶ
614 2591 962 2664 ἀρχιποιμένι
983 2633 997 2656 ,
1028 2593 1104 2655 ὡς
1139 2593 1278 2662 μέγα
1309 2611 1362 2645 τι
1397 2593 1532 2664 πρὸς
1565 2593 1766 2664 ἀρετὴν

183 2686 565 2756 εἰργασμένος,
599 2684 948 2755 διαχαράττει
979 2684 1040 2736 τὸ
1071 2684 1456 2760 γεγονὸςηᾶνω
1489 2686 1581 2738 καὶ
1612 2686 1766 2740 κάτω

182 2777 421 2847 θρυλλῶν
474 2779 579 2848 τῆς
611 2773 870 2847 θρασείας
921 2777 1137 2846 ἐκείνης
1189 2778 1511 2848 ἐπιστολῆς,
1556 2779 1632 2842 ὡς
1664 2779 1763 2850 οὐχ

181 2868 368 2922 ἑαυτὸν
418 2868 624 2939 μᾶλλον
647 2907 661 2930 ,
707 2867 842 2921 ἀλλὰ
889 2868 988 2922 καὶ·
1026 2868 1117 2922 τὸν
1167 2869 1302 2922 Θεὸν
1334 2870 1660 2941 ἐκδικήσειε.
1698 2870 1764 2923 Τί

181 2956 266 3014 οῦν
309 2964 562 3026 ὲκεῖνος;
597 2957 686 3032 ἆρ’
735 2960 768 3032 ἤ
816 2959 876 3013 τὸ
907 2960 1016 3013 τῶν
1049 2961 1256 3015 πολλῶν
1305 2962 1538 3028 ἔπαθεν,
1589 2963 1622 3033 ἦ
1670 2964 1762 3016 κα)⁸

185 3053 372 3126 μικρὸν
423 3053 566 3116 ὅλως
613 3053 715 3123 τῆς
772 3053 1072 3124 συντρόφου
1125 3055 1446 3124 μεταϐαλεῖν
1498 3056 1760 3127 ἐνομίσθη

179 3147 581 3217 χρηστότητος;
647 3143 944 3216 οΰμενουν,
1008 3148 1108 3200 οὐκ
1169 3147 1317 3202 ἐστιν
1377 3149 1583 3201 εἰπεῖν’
1650 3148 1759 3201 οὐδ’

180 3239 317 3310 ἔργῳ
358 3238 455 3292 τὸν
502 3239 864 3309 ἡμαρτηκότα
924 3239 1201 3310 ἠμύνατο,
1257 3239 1392 3294 ἀλλὰ
1441 3240 1583 3312 λόγῳ
1627 3236 1760 3306 θείῳ

182 3332 270 3384 καὶ
326 3328 665 3400 σωτηριώδει
689 3330 1018 3384 πεπαίδευκε
1043 3349 1057 3362 ο
1092 3331 1191 3402 τὴν
1218 3331 1354 3403 πρὸς
1386 3331 1585 3403 ἀρετὴν
1614 3331 1750 3402 ὁμοῦ

181 3423 263 3475 καὶ
295 3425 479 3476 πᾶσαν
513 3421 813 3492 εὐκοσμίαν
843 3421 1120 3477 τυποῦσάν
1151 3441 1211 3476 τε
1245 3426 1338 3477 καὶ
1386 3425 1752 3497 ρυθμίζουσαν

180 3515 384 3587 ἐκείνην
432 3515 656 3586 γράψας
690 3514 976 3585 ἐπιστολὴν
999 3554 1014 3578 ,
1049 3515 1144 3568 καὶ
1179 3517 1486 3588 πραότητος
1536 3517 1753 3572 ὑπόδει-

180 3621 283 3676 γμα
310 3607 403 3660 τὸν
451 3605 698 3678 Ἀαρὼν,
732 3606 825 3659 τὸν
855 3607 1018 3659 Δαυὶδ
1039 3647 1054 3672 ,
1095 3608 1185 3660 καὶ
1219 3610 1439 3681 ἐτέρους
1469 3625 1753 3680 παραστη-

181 3699 436 3768 σάμενοςο
485 3694 556 3770 ἦς
597 3700 684 3752 ἵνα
715 3699 815 3770 τὴν
847 3700 1012 3770 ἄλλην
1047 3700 1183 3772 πρὸς
1226 3703 1288 3756 τὸ
1333 3700 1537 3769 ἀγαθὸν
1582 3719 1753 3755 κατα-

178 3789 306 3843 λίπω
345 3789 701 3862 παράκλησιν
723 3831 737 3853 ,
774 3791 907 3844 ἀλλά
937 3793 1039 3864 τῆς
1082 3794 1327 3864 ὁράσεως
1349 3834 1363 3857 ,
1415 3788 1484 3865 ἦς
1528 3791 1750 3858 διέξεισι

177 3881 299 3952 πρὸς
340 3883 510 3935 αὐτὸν
543 3882 620 3946 ὡς
653 3883 759 3936 ὑπὸ
788 3883 884 3937 τοῦ
916 3883 1027 3938 τῶν
1058 3885 1570 3958 ἁγίων-θεαθείσης,
1609 3902 1749 3956 μνη-

176 3975 436 4047 σθήσομαι
455 4015 468 4028 .
506 3971 638 4046 Εἶχε
669 3975 725 4028 δὲ
757 3975 898 4029 κατά
929 3977 1075 4043 λέξιν
1105 3977 1303 4040 οὕτως·

233 4153 534 4226 Γενόμενόν
589 4154 655 4225 μέ
702 4173 832 4210 ποτε
883 4158 1024 4214 κατά
1074 4158 1172 4229 τὴν
1217 4159 1478 4230 Κρήτην,
1528 4161 1557 4214 ὁ
1601 4160 1750 4231 ἱερὸς

171 4242 546 4317 ὲξεναγώγησε
581 4249 805 4317 Κάρπος
823 4291 836 4313 ,
873 4251 1010 4321 ἀνὴρ
1030 4291 1044 4314 ,
1072 4251 1165 4304 καὶ
1198 4250 1252 4302 εί
1280 4268 1366 4314 τις
1408 4251 1566 4314 ἀλλος
1589 4293 1604 4316 ,
1656 4253 1748 4308 διὰ

169 4335 355 4407 πολλὴν
389 4335 749 4408 καθαρότητα
782 4338 872 4392 νοῦ
906 4340 1044 4410 πρὸς
1075 4339 1330 4394 θεοπτίαν
1375 4341 1747 4411 ἐπιτηδειότα-

171 4439 249 4486 τος
281 4441 294 4453 θ
330 4424 430 4477 καὶ
463 4423 600 4490 γοῦν
631 4425 752 4478 οὐδὲ
781 4430 904 4490 ταῖς
937 4429 1120 4496 ἁγίαις
1152 4427 1261 4482 τῶν
1298 4430 1615 4501 μυστηρίων
1657 4449 1749 4484 τε-

170 4515 334 4582 λεταῖς
401 4517 718 4588 ἐνεχείρει,
775 4518 848 4590 μὴ
909 4521 1176 4593 πρότερον
1241 4521 1391 4592 αὐτῷ
1453 4521 1592 4576 κατὰ
1641 4523 1746 4587 τὰς

1871 2138 2062 2194 haberi
2113 2138 2284 2208 facit,
2332 2141 2538 2196 bonum
2585 2149 2767 2196 autem
2821 2143 2973 2196 illum
3020 2142 3357 2197 sacerdotem
3398 2149 3455 2196 et

1871 2241 2215 2286 mansuetum
2272 2233 2446 2302 plagis
2491 2233 2931 2288 intolerabilibus
2978 2233 3237 2302 subjicit,
3287 2241 3451 2302 atquc

1872 2322 1926 2377 in
1964 2322 2158 2378 faciem
2193 2324 2506 2394 percutiens
2543 2324 2834 2390 obnititur,
2875 2331 2929 2380 et
2967 2340 3090 2378 cum
3130 2339 3325 2394 magna
3364 2339 3452 2380 re-

1873 2415 2114 2470 verentia
2156 2416 2539 2482 accedentem,
2597 2415 2857 2470 audacter
2902 2414 3149 2470 calcibus
3199 2415 3446 2485 repellit,

1870 2504 2096 2575 impium
2141 2521 2205 2561 ac
2251 2507 2543 2562 scelestum
2585 2506 2776 2562 dicens
2821 2521 2946 2560 eum
2991 2506 3084 2575 qui
3128 2519 3194 2560 ex
3235 2507 3456 2560 miseri-.

1868 2595 2057 2650 cordia
2089 2597 2274 2667 populi
2304 2597 2647 2668 ignorantias
2691 2596 2975 2667 despicere
3033 2597 3349 2660 statuisset,
3394 2605 3448 2650 et

1869 2685 2130 2759 Dionysio
2161 2690 2452 2759 episcopo,
2483 2697 2647 2761 atque
2678 2699 2956 2759 pastorum
2992 2689 3257 2758 principi,
3289 2688 3446 2756 quasi

1867 2794 2124 2849 magnum
2192 2779 2325 2850 quid
2375 2781 2444 2834 ad
2498 2781 2761 2834 virtutem
2816 2778 3122 2841 effecisset,
3181 2777 3448 2833 describit

1866 2873 2013 2942 quod
2053 2872 2362 2936 acciderat,
2417 2887 2625 2940 susque
2662 2871 2838 2940 deque
2871 2870 3089 2939 iactans
3117 2870 3174 2924 in
3211 2871 3309 2924 illa
3345 2885 3445 2924 au-

1865 2963 1985 3016 daci
2011 2963 2271 3032 epistola,
2303 2962 2450 3031 quod
2488 2977 2600 3015 non
2637 2969 2751 3014 tam
2791 2961 3029 3028 seipsum
3067 2975 3231 3030 quam
3271 2959 3457 3016 Deum.

1865 3056 2016 3110 ultus
2051 3063 2218 3110 esset.
2249 3055 2391 3121 Quid
2419 3070 2550 3126 ergo
2583 3055 2718 3110 ille?
2745 3054 2884 3109 Num
2907 3095 2921 3119 ,
2951 3063 3008 3108 ut
3040 3055 3238 3124 vulgus
3267 3054 3442 3118 solet,

1864 3144 1966 3200 fuit
2003 3146 2187 3201 animo
2225 3146 2619 3216 perturbatus?
2649 3153 2744 3200 aut
2782 3152 3068 3216 reputatus
3097 3151 3182 3199 est
3219 3145 3306 3200 vel
3343 3159 3444 3214 pa-

1864 3253 1984 3291 rum
2015 3236 2146 3306 quid
2179 3238 2406 3291 omnino
2453 3237 2753 3293 mutavisse
2800 3237 2868 3292 de
2910 3253 2975 3292 ea
3023 3235 3268 3291 bonitate
3315 3252 3440 3306 qua:

1861 3329 1911 3383 ei
1939 3329 2261 3383 coaluerat?
2288 3327 2403 3383 lloc
2433 3329 2658 3386 minime
2685 3329 2794 3384 dici
2835 3337 3038 3400 potest.
3080 3328 3268 3399 Neque
3291 3329 3437 3384 enim

1861 3419 2006 3474 facto
2037 3421 2185 3475 ultus
2217 3429 2300 3476 est
2327 3435 2484 3486 eum,
2525 3422 2621 3490 qui
2660 3428 3022 3491 peccaverat;
3064 3421 3160 3476 sed
3203 3419 3348 3474 facto
3386 3431 3440 3474 et

1859 3527 2111 3566 sermone
2139 3513 2366 3567 salutari
2396 3513 2628 3579 erudiit,
2656 3529 2777 3583 quae
2813 3513 2976 3568 simul
3008 3511 3074 3566 ad
3104 3513 3361 3568 virtutem
3385 3520 3440 3566 et

1857 3619 2073 3658 onmem
2101 3594 2530 3662 moderationem
2567 3606 2828 3660 informat
2857 3614 2912 3661 et
2943 3605 3224 3675 componit
3243 3644 3258 3666 .
3291 3605 3438 3658 illam

1857 3695 2107 3751 scribens
2146 3697 2439 3766 epistolam
2462 3736 2478 3762 ,
2520 3704 2574 3752 et
2613 3699 2918 3768 exemplum
2959 3695 3396 3751 mansuetudinis
3419 3736 3437 3761 ,

1856 3787 2070 3853 Aaron,
2111 3786 2317 3852 David,
2357 3794 2412 3842 et
2452 3789 2592 3844 alios
2632 3789 2933 3845 adducens.
2973 3788 3147 3858 Cujus
3184 3796 3245 3842 ut
3283 3785 3439 3842 omit-

1855 3886 1969 3932 tam
2017 3880 2180 3933 aliam
2234 3881 2302 3934 ad
2351 3881 2558 3936 bonum
2607 3881 3084 3946 exhortationem,
3133 3879 3440 3935 meminero

1855 3978 2005 4025 certe
2054 3971 2322 4036 visionis,
2374 3988 2541 4043 quam
2592 3973 2643 4028 ei
2696 3981 2920 4036 narrat,
2973 3981 3031 4026 ut
3078 3987 3198 4041 quae
3243 3978 3438 4025 sancto

1853 4062 2030 4132 Carpo
2069 4064 2408 4134 apparuerit.
2450 4065 2542 4118 Sic
2579 4074 2762 4120 autem
2794 4080 2854 4119 se
2883 4063 3047 4118 habet
3077 4063 3144 4117 ad
3179 4063 3440 4116 verbum:

1925 4151 2062 4207 Cum
2093 4153 2388 4222 aliquando
2421 4149 2479 4208 in
2508 4153 2725 4209 Cretam
2756 4153 3029 4207 venissem
3050 4191 3067 4218 ,
3099 4167 3186 4207 me
3217 4151 3433 4222 Carpus

1854 4241 2093 4311 hospitio
2129 4241 2379 4312 excepit,
2431 4241 2536 4304 vir,
2580 4241 2628 4295 si
2667 4241 2790 4311 quis
2828 4240 3003 4304 alius,
3044 4247 3267 4310 propter
3317 4256 3433 4294 ma-

1853 4348 2016 4402 gnam
2045 4333 2246 4388 mentis
2276 4332 2570 4402 puritatem
2603 4331 2670 4386 ad
2700 4331 3030 4386 cernendum
3063 4330 3230 4385 Deum
3260 4331 3432 4401 aptis-

1853 4424 2047 4479 simus.
2087 4423 2276 4494 Neque
2313 4424 2460 4478 enim
2499 4439 2689 4479 sacros
2728 4423 3116 4494 mysteriorum
3158 4430 3298 4477 ritus
3337 4439 3432 4494 ag-

1852 4516 2239 4588 grediebatur,
2285 4517 2393 4572 nisi
2439 4517 2592 4587 prius
2632 4517 2735 4586 ipsi
2781 4516 2838 4570 in
2871 4515 2940 4570 iis
2979 4514 3273 4585 precibus,
3311 4531 3433 4585 qua:

171 4608 510 4678 προτελείους
571 4608 776 4679 εὐχὰς,
827 4612 980 4682 ἱερᾶς
1043 4614 1136 4666 καὶ
1185 4613 1451 4684 εὐμενοῦς
1497 4614 1745 4686 ὁράσεως

1867 4616 2008 4664 mtea
2041 4609 2228 4679 perfici
2259 4611 2472 4674 solent,
2508 4624 2667 4663 sacra
2703 4617 2758 4663 et
2796 4608 2920 4662 laeta
2963 4607 3310 4677 apparuisset
3346 4609 3428 4660 vi—

170 4698 611 4769 ἐπιφαινομένης.
651 4700 874 4768 Ἔλεγεν
919 4697 1044 4766 οὖν,
1095 4703 1210 4767 ὅτι,
1256 4703 1620 4775 λελυπηκότος
1651 4703 1749 4756 αύ-

1867 4699 1958 4755 sio.
2008 4697 2060 4755 Is
2102 4701 2324 4770 quidem
2364 4699 2668 4773 narrabat,
2714 4712 2840 4752 cum
2883 4713 2913 4751 a
2944 4697 3214 4768 quodam,
3253 4697 3346 4767 qui
3399 4715 3440 4754 ac

169 4789 250 4841 τόν
280 4806 412 4842 ποτε
454 4788 572 4841 τῶν
601 4791 846 4845 ἀπίστων
877 4793 1023 4856 τινὸς
1047 4833 1061 4858 ,
1100 4794 1170 4866 (ή
1216 4793 1362 4865 λύπη
1410 4796 1468 4848 δὲ
1509 4790 1614 4866 ἦν,
1662 4795 1745 4848 ὅτι

1869 4793 1954 4849 ide
1987 4794 2358 4864 religioneque
2395 4802 2586 4848 nostra
2621 4791 2968 4853 abhorreret,
3012 4789 3152 4844 forte
3187 4789 3442 4850 offensus,

168 4882 256 4952 τῆς
297 4883 631 4954 Ἐκκλησίας
681 4887 886 4950 ἐκεῖνος
944 4885 1068 4940 τινὰ
1101 4887 1239 4958 πρὸς
1289 4889 1351 4942 τὸ
1400 4889 1556 4942 ἄθεον
1604 4889 1743 4942 ἀπε-

1867 4893 1995 4943 :sset
2028 4887 2046 4957 (
2072 4887 2312 4942 tristitia:
2340 4894 2524 4941 autem
2552 4901 2719 4940 causa
2751 4891 2900 4946 erat,
2931 4882 3076 4952 quod
3108 4883 3198 4937 ille
3226 4884 3296 4937 ab
3327 4883 3428 4935 Ec-

170 4972 475 5044 πλάνησενο)
526 4973 610 5026 ἔτι
659 4975 769 5030 τῶν
812 4975 1054 5046 Ἰλαρίων
1099 4977 1322 5049 ἡμερῶν
1372 4977 1520 5048 αὐτῷ
1568 4977 1744 5032 τελου-

1867 4977 2015 5032 :lesia
2064 4979 2359 5047 quemdam
2408 4978 2477 5032 ad
2531 4979 2761 5049 impium
2811 4979 3022 5034 cultum
3073 4967 3434 5034 traduxerat),

172 5064 372 5134 μένων,
423 5065 546 5117 δέον
610 5066 938 5140 ἀμφοτέρων
993 5069 1394 5142 ἁγαθοπρεπῶς
1443 5069 1743 5143 ὑπερεύξα-

1871 5084 1961 5121 um
1997 5085 2125 5123 cum
2163 5069 2354 5134 etiam,
2395 5068 2466 5122 ab
2507 5069 2626 5137 ipso
2667 5069 3010 5139 (Christiano
3041 5073 3263 5136 prepter
3324 5061 3426 5118 ba—

171 5155 314 5221 σθαι,
353 5157 449 5210 καὶ
497 5157 633 5209 Θεὸν
679 5161 904 5231 σωτῆρα
951 5161 1297 5234 συλλήπτορα
1329 5163 1598 5227 λαϐόντα,
1648 5163 1742 5217 τὸν

1867 5158 2122 5233 ιιίεῐηυω)
2156 5159 2354 5212 hilaria
2402 5167 2732 5228 agerentur,
2794 5174 2920 5214 cum
2979 5158 3267 5226 benignam
3324 5170 3425 5224 pro

173 5247 260 5317 μὲν
287 5247 622 5319 ἐπιστρέψαι
655 5272 670 5312 ,
703 5249 798 5304 τὸν
828 5251 886 5304 δὲ
916 5251 1216 5322 ἀγαθότητι
1247 5255 1499 5324 νικῆσαι,
1535 5255 1628 5308 καὶ
1664 5253 1739 5324 μὴ

1867 5258 2078 5320 utroque
2127 5248 2196 5303 ad
2252 5248 2422 5303 Deum
2480 5251 2852 5318 precationem
2905 5247 3132 5304 fundere
3193 5261 3423 5308 necesse

169 5338 418 5394 διαλιπεῖν
456 5340 816 5396 νουθετοῦντα
845 5343 934 5396 διὰ
971 5343 1086 5414 βίου
1120 5345 1323 5410 παντὸς
1345 5385 1359 5411 ,
1394 5345 1552 5417 ἄχρις
1583 5341 1645 5401 οὗ
1675 5345 1738 5399 τὸ

1867 5350 2024 5407 εδει,
2060 5342 2282 5412 Deoque
2321 5352 2601 5398 servatore
2640 5343 2895 5412 adjutore
2930 5341 3221 5410 adjuncto,
3265 5338 3418 5391 illum

173 5431 432 5503 σήμερον,
472 5433 567 5486 καὶ
599 5432 774 5498 οῦτως
807 5435 900 5488 ἐπὶ
931 5435 1032 5506 τὴν
1065 5436 1214 5490 θείαν
1261 5438 1460 5501 αὐτοὺς
1509 5439 1737 5508 ἀγαγεῖν

173 5523 351 5591 γνῶσιν
373 5564 390 5589 ,
424 5524 504 5588 ὡς
527 5524 595 5578 ἂν
626 5525 725 5596 ήδη
759 5527 852 5579 καὶ
883 5525 994 5579 τῶν
1025 5526 1522 5600 ἀμφισϐητησίμων
1553 5529 1736 5594 αὐτοῖς

173 5618 490 5689 κρινομένων
513 5656 529 5681 ,
565 5615 658 5669 καὶ
688 5616 796 5671 τῶν
828 5618 1037 5686 ἀλόγως
1070 5618 1483 5691 θρασυνομένων
1524 5621 1738 5693 ἐννόμῳ

173 5705 278 5780 δίκῃ
322 5710 626 5778 σωφρονεῖν
657 5708 1111 5781 ἀναγκαζομένων
1131 5727 1144 5740 °
1194 5711 1308 5764 ἀλλ’
1342 5713 1400 5765 ἐν
1446 5712 1625 5783 ἐαυτῷ
1660 5712 1735 5785 μὴ

178 5800 420 5873 πρότερον
452 5799 618 5853 τοῦτο
649 5800 882 5863 παθὼν,
923 5801 1024 5854 οὐκ
1053 5799 1151 5855 οἷδ’
1185 5803 1334 5867 ὅπως
1365 5805 1488 5857 τότε
1533 5805 1736 5877 πολλήν

178 5906 278 5947 τινα
306 5893 402 5966 τὴν
434 5893 764 5964 δυσμένειαν
799 5894 889 5948 καὶ
924 5893 1022 5968 τὴν
1060 5895 1541 5968 πικρίαννέντήξας
1595 5899 1735 5950 ἐκοι-

1839 5435 2061 5508 quidem
2114 5444 2465 5500 convertere,
2507 5436 2654 5490 hunc
2693 5444 2877 5490 autem
2914 5435 3132 5488 vincere
3169 5429 3420 5500 benigni-

1838 5537 1984 5594 tate,
2015 5543 2117 5583 nec
2156 5527 2428 5584 desistere
2465 5529 2762 5584 admonere
2805 5543 2897 5597 per
2934 5539 3095 5580 omne
3124 5522 3248 5578 vitae
3279 5530 3418 5578 tem-

1839 5637 1942 5693 pus
1975 5637 2149 5691 usque
2179 5621 2247 5675 ad
2278 5621 2424 5676 hunc
2456 5622 2637 5691 ipsum
2664 5620 2806 5675 diem
2831 5659 2845 5682 ,
2879 5626 3042 5688 atque
3083 5618 3158 5676 ita
3197 5617 3416 5672 demum

1837 5729 1934 5769 eos
1962 5712 2030 5766 ad
2059 5711 2154 5768 Dei
2184 5713 2437 5768 notitiam
2468 5712 2736 5767 deducere
2754 5749 2770 5776 ,
2795 5710 2961 5784 348
2989 5716 3144 5779 quasi
3171 5709 3285 5779 jam
3317 5724 3378 5764 ea
3399 5749 3415 5771 ,

1839 5803 1906 5858 de
1941 5803 2144 5873 quibus
2183 5810 2340 5858 antea
2377 5803 2729 5864 dubitarent,
2770 5800 3070 5870 dijudicata
3109 5809 3322 5866 essent,
3363 5808 3418 5853 ct

1841 5898 1907 5960 ab
1943 5896 2160 5967 iisquae
2190 5894 2593 5952 inconsidm'ate
2625 5891 2741 5948 ausi
2778 5900 2997 5961 essent,
3036 5893 3271 5966 legitime
3301 5906 3418 5964 po:-
