  <div class='ocr_page' id='page_1' title='image "/cluster/home/n/w/nwhite01/storage/ocr_20150623/4/hvd.32044014713200/309.png"; bbox 0 0 3886 6534; ppageno 0'>
   <div class='ocr_carea' id='block_1_1' title="bbox 464 419 3722 488">
    <p class='ocr_par' dir='ltr' id='par_1_1' title="bbox 464 419 3722 488">
     <span class='ocr_line' id='line_1_1' title="bbox 464 419 3722 488; baseline 0 -10"><span class='ocrx_word' id='word_1_1' title='bbox 464 419 570 478; x_wconf 64' lang='grc' dir='ltr'><strong>Μ</strong></span> <span class='ocrx_word' id='word_1_2' title='bbox 1375 473 1378 476; x_wconf 83' lang='lat'><strong>.</strong></span> <span class='ocrx_word' id='word_1_3' title='bbox 1629 419 1688 478; x_wconf 82' lang='lat'><strong>8.</strong></span> <span class='ocrx_word' id='word_1_4' title='bbox 1725 421 2024 479; x_wconf 77' lang='lat' dir='ltr'><strong>DIONYSII</strong></span> <span class='ocrx_word' id='word_1_5' title='bbox 2059 421 2528 478; x_wconf 64' lang='lat' dir='ltr'><strong>AREOPAGITAE</strong></span> <span class='ocrx_word' id='word_1_6' title='bbox 3623 431 3722 488; x_wconf 82' lang='lat'><strong>600</strong></span> 
     </span>
    </p>
   </div>
   <div class='ocr_carea' id='block_1_2' title="bbox 465 535 1999 618">
    <p class='ocr_par' dir='ltr' id='par_1_2' title="bbox 465 535 1999 609">
     <span class='ocr_line' id='line_1_2' title="bbox 465 535 1999 609; baseline -0.002 -14"><span class='ocrx_word' id='word_1_7' title='bbox 465 555 568 595; x_wconf 82' lang='lat' dir='ltr'><strong>nas</strong></span> <span class='ocrx_word' id='word_1_8' title='bbox 605 537 786 594; x_wconf 85' lang='lat' dir='ltr'><strong>dando</strong></span> <span class='ocrx_word' id='word_1_9' title='bbox 820 535 1149 609; x_wconf 74' lang='lat' dir='ltr'><strong>resipiscere</strong></span> <span class='ocrx_word' id='word_1_10' title='bbox 1185 546 1556 608; x_wconf 76' lang='lat' dir='ltr'><strong>cogeremur;</strong></span> <span class='ocrx_word' id='word_1_11' title='bbox 1597 548 1712 594; x_wconf 89' lang='lat' dir='ltr'><strong>tum</strong></span> <span class='ocrx_word' id='word_1_12' title='bbox 1751 549 1934 594; x_wconf 81' lang='lat' dir='ltr'><strong>tamen</strong></span> <span class='ocrx_word' id='word_1_13' title='bbox 1993 540 1999 592; x_wconf 75' lang='lat' dir='ltr'><strong>i</strong></span> 
     </span>
    </p>
   </div>
   <div class='ocr_carea' id='block_1_3' title="bbox 2187 535 3721 618">
    <p class='ocr_par' dir='ltr' id='par_1_3' title="bbox 2187 537 3721 618">
     <span class='ocr_line' id='line_1_3' title="bbox 2187 537 3721 618; baseline 0.006 -29"><span class='ocrx_word' id='word_1_14' title='bbox 2187 537 2298 609; x_wconf 81' lang='grc' dir='ltr'>,ήθη</span> <span class='ocrx_word' id='word_1_15' title='bbox 2336 555 2348 568; x_wconf 87' lang='grc'><strong>·</strong></span> <span class='ocrx_word' id='word_1_16' title='bbox 2386 539 2692 611; x_wconf 85' lang='grc' dir='ltr'>κατεδάρθη</span> <span class='ocrx_word' id='word_1_17' title='bbox 2729 539 2829 611; x_wconf 76' lang='grc' dir='ltr'>μὲν</span> <span class='ocrx_word' id='word_1_18' title='bbox 2854 581 2869 606; x_wconf 89' lang='grc'><strong>,</strong></span> <span class='ocrx_word' id='word_1_19' title='bbox 2906 539 3047 594; x_wconf 77' lang='grc' dir='ltr'>οὕτω</span> <span class='ocrx_word' id='word_1_20' title='bbox 3080 539 3264 604; x_wconf 84' lang='grc' dir='ltr'>κακῶς</span> <span class='ocrx_word' id='word_1_21' title='bbox 3295 541 3434 612; x_wconf 81' lang='grc' dir='ltr'>ἔχων</span> <span class='ocrx_word' id='word_1_22' title='bbox 3471 559 3485 573; x_wconf 76' lang='grc' dir='ltr'><strong><em>ο</em></strong></span> <span class='ocrx_word' id='word_1_23' title='bbox 3521 545 3721 618; x_wconf 82' lang='grc' dir='ltr'>ἑσπέρα</span> 
     </span>
    </p>
   </div>
   <div class='ocr_carea' id='block_1_4' title="bbox 464 626 1998 707">
    <p class='ocr_par' dir='ltr' id='par_1_4' title="bbox 464 630 1998 704">
     <span class='ocr_line' id='line_1_4' title="bbox 464 630 1998 704; baseline -0.001 -17"><span class='ocrx_word' id='word_1_24' title='bbox 464 631 610 704; x_wconf 91' lang='lat' dir='ltr'><strong>quod</strong></span> <span class='ocrx_word' id='word_1_25' title='bbox 632 646 911 702; x_wconf 86' lang='lat' dir='ltr'><strong>nunquam</strong></span> <span class='ocrx_word' id='word_1_26' title='bbox 934 630 1040 686; x_wconf 82' lang='lat' dir='ltr'><strong>sibi</strong></span> <span class='ocrx_word' id='word_1_27' title='bbox 1063 630 1435 696; x_wconf 86' lang='lat' dir='ltr'><strong>usuvenisset,</strong></span> <span class='ocrx_word' id='word_1_28' title='bbox 1461 631 1606 686; x_wconf 86' lang='lat' dir='ltr'><strong>haud</strong></span> <span class='ocrx_word' id='word_1_29' title='bbox 1629 633 1747 689; x_wconf 88' lang='lat' dir='ltr'><strong>scio</strong></span> <span class='ocrx_word' id='word_1_30' title='bbox 1766 632 1998 704; x_wconf 87' lang='lat' dir='ltr'><strong>quomod</strong></span> 
     </span>
    </p>
   </div>
   <div class='ocr_carea' id='block_1_5' title="bbox 2187 626 3721 707">
    <p class='ocr_par' dir='ltr' id='par_1_5' title="bbox 2187 626 3721 707">
     <span class='ocr_line' id='line_1_5' title="bbox 2187 626 3721 707; baseline 0.006 -25"><span class='ocrx_word' id='word_1_31' title='bbox 2187 630 2256 702; x_wconf 78' lang='grc' dir='ltr'><strong>ἀρ</strong></span> <span class='ocrx_word' id='word_1_32' title='bbox 2305 626 2406 702; x_wconf 80' lang='grc' dir='ltr'><strong>ἦν·</strong></span> <span class='ocrx_word' id='word_1_33' title='bbox 2463 632 2591 704; x_wconf 82' lang='grc' dir='ltr'>περὶ</span> <span class='ocrx_word' id='word_1_34' title='bbox 2633 633 2689 687; x_wconf 87' lang='grc' dir='ltr'><strong>δέ</strong></span> <span class='ocrx_word' id='word_1_35' title='bbox 2736 635 2908 704; x_wconf 81' lang='grc' dir='ltr'><strong>μέσας</strong></span> <span class='ocrx_word' id='word_1_36' title='bbox 2960 634 3158 699; x_wconf 82' lang='grc' dir='ltr'>νύκτας</span> <span class='ocrx_word' id='word_1_37' title='bbox 3208 634 3425 704; x_wconf 84' lang='grc' dir='ltr'><strong>(εἰώθει</strong></span> <span class='ocrx_word' id='word_1_38' title='bbox 3492 635 3602 707; x_wconf 81' lang='grc' dir='ltr'>γὰρ</span> <span class='ocrx_word' id='word_1_39' title='bbox 3647 641 3721 703; x_wconf 84' lang='grc' dir='ltr'><strong>είς</strong></span> 
     </span>
    </p>
   </div>
   <div class='ocr_carea' id='block_1_6' title="bbox 464 722 1998 798">
    <p class='ocr_par' dir='ltr' id='par_1_6' title="bbox 464 722 1998 795">
     <span class='ocr_line' id='line_1_6' title="bbox 464 722 1998 795; baseline -0.001 -16"><span class='ocrx_word' id='word_1_40' title='bbox 464 737 662 795; x_wconf 83' lang='lat' dir='ltr'><strong>magno</strong></span> <span class='ocrx_word' id='word_1_41' title='bbox 689 722 926 793; x_wconf 90' lang='lat' dir='ltr'><strong>quodam</strong></span> <span class='ocrx_word' id='word_1_42' title='bbox 955 729 1012 778; x_wconf 89' lang='lat' dir='ltr'><strong>et</strong></span> <span class='ocrx_word' id='word_1_43' title='bbox 1041 723 1243 778; x_wconf 90' lang='lat' dir='ltr'><strong>acerbo</strong></span> <span class='ocrx_word' id='word_1_44' title='bbox 1273 723 1442 778; x_wconf 88' lang='lat' dir='ltr'><strong>animi</strong></span> <span class='ocrx_word' id='word_1_45' title='bbox 1470 724 1664 780; x_wconf 90' lang='lat' dir='ltr'><strong>dolore</strong></span> <span class='ocrx_word' id='word_1_46' title='bbox 1692 724 1998 780; x_wconf 76' lang='lat' dir='ltr'><strong>confectum</strong></span> 
     </span>
    </p>
   </div>
   <div class='ocr_carea' id='block_1_7' title="bbox 2186 722 3720 798">
    <p class='ocr_par' dir='ltr' id='par_1_7' title="bbox 2186 723 3720 798">
     <span class='ocr_line' id='line_1_7' title="bbox 2186 723 3720 798; baseline 0.002 -21"><span class='ocrx_word' id='word_1_47' title='bbox 2186 724 2294 778; x_wconf 74' lang='grc' dir='ltr'>ὀνδε</span> <span class='ocrx_word' id='word_1_48' title='bbox 2326 723 2419 778; x_wconf 83' lang='grc' dir='ltr'>τὸν</span> <span class='ocrx_word' id='word_1_49' title='bbox 2451 726 2644 796; x_wconf 74' lang='grc' dir='ltr'>καιρὸν</span> <span class='ocrx_word' id='word_1_50' title='bbox 2674 726 2836 790; x_wconf 81' lang='grc' dir='ltr'>αὐτὸς</span> <span class='ocrx_word' id='word_1_51' title='bbox 2869 727 2954 795; x_wconf 85' lang='grc' dir='ltr'><strong>ἐφ’</strong></span> <span class='ocrx_word' id='word_1_52' title='bbox 2988 727 3184 780; x_wconf 85' lang='grc' dir='ltr'>ἐαυτοῦ</span> <span class='ocrx_word' id='word_1_53' title='bbox 3219 725 3356 798; x_wconf 84' lang='grc' dir='ltr'>πρὸς</span> <span class='ocrx_word' id='word_1_54' title='bbox 3387 728 3517 792; x_wconf 70' lang='grc' dir='ltr'>τοὺς</span> <span class='ocrx_word' id='word_1_55' title='bbox 3551 728 3720 793; x_wconf 80' lang='grc' dir='ltr'><strong>θείους</strong></span> 
     </span>
    </p>
   </div>
   <div class='ocr_carea' id='block_1_8' title="bbox 462 815 1996 891">
    <p class='ocr_par' dir='ltr' id='par_1_8' title="bbox 462 815 1996 890">
     <span class='ocr_line' id='line_1_8' title="bbox 462 815 1996 890; baseline -0.001 -17"><span class='ocrx_word' id='word_1_56' title='bbox 462 817 633 890; x_wconf 91' lang='lat' dir='ltr'><strong>quieti</strong></span> <span class='ocrx_word' id='word_1_57' title='bbox 662 831 723 872; x_wconf 89' lang='lat' dir='ltr'><strong>se</strong></span> <span class='ocrx_word' id='word_1_58' title='bbox 737 815 978 880; x_wconf 83' lang='lat' dir='ltr'><strong>dedisse,</strong></span> <span class='ocrx_word' id='word_1_59' title='bbox 1003 829 1068 870; x_wconf 88' lang='lat' dir='ltr'><strong>ac</strong></span> <span class='ocrx_word' id='word_1_60' title='bbox 1089 815 1312 886; x_wconf 88' lang='lat' dir='ltr'><strong>quidem</strong></span> <span class='ocrx_word' id='word_1_61' title='bbox 1337 818 1630 873; x_wconf 83' lang='lat' dir='ltr'><strong>dormiisse</strong></span> <span class='ocrx_word' id='word_1_62' title='bbox 1656 817 1731 872; x_wconf 87' lang='lat' dir='ltr'><strong>ita</strong></span> <span class='ocrx_word' id='word_1_63' title='bbox 1754 817 1895 874; x_wconf 86' lang='lat' dir='ltr'><strong>male</strong></span> <span class='ocrx_word' id='word_1_64' title='bbox 1911 815 1996 871; x_wconf 72' lang='lat' dir='ltr'><strong>alii</strong></span> 
     </span>
    </p>
   </div>
   <div class='ocr_carea' id='block_1_9' title="bbox 2187 815 3721 891">
    <p class='ocr_par' dir='ltr' id='par_1_9' title="bbox 2188 819 3721 891">
     <span class='ocr_line' id='line_1_9' title="bbox 2188 819 3721 891; baseline 0.003 -21"><span class='ocrx_word' id='word_1_65' title='bbox 2188 835 2352 887; x_wconf 86' lang='grc' dir='ltr'>μνους</span> <span class='ocrx_word' id='word_1_66' title='bbox 2396 819 2755 891; x_wconf 78' lang='grc' dir='ltr'><strong>ἐγρηγορέναι</strong></span> <span class='ocrx_word' id='word_1_67' title='bbox 2787 821 2850 890; x_wconf 77' lang='grc'><strong>³)</strong></span> <span class='ocrx_word' id='word_1_68' title='bbox 2898 819 3238 874; x_wconf 80' lang='grc' dir='ltr'><strong>διανίσταται</strong></span> <span class='ocrx_word' id='word_1_69' title='bbox 3290 821 3410 891; x_wconf 88' lang='grc' dir='ltr'><strong>μέν,</strong></span> <span class='ocrx_word' id='word_1_70' title='bbox 3448 820 3570 874; x_wconf 76' lang='grc' dir='ltr'>οὐδὲ</span> <span class='ocrx_word' id='word_1_71' title='bbox 3617 821 3721 875; x_wconf 79' lang='grc' dir='ltr'><strong>τῶν</strong></span> 
     </span>
    </p>
   </div>
   <div class='ocr_carea' id='block_1_10' title="bbox 460 907 1994 981">
    <p class='ocr_par' dir='ltr' id='par_1_10' title="bbox 460 907 1994 980">
     <span class='ocr_line' id='line_1_10' title="bbox 460 907 1994 980; baseline -0.001 -18"><span class='ocrx_word' id='word_1_72' title='bbox 460 916 608 962; x_wconf 86' lang='lat' dir='ltr'><strong>ctum</strong></span> <span class='ocrx_word' id='word_1_73' title='bbox 662 907 817 977; x_wconf 86' lang='lat' dir='ltr'><strong>(erat</strong></span> <span class='ocrx_word' id='word_1_74' title='bbox 859 908 1004 962; x_wconf 91' lang='lat' dir='ltr'><strong>enim</strong></span> <span class='ocrx_word' id='word_1_75' title='bbox 1037 909 1349 980; x_wconf 85' lang='lat' dir='ltr'><strong>vespera);</strong></span> <span class='ocrx_word' id='word_1_76' title='bbox 1393 909 1573 965; x_wconf 87' lang='lat' dir='ltr'><strong>media</strong></span> <span class='ocrx_word' id='word_1_77' title='bbox 1605 917 1790 965; x_wconf 86' lang='lat' dir='ltr'><strong>autem</strong></span> <span class='ocrx_word' id='word_1_78' title='bbox 1821 910 1994 965; x_wconf 69' lang='lat' dir='ltr'><strong>circiti</strong></span> 
     </span>
    </p>
   </div>
   <div class='ocr_carea' id='block_1_11' title="bbox 2189 907 3723 981">
    <p class='ocr_par' dir='ltr' id='par_1_11' title="bbox 2189 909 3723 981">
     <span class='ocr_line' id='line_1_11' title="bbox 2189 909 3723 981; baseline 0.002 -19"><span class='ocrx_word' id='word_1_79' title='bbox 2189 927 2332 963; x_wconf 88' lang='grc' dir='ltr'>πνων</span> <span class='ocrx_word' id='word_1_80' title='bbox 2362 909 2544 964; x_wconf 76' lang='grc' dir='ltr'>αὐτῶν</span> <span class='ocrx_word' id='word_1_81' title='bbox 2569 951 2585 975; x_wconf 86' lang='grc'><strong>,</strong></span> <span class='ocrx_word' id='word_1_82' title='bbox 2621 911 2832 966; x_wconf 81' lang='grc' dir='ltr'>πολλῶν</span> <span class='ocrx_word' id='word_1_83' title='bbox 2862 929 2927 980; x_wconf 89' lang='grc' dir='ltr'><strong>γε</strong></span> <span class='ocrx_word' id='word_1_84' title='bbox 2959 911 3129 965; x_wconf 74' lang='grc' dir='ltr'>ὄντων</span> <span class='ocrx_word' id='word_1_85' title='bbox 3149 953 3164 975; x_wconf 89' lang='grc'><strong>,</strong></span> <span class='ocrx_word' id='word_1_86' title='bbox 3200 914 3293 966; x_wconf 80' lang='grc' dir='ltr'>καὶ</span> <span class='ocrx_word' id='word_1_87' title='bbox 3339 912 3428 967; x_wconf 77' lang='grc' dir='ltr'><strong>ἀεὶ</strong></span> <span class='ocrx_word' id='word_1_88' title='bbox 3464 915 3723 981; x_wconf 80' lang='grc' dir='ltr'>ὲγκοπτο-</span> 
     </span>
    </p>
   </div>
   <div class='ocr_carea' id='block_1_12' title="bbox 460 998 1994 1076">
    <p class='ocr_par' dir='ltr' id='par_1_12' title="bbox 460 998 1992 1072">
     <span class='ocr_line' id='line_1_12' title="bbox 460 998 1992 1072; baseline 0.001 -19"><span class='ocrx_word' id='word_1_89' title='bbox 460 1007 622 1054; x_wconf 83' lang='lat' dir='ltr'><strong>noete</strong></span> <span class='ocrx_word' id='word_1_90' title='bbox 643 998 861 1070; x_wconf 87' lang='lat' dir='ltr'><strong>(solitus</strong></span> <span class='ocrx_word' id='word_1_91' title='bbox 889 999 1034 1053; x_wconf 91' lang='lat' dir='ltr'><strong>enim</strong></span> <span class='ocrx_word' id='word_1_92' title='bbox 1056 1011 1175 1055; x_wconf 88' lang='lat' dir='ltr'><strong>erat</strong></span> <span class='ocrx_word' id='word_1_93' title='bbox 1202 1001 1305 1055; x_wconf 92' lang='lat' dir='ltr'><strong>hoc</strong></span> <span class='ocrx_word' id='word_1_94' title='bbox 1330 1011 1577 1072; x_wconf 90' lang='lat' dir='ltr'><strong>tempore</strong></span> <span class='ocrx_word' id='word_1_95' title='bbox 1602 1017 1698 1072; x_wconf 90' lang='lat' dir='ltr'><strong>per</strong></span> <span class='ocrx_word' id='word_1_96' title='bbox 1725 1017 1785 1057; x_wconf 88' lang='lat' dir='ltr'><strong>se</strong></span> <span class='ocrx_word' id='word_1_97' title='bbox 1811 1001 1878 1054; x_wconf 90' lang='lat' dir='ltr'><strong>ad</strong></span> <span class='ocrx_word' id='word_1_98' title='bbox 1901 1001 1992 1056; x_wconf 89' lang='lat' dir='ltr'><strong>div</strong></span> 
     </span>
    </p>
   </div>
   <div class='ocr_carea' id='block_1_13' title="bbox 2187 998 3721 1076">
    <p class='ocr_par' dir='ltr' id='par_1_13' title="bbox 2187 1001 3721 1076">
     <span class='ocr_line' id='line_1_13' title="bbox 2187 1001 3721 1076; baseline 0.003 -22"><span class='ocrx_word' id='word_1_99' title='bbox 2187 1002 2329 1056; x_wconf 75' lang='grc' dir='ltr'>ένων</span> <span class='ocrx_word' id='word_1_100' title='bbox 2364 1043 2379 1066; x_wconf 87' lang='grc'><strong>,</strong></span> <span class='ocrx_word' id='word_1_101' title='bbox 2432 1001 2537 1067; x_wconf 75' lang='grc' dir='ltr'><strong>ἔξω</strong></span> <span class='ocrx_word' id='word_1_102' title='bbox 2594 1005 2843 1074; x_wconf 73' lang='grc' dir='ltr'>ταραχῆς</span> <span class='ocrx_word' id='word_1_103' title='bbox 2903 1004 3334 1076; x_wconf 77' lang='grc' dir='ltr'>παραπολαῦσας</span> <span class='ocrx_word' id='word_1_104' title='bbox 3383 1023 3397 1035; x_wconf 88' lang='grc'><strong>·</strong></span> <span class='ocrx_word' id='word_1_105' title='bbox 3451 1004 3625 1068; x_wconf 80' lang='grc' dir='ltr'>ἑστὼς</span> <span class='ocrx_word' id='word_1_106' title='bbox 3668 1004 3721 1059; x_wconf 84' lang='grc' dir='ltr'>δὲ</span> 
     </span>
    </p>
   </div>
   <div class='ocr_carea' id='block_1_14' title="bbox 460 1090 1994 1166">
    <p class='ocr_par' dir='ltr' id='par_1_14' title="bbox 460 1093 1994 1166">
     <span class='ocr_line' id='line_1_14' title="bbox 460 1093 1994 1166; baseline 0 -19"><span class='ocrx_word' id='word_1_107' title='bbox 460 1107 562 1148; x_wconf 88' lang='lat' dir='ltr'><strong>nos</strong></span> <span class='ocrx_word' id='word_1_108' title='bbox 585 1093 816 1164; x_wconf 83' lang='lat' dir='ltr'><strong>hymnos</strong></span> <span class='ocrx_word' id='word_1_109' title='bbox 853 1093 1122 1166; x_wconf 82' lang='lat' dir='ltr'><strong>vigilare)</strong></span> <span class='ocrx_word' id='word_1_110' title='bbox 1159 1095 1468 1150; x_wconf 79' lang='lat' dir='ltr'><strong>surrexisse</strong></span> <span class='ocrx_word' id='word_1_111' title='bbox 1499 1095 1719 1165; x_wconf 88' lang='lat' dir='ltr'><strong>quidem</strong></span> <span class='ocrx_word' id='word_1_112' title='bbox 1739 1135 1754 1159; x_wconf 95' lang='lat'><strong>,</strong></span> <span class='ocrx_word' id='word_1_113' title='bbox 1787 1109 1913 1149; x_wconf 89' lang='lat' dir='ltr'><strong>cum</strong></span> <span class='ocrx_word' id='word_1_114' title='bbox 1943 1111 1994 1149; x_wconf 76' lang='lat' dir='ltr'><strong>ni</strong></span> 
     </span>
    </p>
   </div>
   <div class='ocr_carea' id='block_1_15' title="bbox 2189 1090 3723 1166">
    <p class='ocr_par' dir='ltr' id='par_1_15' title="bbox 2189 1090 3723 1164">
     <span class='ocr_line' id='line_1_15' title="bbox 2189 1090 3723 1164; baseline -0.002 -19"><span class='ocrx_word' id='word_1_115' title='bbox 2189 1109 2299 1163; x_wconf 87' lang='grc' dir='ltr'><strong>μως</strong></span> <span class='ocrx_word' id='word_1_116' title='bbox 2331 1095 2412 1156; x_wconf 88' lang='grc' dir='ltr'><strong>είς</strong></span> <span class='ocrx_word' id='word_1_117' title='bbox 2450 1091 2550 1163; x_wconf 81' lang='grc' dir='ltr'>τὴν</span> <span class='ocrx_word' id='word_1_118' title='bbox 2583 1092 2732 1146; x_wconf 83' lang='grc' dir='ltr'>θείαν</span> <span class='ocrx_word' id='word_1_119' title='bbox 2762 1092 2976 1164; x_wconf 75' lang='grc' dir='ltr'>ὁμιλίαν</span> <span class='ocrx_word' id='word_1_120' title='bbox 3009 1094 3108 1146; x_wconf 76' lang='grc' dir='ltr'>οὐκ</span> <span class='ocrx_word' id='word_1_121' title='bbox 3151 1093 3362 1160; x_wconf 74' lang='grc' dir='ltr'>εὐαγῶς</span> <span class='ocrx_word' id='word_1_122' title='bbox 3406 1093 3597 1161; x_wconf 73' lang='grc' dir='ltr'>ἠνιᾶτο</span> <span class='ocrx_word' id='word_1_123' title='bbox 3638 1090 3723 1144; x_wconf 79' lang='grc' dir='ltr'>καὶ</span> 
     </span>
    </p>
   </div>
   <div class='ocr_carea' id='block_1_16' title="bbox 459 1181 1993 1256">
    <p class='ocr_par' dir='ltr' id='par_1_16' title="bbox 459 1184 1992 1256">
     <span class='ocr_line' id='line_1_16' title="bbox 459 1184 1992 1256; baseline -0.002 -14"><span class='ocrx_word' id='word_1_124' title='bbox 459 1199 711 1242; x_wconf 80' lang='lat' dir='ltr'><strong>somnum</strong></span> <span class='ocrx_word' id='word_1_125' title='bbox 744 1187 926 1256; x_wconf 89' lang='lat' dir='ltr'><strong>ipsum</strong></span> <span class='ocrx_word' id='word_1_126' title='bbox 957 1186 1051 1256; x_wconf 92' lang='lat' dir='ltr'><strong>qui</strong></span> <span class='ocrx_word' id='word_1_127' title='bbox 1083 1187 1230 1242; x_wconf 85' lang='lat' dir='ltr'><strong>altus</strong></span> <span class='ocrx_word' id='word_1_128' title='bbox 1260 1184 1460 1240; x_wconf 71' lang='lat' dir='ltr'><strong>fuisset</strong></span> <span class='ocrx_word' id='word_1_129' title='bbox 1480 1228 1494 1251; x_wconf 96' lang='lat'><strong>,</strong></span> <span class='ocrx_word' id='word_1_130' title='bbox 1536 1195 1590 1241; x_wconf 91' lang='lat' dir='ltr'><strong>et</strong></span> <span class='ocrx_word' id='word_1_131' title='bbox 1627 1201 1843 1255; x_wconf 82' lang='lat' dir='ltr'><strong>semper</strong></span> <span class='ocrx_word' id='word_1_132' title='bbox 1879 1185 1992 1239; x_wconf 89' lang='lat' dir='ltr'><strong>inte</strong></span> 
     </span>
    </p>
   </div>
   <div class='ocr_carea' id='block_1_17' title="bbox 2191 1181 3725 1256">
    <p class='ocr_par' dir='ltr' id='par_1_17' title="bbox 2191 1181 3725 1254">
     <span class='ocr_line' id='line_1_17' title="bbox 2191 1181 3725 1254; baseline -0.003 -16"><span class='ocrx_word' id='word_1_133' title='bbox 2191 1184 2530 1254; x_wconf 71' lang='lat' dir='ltr'><strong>iuaxépatvav</strong></span> <span class='ocrx_word' id='word_1_134' title='bbox 2553 1225 2567 1249; x_wconf 93' lang='lat'><strong>,</strong></span> <span class='ocrx_word' id='word_1_135' title='bbox 2601 1185 2702 1238; x_wconf 76' lang='grc' dir='ltr'>οὐκ</span> <span class='ocrx_word' id='word_1_136' title='bbox 2734 1181 2870 1238; x_wconf 79' lang='grc' dir='ltr'>εἶναι</span> <span class='ocrx_word' id='word_1_137' title='bbox 2901 1184 3107 1238; x_wconf 81' lang='grc' dir='ltr'>δίκαιον</span> <span class='ocrx_word' id='word_1_138' title='bbox 3131 1183 3324 1252; x_wconf 88' lang='grc' dir='ltr'>λέγων,</span> <span class='ocrx_word' id='word_1_139' title='bbox 3359 1185 3408 1236; x_wconf 89' lang='grc' dir='ltr'><strong>εί</strong></span> <span class='ocrx_word' id='word_1_140' title='bbox 3459 1181 3599 1252; x_wconf 83' lang='grc' dir='ltr'>ζῷεν</span> <span class='ocrx_word' id='word_1_141' title='bbox 3637 1181 3725 1235; x_wconf 78' lang='grc' dir='ltr'>ἀν·-</span> 
     </span>
    </p>
   </div>
   <div class='ocr_carea' id='block_1_18' title="bbox 464 1273 1998 1350">
    <p class='ocr_par' dir='ltr' id='par_1_18' title="bbox 464 1279 1998 1349">
     <span class='ocr_line' id='line_1_18' title="bbox 464 1279 1998 1349; baseline -0.002 -16"><span class='ocrx_word' id='word_1_142' title='bbox 464 1289 698 1349; x_wconf 84' lang='lat' dir='ltr'><strong>ruptus,</strong></span> <span class='ocrx_word' id='word_1_143' title='bbox 741 1280 861 1334; x_wconf 84' lang='lat' dir='ltr'><strong>sine</strong></span> <span class='ocrx_word' id='word_1_144' title='bbox 901 1279 1322 1335; x_wconf 85' lang='lat' dir='ltr'><strong>conturbatione</strong></span> <span class='ocrx_word' id='word_1_145' title='bbox 1359 1279 1638 1348; x_wconf 73' lang='lat' dir='ltr'><strong>cepisset;</strong></span> <span class='ocrx_word' id='word_1_146' title='bbox 1678 1284 1911 1333; x_wconf 88' lang='lat' dir='ltr'><strong>stantem</strong></span> <span class='ocrx_word' id='word_1_147' title='bbox 1964 1284 1998 1330; x_wconf 83' lang='lat' dir='ltr'><strong>t:</strong></span> 
     </span>
    </p>
   </div>
   <div class='ocr_carea' id='block_1_19' title="bbox 2190 1273 3724 1350">
    <p class='ocr_par' dir='ltr' id='par_1_19' title="bbox 2190 1273 3724 1350">
     <span class='ocr_line' id='line_1_19' title="bbox 2190 1273 3724 1350; baseline -0.003 -21"><span class='ocrx_word' id='word_1_148' title='bbox 2190 1293 2276 1348; x_wconf 87' lang='grc' dir='ltr'><strong>ρες</strong></span> <span class='ocrx_word' id='word_1_149' title='bbox 2309 1276 2457 1331; x_wconf 75' lang='grc' dir='ltr'>ἄθεοι</span> <span class='ocrx_word' id='word_1_150' title='bbox 2498 1277 2592 1330; x_wconf 78' lang='grc' dir='ltr'>καὶ</span> <span class='ocrx_word' id='word_1_151' title='bbox 2625 1276 3042 1350; x_wconf 70' lang='grc' dir='ltr'>διαστρέφοντες</span> <span class='ocrx_word' id='word_1_152' title='bbox 3073 1276 3174 1342; x_wconf 86' lang='grc' dir='ltr'>τὰς</span> <span class='ocrx_word' id='word_1_153' title='bbox 3204 1276 3358 1338; x_wconf 66' lang='grc' dir='ltr'>ὁδοὺς</span> <span class='ocrx_word' id='word_1_154' title='bbox 3391 1275 3600 1346; x_wconf 82' lang='grc' dir='ltr'>Κυρίου</span> <span class='ocrx_word' id='word_1_155' title='bbox 3631 1273 3724 1338; x_wconf 83' lang='grc' dir='ltr'><strong>τὰς</strong></span> 
     </span>
    </p>
   </div>
   <div class='ocr_carea' id='block_1_20' title="bbox 459 1367 1993 1442">
    <p class='ocr_par' dir='ltr' id='par_1_20' title="bbox 459 1369 1964 1442">
     <span class='ocr_line' id='line_1_20' title="bbox 459 1369 1964 1442; baseline -0.002 -15"><span class='ocrx_word' id='word_1_156' title='bbox 459 1387 584 1427; x_wconf 91' lang='lat' dir='ltr'><strong>men</strong></span> <span class='ocrx_word' id='word_1_157' title='bbox 643 1373 712 1426; x_wconf 93' lang='lat' dir='ltr'><strong>ad</strong></span> <span class='ocrx_word' id='word_1_158' title='bbox 771 1372 958 1426; x_wconf 88' lang='lat' dir='ltr'><strong>divina</strong></span> <span class='ocrx_word' id='word_1_159' title='bbox 1023 1371 1339 1442; x_wconf 89' lang='lat' dir='ltr'><strong>colloquia,</strong></span> <span class='ocrx_word' id='word_1_160' title='bbox 1381 1371 1688 1440; x_wconf 84' lang='lat' dir='ltr'><strong>irreligiose</strong></span> <span class='ocrx_word' id='word_1_161' title='bbox 1720 1369 1964 1425; x_wconf 88' lang='lat' dir='ltr'><strong>doluisse</strong></span> 
     </span>
    </p>
   </div>
   <div class='ocr_carea' id='block_1_21' title="bbox 2192 1367 3726 1442">
    <p class='ocr_par' dir='ltr' id='par_1_21' title="bbox 2192 1367 3726 1439">
     <span class='ocr_line' id='line_1_21' title="bbox 2192 1367 3726 1439; baseline -0.001 -17"><span class='ocrx_word' id='word_1_162' title='bbox 2192 1369 2364 1434; x_wconf 63' lang='grc' dir='ltr'>ὅθείας</span> <span class='ocrx_word' id='word_1_163' title='bbox 2399 1387 2412 1400; x_wconf 74' lang='grc' dir='ltr'><strong>ο</strong></span> <span class='ocrx_word' id='word_1_164' title='bbox 2451 1371 2543 1424; x_wconf 76' lang='grc' dir='ltr'><strong>καὶ</strong></span> <span class='ocrx_word' id='word_1_165' title='bbox 2579 1371 2755 1424; x_wconf 86' lang='grc' dir='ltr'>ταῦτα</span> <span class='ocrx_word' id='word_1_166' title='bbox 2799 1370 2972 1439; x_wconf 82' lang='grc' dir='ltr'>λέγων</span> <span class='ocrx_word' id='word_1_167' title='bbox 3001 1411 3016 1435; x_wconf 90' lang='grc'><strong>,</strong></span> <span class='ocrx_word' id='word_1_168' title='bbox 3063 1370 3234 1424; x_wconf 87' lang='grc' dir='ltr'>ἐδεῖτο</span> <span class='ocrx_word' id='word_1_169' title='bbox 3283 1367 3380 1421; x_wconf 89' lang='grc' dir='ltr'><strong>τοῦ</strong></span> <span class='ocrx_word' id='word_1_170' title='bbox 3423 1367 3563 1420; x_wconf 89' lang='grc' dir='ltr'>Θεοῦ</span> <span class='ocrx_word' id='word_1_171' title='bbox 3599 1383 3726 1438; x_wconf 80' lang='grc' dir='ltr'>πρη-</span> 
     </span>
    </p>
   </div>
   <div class='ocr_carea' id='block_1_22' title="bbox 460 1459 1994 1535">
    <p class='ocr_par' dir='ltr' id='par_1_22' title="bbox 460 1462 1994 1534">
     <span class='ocr_line' id='line_1_22' title="bbox 460 1462 1994 1534; baseline -0.003 -16"><span class='ocrx_word' id='word_1_172' title='bbox 460 1465 658 1520; x_wconf 90' lang='lat' dir='ltr'><strong>acerbe</strong></span> <span class='ocrx_word' id='word_1_173' title='bbox 681 1465 905 1528; x_wconf 83' lang='lat' dir='ltr'><strong>tulisse,</strong></span> <span class='ocrx_word' id='word_1_174' title='bbox 938 1464 1206 1520; x_wconf 82' lang='lat' dir='ltr'><strong>dicentem</strong></span> <span class='ocrx_word' id='word_1_175' title='bbox 1237 1479 1346 1518; x_wconf 92' lang='lat' dir='ltr'><strong>non</strong></span> <span class='ocrx_word' id='word_1_176' title='bbox 1380 1479 1505 1519; x_wconf 91' lang='lat' dir='ltr'><strong>esse</strong></span> <span class='ocrx_word' id='word_1_177' title='bbox 1531 1479 1748 1534; x_wconf 59' lang='lat' dir='ltr'><strong>aequum</strong></span> <span class='ocrx_word' id='word_1_178' title='bbox 1777 1462 1927 1518; x_wconf 85' lang='lat' dir='ltr'><strong>viros</strong></span> <span class='ocrx_word' id='word_1_179' title='bbox 1949 1462 1994 1515; x_wconf 82' lang='lat' dir='ltr'><strong>in</strong></span> 
     </span>
    </p>
   </div>
   <div class='ocr_carea' id='block_1_23' title="bbox 2192 1459 3726 1535">
    <p class='ocr_par' dir='ltr' id='par_1_23' title="bbox 2192 1459 3726 1535">
     <span class='ocr_line' id='line_1_23' title="bbox 2192 1459 3726 1535; baseline -0.014 -4"><span class='ocrx_word' id='word_1_180' title='bbox 2192 1463 2315 1533; x_wconf 76' lang='grc' dir='ltr'>τῆρί</span> <span class='ocrx_word' id='word_1_181' title='bbox 2363 1481 2469 1516; x_wconf 80' lang='grc' dir='ltr'><strong>τινι</strong></span> <span class='ocrx_word' id='word_1_182' title='bbox 2512 1463 2613 1526; x_wconf 75' lang='grc' dir='ltr'>τὰς</span> <span class='ocrx_word' id='word_1_183' title='bbox 2661 1463 2986 1535; x_wconf 77' lang='grc' dir='ltr'>ἀμφοτέρων</span> <span class='ocrx_word' id='word_1_184' title='bbox 3028 1461 3260 1528; x_wconf 74' lang='grc' dir='ltr'>εἰσάπαξ</span> <span class='ocrx_word' id='word_1_185' title='bbox 3307 1459 3553 1530; x_wconf 77' lang='grc' dir='ltr'>ἀνηλεῶς</span> <span class='ocrx_word' id='word_1_186' title='bbox 3598 1460 3726 1512; x_wconf 86' lang='grc' dir='ltr'>ἁπο-</span> 
     </span>
    </p>
   </div>
   <div class='ocr_carea' id='block_1_24' title="bbox 459 1551 1993 1627">
    <p class='ocr_par' dir='ltr' id='par_1_24' title="bbox 459 1555 1993 1627">
     <span class='ocr_line' id='line_1_24' title="bbox 459 1555 1993 1627; baseline -0.003 -17"><span class='ocrx_word' id='word_1_187' title='bbox 459 1557 582 1627; x_wconf 89' lang='lat' dir='ltr'><strong>pios</strong></span> <span class='ocrx_word' id='word_1_188' title='bbox 619 1559 841 1620; x_wconf 89' lang='lat' dir='ltr'><strong>vivere,</strong></span> <span class='ocrx_word' id='word_1_189' title='bbox 882 1565 937 1612; x_wconf 89' lang='lat' dir='ltr'><strong>et</strong></span> <span class='ocrx_word' id='word_1_190' title='bbox 974 1557 1070 1627; x_wconf 88' lang='lat' dir='ltr'><strong>qui</strong></span> <span class='ocrx_word' id='word_1_191' title='bbox 1117 1557 1238 1613; x_wconf 91' lang='lat' dir='ltr'><strong>vias</strong></span> <span class='ocrx_word' id='word_1_192' title='bbox 1291 1555 1508 1610; x_wconf 85' lang='lat' dir='ltr'><strong>Domini</strong></span> <span class='ocrx_word' id='word_1_193' title='bbox 1548 1565 1729 1611; x_wconf 90' lang='lat' dir='ltr'><strong>rectas</strong></span> <span class='ocrx_word' id='word_1_194' title='bbox 1770 1559 1993 1625; x_wconf 46' lang='lat' dir='ltr'><strong>perverti</strong></span> 
     </span>
    </p>
   </div>
   <div class='ocr_carea' id='block_1_25' title="bbox 2189 1551 3723 1627">
    <p class='ocr_par' dir='ltr' id='par_1_25' title="bbox 2189 1551 3723 1622">
     <span class='ocr_line' id='line_1_25' title="bbox 2189 1551 3723 1622; baseline 0 -18"><span class='ocrx_word' id='word_1_195' title='bbox 2189 1553 2360 1606; x_wconf 70' lang='grc' dir='ltr'>παῦσαι</span> <span class='ocrx_word' id='word_1_196' title='bbox 2406 1552 2570 1618; x_wconf 75' lang='grc' dir='ltr'>ζωάς.</span> <span class='ocrx_word' id='word_1_197' title='bbox 2621 1553 2808 1606; x_wconf 87' lang='grc' dir='ltr'>Ταῦτα</span> <span class='ocrx_word' id='word_1_198' title='bbox 2853 1553 2908 1607; x_wconf 85' lang='grc' dir='ltr'><strong>δέ</strong></span> <span class='ocrx_word' id='word_1_199' title='bbox 2956 1552 3166 1618; x_wconf 78' lang='grc' dir='ltr'>εἰπὼν,</span> <span class='ocrx_word' id='word_1_200' title='bbox 3215 1553 3369 1622; x_wconf 73' lang='grc' dir='ltr'>ἔλεγε</span> <span class='ocrx_word' id='word_1_201' title='bbox 3411 1553 3562 1616; x_wconf 75' lang='grc' dir='ltr'>δόξαι</span> <span class='ocrx_word' id='word_1_202' title='bbox 3605 1551 3723 1604; x_wconf 87' lang='grc' dir='ltr'>ἰδεῖν</span> 
     </span>
    </p>
   </div>
   <div class='ocr_carea' id='block_1_26' title="bbox 452 1639 1986 1720">
    <p class='ocr_par' dir='ltr' id='par_1_26' title="bbox 452 1647 1986 1720">
     <span class='ocr_line' id='line_1_26' title="bbox 452 1647 1986 1720; baseline -0.007 -12"><span class='ocrx_word' id='word_1_203' title='bbox 452 1658 623 1716; x_wconf 87' lang='lat' dir='ltr'><strong>J&#39;ent;</strong></span> <span class='ocrx_word' id='word_1_204' title='bbox 660 1649 774 1704; x_wconf 68' lang='lat' dir='ltr'><strong>haec</strong></span> <span class='ocrx_word' id='word_1_205' title='bbox 803 1650 1096 1711; x_wconf 85' lang='lat' dir='ltr'><strong>dicentem,</strong></span> <span class='ocrx_word' id='word_1_206' title='bbox 1129 1656 1411 1720; x_wconf 91' lang='lat' dir='ltr'><strong>precatum</strong></span> <span class='ocrx_word' id='word_1_207' title='bbox 1446 1664 1573 1703; x_wconf 89' lang='lat' dir='ltr'><strong>esse</strong></span> <span class='ocrx_word' id='word_1_208' title='bbox 1618 1664 1648 1702; x_wconf 92' lang='lat' dir='ltr'><strong>a</strong></span> <span class='ocrx_word' id='word_1_209' title='bbox 1681 1647 1812 1712; x_wconf 87' lang='lat' dir='ltr'><strong>Deo,</strong></span> <span class='ocrx_word' id='word_1_210' title='bbox 1849 1655 1907 1700; x_wconf 94' lang='lat' dir='ltr'><strong>ut</strong></span> <span class='ocrx_word' id='word_1_211' title='bbox 1936 1660 1986 1699; x_wconf 80' lang='lat' dir='ltr'><strong>ai</strong></span> 
     </span>
    </p>
   </div>
   <div class='ocr_carea' id='block_1_27' title="bbox 2192 1639 3726 1720">
    <p class='ocr_par' dir='ltr' id='par_1_27' title="bbox 2192 1639 3726 1718">
     <span class='ocr_line' id='line_1_27' title="bbox 2192 1639 3726 1718; baseline -0.001 -21"><span class='ocrx_word' id='word_1_212' title='bbox 2192 1661 2307 1713; x_wconf 78' lang='grc' dir='ltr'><strong>φνω</strong></span> <span class='ocrx_word' id='word_1_213' title='bbox 2334 1644 2426 1698; x_wconf 80' lang='grc' dir='ltr'>τὸν</span> <span class='ocrx_word' id='word_1_214' title='bbox 2455 1641 2604 1699; x_wconf 87' lang='grc' dir='ltr'>οἷκον</span> <span class='ocrx_word' id='word_1_215' title='bbox 2633 1648 2690 1698; x_wconf 90' lang='grc' dir='ltr'><strong>ἐν</strong></span> <span class='ocrx_word' id='word_1_216' title='bbox 2715 1639 2868 1718; x_wconf 76' lang='grc' dir='ltr'>ᾧπερ</span> <span class='ocrx_word' id='word_1_217' title='bbox 2898 1645 3144 1717; x_wconf 73' lang='grc' dir='ltr'>εἱστήκει</span> <span class='ocrx_word' id='word_1_218' title='bbox 3190 1644 3575 1715; x_wconf 80' lang='grc' dir='ltr'>διαδονηθέντα</span> <span class='ocrx_word' id='word_1_219' title='bbox 3609 1643 3726 1713; x_wconf 81' lang='grc' dir='ltr'>πρό-</span> 
     </span>
    </p>
   </div>
   <div class='ocr_carea' id='block_1_28' title="bbox 462 1738 1996 1811">
    <p class='ocr_par' dir='ltr' id='par_1_28' title="bbox 462 1739 1996 1810">
     <span class='ocr_line' id='line_1_28' title="bbox 462 1739 1996 1810; baseline -0.004 -14"><span class='ocrx_word' id='word_1_220' title='bbox 462 1742 656 1796; x_wconf 85' lang='lat' dir='ltr'><strong>borum</strong></span> <span class='ocrx_word' id='word_1_221' title='bbox 691 1742 855 1795; x_wconf 90' lang='lat' dir='ltr'><strong>vitam</strong></span> <span class='ocrx_word' id='word_1_222' title='bbox 887 1741 1005 1797; x_wconf 86' lang='lat' dir='ltr'><strong>sine</strong></span> <span class='ocrx_word' id='word_1_223' title='bbox 1025 1741 1400 1796; x_wconf 81' lang='lat' dir='ltr'><strong>misericordia</strong></span> <span class='ocrx_word' id='word_1_224' title='bbox 1425 1741 1642 1795; x_wconf 82' lang='lat' dir='ltr'><strong>turbine</strong></span> <span class='ocrx_word' id='word_1_225' title='bbox 1677 1740 1859 1810; x_wconf 85' lang='lat' dir='ltr'><strong>aliquo</strong></span> <span class='ocrx_word' id='word_1_226' title='bbox 1892 1739 1996 1808; x_wconf 82' lang='lat' dir='ltr'><strong>igm</strong></span> 
     </span>
    </p>
   </div>
   <div class='ocr_carea' id='block_1_29' title="bbox 2190 1738 3724 1811">
    <p class='ocr_par' dir='ltr' id='par_1_29' title="bbox 2190 1738 3724 1811">
     <span class='ocr_line' id='line_1_29' title="bbox 2190 1738 3724 1811; baseline 0 -21"><span class='ocrx_word' id='word_1_227' title='bbox 2190 1755 2328 1810; x_wconf 90' lang='grc' dir='ltr'>ερον,</span> <span class='ocrx_word' id='word_1_228' title='bbox 2365 1739 2457 1792; x_wconf 67' lang='grc' dir='ltr'>καὶ</span> <span class='ocrx_word' id='word_1_229' title='bbox 2488 1742 2554 1792; x_wconf 86' lang='grc' dir='ltr'><strong>ἐκ</strong></span> <span class='ocrx_word' id='word_1_230' title='bbox 2581 1739 2680 1810; x_wconf 76' lang='grc' dir='ltr'>τῆς</span> <span class='ocrx_word' id='word_1_231' title='bbox 2710 1739 2916 1811; x_wconf 75' lang='grc' dir='ltr'>ὀροφῆς</span> <span class='ocrx_word' id='word_1_232' title='bbox 2943 1742 3023 1804; x_wconf 82' lang='grc' dir='ltr'><strong>είς</strong></span> <span class='ocrx_word' id='word_1_233' title='bbox 3045 1739 3139 1793; x_wconf 79' lang='grc' dir='ltr'>δύο</span> <span class='ocrx_word' id='word_1_234' title='bbox 3171 1739 3332 1810; x_wconf 85' lang='grc' dir='ltr'>μέσον</span> <span class='ocrx_word' id='word_1_235' title='bbox 3357 1738 3724 1810; x_wconf 82' lang='grc' dir='ltr'>διαιρεθέντα,</span> 
     </span>
    </p>
   </div>
   <div class='ocr_carea' id='block_1_30' title="bbox 463 1829 1997 1904">
    <p class='ocr_par' dir='ltr' id='par_1_30' title="bbox 463 1830 1994 1903">
     <span class='ocr_line' id='line_1_30' title="bbox 463 1830 1994 1903; baseline -0.001 -17"><span class='ocrx_word' id='word_1_236' title='bbox 463 1833 828 1903; x_wconf 81' lang='lat' dir='ltr'><strong>abrumperet.</strong></span> <span class='ocrx_word' id='word_1_237' title='bbox 881 1832 1012 1899; x_wconf 78' lang='lat' dir='ltr'><strong>Qua:</strong></span> <span class='ocrx_word' id='word_1_238' title='bbox 1077 1848 1202 1887; x_wconf 90' lang='lat' dir='ltr'><strong>cum</strong></span> <span class='ocrx_word' id='word_1_239' title='bbox 1267 1832 1534 1896; x_wconf 77' lang='lat' dir='ltr'><strong>dixisset,</strong></span> <span class='ocrx_word' id='word_1_240' title='bbox 1591 1830 1994 1887; x_wconf 88' lang='lat' dir='ltr'><strong>commemorab</strong></span> 
     </span>
    </p>
   </div>
   <div class='ocr_carea' id='block_1_31' title="bbox 2189 1829 3723 1904">
    <p class='ocr_par' dir='ltr' id='par_1_31' title="bbox 2192 1829 3723 1904">
     <span class='ocr_line' id='line_1_31' title="bbox 2192 1829 3723 1904; baseline -0.002 -20"><span class='ocrx_word' id='word_1_241' title='bbox 2192 1831 2250 1884; x_wconf 91' lang='grc' dir='ltr'><strong>αί</strong></span> <span class='ocrx_word' id='word_1_242' title='bbox 2293 1848 2415 1884; x_wconf 87' lang='grc' dir='ltr'>τινα</span> <span class='ocrx_word' id='word_1_243' title='bbox 2463 1831 2643 1903; x_wconf 73' lang='grc' dir='ltr'>πυρὰν</span> <span class='ocrx_word' id='word_1_244' title='bbox 2687 1830 3002 1900; x_wconf 75' lang='grc' dir='ltr'>πολύφωτρν</span> <span class='ocrx_word' id='word_1_245' title='bbox 3044 1831 3374 1904; x_wconf 87' lang='grc' dir='ltr'>ἐπίπροσθεν</span> <span class='ocrx_word' id='word_1_246' title='bbox 3404 1830 3609 1894; x_wconf 78' lang='grc' dir='ltr'>αὑτοῦ,</span> <span class='ocrx_word' id='word_1_247' title='bbox 3640 1829 3723 1883; x_wconf 78' lang='grc' dir='ltr'>καὶ</span> 
     </span>
    </p>
   </div>
   <div class='ocr_carea' id='block_1_32' title="bbox 462 1889 1996 1995">
    <p class='ocr_par' dir='ltr' id='par_1_32' title="bbox 462 1923 1996 1995">
     <span class='ocr_line' id='line_1_32' title="bbox 462 1923 1996 1995; baseline -0.003 -13"><span class='ocrx_word' id='word_1_248' title='bbox 462 1940 524 1982; x_wconf 83' lang='lat' dir='ltr'><strong>se</strong></span> <span class='ocrx_word' id='word_1_249' title='bbox 553 1926 734 1981; x_wconf 89' lang='lat' dir='ltr'><strong>visum</strong></span> <span class='ocrx_word' id='word_1_250' title='bbox 765 1941 888 1981; x_wconf 86' lang='lat' dir='ltr'><strong>esse</strong></span> <span class='ocrx_word' id='word_1_251' title='bbox 918 1926 1106 1981; x_wconf 89' lang='lat' dir='ltr'><strong>videre</strong></span> <span class='ocrx_word' id='word_1_252' title='bbox 1135 1933 1363 1995; x_wconf 77' lang='lat' dir='ltr'><strong>repente</strong></span> <span class='ocrx_word' id='word_1_253' title='bbox 1397 1924 1621 1978; x_wconf 92' lang='lat' dir='ltr'><strong>domum</strong></span> <span class='ocrx_word' id='word_1_254' title='bbox 1656 1923 1712 1978; x_wconf 84' lang='lat' dir='ltr'><strong>in</strong></span> <span class='ocrx_word' id='word_1_255' title='bbox 1742 1939 1849 1994; x_wconf 87' lang='lat' dir='ltr'><strong>qua</strong></span> <span class='ocrx_word' id='word_1_256' title='bbox 1879 1934 1996 1978; x_wconf 89' lang='lat' dir='ltr'><strong>star</strong></span> 
     </span>
    </p>
   </div>
   <div class='ocr_carea' id='block_1_33' title="bbox 2191 1889 3725 1995">
    <p class='ocr_par' dir='ltr' id='par_1_33' title="bbox 2191 1889 3725 1994">
     <span class='ocr_line' id='line_1_33' title="bbox 2191 1889 3725 1994; baseline 0 -20"><span class='ocrx_word' id='word_1_257' title='bbox 2191 1921 2357 1993; x_wconf 74' lang='grc' dir='ltr'>αὐτην</span> <span class='ocrx_word' id='word_1_258' title='bbox 2401 1889 2609 1993; x_wconf 78' lang='grc' dir='ltr'>(ἐδόκει</span> <span class='ocrx_word' id='word_1_259' title='bbox 2637 1921 2747 1992; x_wconf 83' lang='grc' dir='ltr'>γὰρ</span> <span class='ocrx_word' id='word_1_260' title='bbox 2795 1889 2981 1976; x_wconf 77' lang='grc' dir='ltr'>λοιπόν</span> <span class='ocrx_word' id='word_1_261' title='bbox 3025 1889 3289 1994; x_wconf 74' lang='grc' dir='ltr'>ὕπαιθρος</span> <span class='ocrx_word' id='word_1_262' title='bbox 3337 1925 3366 1977; x_wconf 85' lang='grc' dir='ltr'><strong>ὀ</strong></span> <span class='ocrx_word' id='word_1_263' title='bbox 3399 1889 3624 1991; x_wconf 58' lang='lat' dir='ltr'><strong>sonaci,</strong></span> <span class='ocrx_word' id='word_1_264' title='bbox 3667 1924 3725 1974; x_wconf 83' lang='grc' dir='ltr'><strong>ἐκ</strong></span> 
     </span>
    </p>
   </div>
   <div class='ocr_carea' id='block_1_34' title="bbox 461 2011 1995 2088">
    <p class='ocr_par' dir='ltr' id='par_1_34' title="bbox 461 2017 1995 2088">
     <span class='ocr_line' id='line_1_34' title="bbox 461 2017 1995 2088; baseline -0.001 -18"><span class='ocrx_word' id='word_1_265' title='bbox 461 2018 659 2088; x_wconf 86' lang='lat' dir='ltr'><strong>agitari</strong></span> <span class='ocrx_word' id='word_1_266' title='bbox 689 2019 968 2088; x_wconf 89' lang='lat' dir='ltr'><strong>primum,</strong></span> <span class='ocrx_word' id='word_1_267' title='bbox 1000 2019 1202 2074; x_wconf 87' lang='lat' dir='ltr'><strong>deinde</strong></span> <span class='ocrx_word' id='word_1_268' title='bbox 1250 2033 1280 2071; x_wconf 92' lang='lat' dir='ltr'><strong>a</strong></span> <span class='ocrx_word' id='word_1_269' title='bbox 1324 2019 1531 2073; x_wconf 86' lang='lat' dir='ltr'><strong>vertice</strong></span> <span class='ocrx_word' id='word_1_270' title='bbox 1578 2018 1636 2072; x_wconf 92' lang='lat' dir='ltr'><strong>in</strong></span> <span class='ocrx_word' id='word_1_271' title='bbox 1685 2017 1824 2072; x_wconf 90' lang='lat' dir='ltr'><strong>duas</strong></span> <span class='ocrx_word' id='word_1_272' title='bbox 1870 2023 1995 2088; x_wconf 47' lang='lat' dir='ltr'><strong>parti</strong></span> 
     </span>
    </p>
   </div>
   <div class='ocr_carea' id='block_1_35' title="bbox 2186 2011 3720 2088">
    <p class='ocr_par' dir='ltr' id='par_1_35' title="bbox 2186 2011 3720 2085">
     <span class='ocr_line' id='line_1_35' title="bbox 2186 2011 3720 2085; baseline -0.001 -19"><span class='ocrx_word' id='word_1_273' title='bbox 2186 2013 2244 2066; x_wconf 87' lang='grc' dir='ltr'><strong>οῦ</strong></span> <span class='ocrx_word' id='word_1_274' title='bbox 2295 2012 2544 2084; x_wconf 79' lang='grc' dir='ltr'>οὐρανίου</span> <span class='ocrx_word' id='word_1_275' title='bbox 2589 2012 2765 2085; x_wconf 88' lang='grc' dir='ltr'>χώρου</span> <span class='ocrx_word' id='word_1_276' title='bbox 2801 2013 2991 2085; x_wconf 84' lang='grc' dir='ltr'>μέχρις</span> <span class='ocrx_word' id='word_1_277' title='bbox 3019 2013 3184 2069; x_wconf 83' lang='grc' dir='ltr'>αὺτοῦ</span> <span class='ocrx_word' id='word_1_278' title='bbox 3229 2011 3681 2084; x_wconf 79' lang='grc' dir='ltr'>καταφερομένην</span> <span class='ocrx_word' id='word_1_279' title='bbox 3707 2028 3720 2042; x_wconf 73' lang='grc' dir='ltr'><strong>ο</strong></span> 
     </span>
    </p>
   </div>
   <div class='ocr_carea' id='block_1_36' title="bbox 460 2104 1994 2182">
    <p class='ocr_par' dir='ltr' id='par_1_36' title="bbox 460 2109 1993 2182">
     <span class='ocr_line' id='line_1_36' title="bbox 460 2109 1993 2182; baseline 0 -20"><span class='ocrx_word' id='word_1_280' title='bbox 460 2109 721 2166; x_wconf 84' lang='lat' dir='ltr'><strong>dimidias</strong></span> <span class='ocrx_word' id='word_1_281' title='bbox 749 2110 947 2174; x_wconf 85' lang='lat' dir='ltr'><strong>dividi,</strong></span> <span class='ocrx_word' id='word_1_282' title='bbox 979 2119 1034 2167; x_wconf 91' lang='lat' dir='ltr'><strong>et</strong></span> <span class='ocrx_word' id='word_1_283' title='bbox 1067 2120 1193 2167; x_wconf 87' lang='lat' dir='ltr'><strong>ante</strong></span> <span class='ocrx_word' id='word_1_284' title='bbox 1237 2127 1296 2167; x_wconf 87' lang='lat' dir='ltr'><strong>se</strong></span> <span class='ocrx_word' id='word_1_285' title='bbox 1327 2127 1518 2182; x_wconf 82' lang='lat' dir='ltr'><strong>rogum</strong></span> <span class='ocrx_word' id='word_1_286' title='bbox 1550 2111 1838 2182; x_wconf 88' lang='lat' dir='ltr'><strong>quemdam</strong></span> <span class='ocrx_word' id='word_1_287' title='bbox 1870 2125 1993 2178; x_wconf 90' lang='lat' dir='ltr'><strong>mag</strong></span> 
     </span>
    </p>
   </div>
   <div class='ocr_carea' id='block_1_37' title="bbox 2189 2104 3723 2182">
    <p class='ocr_par' dir='ltr' id='par_1_37' title="bbox 2189 2104 3723 2178">
     <span class='ocr_line' id='line_1_37' title="bbox 2189 2104 3723 2178; baseline 0 -20"><span class='ocrx_word' id='word_1_288' title='bbox 2189 2106 2242 2158; x_wconf 76' lang='grc' dir='ltr'>ὸν</span> <span class='ocrx_word' id='word_1_289' title='bbox 2286 2106 2344 2160; x_wconf 84' lang='grc' dir='ltr'><strong>δέ</strong></span> <span class='ocrx_word' id='word_1_290' title='bbox 2387 2105 2617 2178; x_wconf 78' lang='grc' dir='ltr'>οὐρανὸν</span> <span class='ocrx_word' id='word_1_291' title='bbox 2665 2106 2826 2159; x_wconf 85' lang='grc' dir='ltr'>αὐτὸν</span> <span class='ocrx_word' id='word_1_292' title='bbox 2867 2107 3339 2176; x_wconf 85' lang='grc' dir='ltr'>ἀναπεπταμένον,</span> <span class='ocrx_word' id='word_1_293' title='bbox 3372 2105 3467 2159; x_wconf 73' lang='grc' dir='ltr'><strong>καὶ</strong></span> <span class='ocrx_word' id='word_1_294' title='bbox 3510 2106 3604 2159; x_wconf 74' lang='grc' dir='ltr'>ἐπὶ</span> <span class='ocrx_word' id='word_1_295' title='bbox 3650 2104 3723 2175; x_wconf 83' lang='grc' dir='ltr'>τῷ</span> 
     </span>
    </p>
   </div>
   <div class='ocr_carea' id='block_1_38' title="bbox 460 2196 1994 2274">
    <p class='ocr_par' dir='ltr' id='par_1_38' title="bbox 460 2201 1994 2274">
     <span class='ocr_line' id='line_1_38' title="bbox 460 2201 1994 2274; baseline 0 -20"><span class='ocrx_word' id='word_1_296' title='bbox 460 2201 725 2267; x_wconf 87' lang='lat' dir='ltr'><strong>luminis,</strong></span> <span class='ocrx_word' id='word_1_297' title='bbox 757 2217 994 2272; x_wconf 87' lang='lat' dir='ltr'><strong>eumque</strong></span> <span class='ocrx_word' id='word_1_298' title='bbox 1019 2204 1040 2274; x_wconf 92' lang='lat'><strong>(</strong></span> <span class='ocrx_word' id='word_1_299' title='bbox 1067 2203 1172 2259; x_wconf 91' lang='lat' dir='ltr'><strong>sub</strong></span> <span class='ocrx_word' id='word_1_300' title='bbox 1210 2203 1302 2257; x_wconf 92' lang='lat' dir='ltr'><strong>dio</strong></span> <span class='ocrx_word' id='word_1_301' title='bbox 1331 2203 1476 2258; x_wconf 90' lang='lat' dir='ltr'><strong>enim</strong></span> <span class='ocrx_word' id='word_1_302' title='bbox 1508 2203 1663 2258; x_wconf 90' lang='lat' dir='ltr'><strong>locus</strong></span> <span class='ocrx_word' id='word_1_303' title='bbox 1695 2203 1785 2256; x_wconf 90' lang='lat' dir='ltr'><strong>ille</strong></span> <span class='ocrx_word' id='word_1_304' title='bbox 1815 2215 1940 2256; x_wconf 88' lang='lat' dir='ltr'><strong>esse</strong></span> <span class='ocrx_word' id='word_1_305' title='bbox 1970 2218 1994 2254; x_wconf 84' lang='lat' dir='ltr'><strong>v</strong></span> 
     </span>
    </p>
   </div>
   <div class='ocr_carea' id='block_1_39' title="bbox 2191 2196 3725 2274">
    <p class='ocr_par' dir='ltr' id='par_1_39' title="bbox 2191 2196 3725 2269">
     <span class='ocr_line' id='line_1_39' title="bbox 2191 2196 3725 2269; baseline 0 -20"><span class='ocrx_word' id='word_1_306' title='bbox 2191 2196 2306 2269; x_wconf 78' lang='grc' dir='ltr'><strong>ώτῳ</strong></span> <span class='ocrx_word' id='word_1_307' title='bbox 2334 2197 2429 2250; x_wconf 94' lang='grc' dir='ltr'><strong>τοῦ</strong></span> <span class='ocrx_word' id='word_1_308' title='bbox 2471 2197 2700 2269; x_wconf 83' lang='grc' dir='ltr'>οὐρανοῦ</span> <span class='ocrx_word' id='word_1_309' title='bbox 2742 2197 2834 2251; x_wconf 82' lang='grc' dir='ltr'>τὸν</span> <span class='ocrx_word' id='word_1_310' title='bbox 2878 2197 3116 2269; x_wconf 77' lang='grc' dir='ltr'>Ἰησοῦν,</span> <span class='ocrx_word' id='word_1_311' title='bbox 3162 2197 3407 2269; x_wconf 79' lang='grc' dir='ltr'>ἀπείρων</span> <span class='ocrx_word' id='word_1_312' title='bbox 3446 2197 3725 2268; x_wconf 86' lang='grc' dir='ltr'>ἀνθρωπο-</span> 
     </span>
    </p>
   </div>
   <div class='ocr_carea' id='block_1_40' title="bbox 459 2290 1993 2365">
    <p class='ocr_par' dir='ltr' id='par_1_40' title="bbox 459 2290 1989 2365">
     <span class='ocr_line' id='line_1_40' title="bbox 459 2290 1989 2365; baseline 0.001 -21"><span class='ocrx_word' id='word_1_313' title='bbox 459 2290 734 2364; x_wconf 86' lang='lat' dir='ltr'><strong>dehatur)</strong></span> <span class='ocrx_word' id='word_1_314' title='bbox 765 2308 797 2348; x_wconf 86' lang='lat' dir='ltr'><strong>e</strong></span> <span class='ocrx_word' id='word_1_315' title='bbox 823 2293 965 2348; x_wconf 70' lang='lat' dir='ltr'><strong>coelo</strong></span> <span class='ocrx_word' id='word_1_316' title='bbox 994 2309 1170 2364; x_wconf 91' lang='lat' dir='ltr'><strong>usque</strong></span> <span class='ocrx_word' id='word_1_317' title='bbox 1201 2294 1268 2348; x_wconf 94' lang='lat' dir='ltr'><strong>ad</strong></span> <span class='ocrx_word' id='word_1_318' title='bbox 1301 2295 1544 2365; x_wconf 86' lang='lat' dir='ltr'><strong>seipsum</strong></span> <span class='ocrx_word' id='word_1_319' title='bbox 1576 2293 1778 2348; x_wconf 80' lang='lat' dir='ltr'><strong>deferri</strong></span> <span class='ocrx_word' id='word_1_320' title='bbox 1805 2313 1818 2348; x_wconf 93' lang='lat'>:</span> <span class='ocrx_word' id='word_1_321' title='bbox 1847 2292 1989 2347; x_wconf 77' lang='lat' dir='ltr'><strong>ccelu</strong></span> 
     </span>
    </p>
   </div>
   <div class='ocr_carea' id='block_1_41' title="bbox 2193 2290 3727 2365">
    <p class='ocr_par' dir='ltr' id='par_1_41' title="bbox 2193 2291 3727 2364">
     <span class='ocr_line' id='line_1_41' title="bbox 2193 2291 3727 2364; baseline 0 -20"><span class='ocrx_word' id='word_1_322' title='bbox 2193 2291 2308 2344; x_wconf 76' lang='grc' dir='ltr'>ιδῶν</span> <span class='ocrx_word' id='word_1_323' title='bbox 2347 2292 2496 2362; x_wconf 87' lang='grc' dir='ltr'><strong>αὑτῷ</strong></span> <span class='ocrx_word' id='word_1_324' title='bbox 2535 2293 2958 2364; x_wconf 84' lang='grc' dir='ltr'>παρεστηκότων</span> <span class='ocrx_word' id='word_1_325' title='bbox 3001 2292 3266 2362; x_wconf 87' lang='grc' dir='ltr'>ἀγγέλων.</span> <span class='ocrx_word' id='word_1_326' title='bbox 3291 2291 3403 2344; x_wconf 68' lang='grc' dir='ltr'><strong>Καὶ</strong></span> <span class='ocrx_word' id='word_1_327' title='bbox 3427 2291 3603 2344; x_wconf 88' lang='grc' dir='ltr'>ταῦτα</span> <span class='ocrx_word' id='word_1_328' title='bbox 3637 2291 3727 2361; x_wconf 90' lang='grc' dir='ltr'><strong>μέν</strong></span> 
     </span>
    </p>
   </div>
   <div class='ocr_carea' id='block_1_42' title="bbox 353 2379 1887 2455">
    <p class='ocr_par' dir='ltr' id='par_1_42' title="bbox 353 2382 1886 2453">
     <span class='ocr_line' id='line_1_42' title="bbox 353 2382 1886 2453; baseline 0 -18"><span class='ocrx_word' id='word_1_329' title='bbox 353 2441 358 2445; x_wconf 90' lang='lat'>_</span> <span class='ocrx_word' id='word_1_330' title='bbox 457 2395 591 2435; x_wconf 83' lang='lat' dir='ltr'><strong>vero</strong></span> <span class='ocrx_word' id='word_1_331' title='bbox 631 2389 920 2450; x_wconf 85' lang='lat' dir='ltr'><strong>apertum,</strong></span> <span class='ocrx_word' id='word_1_332' title='bbox 964 2389 1019 2437; x_wconf 93' lang='lat' dir='ltr'><strong>et</strong></span> <span class='ocrx_word' id='word_1_333' title='bbox 1065 2384 1121 2437; x_wconf 90' lang='lat' dir='ltr'><strong>in</strong></span> <span class='ocrx_word' id='word_1_334' title='bbox 1169 2398 1412 2437; x_wconf 78' lang='lat' dir='ltr'><strong>convexa</strong></span> <span class='ocrx_word' id='word_1_335' title='bbox 1456 2383 1581 2437; x_wconf 67' lang='lat' dir='ltr'><strong>caeli</strong></span> <span class='ocrx_word' id='word_1_336' title='bbox 1628 2382 1886 2453; x_wconf 79' lang='lat' dir='ltr'><strong>superlici</strong></span> 
     </span>
    </p>
   </div>
   <div class='ocr_carea' id='block_1_43' title="bbox 2191 2379 3725 2455">
    <p class='ocr_par' dir='ltr' id='par_1_43' title="bbox 2191 2379 3725 2455">
     <span class='ocr_line' id='line_1_43' title="bbox 2191 2379 3725 2455; baseline -0.001 -20"><span class='ocrx_word' id='word_1_337' title='bbox 2191 2382 2359 2436; x_wconf 92' lang='grc' dir='ltr'>νωθεν</span> <span class='ocrx_word' id='word_1_338' title='bbox 2409 2383 2676 2455; x_wconf 76' lang='grc' dir='ltr'>ὁρᾶσθαι,</span> <span class='ocrx_word' id='word_1_339' title='bbox 2736 2383 2830 2438; x_wconf 73' lang='grc' dir='ltr'>καὶ</span> <span class='ocrx_word' id='word_1_340' title='bbox 2885 2382 3046 2436; x_wconf 76' lang='grc' dir='ltr'>αὐτὸν</span> <span class='ocrx_word' id='word_1_341' title='bbox 3088 2379 3428 2452; x_wconf 77' lang='grc' dir='ltr'>θαυμάζειν·</span> <span class='ocrx_word' id='word_1_342' title='bbox 3474 2381 3626 2434; x_wconf 84' lang='grc' dir='ltr'>κάτω</span> <span class='ocrx_word' id='word_1_343' title='bbox 3673 2380 3725 2434; x_wconf 85' lang='grc' dir='ltr'>δὲ</span> 
     </span>
    </p>
   </div>
   <div class='ocr_carea' id='block_1_44' title="bbox 457 2471 1991 2548">
    <p class='ocr_par' dir='ltr' id='par_1_44' title="bbox 457 2473 1991 2544">
     <span class='ocr_line' id='line_1_44' title="bbox 457 2473 1991 2544; baseline 0 -18"><span class='ocrx_word' id='word_1_344' title='bbox 457 2487 616 2536; x_wconf 88' lang='lat' dir='ltr'><strong>sum,</strong></span> <span class='ocrx_word' id='word_1_345' title='bbox 657 2474 1048 2529; x_wconf 87' lang='lat' dir='ltr'><strong>assistentibus</strong></span> <span class='ocrx_word' id='word_1_346' title='bbox 1106 2474 1600 2531; x_wconf 89' lang='lat' dir='ltr'><strong>innumerabilibus</strong></span> <span class='ocrx_word' id='word_1_347' title='bbox 1650 2473 1861 2544; x_wconf 81' lang='lat' dir='ltr'><strong>angelis</strong></span> <span class='ocrx_word' id='word_1_348' title='bbox 1890 2515 1906 2540; x_wconf 89' lang='lat'><strong>,</strong></span> <span class='ocrx_word' id='word_1_349' title='bbox 1950 2473 1991 2526; x_wconf 41' lang='lat' dir='ltr'><strong>hi</strong></span> 
     </span>
    </p>
   </div>
   <div class='ocr_carea' id='block_1_45' title="bbox 2193 2471 3727 2548">
    <p class='ocr_par' dir='ltr' id='par_1_45' title="bbox 2193 2471 3727 2548">
     <span class='ocr_line' id='line_1_45' title="bbox 2193 2471 3727 2548; baseline -0.001 -22"><span class='ocrx_word' id='word_1_350' title='bbox 2193 2473 2330 2544; x_wconf 68' lang='grc' dir='ltr'>ύψας</span> <span class='ocrx_word' id='word_1_351' title='bbox 2358 2477 2387 2530; x_wconf 85' lang='grc' dir='ltr'>ὁ</span> <span class='ocrx_word' id='word_1_352' title='bbox 2415 2476 2641 2546; x_wconf 81' lang='grc' dir='ltr'>Κάρπος</span> <span class='ocrx_word' id='word_1_353' title='bbox 2662 2515 2678 2540; x_wconf 92' lang='grc'><strong>,</strong></span> <span class='ocrx_word' id='word_1_354' title='bbox 2725 2475 2852 2530; x_wconf 73' lang='grc' dir='ltr'>ἰδεῖν</span> <span class='ocrx_word' id='word_1_355' title='bbox 2880 2474 2983 2548; x_wconf 76' lang='grc' dir='ltr'>ἔφη</span> <span class='ocrx_word' id='word_1_356' title='bbox 3013 2474 3108 2528; x_wconf 82' lang='grc' dir='ltr'>καὶ</span> <span class='ocrx_word' id='word_1_357' title='bbox 3134 2471 3399 2543; x_wconf 71' lang='grc' dir='ltr'>τοῦδαφος</span> <span class='ocrx_word' id='word_1_358' title='bbox 3427 2472 3559 2526; x_wconf 78' lang='grc' dir='ltr'>αὐτὸ</span> <span class='ocrx_word' id='word_1_359' title='bbox 3601 2472 3727 2543; x_wconf 76' lang='grc' dir='ltr'>πρὸς</span> 
     </span>
    </p>
   </div>
   <div class='ocr_carea' id='block_1_46' title="bbox 456 2565 1990 2640">
    <p class='ocr_par' dir='ltr' id='par_1_46' title="bbox 456 2565 1990 2636">
     <span class='ocr_line' id='line_1_46' title="bbox 456 2565 1990 2636; baseline 0.003 -20"><span class='ocrx_word' id='word_1_360' title='bbox 456 2565 665 2617; x_wconf 76' lang='grc' dir='ltr'>ιυῐηυιη</span> <span class='ocrx_word' id='word_1_361' title='bbox 699 2565 870 2635; x_wconf 84' lang='lat' dir='ltr'><strong>ﬁgura</strong></span> <span class='ocrx_word' id='word_1_362' title='bbox 897 2575 952 2620; x_wconf 90' lang='lat' dir='ltr'><strong>et</strong></span> <span class='ocrx_word' id='word_1_363' title='bbox 985 2567 1186 2634; x_wconf 90' lang='lat' dir='ltr'><strong>specie.</strong></span> <span class='ocrx_word' id='word_1_364' title='bbox 1237 2565 1416 2636; x_wconf 81' lang='lat' dir='ltr'><strong>Atque</strong></span> <span class='ocrx_word' id='word_1_365' title='bbox 1448 2567 1564 2620; x_wconf 72' lang='lat' dir='ltr'><strong>hzec</strong></span> <span class='ocrx_word' id='word_1_366' title='bbox 1591 2566 1816 2635; x_wconf 82' lang='lat' dir='ltr'><strong>quidem</strong></span> <span class='ocrx_word' id='word_1_367' title='bbox 1845 2581 1876 2618; x_wconf 90' lang='lat' dir='ltr'><strong>a</strong></span> <span class='ocrx_word' id='word_1_368' title='bbox 1907 2581 1990 2620; x_wconf 72' lang='lat' dir='ltr'><strong>ea:</strong></span> 
     </span>
    </p>
   </div>
   <div class='ocr_carea' id='block_1_47' title="bbox 2193 2565 3727 2640">
    <p class='ocr_par' dir='ltr' id='par_1_47' title="bbox 2193 2565 3727 2640">
     <span class='ocr_line' id='line_1_47' title="bbox 2193 2565 3727 2640; baseline -0.003 -18"><span class='ocrx_word' id='word_1_369' title='bbox 2193 2569 2348 2638; x_wconf 85' lang='grc' dir='ltr'>χανές</span> <span class='ocrx_word' id='word_1_370' title='bbox 2393 2586 2448 2622; x_wconf 92' lang='grc' dir='ltr'><strong>τι</strong></span> <span class='ocrx_word' id='word_1_371' title='bbox 2493 2568 2680 2640; x_wconf 82' lang='grc' dir='ltr'>χάσμα</span> <span class='ocrx_word' id='word_1_372' title='bbox 2721 2568 2814 2622; x_wconf 79' lang='grc' dir='ltr'><strong>καὶ</strong></span> <span class='ocrx_word' id='word_1_373' title='bbox 2859 2566 3136 2621; x_wconf 68' lang='grc' dir='ltr'>σκοτεινὸν</span> <span class='ocrx_word' id='word_1_374' title='bbox 3179 2566 3609 2637; x_wconf 67' lang='grc' dir='ltr'>διερῤηγμὲνοψ</span> <span class='ocrx_word' id='word_1_375' title='bbox 3642 2565 3727 2618; x_wconf 77' lang='grc' dir='ltr'>καὶ</span> 
     </span>
    </p>
   </div>
   <div class='ocr_carea' id='block_1_48' title="bbox 456 2657 1990 2736">
    <p class='ocr_par' dir='ltr' id='par_1_48' title="bbox 456 2657 1990 2732">
     <span class='ocr_line' id='line_1_48' title="bbox 456 2657 1990 2732; baseline 0.003 -21"><span class='ocrx_word' id='word_1_376' title='bbox 456 2657 633 2712; x_wconf 86' lang='lat' dir='ltr'><strong>videri</strong></span> <span class='ocrx_word' id='word_1_377' title='bbox 672 2673 884 2712; x_wconf 87' lang='lat' dir='ltr'><strong>summa</strong></span> <span class='ocrx_word' id='word_1_378' title='bbox 934 2674 1061 2713; x_wconf 92' lang='lat' dir='ltr'><strong>cum</strong></span> <span class='ocrx_word' id='word_1_379' title='bbox 1109 2674 1208 2732; x_wconf 77' lang='lat' dir='ltr'><strong>sua</strong></span> <span class='ocrx_word' id='word_1_380' title='bbox 1256 2661 1639 2715; x_wconf 89' lang='lat' dir='ltr'><strong>admiratione.</strong></span> <span class='ocrx_word' id='word_1_381' title='bbox 1686 2659 1824 2714; x_wconf 83' lang='lat' dir='ltr'><strong>Cum</strong></span> <span class='ocrx_word' id='word_1_382' title='bbox 1867 2669 1990 2715; x_wconf 90' lang='lat' dir='ltr'><strong>aute</strong></span> 
     </span>
    </p>
   </div>
   <div class='ocr_carea' id='block_1_49' title="bbox 2192 2657 3726 2736">
    <p class='ocr_par' dir='ltr' id='par_1_49' title="bbox 2192 2659 3726 2736">
     <span class='ocr_line' id='line_1_49' title="bbox 2192 2659 3726 2736; baseline -0.003 -20"><span class='ocrx_word' id='word_1_383' title='bbox 2192 2664 2277 2728; x_wconf 67' lang='grc' dir='ltr'>οὓς</span> <span class='ocrx_word' id='word_1_384' title='bbox 2312 2663 2409 2734; x_wconf 89' lang='grc' dir='ltr'>μὲν</span> <span class='ocrx_word' id='word_1_385' title='bbox 2439 2664 2639 2736; x_wconf 79' lang='grc' dir='ltr'>ἄνδρας</span> <span class='ocrx_word' id='word_1_386' title='bbox 2667 2663 2910 2727; x_wconf 88' lang='grc' dir='ltr'>ἐκείνους</span> <span class='ocrx_word' id='word_1_387' title='bbox 2932 2704 2946 2727; x_wconf 95' lang='grc'><strong>,</strong></span> <span class='ocrx_word' id='word_1_388' title='bbox 2977 2659 3059 2728; x_wconf 73' lang='grc' dir='ltr'>οἷς</span> <span class='ocrx_word' id='word_1_389' title='bbox 3097 2665 3342 2734; x_wconf 82' lang='grc' dir='ltr'>ἐπηρᾶτο</span> <span class='ocrx_word' id='word_1_390' title='bbox 3361 2703 3376 2726; x_wconf 91' lang='grc'><strong>,</strong></span> <span class='ocrx_word' id='word_1_391' title='bbox 3422 2661 3532 2732; x_wconf 68' lang='grc' dir='ltr'><strong>πρὸ</strong></span> <span class='ocrx_word' id='word_1_392' title='bbox 3572 2659 3726 2714; x_wconf 76' lang='grc' dir='ltr'>αὑτοῦ</span> 
     </span>
    </p>
   </div>
   <div class='ocr_carea' id='block_1_50' title="bbox 458 2745 1992 2826">
    <p class='ocr_par' dir='ltr' id='par_1_50' title="bbox 458 2745 1988 2816">
     <span class='ocr_line' id='line_1_50' title="bbox 458 2745 1988 2816; baseline 0 -16"><span class='ocrx_word' id='word_1_393' title='bbox 458 2745 578 2816; x_wconf 88' lang='lat' dir='ltr'><strong>ipse</strong></span> <span class='ocrx_word' id='word_1_394' title='bbox 606 2746 865 2802; x_wconf 87' lang='lat' dir='ltr'><strong>deorsum</strong></span> <span class='ocrx_word' id='word_1_395' title='bbox 896 2748 1088 2803; x_wconf 89' lang='lat' dir='ltr'><strong>oculos</strong></span> <span class='ocrx_word' id='word_1_396' title='bbox 1119 2750 1488 2803; x_wconf 87' lang='lat' dir='ltr'><strong>convertisset</strong></span> <span class='ocrx_word' id='word_1_397' title='bbox 1507 2788 1523 2812; x_wconf 95' lang='lat'><strong>,</strong></span> <span class='ocrx_word' id='word_1_398' title='bbox 1553 2763 1785 2802; x_wconf 90' lang='lat' dir='ltr'><strong>cernere</strong></span> <span class='ocrx_word' id='word_1_399' title='bbox 1813 2762 1872 2801; x_wconf 91' lang='lat' dir='ltr'><strong>se</strong></span> <span class='ocrx_word' id='word_1_400' title='bbox 1901 2745 1988 2800; x_wconf 90' lang='lat' dir='ltr'><strong>dic</strong></span> 
     </span>
    </p>
   </div>
   <div class='ocr_carea' id='block_1_51' title="bbox 2194 2745 3728 2826">
    <p class='ocr_par' dir='ltr' id='par_1_51' title="bbox 2194 2749 3728 2826">
     <span class='ocr_line' id='line_1_51' title="bbox 2194 2749 3728 2826; baseline -0.005 -17"><span class='ocrx_word' id='word_1_401' title='bbox 2194 2755 2292 2810; x_wconf 79' lang='grc' dir='ltr'><strong>ατά</strong></span> <span class='ocrx_word' id='word_1_402' title='bbox 2325 2755 2386 2808; x_wconf 78' lang='grc' dir='ltr'>τὸ</span> <span class='ocrx_word' id='word_1_403' title='bbox 2417 2755 2636 2826; x_wconf 82' lang='grc' dir='ltr'>στόμιον</span> <span class='ocrx_word' id='word_1_404' title='bbox 2664 2755 2952 2826; x_wconf 83' lang='grc' dir='ltr'>ἐστηκέναι</span> <span class='ocrx_word' id='word_1_405' title='bbox 2989 2754 3086 2808; x_wconf 90' lang='grc' dir='ltr'><strong>τοῦ</strong></span> <span class='ocrx_word' id='word_1_406' title='bbox 3136 2755 3418 2825; x_wconf 81' lang='grc' dir='ltr'>χάσματος</span> <span class='ocrx_word' id='word_1_407' title='bbox 3437 2792 3452 2816; x_wconf 95' lang='grc'><strong>,</strong></span> <span class='ocrx_word' id='word_1_408' title='bbox 3503 2749 3728 2821; x_wconf 82' lang='grc' dir='ltr'>ὑποτρό-</span> 
     </span>
    </p>
   </div>
   <div class='ocr_carea' id='block_1_52' title="bbox 456 2833 1990 2916">
    <p class='ocr_par' dir='ltr' id='par_1_52' title="bbox 456 2833 1990 2907">
     <span class='ocr_line' id='line_1_52' title="bbox 456 2833 1990 2907; baseline -0.004 -14"><span class='ocrx_word' id='word_1_409' title='bbox 456 2837 553 2893; x_wconf 90' lang='lat' dir='ltr'><strong>bat</strong></span> <span class='ocrx_word' id='word_1_410' title='bbox 579 2837 744 2892; x_wconf 89' lang='lat' dir='ltr'><strong>etiam</strong></span> <span class='ocrx_word' id='word_1_411' title='bbox 775 2844 980 2892; x_wconf 90' lang='lat' dir='ltr'><strong>terram</strong></span> <span class='ocrx_word' id='word_1_412' title='bbox 1015 2837 1191 2907; x_wconf 86' lang='lat' dir='ltr'><strong>ipsam</strong></span> <span class='ocrx_word' id='word_1_413' title='bbox 1232 2837 1308 2890; x_wconf 91' lang='lat' dir='ltr'><strong>ita</strong></span> <span class='ocrx_word' id='word_1_414' title='bbox 1345 2835 1712 2898; x_wconf 86' lang='lat' dir='ltr'><strong>discessisse,</strong></span> <span class='ocrx_word' id='word_1_415' title='bbox 1751 2842 1810 2888; x_wconf 88' lang='lat' dir='ltr'><strong>ut</strong></span> <span class='ocrx_word' id='word_1_416' title='bbox 1849 2833 1990 2889; x_wconf 69' lang='lat' dir='ltr'><strong>obsm</strong></span> 
     </span>
    </p>
   </div>
   <div class='ocr_carea' id='block_1_53' title="bbox 2194 2833 3728 2916">
    <p class='ocr_par' dir='ltr' id='par_1_53' title="bbox 2195 2843 3728 2916">
     <span class='ocr_line' id='line_1_53' title="bbox 2195 2843 3728 2916; baseline -0.002 -18"><span class='ocrx_word' id='word_1_417' title='bbox 2195 2862 2323 2910; x_wconf 87' lang='grc' dir='ltr'>ους,</span> <span class='ocrx_word' id='word_1_418' title='bbox 2367 2846 2670 2911; x_wconf 72' lang='grc' dir='ltr'>ἐλεεινοὺς,</span> <span class='ocrx_word' id='word_1_419' title='bbox 2720 2847 2844 2900; x_wconf 78' lang='grc' dir='ltr'>ὅσον</span> <span class='ocrx_word' id='word_1_420' title='bbox 2891 2845 3044 2900; x_wconf 71' lang='grc' dir='ltr'>οὔπω</span> <span class='ocrx_word' id='word_1_421' title='bbox 3093 2845 3581 2916; x_wconf 83' lang='grc' dir='ltr'>καταφερομένους</span> <span class='ocrx_word' id='word_1_422' title='bbox 3633 2843 3728 2896; x_wconf 79' lang='grc' dir='ltr'>ὑπὸ</span> 
     </span>
    </p>
   </div>
   <div class='ocr_carea' id='block_1_54' title="bbox 457 2925 1991 3008">
    <p class='ocr_par' dir='ltr' id='par_1_54' title="bbox 457 2925 1987 2998">
     <span class='ocr_line' id='line_1_54' title="bbox 457 2925 1987 2998; baseline -0.001 -18"><span class='ocrx_word' id='word_1_423' title='bbox 457 2943 556 2983; x_wconf 88' lang='lat' dir='ltr'><strong>rus</strong></span> <span class='ocrx_word' id='word_1_424' title='bbox 584 2927 809 2998; x_wconf 89' lang='lat' dir='ltr'><strong>quidam</strong></span> <span class='ocrx_word' id='word_1_425' title='bbox 847 2937 905 2984; x_wconf 93' lang='lat' dir='ltr'><strong>et</strong></span> <span class='ocrx_word' id='word_1_426' title='bbox 941 2928 1328 2984; x_wconf 88' lang='lat' dir='ltr'><strong>tenebricosus</strong></span> <span class='ocrx_word' id='word_1_427' title='bbox 1368 2927 1553 2983; x_wconf 87' lang='lat' dir='ltr'><strong>hiatus</strong></span> <span class='ocrx_word' id='word_1_428' title='bbox 1591 2927 1859 2982; x_wconf 78' lang='lat' dir='ltr'><strong>exsistere</strong></span> <span class='ocrx_word' id='word_1_429' title='bbox 1897 2925 1987 2980; x_wconf 89' lang='lat' dir='ltr'><strong>vid</strong></span> 
     </span>
    </p>
   </div>
   <div class='ocr_carea' id='block_1_55' title="bbox 2194 2925 3728 3008">
    <p class='ocr_par' dir='ltr' id='par_1_55' title="bbox 2194 2935 3728 3008">
     <span class='ocr_line' id='line_1_55' title="bbox 2194 2935 3728 3008; baseline -0.003 -17"><span class='ocrx_word' id='word_1_430' title='bbox 2194 2939 2252 3008; x_wconf 77' lang='grc' dir='ltr'>ἧς</span> <span class='ocrx_word' id='word_1_431' title='bbox 2280 2938 2390 2991; x_wconf 90' lang='grc' dir='ltr'><strong>τῶν</strong></span> <span class='ocrx_word' id='word_1_432' title='bbox 2419 2939 2638 2992; x_wconf 79' lang='grc' dir='ltr'>οἰκείων</span> <span class='ocrx_word' id='word_1_433' title='bbox 2669 2938 2847 2992; x_wconf 82' lang='grc' dir='ltr'>ποδῶν</span> <span class='ocrx_word' id='word_1_434' title='bbox 2874 2938 3143 3002; x_wconf 85' lang='grc' dir='ltr'>ἀστασίας</span> <span class='ocrx_word' id='word_1_435' title='bbox 3182 2954 3196 2968; x_wconf 91' lang='grc'><strong>·</strong></span> <span class='ocrx_word' id='word_1_436' title='bbox 3245 2937 3496 2992; x_wconf 80' lang='grc' dir='ltr'>κάτωθεν</span> <span class='ocrx_word' id='word_1_437' title='bbox 3540 2935 3597 2988; x_wconf 86' lang='grc' dir='ltr'>δὲ</span> <span class='ocrx_word' id='word_1_438' title='bbox 3629 2935 3728 2988; x_wconf 84' lang='grc' dir='ltr'><strong>ἀπὸ</strong></span> 
     </span>
    </p>
   </div>
   <div class='ocr_carea' id='block_1_56' title="bbox 456 3017 1990 3102">
    <p class='ocr_par' dir='ltr' id='par_1_56' title="bbox 456 3017 1990 3090">
     <span class='ocr_line' id='line_1_56' title="bbox 456 3017 1990 3090; baseline -0.005 -13"><span class='ocrx_word' id='word_1_439' title='bbox 456 3029 650 3077; x_wconf 87' lang='lat' dir='ltr'><strong>retur:</strong></span> <span class='ocrx_word' id='word_1_440' title='bbox 703 3028 871 3090; x_wconf 90' lang='lat' dir='ltr'><strong>atque</strong></span> <span class='ocrx_word' id='word_1_441' title='bbox 925 3020 1176 3076; x_wconf 87' lang='lat' dir='ltr'><strong>homines</strong></span> <span class='ocrx_word' id='word_1_442' title='bbox 1233 3019 1454 3090; x_wconf 88' lang='lat' dir='ltr'><strong>quidem</strong></span> <span class='ocrx_word' id='word_1_443' title='bbox 1504 3019 1628 3075; x_wconf 90' lang='lat' dir='ltr'><strong>illos</strong></span> <span class='ocrx_word' id='word_1_444' title='bbox 1668 3017 1870 3090; x_wconf 88' lang='lat' dir='ltr'><strong>quibus</strong></span> <span class='ocrx_word' id='word_1_445' title='bbox 1909 3034 1990 3073; x_wconf 88' lang='lat' dir='ltr'><strong>ma</strong></span> 
     </span>
    </p>
   </div>
   <div class='ocr_carea' id='block_1_57' title="bbox 2194 3017 3728 3102">
    <p class='ocr_par' dir='ltr' id='par_1_57' title="bbox 2194 3029 3728 3102">
     <span class='ocr_line' id='line_1_57' title="bbox 2194 3029 3728 3102; baseline -0.001 -19"><span class='ocrx_word' id='word_1_446' title='bbox 2194 3030 2244 3084; x_wconf 68' lang='grc' dir='ltr'><strong>οῦ</strong></span> <span class='ocrx_word' id='word_1_447' title='bbox 2286 3031 2563 3100; x_wconf 84' lang='grc' dir='ltr'>χάσματος</span> <span class='ocrx_word' id='word_1_448' title='bbox 2611 3030 2762 3100; x_wconf 74' lang='grc' dir='ltr'>ὄφεις</span> <span class='ocrx_word' id='word_1_449' title='bbox 2801 3029 3077 3102; x_wconf 87' lang='grc' dir='ltr'>ἀνέρπειν,</span> <span class='ocrx_word' id='word_1_450' title='bbox 3118 3029 3212 3084; x_wconf 69' lang='grc' dir='ltr'>καὶ</span> <span class='ocrx_word' id='word_1_451' title='bbox 3240 3029 3370 3100; x_wconf 77' lang='grc' dir='ltr'>περὶ</span> <span class='ocrx_word' id='word_1_452' title='bbox 3414 3029 3544 3093; x_wconf 75' lang='grc' dir='ltr'>τοὺς</span> <span class='ocrx_word' id='word_1_453' title='bbox 3574 3030 3728 3091; x_wconf 74' lang='grc' dir='ltr'>πόδας</span> 
     </span>
    </p>
   </div>
   <div class='ocr_carea' id='block_1_58' title="bbox 458 3113 1992 3194">
    <p class='ocr_par' dir='ltr' id='par_1_58' title="bbox 458 3113 1992 3182">
     <span class='ocr_line' id='line_1_58' title="bbox 458 3113 1992 3182; baseline -0.002 -15"><span class='ocrx_word' id='word_1_454' title='bbox 458 3121 718 3182; x_wconf 85' lang='lat' dir='ltr'><strong>precatus</strong></span> <span class='ocrx_word' id='word_1_455' title='bbox 763 3121 944 3179; x_wconf 86' lang='lat' dir='ltr'><strong>esset,</strong></span> <span class='ocrx_word' id='word_1_456' title='bbox 992 3121 1120 3168; x_wconf 90' lang='lat' dir='ltr'><strong>ante</strong></span> <span class='ocrx_word' id='word_1_457' title='bbox 1166 3128 1225 3168; x_wconf 87' lang='lat' dir='ltr'><strong>se</strong></span> <span class='ocrx_word' id='word_1_458' title='bbox 1270 3113 1339 3166; x_wconf 89' lang='lat' dir='ltr'><strong>ad</strong></span> <span class='ocrx_word' id='word_1_459' title='bbox 1387 3128 1452 3168; x_wconf 88' lang='lat' dir='ltr'><strong>os</strong></span> <span class='ocrx_word' id='word_1_460' title='bbox 1497 3113 1686 3168; x_wconf 85' lang='lat' dir='ltr'><strong>hiatus</strong></span> <span class='ocrx_word' id='word_1_461' title='bbox 1736 3123 1883 3168; x_wconf 89' lang='lat' dir='ltr'><strong>stare</strong></span> <span class='ocrx_word' id='word_1_462' title='bbox 1938 3119 1992 3165; x_wconf 26' lang='lat' dir='ltr'><strong>tri</strong></span> 
     </span>
    </p>
   </div>
   <div class='ocr_carea' id='block_1_59' title="bbox 2194 3113 3728 3194">
    <p class='ocr_par' dir='ltr' id='par_1_59' title="bbox 2194 3120 3728 3194">
     <span class='ocr_line' id='line_1_59' title="bbox 2194 3120 3728 3194; baseline -0.001 -20"><span class='ocrx_word' id='word_1_463' title='bbox 2194 3121 2330 3174; x_wconf 79' lang='grc' dir='ltr'>ὺτῶν</span> <span class='ocrx_word' id='word_1_464' title='bbox 2375 3124 2828 3194; x_wconf 82' lang='grc' dir='ltr'>ὐποκινουμένους</span> <span class='ocrx_word' id='word_1_465' title='bbox 2850 3162 2864 3187; x_wconf 88' lang='grc'><strong>,</strong></span> <span class='ocrx_word' id='word_1_466' title='bbox 2896 3121 3028 3175; x_wconf 89' lang='grc' dir='ltr'><strong>ποτέ</strong></span> <span class='ocrx_word' id='word_1_467' title='bbox 3059 3122 3156 3192; x_wconf 85' lang='grc' dir='ltr'>μὲν</span> <span class='ocrx_word' id='word_1_468' title='bbox 3198 3120 3534 3193; x_wconf 78' lang='grc' dir='ltr'>ἀποσῦρειν,</span> <span class='ocrx_word' id='word_1_469' title='bbox 3568 3123 3728 3174; x_wconf 87' lang='grc' dir='ltr'>ἐπαν-</span> 
     </span>
    </p>
   </div>
   <div class='ocr_carea' id='block_1_60' title="bbox 459 3203 1993 3287">
    <p class='ocr_par' dir='ltr' id='par_1_60' title="bbox 459 3203 1990 3275">
     <span class='ocr_line' id='line_1_60' title="bbox 459 3203 1990 3275; baseline 0.002 -20"><span class='ocrx_word' id='word_1_470' title='bbox 459 3210 675 3258; x_wconf 89' lang='lat' dir='ltr'><strong>mentes</strong></span> <span class='ocrx_word' id='word_1_471' title='bbox 705 3211 759 3258; x_wconf 89' lang='lat' dir='ltr'><strong>et</strong></span> <span class='ocrx_word' id='word_1_472' title='bbox 789 3205 1055 3269; x_wconf 88' lang='lat' dir='ltr'><strong>miseros,</strong></span> <span class='ocrx_word' id='word_1_473' title='bbox 1087 3212 1142 3260; x_wconf 89' lang='lat' dir='ltr'><strong>et</strong></span> <span class='ocrx_word' id='word_1_474' title='bbox 1173 3206 1266 3274; x_wconf 91' lang='lat' dir='ltr'><strong>qui</strong></span> <span class='ocrx_word' id='word_1_475' title='bbox 1305 3203 1419 3261; x_wconf 78' lang='lat' dir='ltr'><strong>fere</strong></span> <span class='ocrx_word' id='word_1_476' title='bbox 1450 3221 1561 3274; x_wconf 84' lang='lat' dir='ltr'><strong>prae</strong></span> <span class='ocrx_word' id='word_1_477' title='bbox 1591 3205 1790 3275; x_wconf 88' lang='lat' dir='ltr'><strong>pedum</strong></span> <span class='ocrx_word' id='word_1_478' title='bbox 1823 3219 1990 3260; x_wconf 89' lang='lat' dir='ltr'><strong>suoru</strong></span> 
     </span>
    </p>
   </div>
   <div class='ocr_carea' id='block_1_61' title="bbox 2191 3203 3725 3287">
    <p class='ocr_par' dir='ltr' id='par_1_61' title="bbox 2191 3213 3725 3287">
     <span class='ocr_line' id='line_1_61' title="bbox 2191 3213 3725 3287; baseline -0.001 -19"><span class='ocrx_word' id='word_1_479' title='bbox 2191 3215 2500 3286; x_wconf 72' lang='grc' dir='ltr'>ιλουμένους</span> <span class='ocrx_word' id='word_1_480' title='bbox 2550 3216 2666 3287; x_wconf 79' lang='grc' dir='ltr'><strong>ἃμα</strong></span> <span class='ocrx_word' id='word_1_481' title='bbox 2723 3216 2817 3270; x_wconf 74' lang='grc' dir='ltr'>καὶ</span> <span class='ocrx_word' id='word_1_482' title='bbox 2875 3213 3311 3287; x_wconf 75' lang='grc' dir='ltr'>ἐπιϐαροῦντας,</span> <span class='ocrx_word' id='word_1_483' title='bbox 3362 3215 3459 3269; x_wconf 78' lang='grc' dir='ltr'><strong>καὶ</strong></span> <span class='ocrx_word' id='word_1_484' title='bbox 3505 3213 3725 3268; x_wconf 87' lang='grc' dir='ltr'>ἐπανέλ-</span> 
     </span>
    </p>
   </div>
   <div class='ocr_carea' id='block_1_62' title="bbox 459 3277 1993 3377">
    <p class='ocr_par' dir='ltr' id='par_1_62' title="bbox 459 3293 1990 3366">
     <span class='ocr_line' id='line_1_62' title="bbox 459 3293 1990 3366; baseline 0.003 -19"><span class='ocrx_word' id='word_1_485' title='bbox 459 3293 824 3350; x_wconf 77' lang='lat' dir='ltr'><strong>instabilitate</strong></span> <span class='ocrx_word' id='word_1_486' title='bbox 879 3295 1371 3366; x_wconf 89' lang='lat' dir='ltr'><strong>demergerentur:</strong></span> <span class='ocrx_word' id='word_1_487' title='bbox 1431 3297 1502 3352; x_wconf 90' lang='lat' dir='ltr'><strong>ab</strong></span> <span class='ocrx_word' id='word_1_488' title='bbox 1553 3297 1815 3351; x_wconf 83' lang='lat' dir='ltr'><strong>inferiore</strong></span> <span class='ocrx_word' id='word_1_489' title='bbox 1863 3305 1990 3351; x_wconf 88' lang='lat' dir='ltr'><strong>aute</strong></span> 
     </span>
    </p>
   </div>
   <div class='ocr_carea' id='block_1_63' title="bbox 2192 3277 3726 3377">
    <p class='ocr_par' dir='ltr' id='par_1_63' title="bbox 2192 3277 3726 3377">
     <span class='ocr_line' id='line_1_63' title="bbox 2192 3277 3726 3377; baseline -0.001 -17"><span class='ocrx_word' id='word_1_490' title='bbox 2192 3277 2346 3371; x_wconf 75' lang='grc' dir='ltr'>οντάς</span> <span class='ocrx_word' id='word_1_491' title='bbox 2377 3324 2390 3337; x_wconf 88' lang='grc'><strong>·</strong></span> <span class='ocrx_word' id='word_1_492' title='bbox 2421 3277 2553 3361; x_wconf 81' lang='grc' dir='ltr'>ποτὲ</span> <span class='ocrx_word' id='word_1_493' title='bbox 2583 3277 2640 3360; x_wconf 81' lang='grc' dir='ltr'>δὲ</span> <span class='ocrx_word' id='word_1_494' title='bbox 2663 3308 2775 3372; x_wconf 86' lang='grc' dir='ltr'>τοῖς</span> <span class='ocrx_word' id='word_1_495' title='bbox 2801 3306 3012 3359; x_wconf 82' lang='grc' dir='ltr'>ὀδοῦσιν</span> <span class='ocrx_word' id='word_1_496' title='bbox 3033 3277 3112 3377; x_wconf 52' lang='grc' dir='ltr'>,ἢ</span> <span class='ocrx_word' id='word_1_497' title='bbox 3142 3277 3267 3368; x_wconf 78' lang='grc' dir='ltr'>τοῖς</span> <span class='ocrx_word' id='word_1_498' title='bbox 3298 3277 3565 3376; x_wconf 86' lang='grc' dir='ltr'>οὐραίοις</span> <span class='ocrx_word' id='word_1_499' title='bbox 3599 3306 3726 3358; x_wconf 84' lang='grc' dir='ltr'>ὑπο-</span> 
     </span>
    </p>
   </div>
   <div class='ocr_carea' id='block_1_64' title="bbox 461 3383 1995 3470">
    <p class='ocr_par' dir='ltr' id='par_1_64' title="bbox 461 3383 1995 3461">
     <span class='ocr_line' id='line_1_64' title="bbox 461 3383 1995 3461; baseline 0.003 -23"><span class='ocrx_word' id='word_1_500' title='bbox 461 3383 584 3440; x_wconf 93' lang='lat' dir='ltr'><strong>loco</strong></span> <span class='ocrx_word' id='word_1_501' title='bbox 621 3401 686 3440; x_wconf 84' lang='lat' dir='ltr'><strong>ex</strong></span> <span class='ocrx_word' id='word_1_502' title='bbox 725 3385 878 3440; x_wconf 90' lang='lat' dir='ltr'><strong>hiatu</strong></span> <span class='ocrx_word' id='word_1_503' title='bbox 931 3402 1141 3458; x_wconf 81' lang='lat' dir='ltr'><strong>angues</strong></span> <span class='ocrx_word' id='word_1_504' title='bbox 1191 3403 1413 3444; x_wconf 90' lang='lat' dir='ltr'><strong>sursum</strong></span> <span class='ocrx_word' id='word_1_505' title='bbox 1465 3403 1720 3461; x_wconf 87' lang='lat' dir='ltr'><strong>serpere,</strong></span> <span class='ocrx_word' id='word_1_506' title='bbox 1765 3396 1930 3459; x_wconf 90' lang='lat' dir='ltr'><strong>atque</strong></span> <span class='ocrx_word' id='word_1_507' title='bbox 1978 3405 1995 3443; x_wconf 71' lang='grc' dir='ltr'><strong>ε</strong></span> 
     </span>
    </p>
   </div>
   <div class='ocr_carea' id='block_1_65' title="bbox 2194 3383 3728 3470">
    <p class='ocr_par' dir='ltr' id='par_1_65' title="bbox 2194 3397 3728 3470">
     <span class='ocr_line' id='line_1_65' title="bbox 2194 3397 3728 3470; baseline -0.003 -16"><span class='ocrx_word' id='word_1_508' title='bbox 2194 3400 2448 3470; x_wconf 70' lang='grc' dir='ltr'>ὃφοντας,</span> <span class='ocrx_word' id='word_1_509' title='bbox 2479 3399 2511 3470; x_wconf 79' lang='grc' dir='ltr'>ἢ</span> <span class='ocrx_word' id='word_1_510' title='bbox 2545 3397 3113 3470; x_wconf 76' lang='grc' dir='ltr'>ὑπογαργαλίζοντας,</span> <span class='ocrx_word' id='word_1_511' title='bbox 3149 3397 3240 3452; x_wconf 74' lang='grc' dir='ltr'><strong>καὶ</strong></span> <span class='ocrx_word' id='word_1_512' title='bbox 3280 3397 3370 3450; x_wconf 79' lang='grc' dir='ltr'><strong>διὰ</strong></span> <span class='ocrx_word' id='word_1_513' title='bbox 3412 3398 3615 3462; x_wconf 87' lang='grc' dir='ltr'>παντὸς</span> <span class='ocrx_word' id='word_1_514' title='bbox 3655 3399 3728 3460; x_wconf 77' lang='grc' dir='ltr'><strong>εἰς</strong></span> 
     </span>
    </p>
   </div>
   <div class='ocr_carea' id='block_1_66' title="bbox 458 3479 1992 3562">
    <p class='ocr_par' dir='ltr' id='par_1_66' title="bbox 458 3479 1987 3550">
     <span class='ocr_line' id='line_1_66' title="bbox 458 3479 1987 3550; baseline 0.001 -18"><span class='ocrx_word' id='word_1_515' title='bbox 458 3493 652 3532; x_wconf 87' lang='lat' dir='ltr'><strong>eorum</strong></span> <span class='ocrx_word' id='word_1_516' title='bbox 691 3479 895 3550; x_wconf 83' lang='lat' dir='ltr'><strong>pedes,</strong></span> <span class='ocrx_word' id='word_1_517' title='bbox 943 3495 1069 3535; x_wconf 91' lang='lat' dir='ltr'><strong>cum</strong></span> <span class='ocrx_word' id='word_1_518' title='bbox 1115 3481 1317 3536; x_wconf 89' lang='lat' dir='ltr'><strong>sensim</strong></span> <span class='ocrx_word' id='word_1_519' title='bbox 1363 3490 1736 3546; x_wconf 86' lang='lat' dir='ltr'><strong>moverentur,</strong></span> <span class='ocrx_word' id='word_1_520' title='bbox 1768 3482 1987 3536; x_wconf 86' lang='lat' dir='ltr'><strong>interdn</strong></span> 
     </span>
    </p>
   </div>
   <div class='ocr_carea' id='block_1_67' title="bbox 2195 3479 3729 3562">
    <p class='ocr_par' dir='ltr' id='par_1_67' title="bbox 2195 3483 3729 3562">
     <span class='ocr_line' id='line_1_67' title="bbox 2195 3483 3729 3562; baseline -0.003 -18"><span class='ocrx_word' id='word_1_521' title='bbox 2195 3509 2207 3544; x_wconf 65' lang='grc' dir='ltr'><strong>ι</strong></span> <span class='ocrx_word' id='word_1_522' title='bbox 2267 3491 2467 3562; x_wconf 80' lang='grc' dir='ltr'>ἀχανὲς</span> <span class='ocrx_word' id='word_1_523' title='bbox 2524 3488 2783 3560; x_wconf 78' lang='grc' dir='ltr'>ἐμϐαλεῖν</span> <span class='ocrx_word' id='word_1_524' title='bbox 2841 3489 3265 3560; x_wconf 86' lang='grc' dir='ltr'>μηχανωμένους</span> <span class='ocrx_word' id='word_1_525' title='bbox 3298 3505 3310 3518; x_wconf 77' lang='grc' dir='ltr'><strong>ο</strong></span> <span class='ocrx_word' id='word_1_526' title='bbox 3340 3483 3482 3541; x_wconf 84' lang='grc' dir='ltr'>εἶναι</span> <span class='ocrx_word' id='word_1_527' title='bbox 3533 3488 3592 3542; x_wconf 90' lang='grc' dir='ltr'><strong>δέ</strong></span> <span class='ocrx_word' id='word_1_528' title='bbox 3644 3486 3729 3542; x_wconf 76' lang='grc' dir='ltr'>καὶ</span> 
     </span>
    </p>
   </div>
   <div class='ocr_carea' id='block_1_68' title="bbox 458 3571 1992 3653">
    <p class='ocr_par' dir='ltr' id='par_1_68' title="bbox 458 3571 1992 3646">
     <span class='ocr_line' id='line_1_68' title="bbox 458 3571 1992 3646; baseline 0.002 -21"><span class='ocrx_word' id='word_1_529' title='bbox 458 3571 681 3642; x_wconf 84' lang='lat' dir='ltr'><strong>quidem</strong></span> <span class='ocrx_word' id='word_1_530' title='bbox 713 3573 930 3628; x_wconf 83' lang='lat' dir='ltr'><strong>trahere</strong></span> <span class='ocrx_word' id='word_1_531' title='bbox 970 3575 1331 3646; x_wconf 84' lang='lat' dir='ltr'><strong>complicatos</strong></span> <span class='ocrx_word' id='word_1_532' title='bbox 1361 3575 1525 3630; x_wconf 87' lang='lat' dir='ltr'><strong>simul</strong></span> <span class='ocrx_word' id='word_1_533' title='bbox 1553 3583 1609 3630; x_wconf 90' lang='lat' dir='ltr'><strong>et</strong></span> <span class='ocrx_word' id='word_1_534' title='bbox 1637 3573 1992 3645; x_wconf 74' lang='lat' dir='ltr'><strong>deprimente:</strong></span> 
     </span>
    </p>
   </div>
   <div class='ocr_carea' id='block_1_69' title="bbox 2195 3571 3729 3653">
    <p class='ocr_par' dir='ltr' id='par_1_69' title="bbox 2195 3575 3729 3653">
     <span class='ocr_line' id='line_1_69' title="bbox 2195 3575 3729 3653; baseline -0.002 -21"><span class='ocrx_word' id='word_1_535' title='bbox 2195 3581 2349 3653; x_wconf 83' lang='grc' dir='ltr'>νδρας</span> <span class='ocrx_word' id='word_1_536' title='bbox 2379 3578 2534 3642; x_wconf 76' lang='grc' dir='ltr'>τινὰς</span> <span class='ocrx_word' id='word_1_537' title='bbox 2565 3581 2622 3631; x_wconf 80' lang='grc' dir='ltr'><strong>ἐν</strong></span> <span class='ocrx_word' id='word_1_538' title='bbox 2654 3578 2803 3648; x_wconf 81' lang='grc' dir='ltr'>μέσῳ</span> <span class='ocrx_word' id='word_1_539' title='bbox 2823 3618 2836 3642; x_wconf 91' lang='grc'><strong>,</strong></span> <span class='ocrx_word' id='word_1_540' title='bbox 2867 3580 2980 3641; x_wconf 86' lang='grc' dir='ltr'>τοῖς</span> <span class='ocrx_word' id='word_1_541' title='bbox 3008 3577 3164 3646; x_wconf 79' lang='grc' dir='ltr'>ὄφεσι</span> <span class='ocrx_word' id='word_1_542' title='bbox 3207 3576 3349 3632; x_wconf 87' lang='grc' dir='ltr'><strong>κατά</strong></span> <span class='ocrx_word' id='word_1_543' title='bbox 3381 3577 3494 3630; x_wconf 86' lang='grc' dir='ltr'><strong>τῶν</strong></span> <span class='ocrx_word' id='word_1_544' title='bbox 3529 3575 3729 3648; x_wconf 84' lang='grc' dir='ltr'>ἀνδρῶν</span> 
     </span>
    </p>
   </div>
   <div class='ocr_carea' id='block_1_70' title="bbox 461 3663 1995 3742">
    <p class='ocr_par' dir='ltr' id='par_1_70' title="bbox 461 3663 1988 3732">
     <span class='ocr_line' id='line_1_70' title="bbox 461 3663 1988 3732; baseline 0.001 -17"><span class='ocrx_word' id='word_1_545' title='bbox 461 3669 628 3732; x_wconf 88' lang='lat' dir='ltr'><strong>atque</strong></span> <span class='ocrx_word' id='word_1_546' title='bbox 654 3663 1050 3732; x_wconf 89' lang='lat' dir='ltr'><strong>detrahentes;</strong></span> <span class='ocrx_word' id='word_1_547' title='bbox 1085 3665 1358 3719; x_wconf 91' lang='lat' dir='ltr'><strong>interdum</strong></span> <span class='ocrx_word' id='word_1_548' title='bbox 1403 3665 1664 3720; x_wconf 86' lang='lat' dir='ltr'><strong>dentibus</strong></span> <span class='ocrx_word' id='word_1_549' title='bbox 1713 3675 1807 3718; x_wconf 90' lang='lat' dir='ltr'><strong>aut</strong></span> <span class='ocrx_word' id='word_1_550' title='bbox 1850 3663 1988 3717; x_wconf 91' lang='lat' dir='ltr'><strong>caud</strong></span> 
     </span>
    </p>
   </div>
   <div class='ocr_carea' id='block_1_71' title="bbox 2193 3663 3727 3742">
    <p class='ocr_par' dir='ltr' id='par_1_71' title="bbox 2193 3669 3727 3742">
     <span class='ocr_line' id='line_1_71' title="bbox 2193 3669 3727 3742; baseline -0.003 -18"><span class='ocrx_word' id='word_1_551' title='bbox 2193 3671 2689 3742; x_wconf 61' lang='grc' dir='ltr'>»νεπιτιθεμένουςο</span> <span class='ocrx_word' id='word_1_552' title='bbox 2719 3669 3090 3733; x_wconf 83' lang='grc' dir='ltr'>διαδονοῦντας</span> <span class='ocrx_word' id='word_1_553' title='bbox 3141 3670 3257 3740; x_wconf 81' lang='grc' dir='ltr'>ἅμα</span> <span class='ocrx_word' id='word_1_554' title='bbox 3307 3669 3403 3722; x_wconf 72' lang='grc' dir='ltr'>καὶ</span> <span class='ocrx_word' id='word_1_555' title='bbox 3455 3669 3727 3722; x_wconf 82' lang='grc' dir='ltr'>ὑπωθοῦν-</span> 
     </span>
    </p>
   </div>
   <div class='ocr_carea' id='block_1_72' title="bbox 460 3754 1994 3832">
    <p class='ocr_par' dir='ltr' id='par_1_72' title="bbox 460 3754 1994 3827">
     <span class='ocr_line' id='line_1_72' title="bbox 460 3754 1994 3827; baseline -0.001 -18"><span class='ocrx_word' id='word_1_556' title='bbox 460 3754 850 3821; x_wconf 89' lang='lat' dir='ltr'><strong>incendentes,</strong></span> <span class='ocrx_word' id='word_1_557' title='bbox 908 3759 992 3813; x_wconf 88' lang='lat' dir='ltr'><strong>vel</strong></span> <span class='ocrx_word' id='word_1_558' title='bbox 1049 3758 1461 3822; x_wconf 90' lang='lat' dir='ltr'><strong>demulcentes,</strong></span> <span class='ocrx_word' id='word_1_559' title='bbox 1512 3757 1772 3827; x_wconf 84' lang='lat' dir='ltr'><strong>omnique</strong></span> <span class='ocrx_word' id='word_1_560' title='bbox 1827 3756 1994 3810; x_wconf 78' lang='lat' dir='ltr'><strong>ratior</strong></span> 
     </span>
    </p>
   </div>
   <div class='ocr_carea' id='block_1_73' title="bbox 2195 3754 3729 3832">
    <p class='ocr_par' dir='ltr' id='par_1_73' title="bbox 2195 3757 3729 3832">
     <span class='ocr_line' id='line_1_73' title="bbox 2195 3757 3729 3832; baseline -0.002 -16"><span class='ocrx_word' id='word_1_561' title='bbox 2195 3782 2244 3828; x_wconf 90' lang='grc' dir='ltr'><strong>ις</strong></span> <span class='ocrx_word' id='word_1_562' title='bbox 2305 3762 2399 3818; x_wconf 73' lang='grc' dir='ltr'>καὶ</span> <span class='ocrx_word' id='word_1_563' title='bbox 2453 3763 2875 3825; x_wconf 85' lang='grc' dir='ltr'>καταπαίοντας.</span> <span class='ocrx_word' id='word_1_564' title='bbox 2922 3761 3167 3814; x_wconf 81' lang='grc' dir='ltr'>Ἐδόκουν</span> <span class='ocrx_word' id='word_1_565' title='bbox 3222 3761 3278 3814; x_wconf 82' lang='grc' dir='ltr'>δὲ</span> <span class='ocrx_word' id='word_1_566' title='bbox 3319 3757 3460 3814; x_wconf 77' lang='grc' dir='ltr'>εἶναι</span> <span class='ocrx_word' id='word_1_567' title='bbox 3509 3761 3644 3832; x_wconf 74' lang='grc' dir='ltr'>πρὸς</span> <span class='ocrx_word' id='word_1_568' title='bbox 3673 3759 3729 3813; x_wconf 82' lang='grc' dir='ltr'>τὸ</span> 
     </span>
    </p>
   </div>
   <div class='ocr_carea' id='block_1_74' title="bbox 459 3849 1993 3923">
    <p class='ocr_par' dir='ltr' id='par_1_74' title="bbox 459 3849 1993 3920">
     <span class='ocr_line' id='line_1_74' title="bbox 459 3849 1993 3920; baseline 0.002 -20"><span class='ocrx_word' id='word_1_569' title='bbox 459 3856 725 3920; x_wconf 86' lang='lat' dir='ltr'><strong>agentes,</strong></span> <span class='ocrx_word' id='word_1_570' title='bbox 783 3861 844 3905; x_wconf 90' lang='lat' dir='ltr'><strong>ut</strong></span> <span class='ocrx_word' id='word_1_571' title='bbox 896 3867 993 3908; x_wconf 91' lang='lat' dir='ltr'><strong>eos</strong></span> <span class='ocrx_word' id='word_1_572' title='bbox 1047 3851 1104 3906; x_wconf 92' lang='lat' dir='ltr'><strong>in</strong></span> <span class='ocrx_word' id='word_1_573' title='bbox 1153 3851 1302 3906; x_wconf 91' lang='lat' dir='ltr'><strong>illam</strong></span> <span class='ocrx_word' id='word_1_574' title='bbox 1351 3851 1675 3904; x_wconf 90' lang='lat' dir='ltr'><strong>immensam</strong></span> <span class='ocrx_word' id='word_1_575' title='bbox 1727 3849 1993 3919; x_wconf 59' lang='lat' dir='ltr'><strong>voragine!</strong></span> 
     </span>
    </p>
   </div>
   <div class='ocr_carea' id='block_1_75' title="bbox 2192 3849 3726 3923">
    <p class='ocr_par' dir='ltr' id='par_1_75' title="bbox 2193 3850 3726 3923">
     <span class='ocr_line' id='line_1_75' title="bbox 2193 3850 3726 3923; baseline -0.001 -18"><span class='ocrx_word' id='word_1_576' title='bbox 2193 3853 2335 3905; x_wconf 87' lang='grc' dir='ltr'>εσεῖν</span> <span class='ocrx_word' id='word_1_577' title='bbox 2382 3854 2580 3906; x_wconf 88' lang='grc' dir='ltr'>ἐκεῖνοι</span> <span class='ocrx_word' id='word_1_578' title='bbox 2641 3852 2712 3905; x_wconf 80' lang='grc' dir='ltr'><strong>τὰ</strong></span> <span class='ocrx_word' id='word_1_579' title='bbox 2779 3853 2875 3923; x_wconf 79' lang='grc' dir='ltr'>μὲν</span> <span class='ocrx_word' id='word_1_580' title='bbox 2934 3853 3198 3915; x_wconf 81' lang='grc' dir='ltr'>ἄκοντες,</span> <span class='ocrx_word' id='word_1_581' title='bbox 3250 3850 3319 3904; x_wconf 80' lang='grc' dir='ltr'><strong>τὰ</strong></span> <span class='ocrx_word' id='word_1_582' title='bbox 3370 3852 3428 3904; x_wconf 80' lang='grc' dir='ltr'><strong>δέ</strong></span> <span class='ocrx_word' id='word_1_583' title='bbox 3484 3852 3726 3916; x_wconf 80' lang='grc' dir='ltr'>ἑκόντες,</span> 
     </span>
    </p>
   </div>
   <div class='ocr_carea' id='block_1_76' title="bbox 456 3941 1990 4014">
    <p class='ocr_par' dir='ltr' id='par_1_76' title="bbox 456 3941 1982 4012">
     <span class='ocr_line' id='line_1_76' title="bbox 456 3941 1982 4012; baseline 0 -18"><span class='ocrx_word' id='word_1_584' title='bbox 456 3942 768 4011; x_wconf 67' lang='lat' dir='ltr'><strong>praecipites</strong></span> <span class='ocrx_word' id='word_1_585' title='bbox 827 3943 1065 4010; x_wconf 87' lang='lat' dir='ltr'><strong>darent;</strong></span> <span class='ocrx_word' id='word_1_586' title='bbox 1126 3943 1298 3998; x_wconf 79' lang='lat' dir='ltr'><strong>fuisse</strong></span> <span class='ocrx_word' id='word_1_587' title='bbox 1353 3943 1520 3998; x_wconf 90' lang='lat' dir='ltr'><strong>etiam</strong></span> <span class='ocrx_word' id='word_1_588' title='bbox 1580 3943 1728 3997; x_wconf 89' lang='lat' dir='ltr'><strong>viros</strong></span> <span class='ocrx_word' id='word_1_589' title='bbox 1773 3941 1982 4012; x_wconf 91' lang='lat' dir='ltr'><strong>quosda</strong></span> 
     </span>
    </p>
   </div>
   <div class='ocr_carea' id='block_1_77' title="bbox 2192 3941 3726 4014">
    <p class='ocr_par' dir='ltr' id='par_1_77' title="bbox 2192 3942 3726 4014">
     <span class='ocr_line' id='line_1_77' title="bbox 2192 3942 3726 4014; baseline 0.001 -18"><span class='ocrx_word' id='word_1_590' title='bbox 2192 3944 2256 3997; x_wconf 74' lang='grc' dir='ltr'>πὸ</span> <span class='ocrx_word' id='word_1_591' title='bbox 2283 3943 2378 3996; x_wconf 92' lang='grc' dir='ltr'><strong>τοῦ</strong></span> <span class='ocrx_word' id='word_1_592' title='bbox 2411 3943 2579 3998; x_wconf 84' lang='grc' dir='ltr'>κακοῦ</span> <span class='ocrx_word' id='word_1_593' title='bbox 2625 3944 2746 3999; x_wconf 87' lang='grc' dir='ltr'>κατ’</span> <span class='ocrx_word' id='word_1_594' title='bbox 2787 3943 2964 4014; x_wconf 82' lang='grc' dir='ltr'>ὀλίγον</span> <span class='ocrx_word' id='word_1_595' title='bbox 2995 3942 3304 4014; x_wconf 75' lang='grc' dir='ltr'>βιαζόμενοι</span> <span class='ocrx_word' id='word_1_596' title='bbox 3339 3943 3459 4014; x_wconf 72' lang='grc' dir='ltr'>ἅμα</span> <span class='ocrx_word' id='word_1_597' title='bbox 3498 3944 3593 3998; x_wconf 76' lang='grc' dir='ltr'><strong>καὶ</strong></span> <span class='ocrx_word' id='word_1_598' title='bbox 3620 3961 3726 3997; x_wconf 87' lang='grc' dir='ltr'>πει-</span> 
     </span>
    </p>
   </div>
   <div class='ocr_carea' id='block_1_78' title="bbox 455 4032 2385 4106">
    <p class='ocr_par' dir='ltr' id='par_1_78' title="bbox 455 4032 2385 4106">
     <span class='ocr_line' id='line_1_78' title="bbox 455 4032 2385 4106; baseline 0 -20"><span class='ocrx_word' id='word_1_599' title='bbox 455 4032 513 4087; x_wconf 92' lang='lat' dir='ltr'><strong>in</strong></span> <span class='ocrx_word' id='word_1_600' title='bbox 564 4035 779 4098; x_wconf 91' lang='lat' dir='ltr'><strong>medio,</strong></span> <span class='ocrx_word' id='word_1_601' title='bbox 831 4037 924 4106; x_wconf 89' lang='lat' dir='ltr'><strong>qui</strong></span> <span class='ocrx_word' id='word_1_602' title='bbox 979 4051 1084 4090; x_wconf 91' lang='lat' dir='ltr'><strong>una</strong></span> <span class='ocrx_word' id='word_1_603' title='bbox 1135 4051 1259 4090; x_wconf 91' lang='lat' dir='ltr'><strong>cum</strong></span> <span class='ocrx_word' id='word_1_604' title='bbox 1295 4035 1644 4106; x_wconf 88' lang='lat' dir='ltr'><strong>serpentibus</strong></span> <span class='ocrx_word' id='word_1_605' title='bbox 1695 4034 1751 4089; x_wconf 88' lang='lat' dir='ltr'><strong>in</strong></span> <span class='ocrx_word' id='word_1_606' title='bbox 1793 4035 2041 4091; x_wconf 89' lang='lat' dir='ltr'><strong>homines</strong></span> <span class='ocrx_word' id='word_1_607' title='bbox 2151 4034 2385 4106; x_wconf 85' lang='grc' dir='ltr'>θόμενοι.</span> 
     </span>
    </p>
   </div>
   <div class='ocr_carea' id='block_1_79' title="bbox 456 4125 3726 4199">
    <p class='ocr_par' dir='ltr' id='par_1_79' title="bbox 456 4125 3726 4199">
     <span class='ocr_line' id='line_1_79' title="bbox 456 4125 3726 4199; baseline 0.001 -19"><span class='ocrx_word' id='word_1_608' title='bbox 456 4125 580 4182; x_wconf 87' lang='lat' dir='ltr'><strong>illos</strong></span> <span class='ocrx_word' id='word_1_609' title='bbox 630 4127 986 4192; x_wconf 82' lang='lat' dir='ltr'><strong>invaderent,</strong></span> <span class='ocrx_word' id='word_1_610' title='bbox 1033 4129 1432 4198; x_wconf 79' lang='lat' dir='ltr'><strong>exagitatione,</strong></span> <span class='ocrx_word' id='word_1_611' title='bbox 1477 4127 1674 4198; x_wconf 89' lang='lat' dir='ltr'><strong>pulsu.</strong></span> <span class='ocrx_word' id='word_1_612' title='bbox 1749 4136 1804 4181; x_wconf 90' lang='lat' dir='ltr'><strong>et</strong></span> <span class='ocrx_word' id='word_1_613' title='bbox 1840 4129 2238 4198; x_wconf 85' lang='lat' dir='ltr'><strong>percussione;</strong></span> <span class='ocrx_word' id='word_1_614' title='bbox 2295 4126 2444 4182; x_wconf 88' lang='lat' dir='ltr'><strong>visos</strong></span> <span class='ocrx_word' id='word_1_615' title='bbox 2501 4135 2683 4182; x_wconf 87' lang='lat' dir='ltr'><strong>autem</strong></span> <span class='ocrx_word' id='word_1_616' title='bbox 2744 4141 2865 4182; x_wconf 88' lang='lat' dir='ltr'><strong>esse</strong></span> <span class='ocrx_word' id='word_1_617' title='bbox 2907 4126 3052 4182; x_wconf 84' lang='lat' dir='ltr'><strong>viros</strong></span> <span class='ocrx_word' id='word_1_618' title='bbox 3092 4125 3214 4184; x_wconf 91' lang='lat' dir='ltr'><strong>illos</strong></span> <span class='ocrx_word' id='word_1_619' title='bbox 3286 4125 3576 4193; x_wconf 87' lang='lat' dir='ltr'><strong>decidere,</strong></span> <span class='ocrx_word' id='word_1_620' title='bbox 3612 4144 3726 4199; x_wconf 82' lang='lat' dir='ltr'><strong>par-</strong></span> 
     </span>
    </p>
   </div>
   <div class='ocr_carea' id='block_1_80' title="bbox 455 4219 2396 4293">
    <p class='ocr_par' dir='ltr' id='par_1_80' title="bbox 455 4219 2396 4293">
     <span class='ocr_line' id='line_1_80' title="bbox 455 4219 2396 4293; baseline 0.003 -22"><span class='ocrx_word' id='word_1_621' title='bbox 455 4219 556 4272; x_wconf 88' lang='lat' dir='ltr'><strong>tim</strong></span> <span class='ocrx_word' id='word_1_622' title='bbox 597 4219 837 4284; x_wconf 90' lang='lat' dir='ltr'><strong>invitos,</strong></span> <span class='ocrx_word' id='word_1_623' title='bbox 877 4223 1074 4292; x_wconf 86' lang='lat' dir='ltr'><strong>partim</strong></span> <span class='ocrx_word' id='word_1_624' title='bbox 1107 4231 1333 4292; x_wconf 89' lang='lat' dir='ltr'><strong>sponte,</strong></span> <span class='ocrx_word' id='word_1_625' title='bbox 1378 4221 1526 4291; x_wconf 91' lang='lat' dir='ltr'><strong>quod</strong></span> <span class='ocrx_word' id='word_1_626' title='bbox 1571 4235 1601 4274; x_wconf 91' lang='lat' dir='ltr'><strong>a</strong></span> <span class='ocrx_word' id='word_1_627' title='bbox 1645 4220 1788 4275; x_wconf 92' lang='lat' dir='ltr'><strong>malo</strong></span> <span class='ocrx_word' id='word_1_628' title='bbox 1817 4223 2024 4278; x_wconf 89' lang='lat' dir='ltr'><strong>sensim</strong></span> <span class='ocrx_word' id='word_1_629' title='bbox 2052 4228 2396 4293; x_wconf 79' lang='lat' dir='ltr'><strong>cogerentur.</strong></span> 
     </span>
    </p>
   </div>
   <div class='ocr_carea' id='block_1_81' title="bbox 524 4311 2058 4387">
    <p class='ocr_par' dir='ltr' id='par_1_81' title="bbox 524 4313 2042 4387">
     <span class='ocr_line' id='line_1_81' title="bbox 524 4313 2042 4387; baseline 0 -17"><span class='ocrx_word' id='word_1_630' title='bbox 524 4313 797 4370; x_wconf 77' lang='lat' dir='ltr'><strong>Narrabat</strong></span> <span class='ocrx_word' id='word_1_631' title='bbox 856 4331 1022 4387; x_wconf 87' lang='lat' dir='ltr'><strong>porro</strong></span> <span class='ocrx_word' id='word_1_632' title='bbox 1079 4316 1294 4384; x_wconf 87' lang='lat' dir='ltr'><strong>Carpus</strong></span> <span class='ocrx_word' id='word_1_633' title='bbox 1350 4332 1410 4371; x_wconf 92' lang='lat' dir='ltr'><strong>se</strong></span> <span class='ocrx_word' id='word_1_634' title='bbox 1453 4317 1790 4386; x_wconf 86' lang='lat' dir='ltr'><strong>voluptatem</strong></span> <span class='ocrx_word' id='word_1_635' title='bbox 1844 4330 2042 4385; x_wconf 87' lang='lat' dir='ltr'><strong>capere</strong></span> 
     </span>
    </p>
   </div>
   <div class='ocr_carea' id='block_1_82' title="bbox 2193 4311 3727 4387">
    <p class='ocr_par' dir='ltr' id='par_1_82' title="bbox 2221 4311 3727 4386">
     <span class='ocr_line' id='line_1_82' title="bbox 2221 4311 3727 4386; baseline 0 -21"><span class='ocrx_word' id='word_1_636' title='bbox 2221 4313 2417 4382; x_wconf 89' lang='grc' dir='ltr'>Ἔλεγε</span> <span class='ocrx_word' id='word_1_637' title='bbox 2464 4313 2521 4367; x_wconf 86' lang='grc' dir='ltr'><strong>δε</strong></span> <span class='ocrx_word' id='word_1_638' title='bbox 2569 4314 2598 4366; x_wconf 88' lang='grc' dir='ltr'>ὁ</span> <span class='ocrx_word' id='word_1_639' title='bbox 2646 4313 2873 4384; x_wconf 85' lang='grc' dir='ltr'>Κάρπος</span> <span class='ocrx_word' id='word_1_640' title='bbox 2921 4313 3114 4367; x_wconf 78' lang='grc' dir='ltr'>ἐαυτὸν</span> <span class='ocrx_word' id='word_1_641' title='bbox 3155 4315 3379 4385; x_wconf 70' lang='grc' dir='ltr'>ἥδεσθαι</span> <span class='ocrx_word' id='word_1_642' title='bbox 3423 4318 3578 4371; x_wconf 87' lang='grc' dir='ltr'>κάτω</span> <span class='ocrx_word' id='word_1_643' title='bbox 3620 4311 3727 4386; x_wconf 78' lang='grc' dir='ltr'>βλέο</span> 
     </span>
    </p>
   </div>
   <div class='ocr_carea' id='block_1_83' title="bbox 455 4403 1989 4476">
    <p class='ocr_par' dir='ltr' id='par_1_83' title="bbox 455 4405 1989 4476">
     <span class='ocr_line' id='line_1_83' title="bbox 455 4405 1989 4476; baseline -0.005 -11"><span class='ocrx_word' id='word_1_644' title='bbox 455 4409 678 4465; x_wconf 88' lang='lat' dir='ltr'><strong>solitum</strong></span> <span class='ocrx_word' id='word_1_645' title='bbox 703 4448 718 4472; x_wconf 93' lang='lat'><strong>,</strong></span> <span class='ocrx_word' id='word_1_646' title='bbox 757 4423 884 4462; x_wconf 89' lang='lat' dir='ltr'><strong>cum</strong></span> <span class='ocrx_word' id='word_1_647' title='bbox 929 4405 1193 4462; x_wconf 84' lang='lat' dir='ltr'><strong>inferiora</strong></span> <span class='ocrx_word' id='word_1_648' title='bbox 1239 4406 1551 4476; x_wconf 88' lang='lat' dir='ltr'><strong>aspiceret,</strong></span> <span class='ocrx_word' id='word_1_649' title='bbox 1595 4405 1881 4476; x_wconf 83' lang='lat' dir='ltr'><strong>superiora</strong></span> <span class='ocrx_word' id='word_1_650' title='bbox 1911 4421 1989 4457; x_wconf 76' lang='lat' dir='ltr'><strong>vel</strong></span> 
     </span>
    </p>
   </div>
   <div class='ocr_carea' id='block_1_84' title="bbox 2192 4403 3726 4476">
    <p class='ocr_par' dir='ltr' id='par_1_84' title="bbox 2192 4403 3726 4476">
     <span class='ocr_line' id='line_1_84' title="bbox 2192 4403 3726 4476; baseline 0 -18"><span class='ocrx_word' id='word_1_651' title='bbox 2192 4423 2352 4458; x_wconf 88' lang='grc' dir='ltr'>οντα·</span> <span class='ocrx_word' id='word_1_652' title='bbox 2408 4403 2520 4458; x_wconf 89' lang='grc' dir='ltr'><strong>τῶν</strong></span> <span class='ocrx_word' id='word_1_653' title='bbox 2565 4403 2679 4458; x_wconf 83' lang='grc' dir='ltr'><strong>ἀνω</strong></span> <span class='ocrx_word' id='word_1_654' title='bbox 2706 4403 2762 4457; x_wconf 84' lang='grc' dir='ltr'>δὲ</span> <span class='ocrx_word' id='word_1_655' title='bbox 2801 4403 3024 4474; x_wconf 81' lang='grc' dir='ltr'>ἀμελεῖν</span> <span class='ocrx_word' id='word_1_656' title='bbox 3069 4421 3083 4435; x_wconf 88' lang='grc'><strong>·</strong></span> <span class='ocrx_word' id='word_1_657' title='bbox 3125 4403 3506 4476; x_wconf 84' lang='grc' dir='ltr'>δυσχεραίνειν</span> <span class='ocrx_word' id='word_1_658' title='bbox 3545 4406 3602 4460; x_wconf 83' lang='grc' dir='ltr'>δὲ</span> <span class='ocrx_word' id='word_1_659' title='bbox 3643 4404 3726 4459; x_wconf 75' lang='grc' dir='ltr'>καὶ</span> 
     </span>
    </p>
   </div>
   <div class='ocr_carea' id='block_1_85' title="bbox 457 4495 1991 4573">
    <p class='ocr_par' dir='ltr' id='par_1_85' title="bbox 457 4498 1991 4573">
     <span class='ocr_line' id='line_1_85' title="bbox 457 4498 1991 4573; baseline -0.004 -17"><span class='ocrx_word' id='word_1_660' title='bbox 457 4503 773 4573; x_wconf 85' lang='lat' dir='ltr'><strong>negligere:</strong></span> <span class='ocrx_word' id='word_1_661' title='bbox 809 4501 1047 4570; x_wconf 86' lang='lat' dir='ltr'><strong>graviter</strong></span> <span class='ocrx_word' id='word_1_662' title='bbox 1079 4507 1262 4554; x_wconf 90' lang='lat' dir='ltr'><strong>autem</strong></span> <span class='ocrx_word' id='word_1_663' title='bbox 1297 4501 1439 4554; x_wconf 80' lang='lat' dir='ltr'><strong>ferre</strong></span> <span class='ocrx_word' id='word_1_664' title='bbox 1463 4509 1518 4553; x_wconf 91' lang='lat' dir='ltr'><strong>et</strong></span> <span class='ocrx_word' id='word_1_665' title='bbox 1548 4498 1860 4569; x_wconf 90' lang='lat' dir='ltr'><strong>indignari,</strong></span> <span class='ocrx_word' id='word_1_666' title='bbox 1893 4512 1991 4567; x_wconf 79' lang='lat' dir='ltr'><strong>quc</strong></span> 
     </span>
    </p>
   </div>
   <div class='ocr_carea' id='block_1_86' title="bbox 2191 4495 3725 4573">
    <p class='ocr_par' dir='ltr' id='par_1_86' title="bbox 2191 4495 3725 4569">
     <span class='ocr_line' id='line_1_86' title="bbox 2191 4495 3725 4569; baseline 0 -18"><span class='ocrx_word' id='word_1_667' title='bbox 2191 4499 2464 4569; x_wconf 68' lang='grc' dir='ltr'>ίιγωρεῖν,</span> <span class='ocrx_word' id='word_1_668' title='bbox 2494 4498 2578 4550; x_wconf 85' lang='grc' dir='ltr'>ὅτι</span> <span class='ocrx_word' id='word_1_669' title='bbox 2631 4497 2705 4569; x_wconf 83' lang='grc' dir='ltr'>μὴ</span> <span class='ocrx_word' id='word_1_670' title='bbox 2757 4495 3112 4551; x_wconf 84' lang='grc' dir='ltr'>πεπτώκασιν</span> <span class='ocrx_word' id='word_1_671' title='bbox 3150 4497 3251 4568; x_wconf 71' lang='grc' dir='ltr'>ἤδη</span> <span class='ocrx_word' id='word_1_672' title='bbox 3277 4537 3293 4561; x_wconf 94' lang='grc'><strong>,</strong></span> <span class='ocrx_word' id='word_1_673' title='bbox 3339 4498 3434 4551; x_wconf 72' lang='grc' dir='ltr'>καὶ</span> <span class='ocrx_word' id='word_1_674' title='bbox 3477 4498 3557 4569; x_wconf 85' lang='grc' dir='ltr'>τῷ</span> <span class='ocrx_word' id='word_1_675' title='bbox 3597 4498 3725 4569; x_wconf 81' lang='grc' dir='ltr'>πρά-</span> 
     </span>
    </p>
   </div>
   <div class='ocr_carea' id='block_1_87' title="bbox 455 4569 1989 4664">
    <p class='ocr_par' dir='ltr' id='par_1_87' title="bbox 455 4569 1989 4664">
     <span class='ocr_line' id='line_1_87' title="bbox 455 4569 1989 4664; baseline -0.004 -15"><span class='ocrx_word' id='word_1_676' title='bbox 455 4569 701 4649; x_wconf 69' lang='grc' dir='ltr'>ιιοὶιάίιηι</span> <span class='ocrx_word' id='word_1_677' title='bbox 752 4569 918 4664; x_wconf 68' lang='grc'><strong>349</strong></span> <span class='ocrx_word' id='word_1_678' title='bbox 959 4593 1336 4659; x_wconf 88' lang='lat' dir='ltr'><strong>decidissent;</strong></span> <span class='ocrx_word' id='word_1_679' title='bbox 1387 4600 1554 4661; x_wconf 89' lang='lat' dir='ltr'><strong>atque</strong></span> <span class='ocrx_word' id='word_1_680' title='bbox 1622 4591 1678 4644; x_wconf 91' lang='lat' dir='ltr'><strong>in</strong></span> <span class='ocrx_word' id='word_1_681' title='bbox 1739 4591 1881 4644; x_wconf 91' lang='lat' dir='ltr'><strong>hanc</strong></span> <span class='ocrx_word' id='word_1_682' title='bbox 1925 4604 1989 4643; x_wconf 89' lang='lat' dir='ltr'><strong>re</strong></span> 
     </span>
    </p>
   </div>
   <div class='ocr_carea' id='block_1_88' title="bbox 2190 4569 3724 4664">
    <p class='ocr_par' dir='ltr' id='par_1_88' title="bbox 2190 4588 3724 4661">
     <span class='ocr_line' id='line_1_88' title="bbox 2190 4588 3724 4661; baseline -0.002 -18"><span class='ocrx_word' id='word_1_683' title='bbox 2190 4608 2316 4661; x_wconf 87' lang='grc' dir='ltr'>ματι</span> <span class='ocrx_word' id='word_1_684' title='bbox 2356 4590 2612 4654; x_wconf 82' lang='grc' dir='ltr'>πολλάκις</span> <span class='ocrx_word' id='word_1_685' title='bbox 2652 4588 2975 4660; x_wconf 87' lang='grc' dir='ltr'>ἐπιθέμενον</span> <span class='ocrx_word' id='word_1_686' title='bbox 3019 4589 3112 4642; x_wconf 79' lang='grc' dir='ltr'>καὶ</span> <span class='ocrx_word' id='word_1_687' title='bbox 3145 4589 3562 4661; x_wconf 85' lang='grc' dir='ltr'>ἀδυνατήσαντα</span> <span class='ocrx_word' id='word_1_688' title='bbox 3585 4631 3600 4655; x_wconf 92' lang='grc'><strong>,</strong></span> <span class='ocrx_word' id='word_1_689' title='bbox 3642 4589 3724 4643; x_wconf 76' lang='grc' dir='ltr'><strong>καὶ</strong></span> 
     </span>
    </p>
   </div>
   <div class='ocr_carea' id='block_1_89' title="bbox 457 4679 1991 4756">
    <p class='ocr_par' dir='ltr' id='par_1_89' title="bbox 457 4680 1991 4756">
     <span class='ocr_line' id='line_1_89' title="bbox 457 4680 1991 4756; baseline -0.005 -14"><span class='ocrx_word' id='word_1_690' title='bbox 457 4701 586 4742; x_wconf 92' lang='lat' dir='ltr'><strong>cnm</strong></span> <span class='ocrx_word' id='word_1_691' title='bbox 632 4701 776 4756; x_wconf 74' lang='lat' dir='ltr'><strong>saepe</strong></span> <span class='ocrx_word' id='word_1_692' title='bbox 823 4686 1200 4752; x_wconf 87' lang='lat' dir='ltr'><strong>incubuisset,</strong></span> <span class='ocrx_word' id='word_1_693' title='bbox 1235 4700 1336 4740; x_wconf 90' lang='lat' dir='ltr'><strong>nec</strong></span> <span class='ocrx_word' id='word_1_694' title='bbox 1364 4683 1725 4755; x_wconf 82' lang='lat' dir='ltr'><strong>profecisset,</strong></span> <span class='ocrx_word' id='word_1_695' title='bbox 1760 4689 1814 4736; x_wconf 90' lang='lat' dir='ltr'><strong>et</strong></span> <span class='ocrx_word' id='word_1_696' title='bbox 1853 4680 1991 4735; x_wconf 81' lang='lat' dir='ltr'><strong>acer]</strong></span> 
     </span>
    </p>
   </div>
   <div class='ocr_carea' id='block_1_90' title="bbox 2191 4679 3725 4756">
    <p class='ocr_par' dir='ltr' id='par_1_90' title="bbox 2191 4679 3725 4750">
     <span class='ocr_line' id='line_1_90' title="bbox 2191 4679 3725 4750; baseline 0.001 -18"><span class='ocrx_word' id='word_1_697' title='bbox 2191 4679 2482 4750; x_wconf 83' lang='grc' dir='ltr'>χθεσθῆναι</span> <span class='ocrx_word' id='word_1_698' title='bbox 2544 4679 2638 4732; x_wconf 76' lang='grc' dir='ltr'>καὶ</span> <span class='ocrx_word' id='word_1_699' title='bbox 2711 4679 3140 4750; x_wconf 87' lang='grc' dir='ltr'>ἐπαράσασθαι·</span> <span class='ocrx_word' id='word_1_700' title='bbox 3201 4681 3296 4734; x_wconf 76' lang='grc' dir='ltr'><strong>καὶ</strong></span> <span class='ocrx_word' id='word_1_701' title='bbox 3363 4681 3725 4736; x_wconf 81' lang='grc' dir='ltr'>ἀνανεύσαντα</span> 
     </span>
    </p>
   </div>
   <div class='ocr_carea' id='block_1_91' title="bbox 455 4768 1989 4847">
    <p class='ocr_par' dir='ltr' id='par_1_91' title="bbox 455 4774 1989 4846">
     <span class='ocr_line' id='line_1_91' title="bbox 455 4774 1989 4846; baseline -0.003 -13"><span class='ocrx_word' id='word_1_702' title='bbox 455 4778 684 4837; x_wconf 85' lang='lat' dir='ltr'><strong>tulisse,</strong></span> <span class='ocrx_word' id='word_1_703' title='bbox 727 4785 782 4832; x_wconf 93' lang='lat' dir='ltr'><strong>et</strong></span> <span class='ocrx_word' id='word_1_704' title='bbox 821 4777 962 4831; x_wconf 90' lang='lat' dir='ltr'><strong>male</strong></span> <span class='ocrx_word' id='word_1_705' title='bbox 1001 4785 1282 4846; x_wconf 88' lang='lat' dir='ltr'><strong>precatum</strong></span> <span class='ocrx_word' id='word_1_706' title='bbox 1323 4794 1487 4845; x_wconf 90' lang='lat' dir='ltr'><strong>esse;</strong></span> <span class='ocrx_word' id='word_1_707' title='bbox 1531 4791 1654 4832; x_wconf 90' lang='lat' dir='ltr'><strong>cum</strong></span> <span class='ocrx_word' id='word_1_708' title='bbox 1695 4775 1784 4827; x_wconf 80' lang='lat' dir='ltr'><strong>vix</strong></span> <span class='ocrx_word' id='word_1_709' title='bbox 1825 4774 1989 4828; x_wconf 88' lang='lat' dir='ltr'><strong>tande</strong></span> 
     </span>
    </p>
   </div>
   <div class='ocr_carea' id='block_1_92' title="bbox 2190 4768 3724 4847">
    <p class='ocr_par' dir='ltr' id='par_1_92' title="bbox 2190 4768 3724 4847">
     <span class='ocr_line' id='line_1_92' title="bbox 2190 4768 3724 4847; baseline 0.003 -22"><span class='ocrx_word' id='word_1_710' title='bbox 2190 4771 2305 4837; x_wconf 82' lang='grc' dir='ltr'>όλις</span> <span class='ocrx_word' id='word_1_711' title='bbox 2325 4813 2339 4837; x_wconf 91' lang='grc'><strong>,</strong></span> <span class='ocrx_word' id='word_1_712' title='bbox 2375 4772 2504 4826; x_wconf 88' lang='grc' dir='ltr'>ίδεῖν</span> <span class='ocrx_word' id='word_1_713' title='bbox 2535 4773 2633 4843; x_wconf 89' lang='grc' dir='ltr'>μὲν</span> <span class='ocrx_word' id='word_1_714' title='bbox 2663 4768 2817 4837; x_wconf 78' lang='grc' dir='ltr'>αὖθις</span> <span class='ocrx_word' id='word_1_715' title='bbox 2845 4773 2936 4828; x_wconf 84' lang='grc' dir='ltr'>τὸν</span> <span class='ocrx_word' id='word_1_716' title='bbox 2962 4773 3191 4846; x_wconf 83' lang='grc' dir='ltr'>οὐρανὸν</span> <span class='ocrx_word' id='word_1_717' title='bbox 3214 4815 3229 4840; x_wconf 90' lang='grc'><strong>,</strong></span> <span class='ocrx_word' id='word_1_718' title='bbox 3259 4775 3450 4847; x_wconf 85' lang='grc' dir='ltr'>ῶσπερ</span> <span class='ocrx_word' id='word_1_719' title='bbox 3484 4776 3576 4829; x_wconf 81' lang='grc' dir='ltr'>καὶ</span> <span class='ocrx_word' id='word_1_720' title='bbox 3605 4775 3724 4846; x_wconf 79' lang='grc' dir='ltr'>πρό-</span> 
     </span>
    </p>
   </div>
   <div class='ocr_carea' id='block_1_93' title="bbox 455 4865 1989 4940">
    <p class='ocr_par' dir='ltr' id='par_1_93' title="bbox 455 4865 1989 4940">
     <span class='ocr_line' id='line_1_93' title="bbox 455 4865 1989 4940; baseline -0.005 -14"><span class='ocrx_word' id='word_1_721' title='bbox 455 4870 656 4926; x_wconf 77' lang='grc' dir='ltr'>οωιιιῐη</span> <span class='ocrx_word' id='word_1_722' title='bbox 692 4869 1030 4939; x_wconf 80' lang='lat' dir='ltr'><strong>aspexisset,</strong></span> <span class='ocrx_word' id='word_1_723' title='bbox 1063 4869 1268 4925; x_wconf 88' lang='lat' dir='ltr'><strong>vidisse</strong></span> <span class='ocrx_word' id='word_1_724' title='bbox 1318 4870 1541 4940; x_wconf 89' lang='lat' dir='ltr'><strong>quidem</strong></span> <span class='ocrx_word' id='word_1_725' title='bbox 1591 4865 1726 4922; x_wconf 91' lang='lat' dir='ltr'><strong>illud</strong></span> <span class='ocrx_word' id='word_1_726' title='bbox 1776 4881 1989 4921; x_wconf 84' lang='lat' dir='ltr'><strong>rursum</strong></span> 
     </span>
    </p>
   </div>
   <div class='ocr_carea' id='block_1_94' title="bbox 2192 4865 3726 4940">
    <p class='ocr_par' dir='ltr' id='par_1_94' title="bbox 2192 4865 3726 4939">
     <span class='ocr_line' id='line_1_94' title="bbox 2192 4865 3726 4939; baseline 0.001 -21"><span class='ocrx_word' id='word_1_727' title='bbox 2192 4883 2305 4938; x_wconf 79' lang='grc' dir='ltr'>ερον</span> <span class='ocrx_word' id='word_1_728' title='bbox 2332 4866 2588 4938; x_wconf 79' lang='grc' dir='ltr'>ἑωράκει·</span> <span class='ocrx_word' id='word_1_729' title='bbox 2622 4865 2715 4918; x_wconf 81' lang='grc' dir='ltr'>τὸν</span> <span class='ocrx_word' id='word_1_730' title='bbox 2742 4865 2799 4918; x_wconf 75' lang='grc' dir='ltr'>δὲ</span> <span class='ocrx_word' id='word_1_731' title='bbox 2840 4865 3069 4938; x_wconf 80' lang='grc' dir='ltr'>Ἰησοῦν,</span> <span class='ocrx_word' id='word_1_732' title='bbox 3101 4867 3406 4939; x_wconf 79' lang='grc' dir='ltr'>ἐλεήσαντα</span> <span class='ocrx_word' id='word_1_733' title='bbox 3446 4867 3510 4920; x_wconf 77' lang='grc' dir='ltr'>τὸ</span> <span class='ocrx_word' id='word_1_734' title='bbox 3555 4869 3726 4937; x_wconf 83' lang='grc' dir='ltr'>γιγνό-</span> 
     </span>
    </p>
   </div>
   <div class='ocr_carea' id='block_1_95' title="bbox 454 4955 1988 5033">
    <p class='ocr_par' dir='ltr' id='par_1_95' title="bbox 454 4955 1988 5033">
     <span class='ocr_line' id='line_1_95' title="bbox 454 4955 1988 5033; baseline -0.005 -17"><span class='ocrx_word' id='word_1_735' title='bbox 454 4959 916 5033; x_wconf 90' lang='lat' dir='ltr'><strong>quemadmodum</strong></span> <span class='ocrx_word' id='word_1_736' title='bbox 949 4962 1115 5016; x_wconf 89' lang='lat' dir='ltr'><strong>etiam</strong></span> <span class='ocrx_word' id='word_1_737' title='bbox 1151 4968 1312 5015; x_wconf 88' lang='lat' dir='ltr'><strong>antea</strong></span> <span class='ocrx_word' id='word_1_738' title='bbox 1340 4959 1591 5024; x_wconf 85' lang='lat' dir='ltr'><strong>viderat;</strong></span> <span class='ocrx_word' id='word_1_739' title='bbox 1623 4955 1810 5012; x_wconf 87' lang='lat' dir='ltr'><strong>Jesum</strong></span> <span class='ocrx_word' id='word_1_740' title='bbox 1841 4965 1988 5012; x_wconf 81' lang='lat' dir='ltr'><strong>auter</strong></span> 
     </span>
    </p>
   </div>
   <div class='ocr_carea' id='block_1_96' title="bbox 2189 4955 3723 5033">
    <p class='ocr_par' dir='ltr' id='par_1_96' title="bbox 2189 4957 3723 5032">
     <span class='ocr_line' id='line_1_96' title="bbox 2189 4957 3723 5032; baseline -0.002 -21"><span class='ocrx_word' id='word_1_741' title='bbox 2189 4975 2332 5023; x_wconf 89' lang='grc' dir='ltr'>ενον,</span> <span class='ocrx_word' id='word_1_742' title='bbox 2365 4958 2727 5028; x_wconf 78' lang='grc' dir='ltr'>ἐξαναστῆναι</span> <span class='ocrx_word' id='word_1_743' title='bbox 2769 4957 2864 5012; x_wconf 88' lang='grc' dir='ltr'><strong>τοῦ</strong></span> <span class='ocrx_word' id='word_1_744' title='bbox 2911 4958 3307 5031; x_wconf 88' lang='grc' dir='ltr'>ὑπερουρανίου</span> <span class='ocrx_word' id='word_1_745' title='bbox 3359 4959 3589 5032; x_wconf 84' lang='grc' dir='ltr'>θρόνου,</span> <span class='ocrx_word' id='word_1_746' title='bbox 3638 4957 3723 5013; x_wconf 76' lang='grc' dir='ltr'>καὶ</span> 
     </span>
    </p>
   </div>
   <div class='ocr_carea' id='block_1_97' title="bbox 456 5050 1990 5126">
    <p class='ocr_par' dir='ltr' id='par_1_97' title="bbox 456 5051 1990 5126">
     <span class='ocr_line' id='line_1_97' title="bbox 456 5051 1990 5126; baseline -0.005 -18"><span class='ocrx_word' id='word_1_747' title='bbox 456 5071 620 5126; x_wconf 86' lang='lat' dir='ltr'><strong>quem</strong></span> <span class='ocrx_word' id='word_1_748' title='bbox 653 5053 721 5109; x_wconf 86' lang='lat' dir='ltr'><strong>ad</strong></span> <span class='ocrx_word' id='word_1_749' title='bbox 747 5052 1186 5108; x_wconf 86' lang='lat' dir='ltr'><strong>misericordiam</strong></span> <span class='ocrx_word' id='word_1_750' title='bbox 1217 5051 1271 5106; x_wconf 86' lang='lat' dir='ltr'><strong>id</strong></span> <span class='ocrx_word' id='word_1_751' title='bbox 1299 5052 1445 5122; x_wconf 90' lang='lat' dir='ltr'><strong>quod</strong></span> <span class='ocrx_word' id='word_1_752' title='bbox 1476 5052 1768 5120; x_wconf 83' lang='lat' dir='ltr'><strong>gerebatur</strong></span> <span class='ocrx_word' id='word_1_753' title='bbox 1803 5063 1990 5104; x_wconf 77' lang='lat' dir='ltr'><strong>comm</strong></span> 
     </span>
    </p>
   </div>
   <div class='ocr_carea' id='block_1_98' title="bbox 2186 5050 3720 5126">
    <p class='ocr_par' dir='ltr' id='par_1_98' title="bbox 2186 5051 3720 5124">
     <span class='ocr_line' id='line_1_98' title="bbox 2186 5051 3720 5124; baseline 0.001 -21"><span class='ocrx_word' id='word_1_754' title='bbox 2186 5067 2254 5113; x_wconf 83' lang='grc' dir='ltr'><strong>ως</strong></span> <span class='ocrx_word' id='word_1_755' title='bbox 2280 5051 2461 5104; x_wconf 77' lang='grc' dir='ltr'>αὐτῶν</span> <span class='ocrx_word' id='word_1_756' title='bbox 2509 5051 2857 5116; x_wconf 80' lang='grc' dir='ltr'>καταϐάντα,</span> <span class='ocrx_word' id='word_1_757' title='bbox 2891 5052 2985 5106; x_wconf 80' lang='grc' dir='ltr'>καὶ</span> <span class='ocrx_word' id='word_1_758' title='bbox 3023 5054 3182 5124; x_wconf 91' lang='grc' dir='ltr'>χεῖρα</span> <span class='ocrx_word' id='word_1_759' title='bbox 3223 5051 3437 5123; x_wconf 86' lang='grc' dir='ltr'>ἀγαθὴν</span> <span class='ocrx_word' id='word_1_760' title='bbox 3478 5052 3720 5124; x_wconf 84' lang='grc' dir='ltr'>ὀρέγειν,</span> 
     </span>
    </p>
   </div>
   <div class='ocr_carea' id='block_1_99' title="bbox 453 5142 1987 5216">
    <p class='ocr_par' dir='ltr' id='par_1_99' title="bbox 453 5142 1987 5216">
     <span class='ocr_line' id='line_1_99' title="bbox 453 5142 1987 5216; baseline -0.004 -16"><span class='ocrx_word' id='word_1_761' title='bbox 453 5147 663 5210; x_wconf 92' lang='lat' dir='ltr'><strong>visset,</strong></span> <span class='ocrx_word' id='word_1_762' title='bbox 712 5161 938 5200; x_wconf 90' lang='lat' dir='ltr'><strong>manum</strong></span> <span class='ocrx_word' id='word_1_763' title='bbox 979 5144 1272 5216; x_wconf 87' lang='lat' dir='ltr'><strong>benignam</strong></span> <span class='ocrx_word' id='word_1_764' title='bbox 1314 5144 1667 5215; x_wconf 77' lang='lat' dir='ltr'><strong>porrexisse,</strong></span> <span class='ocrx_word' id='word_1_765' title='bbox 1715 5151 1770 5198; x_wconf 86' lang='lat' dir='ltr'><strong>et</strong></span> <span class='ocrx_word' id='word_1_766' title='bbox 1821 5142 1987 5212; x_wconf 51' lang='lat' dir='ltr'><strong>angeli</strong></span> 
     </span>
    </p>
   </div>
   <div class='ocr_carea' id='block_1_100' title="bbox 2187 5142 3721 5216">
    <p class='ocr_par' dir='ltr' id='par_1_100' title="bbox 2187 5143 3721 5216">
     <span class='ocr_line' id='line_1_100' title="bbox 2187 5143 3721 5216; baseline -0.001 -21"><span class='ocrx_word' id='word_1_767' title='bbox 2187 5143 2240 5196; x_wconf 79' lang='grc' dir='ltr'>αὶ</span> <span class='ocrx_word' id='word_1_768' title='bbox 2270 5145 2398 5208; x_wconf 80' lang='grc' dir='ltr'>τοὺς</span> <span class='ocrx_word' id='word_1_769' title='bbox 2427 5143 2690 5213; x_wconf 82' lang='grc' dir='ltr'>ἀγγέλους</span> <span class='ocrx_word' id='word_1_770' title='bbox 2719 5144 2870 5216; x_wconf 82' lang='grc' dir='ltr'>αὐτῷ</span> <span class='ocrx_word' id='word_1_771' title='bbox 2900 5143 3559 5215; x_wconf 78' lang='grc' dir='ltr'>συνεπιλαμϐανομένους,</span> <span class='ocrx_word' id='word_1_772' title='bbox 3577 5143 3721 5197; x_wconf 82' lang='grc' dir='ltr'>ἀλλον</span> 
     </span>
    </p>
   </div>
   <div class='ocr_carea' id='block_1_101' title="bbox 453 5233 1987 5311">
    <p class='ocr_par' dir='ltr' id='par_1_101' title="bbox 453 5236 1987 5311">
     <span class='ocr_line' id='line_1_101' title="bbox 453 5236 1987 5311; baseline -0.006 -16"><span class='ocrx_word' id='word_1_773' title='bbox 453 5242 548 5311; x_wconf 90' lang='lat' dir='ltr'><strong>qui</strong></span> <span class='ocrx_word' id='word_1_774' title='bbox 577 5255 684 5294; x_wconf 90' lang='lat' dir='ltr'><strong>una</strong></span> <span class='ocrx_word' id='word_1_775' title='bbox 717 5240 979 5294; x_wconf 82' lang='lat' dir='ltr'><strong>auxilium</strong></span> <span class='ocrx_word' id='word_1_776' title='bbox 1012 5237 1250 5303; x_wconf 81' lang='lat' dir='ltr'><strong>ferrent,</strong></span> <span class='ocrx_word' id='word_1_777' title='bbox 1282 5237 1433 5292; x_wconf 90' lang='lat' dir='ltr'><strong>viros</strong></span> <span class='ocrx_word' id='word_1_778' title='bbox 1463 5237 1630 5290; x_wconf 87' lang='lat' dir='ltr'><strong>alium</strong></span> <span class='ocrx_word' id='word_1_779' title='bbox 1662 5236 1766 5290; x_wconf 89' lang='lat' dir='ltr'><strong>alia</strong></span> <span class='ocrx_word' id='word_1_780' title='bbox 1796 5250 1862 5289; x_wconf 80' lang='lat' dir='ltr'><strong>ex</strong></span> <span class='ocrx_word' id='word_1_781' title='bbox 1892 5249 1987 5304; x_wconf 88' lang='lat' dir='ltr'><strong>par</strong></span> 
     </span>
    </p>
   </div>
   <div class='ocr_carea' id='block_1_102' title="bbox 2188 5233 3722 5311">
    <p class='ocr_par' dir='ltr' id='par_1_102' title="bbox 2188 5233 3722 5310">
     <span class='ocr_line' id='line_1_102' title="bbox 2188 5233 3722 5310; baseline -0.001 -21"><span class='ocrx_word' id='word_1_782' title='bbox 2188 5236 2366 5289; x_wconf 87' lang='grc' dir='ltr'>λλοθεν</span> <span class='ocrx_word' id='word_1_783' title='bbox 2425 5237 2750 5308; x_wconf 85' lang='grc' dir='ltr'>ἀντέχεσθαι</span> <span class='ocrx_word' id='word_1_784' title='bbox 2801 5239 2917 5291; x_wconf 87' lang='grc' dir='ltr'>τοῖν</span> <span class='ocrx_word' id='word_1_785' title='bbox 2974 5237 3188 5310; x_wconf 85' lang='grc' dir='ltr'>ἀνδροῖν</span> <span class='ocrx_word' id='word_1_786' title='bbox 3221 5253 3235 5266; x_wconf 92' lang='grc'><strong>·</strong></span> <span class='ocrx_word' id='word_1_787' title='bbox 3271 5236 3366 5290; x_wconf 78' lang='grc' dir='ltr'>καὶ</span> <span class='ocrx_word' id='word_1_788' title='bbox 3424 5239 3602 5290; x_wconf 83' lang='grc' dir='ltr'>εἰπεῖν</span> <span class='ocrx_word' id='word_1_789' title='bbox 3651 5233 3722 5305; x_wconf 83' lang='grc' dir='ltr'>τῷ</span> 
     </span>
    </p>
   </div>
   <div class='ocr_carea' id='block_1_103' title="bbox 455 5327 1989 5402">
    <p class='ocr_par' dir='ltr' id='par_1_103' title="bbox 455 5327 1989 5401">
     <span class='ocr_line' id='line_1_103' title="bbox 455 5327 1989 5401; baseline -0.004 -16"><span class='ocrx_word' id='word_1_790' title='bbox 455 5331 784 5398; x_wconf 90' lang='lat' dir='ltr'><strong>retinuisse,</strong></span> <span class='ocrx_word' id='word_1_791' title='bbox 814 5331 1129 5401; x_wconf 77' lang='lat' dir='ltr'><strong>dixisseque</strong></span> <span class='ocrx_word' id='word_1_792' title='bbox 1154 5330 1334 5400; x_wconf 91' lang='lat' dir='ltr'><strong>Carpo</strong></span> <span class='ocrx_word' id='word_1_793' title='bbox 1365 5327 1552 5384; x_wconf 85' lang='lat' dir='ltr'><strong>Jesum</strong></span> <span class='ocrx_word' id='word_1_794' title='bbox 1585 5338 1839 5399; x_wconf 87' lang='lat' dir='ltr'><strong>porrecta</strong></span> <span class='ocrx_word' id='word_1_795' title='bbox 1865 5327 1989 5382; x_wconf 77' lang='lat' dir='ltr'><strong>adht</strong></span> 
     </span>
    </p>
   </div>
   <div class='ocr_carea' id='block_1_104' title="bbox 2182 5327 3716 5402">
    <p class='ocr_par' dir='ltr' id='par_1_104' title="bbox 2182 5328 3716 5402">
     <span class='ocr_line' id='line_1_104' title="bbox 2182 5328 3716 5402; baseline 0.001 -21"><span class='ocrx_word' id='word_1_796' title='bbox 2182 5328 2360 5400; x_wconf 68' lang='lat' dir='ltr'><strong>Ldpmp</strong></span> <span class='ocrx_word' id='word_1_797' title='bbox 2383 5329 2475 5382; x_wconf 77' lang='grc' dir='ltr'>τὸν</span> <span class='ocrx_word' id='word_1_798' title='bbox 2518 5329 2725 5400; x_wconf 80' lang='grc' dir='ltr'>Ἰησοῦν</span> <span class='ocrx_word' id='word_1_799' title='bbox 2744 5369 2759 5392; x_wconf 89' lang='grc'><strong>,</strong></span> <span class='ocrx_word' id='word_1_800' title='bbox 2790 5330 2892 5399; x_wconf 79' lang='grc' dir='ltr'>τῆς</span> <span class='ocrx_word' id='word_1_801' title='bbox 2919 5330 3103 5402; x_wconf 79' lang='grc' dir='ltr'>χειρὸς</span> <span class='ocrx_word' id='word_1_802' title='bbox 3130 5329 3232 5401; x_wconf 75' lang='grc' dir='ltr'>ήδη</span> <span class='ocrx_word' id='word_1_803' title='bbox 3263 5329 3677 5400; x_wconf 84' lang='grc' dir='ltr'>προτεταμένης</span> <span class='ocrx_word' id='word_1_804' title='bbox 3704 5343 3716 5356; x_wconf 80' lang='grc'><strong><em>⁸</em></strong></span> 
     </span>
    </p>
   </div>
   <div class='ocr_carea' id='block_1_105' title="bbox 457 5420 1991 5495">
    <p class='ocr_par' dir='ltr' id='par_1_105' title="bbox 457 5421 1991 5494">
     <span class='ocr_line' id='line_1_105' title="bbox 457 5421 1991 5494; baseline -0.003 -17"><span class='ocrx_word' id='word_1_805' title='bbox 457 5438 621 5478; x_wconf 92' lang='lat' dir='ltr'><strong>manu</strong></span> <span class='ocrx_word' id='word_1_806' title='bbox 660 5443 674 5480; x_wconf 88' lang='lat'><strong>:</strong></span> <span class='ocrx_word' id='word_1_807' title='bbox 711 5445 732 5475; x_wconf 73' lang='grc' dir='ltr'><strong>ι</strong></span> <span class='ocrx_word' id='word_1_808' title='bbox 763 5421 886 5480; x_wconf 85' lang='lat' dir='ltr'><strong>Feri</strong></span> <span class='ocrx_word' id='word_1_809' title='bbox 917 5440 1004 5480; x_wconf 90' lang='lat' dir='ltr'><strong>me</strong></span> <span class='ocrx_word' id='word_1_810' title='bbox 1025 5425 1176 5494; x_wconf 89' lang='lat' dir='ltr'><strong>jam;</strong></span> <span class='ocrx_word' id='word_1_811' title='bbox 1220 5429 1446 5492; x_wconf 89' lang='lat' dir='ltr'><strong>paratus</strong></span> <span class='ocrx_word' id='word_1_812' title='bbox 1471 5438 1591 5477; x_wconf 89' lang='lat' dir='ltr'><strong>sum</strong></span> <span class='ocrx_word' id='word_1_813' title='bbox 1617 5421 1763 5476; x_wconf 90' lang='lat' dir='ltr'><strong>enim</strong></span> <span class='ocrx_word' id='word_1_814' title='bbox 1796 5435 1991 5474; x_wconf 86' lang='lat' dir='ltr'><strong>rursun</strong></span> 
     </span>
    </p>
   </div>
   <div class='ocr_carea' id='block_1_106' title="bbox 2184 5420 3718 5495">
    <p class='ocr_par' dir='ltr' id='par_1_106' title="bbox 2208 5420 3718 5495">
     <span class='ocr_line' id='line_1_106' title="bbox 2208 5420 3718 5495; baseline -0.001 -20"><span class='ocrx_word' id='word_1_815' title='bbox 2208 5424 2344 5476; x_wconf 90' lang='grc' dir='ltr'>Παῖε</span> <span class='ocrx_word' id='word_1_816' title='bbox 2372 5423 2492 5477; x_wconf 88' lang='grc' dir='ltr'>κατ’</span> <span class='ocrx_word' id='word_1_817' title='bbox 2525 5423 2659 5495; x_wconf 88' lang='grc' dir='ltr'>ἐμοῦ</span> <span class='ocrx_word' id='word_1_818' title='bbox 2691 5423 2896 5477; x_wconf 75' lang='grc' dir='ltr'>λοιπὸνο</span> <span class='ocrx_word' id='word_1_819' title='bbox 2926 5423 3142 5494; x_wconf 71' lang='grc' dir='ltr'>ἕτοιμος</span> <span class='ocrx_word' id='word_1_820' title='bbox 3172 5423 3281 5494; x_wconf 89' lang='grc' dir='ltr'><strong>γάρ</strong></span> <span class='ocrx_word' id='word_1_821' title='bbox 3305 5424 3422 5493; x_wconf 80' lang='grc' dir='ltr'>εἰμι</span> <span class='ocrx_word' id='word_1_822' title='bbox 3467 5422 3562 5476; x_wconf 73' lang='grc' dir='ltr'><strong>καὶ</strong></span> <span class='ocrx_word' id='word_1_823' title='bbox 3591 5420 3718 5489; x_wconf 80' lang='grc' dir='ltr'>ὑπὲρ</span> 
     </span>
    </p>
   </div>
   <div class='ocr_carea' id='block_1_107' title="bbox 454 5510 1988 5586">
    <p class='ocr_par' dir='ltr' id='par_1_107' title="bbox 454 5512 1988 5583">
     <span class='ocr_line' id='line_1_107' title="bbox 454 5512 1988 5583; baseline -0.004 -13"><span class='ocrx_word' id='word_1_824' title='bbox 454 5516 652 5571; x_wconf 79' lang='lat' dir='ltr'><strong>salutis</strong></span> <span class='ocrx_word' id='word_1_825' title='bbox 692 5516 978 5570; x_wconf 89' lang='lat' dir='ltr'><strong>hominum</strong></span> <span class='ocrx_word' id='word_1_826' title='bbox 1022 5529 1214 5579; x_wconf 88' lang='lat' dir='ltr'><strong>causa,</strong></span> <span class='ocrx_word' id='word_1_827' title='bbox 1247 5522 1477 5568; x_wconf 89' lang='lat' dir='ltr'><strong>mortem</strong></span> <span class='ocrx_word' id='word_1_828' title='bbox 1508 5513 1756 5583; x_wconf 89' lang='lat' dir='ltr'><strong>perpeti:</strong></span> <span class='ocrx_word' id='word_1_829' title='bbox 1799 5512 1988 5582; x_wconf 88' lang='lat' dir='ltr'><strong>mihin</strong></span> 
     </span>
    </p>
   </div>
   <div class='ocr_carea' id='block_1_108' title="bbox 2180 5510 3714 5586">
    <p class='ocr_par' dir='ltr' id='par_1_108' title="bbox 2181 5510 3714 5586">
     <span class='ocr_line' id='line_1_108' title="bbox 2181 5510 3714 5586; baseline 0.004 -19"><span class='ocrx_word' id='word_1_830' title='bbox 2181 5513 2446 5586; x_wconf 86' lang='grc' dir='ltr'>νθρώπων</span> <span class='ocrx_word' id='word_1_831' title='bbox 2500 5515 2932 5585; x_wconf 79' lang='grc' dir='ltr'>ἀνασωζομένων</span> <span class='ocrx_word' id='word_1_832' title='bbox 2989 5514 3221 5578; x_wconf 83' lang='grc' dir='ltr'>παθεῖν,</span> <span class='ocrx_word' id='word_1_833' title='bbox 3281 5513 3377 5567; x_wconf 75' lang='grc' dir='ltr'>καὶ</span> <span class='ocrx_word' id='word_1_834' title='bbox 3427 5510 3714 5584; x_wconf 79' lang='grc' dir='ltr'>προσφιλές</span> 
     </span>
    </p>
   </div>
   <div class='ocr_carea' id='block_1_109' title="bbox 459 5603 1993 5678">
    <p class='ocr_par' dir='ltr' id='par_1_109' title="bbox 459 5605 1988 5677">
     <span class='ocr_line' id='line_1_109' title="bbox 459 5605 1988 5677; baseline -0.001 -18"><span class='ocrx_word' id='word_1_835' title='bbox 459 5605 563 5660; x_wconf 89' lang='lat' dir='ltr'><strong>hoc</strong></span> <span class='ocrx_word' id='word_1_836' title='bbox 593 5615 909 5677; x_wconf 90' lang='lat' dir='ltr'><strong>pergratum</strong></span> <span class='ocrx_word' id='word_1_837' title='bbox 939 5616 1023 5662; x_wconf 91' lang='lat' dir='ltr'><strong>est</strong></span> <span class='ocrx_word' id='word_1_838' title='bbox 1042 5647 1057 5671; x_wconf 93' lang='lat'><strong>,</strong></span> <span class='ocrx_word' id='word_1_839' title='bbox 1091 5606 1221 5661; x_wconf 92' lang='lat' dir='ltr'><strong>dum</strong></span> <span class='ocrx_word' id='word_1_840' title='bbox 1247 5606 1340 5659; x_wconf 90' lang='lat' dir='ltr'><strong>alii</strong></span> <span class='ocrx_word' id='word_1_841' title='bbox 1365 5605 1616 5658; x_wconf 89' lang='lat' dir='ltr'><strong>homines</strong></span> <span class='ocrx_word' id='word_1_842' title='bbox 1647 5620 1754 5657; x_wconf 91' lang='lat' dir='ltr'><strong>non</strong></span> <span class='ocrx_word' id='word_1_843' title='bbox 1785 5619 1988 5674; x_wconf 88' lang='lat' dir='ltr'><strong>peccen</strong></span> 
     </span>
    </p>
   </div>
   <div class='ocr_carea' id='block_1_110' title="bbox 2179 5603 3713 5678">
    <p class='ocr_par' dir='ltr' id='par_1_110' title="bbox 2179 5603 3713 5678">
     <span class='ocr_line' id='line_1_110' title="bbox 2179 5603 3713 5678; baseline -0.003 -19"><span class='ocrx_word' id='word_1_844' title='bbox 2179 5623 2235 5659; x_wconf 60' lang='grc' dir='ltr'>μοι</span> <span class='ocrx_word' id='word_1_845' title='bbox 2258 5604 2436 5670; x_wconf 91' lang='grc' dir='ltr'>τοῦτο,</span> <span class='ocrx_word' id='word_1_846' title='bbox 2460 5606 2532 5677; x_wconf 83' lang='grc' dir='ltr'>μὴ</span> <span class='ocrx_word' id='word_1_847' title='bbox 2561 5607 2735 5662; x_wconf 87' lang='grc' dir='ltr'>ἄλλων</span> <span class='ocrx_word' id='word_1_848' title='bbox 2764 5608 3188 5678; x_wconf 80' lang='grc' dir='ltr'>ἁμαρτανόντων</span> <span class='ocrx_word' id='word_1_849' title='bbox 3217 5604 3314 5659; x_wconf 90' lang='grc' dir='ltr'><strong>ἀνθ</strong></span> <span class='ocrx_word' id='word_1_850' title='bbox 3323 5605 3542 5677; x_wconf 83' lang='grc' dir='ltr'>ρώπων.</span> <span class='ocrx_word' id='word_1_851' title='bbox 3575 5603 3713 5674; x_wconf 79' lang='grc' dir='ltr'>Πλὴν</span> 
     </span>
    </p>
   </div>
   <div class='ocr_carea' id='block_1_111' title="bbox 459 5695 1993 5770">
    <p class='ocr_par' dir='ltr' id='par_1_111' title="bbox 459 5695 1993 5760">
     <span class='ocr_line' id='line_1_111' title="bbox 459 5695 1993 5760; baseline -0.002 -9"><span class='ocrx_word' id='word_1_852' title='bbox 459 5695 569 5751; x_wconf 83' lang='lat' dir='ltr'><strong>Sed</strong></span> <span class='ocrx_word' id='word_1_853' title='bbox 596 5697 724 5751; x_wconf 93' lang='lat' dir='ltr'><strong>vide</strong></span> <span class='ocrx_word' id='word_1_854' title='bbox 745 5739 759 5760; x_wconf 92' lang='lat'><strong>,</strong></span> <span class='ocrx_word' id='word_1_855' title='bbox 793 5714 926 5752; x_wconf 77' lang='lat' dir='ltr'><strong>nun</strong></span> <span class='ocrx_word' id='word_1_856' title='bbox 958 5697 1055 5752; x_wconf 90' lang='lat' dir='ltr'><strong>tibi</strong></span> <span class='ocrx_word' id='word_1_857' title='bbox 1089 5697 1222 5752; x_wconf 91' lang='lat' dir='ltr'><strong>utile</strong></span> <span class='ocrx_word' id='word_1_858' title='bbox 1253 5697 1325 5752; x_wconf 89' lang='lat' dir='ltr'><strong>sit</strong></span> <span class='ocrx_word' id='word_1_859' title='bbox 1354 5697 1498 5750; x_wconf 89' lang='lat' dir='ltr'><strong>hanc</strong></span> <span class='ocrx_word' id='word_1_860' title='bbox 1529 5697 1583 5750; x_wconf 89' lang='lat' dir='ltr'><strong>in</strong></span> <span class='ocrx_word' id='word_1_861' title='bbox 1617 5695 1768 5750; x_wconf 89' lang='lat' dir='ltr'><strong>hiatu</strong></span> <span class='ocrx_word' id='word_1_862' title='bbox 1807 5706 1863 5751; x_wconf 90' lang='lat' dir='ltr'><strong>et</strong></span> <span class='ocrx_word' id='word_1_863' title='bbox 1912 5711 1993 5750; x_wconf 77' lang='grc' dir='ltr'>ευ]</span> 
     </span>
    </p>
   </div>
   <div class='ocr_carea' id='block_1_112' title="bbox 2176 5695 3710 5770">
    <p class='ocr_par' dir='ltr' id='par_1_112' title="bbox 2177 5696 3710 5770">
     <span class='ocr_line' id='line_1_112' title="bbox 2177 5696 3710 5770; baseline -0.001 -20"><span class='ocrx_word' id='word_1_864' title='bbox 2177 5715 2276 5768; x_wconf 88' lang='grc' dir='ltr'><strong>ρα,</strong></span> <span class='ocrx_word' id='word_1_865' title='bbox 2330 5699 2378 5750; x_wconf 84' lang='grc' dir='ltr'><strong>εί</strong></span> <span class='ocrx_word' id='word_1_866' title='bbox 2425 5698 2607 5762; x_wconf 86' lang='grc' dir='ltr'>καλῶς</span> <span class='ocrx_word' id='word_1_867' title='bbox 2658 5699 2770 5770; x_wconf 79' lang='grc' dir='ltr'>ἔχει</span> <span class='ocrx_word' id='word_1_868' title='bbox 2815 5715 2940 5764; x_wconf 91' lang='grc' dir='ltr'>σοι,</span> <span class='ocrx_word' id='word_1_869' title='bbox 2973 5699 3075 5769; x_wconf 83' lang='grc' dir='ltr'>τὴν</span> <span class='ocrx_word' id='word_1_870' title='bbox 3115 5701 3174 5751; x_wconf 80' lang='grc' dir='ltr'><strong>ἐν</strong></span> <span class='ocrx_word' id='word_1_871' title='bbox 3218 5698 3299 5768; x_wconf 80' lang='grc' dir='ltr'>τῷ</span> <span class='ocrx_word' id='word_1_872' title='bbox 3339 5698 3583 5770; x_wconf 85' lang='grc' dir='ltr'>χάσματι</span> <span class='ocrx_word' id='word_1_873' title='bbox 3626 5696 3710 5751; x_wconf 80' lang='grc' dir='ltr'>καὶ</span> 
     </span>
    </p>
   </div>
   <div class='ocr_carea' id='block_1_113' title="bbox 457 5786 1991 5862">
    <p class='ocr_par' dir='ltr' id='par_1_113' title="bbox 457 5786 1991 5858">
     <span class='ocr_line' id='line_1_113' title="bbox 457 5786 1991 5858; baseline -0.001 -15"><span class='ocrx_word' id='word_1_874' title='bbox 457 5788 810 5858; x_wconf 83' lang='lat' dir='ltr'><strong>serpentibus</strong></span> <span class='ocrx_word' id='word_1_875' title='bbox 849 5789 1188 5844; x_wconf 89' lang='lat' dir='ltr'><strong>mansionem</strong></span> <span class='ocrx_word' id='word_1_876' title='bbox 1211 5828 1226 5853; x_wconf 91' lang='lat'><strong>,</strong></span> <span class='ocrx_word' id='word_1_877' title='bbox 1257 5787 1530 5843; x_wconf 89' lang='lat' dir='ltr'><strong>mansioni</strong></span> <span class='ocrx_word' id='word_1_878' title='bbox 1561 5803 1686 5842; x_wconf 88' lang='lat' dir='ltr'><strong>cum</strong></span> <span class='ocrx_word' id='word_1_879' title='bbox 1721 5786 1831 5842; x_wconf 83' lang='lat' dir='ltr'><strong>Deo</strong></span> <span class='ocrx_word' id='word_1_880' title='bbox 1859 5795 1914 5842; x_wconf 87' lang='lat' dir='ltr'><strong>et</strong></span> <span class='ocrx_word' id='word_1_881' title='bbox 1945 5789 1991 5842; x_wconf 42' lang='lat' dir='ltr'><strong>bl</strong></span> 
     </span>
    </p>
   </div>
   <div class='ocr_carea' id='block_1_114' title="bbox 2175 5786 3709 5862">
    <p class='ocr_par' dir='ltr' id='par_1_114' title="bbox 2175 5788 3709 5862">
     <span class='ocr_line' id='line_1_114' title="bbox 2175 5788 3709 5862; baseline -0.001 -20"><span class='ocrx_word' id='word_1_882' title='bbox 2175 5789 2284 5842; x_wconf 78' lang='grc' dir='ltr'><strong>ιετά</strong></span> <span class='ocrx_word' id='word_1_883' title='bbox 2333 5789 2442 5844; x_wconf 87' lang='grc' dir='ltr'><strong>τῶν</strong></span> <span class='ocrx_word' id='word_1_884' title='bbox 2491 5790 2668 5861; x_wconf 73' lang='grc' dir='ltr'>ὄφεων</span> <span class='ocrx_word' id='word_1_885' title='bbox 2723 5792 2892 5862; x_wconf 87' lang='grc' dir='ltr'>μονὴν</span> <span class='ocrx_word' id='word_1_886' title='bbox 2943 5788 3379 5854; x_wconf 80' lang='grc' dir='ltr'>ἀνταλλάξασθαι</span> <span class='ocrx_word' id='word_1_887' title='bbox 3427 5791 3529 5861; x_wconf 84' lang='grc' dir='ltr'><strong>τῆς</strong></span> <span class='ocrx_word' id='word_1_888' title='bbox 3584 5788 3709 5861; x_wconf 83' lang='grc' dir='ltr'><strong>μετά</strong></span> 
     </span>
    </p>
   </div>
   <div class='ocr_carea' id='block_1_115' title="bbox 460 5877 1994 5958">
    <p class='ocr_par' dir='ltr' id='par_1_115' title="bbox 460 5877 1984 5952">
     <span class='ocr_line' id='line_1_115' title="bbox 460 5877 1984 5952; baseline 0.001 -20"><span class='ocrx_word' id='word_1_889' title='bbox 460 5877 644 5950; x_wconf 85' lang='lat' dir='ltr'><strong>nignis</strong></span> <span class='ocrx_word' id='word_1_890' title='bbox 660 5878 1051 5950; x_wconf 87' lang='lat' dir='ltr'><strong>hominumque</strong></span> <span class='ocrx_word' id='word_1_891' title='bbox 1071 5879 1380 5935; x_wconf 89' lang='lat' dir='ltr'><strong>amantibus</strong></span> <span class='ocrx_word' id='word_1_892' title='bbox 1398 5880 1606 5952; x_wconf 80' lang='lat' dir='ltr'><strong>angelis</strong></span> <span class='ocrx_word' id='word_1_893' title='bbox 1635 5887 1984 5951; x_wconf 83' lang='lat' dir='ltr'><strong>anteponere.</strong></span> 
     </span>
    </p>
   </div>
   <div class='ocr_carea' id='block_1_116' title="bbox 2169 5877 3703 5958">
    <p class='ocr_par' dir='ltr' id='par_1_116' title="bbox 2169 5883 3703 5958">
     <span class='ocr_line' id='line_1_116' title="bbox 2169 5883 3703 5958; baseline -0.001 -22"><span class='ocrx_word' id='word_1_894' title='bbox 2169 5883 2276 5939; x_wconf 67' lang='lat' dir='ltr'><strong>i506</strong></span> <span class='ocrx_word' id='word_1_895' title='bbox 2323 5883 2546 5941; x_wconf 72' lang='grc' dir='ltr'>καὶτῶν</span> <span class='ocrx_word' id='word_1_896' title='bbox 2573 5884 2792 5954; x_wconf 84' lang='grc' dir='ltr'>ἀγαθῶν</span> <span class='ocrx_word' id='word_1_897' title='bbox 2835 5885 2927 5940; x_wconf 74' lang='grc' dir='ltr'><strong>καὶ</strong></span> <span class='ocrx_word' id='word_1_898' title='bbox 2955 5884 3354 5958; x_wconf 84' lang='grc' dir='ltr'>φιλανθρώπων</span> <span class='ocrx_word' id='word_1_899' title='bbox 3397 5885 3655 5957; x_wconf 78' lang='grc' dir='ltr'>ἀγγέλων.</span> <span class='ocrx_word' id='word_1_900' title='bbox 3685 5899 3703 5934; x_wconf 79' lang='grc' dir='ltr'><strong>ι</strong></span> 
     </span>
    </p>
   </div>
  </div>
