3886 6562
160 463 249 520 ὗΜ

1059 460 1243 528 νιΤΑ,
1279 456 1609 518 AUCTORE
1641 455 1970 512 SYMEONE
2003 454 2536 512 METAPHBASTE.

3317 457 3425 515 003

165 581 337 638 [αὔτα
371 582 526 634 ἐστιν
555 578 595 635 ἂ
640 577 752 648 ἐγὼ
794 575 1047 648 ἀκηκοὼς
1088 575 1330 629 πιστεύω
1365 573 1538 646 ἁληθῆ
1580 568 1739 627 εἶναι.

1848 570 1972 626 llaec
2040 579 2168 626 sunt
2226 587 2348 642 qua:
2407 587 2510 644 ego
2573 571 2800 640 audita,
2865 585 2996 627 vera
3055 587 3178 629 esse
3230 573 3420 630 credo.

219 672 381 728 Οὕτω
404 671 480 725 τὰ
501 671 688 735 πάντα
703 671 874 742 πρᾶος
891 667 959 742 ἦν
985 671 1079 724 καὶ
1104 667 1392 741 συμπαθὴς
1421 668 1516 720 καὶ
1542 664 1746 737 ἀόργη-

155 762 374 834 τος,ὂσῳ
391 765 510 827 τοῖς
533 762 718 834 ἔργοις
736 761 952 832 ὑψοῦτο,
968 759 1208 832 τοσούτῳ
1233 759 1498 830 τῷέρρονή
1508 775 1633 829 ματι
1656 774 1747 810 τα-

157 855 514 925 πεινούμενος
537 873 551 886 ·
583 852 766 908 κανὼν
792 857 903 916 τοῖς
943 854 1078 906 πᾶσι
1123 853 1258 923 πρὸς
1289 852 1518 924 ἀρετήν·
1553 849 1745 920 λύχνος

155 948 228 1009 είς
264 945 498 1015 ὁδηγίαν
543 944 641 998 τοῦ
689 943 1012 1016 κρείττονος.
1046 945 1122 996 Δι’
1142 943 1171 997 ὃ
1209 942 1342 1014 μηδὲ
1381 942 1487 996 ὑπὸ
1514 941 1606 994 τὸν
1643 940 1741 1011 μό-

152 1037 255 1090 διον
300 1037 328 1087 ό
371 1035 488 1089 τῶν
521 1036 778 1090 ἁπάντων
824 1034 996 1096 αἴτιος
1033 1034 1190 1104 μόνος
1223 1032 1559 1105 κρύπτεσθαι
1597 1047 1744 1084 συνε-

153 1127 430 1200 χώρησεν·
467 1129 588 1181 ἁλλ’
631 1125 938 1199 ἐφ’ὐψηλοῦ
963 1127 1030 1180 δι’
1077 1125 1280 1198 ἀρετῆς
1326 1125 1539 1196 τίθησι·
1578 1123 1674 1177 καὶ
1707 1123 1740 1194 ἡ

152 1223 323 1292 φήμη,
345 1219 564 1283 εὐθέως
584 1219 842 1284 λαϐοῦσα,
871 1220 959 1273 διὰ
984 1219 1200 1272 πάντων
1231 1215 1325 1290 ᾖδε
1362 1217 1664 1288 στομάτων,
1683 1217 1741 1270 ἐν

152 1314 277 1365 πᾶσι
313 1312 546 1364 πάντων
588 1315 806 1382 κρατεῖν
828 1311 1122 1364 Διονύσιον.
1152 1311 1263 1363 Καὶ
1295 1308 1519 1380 δήπρὸς
1553 1306 1740 1360 τοῦτον

154 1403 346 1465 πάντες
379 1401 684 1474 ἐπέρρεον·
709 1403 768 1456 οὐ
795 1403 856 1456 τὸ
883 1403 946 1474 δη
956 1403 1132 1474 μῶδες
1155 1402 1314 1474 μόνον
1340 1386 1738 1471 καῖ’ἁγοραῖον,

154 1495 259 1549 ἀλλ’
291 1496 420 1547 ὅσον
451 1495 553 1549 κει)⁸
581 1494 690 1548 τῶν
723 1494 1021 1565 ἐλλογίμων
1042 1490 1111 1566 ἦν
1132 1495 1228 1547 καὶ
1248 1493 1526 1562 ἐπιφανῶν
1546 1510 1558 1522 °
1598 1492 1652 1545 οἵ
1681 1508 1739 1545 τε

152 1587 412 1658 πρότερον
434 1589 506 1657 τῇ
535 1587 703 1658 μανίᾳ
731 1588 1177 1658 κατειλημμένοι,
1204 1585 1298 1638 καὶ
1321 1585 1504 1656 θηρῶν
1535 1584 1741 1655 ὠμότε-

157 1694 238 1748 ρον
261 1675 362 1748 τὴν
415 1677 751 1748 Ἐκκλησίαν
782 1680 1204 1750 σπαράττοντες,
1228 1679 1305 1742 ὡς
1327 1680 1418 1733 τὸν
1463 1680 1630 1752 ἄνδρα
1650 1696 1738 1749 γι-

152 1769 379 1839 νόμενοι,
407 1770 511 1822 καὶ
537 1770 638 1841 τῆς
661 1769 976 1841 θαυμαστῆς
1003 1770 1218 1841 ἐκείνης
1252 1771 1345 1824 καὶ
1368 1770 1518 1834 Θείας
1566 1769 1740 1838 γλώτ-

150 1877 240 1932 της
265 1863 591 1925 ἀκούοντες,
621 1862 683 1915 τό
699 1879 759 1916 τε
801 1863 912 1917 τῶν
949 1863 1190 1936 καρδιῶν
1234 1863 1466 1936 σκληρὸν
1503 1864 1738 1935 ἐμαλάτ-

151 1969 314 2017 τοντο,
345 1953 447 2006 καὶ
489 1953 576 2024 τῷ
618 1952 858 2025 ἀληθινῷ
888 1955 983 2009 καὶ
1019 1953 1222 2026 πρώτῳ
1257 1956 1395 2023 φωτὶ
1427 1955 1736 2027 προσῄεσαν

151 2044 230 2097 διὰ
249 2044 342 2098 τοῦ
375 2045 794 2117 βαπτίσματος·
832 2048 942 2119 ὄσῳ
999 2048 1162 2101 πλέον
1221 2048 1330 2100 τῶν
1387 2047 1563 2101 ἄλλων
1601 2048 1738 2121 πρὸς

153 2138 339 2190 κακίαν
362 2137 565 2209 πρώην
591 2137 969 2208 ἐφλέγμαινον,
995 2139 1232 2211 τοσούτῳ
1261 2139 1450 2205 ζέοντα
1477 2139 1572 2193 τὸν
1604 2141 1738 2212 Χρι-

153 2231 464 2300 στιανισμὺν
486 2231 920 2302 ἐνδεικνύμενοι·
951 2233 1045 2285 καὶ
1081 2231 1218 2293 ὅλως
1241 2231 1392 2285 οὐδὲν
1417 2229 1590 2293 οὕτως
1632 2229 1737 2284 ἀνὰ

153 2323 315 2393 στόμα
343 2326 464 2387 τοῖς
494 2324 684 2386 πᾶσιν,
713 2324 794 2376 ὅτι
830 2324 904 2394 μὴ
935 2324 1211 2388 Διονύσιος
1227 2321 1316 2396 ἦν.
1361 2324 1449 2389 Ὠς
1471 2320 1564 2378 οὖν
1592 2322 1736 2376 οὕτω

150 2414 332 2480 ταῦτα,
367 2417 470 2469 καὶ
502 2417 539 2487 ἡ
564 2417 716 2487 φήμη
744 2415 1040 2487 διέτρεχεν,
1072 2417 1444 2488 ήδιδασκαλία
1473 2435 1532 2470 τε
1569 2415 1735 2469 ἐπλα-

150 2506 342 2572 τύνετο,
402 2509 507 2563 καὶ
535 2509 571 2577 ἡ
620 2508 804 2570 πίστις
862 2506 1175 2561 ὲὸεὸαιοῦτο
1242 2509 1566 2580 τρανότερον
1592 2547 1608 2570 ,
1652 2508 1734 2572 εἰς

149 2598 304 2663 ἀκοὰς
347 2600 480 2670 ἣκει
536 2598 602 2652 τὸ
637 2600 866 2670 πρᾶγμα
901 2599 1242 2672 Δομετιανῷ,
1294 2598 1608 2671 Δομετιανῷ
1653 2597 1734 2670 τῷ

152 2691 315 2745 πάντα
344 2690 544 2762 δεινῷ·
564 2690 904 2762 Δαιμονιανῷ
928 2691 985 2743 δὲ
1017 2690 1216 2761 μᾶλλον
1255 2691 1429 2744 εἰπεῖν
1479 2690 1736 2744 οἰκειότε-

152 2801 254 2857 ρον,
278 2784 357 2856 τῷ
376 2784 684 2856 λαλήσαντι
712 2783 854 2836 κατὰ
875 2783 970 2836 τοῦ
992 2783 1127 2836 Θεοῦ
1159 2783 1393 2848 ἀδικίαν,
1429 2785 1488 2836 ἐν
1522 2784 1732 2856 ὑπερη-

152 2877 304 2949 φανίᾳ
327 2879 426 2932 καὶ
453 2873 833 2941 ἐξουδενώσει,
857 2878 952 2930 καὶ
971 2878 1132 2948 χεῖρα
1160 2875 1429 2946 θεομάχον
1467 2875 1608 2929 κατὰ
1633 2877 1733 2947 τῆς

149 2966 246 3019 τῶν
268 2965 629 3038 Χριστιανῶν
665 2967 858 3036 ἄραντι
906 2966 1162 3030 πίστεως.
1207 2962 1376 3030 Οὗτος
1414 2963 1507 3021 οὖν
1539 2967 1592 3019 τί
1629 2985 1734 3039 μη-

151 3061 385 3129 χανᾶται,
414 3057 626 3132 μᾶλλον
650 3057 707 3110 δὲ
735 3058 790 3110 τί
819 3059 971 3129 παρὰ
1000 3057 1093 3112 τοῦ
1122 3059 1328 3130 πατρὸς
1355 3058 1520 3112 αὑτοῦ
1550 3060 1732 3112 Σατᾶν

151 3152 556 3214 ἐκπαιδεύεται;
595 3150 810 3204 πάντων
853 3151 952 3222 μὲν
985 3151 1093 3205 τῶν
1136 3152 1248 3204 ὅσοι
1288 3149 1357 3204 τὰ
1393 3150 1732 3223 Χριστιανῶν

1915 661 2210 732 Dionysius
2235 662 2419 732 itaque
2440 663 2496 717 in
2526 662 2689 718 rebus
2709 663 2966 718 omnibus
2999 671 3119 718 erat
3147 663 3286 723 adeo
3315 664 3421 719 mi-

1844 756 1938 821 tis,
1973 756 2312 822 misericors,
2344 762 2399 810 et
2422 754 2588 810 abira
2618 755 2854 820 alienus,
2884 765 2944 810 ut
2963 771 3074 825 quo
3101 755 3268 810 altior
3291 770 3423 811 eva-

1843 849 2008 904 debat
2036 848 2216 914 factis,
2242 864 2310 904 eo
2341 864 2402 904 se
2432 849 2610 919 magis
2655 847 2926 903 modestia
2965 847 3298 916 demitteret,
3327 862 3420 904 re-

1841 941 1967 1012 gula
1996 940 2175 996 factus
2201 941 2460 998 omnibus
2512 941 2580 997 ad
2627 940 2936 1005 veritatem,
2988 947 3044 995 et
3091 940 3318 995 lucerna
3349 939 3421 995 ad

1841 1033 2218 1090 deducendum
2263 1034 2332 1089 ad
2377 1036 2431 1089 id
2463 1034 2608 1105 quod
2649 1042 2734 1090 est
2769 1033 2985 1090 melius.
3014 1032 3286 1101 Quocirca
3318 1048 3422 1089 nec

1840 1142 1960 1182 eam
1989 1128 2251 1183 abscondi
2282 1128 2388 1184 sub
2418 1127 2603 1185 modio
2627 1126 2757 1181 sivit
2772 1126 2842 1194 is,
2874 1125 2968 1196 qui
2999 1133 3085 1182 est
3133 1126 3286 1182 solus
3320 1139 3422 1178 au-

1841 1228 1962 1276 ctor
1988 1223 2232 1276 omnium
2259 1241 2273 1278 :
2301 1221 2406 1278 ‘sed
2434 1222 2490 1277 in
2521 1222 2633 1277 alto
2662 1221 2818 1292 ponit
2867 1237 2964 1291 per
3017 1219 3274 1274 virtutem
3300 1237 3314 1273 :
3366 1225 3423 1274 et

1841 1311 1984 1368 fama
2002 1314 2254 1384 protinus
2279 1313 2607 1384 pervadens,
2640 1314 2943 1384 cauebatur
2959 1312 3016 1367 in
3033 1327 3129 1367 ore
3147 1310 3420 1376 omnium,

1840 1404 1896 1459 in
1923 1405 2182 1462 omnibus
2210 1421 2405 1461 omnes
2438 1406 2659 1460 vincere
2701 1383 3050 1476 Dionysium.
3100 1402 3272 1458 Porro
3319 1417 3422 1458 au-

1839 1508 1946 1554 tem
1973 1514 2166 1555 omnes
2194 1499 2262 1554 ad
2279 1515 2404 1555 eum
2428 1499 2807 1564 conﬂuebant,
2839 1515 2950 1553 non
2978 1498 3159 1553 solum
3193 1497 3422 1569 popula-

1839 1606 1928 1646 res
1953 1599 2008 1646 et
2038 1591 2308 1658 forenses,
2337 1592 2432 1648 sed
2453 1592 2548 1663 qui
2570 1600 2730 1648 erant
2751 1591 2956 1648 eruditi
2977 1598 3032 1647 et
3061 1590 3340 1661 insignes:
3365 1594 3423 1643 et

1837 1683 1931 1754 qui
1959 1683 2115 1753 prius
2139 1683 2468 1739 laborabant
2496 1685 2734 1746 insania,
2765 1691 2820 1738 et
2845 1683 2976 1740 feris
3021 1681 3303 1737 crudelius
3341 1680 3422 1734 la-

1837 1777 2098 1832 cerabant
2120 1775 2447 1844 Ecclesiam,
2481 1777 2547 1832 ad
2593 1777 2748 1831 illum
2781 1781 2960 1832 virum
3011 1775 3296 1832 venientes
3320 1815 3336 1840 ,
3363 1780 3423 1830 et

1840 1868 2220 1924 admirabilem
2270 1870 2422 1924 illam
2477 1877 2534 1925 et
2560 1869 2804 1925 divinam
2834 1870 3076 1942 linguam
3106 1867 3420 1932 audientes,

1840 1961 2027 2016 cordis
2054 1961 2143 2018 sui
2172 1963 2495 2018 molliebant
2514 1962 2800 2027 duritiam,
2831 1970 2886 2017 et
2907 1961 2975 2016 ad
3006 1976 3192 2018 veram
3220 1969 3277 2016 et
3311 1959 3424 2031 pri-

1837 2067 1982 2108 mam
2009 2054 2190 2110 lucem
2214 2055 2555 2110 accedebant
2605 2070 2708 2124 per
2736 2054 3047 2125 baptisma;
3100 2067 3210 2124 quo
3247 2053 3424 2124 magis

1836 2155 1995 2202 erant
2017 2147 2340 2202 inﬂammati
2370 2149 2436 2202 ad
2477 2148 2695 2213 vitium,
2714 2163 2782 2204 eo
2811 2146 3202 2204 ferventiorem
3230 2154 3422 2202 osten-

1835 2237 2027 2294 dentes
2073 2240 2549 2296 christianismum
2571 2279 2588 2303 ,
2619 2248 2674 2295 et
2703 2240 2772 2294 ad
2805 2253 3079 2294 summam
3103 2277 3119 2304 ,
3149 2238 3287 2293 nihil
3308 2245 3422 2292 tam

1834 2329 2025 2384 eratin
2047 2345 2145 2386 ore
2171 2331 2439 2396 omnium,
2458 2347 2623 2402 quam
2644 2331 2962 2403 Dionysius.
2990 2331 3128 2387 Cum
3153 2347 3284 2403 ergo
3306 2332 3424 2387 haec

1836 2423 1981 2478 fama
2008 2425 2089 2481 sic
2111 2424 2454 2494 pervaderet,
2488 2425 2744 2482 doctrina
2783 2433 2968 2482 autem
2999 2425 3344 2494 dilataretur,
3368 2435 3422 2482 et

1775 2554 1784 2567 .
1835 2515 1970 2573 ﬁdes
2021 2517 2445 2574 conﬁrmaretur
2496 2519 2808 2575 evidentius
2834 2561 2849 2587 ,
2892 2534 2984 2574 res
3016 2518 3198 2574 delata
3237 2525 3322 2574 est
3349 2517 3421 2573 ad

1834 2608 2228 2676 Domitianum,
2268 2610 2338 2666 ad
2366 2610 2732 2667 saevissimum
2770 2611 2993 2682 inquam
3025 2609 3418 2676 Domitianum,

1835 2702 1918 2757 vel
1944 2711 2003 2756 ut
2028 2702 2202 2772 magis
2227 2703 2450 2772 proprie
2479 2703 2682 2764 dicam,
2712 2702 3150 2767 Daemonianum,
3175 2703 3268 2772 qui
3288 2717 3413 2757 con-

1833 2807 1917 2850 tra
1947 2796 2116 2851 Deum
2150 2797 2368 2852 locutus
2401 2795 2505 2850 fuit
2545 2797 2892 2866 iniquitatem
2949 2795 3006 2849 in
3062 2793 3320 2864 superbia
3367 2799 3424 2848 et

1832 2889 2259 2958 contemptione,
2294 2901 2350 2945 et
2372 2904 2596 2943 manum
2635 2888 2749 2943 Deo
2781 2888 3062 2942 inimicam
3093 2887 3291 2942 extulit
3321 2886 3422 2939 ad-

1833 2996 2026 3036 versus
2050 2980 2210 3035 tidem
2251 2981 2707 3035 christianorum.
2744 2979 2844 3034 Hic
2866 2995 2999 3050 ergo
3027 2979 3158 3049 quid
3208 2978 3421 3032 maelii-

1833 3074 2034 3127 natur?
2054 3075 2138 3128 vel
2163 3073 2346 3144 potius
2375 3073 2508 3144 quid
2539 3074 2772 3129 docetur
2793 3088 2823 3126 a
2854 3083 3011 3142 patre
3048 3087 3149 3128 suo
3174 3071 3422 3125 Satana?

1832 3164 2036 3221 Omnes
2057 3166 2277 3235 quidem
2314 3167 2432 3237 qui,
2470 3181 2592 3237 quae
2612 3167 2902 3222 christiani
2939 3167 3204 3228 sentiunt,
3236 3165 3422 3236 despi-

153 3245 452 3317 φρονοῦσιν,
507 3243 806 3314 ὑπεριδεῖν,
835 3243 1110 3296 Διονύσιον
1150 3245 1210 3297 δὲ
1263 3243 1422 3316 μόνον
1451 3243 1627 3308 ἑλεῖν,
1668 3239 1726 3297 εὖ

1837 3273 1993 3326 cere;
2034 3257 2356 3331 Dionysium
2389 3267 2572 3314 autem
2628 3260 2806 3316 solum
2861 3258 2930 3314 de
2983 3258 3162 3314 medio
3191 3258 3418 3324 tollere;

151 3336 312 3402 εἰδὼς,
332 3337 431 3401 ὡς,
456 3337 511 3388 εί
540 3335 732 3388 τούτου
751 3336 1105 3407 περιγένηται
1133 3335 1315 3406 μόνου,
1338 3336 1556 3390 πάντων
1578 3336 1729 3390 ἔσται

151 3433 450 3501 κρατήσας·
494 3429 548 3480 εί
573 3427 630 3480 δὲ
662 3426 735 3498 μὴ
763 3428 975 3492 τούτου,
1000 3428 1326 3498 Δομετιανοῦ
1349 3428 1548 3492 πάντες
1583 3429 1733 3500 στερ-

154 3522 366 3593 όότεροι.
411 3522 577 3575 Ἐπεὶ
599 3520 656 3574 δὲ
687 3519 860 3574 ταῦτα
882 3521 1104 3585 ἐνενόει,
1133 3521 1161 3573 ὁ
1185 3520 1358 3592 θυμὸς
1391 3521 1556 3574 αὑτὸν
1585 3519 1732 3589 ἐγεί-

152 3631 224 3688 ρει
250 3615 390 3670 κατὰ
421 3614 525 3669 τοῦ
561 3613 855 3686 μάρτυρος,
885 3615 980 3667 καὶ
1006 3615 1184 3686 ζητῶν
1216 3616 1317 3686 τῆς
1348 3613 1543 3686 μανίας
1570 3613 1728 3686 ίαμα,

150 3704 292 3758 τοῦτο
315 3707 477 3778 μόνον
510 3707 776 3777 εὑρίσκει,
805 3704 896 3757 τὸν
922 3704 1086 3759 αὑτοῦ
1112 3704 1362 3759 θάνατον.
1396 3706 1613 3777 Ἀμέλει
1636 3707 1732 3759 καὶ

153 3798 344 3863 πάντας
363 3802 499 3864 τοὺς
530 3799 637 3852 ὑπὸ
694 3802 852 3871 χεῖρα
902 3798 1243 3867 συναγαγὼν,
1265 3800 1393 3862 τοὺς
1427 3799 1725 3870 ἀπηνεστέ-

155 3907 265 3959 ρους
288 3909 346 3944 τε
372 3893 471 3945 καί¹
504 3890 752 3954 ἐοικότας
773 3889 922 3961 αὐτῷ
942 3889 1041 3960 τὴν
1086 3889 1350 3943 ἀπόνοιαν
1374 3888 1728 3961 παραλαϐὼν,

152 3984 280 4038 κατὰ
307 3984 542 4057 ζήτησιν
571 3984 846 4055 ἐκπέμπει
874 3983 968 4036 τοῦ
1002 3981 1298 4054 μάρτυρος,
1327 3983 1443 4047 καὶ,
1480 4002 1497 4033 ι
1535 3983 1598 4034 El
1633 3983 1730 4052 μὲν

151 4077 219 4148 τῷ
242 4079 496 4152 ἡμετέρῳ
515 4077 723 4142 τοῦτον,
754 4078 908 4149 φησὶ,
935 4075 1262 4147 μεταθέσθαι
1287 4075 1590 4145 σεϐάσματι
1611 4075 1732 4127 πεί-

154 4185 280 4233 σετε,
309 4172 454 4225 τοῦτ’
489 4171 618 4242 ἐμοὶ
643 4170 706 4222 τὸ
734 4169 1068 4240 ποθούμενον
1089 4208 1103 4232 ,
1136 4169 1230 4221 καὶ
1270 4167 1527 4229 λαϐόντες
1566 4165 1730 4221 αὑτὸν

155 4265 258 4332 μεθ’
287 4266 523 4327 ἑαυτῶν,
555 4263 931 4335 ἀναστρέψατε
949 4281 962 4294 ·
984 4265 1032 4317 εί
1061 4263 1117 4315 δὲ
1137 4261 1296 4333 ἐτιτῇ
1327 4259 1578 4314 δυσσεϐεῖ
1608 4261 1732 4312 ἐπι-

155 4356 314 4426 μένων
342 4360 429 4431 εἴη
462 4359 757 4430 θρησκείᾳ,
788 4357 1018 4411 θάνατον
1048 4355 1213 4411 αὐτοῦ
1243 4353 1628 4426 κατακρίνατε.
1668 4373 1688 4406 ι

209 4549 268 4600 Ol
296 4549 371 4610 δὲ,
402 4549 568 4602 τοῦτο
595 4545 748 4618 παρὰ
774 4547 866 4600 τοῦ
903 4547 1230 4620 κρατοῦντος
1258 4545 1612 4610 ἀκούσαντες,
1658 4551 1727 4620 τῇ

1831 3351 1938 3406 hoc
1971 3352 2176 3416 sciens,
2202 3352 2352 3423 quod
2384 3353 2431 3408 si
2473 3368 2599 3408 eum
2661 3354 2840 3409 solum
2897 3352 3112 3415 vicerit,
3163 3351 3423 3405 omnibus

1835 3445 1998 3502 fuerit
2024 3445 2188 3516 35o
2217 3447 2504 3516 superior;
2529 3447 2615 3501 sin
2641 3445 2848 3509 minus,
2878 3459 3070 3499 omnes
3099 3441 3214 3498 fore
3237 3441 3423 3497 Domi-

1833 3539 1984 3594 tiano
2005 3538 2284 3594 fortiores.
2317 3538 2620 3610 Postquam
2647 3545 2828 3593 autem
2857 3537 2976 3592 haec
2999 3543 3183 3592 mente
3214 3535 3423 3607 agitas-

1832 3638 1936 3695 set,
1972 3645 2096 3685 eum
2130 3631 2334 3686 excitat
2359 3631 2440 3684 ira
2475 3630 2746 3686 adversus
2773 3639 3092 3700 martyrem,
3117 3635 3174 3682 et
3217 3628 3422 3682 furoris

1833 3739 2089 3794 quaerens
2107 3723 2594 3786 medicamentum,
2622 3723 2832 3776 nullum
2865 3720 3013 3774 aliud
3031 3719 3258 3786 invenit,
3282 3735 3424 3791 pra:-

1831 3824 1916 3872 ter
1942 3816 2063 3885 ejus
2089 3823 2339 3870 mortem.
2374 3814 2511 3869 Cum
2547 3815 2732 3885 itaque
2767 3827 2983 3876 omnes,
3025 3812 3121 3882 qui
3153 3812 3275 3881 ejus
3317 3813 3423 3865 im-

1833 3909 1986 3979 perio
2025 3908 2308 3977 parebant,
2348 3914 2759 3977 congregasset,
2793 3920 3000 3974 eosque
3029 3903 3424 3973 assumpsissct

1832 4001 1924 4070 qui
1957 4008 2114 4053 erant
2145 3998 2195 4053 ei
2222 3997 2462 4052 amentia
2501 3997 2734 4060 similes,
2765 3996 2934 4050 mittit
2960 3994 3028 4049 ad
3067 3995 3420 4066 quaerendum

1834 4097 2152 4161 martyrem.
2187 4106 2207 4139 ‹
2235 4087 2322 4152 Et,
2343 4087 2390 4143 si
2419 4087 2469 4141 ei
2487 4085 2734 4157 quidem,
2773 4085 2973 4156 inquit,
3005 4084 3417 4155 persuaseritis,

1833 4189 1893 4238 ut
1919 4181 1987 4235 ad
2017 4189 2264 4237 nostram
2287 4179 2608 4234 traducatur
2630 4177 2972 4247 religionem,
3007 4177 3112 4231 hoc
3131 4184 3239 4241 est,
3264 4176 3417 4247 quod

1833 4275 2120 4332 desidero:
2159 4287 2398 4342 cumque
2448 4285 2576 4326 eum
2630 4269 2956 4340 acceperitis
2987 4269 3298 4333 vobiscum,
3335 4285 3422 4324 re-

1833 4366 2131 4423 vertimini.
2165 4365 2265 4419 Sin
2291 4373 2475 4419 autem
2511 4362 2692 4417 adhuc
2725 4361 3092 4432 permanserit
3142 4361 3200 4416 in
3252 4361 3420 4432 impia

1835 4461 2118 4528 religione,
2151 4473 2276 4513 eum
2307 4463 2483 4510 morte
2510 4454 2893 4510 condemnate.
2938 4473 2956 4505 ι

1904 4552 1986 4606 Illi
2010 4558 2194 4606 autem
2229 4565 2354 4604 cum
2389 4548 2507 4602 haec
2531 4547 2842 4602 audiissent
2867 4546 2935 4600 ab
2979 4546 3332 4616 imperatore,
3368 4554 3425 4603 et

154 4654 205 4691 τε
231 4645 460 4713 σννοίκῳ
487 4641 655 4713 μανίᾳ
707 4641 1128 4714 ὑποτυφόμενοι,
1160 4643 1253 4695 καὶ
1291 4641 1610 4712 δραστήριοι
1651 4641 1732 4712 τῷ

1838 4643 2026 4700 furore
2059 4643 2518 4706 accenderentur,
2572 4641 2666 4711 qui
2695 4641 2749 4694 in
2779 4641 2860 4695 eis
2899 4640 3202 4704 habitabat,
3253 4648 3307 4696 et
3355 4641 3424 4695 ad

154 4733 414 4802 πέμψαντι
437 4733 590 4798 δόξαι
611 4733 1072 4806 φιλοτιμούμενοι,
1092 4736 1215 4787 ἐπεὶ
1233 4734 1332 4806 τὴν
1348 4733 1576 4786 Γαλλίαν
1597 4749 1734 4786 κατ-

154 4823 350 4892 έλαϐον,
408 4828 489 4891 ὦς
517 4845 663 4890 τινες
691 4806 988 4898 είσπηδῶσι
1019 4828 1185 4900 θῆρες
1206 4845 1221 4860 ·
1267 4829 1360 4882 καὶ
1404 4829 1584 4880 πᾶσαν
1624 4826 1735 4880 δια-

153 4918 477 4989 ταράξαντες
496 4921 598 4993 τὴν
629 4922 956 4993 περίχωρον,
989 4922 1381 4994 ὑποφθείρουσι
1409 4923 1536 4983 τοὺς
1575 4921 1732 4973 εὐκο-

155 5007 428 5084 λωτέρους,
457 5013 529 5067 τὰ
551 5013 694 5067 κατὰ
712 5014 802 5067 τὸν
826 5013 1094 5086 μακάριον
1121 5014 1330 5079 διδάξαι
1349 5033 1408 5067 τε
1437 5015 1531 5068 καὶ
1559 5015 1732 5066 εἰπεῖν

157 5103 432 5160 Διονύσιον.
477 5107 567 5170 Ὠς
593 5107 650 5160 δέ
677 5106 864 5160 τοῦτον
893 5109 950 5160 ὲν
970 5108 1209 5178 Παρισίᾳ
1235 5110 1302 5179 τῇ
1335 5107 1487 5160 πόλει
1527 5106 1733 5176 διατρί-

160 5193 262 5248 ϐειν
281 5199 545 5253 ἐπύθοντο
563 5240 578 5264 ,
608 5198 762 5252 οὔπω
790 5199 852 5252 τὸ
881 5201 991 5252 πᾶν
1021 5199 1305 5266 ἐπύθοντο,
1357 5201 1451 5254 καὶ
1483 5202 1548 5271 τῇ
1580 5197 1732 5251 πόλει

158 5286 481 5354 ἐφίστανται.
511 5287 646 5344 Εἶτα
660 5290 730 5344 τὰ
758 5293 887 5363 περὶ
915 5292 1024 5345 τῶν
1043 5292 1386 5362 Χριστιανῶν
1415 5291 1730 5363 ἐρευνῶσιν,

161 5379 457 5451 εὑρίσκουσι
487 5387 738 5454 πανταχῇ
782 5385 852 5438 τὰ
868 5386 968 5456 τῆς
1012 5385 1250 5448 πίστεως
1306 5383 1732 5454 κατεσπαρμένα

159 5471 467 5546 διδάγματα.
503 5478 636 5548 Περὶ
676 5478 774 5531 τῶν
803 5477 896 5531 τοῦ
929 5479 1206 5550 μάρτυρος
1245 5478 1546 5550 τεραστίων
1594 5493 1732 5547 μαν-

162 5560 415 5633 θάνουσιν,
446 5571 524 5634 ὡς
549 5571 676 5633 τοὺς
705 5572 834 5642 περί
861 5589 913 5624 τι
959 5572 1214 5642 πονήρως
1257 5570 1480 5641 ἔχοντας
1525 5570 1734 5634 πάντας

163 5656 372 5717 ἰάσαιτο.
429 5662 739 5717 Κάκιτεῦθεν
784 5665 846 5717 τὸ
891 5665 1001 5718 τῶν
1057 5664 1305 5718 ἀπίστων
1361 5664 1511 5735 αὐτῷ
1545 5668 1733 5732 στῖφος

163 5747 474 5824 ὲπιρρεὗσαν
501 5759 569 5828 τῇ
601 5755 882 5829 θεοσεϐείᾳ
912 5757 1194 5810 συνέθετο·
1250 5757 1344 5810 καὶ
1384 5757 1459 5819 ὡς
1501 5758 1534 5826 ἠ
1583 5758 1734 5809 πᾶσα

164 5839 419 5916 Γερμανία
446 5850 742 5913 πολλοῖς,τὸ
763 5851 996 5922 πρόσθεν
1025 5851 1120 5903 καὶ
1145 5849 1338 5913 δεινοῖς
1364 5849 1731 5921 δεδουλωμένη

166 5936 344 5995 πάθεσί
370 5960 430 5997 τε
458 5945 554 5999 καὶ
585 5942 869 6014 πράξεσιν,
890 5944 952 5998 οὐ
984 5943 1094 6016 μὴν
1123 5943 1259 5999 ἁλλᾶ
1308 5944 1403 6000 καὶ
1432 5942 1732 6006 εἰδωλικοῖς

1836 4755 1925 4794 res
1958 4737 2228 4810 gerendas
2258 4751 2417 4792 acres
2465 4734 2644 4790 videri
2696 4735 2900 4790 vellent
2958 4734 3007 4789 ei
3043 4735 3136 4804 qui
3173 4735 3421 4798 miserat,

1834 4842 2127 4901 postquam
2157 4836 2433 4884 venerunt
2467 4829 2521 4882 in
2555 4827 2788 4882 Galliam
2817 4835 3084 4898 tanquam
3116 4829 3244 4884 ferte
3275 4845 3423 4899 quac-

1831 4924 1958 4978 dam
1991 4923 2246 4976 irruunt:
2286 4931 2341 4976 et
2371 4937 2496 4975 cum
2531 4936 2776 4983 omnem,
2809 4937 2931 4989 (illa:
2962 4921 3115 4975 circa
3147 4922 3254 4976 sita
3282 4928 3421 4986 erat,

1830 5015 2260 5070 conturbassent
2286 5013 2591 5083 regionem,
2625 5023 2994 5084 corrumpunt
3033 5001 3421 5083 simpliciores,

1835 5114 1895 5160 ut
1927 5106 2190 5161 docerent
2222 5106 2446 5159 ubinam
2487 5105 2685 5160 beatus
2731 5103 3030 5176 Dionysius
3085 5114 3420 5163 versaretur.

1833 5199 2134 5268 Postquam
2157 5206 2338 5252 autem
2365 5197 2661 5252 audierunt
2711 5214 2837 5253 eum
2871 5199 3082 5253 versari
3117 5199 3170 5252 in
3201 5198 3425 5255 civitate

1833 5291 2202 5354 Parisiorum,
2237 5288 2472 5344 necdum
2506 5295 2629 5345 rem'
2646 5299 2818 5344 totam
2849 5290 3139 5346 audierant
3159 5304 3284 5342 cum
3311 5290 3424 5352 illic

1834 5385 2058 5441 adsunt.
2099 5383 2308 5438 Deinde
2357 5391 2748 5454 percontantes
2784 5383 2852 5439 de
2897 5383 3061 5438 rebus
3089 5381 3425 5437 christiano-

1835 5494 1980 5542 rum,
2005 5477 2293 5531 inveniunt
2327 5476 2451 5531 ﬁdei
2479 5476 2788 5532 doctrinam
2821 5491 2945 5531 esse
2987 5475 3298 5546 dispersam
3328 5495 3424 5548 per

1833 5579 2006 5624 totam
2030 5571 2351 5625 civitatem:
2408 5570 2478 5626 de
2522 5570 2807 5624 miraculis
2833 5569 3095 5639 martyris
3135 5570 3272 5624 liunt
3301 5587 3419 5626 cer-

1824 5663 2027 5727 tiores,
2062 5663 2208 5733 quod
2232 5677 2426 5718 omnes
2451 5663 2682 5724 scilicet,
2720 5660 2814 5730 qui
2844 5660 2985 5714 male
3040 5676 3099 5715 se
3131 5659 3422 5728 baberent,

1826 5765 2120 5812 curasset:
2151 5765 2206 5813 et
2231 5757 2356 5812 ideo
2384 5755 2791 5811 incredulorutn
2831 5753 2900 5807 ad
2930 5770 3055 5809 eum
3091 5754 3425 5811 conﬂuxisse

1834 5857 2134 5914 catervam,
2170 5858 2226 5907 et
2251 5866 2310 5906 se
2326 5849 2646 5918 adiunxisse
2668 5862 2800 5901 vero
2828 5845 2920 5903 Dei
2949 5848 3154 5903 cultui:
3189 5857 3244 5903 et
3275 5848 3423 5920 quod

1845 5945 2027 6003 omnis
2056 5944 2350 6002 Germania
2395 5959 2517 6016 qua:
2549 5941 2736 5998 multis
2785 5941 2941 6014 prius
2988 5943 3245 6016 gravibus
3273 5943 3422 5999 vitiis
