3874 6562
471 431 580 494 eos

1657 428 1714 485 ε.
1751 428 2050 486 DlO-NYSll
2083 428 2544 486 assumens:
2601 445 2604 448 ο
2665 495 2667 500 η

3641 431 3737 488 ὃθῦ

475 547 747 604 servierat
769 557 826 603 et
879 543 1038 600 factis
1065 582 1080 608 ,
1102 542 1414 615 quinetiam
1443 541 1696 613 subjecta
1729 550 1851 598 erat
1878 543 2052 598 cultui

2164 542 2490 614 ὓποκειμένη
2523 541 2850 612 σεϐάσμασι,
2881 542 2972 596 τὸν
2991 542 3191 596 οἰκεῖον
3220 540 3444 613 αὐχένα,
3476 542 3601 606 ταῖς
3629 545 3734 598 Διο-

476 640 922 701 simulacrorum,
948 636 1153 691 collum
1175 651 1338 690 suum
1359 651 1426 690 ex
1453 635 1540 690 his
1557 635 1926 699 subtractum,
1957 634 2060 690 do-

474 733 656 787 ctrina
689 729 963 802 Dionysii,
994 728 1283 798 subjunxit
1321 728 1456 798 jugo
1480 727 1707 783 Christi.
1737 729 1876 784 Cum
1925 743 2058 799 ergo

477 826 613 890 haec,
645 832 700 879 et
733 823 902 877 multa
927 823 1034 876 alia
1079 821 1224 876 facta
1254 837 1400 885 esse,
1452 823 1522 877 ad
1578 837 1770 877 eorum
1819 821 2060 877 venisset

473 917 872 988 cognitionem,
913 925 971 972 et
1022 915 1230 971 Christi
1263 931 1483 986 gregem
1537 916 1768 987 augeri,
1817 927 1871 971 et
1927 930 2059 971 suos

471 1011 604 1064 deos
627 1009 894 1066 vidissent
934 1008 1153 1065 habitos
1193 1007 1523 1079 despectui,
1579 1016 1635 1064 et
1664 1023 1764 1064 sua
1797 1007 2059 1078 mysteria

472 1103 775 1164 contemni,
799 1110 854 1158 et
883 1101 1204 1156 inclinatam
1232 1117 1358 1157 esse
1382 1101 1742 1172 impietatem,
1769 1102 1944 1172 magis
1966 1116 2060 1156 ac-

470 1193 806 1259 cenduntur,
836 1201 892 1249 et
915 1202 1112 1261 rogant
1143 1193 1368 1248 ubinam
1389 1193 1689 1260 habitaret,
1723 1192 1816 1263 qui
1866 1207 2058 1247 eorum

470 1297 590 1344 erat
619 1294 849 1342 auctor:
874 1293 928 1342 et
962 1294 1189 1356 repente
1218 1286 1275 1340 in
1305 1286 1526 1342 beatum
1559 1286 1835 1341 irruentes
1856 1283 2060 1353 Diony-

471 1381 784 1444 sium,eum
813 1378 979 1434 simul
1011 1380 1186 1449 ligant
1214 1395 1338 1434 cum
1367 1379 1436 1435 iis
1459 1379 1697 1450 quicum
1730 1378 1850 1450 ipso
1877 1385 2057 1444 erant,

472 1475 528 1528 in
557 1489 654 1529 ore
683 1471 927 1528 divinam
952 1472 1136 1526 adhuc
1170 1473 1459 1527 habentem
1485 1471 1824 1539 doctrinam;
1869 1473 2061 1540 prasi-

470 1566 620 1630 dent,
646 1565 857 1621 rabiem
900 1573 954 1620 et
987 1565 1226 1620 furorem
1249 1565 1529 1636 spirantes
1586 1562 1654 1617 ad
1697 1563 2062 1618 examinatio-

471 1673 618 1712 nem.
651 1656 996 1728 lngrediatur
1022 1671 1154 1728 ergo
1175 1657 1259 1710 vir
1281 1670 1583 1727 genercsus
1604 1655 1768 1710 simul
1792 1671 1916 1710 cum
1946 1654 2061 1710 Ru-

473 1750 614 1804 stico
640 1757 694 1805 et
721 1749 1058 1814 Eleutherio,
1096 1759 1280 1805 mente
1305 1749 1460 1803 ﬁrma
1497 1764 1561 1804 ac
1593 1749 1779 1804 stabili
1799 1757 1854 1805 et
1884 1748 2060 1804 libero

473 1843 679 1907 animo,
708 1843 938 1913 perinde
961 1859 1026 1899 ac
1059 1843 1105 1898 si
1139 1833 1443 1899 vocaretur
1463 1842 1530 1897 ad
1580 1841 1804 1906 festum,
1853 1855 1966 1895 non
1992 1839 2060 1895 ad

471 1944 773 1991 certamen.
822 1936 1160 2006 Arroganter
1207 1936 1374 2006 igitur
1422 1943 1478 1990 et
1533 1949 1770 2005 aspere,
1822 1941 1883 1988 ut
1934 1949 2057 1988 eum

471 2027 966 2097 pcr'terrel‘acerent
1025 2027 1213 2080 statim
1258 2027 1316 2080 in
1373 2027 1683 2096 principio,
1729 2026 1781 2080 ei
1817 2025 2056 2080 dicunt:

475 2136 497 2169 ι
556 2117 639 2172 Tu
709 2134 804 2186 es,
861 2133 895 2173 ο
952 2118 1352 2174 exsecrandum
1415 2126 1624 2187 caput,
1679 2118 1772 2188 qui
1838 2127 2061 2174 nostros

469 2209 604 2266 deos
633 2209 792 2264 nihili
816 2209 974 2272 facis,
1010 2216 1066 2265 et
1098 2209 1387 2264 contendis
1424 2209 1586 2278 351
1631 2208 1699 2263 de
1733 2207 1915 2263 medio
1961 2223 2060 2262 no-

469 2309 641 2356 stram
669 2302 865 2358 tollere
890 2301 1245 2372 religionem?
1270 2299 1563 2370 Responde
1589 2315 1720 2370 ergo
1737 2340 1752 2363 ,
1801 2300 1947 2370 quod
1989 2301 2061 2356 sit

468 2400 624 2470 tuum
654 2408 850 2463 genus,
879 2407 1002 2463 quae
1033 2401 1086 2446 te
1121 2391 1312 2446 tulerit
1363 2390 1562 2460 patria,
1618 2398 1673 2446 et
1715 2390 1861 2460 quod
1902 2397 2059 2446 tuum

469 2486 738 2543 studium.
765 2506 784 2537 ι
829 2483 926 2540 llle
957 2495 1164 2547 autem,
1218 2498 1406 2538 amore
1439 2483 1493 2536 in
1529 2483 1814 2539 Christum
1859 2484 1910 2537 ei
1961 2482 2061 2538 ad-

469 2578 634 2642 dente
668 2577 950 2640 animum,
987 2585 1042 2632 et
1088 2574 1326 2630 faciente
1387 2591 1514 2630 eum
1565 2574 2056 2646 conﬁdentiorem:

477 2689 496 2720 ι
521 2669 635 2747 Ego
664 2668 908 2740 quidem,
937 2668 1141 2738 inquit,
1167 2683 1201 2721 o
1231 2683 1351 2733 vos,
1383 2678 1441 2721 nt
1456 2674 1510 2721 et
1533 2683 1714 2739 .genus
1739 2676 1795 2722 et
1825 2667 2058 2736 patriam

471 2763 720 2818 omittam
752 2761 810 2814 in
836 2761 1159 2831 praesentia,
1181 2775 1267 2815 me
1290 2759 1500 2814 Christi
1526 2774 1744 2816 servum
1776 2775 1900 2816 esse
1926 2756 2062 2815 con-4

472 2856 648 2920 liteor,
682 2864 736 2910 et
750 2869 878 2910 eum
917 2854 1119 2919 solum,
1145 2862 1201 2910 et
1233 2851 1450 2908 Patrem
1470 2894 1486 2919 ,
1519 2853 1614 2924 qui
1653 2859 1804 2908 caret
1845 2853 2058 2920 princi-

471 2949 582 3020 pio,
612 2956 668 3003 et
698 2958 1028 3004 coaeternum
1051 2948 1172 3016 ejus
1198 2947 1320 3004 colo
1339 2945 1630 3018 Spiritum.
1650 2945 1848 3016 Aufugi
1877 2955 2057 3000 autem

470 3057 500 3097 a
522 3049 708 3100 vestro
735 3057 944 3106 errore,
976 3041 1357 3098 validissimus
1388 3044 1468 3111 (in
1497 3055 1619 3094 meo
1648 3040 1796 3094 enim
1838 3038 2060 3094 Christo

471 3135 646 3192 habeo
663 3134 941 3205 ﬁduciam)
960 3143 1272 3190 vestrorum
1291 3134 1518 3189 deorum
1552 3132 1894 3194 deturbator,
1918 3131 2060 3185 chri-

2159 635 2340 689 νυσίου
2369 635 2629 706 διδαχαῖς,
2660 635 2868 688 ἐκεῖθεν
2897 635 3250 702 ὑπεξελοῦσα,
3271 634 3351 705 τῷ
3377 633 3474 688 τοῦ
3505 637 3738 706 Χριστοῦ

2159 727 2307 800 ζυγῷ
2349 729 2685 811 ὑπηγάζετο.
2741 729 2829 792 Ὠς
2860 725 2952 782 οὖν
2997 729 3079 792 είς
3105 727 3307 797 γνῶσιν
3337 729 3523 791 αὐτοῖς
3545 768 3562 792 ,
3607 729 3740 783 οὔτω

2157 823 2330 876 ταῦτα
2358 822 2454 876 καὶ
2491 821 2662 876 πολλὰ
2697 821 2862 894 ἐτερα
2914 821 3197 891 γεγονέναι
3237 821 3487 891 ἀφίκετο,
3530 823 3638 893 τήν
3685 839 3739 876 τε

2132 907 2252 967 ’τοῦ
2280 913 2521 986 Χριστοῦ
2551 915 2787 986 ποίμνην
2804 914 3202 987 αὐξανομένην,
3230 914 3326 969 καὶ
3361 916 3490 978 τοὺς
3539 916 3742 972 ἑαυτῶν

2159 1008 2316 1071 θεοὺς
2336 1007 2800 1080 παρεωραμένους
2829 1007 3036 1079 ἐώρων,
3066 1007 3166 1070 τάς
3192 1025 3253 1060 τε
3281 1005 3504 1070 τελετὰς
3562 1025 3740 1080 περιυ-

2161 1099 2480 1172 ϐρισμένας,
2510 1101 2604 1154 καὶ
2625 1102 2706 1163 είς
2732 1100 2861 1169 γόνυ
2905 1099 3166 1154 κλίνασαν
3191 1099 3293 1171 τὴν
3338 1099 3632 1164 ἀσέϐειαν,
3659 1102 3741 1154 ἐπὶ

2165 1193 2362 1265 μᾶλλον
2405 1193 2716 1247 ἐκκαίονται
2735 1235 2752 1259 ,
2799 1193 2894 1247 καὶ
2925 1193 3016 1247 τὸν
3043 1192 3248 1246 τούτων
3291 1193 3464 1248 αἴτιον
3490 1195 3631 1246 ὅπου
3659 1196 3743 1248 καὶ

2158 1285 2448 1356 διατρίϐων
2475 1284 2585 1357 εἴη,
2604 1285 2959 1340 πυνθάνονται
2976 1302 2990 1316 ο
3014 1287 3108 1340 καὶ
3134 1285 3225 1338 τὸν
3245 1285 3540 1357 μακάριον,
3557 1285 3738 1357 ἁθρόον

2161 1380 2600 1443 ἐπεισπεσόντες,
2647 1381 2744 1434 σὺν
2787 1379 2906 1450 ἅμα
2953 1379 3213 1451 δεσμοῦσι
3251 1383 3365 1442 τοῖς
3407 1381 3530 1451 μετ’
3564 1380 3739 1444 αὑτοῦ,

2159 1473 2259 1544 τὴν
2289 1472 2440 1526 Θείαν
2484 1471 2588 1526 ἀνὰ
2617 1472 2793 1544 στόμα
2819 1472 3040 1544 διδαχὴν
3071 1472 3152 1526 ἐτι
3180 1472 3437 1544 φέροντα,
3478 1475 3578 1528 καὶ
3620 1491 3740 1545 προ-

2162 1562 2428 1635 κάθηνται
2456 1563 2732 1626 λυσσῶδές
2765 1581 2818 1617 τι
2851 1565 2945 1617 καὶ⁵
2988 1564 3215 1633 μανικὸν
3243 1565 3339 1618 ἐπὶ
3356 1565 3457 1636 τὴν
3502 1565 3741 1631 ἐξέτασιν

2163 1655 2435 1718 πνέοντες.
2459 1655 2701 1724 Εῐσεισιν
2730 1651 2823 1709 οὖν
2849 1657 2879 1708 ὁ
2898 1656 3160 1724 γεννάδας
3181 1656 3300 1727 ἅμα
3338 1656 3645 1726 Ῥουστικῴ
3662 1659 3743 1709 καὶ

2178 1746 2516 1818 Ἐλευθερίῳ,
2557 1747 2785 1819 ἀτρόμῳ
2827 1747 3039 1819 διανοίᾳ
3080 1748 3176 1801 καὶ
3218 1748 3745 1820 πεπαρρησιασμένῃ

2163 1838 2334 1911 ψυχῇ,
2365 1838 2556 1911 ῶσπερ
2583 1841 2664 1903 είς
2696 1840 2914 1912 ἑορτὴν,
2943 1839 3043 1894 οὐκ
3070 1841 3150 1903 είς
3176 1839 3364 1908 ἀγῶνα
3395 1840 3745 1910 καλούμενος.

2166 1934 2276 1987 Καὶ
2294 1932 2358 2004 δὴ
2399 1931 2646 2003 θρασέως
2677 1930 2822 1985 οὕτω
2862 1932 2959 1986 καὶ
3001 1931 3320 2003 αὐστηρῶς,
3361 1931 3428 1984 ἵν’
3475 1933 3544 1984 ἐκ
3573 1948 3748 2002 προοι-

2166 2026 2290 2098 μίου
2315 2023 2476 2088 εὐθὺς
2505 2022 2916 2096 καταπλήξωσι,
2949 2025 3082 2094 φασὶ
3103 2023 3241 2095 πρὸς
3281 2022 3445 2078 αὐτόν
3464 2039 3479 2054 ο
3516 2042 3537 2074 ι
3563 2024 3637 2075 Σὺ
3682 2019 3746 2085 εἴ,

2159 2113 2207 2172 ὦ
2235 2117 2520 2189 καταράτη
2549 2117 2781 2188 κεφαλὴ,
2811 2117 2986 2180 ότοὺς
3010 2117 3315 2188 ἡμετέρους
3345 2114 3504 2178 θεοὺς
3547 2115 3608 2168 ἐν
3651 2133 3747 2185 μηο

2160 2212 2272 2265 δενὶ
2299 2211 2603 2282 τιθέμενος,
2647 2212 2742 2266 καὶ
2769 2210 2868 2282 τὴν
2896 2210 3053 2281 ἡμῶν
3077 2212 3141 2264 ἐκ
3175 2210 3341 2281 μέσου
3373 2209 3607 2280 ποιῆσαι
3636 2208 3751 2278 θρη-

2163 2302 2350 2356 σκείαν
2393 2302 2746 2372 φιλονεικῶν;
2794 2302 3108 2372 ’Δπόκριναι
3149 2299 3279 2367 οὖν,
3335 2302 3397 2356 τὸ
3427 2302 3614 2371 γένος,
3661 2303 3752 2373 τὴν

2163 2398 2558 2468 ἐνεγκαμένην,
2588 2397 2650 2450 τὸ
2677 2396 3034 2468 ἐπιτήδευμα.
3063 2415 3082 2446 ι
3114 2396 3171 2450 '0
3199 2395 3277 2463 δὲ,
3309 2395 3752 2469 θαρῤαλεώτερος

2166 2490 2364 2560 μᾶλλον
2409 2491 2490 2561 τῷ
2534 2490 2673 2561 πρὸς
2712 2490 2947 2562 Χριστὸν
2985 2490 3279 2561 γενόμενος
3321 2489 3516 2562 ἐρωτι’
3559 2509 3578 2541 ι
3621 2489 3752 2559 Ἐγὼ

2165 2581 2283 2652 μὲν,
2313 2574 2358 2634 ὦ
2385 2577 2561 2645 οὗτος,
2597 2581 2782 2652 φησὶν,
2833 2581 2920 2634 ἵνα
2963 2579 3035 2633 τά
3069 2579 3166 2633 τοῦ
3213 2579 3404 2648 γένους
3454 2581 3518 2633 τό
3559 2598 3627 2649 γε
3666 2579 3751 2635 νῦν

2161 2668 2283 2740 ἐχον
2311 2671 2406 2722 καὶ
2441 2669 2540 2740 τὴν
2577 2669 2813 2740 πατρίδα
2845 2669 3038 2739 παρῶ,
3097 2669 3337 2742 Χριστοῦ
3389 2669 3585 2732 δοῦλος
3622 2665 3752 2726 εἶναι

2160 2762 2432 2832 ὁμολογῶ,
2465 2762 2559 2816 καὶ
2591 2763 2736 2833 μόνῳ
2761 2761 2935 2832 τούτῳ
2963 2761 3043 2832 τῷ
3078 2779 3138 2814 τε
3175 2763 3398 2833 άνάρχῳ
3440 2762 3628 2834 Πατρὶ
3667 2764 3753 2816 καὶ

2159 2853 2239 2926 τῷ
2294 2855 2548 2926 συναῖδίῳ
2603 2855 2769 2908 αὑτοῦ
2843 2854 3091 2926 λατρεύω
3159 2855 3468 2926 Πνεύματν
3504 2852 3752 2923 πέφευγα

2158 2946 2216 2999 δὲ
2246 2947 2341 2999 καὶ
2367 2947 2466 3016 τῆς
2496 2945 2652 3017 ὑμῶν
2677 2945 2887 3017 πλάνης
2906 2964 2920 2978 ’
2963 2946 3044 3018 τῷ
3071 2947 3182 3019 γὰρ
3215 2946 3334 3018 ἐμῷ
3378 2947 3618 3018 Χριστῷ
3657 2947 3751 3000 πέσ-

2159 3037 2346 3100 ποιθα,
2378 3036 2713 3108 καθαιρέτης
2746 3037 3136 3109 στερῤότατος,
3186 3037 3449 3108 ἀλείπτης
3492 3040 3752 3110 Χριστια-

2159 3132 2270 3192 νοίς
2322 3129 2460 3200 πρὸς
2518 3129 2720 3201 ἀρετὴν
2772 3131 3139 3200 ἑτοιμότατος.
3190 3131 3335 3202 Πρὸς
3377 3129 3558 3184 ταῦτα
3604 3132 3656 3185 εί
3703 3148 3751 3184 τι

471 3229 890 3297 stianorumque
939 3225 1008 3280 ad
1057 3227 1319 3281 virtutem
1352 3224 1676 3280 exhortator
1707 3223 2059 3293 promptissi-

2164 3223 2634 3293 προστεταγμένον
2665 3223 2814 3293 ὑμῖν,
2834 3222 3126 3293 πράσσετε.
3156 3241 3174 3272 ›
3207 3223 3316 3275 Καὶ
3344 3222 3443 3293 τὴν
3471 3223 3572 3276 τοῦ
3601 3224 3750 3291 ἁγίου

471 3333 618 3374 mus.
647 3317 732 3372 Ad
764 3318 883 3374 haec
908 3317 1092 3382 facite,
1126 3317 1174 3372 si
1205 3315 1340 3386 quid
1371 3324 1458 3371 est
1484 3316 1642 3371 vobis
1667 3317 2054 3385 imperatum.»

473 3407 734 3466 Videntes
764 3417 948 3466 autem
996 3408 1274 3475 malevoli,
1319 3408 1499 3464 sancti
1529 3407 1902 3463 constantiam
1930 3420 2059 3460 cum

470 3502 761 3572 prudentia
780 3502 1161 3571 conjunctam,
1187 3501 1326 3554 iram
1346 3508 1562 3554 mutant
1582 3499 1638 3554 in
1661 3499 2057 3563 adulationem,

470 3603 547 3661 et,
581 3613 600 3646 ι
623 3594 702 3650 Ne
726 3604 898 3660 tuam,
931 3609 965 3650 o
994 3593 1240 3664 Dionysi,
1273 3592 1486 3658 dicunt,
1527 3592 1782 3648 canitiem
1812 3591 2060 3648 atleceris

467 3689 824 3753 contumelia,
849 3703 1027 3758 neque
1049 3687 1249 3743 charos
1277 3687 1494 3742 sodales
1517 3686 1680 3741 morti
1705 3686 1916 3740 acerbae
1945 3693 2060 3738 tra-

469 3781 706 3846 dideris;
731 3795 862 3850 pare
901 3787 1049 3835 recte
1079 3778 1496 3835 consulentibus
1523 3816 1538 3842 ,
1595 3784 1652 3832 et
1706 3775 2060 3846 imperatoris

469 3874 796 3946 potentiam,
836 3888 932 3943 per
970 3888 1074 3928 nos
1105 3880 1158 3927 te
1192 3881 1496 3943 rogantem,
1556 3869 1793 3924 revereri
1833 3883 2060 3938 persua-

469 3967 677 4032 dearis,
711 3981 745 4020 o
775 3965 940 4021 chare
969 3973 1022 4021 et
1057 3965 1198 4021 bone
1230 3964 1474 4037 Dionysi:
1507 3963 1614 4020 diis
1638 3963 1846 4019 nostris
1885 3964 2062 4019 sacri-

469 4059 638 4115 ﬁcare
667 4059 1053 4130 persuadearis
1075 4067 1129 4115 et
1165 4059 1278 4114 eris
1317 4073 1442 4114 cum
1485 4057 1595 4113 tuis
1623 4058 1835 4126 primus
1865 4071 2057 4112 eorum

469 4154 568 4224 qui
599 4162 728 4210 sunt
745 4154 850 4210 sub
876 4153 1131 4220 imperio.
1159 4172 1177 4203 ι
1205 4152 1298 4207 Ille
1319 4151 1534 4207 autem:
1570 4135 1829 4214 iVester,
1855 4151 2057 4220 inquit,

472 4246 564 4301 hic
606 4261 763 4301 error
805 4253 891 4301 est
922 4245 1075 4315 pejor
1099 4245 1302 4315 priore,
1333 4245 1381 4299 si
1433 4244 1636 4313 putetis
1683 4242 1823 4306 fore,
1853 4251 1913 4296 ut
1947 4257 2056 4308 me,

471 4347 569 4395 aut
599 4354 845 4397 meorum
862 4339 1099 4408 aliquem
1137 4337 1434 4395 seducatis.
1487 4335 1602 4392 lloc
1651 4336 1798 4391 enim
1839 4336 2053 4400 sciatis,

472 4431 619 4502 quod
646 4447 748 4485 nos
777 4447 886 4486 non
907 4431 1146 4487 honores
1167 4470 1182 4494 ,
1215 4446 1326 4484 non
1353 4429 1729 4495 contumeliae,
1761 4443 1872 4483 non
1893 4428 2056 4491 blan-r

2162 3313 2378 3381 γνόντες
2407 3315 2456 3366 οἱ
2504 3313 2788 3384 δυσμενεῖς
2833 3313 2972 3384 μετὰ
3017 3314 3284 3377 συνέσεως
3313 3313 3571 3368 ἔνστασιν
3595 3355 3612 3380 ,
3664 3317 3755 3370 τὸν

2162 3404 2333 3476 θυμὸν
2356 3406 2435 3468 εἰς
2464 3403 2704 3459 θωπείαν
2723 3405 3033 3476 ἀμείϐουσι,
3065 3407 3182 3470 καὶ,
3219 3425 3237 3456 ι
3262 3406 3353 3476 Μὴ
3369 3405 3470 3476 τὴν
3491 3407 3594 3477 σὴν
3624 3407 3752 3459 ἐντι-

2164 3515 2262 3568 μον
2293 3497 2483 3552 πολιὰν
2513 3496 2817 3572 άτιμώσῃς,
2841 3499 2994 3566 φασὶ,
3013 3497 3277 3560 Διονύσιε,
3311 3499 3447 3568 μηδέ
3476 3499 3624 3555 τέλει
3653 3500 3750 3571 τὴν

2164 3589 2325 3660 φίλην
2354 3590 2602 3661 ἑταιρίαν
2631 3589 2817 3662 πικρῷ
2846 3590 3105 3662 παραδῷς
3123 3607 3137 3622 ο
3173 3589 3425 3660 πείσθητι
3443 3591 3514 3644 τά
3544 3591 3750 3662 χρηστά

2163 3681 2611 3752 συμϐουλεύουσι,
2642 3682 2737 3738 καὶ
2765 3682 2825 3734 τὸ
2844 3682 2937 3735 τοῦ
2973 3681 3242 3752 βασιλέως
3269 3682 3473 3754 κράτος
3512 3684 3582 3736 δι’
3602 3685 3750 3753 ἡμῶν

2162 3772 2401 3828 ἱκετεῦόν
2435 3791 2494 3828 σε
2534 3774 2914 3846 δυσωπήθητι·
2940 3774 3214 3846 πείσθητι,
3246 3775 3368 3842 φίλε
3396 3776 3606 3846 χρηστέ
3635 3778 3749 3828 Διο-

2160 3867 2348 3931 νύσιε,
2390 3871 2505 3931 τοῖς
2547 3868 2840 3938 ἡμετέροις
2897 3867 3060 3921 θῦσαι
3116 3868 3278 3931 θεοῖς,
3337 3869 3626 3939 πείσθητι·
3660 3870 3750 3922 καὶ

2160 3962 2379 4032 πρῶτος
2404 3960 2512 4013 τῶν
2549 3961 2657 4014 ὑπὸ
2697 3961 2796 4033 τὴν
2829 3959 3104 4030 βασιλείαν
3133 3960 3233 4033 ἔσῃ
3267 3959 3406 4030 μετὰ
3433 3960 3544 4014 τῶν
3575 3961 3702 4017 σῶν.
3727 3981 3745 4011 ι

2174 4052 2323 4116 Ὀδέ,
2345 4071 2364 4104 ι
2389 4045 2765 4123 Πεπλάνησθε,
2789 4052 3059 4124 φησὶ,τῆς
3080 4052 3354 4124 προτέρας
3372 4052 3583 4124 πλάνην
3609 4054 3671 4105 οὐ
3687 4054 3747 4121 (')

2162 4145 2405 4216 χείρονα,
2444 4147 2492 4198 εί
2519 4145 2619 4216 ἐμέ
2637 4145 2889 4216 συλήσειν
2920 4145 2954 4216 ἦ
2984 4161 3107 4198 τινα
3139 4144 3248 4197 τῶν
3288 4145 3439 4215 ἐμῶν
3482 4145 3618 4208 ὅλως
3641 4145 3748 4216 ᾠή-

2165 4237 2294 4309 θητε
2317 4253 2331 4268 ο
2361 4239 2510 4307 ἡμᾶς
2537 4237 2667 4309 γάρ,
2698 4233 2756 4290 εὖ
2792 4235 2934 4304 ίστε,
2964 4237 3027 4291 ού
3055 4237 3232 4308 τιμαὶ,
3272 4236 3372 4289 οὐκ
3404 4236 3654 4307 ἀτιμίαι,
3691 4237 3746 4288 οὐ

2166 4329 2417 4392 θωπεῖαι,
2445 4332 2507 4384 ού
2540 4330 2784 4401 βάσανοι,
2805 4331 2907 4384 οὐκ
2934 4329 3063 4386 ἄλλο
3092 4347 3145 4383 τι
3175 4329 3282 4383 τῶν
3313 4329 3581 4392 ἁπάντων⁴
3601 4328 3747 4382 οὐδὲν

2165 4424 2386 4494 χωρίσει
2408 4422 2664 4492 Χριστοῦ.
2693 4441 2712 4474 ›

471 4527 641 4586 ditiae.
681 4541 790 4580 non
823 4534 1130 4590 tormenta,
1176 4541 1355 4596 neque
1394 4525 1602 4595 aliquid
1639 4526 1788 4580 aliud
1833 4525 2063 4580 omnino
2093 4519 2370 4591 separabit
2410 4518 2750 4574 aChristoJ

545 4622 812 4691 Deinceps
834 4637 964 4692 ergo
990 4637 1114 4676 cum
1154 4637 1262 4676 non
1285 4629 1511 4691 possent
1550 4622 1916 4691 persuadere,
1959 4619 2059 4676 de-
2087 4622 2138 4682 D

474 4715 656 4787 posita
689 4728 923 4783 persona
945 4720 1000 4767 et
1028 4713 1400 4776 simulatione,
1426 4728 1552 4767 cum
1580 4713 1662 4766 ira
1691 4711 1866 4782 magis
1907 4710 2063 4767 elTer-

475 4809 751 4869 buissent,
785 4813 839 4860 et
875 4820 907 4860 e
945 4805 1206 4859 cathedra
1240 4804 1469 4867 furiose,
1500 4813 1556 4859 et
1587 4814 1769 4859 mente
1795 4805 2060 4873 quodam-

465 4899 642 4962 .mo,do
667 4905 848 4953 emota
907 4898 1312 4952 surrexissent:
1353 4915 1371 4948 ι
1396 4897 1439 4949 Α
1469 4895 1650 4959 vobis,
1699 4911 1733 4950 ο
1788 4903 2057 4958 amentes,

476 4991 738 5062 Dionysio
776 4989 987 5055 dicunt,
1029 4990 1173 5045 etiis
1195 4991 1287 5060 qui
1313 5005 1438 5044 cum
1471 4990 1592 5059 ipso
1617 4997 1797 5056 erant,
1819 4987 1895 5043 dii
1925 5003 2060 5042 con-

477 5092 817 5147 temnuntur,
849 5090 903 5138 et
930 5082 1228 5151 imperator
1267 5082 1560 5136 irridetur:
1594 5087 1650 5137 et.
1685 5081 1901 5136 artibus
1941 5095 2058 5136 ma-

475 5177 636 5248 gicis,
666 5175 894 5247 perinde
952 5188 1018 5228 ac
1051 5173 1356 5237 miraculis,
1396 5189 1516 5238 eos,
1548 5174 1646 5244 qui
1695 5173 1818 5243 ejus
1865 5180 2059 5243 parent

476 5269 727 5340 imperio,
762 5269 831 5322 ab
856 5283 922 5322 eo
952 5266 1255 5329 abducitis,
1285 5275 1339 5321 et
1366 5267 1435 5320 ad
1464 5273 1680 5322 vestras
1711 5276 1896 5337 partes
1940 5275 2056 5320 tra-

472 5362 713 5417 ducitis?
735 5381 755 5414 ι
787 5359 978 5417 Sancti
997 5368 1200 5423 autem,
1229 5377 1248 5410 ι
1270 5357 1488 5414 Similes
1519 5359 1599 5414 cis
1621 5359 1773 5420 ﬁant,
1794 5358 1885 5426 qui
1905 5358 2057 5426 ipsos

471 5457 684 5519 colunt,
707 5475 726 5506 ι
747 5454 828 5511 eis
842 5471 949 5508 una
974 5469 1107 5508 voce
1125 5452 1419 5517 dixerunt;
1443 5471 1461 5502 ι
1487 5466 1587 5506 nos
1602 5460 1785 5506 autem
1803 5467 1913 5506 non
1941 5466 2060 5504 ma-

473 5550 614 5618 gicis
643 5550 877 5611 artibus,
905 5557 963 5604 ut
983 5547 1191 5610 dicitis,
1235 5544 1335 5600 sed
1382 5543 1471 5600 Dei
1524 5545 1702 5601 nostri
1742 5552 1798 5600 et
1855 5543 2058 5598 viviﬁci

463 5642 599 5710 .ejus
628 5640 865 5712 Spiritus
899 5639 1246 5696 invocatione
1289 5645 1346 5693 et
1392 5638 1732 5707 Operatione,
1767 5638 1927 5693 caecis
1976 5638 2062 5699 vi-

475 5750 624 5797 sum,
657 5737 826 5791 mutis
857 5751 1187 5802 sermonem,
1217 5732 1434 5788 claudis
1463 5733 1774 5801 ingressum
1797 5771 1816 5795 ,
1855 5740 1908 5787 et
1946 5730 2060 5786 dic-

477 5826 750 5882 moniacis
791 5829 1097 5898 praebemus
1136 5827 1498 5883 curationem.
1541 5823 1789 5892 Quorum
1845 5838 1916 5878 ne
1949 5821 2056 5878 sibi

2249 4613 2528 4668 Ἐντεῦθεν
2549 4654 2563 4678 ,
2595 4613 2717 4666 ἐπεὶ
2760 4611 2834 4683 μὴ
2886 4605 2987 4665 οἶοί
3013 4627 3074 4664 τε
3112 4609 3316 4664 πείθειν
3343 4609 3660 4681 ἐτύγχανον,
3691 4608 3746 4660 τὸ

2163 4709 2502 4779 προσωπεῖον
2532 4706 2627 4759 καὶ
2669 4704 2768 4776 τὴν
2817 4705 3110 4774 ὑπόκρισιν
3151 4703 3520 4774 ἀποθέμενοι,
3560 4703 3636 4773 τῷ
3689 4720 3744 4754 τε

2163 4799 2320 4870 θυμῷ
2350 4797 2512 4852 πλέον
2542 4797 2819 4863 ζέσαντες,
2852 4798 2946 4850 καὶ
2986 4797 3086 4867 τῆς
3127 4796 3398 4866 καθέδρας
3445 4795 3672 4867 μανικόν
3697 4811 3742 4847 τι

2162 4895 2256 4947 καὶ
2285 4891 2795 4965 παρακεκινημένον
2826 4887 3234 4955 ἐξαναστάντες·
3274 4907 3293 4940 ι
3332 4889 3472 4959 Παρ*
3502 4889 3675 4959 ὑμῶν,
3703 4880 3745 4939 ὦ

2161 4988 2399 5058 ἀνόητοι,
2431 4984 2692 5054 Διονυσίῳ
2722 4983 2856 5053 φασὶ
2900 4983 2996 5035 καὶ
3035 4984 3149 5044 τοῖς
3196 4979 3333 5052 μετὰ
3360 4979 3529 5033 αὐτοῦ
3549 5020 3568 5044 ,
3595 4980 3665 5032 τά
3690 4995 3744 5030 τε

2162 5079 2270 5136 τῶν
2301 5078 2436 5131 θεῶν
2463 5075 2774 5148 άτιμοῦται,
2793 5074 2886 5128 καὶ
2913 5073 2982 5126 τά
2997 5073 3090 5126 τοῦ
3106 5071 3510 5143 αὐτοκράτορος
3541 5088 3742 5142 μυκτη-

2166 5170 2394 5243 ρίζεται,
2425 5172 2520 5224 καὶ
2543 5171 2804 5240 μαγικαῖς
2827 5167 3096 5229 ἐπινοίαις
3124 5165 3284 5237 δῆθεν
3305 5165 3382 5227 ὡς
3401 5164 3742 5235 θαυματουρ-

2165 5265 2314 5333 γίαις
2337 5265 2492 5334 ὑμεῖς
2510 5265 2636 5326 τοὺς
2664 5261 2770 5315 ὑπὸ
2793 5259 2890 5331 τὴν
2911 5258 3114 5312 τούτων
3132 5258 3308 5330 ἀρχὴν
3327 5258 3638 5310 ύποσυλᾶτε
3658 5257 3742 5309 καὶ

2165 5355 2576 5427 σφετερίζεσθες
2605 5373 2623 5405 ι
2646 5355 2708 5407 Οἱ
2735 5353 2791 5406 δὲ
2807 5353 2974 5420 ἅγιοι,
2997 5370 3016 5402 ι
3054 5351 3270 5420 Ὅμοιοι
3298 5350 3485 5412 αὐτοῖς
3514 5350 3742 5418 γένοιντο

2163 5453 2214 5505 οἱ
2259 5449 2567 5522 τιμῶντεςι
2608 5467 2626 5498 ι
2657 5449 2758 5518 μιᾷ
2798 5444 2936 5516 πρὸς
2965 5443 3163 5506 αὐτοὺς
3203 5441 3411 5512 ἔφησαν
3439 5444 3509 5512 τῇ
3566 5440 3739 5510 φωνῇ’

2169 5562 2188 5595 ι
2218 5546 2378 5613 ἡμεῖς
2404 5543 2462 5595 δέ
2503 5541 2566 5594 ού
2615 5540 2877 5610 μαγικαῖς
2922 5535 3221 5597 ἐπινοίαις,
3278 5533 3354 5595 ὡς
3389 5533 3547 5586 αὐτοί
3593 5544 3740 5601 φατε,

2162 5634 2300 5687 ἀλλὰ
2326 5637 2392 5704 τῇ
2421 5632 2514 5686 τοῦ
2559 5631 2692 5684 Θεοῦ
2738 5629 2894 5700 ἡμῶν
2935 5629 3029 5682 καὶ
3067 5629 3134 5696 τῇ
3163 5625 3258 5678 τοῦ
3289 5623 3559 5702 ζωοποιοῦ
3586 5619 3740 5676 αὑτοῦ

2163 5726 2479 5798 Πνεύματος
2505 5724 2789 5794 ἐπικλήσει
2820 5721 2915 5775 καὶ
2967 5719 3220 5792 ἐνεργείᾳ
3262 5716 3486 5786 τυφλοῖς
3527 5716 3590 5768 τὸ
3632 5713 3741 5784 βλέ-

2166 5837 2310 5884 πειν,
2343 5820 2547 5887 κωφοῖς
2575 5815 2636 5868 τὸ
2664 5813 2864 5877 λαλεῖν,
2889 5811 3045 5884 βάσιν
3073 5828 3132 5864 τε
3161 5809 3376 5882 χωλοῖς,
3421 5808 3520 5862 καὶ
3561 5807 3735 5878 δαιμο·

465 5959 472 5966 ·
551 5942 617 6015 (‘)
656 5942 766 6000 Aut
795 5943 1084 6014 legendum
1116 5944 1333 6019 χείρονα
1367 5944 1485 6002 sine
1519 5945 1601 6008 οὐ,
1634 5959 1757 6001 cum
1794 5943 2056 5998 interpret

2164 5951 2247 5996 aut
2282 5938 2639 5996 scribendum
2669 5936 2731 5990 οὐ
2760 5937 3066 6009 κρείττονα.
3101 5931 3255 5988 Enn.
3286 5929 3463 5985 Pun.
