3886 6564
170 467 275 522 605

1086 474 1270 537 VITA.
1306 477 1638 535 AUCTORE
1673 478 2002 536 SYMEONE
2037 477 2571 538 METAPHRASTE.

3333 491 3440 547 606

174 585 303 638 νῶσι
334 582 679 654 προσέχομεν
707 583 886 640 ἴασιν·
929 581 1004 642 ὢν
1061 591 1181 645 οὐδὲ
1238 593 1450 656 ἑαυτοῖς
1508 594 1659 647 οὐδὲν
1703 595 1755 647 ot

1866 597 2080 667 quidem
2114 606 2344 667 possunt
2365 597 2532 653 vestri
2553 597 2629 652 dii
2651 595 2948 669 quidquam
2972 599 3234 669 praebere,
3261 611 3320 656 ut
3344 607 3436 674 qui

175 677 425 748 ὑμέτεροι
457 675 594 742 θεοὶ,
626 677 722 731 ἆτε
751 677 881 742 ξύλα
906 682 1000 734 καὶ
1025 681 1184 747 λίθοι,
1213 683 1396 737 δοῦναι
1425 685 1756 757 δεδύνηνται·

175 769 366 836 Στόμα
397 769 511 836 γὰρ
544 769 781 836 ἔχουσι,
815 771 912 824 καί
939 775 1013 826 οὺ
1044 774 1369 829 λαλοῦσιν·
1391 776 1756 845 ὀφθαλμοὺς,

175 860 268 912 καὶ
301 861 373 912 οὺ
399 858 788 923 βλέπουσινο
817 863 956 928 ὦτα,
988 866 1085 918 καί
1114 869 1226 919 οὐκ
1269 867 1622 922 ἀκούουσιν.
1664 869 1759 920 Ἕν

173 952 328 1004 τοῦτο
356 953 517 1022 μόνον
539 955 671 1024 ὑμῖν
699 956 1001 1027 ἐνεργοῦσι,
1033 959 1094 1011 τὸ
1122 959 1474 1032 ἀτελεύτητον
1505 960 1616 1033 πῦρ
1631 961 1761 1014 ἁνα-

175 1045 484 1112 ῳλέγουσιν.
513 1065 532 1096 ι
563 1046 785 1111 Τούτοις
812 1049 1087 1103 ἀντειπεῖν
1126 1052 1187 1104 οὐ
1217 1052 1539 1123 δυνηθέντες
1576 1054 1628 1104 οί
1667 1052 1763 1104 τύ-

173 1136 560 1208 ραννοι,δριμύ
587 1155 640 1192 τι
657 1133 751 1192 καὶ
780 1141 1100 1212 παράφορον
1129 1144 1208 1205 εἰς
1229 1143 1427 1207 αὐτοὺς
1457 1144 1758 1208 ύπιδόντες,

172 1229 263 1280 καὶ
291 1229 360 1282 τὰ
388 1229 518 1301 ξίφη
544 1231 903 1302 σπασάμενοι,
935 1234 1072 1304 πρὸς
1099 1235 1190 1288 τὸν
1221 1235 1378 1305 φόνον
1407 1235 1756 1299 ὁπλίζονται·

171 1320 263 1373 καὶ
296 1321 360 1391 δὴ
404 1322 484 1385 ὡς
535 1324 645 1376 ἀπὸ
697 1325 922 1396 σημείου
971 1325 1203 1399 τούτους,
1256 1327 1616 1397 ἐξαγαγόντες
1663 1328 1764 1400 τῆς

173 1412 401 1477 πόλεως,
439 1415 536 1467 ὲπί
583 1432 704 1468 τινα
740 1419 986 1489 κορυφὴν
1017 1418 1303 1490 δεσμώτας
1349 1421 1632 1489 ἀνάγουσι,
1669 1421 1762 1474 καὶ

170 1508 283 1568 τοῖς
315 1506 532 1576 δημίοις
567 1508 805 1581 τὰ.πρὸς
857 1510 1070 1582 σφαγὴν
1104 1512 1488 1582 ἐγχειρίζουσι.
1541 1511 1760 1577 Μεταξὺ

170 1595 226 1648 δὲ
261 1598 453 1667 καιρὸν
518 1600 570 1650 οί
624 1599 767 1667 ἆγιοι
817 1601 1031 1654 αἰτοῦσι
1079 1604 1422 1675 προσευχῆς,
1477 1606 1570 1658 καὶ
1633 1607 1762 1675 γόνυ

172 1689 462 1743 κλίνουσιν.
527 1690 619 1742 Ἐν
663 1691 904 1763 τοσούτῳ
949 1694 1007 1746 δὲ
1051 1697 1080 1748 ὁ
1129 1697 1461 1770 ίερομάρτυς
1503 1697 1596 1750 τοῦ
1631 1699 1765 1768 Χρι-

85 1789 89 1793 ’
175 1778 301 1833 στοῦ
351 1780 666 1846 Διονύσιος,
720 1781 781 1834 τὸ
844 1783 996 1854 ὄμμα
1031 1787 1112 1848 εἰς
1160 1768 1759 1858 ούρανοὺξάνατείναςο

178 1891 196 1922 ι
226 1871 475 1924 Δέσποτα
508 1873 612 1926 Θεὲ
645 1875 1048 1949 παντόκρατορ,
1087 1877 1201 1941 Υἱὲ,
1251 1881 1416 1950 φησὶ,
1456 1864 1766 1951 μονογενὲς,

175 1966 265 2018 καὶ
300 1967 455 2034 ᾰγιον
475 1965 725 2038 Πνεῦμα,
749 1968 920 2040 Τριὰς
946 1969 1076 2038 ἁγία
1109 1969 1313 2043 ἄναρχε
1347 1973 1440 2027 καὶ
1475 1973 1759 2047 ἀμέριστε,
1793 1959 1836 2014 Β

175 2053 468 2128 πρόσδεξαι
515 2056 616 2121 τὰς
665 2059 771 2111 τῶν
827 2059 935 2112 σῶν
999 2061 1200 2115 δούλων
1248 2065 1305 2116 ἐν
1338 2066 1530 2138 εἰρήνῃ
1561 2064 1760 2134 ψυχὰς,

175 2149 255 2200 ὅτι
289 2147 457 2202 ἕνεκά
517 2167 614 2202 σου
663 2149 1060 2222 θανατούμεθα.
1092 2173 1111 2203 ι
1180 2155 1288 2208 Καὶ
1334 2155 1442 2209 τῶν
1487 2157 1657 2225 ἁγίων
1701 2156 1763 2210 τὸ

181 2260 199 2292 ι
223 2242 394 2314 Ἀμὴν
417 2263 434 2292 ι
459 2245 950 2314 ἐπιφωνησάντων,
973 2247 1107 2317 πρὸς
1118 2249 1243 2310 τοὺς
1259 2248 1487 2320 δημίους
1505 2252 1764 2321 ἐπιστρα-

178 2333 328 2403 φεὶς,
371 2354 389 2384 ι
414 2334 491 2386 Τὸ
527 2335 815 2389 κελευσθὲν
849 2337 977 2406 ὑμῖν
1012 2339 1302 2402 ὲκτελεῖτε,
1337 2359 1354 2392 ι
1399 2341 1582 2411 φησίν.
1619 2344 1682 2395 UE
1705 2341 1764 2395 δὲ

178 2425 369 2496 πρῶτα
408 2424 510 2495 μὲν
543 2424 644 2494 τὴν
676 2425 771 2478 τοῦ
810 2427 1077 2498 μακαρίου
1113 2427 1408 2489 Διονυσίου,
1447 2425 1565 2481 εἶτα
1596 2429 1764 2481 ’Ῥου-

178 2515 361 2569 στικοῦ
397 2517 496 2569 καὶ
544 2516 879 2589 Ἐλευθερίου
945 2518 1267 2588 ὲκτέμνουσι
1316 2519 1573 2591 κεφαλήν,
1625 2520 1764 2574 Ἀλλ’

177 2607 290 2660 οὐδὲ
321 2607 505 2679 τούτῳ
563 2607 678 2673 σοῦ,
714 2608 980 2675 Διονύσιε,
1031 2612 1060 2662 ὁ
1091 2609 1178 2663 διὰ
1213 2611 1274 2663 σὲ
1307 2609 1496 2664 παθὼν
1544 2610 1638 2664 τοῦ
1695 2612 1764 2666 δι’

178 2701 334 2753 αὐτὸν
369 2701 704 2772 θνήσκοντος
739 2701 1108 2773 ἐπιλέλησται·
1134 2702 1270 2756 ἀλλά
1289 2721 1342 2757 τι
1378 2705 1470 2757 καὶ
1506 2705 1633 2776 περὶ
1665 2703 1765 2776 τὴν

178 2795 415 2866 ἐκτομὴν
448 2795 743 2868 τεράστιον
791 2795 1182 2851 ἐπιδείκνυται.
1231 2797 1340 2850 Καὶ
1374 2797 1481 2869 γὰρ
1512 2797 1608 2868 τὴν
1641 2799 1768 2850 ἐαυ-

178 2887 268 2940 τοῦ
321 2887 593 2958 κεφαλὴν,
628 2885 816 2959 ὥσπερ
858 2905 912 2940 τι
949 2885 1222 2960 βραϐεῖον,
1260 2891 1318 2942 ὲν
1350 2891 1472 2942 ταῖν
1527 2891 1706 2961 χεροῖν
1737 2892 1766 2942 ὁ

185 2979 388 3049 μάρτυς
422 2977 740 3048 δεξάμενος,
793 2977 880 3048 ἐφ’
916 2979 1099 3032 ίκανὸν
1130 2979 1296 3034 τόπον
1345 2979 1556 3034 δίεισιν.
1596 2981 1763 3049 Ἔφε-

181 3088 268 3142 ρεν
298 3067 392 3124 οὖν
425 3069 530 3141 τὴν
565 3069 823 3142 κεφαλὴν,
861 3069 1110 3143 καθάπερ
1141 3089 1194 3123 τι
1226 3072 1508 3144 τρόπαιον,
1535 3072 1625 3124 ἐπὶ
1657 3069 1766 3124 τῶν

182 3164 370 3237 χειρῶν
407 3162 595 3228 αὐτὸς,
622 3163 724 3216 ὑπὸ
758 3163 908 3228 θείας
943 3164 1159 3227 πάντως
1193 3166 1490 3238 φερόμενος
1523 3167 1763 3237 χάριτος,

184 3257 268 3308 καὶ
300 3257 361 3309 οὐ
403 3255 672 3328 πρότερον
726 3257 917 3327 ἀνῆκε,
970 3256 1103 3328 πρὶν
1139 3257 1229 3309 ὅτε
1261 3257 1327 3329 δὴ
1374 3258 1594 3326 γυναικὶ
1628 3258 1767 3311 κατὰ

183 3345 324 3401 Θείαν
359 3346 583 3410 πάντως
618 3347 956 3418 συνενεχθεὶς
1003 3347 1262 3418 πρόνοιαν
1325 3348 1540 3416 ἐκείνης
1593 3347 1769 3401 παλά-

184 3456 325 3508 μαις,
361 3435 452 3492 οἷά
515 3455 637 3494 τινα
702 3438 1008 3512 θησαυρὸν,
1045 3438 1360 3493 ἐναπέθετο.
1400 3440 1650 3492 Ἔκειντο
1712 3439 1769 3494 δὲ

181 3533 528 3605 ἀμελούμενα
559 3532 628 3585 τὰ
660 3533 768 3586 τῶν
805 3534 974 3603 ἁγίων
1013 3532 1308 3608 μαρτύρων
1342 3534 1500 3604 τίμια
1538 3533 1768 3605 σώματα
1802 3603 1804 3605 γ

182 3624 336 3697 θηρσὶ
371 3626 514 3697 βορὰ
551 3626 643 3680 καὶ
667 3626 873 3698 ὀρνέοις
926 3626 1282 3698 προκείμενα,
1324 3627 1458 3699 μηδὲ
1486 3628 1583 3698 τῆς
1617 3644 1764 3680 νενο-

183 3716 451 3787 μισμένης
483 3715 718 3786 λαχόντα
750 3715 948 3785 ταφῆς.
1297 3713 1304 3716 ⁷

247 3810 308 3862 Oi
345 3810 535 3880 μέντοι
579 3809 760 3880 δήμιοι
826 3808 946 3862 οὐδὲ
997 3807 1159 3879 μέχρι
1221 3805 1414 3859 τούτου
1463 3805 1566 3876 τῆς
1598 3805 1769 3877 ὀργῆς

183 3901 429 3974 ἔστησαν·
468 3901 605 3954 ἀλλὰ
635 3901 728 3954 καὶ
759 3903 871 3964 τοῖς
920 3899 1191 3970 λειψάνοις
1237 3901 1418 3962 αὐτοῖς
1451 3898 1771 3970 ἐπιμαίνον-

182 4012 284 4059 ται,
321 3995 575 4067 θαλάσσῃ
604 3994 786 4048 δοῦναι
822 3993 913 4048 καὶ
950 3993 1096 4064 βυθῷ
1150 3992 1626 4066 προθυμούμενοι,
1691 3993 1769 4058 ὡς

182 4085 242 4140 ἂν
278 4087 351 4158 μὴ
384 4085 490 4150 τὰς
525 4084 715 4148 αὐτὰς,
752 4084 844 4137 καὶ
897 4083 1081 4155 ἄψυχα
1115 4083 1266 4146 ὄντα,
1321 4081 1769 4153 θαυματουργίας

184 4179 546 4243 ἐνδείξαιντο,
614 4175 906 4229 κάντεῦθεν
950 4174 1144 4239 ἕλξωσι
1175 4175 1301 4238 τοὺς
1355 4172 1582 4236 πολλοὺς
1630 4172 1770 4245 πρὸς

185 4269 498 4337 ἐπίγνωσιν.
546 4265 610 4317 Ὅ
657 4264 741 4334 δὴ,
777 4263 852 4327 ὡς
887 4263 1070 4326 αὐτοῖς
1121 4261 1286 4327 ἔδοξε,
1340 4263 1562 4332 γέγονεν
1597 4261 1684 4324 ἂν,
1721 4265 1770 4315 εί

185 4359 254 4428 μὴ
287 4362 353 4431 τῇ
396 4357 613 4427 πονηρᾷ
645 4355 822 4426 ταύτῃ
856 4355 1029 4432 πέρας
1063 4355 1420 4425 ἐπενεχθῆναι
1469 4346 1629 4423 βουλῇ
1664 4353 1772 4406 διε-

183 4449 422 4503 κώλυσεν
455 4450 485 4501 ὁ
521 4448 668 4513 Θεός.
706 4447 1012 4518 Αίσθομένη
1066 4445 1172 4518 γὰρ
1205 4446 1298 4498 τοῦ
1335 4445 1702 4518 βουλεύματος
1735 4447 1768 4516 ἡ

180 4545 273 4617 τὴν
305 4544 504 4616 τιμίαν
531 4541 610 4612 τῷ
643 4541 760 4612 Θεῷ
812 4539 1052 4611 κεφαλὴν
1098 4539 1365 4610 δεξαμένη
1420 4537 1613 4608 (ὄνομα
1658 4541 1772 4591 Κα-

1861 689 1976 744 sint
2010 690 2154 760 ligna
2186 697 2240 744 et
2271 689 2498 759 lapides.
2533 689 2605 745 Os
2622 692 2760 744 enim
2783 691 2994 756 habent,
3020 702 3190 747 etnon
3223 695 3442 763 loquun-

1863 789 1985 832 tur:
2022 780 2226 842 oculos,
2251 786 2302 832 et
2334 795 2437 831 non
2460 777 2667 833 vident:
2701 796 2879 842 aures,
2910 790 2960 834 et
3002 798 3106 835 non
3137 782 3363 853 audiunt
3386 785 3440 843 Ιπ.

1863 868 2042 925 Unum
2077 869 2180 924 hoc
2209 870 2384 925 solum
2412 871 2570 926 vobis
2595 871 2863 926 cilicium:
2898 875 3202 930 accendunt
3236 879 3436 947 ignem,

1861 964 1954 1033 qui
1978 977 2258 1033 nunquam
2285 962 2519 1018 desinet.
2547 982 2566 1014 ι
2591 963 2864 1020 Adversus
2885 965 2998 1019 haec
3027 981 3149 1020 cum
3175 984 3282 1023 non
3305 985 3439 1038 pos-

1865 1063 1990 1112 sent
2021 1056 2241 1126 tyranni
2274 1057 2674 1122 contradicere,
2706 1063 2861 1112 torve
2884 1066 2938 1112 et
2957 1058 3150 1114 insane
3171 1075 3266 1114 eos
3290 1065 3442 1132 aspi-

1862 1153 2093 1216 cientes,
2121 1151 2332 1206 strictis
2359 1148 2556 1220 gladiis
2588 1164 2647 1204 se
2683 1157 2875 1220 parant
2907 1149 3069 1220 352
3101 1152 3170 1205 ad
3201 1153 3436 1220 caedem;

1863 1252 2086 1308 etcum,
2128 1251 2387 1312 tanquam
2423 1241 2579 1312 signo
2611 1241 2760 1306 dato,
2793 1257 2890 1296 eos
2929 1242 3248 1299 eduxissent
3287 1253 3442 1300 extra

1863 1339 2173 1403 civitatem,
2208 1337 2426 1390 vinctos
2459 1335 2668 1390 ducunt
2716 1335 2783 1390 ad
2826 1335 3100 1405 quoddam
3149 1352 3438 1403 cacumen,

1863 1438 1916 1486 et
1947 1429 2174 1484 tradunt
2212 1429 2526 1493 lictoribus,
2571 1436 2631 1482 ut
2678 1443 2776 1484 eos
2831 1429 3180 1484 interficiant.
3230 1429 3441 1486 Interea

1865 1528 2046 1578 autem
2072 1527 2268 1590 petunt
2302 1521 2480 1575 sancti
2518 1529 2736 1590 tempus
2764 1521 3060 1590 precandi,
3091 1520 3315 1577 flectunt
3349 1540 3444 1594 ge-

1863 1629 1994 1669 nua.
2033 1612 2171 1666 Tum
2219 1621 2606 1670 sacrosanctus
2639 1603 2846 1669 Christi
2885 1624 3093 1685 martyr
3127 1613 3441 1686 Dionysius,

1863 1707 2096 1762 sublatis
2123 1707 2178 1780 in
2209 1706 2410 1760 cmlum
2440 1706 2650 1761 oculis:
2691 1724 2710 1756 ι
2738 1705 2968 1760 Domine
3015 1705 3159 1761 Deus
3195 1707 3446 1778 omnipo-

1865 1805 2011 1859 tens,
2069 1797 2195 1860 Fili,
2254 1798 2451 1867 inquit,
2509 1797 2808 1868 unigenite,
2850 1806 2906 1853 et
2945 1805 3134 1854 sancte
3178 1796 3442 1868 Spiritus,

1867 1897 2056 1944 sancta
2091 1887 2336 1943 Trinitas
2365 1889 2637 1959 principio
2669 1905 2896 1954 carens,
2931 1897 2985 1945 et
3027 1891 3082 1944 in
3127 1907 3288 1960 quam
3336 1908 3445 1946 non

1865 1977 2014 2032 cadit
2036 1977 2259 2043 divisio,
2293 1979 2515 2048 suscipe
2536 1994 2818 2034 servorum
2846 1988 3069 2035 tuorum
3101 1980 3154 2034 in
3173 1996 3307 2051 pace
3323 1982 3446 2035 ani-

1863 2086 2004 2135 mas,
2029 2071 2288 2142 quoniam
2317 2079 2540 2142 propter
2573 2079 2624 2127 te
2645 2081 2822 2128 morte
2853 2073 3138 2131 allicimur.
3166 2095 3185 2127 ι
3236 2075 3298 2129 Et
3322 2091 3447 2130 cum

1865 2161 2067 2226 sancti,
2107 2180 2125 2212 ι
2153 2162 2348 2226 Amen,
2380 2181 2398 2213 ι
2423 2162 2846 2226 acclamassent,
2872 2179 3174 2220 conversus
3196 2163 3262 2218 ad
3286 2163 3448 2218 licto-

1864 2271 1987 2311 res:
2027 2275 2045 2307 ι
2070 2253 2277 2320 Facite,
2304 2255 2503 2325 inquit,
2535 2253 2682 2323 quod
2715 2254 2816 2307 fuit
2843 2255 3001 2309 vobis
3035 2256 3382 2325 imperatum.
3422 2275 3441 2325 ρ

1864 2345 1947 2400 llli
1975 2355 2155 2399 autem
2187 2343 2424 2414 primum
2473 2343 2696 2413 quidem
2737 2343 2884 2398 beati
2935 2342 3201 2414 Dionysii,
3251 2343 3450 2398 deinde

1863 2435 2079 2492 Rustici
2110 2444 2164 2490 et
2184 2433 2487 2489 Eleutherii
2526 2439 2691 2502 caput
2751 2439 3054 2503 amputant.
3105 2432 3211 2488 Sed
3239 2449 3341 2488 nec
3391 2435 3446 2488 in

1866 2527 1971 2581 hoc
2005 2525 2226 2596 quidem
2257 2524 2324 2594 (ο
2350 2523 2610 2596 Dionysi)
2644 2525 2710 2586 is,
2764 2524 2859 2593 qui
2891 2531 3118 2594 propter
3147 2531 3200 2579 te
3248 2538 3449 2592 passus

1865 2626 1971 2682 cst,
2007 2618 2108 2672 fuit
2154 2618 2357 2672 oblitus
2397 2617 2518 2686 ejus
2561 2615 2654 2686 qui
2684 2623 2910 2686 propter
2953 2616 3130 2686 ipsum
3184 2615 3446 2679 moritur;

1867 2712 1963 2769 sed
1992 2711 2320 2768 miraculum
2349 2710 2514 2765 etiam
2548 2709 2791 2765 ostendit
2815 2708 2870 2763 in
2904 2707 3296 2778 amputatione.
3324 2704 3451 2762 Ete«

1866 2806 1979 2860 nim
2011 2820 2135 2859 cum
2175 2819 2338 2859 suum
2372 2811 2538 2871 caput
2594 2811 2858 2872 tanquam
2911 2800 3131 2871 aliquod
3163 2798 3448 2869 praemium

1867 2903 2074 2968 martyr
2112 2895 2228 2951 suis
2253 2895 2558 2964 accepisset
2589 2893 2866 2955 manibus,
2920 2893 3122 2946 transit
3169 2891 3235 2944 ad
3264 2905 3463 2945 remo-'

1867 2989 2063 3044 tiorcm
2092 2989 2295 3042 locum.
2327 2985 2556 3041 Ferebat
2581 2999 2710 3055 ergo
2741 2984 2857 3053 ipse
2899 2993 3062 3054 caput
3087 2983 3142 3036 in
3172 2981 3449 3060 manibus,

1867 3088 2128 3151 tanquam
2159 3077 2380 3148 aliquod
2413 3075 2739 3145 troplizeum,
2777 3089 2806 3126 a
2836 3073 3021 3128 divina
3065 3075 3288 3128 omnino
3318 3085 3452 3141 por-

1869 3178 2015 3226 tatus
2033 3154 2242 3241 gratia,
2275 3184 2452 3240 neque
2483 3167 2637 3237 prius
2663 3164 2894 3230 dimisit,
2922 3179 3088 3234 quam
3121 3162 3340 3217 mulieri
3367 3160 3453 3215 di-

1871 3259 1996 3312 vina
2027 3259 2263 3329 quadam
2315 3255 2542 3309 omnino
2593 3269 2894 3309 occurrens
2947 3251 3339 3324 providentia,
3396 3251 3452 3304 in

1849 3330 2018 3405 'illius
2065 3349 2320 3403 manibus
2359 3346 2648 3418 deposuit,
2676 3346 2847 3401 veluti
2893 3344 3186 3416 quemdam
3228 3343 3454 3398 thesau~

1865 3457 2009 3496 rum.
2029 3438 2296 3494 Iacebant
2325 3448 2508 3494 autem
2537 3437 2786 3507 neglecta
2810 3443 3126 3492 sanctorum
3153 3441 3453 3505 martyrum

1865 3532 2177 3588 veneranda
2206 3546 2462 3602 corpora,
2495 3529 2627 3585 feris
2651 3537 2706 3584 et
2736 3528 2930 3583 avibus
2960 3527 3029 3581 ad
3054 3526 3328 3583 edendum
3359 3540 3455 3578 ex-

1872 3627 2076 3698 posita,
2105 3632 2160 3682 et
2188 3641 2289 3680 nec
2311 3624 2465 3695 justa
2514 3623 2738 3695 quidem
2789 3621 3086 3696 sepulturae
3132 3626 3452 3674 consecuta.

1853 3805 1856 3807 ’
1940 3804 2189 3860 Lictores
2221 3807 2400 3856 autem
2433 3815 2503 3854 ne.
2530 3799 2800 3853 hactenus
2825 3794 3047 3866 quidem
3079 3793 3245 3850 irasci
3274 3792 3458 3848 desie-

1870 3904 2000 3954 runt
2021 3937 2036 3959 .
2071 3895 2167 3952 sed
2196 3895 2362 3950 etiam
2402 3893 2458 3947 in
2489 3891 2640 3962 ipsas
2671 3890 2861 3944 [urunt
2883 3887 3167 3957 reliquias,
3201 3892 3453 3940 statuen~

1873 3999 1956 4046 tes
1985 4003 2079 4044 eas
2102 3989 2157 4042 in
2179 3985 2350 4040 maris
2373 3982 2705 4054 profundum
2725 3981 3015 4052 projicere,
3044 3994 3112 4032 ne
3143 3977 3225 4032 vel
3270 3975 3454 4029 inani-

1873 4091 2032 4137 matae
2054 4079 2330 4136 edicerent
2355 4073 2647 4137 miracula,
2675 4081 2729 4127 et
2768 4057 2893 4126 ideo
2941 4067 3282 4123 attraherent
3315 4065 3457 4119 mul-

1847 4158 1958 4227 tos
1989 4171 2058 4226 ad
2101 4169 2460 4242 agnitionem.
2495 4165 2650 4232 Quod
2683 4164 2868 4228 etiam,
2898 4169 2956 4216 ut
2981 4161 3061 4216 eis
3091 4160 3271 4214 visum
3310 4164 3455 4222 erat,

1848 4251 2076 4320 'l'actum
2106 4269 2277 4324 esset,
2302 4260 2410 4315 nisi
2436 4260 2540 4313 hoc
2567 4258 2773 4312 malum
2792 4254 3082 4310 consilium
3112 4251 3178 4305 ad
3203 4251 3454 4306 effectum

1873 4355 2069 4413 deduci
2086 4354 2232 4411 Deus
2255 4350 2648 4424 prohibuisset.
2668 4349 2806 4402 Nam
2833 4362 2955 4400 cum
2981 4344 3243 4400 sensisset
3265 4355 3457 4396 eorum

1874 4448 2126 4508 consilia,
2159 4461 2223 4501 ea
2255 4459 2375 4514 quae
2403 4443 2703 4513 pretiosum
2734 4438 2991 4510 martyris
3021 4442 3187 4506 caput
3228 4448 3458 4504 accepe-

1872 4547 1957 4593 rat
1977 4537 2216 4611 (mulieri
2242 4551 2439 4590 nomen
2463 4543 2580 4589 erat
2603 4533 2844 4604 Catula),
2865 4537 3103 4586 mentem
3131 4542 3284 4584 suam
3304 4541 3460 4581 com-

180 4639 339 4694 τούλα
372 4641 443 4709 τῇ
481 4636 721 4709 γυναικί)
759 4635 1032 4689 κοινοῦταί
1083 4652 1206 4687 τινα
1238 4636 1351 4697 τοῖς
1386 4634 1596 4696 πιστοῖς
1629 4632 1770 4700 γνώ-

1873 4625 2488 4688 municabatlidelibus,
2522 4632 2585 4679 ut
2633 4623 2745 4680 Deo
2791 4631 3001 4693 gratam
3050 4627 3104 4674 et
3151 4624 3456 4688 acceptam.

185 4750 284 4804 μην
315 4732 395 4794 ὼς
430 4727 670 4798 ἀρεστὴν
731 4726 810 4800 τῷ
867 4725 986 4797 Θεῷ
1049 4726 1144 4780 καὶ
1177 4725 1494 4779 ἀπόδεκτον·
1541 4724 1633 4777 καὶ
1670 4741 1770 4777 πο-

181 4825 372 4894 λυτελῆ
409 4821 765 4892 παραθεμένη
800 4820 898 4892 τὴν
930 4817 1232 4889 τράπεζαν,
1268 4819 1347 4881 είς
1379 4816 1610 4888 εὐωχίαν
1643 4818 1770 4880 τοὺς

181 4915 404 4988 δημίους
471 4913 801 4984 παρέλαϐεν.
871 4914 958 4966 Ἐν
991 4915 1101 4984 ὅσῳ
1164 4913 1221 4966 δὲ
1284 4909 1426 4968 οὗτοι
1492 4909 1772 4964 εἱστιῶντο

182 5009 330 5082 παρὰ
363 5011 436 5080 τῇ
473 5007 692 5077 γυναικὶ
715 5048 727 5070 ,
791 5007 901 5061 τῶν
934 5008 1142 5062 πιστῶν
1194 5025 1340 5070 τινες
1372 5005 1440 5059 τὰ
1473 5005 1630 5076 τίμια
1662 5003 1772 5056 τῶν

187 5103 483 5176 μαρτύρων
518 5100 959 5172 ὑπολαμϐάνουσι
990 5099 1219 5170 λείψανα
1255 5100 1349 5153 καὶ
1383 5101 1438 5151 ὲν
1470 5097 1549 5169 τῷ
1578 5099 1774 5166 ἀφανεῖ

184 5196 590 5251 κατατίθενται.
627 5191 776 5258 Εἶτα,
811 5195 911 5266 τῆς
944 5193 1178 5265 εὐωχίας
1211 5192 1553 5262 διαλυθείσης
1577 5232 1591 5256 ,
1657 5193 1772 5254 τοῖς

184 5291 397 5362 δημίοις
429 5287 494 5340 τὸ
528 5289 760 5358 πρᾶγμα
811 5285 1128 5358 φωράσασιν
1162 5286 1254 5339 ἐπὶ
1291 5286 1433 5358 μέγα
1467 5285 1560 5338 καὶ
1610 5283 1772 5336 πάλιν

185 5384 488 5436 ἀνεκινείτο
519 5379 588 5433 τὰ
621 5380 714 5432 τοῦ
749 5379 921 5451 θυμοῦ
962 5379 1054 5433 καὶ
1087 5379 1511 5450 διεθερμαίνετοσ
1547 5377 1682 5431 ἀλλὰ
1710 5375 1772 5430 τὸ

187 5475 278 5545 τῆς
311 5473 489 5546 ὀργῆς
523 5470 641 5534 ζέον
684 5471 751 5523 τὰ
784 5471 933 5544 δῶρα
967 5468 1258 5538 κατέψυξε,
1295 5468 1388 5522 καὶ
1417 5467 1478 5521 τὸ
1513 5468 1644 5522 πολὺ
1677 5468 1772 5522 τοῦ

188 5565 354 5636 θυμοῦ
388 5564 669 5636 χρήμασιν
702 5564 735 5634 ἡ
769 5562 905 5632 γυνὴ
941 5559 1226 5632 παραλύει.
1280 5559 1563 5613 Κάκείνων
1609 5559 1775 5613 ἀπαλο

190 5658 484 5727 Ααγέντων,
521 5654 578 5707 ἒν
609 5671 713 5708 τινι
745 5655 815 5707 τὰ
865 5654 974 5708 τῶν
1011 5653 1306 5726 μαρτύρων
1349 5653 1576 5724 λείψανα
1610 5657 1643 5727 ἡ
1681 5673 1775 5727 μα-

191 5749 352 5820 καρία
387 5742 648 5808 Κατούλα
702 5743 978 5817 δομήματι
1031 5743 1378 5817 κατατίθησι,
1432 5745 1624 5820 τρίτην
1676 5747 1772 5800 τοῦ

259 5927 284 5967 ι
319 5924 474 5981 Psal.
547 5937 704 5988 cnu,
730 5925 781 5990 5,
814 5924 867 5979 6.

1874 4721 1940 4775 Et
1973 4737 2098 4775 cum
2129 4716 2470 4790 splendidam
2501 4725 2556 4771 et
2587 4717 2796 4770 lautam
2827 4721 3147 4784 apparasset
3188 4725 3456 4771 mensam,

1873 4816 2093 4871 lictores
2125 4813 2334 4883 accepit
2357 4811 2630 4866 convivio.
2661 4807 2885 4864 Interim
2914 4821 3066 4869 vero,
3092 4805 3222 4859 dum
3243 4803 3278 4856 ii
3312 4817 3452 4856 con-

1874 4909 2076 4965 vivium
2108 4907 2320 4961 inibant
2353 4904 2499 4975 apud
2532 4903 2840 4965 mulierem,
2867 4900 3086 4970 quidam
3121 4914 3186 4952 cx
3211 4895 3458 4949 ﬁdelibus

1873 5001 2154 5072 accipiunt
2185 5006 2493 5070 martyrum
2517 4996 2804 5066 reliquias,
2854 5003 2907 5048 et
2952 5008 3045 5047 eas
3090 4985 3454 5043 abscondunt.

1871 5095 2098 5158 Deinde,
2129 5092 2282 5148 ﬁnito
2313 5091 2588 5151 convivio,
2617 5106 2742 5144 cum
2775 5104 2894 5144 eam
2928 5103 3041 5142 rem
3069 5078 3459 5165 deprehendis-

1873 5199 1996 5245 sent
2019 5187 2264 5252 lictores,
2300 5184 2382 5240 ira
2413 5184 2573 5240 valde
2601 5190 2758 5239 erant
2782 5180 3016 5252 perciti;
3049 5177 3144 5232 sed
3190 5174 3458 5229 fervorem

1873 5275 1967 5330 ira:
1991 5275 2258 5350 sedarunt
2286 5287 2538 5337 munera,
2570 5281 2626 5327 et
2660 5271 3040 5328 vehementem
3073 5265 3315 5319 furorem
3345 5262 3460 5316 dis-

1874 5367 2035 5422 solvit
2063 5366 2260 5420 mulier
2282 5364 2536 5436 pecunia.
2571 5363 2708 5419 Cum
2743 5363 2822 5417 illi
2854 5371 3032 5415 autem
3066 5355 3456 5416 recessissent,

1874 5463 1931 5516 in
1953 5462 2189 5532 quadam
2212 5461 2376 5514 domo
2401 5459 2628 5530 deponit
2650 5457 2846 5512 Catula
2871 5462 3168 5521 martyrum
3199 5448 3460 5517 reliquias

1879 5557 2038 5612 tertio
2066 5554 2273 5623 mensis
2329 5552 2626 5617 Octobris,
2684 5547 2846 5620 353
2895 5543 3177 5599 miraculis
3228 5541 3456 5627 allatim,

1876 5647 2296 5718 proﬂuentibus,
2331 5645 2558 5718 perinde
2611 5658 2674 5697 ac
2705 5642 2889 5711 aliquo
2940 5638 3087 5691 fonte
3138 5636 3364 5707 pulchre
3405 5643 3458 5689 et

1877 5743 2128 5802 suaviter
2155 5750 2438 5798 manante.
2469 5738 2586 5795 Non
2623 5736 2857 5791 multum
2902 5731 3172 5804 temporis
3194 5732 3439 5787 interces
