  <div class='ocr_page' id='page_1' title='image "/cluster/home/n/w/nwhite01/storage/ocr_20150623/4/hvd.32044014713200/313.png"; bbox 0 0 3886 6534; ppageno 0'>
   <div class='ocr_carea' id='block_1_1' title="bbox 450 433 556 492">
    <p class='ocr_par' dir='ltr' id='par_1_1' title="bbox 450 433 556 492">
     <span class='ocr_line' id='line_1_1' title="bbox 450 433 556 492; baseline -0.028 0"><span class='ocrx_word' id='word_1_1' title='bbox 450 433 556 492; x_wconf 80' lang='grc'><strong>607</strong></span> 
     </span>
    </p>
   </div>
   <div class='ocr_carea' id='block_1_2' title="bbox 1584 434 2488 493">
    <p class='ocr_par' dir='ltr' id='par_1_2' title="bbox 1584 434 2488 493">
     <span class='ocr_line' id='line_1_2' title="bbox 1584 434 2488 493; baseline 0 -1"><span class='ocrx_word' id='word_1_2' title='bbox 1584 435 1643 492; x_wconf 84' lang='lat' dir='ltr'><strong>S.</strong></span> <span class='ocrx_word' id='word_1_3' title='bbox 1688 434 1992 493; x_wconf 80' lang='lat' dir='ltr'><strong>DIONYSII</strong></span> <span class='ocrx_word' id='word_1_4' title='bbox 2024 435 2488 493; x_wconf 68' lang='lat' dir='ltr'><strong>ABEOPAGITAE</strong></span> 
     </span>
    </p>
   </div>
   <div class='ocr_carea' id='block_1_3' title="bbox 451 549 2030 637">
    <p class='ocr_par' dir='ltr' id='par_1_3' title="bbox 451 549 2030 627">
     <span class='ocr_line' id='line_1_3' title="bbox 451 549 2030 627; baseline 0.006 -23"><span class='ocrx_word' id='word_1_5' title='bbox 451 549 547 618; x_wconf 84' lang='lat' dir='ltr'><strong>sit,</strong></span> <span class='ocrx_word' id='word_1_6' title='bbox 594 557 651 605; x_wconf 89' lang='lat' dir='ltr'><strong>et</strong></span> <span class='ocrx_word' id='word_1_7' title='bbox 690 551 1080 609; x_wconf 72' lang='lat' dir='ltr'><strong>convenientes</strong></span> <span class='ocrx_word' id='word_1_8' title='bbox 1117 552 1409 610; x_wconf 75' lang='lat' dir='ltr'><strong>christiani</strong></span> <span class='ocrx_word' id='word_1_9' title='bbox 1461 555 1727 626; x_wconf 88' lang='lat' dir='ltr'><strong>templum</strong></span> <span class='ocrx_word' id='word_1_10' title='bbox 1786 556 2030 627; x_wconf 70' lang='lat' dir='ltr'><strong>gloriosis</strong></span> 
     </span>
    </p>
   </div>
   <div class='ocr_carea' id='block_1_4' title="bbox 2134 549 3734 637">
    <p class='ocr_par' dir='ltr' id='par_1_4' title="bbox 2146 553 3734 632">
     <span class='ocr_line' id='line_1_4' title="bbox 2146 553 3734 632; baseline 0.003 -21"><span class='ocrx_word' id='word_1_11' title='bbox 2146 558 2457 631; x_wconf 76' lang='grc' dir='ltr'>ὀκτωδρίου</span> <span class='ocrx_word' id='word_1_12' title='bbox 2494 555 2662 629; x_wconf 75' lang='grc' dir='ltr'>μηνὸς</span> <span class='ocrx_word' id='word_1_13' title='bbox 2716 553 2963 624; x_wconf 68' lang='grc' dir='ltr'>άγοντοςζ</span> <span class='ocrx_word' id='word_1_14' title='bbox 3024 555 3146 611; x_wconf 82' lang='grc' dir='ltr'><strong>Τῶν</strong></span> <span class='ocrx_word' id='word_1_15' title='bbox 3176 557 3235 611; x_wconf 78' lang='grc' dir='ltr'><strong>δὲ</strong></span> <span class='ocrx_word' id='word_1_16' title='bbox 3294 554 3591 632; x_wconf 73' lang='grc' dir='ltr'>θαυμάτων</span> <span class='ocrx_word' id='word_1_17' title='bbox 3622 555 3734 616; x_wconf 73' lang='grc' dir='ltr'><strong>ὀἷά</strong></span> 
     </span>
    </p>
   </div>
   <div class='ocr_carea' id='block_1_5' title="bbox 450 641 2038 717">
    <p class='ocr_par' dir='ltr' id='par_1_5' title="bbox 450 641 2038 717">
     <span class='ocr_line' id='line_1_5' title="bbox 450 641 2038 717; baseline 0.006 -23"><span class='ocrx_word' id='word_1_18' title='bbox 450 641 692 696; x_wconf 75' lang='lat' dir='ltr'><strong>excitant</strong></span> <span class='ocrx_word' id='word_1_19' title='bbox 722 642 1041 707; x_wconf 79' lang='lat' dir='ltr'><strong>victoribus,</strong></span> <span class='ocrx_word' id='word_1_20' title='bbox 1079 652 1135 699; x_wconf 91' lang='lat' dir='ltr'><strong>et</strong></span> <span class='ocrx_word' id='word_1_21' title='bbox 1176 643 1233 699; x_wconf 91' lang='lat' dir='ltr'><strong>in</strong></span> <span class='ocrx_word' id='word_1_22' title='bbox 1264 645 1387 716; x_wconf 90' lang='lat' dir='ltr'><strong>ipso</strong></span> <span class='ocrx_word' id='word_1_23' title='bbox 1408 661 1599 701; x_wconf 90' lang='lat' dir='ltr'><strong>eorum</strong></span> <span class='ocrx_word' id='word_1_24' title='bbox 1642 648 1913 717; x_wconf 88' lang='lat' dir='ltr'><strong>pretiosas</strong></span> <span class='ocrx_word' id='word_1_25' title='bbox 1941 647 2038 703; x_wconf 81' lang='lat' dir='ltr'><strong>de—</strong></span> 
     </span>
    </p>
   </div>
   <div class='ocr_carea' id='block_1_6' title="bbox 452 733 2035 807">
    <p class='ocr_par' dir='ltr' id='par_1_6' title="bbox 452 733 2035 807">
     <span class='ocr_line' id='line_1_6' title="bbox 452 733 2035 807; baseline 0.006 -21"><span class='ocrx_word' id='word_1_26' title='bbox 452 740 664 803; x_wconf 90' lang='lat' dir='ltr'><strong>ponunt</strong></span> <span class='ocrx_word' id='word_1_27' title='bbox 688 733 948 803; x_wconf 79' lang='lat' dir='ltr'><strong>reliquias</strong></span> <span class='ocrx_word' id='word_1_28' title='bbox 974 753 986 789; x_wconf 92' lang='lat'><strong>:</strong></span> <span class='ocrx_word' id='word_1_29' title='bbox 1021 735 1089 790; x_wconf 89' lang='lat' dir='ltr'><strong>ad</strong></span> <span class='ocrx_word' id='word_1_30' title='bbox 1111 736 1344 807; x_wconf 78' lang='lat' dir='ltr'><strong>gloriam</strong></span> <span class='ocrx_word' id='word_1_31' title='bbox 1376 736 1473 793; x_wconf 89' lang='lat' dir='ltr'><strong>Dei</strong></span> <span class='ocrx_word' id='word_1_32' title='bbox 1504 736 1708 804; x_wconf 88' lang='lat' dir='ltr'><strong>Patris,</strong></span> <span class='ocrx_word' id='word_1_33' title='bbox 1731 745 1787 793; x_wconf 90' lang='lat' dir='ltr'><strong>et</strong></span> <span class='ocrx_word' id='word_1_34' title='bbox 1817 737 2035 795; x_wconf 83' lang='lat' dir='ltr'><strong>Domini</strong></span> 
     </span>
    </p>
   </div>
   <div class='ocr_carea' id='block_1_7' title="bbox 450 820 2031 898">
    <p class='ocr_par' dir='ltr' id='par_1_7' title="bbox 450 820 2031 898">
     <span class='ocr_line' id='line_1_7' title="bbox 450 820 2031 898; baseline 0.006 -22"><span class='ocrx_word' id='word_1_35' title='bbox 450 822 625 877; x_wconf 84' lang='lat' dir='ltr'><strong>nostri</strong></span> <span class='ocrx_word' id='word_1_36' title='bbox 653 820 783 879; x_wconf 80' lang='lat' dir='ltr'><strong>Jesu</strong></span> <span class='ocrx_word' id='word_1_37' title='bbox 808 822 1016 880; x_wconf 87' lang='lat' dir='ltr'><strong>Christi</strong></span> <span class='ocrx_word' id='word_1_38' title='bbox 1041 844 1055 880; x_wconf 89' lang='lat'><strong>:</strong></span> <span class='ocrx_word' id='word_1_39' title='bbox 1089 842 1253 897; x_wconf 84' lang='lat' dir='ltr'><strong>quem</strong></span> <span class='ocrx_word' id='word_1_40' title='bbox 1283 827 1441 884; x_wconf 87' lang='lat' dir='ltr'><strong>decet</strong></span> <span class='ocrx_word' id='word_1_41' title='bbox 1471 828 1651 883; x_wconf 88' lang='lat' dir='ltr'><strong>honor</strong></span> <span class='ocrx_word' id='word_1_42' title='bbox 1676 836 1733 884; x_wconf 93' lang='lat' dir='ltr'><strong>et</strong></span> <span class='ocrx_word' id='word_1_43' title='bbox 1759 829 2031 898; x_wconf 86' lang='lat' dir='ltr'><strong>adoratio,</strong></span> 
     </span>
    </p>
   </div>
   <div class='ocr_carea' id='block_1_8' title="bbox 448 917 1959 986">
    <p class='ocr_par' dir='ltr' id='par_1_8' title="bbox 448 917 1959 986">
     <span class='ocr_line' id='line_1_8' title="bbox 448 917 1959 986; baseline 0.007 -18"><span class='ocrx_word' id='word_1_44' title='bbox 448 929 596 969; x_wconf 79' lang='lat' dir='ltr'><strong>nunc</strong></span> <span class='ocrx_word' id='word_1_45' title='bbox 621 921 676 969; x_wconf 90' lang='lat' dir='ltr'><strong>et</strong></span> <span class='ocrx_word' id='word_1_46' title='bbox 704 930 944 986; x_wconf 80' lang='lat' dir='ltr'><strong>semper,</strong></span> <span class='ocrx_word' id='word_1_47' title='bbox 975 924 1032 973; x_wconf 90' lang='lat' dir='ltr'><strong>et</strong></span> <span class='ocrx_word' id='word_1_48' title='bbox 1061 917 1119 973; x_wconf 90' lang='lat' dir='ltr'><strong>iu</strong></span> <span class='ocrx_word' id='word_1_49' title='bbox 1157 919 1355 975; x_wconf 55' lang='lat' dir='ltr'><strong>sacula</strong></span> <span class='ocrx_word' id='word_1_50' title='bbox 1378 920 1732 976; x_wconf 65' lang='lat' dir='ltr'><strong>sreculorum.</strong></span> <span class='ocrx_word' id='word_1_51' title='bbox 1763 919 1959 978; x_wconf 88' lang='lat' dir='ltr'><strong>Amen.</strong></span> 
     </span>
    </p>
   </div>
   <div class='ocr_carea' id='block_1_9' title="bbox 2141 648 3734 722">
    <p class='ocr_par' dir='ltr' id='par_1_9' title="bbox 2141 648 3734 722">
     <span class='ocr_line' id='line_1_9' title="bbox 2141 648 3734 722; baseline 0.002 -19"><span class='ocrx_word' id='word_1_52' title='bbox 2141 667 2287 715; x_wconf 87' lang='grc' dir='ltr'>τινος</span> <span class='ocrx_word' id='word_1_53' title='bbox 2345 649 2535 721; x_wconf 87' lang='grc' dir='ltr'>πηγῆς</span> <span class='ocrx_word' id='word_1_54' title='bbox 2592 648 2729 721; x_wconf 74' lang='grc' dir='ltr'>ὁμοῦ</span> <span class='ocrx_word' id='word_1_55' title='bbox 2784 649 3020 722; x_wconf 86' lang='grc' dir='ltr'>ναούσης</span> <span class='ocrx_word' id='word_1_56' title='bbox 3078 651 3171 703; x_wconf 78' lang='grc' dir='ltr'><strong>καὶ</strong></span> <span class='ocrx_word' id='word_1_57' title='bbox 3203 650 3438 720; x_wconf 73' lang='grc' dir='ltr'>ἥδιστον,</span> <span class='ocrx_word' id='word_1_58' title='bbox 3488 651 3734 722; x_wconf 77' lang='grc' dir='ltr'>ἀφθόνως</span> 
     </span>
    </p>
   </div>
   <div class='ocr_carea' id='block_1_10' title="bbox 2143 739 3735 814">
    <p class='ocr_par' dir='ltr' id='par_1_10' title="bbox 2143 739 3735 814">
     <span class='ocr_line' id='line_1_10' title="bbox 2143 739 3735 814; baseline 0.002 -20"><span class='ocrx_word' id='word_1_59' title='bbox 2143 742 2536 812; x_wconf 82' lang='grc' dir='ltr'>προχεομένων</span> <span class='ocrx_word' id='word_1_60' title='bbox 2562 780 2578 805; x_wconf 90' lang='grc'><strong>,</strong></span> <span class='ocrx_word' id='word_1_61' title='bbox 2628 742 2691 795; x_wconf 81' lang='grc' dir='ltr'><strong>οὐ</strong></span> <span class='ocrx_word' id='word_1_62' title='bbox 2742 740 2881 795; x_wconf 81' lang='grc' dir='ltr'>πολὺ</span> <span class='ocrx_word' id='word_1_63' title='bbox 2941 740 3005 793; x_wconf 80' lang='grc' dir='ltr'>τὸ</span> <span class='ocrx_word' id='word_1_64' title='bbox 3054 741 3114 794; x_wconf 80' lang='grc' dir='ltr'>ὲν</span> <span class='ocrx_word' id='word_1_65' title='bbox 3181 739 3331 814; x_wconf 81' lang='grc' dir='ltr'>μέσῳ</span> <span class='ocrx_word' id='word_1_66' title='bbox 3389 741 3735 808; x_wconf 72' lang='grc' dir='ltr'><strong>συνελθόντες</strong></span> 
     </span>
    </p>
   </div>
   <div class='ocr_carea' id='block_1_11' title="bbox 2140 832 3733 907">
    <p class='ocr_par' dir='ltr' id='par_1_11' title="bbox 2140 832 3733 907">
     <span class='ocr_line' id='line_1_11' title="bbox 2140 832 3733 907; baseline 0.002 -22"><span class='ocrx_word' id='word_1_67' title='bbox 2140 832 2463 907; x_wconf 74' lang='grc' dir='ltr'><strong>Χριστιανοὶ</strong></span> <span class='ocrx_word' id='word_1_68' title='bbox 2512 833 2640 887; x_wconf 76' lang='grc' dir='ltr'>ναὸν</span> <span class='ocrx_word' id='word_1_69' title='bbox 2690 835 2808 897; x_wconf 87' lang='grc' dir='ltr'>τοῖς</span> <span class='ocrx_word' id='word_1_70' title='bbox 2856 832 3188 897; x_wconf 83' lang='grc' dir='ltr'>καλλινίκοις</span> <span class='ocrx_word' id='word_1_71' title='bbox 3218 833 3562 906; x_wconf 77' lang='grc' dir='ltr'>ἀνεγείρουσι</span> <span class='ocrx_word' id='word_1_72' title='bbox 3579 874 3595 898; x_wconf 95' lang='grc'><strong>,</strong></span> <span class='ocrx_word' id='word_1_73' title='bbox 3641 838 3733 888; x_wconf 73' lang='grc' dir='ltr'>καὶ</span> 
     </span>
    </p>
   </div>
   <div class='ocr_carea' id='block_1_12' title="bbox 2138 921 3731 995">
    <p class='ocr_par' dir='ltr' id='par_1_12' title="bbox 2138 921 3731 995">
     <span class='ocr_line' id='line_1_12' title="bbox 2138 921 3731 995; baseline 0.001 -20"><span class='ocrx_word' id='word_1_74' title='bbox 2138 922 2214 976; x_wconf 82' lang='grc' dir='ltr'><strong>τά</strong></span> <span class='ocrx_word' id='word_1_75' title='bbox 2248 922 2409 995; x_wconf 85' lang='grc' dir='ltr'>τίμια</span> <span class='ocrx_word' id='word_1_76' title='bbox 2461 922 2671 977; x_wconf 85' lang='grc' dir='ltr'>τούτων</span> <span class='ocrx_word' id='word_1_77' title='bbox 2718 924 2777 978; x_wconf 77' lang='grc' dir='ltr'>ὲν</span> <span class='ocrx_word' id='word_1_78' title='bbox 2813 921 2964 994; x_wconf 79' lang='grc' dir='ltr'>αὐτῷ</span> <span class='ocrx_word' id='word_1_79' title='bbox 3006 922 3323 977; x_wconf 82' lang='grc' dir='ltr'>ἀποτιθέασι</span> <span class='ocrx_word' id='word_1_80' title='bbox 3352 922 3601 993; x_wconf 76' lang='grc' dir='ltr'><strong>λείψανα⁸</strong></span> <span class='ocrx_word' id='word_1_81' title='bbox 3652 923 3731 986; x_wconf 80' lang='grc' dir='ltr'>εις</span> 
     </span>
    </p>
   </div>
   <div class='ocr_carea' id='block_1_13' title="bbox 446 1007 3730 1091">
    <p class='ocr_par' dir='ltr' id='par_1_13' title="bbox 446 1007 3730 1091">
     <span class='ocr_line' id='line_1_13' title="bbox 446 1007 3730 1091; baseline 0.003 -28"><span class='ocrx_word' id='word_1_82' title='bbox 446 1007 604 1075; x_wconf 79' lang='grc' dir='ltr'>δόξαν</span> <span class='ocrx_word' id='word_1_83' title='bbox 644 1008 782 1064; x_wconf 82' lang='grc' dir='ltr'>Θεοῦ</span> <span class='ocrx_word' id='word_1_84' title='bbox 835 1012 1090 1088; x_wconf 85' lang='grc' dir='ltr'>Πατρὸς,</span> <span class='ocrx_word' id='word_1_85' title='bbox 1142 1014 1237 1069; x_wconf 79' lang='grc' dir='ltr'><strong>καὶ</strong></span> <span class='ocrx_word' id='word_1_86' title='bbox 1280 1014 1490 1088; x_wconf 82' lang='grc' dir='ltr'>Κυρίου</span> <span class='ocrx_word' id='word_1_87' title='bbox 1535 1015 1695 1087; x_wconf 84' lang='grc' dir='ltr'>ήμῶν</span> <span class='ocrx_word' id='word_1_88' title='bbox 1764 1014 1943 1089; x_wconf 80' lang='grc' dir='ltr'><strong>Ἰησοῦ</strong></span> <span class='ocrx_word' id='word_1_89' title='bbox 2004 1016 2280 1089; x_wconf 81' lang='grc' dir='ltr'><strong>Χριστοῦ,</strong></span> <span class='ocrx_word' id='word_1_90' title='bbox 2347 1011 2393 1087; x_wconf 80' lang='grc' dir='ltr'>ᾧ</span> <span class='ocrx_word' id='word_1_91' title='bbox 2446 1018 2650 1090; x_wconf 77' lang='grc' dir='ltr'><strong>πρέπει</strong></span> <span class='ocrx_word' id='word_1_92' title='bbox 2714 1018 2851 1090; x_wconf 75' lang='grc' dir='ltr'>τιμὴ</span> <span class='ocrx_word' id='word_1_93' title='bbox 2911 1018 3003 1073; x_wconf 70' lang='grc' dir='ltr'>καὶ</span> <span class='ocrx_word' id='word_1_94' title='bbox 3057 1019 3428 1091; x_wconf 87' lang='grc' dir='ltr'>προσκύνησις</span> <span class='ocrx_word' id='word_1_95' title='bbox 3475 1021 3559 1085; x_wconf 83' lang='grc' dir='ltr'><strong>είς</strong></span> <span class='ocrx_word' id='word_1_96' title='bbox 3603 1018 3730 1084; x_wconf 75' lang='grc' dir='ltr'>τοὺς</span> 
     </span>
    </p>
   </div>
   <div class='ocr_carea' id='block_1_14' title="bbox 447 1104 907 1179">
    <p class='ocr_par' dir='ltr' id='par_1_14' title="bbox 447 1104 907 1179">
     <span class='ocr_line' id='line_1_14' title="bbox 447 1104 907 1179; baseline 0.009 -22"><span class='ocrx_word' id='word_1_97' title='bbox 447 1104 669 1169; x_wconf 71' lang='grc' dir='ltr'>αἰωνας.</span> <span class='ocrx_word' id='word_1_98' title='bbox 716 1105 907 1179; x_wconf 79' lang='grc' dir='ltr'>Ἀμήν.</span> 
     </span>
    </p>
   </div>
   <div class='ocr_carea' id='block_1_15' title="bbox 3338 1306 3712 1325">
    <p class='ocr_par' dir='ltr' id='par_1_15' title="bbox 3338 1306 3712 1325">
     <span class='ocr_line' id='line_1_15' title="bbox 3338 1306 3712 1325; baseline -0.003 -1"><span class='ocrx_word' id='word_1_99' title='bbox 3338 1306 3712 1325; x_wconf 70' lang='lat' dir='ltr'><strong>—I—-</strong></span> 
     </span>
    </p>
   </div>
   <div class='ocr_carea' id='block_1_16' title="bbox 939 1507 3250 1602">
    <p class='ocr_par' dir='ltr' id='par_1_16' title="bbox 939 1507 3250 1602">
     <span class='ocr_line' id='line_1_16' title="bbox 939 1507 3250 1602; baseline 0.001 -2"><span class='ocrx_word' id='word_1_100' title='bbox 939 1513 1201 1600; x_wconf 87' lang='grc' dir='ltr'><strong>ΠΕΡΙ</strong></span> <span class='ocrx_word' id='word_1_101' title='bbox 1244 1510 1475 1598; x_wconf 89' lang='grc' dir='ltr'><strong>ΤΟΥ</strong></span> <span class='ocrx_word' id='word_1_102' title='bbox 1515 1507 2123 1598; x_wconf 87' lang='grc' dir='ltr'><strong>ΔΙΟΝΥΣΙΟΥ</strong></span> <span class='ocrx_word' id='word_1_103' title='bbox 2160 1511 2388 1598; x_wconf 89' lang='grc' dir='ltr'><strong>ΤΟΥ</strong></span> <span class='ocrx_word' id='word_1_104' title='bbox 2425 1508 3250 1602; x_wconf 87' lang='grc' dir='ltr'><strong>ΑΡΕΙΟΠΑΓΙΤΟΥ</strong></span> 
     </span>
    </p>
   </div>
   <div class='ocr_carea' id='block_1_17' title="bbox 1707 1677 2465 1749">
    <p class='ocr_par' dir='ltr' id='par_1_17' title="bbox 1707 1677 2465 1749">
     <span class='ocr_line' id='line_1_17' title="bbox 1707 1677 2465 1749; baseline 0.003 -2"><span class='ocrx_word' id='word_1_105' title='bbox 1707 1693 1805 1747; x_wconf 82' lang='grc' dir='ltr'><strong>ΕΚ</strong></span> <span class='ocrx_word' id='word_1_106' title='bbox 1836 1691 1975 1746; x_wconf 81' lang='lat' dir='ltr'><strong>&#39;rnN</strong></span> <span class='ocrx_word' id='word_1_107' title='bbox 2029 1691 2170 1746; x_wconf 75' lang='grc' dir='ltr'>τοι·</span> <span class='ocrx_word' id='word_1_108' title='bbox 2204 1677 2465 1749; x_wconf 75' lang='grc' dir='ltr'><strong>ΣοΥῐΔΑ.</strong></span> 
     </span>
    </p>
   </div>
   <div class='ocr_carea' id='block_1_18' title="bbox 1275 1954 2948 2051">
    <p class='ocr_par' dir='ltr' id='par_1_18' title="bbox 1275 1954 2948 2051">
     <span class='ocr_line' id='line_1_18' title="bbox 1275 1954 2948 2051; baseline 0.001 -3"><span class='ocrx_word' id='word_1_109' title='bbox 1275 1959 1425 2049; x_wconf 90' lang='lat' dir='ltr'><strong>DE</strong></span> <span class='ocrx_word' id='word_1_110' title='bbox 1505 1954 2103 2051; x_wconf 84' lang='lat' dir='ltr'><strong>DIONYSIO</strong></span> <span class='ocrx_word' id='word_1_111' title='bbox 2173 1954 2948 2050; x_wconf 82' lang='lat' dir='ltr'><strong>AREOPAGITA</strong></span> 
     </span>
    </p>
   </div>
   <div class='ocr_carea' id='block_1_19' title="bbox 1924 2122 2255 2180">
    <p class='ocr_par' dir='ltr' id='par_1_19' title="bbox 1924 2122 2255 2180">
     <span class='ocr_line' id='line_1_19' title="bbox 1924 2122 2255 2180; baseline 0 -1"><span class='ocrx_word' id='word_1_112' title='bbox 1924 2123 2031 2179; x_wconf 81' lang='lat' dir='ltr'><strong>EX.</strong></span> <span class='ocrx_word' id='word_1_113' title='bbox 2049 2122 2255 2180; x_wconf 86' lang='lat' dir='ltr'><strong>SUIDA</strong></span> 
     </span>
    </p>
   </div>
   <div class='ocr_carea' id='block_1_20' title="bbox 444 2266 2030 2427">
    <p class='ocr_par' dir='ltr' id='par_1_20' title="bbox 444 2268 2030 2427">
     <span class='ocr_line' id='line_1_20' title="bbox 444 2268 2030 2427; baseline -0.004 -91"><span class='ocrx_word' id='word_1_114' title='bbox 444 2268 772 2336; x_wconf 83' lang='lat' dir='ltr'><strong>Edttionis</strong></span> <span class='ocrx_word' id='word_1_115' title='bbox 816 2270 1216 2335; x_wconf 72' lang='lat' dir='ltr'><strong>Morellianze</strong></span> <span class='ocrx_word' id='word_1_116' title='bbox 1277 2271 1429 2335; x_wconf 85' lang='lat' dir='ltr'><strong>anni</strong></span> <span class='ocrx_word' id='word_1_117' title='bbox 1466 2270 1643 2337; x_wconf 77' lang='lat'><em>1662.</em></span> <span class='ocrx_word' id='word_1_118' title='bbox 1690 2303 1768 2314; x_wconf 92' lang='lat'>—</span> <span class='ocrx_word' id='word_1_119' title='bbox 1796 2268 2030 2427; x_wconf 42' lang='lat' dir='ltr'><strong>intlelr‘g</strong></span> 
     </span>
    </p>
   </div>
   <div class='ocr_carea' id='block_1_21' title="bbox 2134 2266 3729 2427">
    <p class='ocr_par' dir='ltr' id='par_1_21' title="bbox 2134 2266 3729 2409">
     <span class='ocr_line' id='line_1_21' title="bbox 2134 2266 3729 2406; baseline 0.004 -79"><span class='ocrx_word' id='word_1_120' title='bbox 2134 2283 2158 2406; x_wconf 63' lang='grc' dir='ltr'>ῗ</span> <span class='ocrx_word' id='word_1_121' title='bbox 2191 2267 2379 2330; x_wconf 87' lang='lat' dir='ltr'><strong>Petro</strong></span> <span class='ocrx_word' id='word_1_122' title='bbox 2417 2267 2782 2345; x_wconf 81' lang='lat' dir='ltr'><strong>Lansselio,</strong></span> <span class='ocrx_word' id='word_1_123' title='bbox 2840 2266 3336 2349; x_wconf 80' lang='lat' dir='ltr'><strong>Gravelingano,</strong></span> <span class='ocrx_word' id='word_1_124' title='bbox 3396 2270 3541 2333; x_wconf 90' lang='lat' dir='ltr'><strong>Soc.</strong></span> <span class='ocrx_word' id='word_1_125' title='bbox 3579 2269 3729 2333; x_wconf 72' lang='lat' dir='ltr'><strong>Iesu</strong></span> 
     </span>
     <span class='ocr_line' id='line_1_22' title="bbox 2158 2361 2292 2409; baseline 0.007 -1"><span class='ocrx_word' id='word_1_126' title='bbox 2158 2361 2292 2409; x_wconf 90' lang='lat' dir='ltr'><strong>ero.</strong></span> 
     </span>
    </p>
   </div>
   <div class='ocr_carea' id='block_1_22' title="bbox 512 2620 2030 2709">
    <p class='ocr_par' dir='ltr' id='par_1_22' title="bbox 512 2620 2030 2694">
     <span class='ocr_line' id='line_1_23' title="bbox 512 2620 2030 2694; baseline 0 -18"><span class='ocrx_word' id='word_1_127' title='bbox 512 2620 810 2691; x_wconf 81' lang='lat' dir='ltr'><strong>Dionysius</strong></span> <span class='ocrx_word' id='word_1_128' title='bbox 841 2620 1191 2693; x_wconf 79' lang='lat' dir='ltr'><strong>Arcopagita,</strong></span> <span class='ocrx_word' id='word_1_129' title='bbox 1216 2621 1511 2694; x_wconf 82' lang='lat' dir='ltr'><strong>episcOpus</strong></span> <span class='ocrx_word' id='word_1_130' title='bbox 1539 2620 1914 2687; x_wconf 84' lang='lat' dir='ltr'><strong>Atheniensis,</strong></span> <span class='ocrx_word' id='word_1_131' title='bbox 1944 2622 2030 2677; x_wconf 82' lang='lat' dir='ltr'><strong>vir</strong></span> 
     </span>
    </p>
   </div>
   <div class='ocr_carea' id='block_1_23' title="bbox 2134 2620 3733 2709">
    <p class='ocr_par' dir='ltr' id='par_1_23' title="bbox 2201 2621 3733 2709">
     <span class='ocr_line' id='line_1_24' title="bbox 2201 2621 3733 2709; baseline 0 -34"><span class='ocrx_word' id='word_1_132' title='bbox 2201 2621 2476 2688; x_wconf 87' lang='grc' dir='ltr'>Διονύσιος</span> <span class='ocrx_word' id='word_1_133' title='bbox 2526 2624 2556 2678; x_wconf 98' lang='lat'><strong>6</strong></span> <span class='ocrx_word' id='word_1_134' title='bbox 2613 2623 3064 2709; x_wconf 83' lang='grc' dir='ltr'>Ἀρειοπαγίτης,</span> <span class='ocrx_word' id='word_1_135' title='bbox 3114 2622 3414 2684; x_wconf 75' lang='grc' dir='ltr'><strong>ἐπίσκοπος</strong></span> <span class='ocrx_word' id='word_1_136' title='bbox 3470 2621 3733 2693; x_wconf 81' lang='grc' dir='ltr'>Ἀθηνῶν,</span> 
     </span>
    </p>
   </div>
   <div class='ocr_carea' id='block_1_24' title="bbox 374 2710 2037 2788">
    <p class='ocr_par' dir='ltr' id='par_1_24' title="bbox 374 2710 2037 2788">
     <span class='ocr_line' id='line_1_25' title="bbox 374 2710 2037 2788; baseline -0.002 -16"><span class='ocrx_word' id='word_1_137' title='bbox 374 2710 381 2719; x_wconf 80' lang='grc'><em>’</em></span> <span class='ocrx_word' id='word_1_138' title='bbox 441 2714 950 2788; x_wconf 85' lang='lat' dir='ltr'><strong>eloquentissimus,</strong></span> <span class='ocrx_word' id='word_1_139' title='bbox 977 2721 1142 2786; x_wconf 90' lang='lat' dir='ltr'><strong>atque</strong></span> <span class='ocrx_word' id='word_1_140' title='bbox 1168 2713 1236 2770; x_wconf 89' lang='lat' dir='ltr'><strong>ad</strong></span> <span class='ocrx_word' id='word_1_141' title='bbox 1263 2714 1508 2785; x_wconf 68' lang='lat' dir='ltr'><strong>profanae</strong></span> <span class='ocrx_word' id='word_1_142' title='bbox 1536 2715 1844 2787; x_wconf 61' lang='lat' dir='ltr'><strong>disciplinae</strong></span> <span class='ocrx_word' id='word_1_143' title='bbox 1882 2715 2037 2772; x_wconf 76' lang='lat' dir='ltr'><strong>fasti-</strong></span> 
     </span>
    </p>
   </div>
   <div class='ocr_carea' id='block_1_25' title="bbox 423 2805 2038 2880">
    <p class='ocr_par' dir='ltr' id='par_1_25' title="bbox 423 2805 2038 2880">
     <span class='ocr_line' id='line_1_26' title="bbox 423 2805 2038 2880; baseline 0.001 -17"><span class='ocrx_word' id='word_1_144' title='bbox 423 2810 594 2880; x_wconf 55' lang='lat' dir='ltr'><strong>gium</strong></span> <span class='ocrx_word' id='word_1_145' title='bbox 625 2815 943 2879; x_wconf 84' lang='lat' dir='ltr'><strong>provectus,</strong></span> <span class='ocrx_word' id='word_1_146' title='bbox 989 2806 1212 2862; x_wconf 85' lang='lat' dir='ltr'><strong>auditor</strong></span> <span class='ocrx_word' id='word_1_147' title='bbox 1252 2805 1413 2862; x_wconf 85' lang='lat' dir='ltr'><strong>Pauli</strong></span> <span class='ocrx_word' id='word_1_148' title='bbox 1457 2807 1513 2863; x_wconf 93' lang='lat' dir='ltr'><strong>in</strong></span> <span class='ocrx_word' id='word_1_149' title='bbox 1556 2808 2038 2865; x_wconf 75' lang='lat' dir='ltr'><strong>christiana-reli-</strong></span> 
     </span>
    </p>
   </div>
   <div class='ocr_carea' id='block_1_26' title="bbox 440 2897 2035 2973">
    <p class='ocr_par' dir='ltr' id='par_1_26' title="bbox 440 2897 2035 2973">
     <span class='ocr_line' id='line_1_27' title="bbox 440 2897 2035 2973; baseline 0.001 -19"><span class='ocrx_word' id='word_1_150' title='bbox 440 2900 626 2973; x_wconf 71' lang='lat' dir='ltr'><strong>gione,</strong></span> <span class='ocrx_word' id='word_1_151' title='bbox 668 2912 733 2953; x_wconf 88' lang='lat' dir='ltr'><strong>ac</strong></span> <span class='ocrx_word' id='word_1_152' title='bbox 776 2898 847 2954; x_wconf 90' lang='lat' dir='ltr'><strong>ab</strong></span> <span class='ocrx_word' id='word_1_153' title='bbox 891 2898 1013 2969; x_wconf 90' lang='lat' dir='ltr'><strong>ipso</strong></span> <span class='ocrx_word' id='word_1_154' title='bbox 1056 2897 1352 2970; x_wconf 89' lang='lat' dir='ltr'><strong>episcopus</strong></span> <span class='ocrx_word' id='word_1_155' title='bbox 1385 2897 1729 2953; x_wconf 84' lang='lat' dir='ltr'><strong>Athenarum</strong></span> <span class='ocrx_word' id='word_1_156' title='bbox 1759 2902 2035 2957; x_wconf 89' lang='lat' dir='ltr'><strong>constitu-</strong></span> 
     </span>
    </p>
   </div>
   <div class='ocr_carea' id='block_1_27' title="bbox 439 2986 2035 3062">
    <p class='ocr_par' dir='ltr' id='par_1_27' title="bbox 439 2986 2035 3062">
     <span class='ocr_line' id='line_1_28' title="bbox 439 2986 2035 3062; baseline -0.001 -17"><span class='ocrx_word' id='word_1_157' title='bbox 439 2986 556 3052; x_wconf 82' lang='lat' dir='ltr'><strong>tus.</strong></span> <span class='ocrx_word' id='word_1_158' title='bbox 581 2990 639 3046; x_wconf 90' lang='lat' dir='ltr'><strong>in</strong></span> <span class='ocrx_word' id='word_1_159' title='bbox 660 2990 840 3062; x_wconf 90' lang='lat' dir='ltr'><strong>patrio</strong></span> <span class='ocrx_word' id='word_1_160' title='bbox 865 2997 1046 3045; x_wconf 89' lang='lat' dir='ltr'><strong>autem</strong></span> <span class='ocrx_word' id='word_1_161' title='bbox 1071 2992 1384 3049; x_wconf 64' lang='lat' dir='ltr'><strong>Graecarum</strong></span> <span class='ocrx_word' id='word_1_162' title='bbox 1408 2990 1826 3062; x_wconf 86' lang='lat' dir='ltr'><strong>disciplinarum</strong></span> <span class='ocrx_word' id='word_1_163' title='bbox 1854 2988 2035 3046; x_wconf 87' lang='lat' dir='ltr'><strong>studio</strong></span> 
     </span>
    </p>
   </div>
   <div class='ocr_carea' id='block_1_28' title="bbox 441 3079 2031 3151">
    <p class='ocr_par' dir='ltr' id='par_1_28' title="bbox 441 3079 2031 3151">
     <span class='ocr_line' id='line_1_29' title="bbox 441 3079 2031 3151; baseline -0.001 -16"><span class='ocrx_word' id='word_1_164' title='bbox 441 3080 702 3137; x_wconf 84' lang='lat' dir='ltr'><strong>omnibus</strong></span> <span class='ocrx_word' id='word_1_165' title='bbox 731 3079 1114 3151; x_wconf 66' lang='lat' dir='ltr'><strong>praecellebat;</strong></span> <span class='ocrx_word' id='word_1_166' title='bbox 1146 3095 1272 3135; x_wconf 87' lang='lat' dir='ltr'><strong>nam</strong></span> <span class='ocrx_word' id='word_1_167' title='bbox 1298 3079 1612 3151; x_wconf 86' lang='lat' dir='ltr'><strong>cujuslibet,</strong></span> <span class='ocrx_word' id='word_1_168' title='bbox 1641 3088 1699 3135; x_wconf 91' lang='lat' dir='ltr'><strong>ut</strong></span> <span class='ocrx_word' id='word_1_169' title='bbox 1728 3082 1801 3135; x_wconf 89' lang='lat' dir='ltr'><strong>ita</strong></span> <span class='ocrx_word' id='word_1_170' title='bbox 1831 3079 2031 3146; x_wconf 90' lang='lat' dir='ltr'><strong>dicam,</strong></span> 
     </span>
    </p>
   </div>
   <div class='ocr_carea' id='block_1_29' title="bbox 441 3171 2031 3244">
    <p class='ocr_par' dir='ltr' id='par_1_29' title="bbox 441 3171 2031 3244">
     <span class='ocr_line' id='line_1_30' title="bbox 441 3171 2031 3244; baseline 0 -18"><span class='ocrx_word' id='word_1_171' title='bbox 441 3187 566 3244; x_wconf 69' lang='lat' dir='ltr'><strong>quae</strong></span> <span class='ocrx_word' id='word_1_172' title='bbox 610 3171 680 3228; x_wconf 89' lang='lat' dir='ltr'><strong>ab</strong></span> <span class='ocrx_word' id='word_1_173' title='bbox 724 3171 860 3242; x_wconf 90' lang='lat' dir='ltr'><strong>ipsis</strong></span> <span class='ocrx_word' id='word_1_174' title='bbox 905 3171 1235 3239; x_wconf 89' lang='lat' dir='ltr'><strong>celebratur,</strong></span> <span class='ocrx_word' id='word_1_175' title='bbox 1282 3179 1447 3227; x_wconf 64' lang='lat' dir='ltr'><strong>secta:</strong></span> <span class='ocrx_word' id='word_1_176' title='bbox 1486 3172 1856 3243; x_wconf 88' lang='lat' dir='ltr'><strong>peritissimus</strong></span> <span class='ocrx_word' id='word_1_177' title='bbox 1893 3178 2031 3227; x_wconf 91' lang='lat' dir='ltr'><strong>erat.</strong></span> 
     </span>
    </p>
   </div>
   <div class='ocr_carea' id='block_1_30' title="bbox 444 3260 2038 3330">
    <p class='ocr_par' dir='ltr' id='par_1_30' title="bbox 444 3260 2038 3330">
     <span class='ocr_line' id='line_1_31' title="bbox 444 3260 2038 3330; baseline 0.001 -12"><span class='ocrx_word' id='word_1_178' title='bbox 444 3263 547 3318; x_wconf 87' lang='lat' dir='ltr'><strong>llic</strong></span> <span class='ocrx_word' id='word_1_179' title='bbox 572 3260 803 3319; x_wconf 90' lang='lat' dir='ltr'><strong>Paulum</strong></span> <span class='ocrx_word' id='word_1_180' title='bbox 836 3261 1068 3318; x_wconf 76' lang='lat' dir='ltr'><strong>Athenis</strong></span> <span class='ocrx_word' id='word_1_181' title='bbox 1094 3263 1517 3319; x_wconf 89' lang='lat' dir='ltr'><strong>concionantem</strong></span> <span class='ocrx_word' id='word_1_182' title='bbox 1549 3263 1777 3330; x_wconf 86' lang='lat' dir='ltr'><strong>audivit,</strong></span> <span class='ocrx_word' id='word_1_183' title='bbox 1804 3275 1858 3321; x_wconf 92' lang='lat' dir='ltr'><strong>et</strong></span> <span class='ocrx_word' id='word_1_184' title='bbox 1881 3264 2038 3322; x_wconf 88' lang='lat' dir='ltr'><strong>Chri-</strong></span> 
     </span>
    </p>
   </div>
   <div class='ocr_carea' id='block_1_31' title="bbox 443 3355 2035 3414">
    <p class='ocr_par' dir='ltr' id='par_1_31' title="bbox 443 3355 2035 3414">
     <span class='ocr_line' id='line_1_32' title="bbox 443 3355 2035 3414; baseline 0 -1"><span class='ocrx_word' id='word_1_185' title='bbox 443 3364 591 3413; x_wconf 85' lang='lat' dir='ltr'><strong>stum</strong></span> <span class='ocrx_word' id='word_1_186' title='bbox 632 3371 697 3411; x_wconf 91' lang='lat' dir='ltr'><strong>ac</strong></span> <span class='ocrx_word' id='word_1_187' title='bbox 732 3356 1194 3413; x_wconf 84' lang='lat' dir='ltr'><strong>resurrectionem</strong></span> <span class='ocrx_word' id='word_1_188' title='bbox 1234 3355 1361 3412; x_wconf 82' lang='lat' dir='ltr'><strong>eum</strong></span> <span class='ocrx_word' id='word_1_189' title='bbox 1406 3356 1659 3413; x_wconf 87' lang='lat' dir='ltr'><strong>libertate</strong></span> <span class='ocrx_word' id='word_1_190' title='bbox 1693 3356 1898 3414; x_wconf 70' lang='lat' dir='ltr'><strong>Graecis</strong></span> <span class='ocrx_word' id='word_1_191' title='bbox 1929 3372 2035 3413; x_wconf 79' lang='lat' dir='ltr'><strong>an-</strong></span> 
     </span>
    </p>
   </div>
   <div class='ocr_carea' id='block_1_32' title="bbox 445 3445 2032 3519">
    <p class='ocr_par' dir='ltr' id='par_1_32' title="bbox 445 3445 2032 3519">
     <span class='ocr_line' id='line_1_33' title="bbox 445 3445 2032 3519; baseline 0.003 -17"><span class='ocrx_word' id='word_1_192' title='bbox 445 3445 815 3514; x_wconf 86' lang='lat' dir='ltr'><strong>nuntiantem,</strong></span> <span class='ocrx_word' id='word_1_193' title='bbox 850 3455 1018 3519; x_wconf 77' lang='lat' dir='ltr'><strong>atque</strong></span> <span class='ocrx_word' id='word_1_194' title='bbox 1058 3445 1216 3502; x_wconf 89' lang='lat' dir='ltr'><strong>Pauli</strong></span> <span class='ocrx_word' id='word_1_195' title='bbox 1261 3447 1516 3503; x_wconf 89' lang='lat' dir='ltr'><strong>concioni</strong></span> <span class='ocrx_word' id='word_1_196' title='bbox 1548 3447 1709 3503; x_wconf 82' lang='lat' dir='ltr'><strong>iidem</strong></span> <span class='ocrx_word' id='word_1_197' title='bbox 1741 3447 2032 3516; x_wconf 87' lang='lat' dir='ltr'><strong>adhibens,</strong></span> 
     </span>
    </p>
   </div>
   <div class='ocr_carea' id='block_1_33' title="bbox 445 3538 2038 3613">
    <p class='ocr_par' dir='ltr' id='par_1_33' title="bbox 445 3538 2038 3613">
     <span class='ocr_line' id='line_1_34' title="bbox 445 3538 2038 3613; baseline 0.002 -20"><span class='ocrx_word' id='word_1_198' title='bbox 445 3541 516 3595; x_wconf 88' lang='lat' dir='ltr'><strong>ab</strong></span> <span class='ocrx_word' id='word_1_199' title='bbox 540 3554 608 3595; x_wconf 91' lang='lat' dir='ltr'><strong>eo</strong></span> <span class='ocrx_word' id='word_1_200' title='bbox 635 3539 928 3611; x_wconf 90' lang='lat' dir='ltr'><strong>episcopus</strong></span> <span class='ocrx_word' id='word_1_201' title='bbox 958 3538 1311 3597; x_wconf 89' lang='lat' dir='ltr'><strong>Atheniensis</strong></span> <span class='ocrx_word' id='word_1_202' title='bbox 1359 3540 1669 3596; x_wconf 89' lang='lat' dir='ltr'><strong>ordinatur.</strong></span> <span class='ocrx_word' id='word_1_203' title='bbox 1706 3538 1896 3613; x_wconf 85' lang='lat' dir='ltr'><strong>Itaque</strong></span> <span class='ocrx_word' id='word_1_204' title='bbox 1939 3541 2038 3596; x_wconf 88' lang='lat' dir='ltr'><strong>Ti-</strong></span> 
     </span>
    </p>
   </div>
   <div class='ocr_carea' id='block_1_34' title="bbox 446 3631 2035 3703">
    <p class='ocr_par' dir='ltr' id='par_1_34' title="bbox 446 3631 2035 3703">
     <span class='ocr_line' id='line_1_35' title="bbox 446 3631 2035 3703; baseline 0.001 -15"><span class='ocrx_word' id='word_1_205' title='bbox 446 3632 602 3688; x_wconf 85' lang='lat' dir='ltr'><strong>berio</strong></span> <span class='ocrx_word' id='word_1_206' title='bbox 624 3632 843 3688; x_wconf 67' lang='lat' dir='ltr'><strong>Caesare</strong></span> <span class='ocrx_word' id='word_1_207' title='bbox 883 3632 1208 3703; x_wconf 88' lang='lat' dir='ltr'><strong>imperante,</strong></span> <span class='ocrx_word' id='word_1_208' title='bbox 1240 3632 1460 3703; x_wconf 88' lang='lat' dir='ltr'><strong>quando</strong></span> <span class='ocrx_word' id='word_1_209' title='bbox 1494 3640 1655 3690; x_wconf 67' lang='lat' dir='ltr'><strong>aetate</strong></span> <span class='ocrx_word' id='word_1_210' title='bbox 1684 3631 1936 3699; x_wconf 84' lang='lat' dir='ltr'><strong>ﬂorebat,</strong></span> <span class='ocrx_word' id='word_1_211' title='bbox 1976 3634 2035 3689; x_wconf 85' lang='lat' dir='ltr'><strong>in</strong></span> 
     </span>
    </p>
   </div>
   <div class='ocr_carea' id='block_1_35' title="bbox 446 3722 2035 3796">
    <p class='ocr_par' dir='ltr' id='par_1_35' title="bbox 446 3722 2035 3796">
     <span class='ocr_line' id='line_1_36' title="bbox 446 3722 2035 3796; baseline 0.001 -17"><span class='ocrx_word' id='word_1_212' title='bbox 446 3722 745 3796; x_wconf 70' lang='lat' dir='ltr'><strong>Egyptum</strong></span> <span class='ocrx_word' id='word_1_213' title='bbox 785 3723 943 3788; x_wconf 85' lang='lat' dir='ltr'><strong>abiit,</strong></span> <span class='ocrx_word' id='word_1_214' title='bbox 973 3739 1102 3780; x_wconf 89' lang='lat' dir='ltr'><strong>cum</strong></span> <span class='ocrx_word' id='word_1_215' title='bbox 1134 3725 1479 3796; x_wconf 83' lang='lat' dir='ltr'><strong>sapientibus</strong></span> <span class='ocrx_word' id='word_1_216' title='bbox 1510 3726 1660 3782; x_wconf 89' lang='lat' dir='ltr'><strong>illius</strong></span> <span class='ocrx_word' id='word_1_217' title='bbox 1689 3725 1797 3781; x_wconf 88' lang='lat' dir='ltr'><strong>loci</strong></span> <span class='ocrx_word' id='word_1_218' title='bbox 1824 3726 2035 3782; x_wconf 77' lang='lat' dir='ltr'><strong>versari</strong></span> 
     </span>
    </p>
   </div>
   <div class='ocr_carea' id='block_1_36' title="bbox 444 3816 2034 3889">
    <p class='ocr_par' dir='ltr' id='par_1_36' title="bbox 444 3816 2034 3889">
     <span class='ocr_line' id='line_1_37' title="bbox 444 3816 2034 3889; baseline 0.003 -19"><span class='ocrx_word' id='word_1_219' title='bbox 444 3817 714 3886; x_wconf 88' lang='lat' dir='ltr'><strong>cupiens;</strong></span> <span class='ocrx_word' id='word_1_220' title='bbox 764 3816 951 3872; x_wconf 89' lang='lat' dir='ltr'><strong>socius</strong></span> <span class='ocrx_word' id='word_1_221' title='bbox 999 3824 1180 3872; x_wconf 89' lang='lat' dir='ltr'><strong>autem</strong></span> <span class='ocrx_word' id='word_1_222' title='bbox 1217 3818 1267 3872; x_wconf 91' lang='lat' dir='ltr'><strong>ei</strong></span> <span class='ocrx_word' id='word_1_223' title='bbox 1320 3825 1440 3872; x_wconf 88' lang='lat' dir='ltr'><strong>erat</strong></span> <span class='ocrx_word' id='word_1_224' title='bbox 1488 3816 1896 3889; x_wconf 86' lang='lat' dir='ltr'><strong>Apollophaucs</strong></span> <span class='ocrx_word' id='word_1_225' title='bbox 1944 3818 2034 3874; x_wconf 91' lang='lat' dir='ltr'><strong>ille</strong></span> 
     </span>
    </p>
   </div>
   <div class='ocr_carea' id='block_1_37' title="bbox 448 3907 2036 3983">
    <p class='ocr_par' dir='ltr' id='par_1_37' title="bbox 448 3907 2036 3983">
     <span class='ocr_line' id='line_1_38' title="bbox 448 3907 2036 3983; baseline 0.001 -21"><span class='ocrx_word' id='word_1_226' title='bbox 448 3907 728 3977; x_wconf 89' lang='lat' dir='ltr'><strong>Sophista,</strong></span> <span class='ocrx_word' id='word_1_227' title='bbox 753 3923 914 3978; x_wconf 89' lang='lat' dir='ltr'><strong>quem</strong></span> <span class='ocrx_word' id='word_1_228' title='bbox 951 3907 1212 3964; x_wconf 89' lang='lat' dir='ltr'><strong>Polemon</strong></span> <span class='ocrx_word' id='word_1_229' title='bbox 1240 3908 1598 3966; x_wconf 86' lang='lat' dir='ltr'><strong>Laodicensis</strong></span> <span class='ocrx_word' id='word_1_230' title='bbox 1629 3909 1896 3983; x_wconf 66' lang='lat' dir='ltr'><strong>Smyrnae,</strong></span> <span class='ocrx_word' id='word_1_231' title='bbox 1916 3910 2036 3965; x_wconf 88' lang='lat' dir='ltr'><strong>Ari-</strong></span> 
     </span>
    </p>
   </div>
   <div class='ocr_carea' id='block_1_38' title="bbox 445 3996 2034 4071">
    <p class='ocr_par' dir='ltr' id='par_1_38' title="bbox 445 3996 2034 4071">
     <span class='ocr_line' id='line_1_39' title="bbox 445 3996 2034 4071; baseline 0.002 -17"><span class='ocrx_word' id='word_1_232' title='bbox 445 3998 609 4055; x_wconf 88' lang='lat' dir='ltr'><strong>stidis</strong></span> <span class='ocrx_word' id='word_1_233' title='bbox 655 4006 980 4071; x_wconf 63' lang='lat' dir='ltr'><strong>praeceptor,</strong></span> <span class='ocrx_word' id='word_1_234' title='bbox 1002 3998 1234 4055; x_wconf 79' lang='lat' dir='ltr'><strong>assidue</strong></span> <span class='ocrx_word' id='word_1_235' title='bbox 1277 3999 1507 4055; x_wconf 86' lang='lat' dir='ltr'><strong>audivit.</strong></span> <span class='ocrx_word' id='word_1_236' title='bbox 1549 3996 1725 4056; x_wconf 88' lang='lat' dir='ltr'><strong>Porro</strong></span> <span class='ocrx_word' id='word_1_237' title='bbox 1771 4001 2034 4057; x_wconf 87' lang='lat' dir='ltr'><strong>salutaris</strong></span> 
     </span>
    </p>
   </div>
   <div class='ocr_carea' id='block_1_39' title="bbox 426 4089 2037 4167">
    <p class='ocr_par' dir='ltr' id='par_1_39' title="bbox 426 4089 2037 4167">
     <span class='ocr_line' id='line_1_40' title="bbox 426 4089 2037 4167; baseline 0.004 -24"><span class='ocrx_word' id='word_1_238' title='bbox 426 4090 721 4167; x_wconf 78' lang='lat' dir='ltr'><strong>passionis</strong></span> <span class='ocrx_word' id='word_1_239' title='bbox 752 4090 962 4147; x_wconf 86' lang='lat' dir='ltr'><strong>Christi</strong></span> <span class='ocrx_word' id='word_1_240' title='bbox 1005 4089 1221 4146; x_wconf 91' lang='lat' dir='ltr'><strong>Domini</strong></span> <span class='ocrx_word' id='word_1_241' title='bbox 1251 4098 1519 4163; x_wconf 90' lang='lat' dir='ltr'><strong>tempore,</strong></span> <span class='ocrx_word' id='word_1_242' title='bbox 1549 4092 1712 4148; x_wconf 89' lang='lat' dir='ltr'><strong>ambo</strong></span> <span class='ocrx_word' id='word_1_243' title='bbox 1743 4101 1902 4149; x_wconf 88' lang='lat' dir='ltr'><strong>erant</strong></span> <span class='ocrx_word' id='word_1_244' title='bbox 1933 4091 2037 4150; x_wconf 81' lang='lat' dir='ltr'><strong>lle-</strong></span> 
     </span>
    </p>
   </div>
   <div class='ocr_carea' id='block_1_40' title="bbox 445 4180 2035 4253">
    <p class='ocr_par' dir='ltr' id='par_1_40' title="bbox 445 4180 2035 4253">
     <span class='ocr_line' id='line_1_41' title="bbox 445 4180 2035 4253; baseline 0.004 -19"><span class='ocrx_word' id='word_1_245' title='bbox 445 4180 634 4252; x_wconf 90' lang='lat' dir='ltr'><strong>liopoli</strong></span> <span class='ocrx_word' id='word_1_246' title='bbox 675 4180 733 4236; x_wconf 88' lang='lat' dir='ltr'><strong>in</strong></span> <span class='ocrx_word' id='word_1_247' title='bbox 759 4180 1031 4253; x_wconf 65' lang='lat' dir='ltr'><strong>Egypto;</strong></span> <span class='ocrx_word' id='word_1_248' title='bbox 1064 4197 1301 4253; x_wconf 90' lang='lat' dir='ltr'><strong>cumque</strong></span> <span class='ocrx_word' id='word_1_249' title='bbox 1332 4180 1583 4239; x_wconf 83' lang='lat' dir='ltr'><strong>defectus</strong></span> <span class='ocrx_word' id='word_1_250' title='bbox 1626 4183 1762 4240; x_wconf 88' lang='lat' dir='ltr'><strong>solis</strong></span> <span class='ocrx_word' id='word_1_251' title='bbox 1790 4199 1903 4239; x_wconf 89' lang='lat' dir='ltr'><strong>non</strong></span> <span class='ocrx_word' id='word_1_252' title='bbox 1946 4199 2035 4241; x_wconf 88' lang='lat' dir='ltr'><strong>se-</strong></span> 
     </span>
    </p>
   </div>
   <div class='ocr_carea' id='block_1_41' title="bbox 442 4269 2033 4344">
    <p class='ocr_par' dir='ltr' id='par_1_41' title="bbox 442 4269 2033 4344">
     <span class='ocr_line' id='line_1_42' title="bbox 442 4269 2033 4344; baseline 0.002 -18"><span class='ocrx_word' id='word_1_253' title='bbox 442 4269 687 4326; x_wconf 88' lang='lat' dir='ltr'><strong>cundum</strong></span> <span class='ocrx_word' id='word_1_254' title='bbox 723 4279 978 4326; x_wconf 87' lang='lat' dir='ltr'><strong>naturam</strong></span> <span class='ocrx_word' id='word_1_255' title='bbox 1016 4270 1169 4327; x_wconf 79' lang='lat' dir='ltr'><strong>ﬁeret</strong></span> <span class='ocrx_word' id='word_1_256' title='bbox 1197 4271 1399 4344; x_wconf 88' lang='lat' dir='ltr'><strong>(neque</strong></span> <span class='ocrx_word' id='word_1_257' title='bbox 1439 4272 1589 4327; x_wconf 84' lang='lat' dir='ltr'><strong>enim</strong></span> <span class='ocrx_word' id='word_1_258' title='bbox 1623 4272 2033 4341; x_wconf 74' lang='lat' dir='ltr'><strong>coniunctionis</strong></span> 
     </span>
    </p>
   </div>
   <div class='ocr_carea' id='block_1_42' title="bbox 446 4362 2035 4436">
    <p class='ocr_par' dir='ltr' id='par_1_42' title="bbox 446 4362 2035 4436">
     <span class='ocr_line' id='line_1_43' title="bbox 446 4362 2035 4436; baseline 0.004 -19"><span class='ocrx_word' id='word_1_259' title='bbox 446 4370 662 4434; x_wconf 89' lang='lat' dir='ltr'><strong>tempus</strong></span> <span class='ocrx_word' id='word_1_260' title='bbox 691 4362 855 4436; x_wconf 82' lang='lat' dir='ltr'><strong>erat),</strong></span> <span class='ocrx_word' id='word_1_261' title='bbox 882 4363 1314 4435; x_wconf 86' lang='lat' dir='ltr'><strong>Apol10phauem</strong></span> <span class='ocrx_word' id='word_1_262' title='bbox 1355 4364 1661 4436; x_wconf 88' lang='lat' dir='ltr'><strong>sophistam</strong></span> <span class='ocrx_word' id='word_1_263' title='bbox 1693 4365 1808 4421; x_wconf 65' lang='lat' dir='ltr'><strong>haec</strong></span> <span class='ocrx_word' id='word_1_264' title='bbox 1837 4376 2035 4424; x_wconf 89' lang='lat' dir='ltr'><strong>sancto</strong></span> 
     </span>
    </p>
   </div>
   <div class='ocr_carea' id='block_1_43' title="bbox 444 4451 2034 4529">
    <p class='ocr_par' dir='ltr' id='par_1_43' title="bbox 444 4451 2034 4529">
     <span class='ocr_line' id='line_1_44' title="bbox 444 4451 2034 4529; baseline 0.006 -23"><span class='ocrx_word' id='word_1_265' title='bbox 444 4451 707 4527; x_wconf 85' lang='lat' dir='ltr'><strong>Dionysio</strong></span> <span class='ocrx_word' id='word_1_266' title='bbox 736 4454 944 4510; x_wconf 82' lang='lat' dir='ltr'><strong>dixisse</strong></span> <span class='ocrx_word' id='word_1_267' title='bbox 975 4453 1188 4512; x_wconf 84' lang='lat' dir='ltr'><strong>fertur:</strong></span> <span class='ocrx_word' id='word_1_268' title='bbox 1256 4454 1301 4510; x_wconf 88' lang='grc' dir='ltr'><em>Ο</em></span> <span class='ocrx_word' id='word_1_269' title='bbox 1332 4455 1463 4510; x_wconf 85' lang='lat' dir='ltr'><strong>bone</strong></span> <span class='ocrx_word' id='word_1_270' title='bbox 1516 4454 1766 4529; x_wconf 80' lang='lat' dir='ltr'><strong>Dionysi,</strong></span> <span class='ocrx_word' id='word_1_271' title='bbox 1822 4458 2034 4515; x_wconf 84' lang='lat' dir='ltr'><strong>divina-</strong></span> 
     </span>
    </p>
   </div>
   <div class='ocr_carea' id='block_1_44' title="bbox 443 4547 2030 4622">
    <p class='ocr_par' dir='ltr' id='par_1_44' title="bbox 443 4547 2030 4622">
     <span class='ocr_line' id='line_1_45' title="bbox 443 4547 2030 4622; baseline 0.006 -24"><span class='ocrx_word' id='word_1_272' title='bbox 443 4561 564 4601; x_wconf 88' lang='lat' dir='ltr'><strong>rum</strong></span> <span class='ocrx_word' id='word_1_273' title='bbox 608 4562 786 4602; x_wconf 81' lang='lat' dir='ltr'><strong>rerum</strong></span> <span class='ocrx_word' id='word_1_274' title='bbox 838 4548 1251 4604; x_wconf 77' lang='lat' dir='ltr'><strong>vicissitudines.</strong></span> <span class='ocrx_word' id='word_1_275' title='bbox 1315 4547 1614 4621; x_wconf 88' lang='lat' dir='ltr'><strong>Dionysius</strong></span> <span class='ocrx_word' id='word_1_276' title='bbox 1650 4551 1771 4622; x_wconf 89' lang='lat' dir='ltr'><strong>ipse</strong></span> <span class='ocrx_word' id='word_1_277' title='bbox 1824 4552 1943 4609; x_wconf 70' lang='lat' dir='ltr'><strong>haec</strong></span> <span class='ocrx_word' id='word_1_278' title='bbox 1979 4553 2030 4610; x_wconf 92' lang='lat' dir='ltr'><strong>ei</strong></span> 
     </span>
    </p>
   </div>
   <div class='ocr_carea' id='block_1_45' title="bbox 424 4637 2032 4717">
    <p class='ocr_par' dir='ltr' id='par_1_45' title="bbox 424 4637 2032 4717">
     <span class='ocr_line' id='line_1_46' title="bbox 424 4637 2032 4717; baseline 0.006 -27"><span class='ocrx_word' id='word_1_279' title='bbox 424 4637 514 4717; x_wconf 84' lang='lat' dir='ltr'><strong>ad</strong></span> <span class='ocrx_word' id='word_1_280' title='bbox 546 4640 867 4694; x_wconf 84' lang='lat' dir='ltr'><strong>memoriam</strong></span> <span class='ocrx_word' id='word_1_281' title='bbox 899 4649 1119 4696; x_wconf 77' lang='lat' dir='ltr'><strong>revocat</strong></span> <span class='ocrx_word' id='word_1_282' title='bbox 1167 4640 1224 4695; x_wconf 90' lang='lat' dir='ltr'><strong>in</strong></span> <span class='ocrx_word' id='word_1_283' title='bbox 1261 4640 1500 4711; x_wconf 87' lang='lat' dir='ltr'><strong>epistola</strong></span> <span class='ocrx_word' id='word_1_284' title='bbox 1537 4642 1605 4697; x_wconf 89' lang='lat' dir='ltr'><strong>ad</strong></span> <span class='ocrx_word' id='word_1_285' title='bbox 1633 4658 1895 4714; x_wconf 81' lang='lat' dir='ltr'><strong>magnum</strong></span> <span class='ocrx_word' id='word_1_286' title='bbox 1924 4644 2032 4700; x_wconf 90' lang='lat' dir='ltr'><strong>Po-</strong></span> 
     </span>
    </p>
   </div>
   <div class='ocr_carea' id='block_1_46' title="bbox 444 4728 2030 4807">
    <p class='ocr_par' dir='ltr' id='par_1_46' title="bbox 444 4728 2030 4807">
     <span class='ocr_line' id='line_1_47' title="bbox 444 4728 2030 4807; baseline 0.007 -25"><span class='ocrx_word' id='word_1_287' title='bbox 444 4728 724 4801; x_wconf 79' lang='lat' dir='ltr'><strong>lycarpum</strong></span> <span class='ocrx_word' id='word_1_288' title='bbox 757 4728 1003 4804; x_wconf 67' lang='lat' dir='ltr'><strong>Smyrnae</strong></span> <span class='ocrx_word' id='word_1_289' title='bbox 1042 4732 1385 4803; x_wconf 87' lang='lat' dir='ltr'><strong>episcopum.</strong></span> <span class='ocrx_word' id='word_1_290' title='bbox 1423 4732 1589 4807; x_wconf 62' lang='lat'><strong>354</strong></span> <span class='ocrx_word' id='word_1_291' title='bbox 1623 4734 2030 4806; x_wconf 80' lang='lat' dir='ltr'><strong>Apolloplianes</strong></span> 
     </span>
    </p>
   </div>
   <div class='ocr_carea' id='block_1_47' title="bbox 441 4808 2031 4900">
    <p class='ocr_par' dir='ltr' id='par_1_47' title="bbox 441 4808 2031 4900">
     <span class='ocr_line' id='line_1_48' title="bbox 441 4808 2031 4900; baseline 0.006 -24"><span class='ocrx_word' id='word_1_292' title='bbox 441 4820 587 4876; x_wconf 86' lang='lat' dir='ltr'><strong>enim</strong></span> <span class='ocrx_word' id='word_1_293' title='bbox 637 4820 956 4894; x_wconf 86' lang='lat' dir='ltr'><strong>Dionysium</strong></span> <span class='ocrx_word' id='word_1_294' title='bbox 1008 4808 1232 4896; x_wconf 77' lang='lat' dir='ltr'><strong>propter</strong></span> <span class='ocrx_word' id='word_1_295' title='bbox 1277 4825 1753 4883; x_wconf 87' lang='lat' dir='ltr'><strong>christianismum</strong></span> <span class='ocrx_word' id='word_1_296' title='bbox 1811 4829 2031 4900; x_wconf 86' lang='lat' dir='ltr'><strong>injuriis</strong></span> 
     </span>
    </p>
   </div>
   <div class='ocr_carea' id='block_1_48' title="bbox 442 4913 2030 4992">
    <p class='ocr_par' dir='ltr' id='par_1_48' title="bbox 442 4913 2030 4992">
     <span class='ocr_line' id='line_1_49' title="bbox 442 4913 2030 4992; baseline 0.005 -25"><span class='ocrx_word' id='word_1_297' title='bbox 442 4913 769 4971; x_wconf 82' lang='lat' dir='ltr'><strong>lacessebat.</strong></span> <span class='ocrx_word' id='word_1_298' title='bbox 795 4915 864 4969; x_wconf 85' lang='lat' dir='ltr'><strong>Et</strong></span> <span class='ocrx_word' id='word_1_299' title='bbox 892 4917 970 4970; x_wconf 85' lang='lat' dir='ltr'><strong>ait</strong></span> <span class='ocrx_word' id='word_1_300' title='bbox 997 4936 1010 4971; x_wconf 91' lang='lat'><strong>:</strong></span> <span class='ocrx_word' id='word_1_301' title='bbox 1046 4916 1125 4970; x_wconf 86' lang='lat' dir='ltr'><strong>Tu</strong></span> <span class='ocrx_word' id='word_1_302' title='bbox 1149 4926 1327 4971; x_wconf 86' lang='lat' dir='ltr'><strong>autem</strong></span> <span class='ocrx_word' id='word_1_303' title='bbox 1349 4918 1430 4972; x_wconf 87' lang='lat' dir='ltr'><strong>ais</strong></span> <span class='ocrx_word' id='word_1_304' title='bbox 1462 4934 1543 4973; x_wconf 90' lang='lat' dir='ltr'><strong>me</strong></span> <span class='ocrx_word' id='word_1_305' title='bbox 1574 4917 1639 4971; x_wconf 87' lang='lat' dir='ltr'><strong>ab</strong></span> <span class='ocrx_word' id='word_1_306' title='bbox 1663 4921 2030 4992; x_wconf 78' lang='lat' dir='ltr'><strong>Apollophane</strong></span> 
     </span>
    </p>
   </div>
   <div class='ocr_carea' id='block_1_49' title="bbox 440 5002 2029 5078">
    <p class='ocr_par' dir='ltr' id='par_1_49' title="bbox 440 5002 2029 5078">
     <span class='ocr_line' id='line_1_50' title="bbox 440 5002 2029 5078; baseline 0.003 -18"><span class='ocrx_word' id='word_1_307' title='bbox 440 5002 676 5074; x_wconf 76' lang='lat' dir='ltr'><strong>sophista</strong></span> <span class='ocrx_word' id='word_1_308' title='bbox 727 5005 906 5058; x_wconf 82' lang='lat' dir='ltr'><strong>invadi</strong></span> <span class='ocrx_word' id='word_1_309' title='bbox 955 5014 1005 5060; x_wconf 87' lang='lat' dir='ltr'><strong>et</strong></span> <span class='ocrx_word' id='word_1_310' title='bbox 1051 5004 1387 5075; x_wconf 85' lang='lat' dir='ltr'><strong>parricidam</strong></span> <span class='ocrx_word' id='word_1_311' title='bbox 1443 5005 1735 5076; x_wconf 85' lang='lat' dir='ltr'><strong>appellari,</strong></span> <span class='ocrx_word' id='word_1_312' title='bbox 1784 5008 1927 5078; x_wconf 88' lang='lat' dir='ltr'><strong>quod</strong></span> <span class='ocrx_word' id='word_1_313' title='bbox 1973 5009 2029 5064; x_wconf 83' lang='lat' dir='ltr'><strong>in</strong></span> 
     </span>
    </p>
   </div>
   <div class='ocr_carea' id='block_1_50' title="bbox 441 5096 2026 5172">
    <p class='ocr_par' dir='ltr' id='par_1_50' title="bbox 441 5096 2026 5172">
     <span class='ocr_line' id='line_1_51' title="bbox 441 5096 2026 5172; baseline 0.003 -18"><span class='ocrx_word' id='word_1_314' title='bbox 441 5096 652 5155; x_wconf 62' lang='lat' dir='ltr'><strong>Graecos</strong></span> <span class='ocrx_word' id='word_1_315' title='bbox 683 5099 841 5170; x_wconf 80' lang='lat' dir='ltr'><strong>impie</strong></span> <span class='ocrx_word' id='word_1_316' title='bbox 869 5097 1175 5153; x_wconf 72' lang='lat' dir='ltr'><strong>ercotum</strong></span> <span class='ocrx_word' id='word_1_317' title='bbox 1204 5108 1331 5152; x_wconf 87' lang='lat' dir='ltr'><strong>utar</strong></span> <span class='ocrx_word' id='word_1_318' title='bbox 1351 5100 1661 5157; x_wconf 80' lang='lat' dir='ltr'><strong>sententiis?</strong></span> <span class='ocrx_word' id='word_1_319' title='bbox 1684 5102 1835 5172; x_wconf 89' lang='lat' dir='ltr'><strong>atqui</strong></span> <span class='ocrx_word' id='word_1_320' title='bbox 1856 5104 2026 5158; x_wconf 84' lang='lat' dir='ltr'><strong>verius</strong></span> 
     </span>
    </p>
   </div>
   <div class='ocr_carea' id='block_1_51' title="bbox 441 5190 2029 5264">
    <p class='ocr_par' dir='ltr' id='par_1_51' title="bbox 441 5190 2029 5264">
     <span class='ocr_line' id='line_1_52' title="bbox 441 5190 2029 5264; baseline 0.003 -17"><span class='ocrx_word' id='word_1_321' title='bbox 441 5211 504 5247; x_wconf 88' lang='lat' dir='ltr'><strong>ac</strong></span> <span class='ocrx_word' id='word_1_322' title='bbox 522 5192 730 5264; x_wconf 73' lang='lat' dir='ltr'><strong>justius</strong></span> <span class='ocrx_word' id='word_1_323' title='bbox 753 5194 801 5248; x_wconf 83' lang='lat' dir='ltr'><strong>ei</strong></span> <span class='ocrx_word' id='word_1_324' title='bbox 828 5190 1053 5263; x_wconf 87' lang='lat' dir='ltr'><strong>objicere</strong></span> <span class='ocrx_word' id='word_1_325' title='bbox 1076 5200 1400 5262; x_wconf 80' lang='lat' dir='ltr'><strong>poteramus,</strong></span> <span class='ocrx_word' id='word_1_326' title='bbox 1428 5190 1641 5248; x_wconf 69' lang='lat' dir='ltr'><strong>Gra’cos</strong></span> <span class='ocrx_word' id='word_1_327' title='bbox 1671 5192 1855 5250; x_wconf 87' lang='lat' dir='ltr'><strong>divina</strong></span> <span class='ocrx_word' id='word_1_328' title='bbox 1886 5198 2029 5252; x_wconf 87' lang='lat' dir='ltr'><strong>testi-</strong></span> 
     </span>
    </p>
   </div>
   <div class='ocr_carea' id='block_1_52' title="bbox 2137 2713 3736 2789">
    <p class='ocr_par' dir='ltr' id='par_1_52' title="bbox 2137 2713 3736 2789">
     <span class='ocr_line' id='line_1_53' title="bbox 2137 2713 3736 2789; baseline -0.001 -21"><span class='ocrx_word' id='word_1_329' title='bbox 2137 2714 2277 2789; x_wconf 71' lang='grc' dir='ltr'>ἀνὴρ</span> <span class='ocrx_word' id='word_1_330' title='bbox 2307 2714 2759 2788; x_wconf 75' lang='grc' dir='ltr'><strong>ἐλλογιμώτατος,</strong></span> <span class='ocrx_word' id='word_1_331' title='bbox 2805 2716 2897 2769; x_wconf 72' lang='grc' dir='ltr'>καὶ</span> <span class='ocrx_word' id='word_1_332' title='bbox 2926 2716 3025 2787; x_wconf 87' lang='grc' dir='ltr'><strong>τῆς</strong></span> <span class='ocrx_word' id='word_1_333' title='bbox 3058 2714 3343 2788; x_wconf 83' lang='grc' dir='ltr'>ὲλληνικῆς</span> <span class='ocrx_word' id='word_1_334' title='bbox 3377 2713 3630 2778; x_wconf 81' lang='grc' dir='ltr'><strong>παιδείας</strong></span> <span class='ocrx_word' id='word_1_335' title='bbox 3656 2716 3736 2778; x_wconf 85' lang='grc' dir='ltr'><strong>είς</strong></span> 
     </span>
    </p>
   </div>
   <div class='ocr_carea' id='block_1_53' title="bbox 2136 2806 3731 2883">
    <p class='ocr_par' dir='ltr' id='par_1_53' title="bbox 2136 2806 3731 2883">
     <span class='ocr_line' id='line_1_54' title="bbox 2136 2806 3731 2883; baseline 0.001 -23"><span class='ocrx_word' id='word_1_336' title='bbox 2136 2806 2306 2880; x_wconf 82' lang='grc' dir='ltr'>ἄκρον</span> <span class='ocrx_word' id='word_1_337' title='bbox 2361 2806 2676 2878; x_wconf 78' lang='grc' dir='ltr'>ἐληλακὼς,</span> <span class='ocrx_word' id='word_1_338' title='bbox 2724 2808 2995 2880; x_wconf 79' lang='grc' dir='ltr'><strong>ἀκουστὴς</strong></span> <span class='ocrx_word' id='word_1_339' title='bbox 3038 2807 3252 2863; x_wconf 78' lang='grc' dir='ltr'>Παύλου</span> <span class='ocrx_word' id='word_1_340' title='bbox 3311 2809 3453 2883; x_wconf 78' lang='grc' dir='ltr'>πρὸς</span> <span class='ocrx_word' id='word_1_341' title='bbox 3498 2808 3597 2880; x_wconf 81' lang='grc' dir='ltr'>τὴν</span> <span class='ocrx_word' id='word_1_342' title='bbox 3637 2807 3731 2862; x_wconf 82' lang='grc' dir='ltr'>τοῦ</span> 
     </span>
    </p>
   </div>
   <div class='ocr_carea' id='block_1_54' title="bbox 2137 2899 3735 2972">
    <p class='ocr_par' dir='ltr' id='par_1_54' title="bbox 2137 2899 3735 2972">
     <span class='ocr_line' id='line_1_55' title="bbox 2137 2899 3735 2972; baseline 0.001 -20"><span class='ocrx_word' id='word_1_343' title='bbox 2137 2899 2554 2971; x_wconf 82' lang='grc' dir='ltr'>χριστιανισμοῦ</span> <span class='ocrx_word' id='word_1_344' title='bbox 2599 2899 2922 2972; x_wconf 87' lang='grc' dir='ltr'>θρησκείαν,</span> <span class='ocrx_word' id='word_1_345' title='bbox 2969 2903 3064 2956; x_wconf 78' lang='grc' dir='ltr'>καὶ</span> <span class='ocrx_word' id='word_1_346' title='bbox 3106 2902 3198 2955; x_wconf 78' lang='grc' dir='ltr'>ὑπ’</span> <span class='ocrx_word' id='word_1_347' title='bbox 3242 2900 3411 2955; x_wconf 81' lang='grc' dir='ltr'>αὐτοῦ</span> <span class='ocrx_word' id='word_1_348' title='bbox 3461 2918 3735 2955; x_wconf 85' lang='grc' dir='ltr'>καταστα-</span> 
     </span>
    </p>
   </div>
   <div class='ocr_carea' id='block_1_55' title="bbox 2137 2989 3736 3065">
    <p class='ocr_par' dir='ltr' id='par_1_55' title="bbox 2137 2989 3736 3065">
     <span class='ocr_line' id='line_1_56' title="bbox 2137 2989 3736 3065; baseline 0.001 -21"><span class='ocrx_word' id='word_1_349' title='bbox 2137 2989 2251 3053; x_wconf 80' lang='grc' dir='ltr'>θεὶς</span> <span class='ocrx_word' id='word_1_350' title='bbox 2287 2994 2369 3056; x_wconf 80' lang='grc' dir='ltr'><strong>εἰς</strong></span> <span class='ocrx_word' id='word_1_351' title='bbox 2403 2991 2575 3056; x_wconf 76' lang='grc' dir='ltr'>αὐτὰς</span> <span class='ocrx_word' id='word_1_352' title='bbox 2600 2991 2702 3056; x_wconf 86' lang='grc' dir='ltr'><strong>τάς</strong></span> <span class='ocrx_word' id='word_1_353' title='bbox 2743 2992 2973 3065; x_wconf 84' lang='grc' dir='ltr'>Ἀθήνας</span> <span class='ocrx_word' id='word_1_354' title='bbox 2999 2993 3328 3056; x_wconf 73' lang='grc' dir='ltr'>ἐπίσκοπος·</span> <span class='ocrx_word' id='word_1_355' title='bbox 3370 2992 3513 3065; x_wconf 84' lang='grc' dir='ltr'>πρὸς</span> <span class='ocrx_word' id='word_1_356' title='bbox 3551 2994 3609 3047; x_wconf 81' lang='grc' dir='ltr'><strong>δὲ</strong></span> <span class='ocrx_word' id='word_1_357' title='bbox 3638 2992 3736 3064; x_wconf 76' lang='grc' dir='ltr'><strong>τὴν</strong></span> 
     </span>
    </p>
   </div>
   <div class='ocr_carea' id='block_1_56' title="bbox 2136 3084 3736 3159">
    <p class='ocr_par' dir='ltr' id='par_1_56' title="bbox 2136 3084 3736 3159">
     <span class='ocr_line' id='line_1_57' title="bbox 2136 3084 3736 3159; baseline 0.001 -22"><span class='ocrx_word' id='word_1_358' title='bbox 2136 3084 2365 3157; x_wconf 86' lang='grc' dir='ltr'>πάτριον</span> <span class='ocrx_word' id='word_1_359' title='bbox 2419 3084 2528 3138; x_wconf 79' lang='grc' dir='ltr'><strong>τῶν</strong></span> <span class='ocrx_word' id='word_1_360' title='bbox 2580 3084 2877 3156; x_wconf 81' lang='grc' dir='ltr'>ὲλληνικῶν</span> <span class='ocrx_word' id='word_1_361' title='bbox 2926 3084 3263 3158; x_wconf 77' lang='grc' dir='ltr'><strong>μαθημάτων</strong></span> <span class='ocrx_word' id='word_1_362' title='bbox 3310 3085 3553 3159; x_wconf 76' lang='grc' dir='ltr'><strong>ἄσκησιν</strong></span> <span class='ocrx_word' id='word_1_363' title='bbox 3600 3085 3736 3139; x_wconf 81' lang='grc' dir='ltr'>πάν-</span> 
     </span>
    </p>
   </div>
   <div class='ocr_carea' id='block_1_57' title="bbox 2134 3176 3738 3252">
    <p class='ocr_par' dir='ltr' id='par_1_57' title="bbox 2134 3176 3738 3252">
     <span class='ocr_line' id='line_1_58' title="bbox 2134 3176 3738 3252; baseline 0.001 -23"><span class='ocrx_word' id='word_1_364' title='bbox 2134 3193 2243 3229; x_wconf 90' lang='grc' dir='ltr'><strong>των</strong></span> <span class='ocrx_word' id='word_1_365' title='bbox 2278 3178 2674 3249; x_wconf 68' lang='grc' dir='ltr'>προύκέκριτοθ</span> <span class='ocrx_word' id='word_1_366' title='bbox 2708 3176 2946 3248; x_wconf 77' lang='grc' dir='ltr'><strong>ἑκάστης</strong></span> <span class='ocrx_word' id='word_1_367' title='bbox 2978 3179 3106 3252; x_wconf 83' lang='grc' dir='ltr'>γὰρ,</span> <span class='ocrx_word' id='word_1_368' title='bbox 3143 3179 3220 3242; x_wconf 85' lang='grc' dir='ltr'>ὡς</span> <span class='ocrx_word' id='word_1_369' title='bbox 3244 3181 3440 3244; x_wconf 82' lang='grc' dir='ltr'>εἰπεῖν,</span> <span class='ocrx_word' id='word_1_370' title='bbox 3468 3177 3738 3250; x_wconf 77' lang='grc' dir='ltr'>αἱρέσεως</span> 
     </span>
    </p>
   </div>
   <div class='ocr_carea' id='block_1_58' title="bbox 2133 3270 3736 3344">
    <p class='ocr_par' dir='ltr' id='par_1_58' title="bbox 2133 3270 3736 3344">
     <span class='ocr_line' id='line_1_59' title="bbox 2133 3270 3736 3344; baseline 0.001 -22"><span class='ocrx_word' id='word_1_371' title='bbox 2133 3270 2233 3341; x_wconf 87' lang='grc' dir='ltr'><strong>τῆς</strong></span> <span class='ocrx_word' id='word_1_372' title='bbox 2271 3271 2362 3323; x_wconf 87' lang='grc' dir='ltr'>ὑπ’</span> <span class='ocrx_word' id='word_1_373' title='bbox 2393 3271 2571 3324; x_wconf 83' lang='grc' dir='ltr'>αὐτῶν</span> <span class='ocrx_word' id='word_1_374' title='bbox 2602 3271 3048 3344; x_wconf 76' lang='grc' dir='ltr'>πρεσϐευομένης</span> <span class='ocrx_word' id='word_1_375' title='bbox 3077 3274 3134 3325; x_wconf 82' lang='grc' dir='ltr'>ὲν</span> <span class='ocrx_word' id='word_1_376' title='bbox 3166 3271 3337 3343; x_wconf 83' lang='grc' dir='ltr'>πολλῇ</span> <span class='ocrx_word' id='word_1_377' title='bbox 3379 3272 3736 3342; x_wconf 82' lang='grc' dir='ltr'>καθειστήκει</span> 
     </span>
    </p>
   </div>
   <div class='ocr_carea' id='block_1_59' title="bbox 2134 3357 3736 3439">
    <p class='ocr_par' dir='ltr' id='par_1_59' title="bbox 2134 3357 3736 3439">
     <span class='ocr_line' id='line_1_60' title="bbox 2134 3357 3736 3439; baseline 0.001 -23"><span class='ocrx_word' id='word_1_378' title='bbox 2134 3365 2200 3435; x_wconf 80' lang='grc' dir='ltr'>τῇ</span> <span class='ocrx_word' id='word_1_379' title='bbox 2244 3363 2432 3436; x_wconf 68' lang='grc' dir='ltr'>πείρᾳ.</span> <span class='ocrx_word' id='word_1_380' title='bbox 2470 3357 2639 3429; x_wconf 76' lang='grc' dir='ltr'>Οὗτος</span> <span class='ocrx_word' id='word_1_381' title='bbox 2683 3365 2884 3437; x_wconf 79' lang='grc' dir='ltr'>ῆκουσε</span> <span class='ocrx_word' id='word_1_382' title='bbox 2932 3364 3147 3418; x_wconf 79' lang='grc' dir='ltr'>Παύλου</span> <span class='ocrx_word' id='word_1_383' title='bbox 3184 3362 3629 3439; x_wconf 80' lang='grc' dir='ltr'><strong>δημηγοροῦντος</strong></span> <span class='ocrx_word' id='word_1_384' title='bbox 3675 3365 3736 3419; x_wconf 80' lang='grc' dir='ltr'>ἐν</span> 
     </span>
    </p>
   </div>
   <div class='ocr_carea' id='block_1_60' title="bbox 2148 3453 3736 3528">
    <p class='ocr_par' dir='ltr' id='par_1_60' title="bbox 2148 3453 3736 3528">
     <span class='ocr_line' id='line_1_61' title="bbox 2148 3453 3736 3528; baseline 0.001 -20"><span class='ocrx_word' id='word_1_385' title='bbox 2148 3454 2420 3526; x_wconf 79' lang='grc' dir='ltr'><strong>Ἀθήναις,</strong></span> <span class='ocrx_word' id='word_1_386' title='bbox 2447 3453 2542 3508; x_wconf 68' lang='grc' dir='ltr'><strong>καὶ</strong></span> <span class='ocrx_word' id='word_1_387' title='bbox 2580 3456 2672 3509; x_wconf 84' lang='grc' dir='ltr'><strong>τὸν</strong></span> <span class='ocrx_word' id='word_1_388' title='bbox 2699 3456 2937 3528; x_wconf 82' lang='grc' dir='ltr'>Χριστὸν</span> <span class='ocrx_word' id='word_1_389' title='bbox 2971 3457 3066 3510; x_wconf 81' lang='grc' dir='ltr'><strong>καὶ</strong></span> <span class='ocrx_word' id='word_1_390' title='bbox 3106 3456 3207 3528; x_wconf 85' lang='grc' dir='ltr'>τὴν</span> <span class='ocrx_word' id='word_1_391' title='bbox 3244 3456 3549 3510; x_wconf 80' lang='grc' dir='ltr'>ἀνάστασιν</span> <span class='ocrx_word' id='word_1_392' title='bbox 3595 3455 3736 3528; x_wconf 78' lang='grc' dir='ltr'>μετὰ</span> 
     </span>
    </p>
   </div>
   <div class='ocr_carea' id='block_1_61' title="bbox 2135 3547 3735 3621">
    <p class='ocr_par' dir='ltr' id='par_1_61' title="bbox 2135 3547 3735 3621">
     <span class='ocr_line' id='line_1_62' title="bbox 2135 3547 3735 3621; baseline 0.001 -21"><span class='ocrx_word' id='word_1_393' title='bbox 2135 3547 2447 3620; x_wconf 71' lang='grc' dir='ltr'>παρρησίας</span> <span class='ocrx_word' id='word_1_394' title='bbox 2490 3550 2602 3612; x_wconf 79' lang='grc' dir='ltr'>τοῖς</span> <span class='ocrx_word' id='word_1_395' title='bbox 2635 3547 2893 3621; x_wconf 87' lang='grc' dir='ltr'>Ἕλλησιν</span> <span class='ocrx_word' id='word_1_396' title='bbox 2935 3547 3465 3620; x_wconf 78' lang='grc' dir='ltr'>εὐαγγελιζομένου·</span> <span class='ocrx_word' id='word_1_397' title='bbox 3512 3549 3607 3603; x_wconf 69' lang='grc' dir='ltr'><strong>καὶ</strong></span> <span class='ocrx_word' id='word_1_398' title='bbox 3647 3565 3735 3601; x_wconf 87' lang='grc' dir='ltr'>πι-</span> 
     </span>
    </p>
   </div>
   <div class='ocr_carea' id='block_1_62' title="bbox 2136 3638 3734 3715">
    <p class='ocr_par' dir='ltr' id='par_1_62' title="bbox 2136 3638 3734 3715">
     <span class='ocr_line' id='line_1_63' title="bbox 2136 3638 3734 3715; baseline 0.001 -23"><span class='ocrx_word' id='word_1_399' title='bbox 2136 3638 2369 3704; x_wconf 87' lang='grc' dir='ltr'>στεύσας</span> <span class='ocrx_word' id='word_1_400' title='bbox 2396 3638 2475 3711; x_wconf 83' lang='grc' dir='ltr'>τῷ</span> <span class='ocrx_word' id='word_1_401' title='bbox 2502 3638 2719 3693; x_wconf 80' lang='grc' dir='ltr'>Παύλου</span> <span class='ocrx_word' id='word_1_402' title='bbox 2765 3640 3106 3715; x_wconf 78' lang='grc' dir='ltr'>κηρύγματι,</span> <span class='ocrx_word' id='word_1_403' title='bbox 3152 3641 3243 3693; x_wconf 79' lang='grc' dir='ltr'>ὑπ’</span> <span class='ocrx_word' id='word_1_404' title='bbox 3276 3639 3445 3693; x_wconf 78' lang='grc' dir='ltr'>αὐτοῦ</span> <span class='ocrx_word' id='word_1_405' title='bbox 3493 3639 3591 3693; x_wconf 75' lang='grc' dir='ltr'>καὶ</span> <span class='ocrx_word' id='word_1_406' title='bbox 3636 3639 3734 3711; x_wconf 88' lang='grc' dir='ltr'><strong>τῆς</strong></span> 
     </span>
    </p>
   </div>
   <div class='ocr_carea' id='block_1_63' title="bbox 2135 3730 3735 3803">
    <p class='ocr_par' dir='ltr' id='par_1_63' title="bbox 2135 3730 3735 3803">
     <span class='ocr_line' id='line_1_64' title="bbox 2135 3730 3735 3803; baseline 0 -20"><span class='ocrx_word' id='word_1_407' title='bbox 2135 3730 2343 3796; x_wconf 85' lang='grc' dir='ltr'>πόλεως</span> <span class='ocrx_word' id='word_1_408' title='bbox 2370 3733 2692 3785; x_wconf 80' lang='grc' dir='ltr'>ἐπισκοπεῖν</span> <span class='ocrx_word' id='word_1_409' title='bbox 2736 3733 3011 3787; x_wconf 80' lang='grc' dir='ltr'>τάττεται.</span> <span class='ocrx_word' id='word_1_410' title='bbox 3065 3732 3222 3787; x_wconf 82' lang='grc' dir='ltr'>Κατὰ</span> <span class='ocrx_word' id='word_1_411' title='bbox 3260 3731 3391 3801; x_wconf 81' lang='grc' dir='ltr'>γοῦν</span> <span class='ocrx_word' id='word_1_412' title='bbox 3418 3731 3521 3802; x_wconf 79' lang='grc' dir='ltr'><strong>τὴν</strong></span> <span class='ocrx_word' id='word_1_413' title='bbox 3560 3731 3735 3803; x_wconf 77' lang='grc' dir='ltr'>ἀρχὴν</span> 
     </span>
    </p>
   </div>
   <div class='ocr_carea' id='block_1_64' title="bbox 2133 3810 3731 3899">
    <p class='ocr_par' dir='ltr' id='par_1_64' title="bbox 2133 3810 3731 3899">
     <span class='ocr_line' id='line_1_65' title="bbox 2133 3810 3731 3899; baseline 0.001 -23"><span class='ocrx_word' id='word_1_414' title='bbox 2133 3824 2385 3896; x_wconf 80' lang='grc' dir='ltr'>Τιϐερίου</span> <span class='ocrx_word' id='word_1_415' title='bbox 2414 3825 2715 3897; x_wconf 79' lang='grc' dir='ltr'>Καίσαρος,</span> <span class='ocrx_word' id='word_1_416' title='bbox 2746 3826 2835 3879; x_wconf 84' lang='grc' dir='ltr'>ὅτε</span> <span class='ocrx_word' id='word_1_417' title='bbox 2862 3825 2926 3899; x_wconf 77' lang='grc' dir='ltr'><strong>δὴ</strong></span> <span class='ocrx_word' id='word_1_418' title='bbox 2957 3826 3052 3880; x_wconf 59' lang='grc' dir='ltr'><strong>καὶ¹</strong></span> <span class='ocrx_word' id='word_1_419' title='bbox 3082 3810 3179 3897; x_wconf 77' lang='grc' dir='ltr'><strong>τῆν</strong></span> <span class='ocrx_word' id='word_1_420' title='bbox 3209 3824 3424 3897; x_wconf 77' lang='grc' dir='ltr'>ἡλικίαν</span> <span class='ocrx_word' id='word_1_421' title='bbox 3457 3823 3731 3896; x_wconf 74' lang='grc' dir='ltr'>ἤκμαζεν,</span> 
     </span>
    </p>
   </div>
   <div class='ocr_carea' id='block_1_65' title="bbox 2137 3917 3731 3989">
    <p class='ocr_par' dir='ltr' id='par_1_65' title="bbox 2137 3917 3731 3989">
     <span class='ocr_line' id='line_1_66' title="bbox 2137 3917 3731 3989; baseline -0.001 -19"><span class='ocrx_word' id='word_1_422' title='bbox 2137 3917 2348 3989; x_wconf 81' lang='grc' dir='ltr'>ἀπῆρεν</span> <span class='ocrx_word' id='word_1_423' title='bbox 2388 3919 2469 3982; x_wconf 86' lang='grc' dir='ltr'><strong>είς</strong></span> <span class='ocrx_word' id='word_1_424' title='bbox 2508 3917 2805 3988; x_wconf 80' lang='grc' dir='ltr'>Αἴγυπτον,</span> <span class='ocrx_word' id='word_1_425' title='bbox 2849 3921 2964 3983; x_wconf 85' lang='grc' dir='ltr'>τοῖς</span> <span class='ocrx_word' id='word_1_426' title='bbox 3006 3920 3184 3971; x_wconf 81' lang='grc' dir='ltr'>ἐκεῖσε</span> <span class='ocrx_word' id='word_1_427' title='bbox 3234 3921 3422 3988; x_wconf 79' lang='grc' dir='ltr'>σοφοῖς</span> <span class='ocrx_word' id='word_1_428' title='bbox 3471 3917 3731 3989; x_wconf 77' lang='grc' dir='ltr'>ὁμιλῆσαι</span> 
     </span>
    </p>
   </div>
   <div class='ocr_carea' id='block_1_66' title="bbox 2136 4009 3731 4085">
    <p class='ocr_par' dir='ltr' id='par_1_66' title="bbox 2136 4009 3731 4085">
     <span class='ocr_line' id='line_1_67' title="bbox 2136 4009 3731 4085; baseline 0.001 -23"><span class='ocrx_word' id='word_1_429' title='bbox 2136 4009 2449 4082; x_wconf 85' lang='grc' dir='ltr'>γλιχόμενος</span> <span class='ocrx_word' id='word_1_430' title='bbox 2469 4028 2481 4040; x_wconf 89' lang='grc'><strong>·</strong></span> <span class='ocrx_word' id='word_1_431' title='bbox 2523 4011 2689 4082; x_wconf 82' lang='grc' dir='ltr'>συνῆν</span> <span class='ocrx_word' id='word_1_432' title='bbox 2728 4013 2786 4067; x_wconf 79' lang='grc' dir='ltr'><strong>δὲ</strong></span> <span class='ocrx_word' id='word_1_433' title='bbox 2829 4011 2979 4085; x_wconf 85' lang='grc' dir='ltr'>αύτῷ</span> <span class='ocrx_word' id='word_1_434' title='bbox 3013 4010 3423 4083; x_wconf 77' lang='grc' dir='ltr'>Ἀπολλοφάνης</span> <span class='ocrx_word' id='word_1_435' title='bbox 3466 4011 3675 4075; x_wconf 76' lang='grc' dir='ltr'>ἐκεῖνος</span> <span class='ocrx_word' id='word_1_436' title='bbox 3703 4012 3731 4063; x_wconf 89' lang='lat'><strong>6</strong></span> 
     </span>
    </p>
   </div>
   <div class='ocr_carea' id='block_1_67' title="bbox 2137 4102 3730 4177">
    <p class='ocr_par' dir='ltr' id='par_1_67' title="bbox 2137 4102 3730 4177">
     <span class='ocr_line' id='line_1_68' title="bbox 2137 4102 3730 4177; baseline -0.001 -20"><span class='ocrx_word' id='word_1_437' title='bbox 2137 4105 2417 4177; x_wconf 82' lang='grc' dir='ltr'>σοφιστὴς,</span> <span class='ocrx_word' id='word_1_438' title='bbox 2447 4104 2510 4160; x_wconf 80' lang='grc' dir='ltr'>οὗ</span> <span class='ocrx_word' id='word_1_439' title='bbox 2552 4104 2813 4175; x_wconf 84' lang='grc' dir='ltr'>Πολέμων</span> <span class='ocrx_word' id='word_1_440' title='bbox 2853 4107 2882 4159; x_wconf 89' lang='lat'><strong>6</strong></span> <span class='ocrx_word' id='word_1_441' title='bbox 2911 4105 3209 4177; x_wconf 70' lang='grc' dir='ltr'>Λαοδικεὺς</span> <span class='ocrx_word' id='word_1_442' title='bbox 3238 4106 3296 4157; x_wconf 81' lang='grc' dir='ltr'>ὲν</span> <span class='ocrx_word' id='word_1_443' title='bbox 3336 4102 3568 4176; x_wconf 77' lang='grc' dir='ltr'>Σμύρνῃ</span> <span class='ocrx_word' id='word_1_444' title='bbox 3613 4103 3730 4174; x_wconf 85' lang='grc' dir='ltr'>διή-</span> 
     </span>
    </p>
   </div>
   <div class='ocr_carea' id='block_1_68' title="bbox 2135 4190 3802 4269">
    <p class='ocr_par' dir='ltr' id='par_1_68' title="bbox 2135 4190 3802 4269">
     <span class='ocr_line' id='line_1_69' title="bbox 2135 4190 3802 4269; baseline -0.001 -20"><span class='ocrx_word' id='word_1_445' title='bbox 2135 4212 2353 4261; x_wconf 89' lang='grc' dir='ltr'>κουσεν,</span> <span class='ocrx_word' id='word_1_446' title='bbox 2401 4199 2431 4250; x_wconf 92' lang='lat'><strong>6</strong></span> <span class='ocrx_word' id='word_1_447' title='bbox 2475 4197 2794 4260; x_wconf 88' lang='grc' dir='ltr'>διδάσκαλος</span> <span class='ocrx_word' id='word_1_448' title='bbox 2850 4196 3202 4269; x_wconf 80' lang='grc' dir='ltr'>Ἀριστείδου.</span> <span class='ocrx_word' id='word_1_449' title='bbox 3257 4194 3416 4250; x_wconf 76' lang='grc' dir='ltr'>Κατὰ</span> <span class='ocrx_word' id='word_1_450' title='bbox 3463 4194 3598 4264; x_wconf 79' lang='grc' dir='ltr'>γοῦν</span> <span class='ocrx_word' id='word_1_451' title='bbox 3641 4194 3729 4247; x_wconf 83' lang='grc' dir='ltr'><strong>τὸν</strong></span> <span class='ocrx_word' id='word_1_452' title='bbox 3798 4190 3802 4191; x_wconf 46' lang='grc'><strong><em>⁷</em></strong></span> 
     </span>
    </p>
   </div>
   <div class='ocr_carea' id='block_1_69' title="bbox 2134 4287 3728 4360">
    <p class='ocr_par' dir='ltr' id='par_1_69' title="bbox 2134 4287 3728 4360">
     <span class='ocr_line' id='line_1_70' title="bbox 2134 4287 3728 4360; baseline 0 -20"><span class='ocrx_word' id='word_1_453' title='bbox 2134 4288 2326 4358; x_wconf 81' lang='grc' dir='ltr'>καιρὸν</span> <span class='ocrx_word' id='word_1_454' title='bbox 2365 4287 2460 4342; x_wconf 79' lang='grc' dir='ltr'>τοῦ</span> <span class='ocrx_word' id='word_1_455' title='bbox 2489 4287 2757 4360; x_wconf 83' lang='grc' dir='ltr'>σωτηρίου</span> <span class='ocrx_word' id='word_1_456' title='bbox 2788 4288 2994 4353; x_wconf 77' lang='grc' dir='ltr'>πάθους</span> <span class='ocrx_word' id='word_1_457' title='bbox 3048 4288 3143 4342; x_wconf 80' lang='grc' dir='ltr'>τοῦ</span> <span class='ocrx_word' id='word_1_458' title='bbox 3176 4288 3451 4341; x_wconf 84' lang='grc' dir='ltr'>Δεσπὸτου</span> <span class='ocrx_word' id='word_1_459' title='bbox 3492 4287 3728 4360; x_wconf 81' lang='grc' dir='ltr'>Χριστοῦ</span> 
     </span>
    </p>
   </div>
   <div class='ocr_carea' id='block_1_70' title="bbox 2132 4378 3728 4463">
    <p class='ocr_par' dir='ltr' id='par_1_70' title="bbox 2132 4378 3728 4463">
     <span class='ocr_line' id='line_1_71' title="bbox 2132 4378 3728 4463; baseline -0.001 -27"><span class='ocrx_word' id='word_1_460' title='bbox 2132 4381 2302 4454; x_wconf 76' lang='grc' dir='ltr'>ἄμφω</span> <span class='ocrx_word' id='word_1_461' title='bbox 2340 4382 2476 4454; x_wconf 72' lang='grc' dir='ltr'>ἧτην</span> <span class='ocrx_word' id='word_1_462' title='bbox 2519 4383 2578 4435; x_wconf 80' lang='grc' dir='ltr'>ὲν</span> <span class='ocrx_word' id='word_1_463' title='bbox 2621 4380 2963 4435; x_wconf 84' lang='grc' dir='ltr'>Ἡλιουπόλει</span> <span class='ocrx_word' id='word_1_464' title='bbox 3004 4384 3074 4453; x_wconf 78' lang='grc' dir='ltr'>τῇ</span> <span class='ocrx_word' id='word_1_465' title='bbox 3120 4381 3178 4435; x_wconf 79' lang='grc' dir='ltr'>ὲν</span> <span class='ocrx_word' id='word_1_466' title='bbox 3203 4380 3490 4452; x_wconf 81' lang='grc' dir='ltr'>Αἰγύπτῳ.</span> <span class='ocrx_word' id='word_1_467' title='bbox 3522 4380 3638 4463; x_wconf 60' lang='grc' dir='ltr'><strong>Κα)</strong></span> <span class='ocrx_word' id='word_1_468' title='bbox 3665 4378 3728 4450; x_wconf 83' lang='grc' dir='ltr'><strong>δὴ</strong></span> 
     </span>
    </p>
   </div>
   <div class='ocr_carea' id='block_1_71' title="bbox 2131 4473 3723 4549">
    <p class='ocr_par' dir='ltr' id='par_1_71' title="bbox 2131 4473 3723 4549">
     <span class='ocr_line' id='line_1_72' title="bbox 2131 4473 3723 4549; baseline 0 -19"><span class='ocrx_word' id='word_1_469' title='bbox 2131 4476 2235 4548; x_wconf 89' lang='grc' dir='ltr'><strong>τῆς</strong></span> <span class='ocrx_word' id='word_1_470' title='bbox 2260 4477 2491 4549; x_wconf 78' lang='grc' dir='ltr'>ἡλιακῆς</span> <span class='ocrx_word' id='word_1_471' title='bbox 2530 4475 2826 4548; x_wconf 74' lang='grc' dir='ltr'>ἐκλείψεως</span> <span class='ocrx_word' id='word_1_472' title='bbox 2852 4476 2912 4529; x_wconf 81' lang='grc' dir='ltr'><strong>οὐ</strong></span> <span class='ocrx_word' id='word_1_473' title='bbox 2937 4474 3081 4529; x_wconf 80' lang='grc' dir='ltr'>κατὰ</span> <span class='ocrx_word' id='word_1_474' title='bbox 3127 4474 3288 4544; x_wconf 78' lang='grc' dir='ltr'>φύσιν</span> <span class='ocrx_word' id='word_1_475' title='bbox 3326 4473 3723 4546; x_wconf 81' lang='grc' dir='ltr'>γεγενημένης,</span> 
     </span>
    </p>
   </div>
   <div class='ocr_carea' id='block_1_72' title="bbox 2135 4564 3725 4641">
    <p class='ocr_par' dir='ltr' id='par_1_72' title="bbox 2135 4564 3725 4641">
     <span class='ocr_line' id='line_1_73' title="bbox 2135 4564 3725 4641; baseline -0.004 -18"><span class='ocrx_word' id='word_1_476' title='bbox 2135 4568 2215 4641; x_wconf 80' lang='grc' dir='ltr'>(οὐ</span> <span class='ocrx_word' id='word_1_477' title='bbox 2244 4568 2353 4641; x_wconf 79' lang='grc' dir='ltr'>γὰρ</span> <span class='ocrx_word' id='word_1_478' title='bbox 2382 4564 2451 4640; x_wconf 75' lang='grc' dir='ltr'>ἦν</span> <span class='ocrx_word' id='word_1_479' title='bbox 2479 4567 2697 4621; x_wconf 73' lang='grc' dir='ltr'>συνόδου</span> <span class='ocrx_word' id='word_1_480' title='bbox 2742 4568 2931 4639; x_wconf 85' lang='grc' dir='ltr'>καιρός</span> <span class='ocrx_word' id='word_1_481' title='bbox 2947 4566 2985 4638; x_wconf 89' lang='grc'><strong>·)</strong></span> <span class='ocrx_word' id='word_1_482' title='bbox 3009 4568 3182 4620; x_wconf 87' lang='grc' dir='ltr'>εἰπεῖν</span> <span class='ocrx_word' id='word_1_483' title='bbox 3215 4564 3435 4634; x_wconf 82' lang='grc' dir='ltr'>λέγεται</span> <span class='ocrx_word' id='word_1_484' title='bbox 3464 4564 3603 4637; x_wconf 84' lang='grc' dir='ltr'>πρὸς</span> <span class='ocrx_word' id='word_1_485' title='bbox 3639 4565 3725 4617; x_wconf 83' lang='grc' dir='ltr'><strong>τὸν</strong></span> 
     </span>
    </p>
   </div>
   <div class='ocr_carea' id='block_1_73' title="bbox 2136 4658 3721 4735">
    <p class='ocr_par' dir='ltr' id='par_1_73' title="bbox 2136 4658 3721 4735">
     <span class='ocr_line' id='line_1_74' title="bbox 2136 4658 3721 4735; baseline -0.003 -20"><span class='ocrx_word' id='word_1_486' title='bbox 2136 4661 2401 4735; x_wconf 84' lang='grc' dir='ltr'>μακάριον</span> <span class='ocrx_word' id='word_1_487' title='bbox 2464 4659 2739 4714; x_wconf 90' lang='grc' dir='ltr'>Διονύσιον</span> <span class='ocrx_word' id='word_1_488' title='bbox 2788 4659 2881 4713; x_wconf 85' lang='grc' dir='ltr'><strong>τὸν</strong></span> <span class='ocrx_word' id='word_1_489' title='bbox 2948 4658 3210 4731; x_wconf 80' lang='grc' dir='ltr'>σοφιστὴν</span> <span class='ocrx_word' id='word_1_490' title='bbox 3276 4658 3686 4731; x_wconf 72' lang='grc' dir='ltr'>Ἀπολλοφάνην</span> <span class='ocrx_word' id='word_1_491' title='bbox 3707 4674 3721 4687; x_wconf 80' lang='lat'>&#39;</span> 
     </span>
    </p>
   </div>
   <div class='ocr_carea' id='block_1_74' title="bbox 2138 4747 3723 4822">
    <p class='ocr_par' dir='ltr' id='par_1_74' title="bbox 2138 4747 3723 4822">
     <span class='ocr_line' id='line_1_75' title="bbox 2138 4747 3723 4822; baseline -0.004 -13"><span class='ocrx_word' id='word_1_492' title='bbox 2138 4754 2357 4819; x_wconf 69' lang='grc' dir='ltr'>Ίὶιῦτα,</span> <span class='ocrx_word' id='word_1_493' title='bbox 2387 4752 2434 4805; x_wconf 87' lang='grc' dir='ltr'><strong>ὦ</strong></span> <span class='ocrx_word' id='word_1_494' title='bbox 2462 4751 2612 4806; x_wconf 72' lang='grc' dir='ltr'>καλὲ</span> <span class='ocrx_word' id='word_1_495' title='bbox 2641 4752 2943 4816; x_wconf 83' lang='grc' dir='ltr'>Διονύσιε,</span> <span class='ocrx_word' id='word_1_496' title='bbox 2983 4749 3220 4822; x_wconf 77' lang='grc' dir='ltr'>ἀμοιϐαὶ</span> <span class='ocrx_word' id='word_1_497' title='bbox 3261 4750 3438 4804; x_wconf 75' lang='grc' dir='ltr'>θείων</span> <span class='ocrx_word' id='word_1_498' title='bbox 3466 4747 3723 4819; x_wconf 73' lang='grc' dir='ltr'>πραγμὰο</span> 
     </span>
    </p>
   </div>
   <div class='ocr_carea' id='block_1_75' title="bbox 2130 4843 3725 4919">
    <p class='ocr_par' dir='ltr' id='par_1_75' title="bbox 2130 4843 3725 4919">
     <span class='ocr_line' id='line_1_76' title="bbox 2130 4843 3725 4919; baseline -0.003 -19"><span class='ocrx_word' id='word_1_499' title='bbox 2130 4864 2267 4902; x_wconf 78' lang='grc' dir='ltr'>των.</span> <span class='ocrx_word' id='word_1_500' title='bbox 2305 4844 2649 4919; x_wconf 83' lang='grc' dir='ltr'>Μνημονεύει</span> <span class='ocrx_word' id='word_1_501' title='bbox 2691 4845 2748 4898; x_wconf 81' lang='grc' dir='ltr'>δὲ</span> <span class='ocrx_word' id='word_1_502' title='bbox 2800 4844 3007 4898; x_wconf 87' lang='grc' dir='ltr'>τούτων</span> <span class='ocrx_word' id='word_1_503' title='bbox 3068 4845 3097 4896; x_wconf 82' lang='lat'><strong>6</strong></span> <span class='ocrx_word' id='word_1_504' title='bbox 3143 4843 3304 4907; x_wconf 84' lang='grc' dir='ltr'>αὐτὸς</span> <span class='ocrx_word' id='word_1_505' title='bbox 3353 4843 3631 4907; x_wconf 84' lang='grc' dir='ltr'>Διονύσιος</span> <span class='ocrx_word' id='word_1_506' title='bbox 3668 4845 3725 4896; x_wconf 83' lang='grc' dir='ltr'>ὲν</span> 
     </span>
    </p>
   </div>
   <div class='ocr_carea' id='block_1_76' title="bbox 2129 4933 3726 5011">
    <p class='ocr_par' dir='ltr' id='par_1_76' title="bbox 2129 4933 3726 5011">
     <span class='ocr_line' id='line_1_77' title="bbox 2129 4933 3726 5011; baseline -0.002 -22"><span class='ocrx_word' id='word_1_507' title='bbox 2129 4939 2196 5008; x_wconf 73' lang='grc' dir='ltr'>τῇ</span> <span class='ocrx_word' id='word_1_508' title='bbox 2225 4936 2365 5011; x_wconf 84' lang='grc' dir='ltr'>πρὸς</span> <span class='ocrx_word' id='word_1_509' title='bbox 2399 4935 2756 5008; x_wconf 85' lang='grc' dir='ltr'>Πολύκαρπον</span> <span class='ocrx_word' id='word_1_510' title='bbox 2792 4934 2885 4989; x_wconf 82' lang='grc' dir='ltr'><strong>τὸν</strong></span> <span class='ocrx_word' id='word_1_511' title='bbox 2913 4935 3087 5007; x_wconf 80' lang='grc' dir='ltr'>μέγαν</span> <span class='ocrx_word' id='word_1_512' title='bbox 3118 4934 3403 5007; x_wconf 77' lang='grc' dir='ltr'>ἐπιστολῇ,</span> <span class='ocrx_word' id='word_1_513' title='bbox 3428 4936 3522 4990; x_wconf 78' lang='grc' dir='ltr'><strong>τὸν</strong></span> <span class='ocrx_word' id='word_1_514' title='bbox 3554 4933 3726 5008; x_wconf 80' lang='grc' dir='ltr'>Σμύρ-</span> 
     </span>
    </p>
   </div>
   <div class='ocr_carea' id='block_1_77' title="bbox 2128 5023 3725 5100">
    <p class='ocr_par' dir='ltr' id='par_1_77' title="bbox 2128 5023 3725 5100">
     <span class='ocr_line' id='line_1_78' title="bbox 2128 5023 3725 5100; baseline -0.002 -19"><span class='ocrx_word' id='word_1_515' title='bbox 2128 5045 2227 5099; x_wconf 87' lang='grc' dir='ltr'><strong>νης</strong></span> <span class='ocrx_word' id='word_1_516' title='bbox 2263 5028 2559 5082; x_wconf 76' lang='grc' dir='ltr'>ἐπίσκοπον</span> <span class='ocrx_word' id='word_1_517' title='bbox 2581 5044 2595 5058; x_wconf 78' lang='grc' dir='ltr'><strong>ο</strong></span> <span class='ocrx_word' id='word_1_518' title='bbox 2625 5023 2693 5100; x_wconf 82' lang='grc' dir='ltr'>ἦν</span> <span class='ocrx_word' id='word_1_519' title='bbox 2722 5026 2832 5099; x_wconf 76' lang='grc' dir='ltr'><strong>γάρ</strong></span> <span class='ocrx_word' id='word_1_520' title='bbox 2852 5028 2881 5080; x_wconf 79' lang='lat'><strong>6</strong></span> <span class='ocrx_word' id='word_1_521' title='bbox 2924 5026 3326 5099; x_wconf 69' lang='grc' dir='ltr'>Ἀπολλοφάνης</span> <span class='ocrx_word' id='word_1_522' title='bbox 3352 5027 3434 5098; x_wconf 78' lang='grc' dir='ltr'>τῷ</span> <span class='ocrx_word' id='word_1_523' title='bbox 3462 5026 3725 5097; x_wconf 79' lang='grc' dir='ltr'>Διονυσίῳ</span> 
     </span>
    </p>
   </div>
   <div class='ocr_carea' id='block_1_78' title="bbox 2127 5118 3718 5194">
    <p class='ocr_par' dir='ltr' id='par_1_78' title="bbox 2127 5118 3718 5194">
     <span class='ocr_line' id='line_1_79' title="bbox 2127 5118 3718 5194; baseline -0.001 -20"><span class='ocrx_word' id='word_1_524' title='bbox 2127 5119 2222 5174; x_wconf 79' lang='grc' dir='ltr'>τοῦ</span> <span class='ocrx_word' id='word_1_525' title='bbox 2260 5118 2669 5194; x_wconf 83' lang='grc' dir='ltr'>χριστιανισμοῢ</span> <span class='ocrx_word' id='word_1_526' title='bbox 2701 5120 2863 5173; x_wconf 76' lang='grc' dir='ltr'>ἕνεκα</span> <span class='ocrx_word' id='word_1_527' title='bbox 2882 5118 3398 5192; x_wconf 87' lang='grc' dir='ltr'>διαλοιδορούμενος.</span> <span class='ocrx_word' id='word_1_528' title='bbox 3424 5119 3536 5172; x_wconf 78' lang='grc' dir='ltr'><strong>Καὶ</strong></span> <span class='ocrx_word' id='word_1_529' title='bbox 3563 5136 3718 5190; x_wconf 74' lang='grc' dir='ltr'>φησιο</span> 
     </span>
    </p>
   </div>
   <div class='ocr_carea' id='block_1_79' title="bbox 2129 5208 3720 5282">
    <p class='ocr_par' dir='ltr' id='par_1_79' title="bbox 2129 5208 3720 5282">
     <span class='ocr_line' id='line_1_80' title="bbox 2129 5208 3720 5282; baseline -0.003 -16"><span class='ocrx_word' id='word_1_530' title='bbox 2129 5213 2213 5267; x_wconf 83' lang='grc' dir='ltr'><strong>Σὺ</strong></span> <span class='ocrx_word' id='word_1_531' title='bbox 2241 5211 2309 5265; x_wconf 78' lang='grc' dir='ltr'><strong>δὲ</strong></span> <span class='ocrx_word' id='word_1_532' title='bbox 2337 5212 2460 5282; x_wconf 71' lang='grc' dir='ltr'><strong>φῂς</strong></span> <span class='ocrx_word' id='word_1_533' title='bbox 2485 5210 2882 5280; x_wconf 74' lang='grc' dir='ltr'>λοιδορεῖσθαί</span> <span class='ocrx_word' id='word_1_534' title='bbox 2903 5228 3006 5280; x_wconf 81' lang='grc' dir='ltr'><strong>μοι</strong></span> <span class='ocrx_word' id='word_1_535' title='bbox 3033 5210 3139 5265; x_wconf 75' lang='grc' dir='ltr'><strong>τὸν</strong></span> <span class='ocrx_word' id='word_1_536' title='bbox 3164 5208 3476 5279; x_wconf 69' lang='grc' dir='ltr'>σοφιστὴν</span> <span class='ocrx_word' id='word_1_537' title='bbox 3519 5212 3720 5263; x_wconf 67' lang='grc' dir='ltr'>Ἀπολ-</span> 
     </span>
    </p>
   </div>
   <div class='ocr_carea' id='block_1_80' title="bbox 441 5284 2030 5375">
    <p class='ocr_par' dir='ltr' id='par_1_80' title="bbox 441 5284 2024 5360">
     <span class='ocr_line' id='line_1_81' title="bbox 441 5284 2024 5360; baseline 0.005 -23"><span class='ocrx_word' id='word_1_538' title='bbox 441 5285 621 5341; x_wconf 73' lang='grc' dir='ltr'>ιιιοηία</span> <span class='ocrx_word' id='word_1_539' title='bbox 648 5303 753 5341; x_wconf 90' lang='lat' dir='ltr'><strong>non</strong></span> <span class='ocrx_word' id='word_1_540' title='bbox 789 5286 1032 5356; x_wconf 78' lang='lat' dir='ltr'><strong>religiose</strong></span> <span class='ocrx_word' id='word_1_541' title='bbox 1061 5295 1251 5340; x_wconf 87' lang='lat' dir='ltr'><strong>contra</strong></span> <span class='ocrx_word' id='word_1_542' title='bbox 1282 5284 1463 5340; x_wconf 86' lang='lat' dir='ltr'><strong>divina</strong></span> <span class='ocrx_word' id='word_1_543' title='bbox 1494 5303 1775 5356; x_wconf 85' lang='lat' dir='ltr'><strong>usurpare,</strong></span> <span class='ocrx_word' id='word_1_544' title='bbox 1804 5291 1896 5360; x_wconf 83' lang='lat' dir='ltr'><strong>qui</strong></span> <span class='ocrx_word' id='word_1_545' title='bbox 1924 5289 2024 5346; x_wconf 88' lang='lat' dir='ltr'><strong>Dei</strong></span> 
     </span>
    </p>
   </div>
   <div class='ocr_carea' id='block_1_81' title="bbox 2134 5284 3723 5375">
    <p class='ocr_par' dir='ltr' id='par_1_81' title="bbox 2134 5298 3723 5375">
     <span class='ocr_line' id='line_1_82' title="bbox 2134 5298 3723 5375; baseline -0.007 -15"><span class='ocrx_word' id='word_1_546' title='bbox 2134 5303 2427 5373; x_wconf 69' lang='grc' dir='ltr'>λοφάνην,</span> <span class='ocrx_word' id='word_1_547' title='bbox 2478 5303 2578 5358; x_wconf 76' lang='grc' dir='ltr'>καὶ</span> <span class='ocrx_word' id='word_1_548' title='bbox 2640 5304 3013 5375; x_wconf 72' lang='grc' dir='ltr'>πατραλοίαν</span> <span class='ocrx_word' id='word_1_549' title='bbox 3075 5300 3432 5365; x_wconf 71' lang='grc' dir='ltr'>ἀποκαλεῖν,</span> <span class='ocrx_word' id='word_1_550' title='bbox 3480 5302 3562 5368; x_wconf 87' lang='grc' dir='ltr'>ὠς</span> <span class='ocrx_word' id='word_1_551' title='bbox 3605 5298 3723 5365; x_wconf 81' lang='grc' dir='ltr'>τοῖς</span> 
     </span>
    </p>
   </div>
   <div class='ocr_carea' id='block_1_82' title="bbox 440 5378 2034 5451">
    <p class='ocr_par' dir='ltr' id='par_1_82' title="bbox 440 5378 2034 5451">
     <span class='ocr_line' id='line_1_83' title="bbox 440 5378 2034 5451; baseline 0.002 -18"><span class='ocrx_word' id='word_1_552' title='bbox 440 5380 676 5436; x_wconf 81' lang='lat' dir='ltr'><strong>divinum</strong></span> <span class='ocrx_word' id='word_1_553' title='bbox 713 5380 916 5434; x_wconf 84' lang='lat' dir='ltr'><strong>cultum</strong></span> <span class='ocrx_word' id='word_1_554' title='bbox 957 5388 1114 5450; x_wconf 83' lang='lat' dir='ltr'><strong>atque</strong></span> <span class='ocrx_word' id='word_1_555' title='bbox 1150 5378 1456 5451; x_wconf 74' lang='lat' dir='ltr'><strong>religionem</strong></span> <span class='ocrx_word' id='word_1_556' title='bbox 1507 5378 1692 5434; x_wconf 86' lang='lat' dir='ltr'><strong>tollere</strong></span> <span class='ocrx_word' id='word_1_557' title='bbox 1739 5392 2034 5451; x_wconf 87' lang='lat' dir='ltr'><strong>conentur;</strong></span> 
     </span>
    </p>
   </div>
   <div class='ocr_carea' id='block_1_83' title="bbox 2145 5393 3721 5463">
    <p class='ocr_par' dir='ltr' id='par_1_83' title="bbox 2145 5393 3721 5463">
     <span class='ocr_line' id='line_1_84' title="bbox 2145 5393 3721 5463; baseline -0.004 -12"><span class='ocrx_word' id='word_1_558' title='bbox 2145 5395 2458 5463; x_wconf 70' lang='grc' dir='ltr'><strong>Ἑλλήνων</strong></span> <span class='ocrx_word' id='word_1_559' title='bbox 2500 5395 2601 5450; x_wconf 77' lang='grc' dir='ltr'><strong>ἐπὶ</strong></span> <span class='ocrx_word' id='word_1_560' title='bbox 2650 5395 2793 5461; x_wconf 85' lang='grc' dir='ltr'>τοὺς</span> <span class='ocrx_word' id='word_1_561' title='bbox 2833 5396 3144 5463; x_wconf 73' lang='grc' dir='ltr'><strong>’Έλληνας</strong></span> <span class='ocrx_word' id='word_1_562' title='bbox 3179 5395 3293 5462; x_wconf 82' lang='grc' dir='ltr'><strong>οὐχ</strong></span> <span class='ocrx_word' id='word_1_563' title='bbox 3346 5393 3533 5458; x_wconf 78' lang='grc' dir='ltr'>ὁσίως</span> <span class='ocrx_word' id='word_1_564' title='bbox 3574 5408 3721 5460; x_wconf 81' lang='grc' dir='ltr'>χρω-</span> 
     </span>
    </p>
   </div>
   <div class='ocr_carea' id='block_1_84' title="bbox 441 5470 2030 5557">
    <p class='ocr_par' dir='ltr' id='par_1_84' title="bbox 441 5470 2030 5545">
     <span class='ocr_line' id='line_1_85' title="bbox 441 5470 2030 5545; baseline 0.003 -18"><span class='ocrx_word' id='word_1_565' title='bbox 441 5482 497 5527; x_wconf 90' lang='lat' dir='ltr'><strong>et</strong></span> <span class='ocrx_word' id='word_1_566' title='bbox 523 5474 689 5544; x_wconf 90' lang='lat' dir='ltr'><strong>paulo</strong></span> <span class='ocrx_word' id='word_1_567' title='bbox 720 5482 847 5545; x_wconf 87' lang='lat' dir='ltr'><strong>post</strong></span> <span class='ocrx_word' id='word_1_568' title='bbox 873 5492 886 5527; x_wconf 86' lang='lat'>:</span> <span class='ocrx_word' id='word_1_569' title='bbox 922 5470 1025 5527; x_wconf 87' lang='lat' dir='ltr'><strong>Sed</strong></span> <span class='ocrx_word' id='word_1_570' title='bbox 1057 5472 1479 5542; x_wconf 80' lang='lat' dir='ltr'><strong>Apollophanem</strong></span> <span class='ocrx_word' id='word_1_571' title='bbox 1507 5471 1670 5526; x_wconf 88' lang='lat' dir='ltr'><strong>etiam</strong></span> <span class='ocrx_word' id='word_1_572' title='bbox 1709 5473 1884 5543; x_wconf 83' lang='lat' dir='ltr'><strong>ipsum</strong></span> <span class='ocrx_word' id='word_1_573' title='bbox 1909 5474 2030 5532; x_wconf 85' lang='lat' dir='ltr'><strong>dico</strong></span> 
     </span>
    </p>
   </div>
   <div class='ocr_carea' id='block_1_85' title="bbox 2134 5470 3725 5557">
    <p class='ocr_par' dir='ltr' id='par_1_85' title="bbox 2134 5484 3725 5557">
     <span class='ocr_line' id='line_1_86' title="bbox 2134 5484 3725 5557; baseline -0.004 -15"><span class='ocrx_word' id='word_1_574' title='bbox 2134 5486 2307 5555; x_wconf 79' lang='grc' dir='ltr'>μένῳ,</span> <span class='ocrx_word' id='word_1_575' title='bbox 2336 5487 2526 5541; x_wconf 83' lang='grc' dir='ltr'>καίτοι</span> <span class='ocrx_word' id='word_1_576' title='bbox 2553 5487 2704 5557; x_wconf 77' lang='grc' dir='ltr'>πρὸς</span> <span class='ocrx_word' id='word_1_577' title='bbox 2748 5486 2937 5540; x_wconf 80' lang='grc' dir='ltr'>αὐτὸν</span> <span class='ocrx_word' id='word_1_578' title='bbox 2992 5485 3149 5555; x_wconf 74' lang='grc' dir='ltr'>ἡμᾶς</span> <span class='ocrx_word' id='word_1_579' title='bbox 3193 5484 3276 5554; x_wconf 82' lang='grc' dir='ltr'><strong>ἦν</strong></span> <span class='ocrx_word' id='word_1_580' title='bbox 3311 5485 3725 5553; x_wconf 71' lang='grc' dir='ltr'>ἀληθέστερον</span> 
     </span>
    </p>
   </div>
   <div class='ocr_carea' id='block_1_86' title="bbox 441 5564 2026 5634">
    <p class='ocr_par' dir='ltr' id='par_1_86' title="bbox 441 5564 2026 5634">
     <span class='ocr_line' id='line_1_87' title="bbox 441 5564 2026 5634; baseline 0.001 -14"><span class='ocrx_word' id='word_1_581' title='bbox 441 5567 641 5621; x_wconf 83' lang='lat' dir='ltr'><strong>divinis</strong></span> <span class='ocrx_word' id='word_1_582' title='bbox 687 5564 841 5622; x_wconf 79' lang='lat' dir='ltr'><strong>rebus</strong></span> <span class='ocrx_word' id='word_1_583' title='bbox 887 5565 1092 5634; x_wconf 76' lang='lat' dir='ltr'><strong>nefarie</strong></span> <span class='ocrx_word' id='word_1_584' title='bbox 1142 5567 1197 5619; x_wconf 85' lang='lat' dir='ltr'><strong>in</strong></span> <span class='ocrx_word' id='word_1_585' title='bbox 1250 5564 1433 5617; x_wconf 85' lang='lat' dir='ltr'><strong>divina</strong></span> <span class='ocrx_word' id='word_1_586' title='bbox 1483 5564 1611 5618; x_wconf 89' lang='lat' dir='ltr'><strong>uti:</strong></span> <span class='ocrx_word' id='word_1_587' title='bbox 1658 5581 1837 5619; x_wconf 89' lang='lat' dir='ltr'><strong>rerum</strong></span> <span class='ocrx_word' id='word_1_588' title='bbox 1883 5568 2026 5625; x_wconf 84' lang='lat' dir='ltr'><strong>enim</strong></span> 
     </span>
    </p>
   </div>
   <div class='ocr_carea' id='block_1_87' title="bbox 436 5651 2029 5735">
    <p class='ocr_par' dir='ltr' id='par_1_87' title="bbox 436 5651 2029 5735">
     <span class='ocr_line' id='line_1_88' title="bbox 436 5651 2029 5735; baseline 0 -24"><span class='ocrx_word' id='word_1_589' title='bbox 436 5657 697 5735; x_wconf 73' lang='lat' dir='ltr'><strong>scientia,</strong></span> <span class='ocrx_word' id='word_1_590' title='bbox 747 5672 864 5727; x_wconf 76' lang='lat' dir='ltr'><strong>qua:</strong></span> <span class='ocrx_word' id='word_1_591' title='bbox 893 5654 958 5709; x_wconf 89' lang='lat' dir='ltr'><strong>ab</strong></span> <span class='ocrx_word' id='word_1_592' title='bbox 991 5672 1050 5709; x_wconf 87' lang='lat' dir='ltr'><strong>eo</strong></span> <span class='ocrx_word' id='word_1_593' title='bbox 1084 5662 1221 5707; x_wconf 87' lang='lat' dir='ltr'><strong>recte</strong></span> <span class='ocrx_word' id='word_1_594' title='bbox 1270 5651 1605 5721; x_wconf 82' lang='lat' dir='ltr'><strong>philosophia</strong></span> <span class='ocrx_word' id='word_1_595' title='bbox 1649 5655 1868 5722; x_wconf 85' lang='lat' dir='ltr'><strong>dicitur,</strong></span> <span class='ocrx_word' id='word_1_596' title='bbox 1901 5673 1951 5711; x_wconf 82' lang='lat' dir='ltr'><strong>et</strong></span> <span class='ocrx_word' id='word_1_597' title='bbox 1994 5673 2029 5711; x_wconf 90' lang='lat' dir='ltr'><strong>a</strong></span> 
     </span>
    </p>
   </div>
   <div class='ocr_carea' id='block_1_88' title="bbox 440 5736 2024 5814">
    <p class='ocr_par' dir='ltr' id='par_1_88' title="bbox 440 5736 2024 5814">
     <span class='ocr_line' id='line_1_89' title="bbox 440 5736 2024 5814; baseline 0 -12"><span class='ocrx_word' id='word_1_598' title='bbox 440 5736 617 5803; x_wconf 84' lang='lat' dir='ltr'><strong>divino</strong></span> <span class='ocrx_word' id='word_1_599' title='bbox 652 5747 954 5802; x_wconf 86' lang='lat' dir='ltr'><strong>Paulo‘Dei</strong></span> <span class='ocrx_word' id='word_1_600' title='bbox 985 5745 1249 5813; x_wconf 84' lang='lat' dir='ltr'><strong>sapientia</strong></span> <span class='ocrx_word' id='word_1_601' title='bbox 1286 5744 1559 5814; x_wconf 85' lang='lat' dir='ltr'><strong>appellata</strong></span> <span class='ocrx_word' id='word_1_602' title='bbox 1600 5756 1700 5808; x_wconf 84' lang='lat' dir='ltr'><strong>est,</strong></span> <span class='ocrx_word' id='word_1_603' title='bbox 1738 5747 1809 5800; x_wconf 85' lang='lat' dir='ltr'><strong>ad</strong></span> <span class='ocrx_word' id='word_1_604' title='bbox 1838 5763 2024 5803; x_wconf 87' lang='lat' dir='ltr'><strong>aucto-</strong></span> 
     </span>
    </p>
   </div>
   <div class='ocr_carea' id='block_1_89' title="bbox 441 5835 2027 5907">
    <p class='ocr_par' dir='ltr' id='par_1_89' title="bbox 441 5835 2027 5907">
     <span class='ocr_line' id='line_1_90' title="bbox 441 5835 2027 5907; baseline -0.001 -14"><span class='ocrx_word' id='word_1_605' title='bbox 441 5856 553 5893; x_wconf 78' lang='lat' dir='ltr'><strong>rem</strong></span> <span class='ocrx_word' id='word_1_606' title='bbox 578 5849 629 5893; x_wconf 86' lang='lat' dir='ltr'><strong>et</strong></span> <span class='ocrx_word' id='word_1_607' title='bbox 659 5855 835 5894; x_wconf 84' lang='lat' dir='ltr'><strong>rerum</strong></span> <span class='ocrx_word' id='word_1_608' title='bbox 872 5838 1115 5906; x_wconf 87' lang='lat' dir='ltr'><strong>ipsarum</strong></span> <span class='ocrx_word' id='word_1_609' title='bbox 1142 5844 1193 5891; x_wconf 83' lang='lat' dir='ltr'><strong>et</strong></span> <span class='ocrx_word' id='word_1_610' title='bbox 1220 5835 1455 5889; x_wconf 75' lang='lat' dir='ltr'><strong>scientia:</strong></span> <span class='ocrx_word' id='word_1_611' title='bbox 1482 5836 1746 5905; x_wconf 84' lang='lat' dir='ltr'><strong>ipsarum,</strong></span> <span class='ocrx_word' id='word_1_612' title='bbox 1772 5841 1881 5892; x_wconf 86' lang='lat' dir='ltr'><strong>veri</strong></span> <span class='ocrx_word' id='word_1_613' title='bbox 1906 5839 2027 5907; x_wconf 83' lang='lat' dir='ltr'><strong>phi-</strong></span> 
     </span>
    </p>
   </div>
   <div class='ocr_carea' id='block_1_90' title="bbox 441 5915 2023 6002">
    <p class='ocr_par' dir='ltr' id='par_1_90' title="bbox 441 5915 2023 6002">
     <span class='ocr_line' id='line_1_91' title="bbox 441 5915 2023 6002; baseline -0.003 -15"><span class='ocrx_word' id='word_1_614' title='bbox 441 5929 646 6002; x_wconf 73' lang='lat' dir='ltr'><strong>losophi</strong></span> <span class='ocrx_word' id='word_1_615' title='bbox 690 5928 945 5997; x_wconf 71' lang='lat' dir='ltr'><strong>excitare,</strong></span> <span class='ocrx_word' id='word_1_616' title='bbox 989 5924 1315 5998; x_wconf 60' lang='lat' dir='ltr'><strong>perducique</strong></span> <span class='ocrx_word' id='word_1_617' title='bbox 1351 5922 1663 5982; x_wconf 81' lang='lat' dir='ltr'><strong>debuerunt.</strong></span> <span class='ocrx_word' id='word_1_618' title='bbox 1713 5915 2023 5999; x_wconf 78' lang='lat' dir='ltr'><strong>Paucisque</strong></span> 
     </span>
    </p>
   </div>
   <div class='ocr_carea' id='block_1_91' title="bbox 2127 5575 3721 5648">
    <p class='ocr_par' dir='ltr' id='par_1_91' title="bbox 2127 5575 3721 5648">
     <span class='ocr_line' id='line_1_92' title="bbox 2127 5575 3721 5648; baseline -0.002 -15"><span class='ocrx_word' id='word_1_619' title='bbox 2127 5580 2339 5645; x_wconf 76' lang='grc' dir='ltr'>εἰπεῖν,</span> <span class='ocrx_word' id='word_1_620' title='bbox 2391 5581 2473 5647; x_wconf 88' lang='grc' dir='ltr'>ὡς</span> <span class='ocrx_word' id='word_1_621' title='bbox 2510 5581 2807 5648; x_wconf 72' lang='grc' dir='ltr'>Ἕλληνες</span> <span class='ocrx_word' id='word_1_622' title='bbox 2848 5578 2973 5645; x_wconf 84' lang='grc' dir='ltr'>τοῖς</span> <span class='ocrx_word' id='word_1_623' title='bbox 3017 5578 3197 5643; x_wconf 81' lang='grc' dir='ltr'>θείοις</span> <span class='ocrx_word' id='word_1_624' title='bbox 3240 5578 3354 5646; x_wconf 85' lang='grc' dir='ltr'><strong>οὐχ</strong></span> <span class='ocrx_word' id='word_1_625' title='bbox 3393 5578 3579 5642; x_wconf 77' lang='grc' dir='ltr'>ὁσίως</span> <span class='ocrx_word' id='word_1_626' title='bbox 3625 5575 3721 5630; x_wconf 74' lang='grc' dir='ltr'><strong>ἐπὶ</strong></span> 
     </span>
    </p>
   </div>
   <div class='ocr_carea' id='block_1_92' title="bbox 2128 5666 3720 5742">
    <p class='ocr_par' dir='ltr' id='par_1_92' title="bbox 2128 5666 3720 5742">
     <span class='ocr_line' id='line_1_93' title="bbox 2128 5666 3720 5742; baseline -0.002 -16"><span class='ocrx_word' id='word_1_627' title='bbox 2128 5671 2201 5727; x_wconf 84' lang='grc' dir='ltr'>τὰ</span> <span class='ocrx_word' id='word_1_628' title='bbox 2246 5671 2374 5727; x_wconf 83' lang='grc' dir='ltr'>θεῖα</span> <span class='ocrx_word' id='word_1_629' title='bbox 2415 5671 2703 5742; x_wconf 69' lang='grc' dir='ltr'>χρῶνται,</span> <span class='ocrx_word' id='word_1_630' title='bbox 2745 5671 2843 5726; x_wconf 82' lang='grc' dir='ltr'><strong>διὰ</strong></span> <span class='ocrx_word' id='word_1_631' title='bbox 2895 5668 3005 5741; x_wconf 81' lang='grc' dir='ltr'><strong>τῆς</strong></span> <span class='ocrx_word' id='word_1_632' title='bbox 3050 5669 3273 5738; x_wconf 60' lang='grc' dir='ltr'>σοφίας</span> <span class='ocrx_word' id='word_1_633' title='bbox 3315 5669 3423 5724; x_wconf 85' lang='grc' dir='ltr'>τοῦ</span> <span class='ocrx_word' id='word_1_634' title='bbox 3467 5668 3614 5724; x_wconf 86' lang='grc' dir='ltr'>Θεοῦ</span> <span class='ocrx_word' id='word_1_635' title='bbox 3656 5666 3720 5723; x_wconf 76' lang='grc' dir='ltr'>τὸ</span> 
     </span>
    </p>
   </div>
   <div class='ocr_carea' id='block_1_93' title="bbox 2129 5760 3721 5835">
    <p class='ocr_par' dir='ltr' id='par_1_93' title="bbox 2129 5760 3721 5835">
     <span class='ocr_line' id='line_1_94' title="bbox 2129 5760 3721 5835; baseline -0.004 -16"><span class='ocrx_word' id='word_1_636' title='bbox 2129 5765 2290 5819; x_wconf 84' lang='grc' dir='ltr'>θεῖον</span> <span class='ocrx_word' id='word_1_637' title='bbox 2323 5764 2641 5819; x_wconf 74' lang='grc' dir='ltr'>ἐκϐάλλειν</span> <span class='ocrx_word' id='word_1_638' title='bbox 2677 5761 3023 5835; x_wconf 73' lang='grc' dir='ltr'>πειρώμενοι</span> <span class='ocrx_word' id='word_1_639' title='bbox 3053 5762 3269 5828; x_wconf 78' lang='grc' dir='ltr'>σέϐας’</span> <span class='ocrx_word' id='word_1_640' title='bbox 3314 5762 3409 5815; x_wconf 73' lang='grc' dir='ltr'>καὶ</span> <span class='ocrx_word' id='word_1_641' title='bbox 3454 5760 3591 5832; x_wconf 76' lang='grc' dir='ltr'>μετά</span> <span class='ocrx_word' id='word_1_642' title='bbox 3636 5777 3721 5831; x_wconf 83' lang='grc' dir='ltr'>μι-</span> 
     </span>
    </p>
   </div>
   <div class='ocr_carea' id='block_1_94' title="bbox 2128 5851 3719 5929">
    <p class='ocr_par' dir='ltr' id='par_1_94' title="bbox 2128 5851 3719 5929">
     <span class='ocr_line' id='line_1_95' title="bbox 2128 5851 3719 5929; baseline -0.004 -18"><span class='ocrx_word' id='word_1_643' title='bbox 2128 5856 2288 5929; x_wconf 71' lang='grc' dir='ltr'>κρόνο</span> <span class='ocrx_word' id='word_1_644' title='bbox 2335 5857 2513 5912; x_wconf 69' lang='grc' dir='ltr'><strong>Ἀλλὰ</strong></span> <span class='ocrx_word' id='word_1_645' title='bbox 2550 5856 2650 5911; x_wconf 79' lang='grc' dir='ltr'>καὶ</span> <span class='ocrx_word' id='word_1_646' title='bbox 2680 5856 2861 5921; x_wconf 80' lang='grc' dir='ltr'>αὐτὸς</span> <span class='ocrx_word' id='word_1_647' title='bbox 2902 5851 3356 5922; x_wconf 71' lang='grc' dir='ltr'>Ἀπολλοφάνης</span> <span class='ocrx_word' id='word_1_648' title='bbox 3384 5854 3498 5922; x_wconf 86' lang='grc' dir='ltr'><strong>οὐχ</strong></span> <span class='ocrx_word' id='word_1_649' title='bbox 3542 5853 3719 5918; x_wconf 83' lang='grc' dir='ltr'>ὁσίως</span> 
     </span>
    </p>
   </div>
   <div class='ocr_carea' id='block_1_95' title="bbox 2132 5943 3717 6020">
    <p class='ocr_par' dir='ltr' id='par_1_95' title="bbox 2132 5943 3717 6020">
     <span class='ocr_line' id='line_1_96' title="bbox 2132 5943 3717 6020; baseline -0.004 -16"><span class='ocrx_word' id='word_1_650' title='bbox 2132 5948 2252 6017; x_wconf 76' lang='grc' dir='ltr'>τοῖς</span> <span class='ocrx_word' id='word_1_651' title='bbox 2275 5950 2452 6018; x_wconf 83' lang='grc' dir='ltr'>θείοις</span> <span class='ocrx_word' id='word_1_652' title='bbox 2480 5948 2580 6004; x_wconf 77' lang='grc' dir='ltr'><strong>ἐπὶ</strong></span> <span class='ocrx_word' id='word_1_653' title='bbox 2608 5949 2682 6005; x_wconf 77' lang='grc' dir='ltr'>τὰ</span> <span class='ocrx_word' id='word_1_654' title='bbox 2713 5946 2837 6005; x_wconf 75' lang='grc' dir='ltr'>θεῖα</span> <span class='ocrx_word' id='word_1_655' title='bbox 2871 5944 3077 6020; x_wconf 54' lang='lat' dir='ltr'><strong>{prima</strong></span> <span class='ocrx_word' id='word_1_656' title='bbox 3097 5962 3111 5976; x_wconf 88' lang='grc'><strong>·</strong></span> <span class='ocrx_word' id='word_1_657' title='bbox 3140 5961 3214 6014; x_wconf 77' lang='grc' dir='ltr'>τῃ</span> <span class='ocrx_word' id='word_1_658' title='bbox 3246 5946 3357 6015; x_wconf 69' lang='grc' dir='ltr'>γὰρ</span> <span class='ocrx_word' id='word_1_659' title='bbox 3386 5943 3506 6003; x_wconf 75' lang='grc' dir='ltr'>τῶν</span> <span class='ocrx_word' id='word_1_660' title='bbox 3532 5945 3717 6002; x_wconf 65' lang='lat' dir='ltr'><strong>51&#39;th</strong></span> 
     </span>
    </p>
   </div>
  </div>
