3886 6560
171 414 265 470 609

1515 413 1698 481 νιτλ,
1736 415 1822 469 Εἴ(
1862 415 2087 474 SUIDA.

3321 411 3453 489 sto

159 529 370 598 γνώσει
417 528 622 596 καλῶς
646 532 944 602 λεγομένῃ
973 532 1124 602 πρὸς
1163 535 1353 591 αὐτοῦ
1390 537 1722 606 φιλοσοφίᾳ

1858 537 2163 607 interjectis
2211 558 2224 592 :
2271 537 2574 611 Intelligere
2624 541 2846 598 debebat
2891 545 3316 618 Apollophancs,
3362 552 3454 622 qui

159 620 429 688 καὶπρὸς
469 622 576 676 τοῦ
607 624 770 678 θείου
817 628 1064 683 Παύλου
1107 629 1293 697 σοφίᾳ
1339 629 1488 683 Θεοῦ
1533 633 1751 697 κεκλη-

154 712 319 783 μένῃ,
355 713 512 781 πρὸς
538 714 646 769 τὸν
671 717 865 771 αἴτιον
893 719 993 772 καὶ
1051 718 1252 782 αὐτῶν
1285 719 1404 774 τῶν
1433 720 1625 774 ὄντων
1653 719 1753 774 καὶ

155 804 259 874 τῆς
281 802 564 873 γνώσεως
590 809 788 862 αὐτῶν
824 810 1017 880 ἐχρῆν
1045 811 1372 882 ἀνάγεσθαι
1413 812 1559 879 τοὺς
1593 815 1749 882 άλη-

154 896 266 961 θεῖς
314 899 715 968 φιλοσόφους.
758 895 867 955 Καὶ
906 903 1044 974 μετὰ
1097 904 1337 976 βραχέα·
1377 903 1532 958 Ἔδει
1581 923 1752 958 συνι-

151 987 274 1042 δεῖν
329 989 782 1060 Απολλοέράνην
831 995 1031 1064 σορὸν
1075 996 1256 1064 ὄντα,
1297 996 1384 1066 μὴ
1427 997 1505 1052 ἂν
1546 998 1750 1064 ἄλλως

152 1082 290 1136 ποτὲ
327 1079 668 1152 δυνηθῆναι
700 1083 810 1154 τῆς
854 1089 1140 1156 οὐρανίας
1188 1107 1242 1142 τι
1287 1089 1748 1158 παρατραπῆναι

150 1169 368 1237 τάξεως
396 1174 500 1226 καὶ
541 1175 856 1245 κινήσεως,
889 1182 941 1233 εί
977 1180 1065 1249 μὴ
1097 1180 1204 1235 τὸν
1239 1183 1345 1236 τοῦ
1373 1180 1526 1236 εἶναι
1554 1182 1748 1252 αὐτὴν

148 1263 242 1316 καὶ
269 1265 568 1334 συνοχέα,
599 1269 695 1322 καὶ
726 1270 919 1324 αἴτιον
943 1273 1108 1342 ἔχειν
1127 1277 1215 1340 εὶς
1235 1275 1410 1329 τοῦτο
1439 1276 1744 1340 κινοῦντα,

148 1356 248 1410 τὸν
289 1360 587 1414 ποιοῦντα
627 1362 824 1417 πάντα
871 1365 969 1419 καὶ
1007 1368 1560 1436 μετασκευάζοντα,
1596 1370 1747 1424 κατὰ

146 1448 247 1502 τὸν
272 1451 438 1518 ίερέιν
464 1453 672 1522 λόγον.
705 1458 814 1510 Καὶ
851 1455 1009 1523 αὖθις
1057 1459 1196 1531 μετὰ
1236 1461 1459 1532 μικρόνο
1493 1462 1643 1516 Εἰπὲ
1678 1462 1746 1516 δὲ

145 1542 300 1609 αὐτῷ
321 1560 336 1574 ·
374 1546 434 1596 Τί
465 1545 670 1614 λέγεις
701 1549 834 1614 περὶ
869 1549 981 1619 τῆς
1006 1551 1076 1604 ἐν
1103 1551 1180 1618 τῷ
1208 1553 1479 1622 σωτηρίῳ
1507 1555 1746 1622 σταιρῷ

144 1637 455 1704 γεγονυίας
486 1638 838 1714 ἑκλείψεωςς
884 1641 1213 1712 Ἀμφοτέρω
1261 1644 1371 1715 γὰρ
1412 1647 1565 1711 τότε,
1596 1646 1745 1701 κατὰ

154 1728 540 1784 Ἡλιούπολιν
577 1731 698 1801 ἅμα
727 1735 988 1802 παρόντε
1017 1737 1114 1789 καὶ
1151 1738 1520 1803 συνεστῶτε,
1553 1757 1742 1808 παρα-

142 1819 328 1886 δόξως
356 1820 438 1887 τῷ
470 1822 627 1890 ἡλίῳ
655 1823 772 1892 τὴν
797 1825 1078 1896 σελήνην
1103 1815 1528 1898 ἐμπίπτουσαν
1553 1832 1740 1900 ἑωρῶ-

305 1917 379 1967 of)
413 1914 528 1983 γὰρ
558 1915 638 1984 ἦν
665 1919 932 1974 συνόδου
976 1923 1209 1989 καιρόςο
1243 1922 1422 1990 αὖθίς
1458 1942 1522 1979 τε
1548 1925 1742 1994 αὐτὴν

139 2003 251 2058 ἀπὸ
293 2004 406 2073 τῆς
449 2007 710 2076 ὲννάτης
778 2009 933 2078 ὥρας
981 2011 1121 2082 ἄχρι
1177 2013 1288 2084 τῆς
1341 2016 1599 2085 ἑσπέρας
1641 2020 1730 2086 είς

141 2096 249 2163 τὴν
299 2098 410 2152 τοῦ
459 2099 644 2166 ἡλίου
687 2101 1002 2172 διάμετρον
1051 2107 1372 2176 ὑπερφυῶς
1415 2109 1728 2164 ἀντικατα-

141 2189 390 2244 στᾱσαν.
422 2191 804 2261 Ἀνάμνησον
830 2195 898 2249 δέ
923 2213 978 2249 τι
1005 2197 1105 2252 καί
1135 2198 1340 2268 ἕτερον
1366 2203 1580 2255 αὐτόν·
1607 2199 1731 2258 οἵδε

140 2283 240 2352 γὰρ
280 2283 370 2336 ὅτι
412 2284 513 2338 καί
569 2284 686 2352 τὴν
726 2289 1025 2355 ἔμπτωσιν
1072 2291 1268 2360 αὐτὴν
1304 2291 1376 2358 ἐξ
1419 2294 1732 2350 ἀνατολῶν

139 2373 477 2444 ἑωράκαμεν
518 2377 888 2448 ἀρξαμένην,
951 2383 1048 2436 καί
1089 2383 1269 2453 μέχρι
1317 2385 1424 2439 τοῦ
1473 2387 1730 2454 ἡλιακοῦ

139 2466 386 2535 πέρατος
416 2468 746 2537 ἐλθοῦσαν,
767 2468 899 2526 εἶτα
927 2474 1410 2531 ἀναποδίσαο-αν·
1438 2479 1534 2531 καί
1563 2479 1732 2546 αὖθις

139 2561 241 2613 οὐκ
262 2561 329 2614 ἐκ
353 2561 460 2616 τοῦ
488 2562 678 2617 αὐτοῦ
706 2565 802 2618 καὶ
826 2565 940 2634 τὴν
971 2568 1277 2637 ἔμπτωσιν
1309 2570 1406 2624 καὶ
1438 2569 1554 2639 τὴν
1597 2572 1735 2626 ἀνα-

139 2651 448 2721 κάθαρσιν,
479 2653 621 2708 άλλ⁹
659 2655 729 2709 ἐκ
766 2657 873 2711 τοῦ
912 2659 1067 2714 κατὰ
1101 2658 1421 2729 διάμετρον
1452 2662 1733 2719 ἐναντίου

139 2743 558 2816 γεγενημένην.
599 2749 867 2803 Τοσαῦτα
895 2751 1000 2805 τοῦ
1045 2753 1178 2806 τότε
1207 2753 1416 2822 καιροῦ
1451 2754 1524 2808 τὰ
1551 2757 1735 2823 ὑπερ-

137 2836 255 2906 φυῆ
295 2838 393 2891 καὶ
435 2839 606 2907 μόνῳ
635 2841 871 2908 Χριστῷ
910 2842 992 2908 τῷ
1041 2846 1328 2917 παναιτίῳ
1363 2845 1612 2911 δυνατὰ,
1654 2845 1736 2914 τῷ

138 2932 401 2986 ποιοῦντι
426 2930 668 3002 μεγάλα
699 2933 799 2987 καὶ
827 2933 1090 3002 ἐξαίσια,
1125 2931 1212 2990 ὧν
1239 2939 1350 2991 οὐκ
1376 2938 1550 2991 ἐστιν
1613 2938 1740 3007 ἀρι-

133 3018 281 3085 θμὸς.
295 3023 492 3077 Ταῦτα
509 3064 525 3089 ,
555 3023 613 3077 ει
659 3039 757 3077 σοι
780 3027 1036 3095 θεμιτὸν,
1069 3028 1221 3094 είπὲ,
1247 3027 1348 3083 καὶ
1370 3031 1423 3082 εί
1450 3028 1735 3098 δυνατὸν,

149 3111 621 3184 Ἀπολλόφανες,
656 3115 960 3186 ἐξέλεγχε,
997 3120 1094 3174 καί
1141 3119 1294 3189 πρὸς
1334 3119 1437 3189 ἐμὲ
1465 3119 1572 3175 τὸν
1601 3121 1738 3175 τότε

138 3209 526 3276 συμπαρόντα
565 3224 665 3262 σοι
709 3211 806 3263 καὶ
849 3214 1292 3280 συνεωρακότα,
1326 3213 1424 3268 καὶ
1466 3228 1738 3267 συναναμ-

1854 629 2064 698 sapiens
2096 639 2253 695 esset,
2290 631 2424 684 nihil
2458 649 2688 703 unquam
2719 634 2772 688 in
2819 634 3004 690 ordine
3049 651 3296 711 motuque
3341 657 3448 696 ca:-

1855 721 2066 774 lestium
2117 723 2275 776 aliter
2312 735 2468 793 atque
2513 733 2592 779 est
2636 728 2840 780 mutari
2873 731 3130 796 potuisse,
3180 734 3287 788 nisi
3326 751 3448 788 eum

1851 814 1942 883 qui
1974 815 2146 883 ipsum
2165 827 2215 869 et
2244 828 2518 870 conservat
2547 826 2597 872 et
2621 821 2936 887 procreavit,
2970 823 3263 889 habuisset,
3293 829 3446 893 cuit's

1852 916 1998 960 motu
2031 925 2093 961 ac
2128 919 2260 962 natu
2307 926 2364 963 eo
2399 910 2654 966 deductus
2691 921 2846 977 esset,
2894 915 3014 984 qui,
3055 927 3112 969 ut
3144 926 3222 970 est
3257 917 3310 970 in
3360 918 3447 971 di-

1851 1000 1984 1053 vinis
2017 999 2172 1053 libris
2219 1003 2478 1072 scriptum
2509 1003 2660 1071 facit,
2690 1016 2739 1058 et
2772 1016 2946 1059 mutat
2979 1007 3179 1063 omnia.
3215 1009 3448 1063 lterum-

1843 1106 1958 1163 ‘que
1995 1099 2117 1161 post
2151 1108 2367 1162 pauca:
2400 1095 2477 1147 Ab
2517 1112 2576 1149 eo
2620 1107 2796 1150 autem
2827 1115 3025 1168 qurere,
3071 1099 3198 1170 quid
3248 1106 3444 1157 sentiat

1848 1184 1913 1238 de
1935 1183 2226 1254 defectione
2253 1187 2402 1249 solis,
2427 1202 2545 1259 qua:
2566 1206 2683 1243 cum
2704 1189 2958 1246 Servator
2980 1194 3032 1246 in
3055 1210 3260 1249 crucem
3292 1207 3442 1251 actus

1846 1284 1947 1340 est,
1973 1278 2198 1332 exstitit.
2223 1277 2454 1333 Eramus
2481 1281 2620 1354 enim
2650 1297 2756 1335 una
2785 1283 2962 1350 ambo,
2987 1293 3037 1338 et
3067 1285 3342 1342 stabamus
3371 1289 3443 1342 ad

1851 1368 2194 1438 Heliopolim,
2230 1373 2413 1426 lunam
2445 1375 2720 1444 inopinato
2748 1393 2803 1430 se
2833 1378 2937 1430 soli
2971 1377 3298 1446 objicientem
3328 1398 3444 1436 cer-

1847 1460 2140 1524 nebamus;
2187 1480 2348 1534 neque
2401 1466 2539 1519 enim
2587 1467 2976 1536 conjunctionis
3027 1479 3231 1540 tempus
3275 1481 3439 1526 erat:

1847 1567 2133 1622 rursusque
2165 1570 2282 1607 cum
2313 1559 2496 1608 eadem
2529 1555 2593 1609 ab
2631 1555 2765 1611 hora
2799 1575 2940 1612 nona
2979 1559 3049 1613 ad
3084 1578 3354 1630 vesperum
3383 1579 3441 1617 se

1846 1643 2034 1698 medim
2080 1644 2215 1700 solis
2251 1647 2402 1700 liuere
2437 1660 2630 1715 precter
2671 1659 2883 1705 uaturee
2930 1651 3170 1706 ordinem
3211 1671 3440 1725 oppone-

1845 1735 1958 1792 bat.
2003 1736 2192 1808 Redige
2223 1749 2399 1792 autem
2444 1742 2606 1795 etiam
2639 1742 2843 1814 aliquid
2879 1744 3032 1798 aliud
3062 1746 3112 1800 ei
3149 1747 3203 1800 in
3237 1764 3439 1800 memo-

1845 1829 2005 1884 riam.
2034 1829 2146 1884 Scit
2173 1831 2314 1884 enim
2343 1833 2506 1886 etiam
2539 1833 2798 1904 objectum
2830 1835 3000 1904 ipsum
3030 1854 3063 1890 a
3087 1837 3237 1892 nobis
3268 1839 3437 1894 visum

1775 1917 1816 1970 Β
1841 1938 1953 1977 esse
1982 1923 2116 1976 oriri
2144 1923 2210 1976 ab
2245 1934 2366 1979 ortu
2395 1925 2547 1990 solis,
2574 1935 2625 1980 et
2666 1927 2737 1980 ad
2767 1927 2895 1982 solis
2922 1938 3214 1983 extremum
3253 1948 3436 2002 perve—

1833 2013 1978 2075 nire;
2007 2024 2189 2082 postea
2217 2015 2488 2084 repedare,
2521 2034 2811 2088 rursusque
2836 2036 2940 2072 non
2971 2019 3036 2073 ab
3064 2027 3247 2076 eadem
3276 2034 3432 2093 parte

1831 2103 1963 2172 solis
1991 2113 2041 2158 et
2072 2105 2334 2174 objectum
2372 2117 2421 2161 et
2457 2125 2716 2163 recessum
2759 2113 3001 2166 evenire:
3033 2113 3124 2168 sed
3167 2133 3434 2172 recessum

1833 2197 1898 2250 ab
1923 2215 1987 2251 ea
2017 2216 2134 2269 qua:
2166 2201 2406 2255 naturali
2435 2218 2499 2256 ea:
2523 2203 2786 2258 diametro
2813 2215 2929 2259 erat
2970 2210 3266 2265 contraria.
3295 2209 3427 2266 lla'c

1832 2299 1956 2360 sunt
1988 2291 2261 2345 mirabilia
2291 2293 2437 2347 illius
2467 2295 2740 2363 temporis,
2779 2313 2898 2367 quae
2942 2296 3190 2354 Christus
3239 2310 3432 2356 auctor

1833 2399 2010 2438 rerum
2043 2385 2280 2438 omnium
2312 2387 2507 2456 efﬁcere
2536 2385 2682 2440 solus
2716 2398 2907 2457 potest,
2937 2391 3029 2460 qui
3068 2391 3201 2460 facit
3239 2411 3435 2464 magna

1831 2485 1884 2532 et
1930 2475 2288 2542 admiranda,
2342 2495 2568 2548 quorum
2641 2498 2743 2535 non
2793 2491 2872 2536 est
2933 2500 3208 2540 numerus.
3264 2485 3429 2553 Heec,

1837 2567 2161 2639 Polycarpe,
2209 2570 2258 2624 si
2307 2569 2391 2639 fas
2447 2570 2542 2623 tibi
2591 2582 2670 2626 est
2717 2572 2766 2626 ei
2809 2573 3004 2639 dicito,
3049 2585 3101 2631 et
3150 2577 3198 2631 si
3237 2587 3422 2648 potes,

1834 2656 2249 2726 Apollophanes,
2280 2674 2342 2712 ea
2378 2658 2580 2726 refelle,
2627 2661 2788 2714 etiam
2833 2672 3020 2718 contra
3056 2683 3158 2729 me,
3192 2669 3284 2738 qui
3318 2678 3432 2726 tum

1828 2750 2036 2805 scilicet
2081 2757 2249 2802 tecum
2279 2757 2330 2803 et
2376 2749 2529 2818 adfui
2581 2759 2632 2804 et
2666 2754 2871 2822 aspexi,
2927 2763 2977 2809 et
3015 2759 3277 2828 exquisivi
3317 2777 3432 2815 om-

1838 2841 1958 2904 nia,
2003 2856 2122 2893 cum
2172 2856 2380 2894 summa
2427 2842 2804 2900 admiratione.
2850 2843 3005 2902 Certe
3056 2859 3164 2903 tum
3217 2855 3428 2923 quidem

1837 2932 1998 2986 etiam
2049 2931 2288 2986 divinare
2334 2930 2477 2985 haud
2537 2933 2666 2995 scio,
2713 2933 2851 2990 unde
2897 2937 3287 3010 Apollophanes
3325 2963 3431 3000 cm-

1837 3025 1944 3095 pit,
1977 3035 2026 3079 et
2069 3025 2198 3079 mihi
2237 3035 2488 3096 tanquam
2517 3041 2635 3097 qua:
2667 3028 2855 3097 ﬁerent
2899 3031 3206 3101 conficiens,
3253 3037 3429 3092 dixit:
3494 3073 3496 3075 ›

1840 3116 1978 3173 Sunt
2011 3117 2141 3184 ista,
2175 3133 2204 3172 o
2244 3116 2374 3173 bone
2400 3117 2642 3190 Dionysi,
2679 3120 2983 3176 divinarum
3015 3141 3192 3180 rerum
3220 3128 3432 3186 vicissi-

1842 3209 2067 3266 tudines.

137 3298 410 3366 κρίνοντα
472 3298 672 3354 πάντα
719 3301 818 3354 καὶ
889 3302 1331 3372 συναγάμενον.
1409 3303 1628 3374 Ἀμέλει
1679 3303 1780 3357 καί
1832 3301 2119 3372 μαντείας
2166 3301 2331 3364 τότε,
2377 3301 2488 3354 οὐκ
2538 3300 2646 3354 οἷδ’
2695 3301 2854 3368 ὅθεν,
2892 3306 2925 3358 ὀ
2980 3304 3422 3381 Ἀπολλοφάνης

135 3392 486 3461 ἁπάρχεται·
546 3395 645 3447 καὶ
707 3393 859 3463 πρὸς
908 3395 1014 3466 ἐμὲ
1063 3396 1268 3466 ὥσπερ
1314 3399 1386 3452 τὰ
1437 3399 1720 3470 γινόμενα
1751 3395 2139 3467 συμϐάλλων,
2171 3395 2287 3464 ἔφη
2310 3411 2324 3424 ·
2357 3394 2568 3460 Ταῦτα,
2623 3391 2672 3451 ὦ
2718 3398 2869 3452 καλὲ
2907 3402 3202 3471 Διονύσιε,
3253 3407 3430 3462 θείων

135 3484 360 3554 ἀμοιϐαὶ
387 3484 770 3556 πραγμάτων.

197 3581 447 3634 Τοσαῦτα
489 3584 566 3645 ὡς
598 3583 717 3635 κατ’
757 3580 1048 3651 ἐπιστολὴν
1084 3579 1307 3653 εἴρηκεν
1335 3581 1364 3634 ὁ
1405 3580 1579 3651 μέγας
1612 3581 1731 3632 Διο-

1904 3577 2030 3633 llaec
2061 3593 2093 3632 a
2141 3591 2334 3635 sancto
2379 3579 2645 3653 Dionysio
2685 3591 2956 3653 quantum
2988 3586 3236 3658 epistola:
3284 3589 3428 3645 ratio

132 3669 304 3734 νύσιος
348 3670 490 3741 πρὸς
531 3670 624 3723 τὸν
674 3669 935 3743 θεοφόρον
983 3667 1366 3740 Πολύκαρπον.
1397 3669 1509 3738 Τῆς
1557 3667 1616 3721 δέ
1660 3686 1726 3736 γε
1771 3682 1773 3684 ·

133 3763 314 3833 σοφίας
371 3761 541 3816 αὐτοῦ
574 3763 668 3816 καὶ
706 3762 808 3833 τῆς
853 3761 1188 3831 εὐγλωττίας
1235 3760 1458 3827 ἔνδειξις
1494 3759 1728 3832 ἀκριϐὴς

131 3857 162 3929 ὴ
196 3858 306 3911 τῶν
349 3856 483 3928 παρ’
516 3853 684 3910 αὐτοῦ
713 3854 1031 3928 γραφεισῶν
1075 3852 1274 3924 βίὸλων
1319 3851 1727 3924 ἀνυπέρϐλητος

131 3953 325 4026 φράσις
343 3969 358 3982 ο
381 3953 450 4022 τῇ
481 3948 594 4022 γὰρ
626 3947 780 4020 παρὰ
799 3947 908 4000 τῶν
933 3945 1133 4010 ἔξωθεν
1155 3945 1461 4016 καλουμένῃ
1486 3944 1724 4016 παιδείᾳ,

131 4047 189 4116 τῇ
217 4063 278 4098 τε
311 4043 438 4115 θείᾳ
469 4042 566 4096 καὶ
608 4040 879 4113 ἡμετέρᾳ,
914 4037 1115 4110 πολλὴν
1145 4031 1259 4109 εἶχε
1285 4037 1386 4109 τὴν
1412 4038 1726 4108 ἐπιστήμην

131 4135 182 4186 ὲν
211 4133 490 4206 ἑκατέρᾳο
541 4134 590 4185 εί
622 4131 732 4206 γάρ
759 4148 845 4194 τις
893 4129 1074 4184 ἀπίδοι
1115 4129 1252 4201 πρὸς
1291 4127 1360 4182 τὰ
1402 4127 1574 4198 κάλλη
1614 4129 1725 4182 τῶν

131 4228 287 4282 αὐτοῦ
313 4228 491 4296 λόγων
523 4226 616 4281 καὶ
646 4225 714 4278 τὰ
746 4223 884 4295 βάθη
910 4223 1020 4276 τῶν
1042 4221 1352 4292 νοημάτων,
1379 4221 1482 4274 οὐκ
1508 4221 1724 4294 ἀνθρω-

131 4320 284 4393 πίνης
328 4320 550 4391 φύσεως
578 4315 755 4372 ταῦτα
782 4315 993 4388 νομίσει
1045 4315 1383 4385 γεννήματα,
1414 4311 1552 4367 ἀλλὰ
1578 4312 1725 4378 τινὸς

131 4413 402 4487 ἀκηράτου
449 4411 546 4464 καὶ
576 4409 728 4472 θείας
757 4407 1060 4478 δυνάμεως.
1088 4405 1197 4464 Καὶ
1235 4405 1414 4458 τοίνυν
1451 4402 1600 4474 αὐτῷ
1630 4404 1724 4474 γέ-

131 4522 368 4580 γραπται
414 4501 766 4574 τάδε’,ΙΙρδς
809 4499 1073 4571 Τιμόθεον
1122 4497 1420 4552 ἐπίσκοπον
1473 4495 1720 4566 Ἑφέσου,

132 4599 218 4652 καὶ
246 4597 408 4652 αὑτὸν
439 4595 690 4668 μαθητὴν
737 4591 951 4646 Παύλου
981 4591 1343 4664 τυγχάνοντα,
1371 4590 1512 4660 Περὶ
1549 4591 1723 4646 θείων

132 4692 436 4762 ὀνομάτων
496 4687 680 4759 βιϐλία
713 4685 801 4756 ιβ’.
846 4685 989 4754 Περὶ
1026 4683 1338 4753 ήνωμένης
1378 4682 1477 4737 καὶ
1525 4681 1723 4736 διακε-

131 4785 408 4854 κριμένης
443 4781 785 4852 θεολογίας⁸
824 4779 954 4854 περὶ
997 4777 1116 4840 τοῦ,
1165 4777 1262 4842 Τίς
1297 4777 1336 4845 ἢ
1382 4775 1494 4846 τῆς
1534 4774 1723 4846 εὐχῆς

129 4877 403 4949 δύναμις*
435 4877 532 4931 καὶ
559 4875 688 4947 ’περὶ⁵
719 4873 816 4927 τοῦ
852 4871 1140 4944 μακαρίου.
1162 4869 1446 4946 Ἰεροθέου,
1471 4870 1563 4924 καὶ
1591 4869 1722 4941 περὶ

130 4971 430 5033 εὐλαϐείας,
459 4968 553 5022 καὶ
584 4965 907 5038 συγγραφῆς
939 4963 1254 5034 θεολογικῆς
1273 4979 1286 4993 ο
1324 4961 1450 5034 περὶ
1489 4961 1718 5031 ἀγαθοῦ,

130 5064 320 5132 φωτὸς,
355 5059 551 5125 καλοῦ,
605 5058 826 5131 ἔρωτος,
876 5056 1217 5118 ἐκστάσεως,
1267 5051 1450 5126 ζήλου.
1486 5053 1596 5106 Καὶ
1638 5054 1723 5106 ὅτι

128 5157 186 5211 τὸ
222 5158 392 5213 κακὸν
417 5153 542 5208 οὔτε
569 5152 650 5217 ὃν,
681 5151 804 5205 οὔτε
839 5150 898 5218 ὲξ
939 5149 1111 5214 ὄντος,
1149 5148 1274 5204 οὔτε
1323 5151 1382 5203 ὲν
1420 5151 1535 5214 τοῖς
1563 5144 1717 5204 οὖσι·

131 5252 369 5326 περὶτοῦ
403 5252 580 5314 ὄντος,
612 5251 670 5301 ὲν
699 5241 745 5316 ᾧ
783 5245 876 5300 καὶ
912 5244 1330 5317 παραδείγματα
1349 5260 1366 5275 ο
1401 5245 1530 5317 περὶ
1553 5243 1719 5316 ζωῆς,

131 5347 254 5420 περὶ
295 5346 514 5416 σοφίας,
548 5341 665 5406 νοῦ,
710 5341 894 5410 λόγου,
937 5335 1220 5408 ἀληθείας,
1269 5338 1541 5403 πίστεως·
1591 5339 1721 5413 περὶ

129 5439 440 5512 δυνάμεως,
482 5433 864 5503 δικαιοσύνης,
912 5431 1210 5503 σωτηρίας,
1259 5430 1720 5504 ἀπολυτρώσεως’

132 5532 252 5603 περὶ
295 5528 536 5602 μεγάλου
587 5526 680 5579 καὶ
727 5522 947 5596 μικροῦ,
985 5521 1206 5585 ταύτοῦ,
1256 5522 1464 5595 ἐτέρου,
1507 5523 1716 5594 ὁμοίου,

132 5622 400 5694 ἀνομοίου,
438 5619 703 5680 στάσεως,
755 5615 1056 5686 κινήσεως,
1106 5613 1378 5684 ίσύτητος’
1410 5615 1538 5686 περὶ
1573 5615 1720 5667 Παν-

131 5711 479 5783 τοκράτορος,
505 5703 744 5759 Παλαιοῦ
768 5703 1014 5776 ἡμερῶν,
1043 5703 1102 5756 ἐν
1132 5694 1177 5772 ᾧ
1212 5703 1306 5757 καὶ
1341 5704 1469 5776 περὶ
1501 5705 1716 5769 αἰῶνος,

1831 3668 2062 3734 ferebat,
2093 3670 2302 3725 deifero
2348 3670 2655 3744 Polycarpo
2695 3674 2839 3728 dicta
2893 3674 3062 3731 fuere.
3098 3676 3273 3733 Porro
3303 3677 3424 3750 ejus

1830 3761 2114 3831 sapientia:
2139 3770 2193 3817 et
2223 3764 2552 3834 eloquentiae
2605 3774 2866 3821 accurata
2899 3765 3301 3825 demonstratio
3338 3778 3426 3826 est

1829 3855 2026 3911 eximia
2075 3871 2142 3911 ac
2195 3856 2494 3928 singularis
2530 3859 2864 3930 scriptorum
2915 3859 2984 3914 ab
3037 3875 3104 3916 eo
3151 3861 3421 3920 librorum

1829 3946 2098 4013 elocutio;
2143 3963 2266 4003 eam
2311 3951 2458 4004 enim
2521 3963 2644 4019 qua:
2704 3950 2774 4005 ab
2804 3951 3048 4006 externis
3077 3968 3276 4009 nomen
3325 3971 3422 4012 ac-

1825 4040 1975 4110 cepit
2012 4040 2384 4111 disciplinam,
2412 4051 2468 4097 et
2500 4042 2744 4098 divinam
2787 4049 2953 4114 atque
2979 4054 3247 4110 nostram,
3283 4049 3420 4104 mul-

1830 4139 1938 4186 tam
1975 4131 2030 4185 in
2071 4139 2305 4202 utraque
2335 4131 2498 4203 355
2530 4140 2864 4188 consecutus
2893 4140 2978 4188 est
3005 4133 3324 4203 scientiam;
3369 4139 3417 4193 si

1827 4224 1971 4279 enim
2003 4224 2202 4294 aliquis
2241 4224 2309 4279 ad
2357 4239 2676 4279 sermonum
2717 4223 2838 4293 ejus
2869 4225 3072 4279 decora
3111 4233 3167 4282 et
3206 4228 3418 4300 cogita-

1828 4315 2038 4370 tionum
2088 4314 2518 4386 profunditatem
2559 4315 2857 4384 aspexerit,
2899 4330 2962 4370 ea
3013 4315 3270 4372 humana“:
3314 4332 3416 4372 na-

1827 4414 1966 4464 tura;
2009 4408 2174 4465 lentus
2215 4409 2442 4464 minime
2480 4408 2714 4479 putabit,
2764 4407 2861 4464 sed
2893 4408 3184 4477 cujusdam
3227 4410 3416 4467 incor-

1827 4501 2102 4570 ruptibilis
2144 4515 2210 4554 ac
2261 4500 2460 4555 divina:
2507 4499 2750 4554 virtutis.
2807 4497 2934 4554 llazc
2983 4499 3171 4569 itaque
3218 4500 3287 4556 ab
3347 4517 3415 4558 eo

1826 4592 2034 4660 scripta
2081 4596 2230 4646 sunt.
2283 4589 2366 4644 Ad
2418 4588 2765 4644 Timotheum
2811 4587 3013 4660 Ephesi
3053 4590 3412 4662 episcOpum,

1824 4681 1917 4753 qui
1947 4689 2002 4738 et
2040 4681 2157 4751 ipse
2189 4679 2346 4735 Pauli
2376 4680 2681 4752 discipulus
2709 4689 2846 4744 erat,
2894 4681 2969 4735 De
3010 4680 3206 4737 divinis
3239 4684 3413 4738 nomi-

1825 4774 2001 4838 nibus,
2055 4774 2187 4832 libri
2238 4790 2317 4829 xu
2367 4773 2505 4846 (50).
2559 4772 2635 4828 De
2690 4772 3000 4844 conjuncta,
3055 4773 3412 4846 distinctaque

1827 4868 2133 4939 Theologia.
2169 4869 2302 4935 Qua:
2353 4868 2423 4923 sit
2457 4867 2530 4921 vis
2565 4866 2848 4931 orationis,
2883 4873 2938 4921 et
2995 4866 3063 4922 de
3092 4867 3255 4922 beato
3290 4865 3411 4922 llic-

1826 4960 2040 5024 rotheo,
2067 4971 2122 5016 et
2149 4960 2216 5015 de
2239 4958 2501 5030 religione
2525 4973 2591 5013 ac
2619 4958 3028 5028 conscriptione
3057 4956 3404 5027 Theologica.

1826 5051 1903 5109 De
1945 5054 2110 5118 bono,
2148 5055 2291 5120 luce,
2340 5051 2592 5124 pulchro,
2641 5067 2850 5116 amore,
2897 5051 3099 5107 mentis
3139 5065 3406 5116 excessu,

1825 5144 1963 5206 zelo,
2001 5151 2056 5199 et
2095 5144 2298 5198 malum
2333 5157 2437 5199 nec
2466 5158 2589 5198 esse
2624 5141 2924 5214 quidquam
2971 5141 3116 5212 quod
3157 5148 3262 5208 est,
3307 5157 3410 5196 nec

1824 5252 1949 5292 esse
1989 5252 2056 5291 ex
2090 5251 2156 5292 eo
2201 5235 2346 5306 quod
2392 5242 2508 5301 est,
2547 5249 2648 5289 nec
2691 5235 2747 5288 in
2797 5235 2864 5290 iis
2899 5249 3021 5304 quae
3051 5241 3198 5288 sunt.
3231 5231 3306 5288 De
3341 5249 3410 5289 eo

1824 5329 1972 5402 quod
2000 5338 2106 5394 est,
2151 5328 2207 5382 iu
2237 5343 2348 5399 quo
2383 5328 2546 5382 etiam
2579 5326 2648 5382 de
2693 5325 3116 5396 exemplaribus.
3167 5321 3241 5379 De
3271 5325 3406 5390 vita,

1831 5423 1899 5477 de
1943 5421 2234 5492 sapientia,
2268 5428 2468 5484 mente,
2503 5421 2736 5483 ratione,
2770 5418 3017 5482 veritate,
3059 5416 3183 5471 tide.
3216 5415 3290 5471 De
3328 5418 3405 5482 vi,

1819 5513 2057 5584 justitia,
2089 5512 2286 5574 salute,
2323 5510 2716 5581 redemptione.
2765 5505 2840 5560 De
2883 5520 3078 5576 magno
3117 5513 3172 5560 et
3214 5522 3405 5576 parvo,

1824 5606 2039 5669 eodem,
2073 5605 2200 5665 alio,
2228 5603 2418 5667 simili,
2468 5602 2744 5664 dissimili,
2773 5608 2938 5662 statu,
2972 5606 3146 5664 motu,
3181 5601 3408 5671 aequali-

1824 5706 1970 5764 tate;
1997 5697 2065 5753 dc
2090 5696 2495 5768 Omnipotente,
2519 5695 2759 5765 Antiquo
2781 5691 3014 5759 dierum,
3041 5691 3097 5747 in
3121 5694 3408 5764 quoetiam

202 5891 311 5961 (50)
353 5889 411 5946 Id
439 5896 527 5946 est
555 5893 769 5958 capita;
800 5893 986 5942 censet
1015 5891 1196 5941 autem
1224 5890 1436 5940 tantum
1470 5883 1556 5951 1‘2,
1583 5885 1711 5956 quia
1741 5883 1979 5955 primum
2011 5887 2094 5938 est
2124 5879 2301 5937 instar
2334 5877 2559 5950 prologi.
