3874 6544
1679 347 1738 404 S.
1779 343 2078 405 DIONYSll
2120 342 2337 399 AREOP
2349 343 2585 402 ΛϐὶΤᾸΞ

3678 351 3782 404 61⁵3.

516 452 586 502 de
627 444 932 501 aeternitate
970 451 1027 516 et
1076 440 1436 510 temporibus.
1488 438 1556 494 Et
1610 439 1742 510 quid
1799 440 1906 494 sibi
1955 439 2074 493 velil

2188 436 2281 489 mi.
2305 434 2530 508 χρόνων·
2555 436 2650 490 καὶ
2666 436 2720 490 τί
2743 437 2991 508 βούλεται
3012 437 3074 492 τὸ
3095 438 3228 492 αὐτὸ
3249 432 3388 493 εἶναι
3403 456 3416 470 °
3438 440 3573 513 napi.
3600 440 3782 509 ’Λγξοο

516 540 696 612 ipsum
729 552 870 592 esse.
915 533 989 588 De
1018 533 1220 588 Sancto
1250 539 1585 598 sanctorum,
1615 529 1761 602 Rege
1792 548 2002 602 regum,
2035 538 2090 585 et

516 629 748 685 Domino
777 628 1143 689 dominorum,
1169 633 1332 696 atque
1363 623 1475 678 Deo
1504 623 1731 678 deorum
1763 622 1896 692 (51).
1937 621 2089 674 Alius

486 719 653 775 'liber
697 720 764 773 ad
793 716 1042 773 eumdem
1075 715 1423 772 Timotheum
1470 713 1548 767 De
1591 713 1948 767 ecclesiastica
1981 712 2090 766 hie-

513 813 746 876 rarclu'a,
792 811 1078 865 continens
1110 809 1290 879 capita
1323 809 1408 864 15.
1455 807 1611 862 Alius
1645 807 1782 862 liber
1825 806 1893 861 ad
1929 823 2088 862 eum-

511 903 634 958 clem
685 902 1030 956 Timotheum
1079 900 1154 954 De
1185 900 1382 954 ccclein
1431 899 1747 964 ltierarchia,
1782 897 1876 968 qui
1926 900 2086 953 etiam

510 1000 690 1068 capita
722 999 790 1054 15
817 997 1222 1066 complectitur.
1248 996 1403 1049 Alius
1451 995 1590 1049 liber
1620 994 1687 1047 ad
1714 994 1964 1049 eumdem
1997 991 2091 1046 Ti-

509 1090 788 1144 motheum
825 1088 902 1142 De
933 1089 1156 1158 mystica
1189 1087 1470 1157 theologia,
1506 1086 1791 1140 continens
1822 1086 2000 1156 capita
2032 1085 2083 1140 5.

509 1181 782 1236 Feruntur
806 1189 862 1236 et
908 1181 1030 1250 ejus
1063 1181 1327 1252 epistolze,
1372 1179 1439 1232 ad
1471 1178 1667 1233 Gaium
1709 1179 2087 1249 therapeutam

488 1275 562 1339 ’4,
597 1275 664 1330 ad
695 1274 1024 1328 Dorotheum
1057 1273 1348 1328 diaconum
1383 1272 1433 1336 1,
1463 1272 1531 1326 ad
1571 1269 1864 1340 Sopatrum
1904 1284 2089 1324 sacer-

507 1368 689 1423 dotem
717 1368 769 1430 1,
799 1367 868 1421 ad
900 1366 1260 1438 Polycarpum
1305 1362 1550 1435 Smyrna:
1582 1363 1896 1434 episcopum
1929 1363 1980 1427 1,
2019 1362 2088 1416 ad

481 1447 888 1530 Demophilum
939 1459 1315 1526 therapeutam
1363 1457 1417 1519 1,
1463 1455 1530 1509 ad
1571 1454 1835 1512 Joannem
1880 1454 2089 1509 theolo-

507 1565 658 1620 gum,
691 1549 998 1620 apostolum
1025 1564 1089 1604 ac
1120 1548 1506 1618 evangelistam
1537 1547 1588 1600 1.

579 1729 875 1785 Sciendum
903 1739 1080 1784 autem
1105 1735 1208 1791 est,
1233 1726 1498 1799 quosdam
1530 1725 1790 1797 profanos
1813 1727 2087 1797 sapientes

2190 527 2382 596 άγίων,
2433 529 2706 593 Βασιλέως
2761 529 3047 602 βασιλέων,
3107 531 3203 584 καὶ
3269 531 3483 605 Κυρίου
3555 534 3780 604 κυρίων,

2180 622 2285 674 ’καὶ
2325 621 2461 674 Θεοῦ
2495 622 2649 677 θεῶν.
2687 622 2880 695 Ἑτέρα
2921 622 3100 693 βίϐλος
3127 621 3262 694 πρὸς
3295 623 3388 676 τον
3415 623 3584 677 αὐτὸν
3615 624 3780 695 Τιμό-

2191 715 2332 781 θεον,
2375 716 2514 784 Περὶ
2545 713 3058 784 ἐκκλησιαστικῆς
3102 716 3422 784 ἱεραρχίας,
3457 716 3777 788 περιέχουσι

2179 809 2382 878 ’κεφάλ.
2417 816 2498 862 ιε’.
2555 808 2748 882 Ἑτέρα
2784 808 2962 879 βίϐλος
2991 807 3126 882 πρὸς
3163 807 3258 860 τὸν
3291 808 3452 862 αὐτὸν
3497 808 3778 878 Τιμόθεον,

2189 901 2329 970 Περὶ
2364 899 2475 970 τῆς
2501 901 2785 969 οὐρανίου
2821 903 3140 969 ιεραρχίας,
3163 901 3494 972 περιέχουσα
3521 900 3621 953 καὶ
3649 900 3776 969 αὕτη

2191 995 2385 1064 κεφάλ.
2434 1001 2516 1049 ιε’.
2565 995 2732 1066 Ἀλλη
2776 994 2915 1066 πρὸς
2953 995 3046 1047 τὸν
3082 994 3243 1048 αὑτὸν
3266 993 3530 1064 Τιμόθεον
3582 994 3772 1064 βίϐλος,

2190 1088 2328 1155 Περὶ
2376 1087 2680 1156 μυστικῆς
2725 1088 3068 1157 θεολογίας,
3113 1086 3449 1159 περιέχουσα
3509 1086 3773 1156 κεφάλαια

2191 1181 2370 1234 πέντε.
2413 1181 2674 1252 Φέρονται
2701 1181 2756 1234 δὲ
2786 1180 2952 1233 αὑτοῦ
2999 1181 3093 1233 καὶ
3125 1180 3402 1233 ἐπιστολαὶ
3432 1179 3574 1251 πρὸς
3625 1179 3773 1232 Γάϊον

2189 1271 2526 1343 θεραπευτὴν
2552 1273 2592 1325 δ’
2620 1289 2633 1303 ο
2675 1272 2812 1343 πρὸς
2850 1272 3125 1344 Δωρόθεον
3174 1271 3486 1348 λειτουργὸν
3519 1277 3572 1323 α’
3597 1287 3612 1299 ο
3643 1271 3772 1343 πρὸς

2189 1363 2482 1435 Σώπατρον
2545 1363 2696 1436 ἱερέα
2739 1370 2821 1416 αὀ
2877 1364 3015 1438 πρὸς
3079 1363 3437 1436 Πολύκαρπον
3515 1364 3770 1435 ἱεράρχην

2189 1456 2444 1529 Σμύρνης
2487 1463 2537 1510 α’
2562 1473 2577 1489 ο
2625 1457 2765 1529 πρὸς
2816 1457 3121 1529 Δημόφιλον
3153 1457 3497 1530 θεραπευτὴν
3525 1464 3576 1509 α’
3599 1473 3614 1488 °
3643 1457 3769 1528 πρὸς

2202 1547 2456 1621 Ἰωάννην
2491 1549 2582 1605 τὸν
2611 1549 2860 1618 θεολόγον
2900 1550 2992 1603 τὸν
3031 1549 3328 1603 ἀπόστολον
3373 1551 3467 1602 καὶ
3490 1547 3770 1617 εὐαγγελι-

2190 1639 2321 1711 στὴν
2352 1647 2420 1694 α’.

2273 1733 2468 1787 ’ἰστέον
2497 1734 2554 1788 δὲ
2593 1734 2670 1798 ῶς
2704 1751 2848 1798 τινες
2888 1733 2997 1786 τῶν
3030 1733 3134 1801 ἔξω
3173 1733 3373 1803 σοφῶν,
3409 1733 3502 1786 καὶ
3545 1734 3770 1804 μάλιστα

479 1815 570 1876 ’τις
601 1824 835 1876 maxime
862 1820 1138 1886 Proclum,
1166 1821 1449 1876 sententiis
1479 1829 1639 1888 atque
1680 1818 1918 1873 inventis
1951 1819 2072 1874 beat

2197 1825 2458 1900 Πρόκλος,
2499 1826 2818 1898 θεωρήμασι
2853 1825 3112 1889 πολλάκις
3150 1826 3245 1879 τοῦ
3279 1825 3551 1898 μακαρίου
3597 1829 3770 1878 Διονυ-

495 1911 749 1984 Dionysii
804 1911 1118 1982 frequenter
1162 1927 1286 1966 esse
1330 1926 1496 1977 usos,
1539 1911 1670 1981 quin
1705 1910 1869 1964 etiam
1919 1910 2080 1964 nudis

503 2005 724 2071 verbis;
762 2005 907 2059 unde
958 2005 1227 2076 suspicari
1279 2006 1439 2071 licet,
1480 2003 1810 2059 vetustiores
1858 2002 2082 2058 Athenis

502 2094 882 2165 philosophos,
913 2089 1030 2150 'sibi
1077 2097 1196 2166 ejus
1239 2110 1406 2164 opera
1449 2100 1801 2163 usurpantes,
1849 2107 2082 2162 quorum

503 2187 624 2258 ipse
665 2188 729 2242 ad
780 2187 1124 2242 Timotheum
1159 2189 1410 2242 scribens
1440 2186 1716 2250 meminit,
1751 2186 2080 2249 occultasse,

503 2287 564 2333 ut
594 2281 696 2350 ipsi
731 2280 1044 2334 divinorum
1076 2278 1196 2348 ejus
1227 2279 1493 2332 librorum
1524 2287 1708 2348 patres
1743 2278 2079 2335 viderentur.

475 2368 643 2440 'Ergo
677 2368 769 2424 Dei
814 2370 1086 2440 interpres
1114 2368 1430 2439 Dionysius,
1464 2375 1719 2437 provecta
1747 2368 1861 2437 jam
1899 2376 2079 2435 aetate,

499 2464 826 2533 dierumque
873 2463 1100 2532 Spiritus
1137 2463 1353 2531 plenus,
1398 2460 1664 2530 martyrio
1711 2475 1812 2528 pro
1858 2458 2081 2514 Christo

501 2561 915 2610 consummatur
938 2554 1041 2608 sub
1064 2552 1303 2623 Traiano
1324 2551 1559 2617 Caesare,
1587 2551 1806 2622 quando
1827 2559 1881 2606 et
1907 2550 2082 2606 deifer

499 2646 742 2718 lgnatius
771 2654 1048 2701 certamen
1097 2645 1522 2699 immortalitatis
1567 2645 1888 2699 decertavit.
1941 2643 2076 2698 Nota

502 2737 819 2793 Michaelem
872 2736 1165 2808 Syngelum
1201 2736 1759 2808 Hierosolymitanum
1809 2737 2082 2791 laudatio-

499 2847 623 2886 nem
651 2831 831 2900 magni
866 2830 1104 2900 Dionysii
1135 2831 1449 2900 scripsisse,
1491 2829 1546 2883 in
1574 2844 1678 2900 qua
1711 2829 1846 2884 dicit
1873 2848 1888 2884 :
1925 2849 1944 2881 ι
1974 2827 2081 2884 Ve-

497 2923 682 2978 nimus
707 2923 864 2978 vobis
913 2921 1172 2977 audiendi
1206 2922 1421 2993 cupidis
1452 2922 1807 2994 pr0posituri,
1843 2937 1964 2992 qua:
1992 2923 2078 2978 vel

471 3013 790 3069 traditione
817 3031 927 3068 non
946 3015 1172 3084 scripta,
1195 3023 1289 3068 aut
1319 3016 1521 3084 scripta
1548 3016 1878 3084 accepimus.
1930 3014 2079 3072 Talis

469 3107 664 3177 igitur
693 3123 873 3163 sermo
903 3107 968 3160 ad
1000 3123 1102 3161 nos
1135 3109 1400 3178 pervenit,
1431 3108 1541 3162 ﬁlio
1572 3124 1601 3161 a
1632 3115 1785 3178 patre
1818 3107 2073 3175 traditus,

2186 1918 2300 1970 σίου
2332 1919 2614 1990 κέχρηται,
2647 1917 2742 1971 καὶ
2762 1919 2952 1980 αὑταῖς
2991 1917 3046 1971 δὲ
3079 1917 3270 1990 ξηραῖς
3294 1920 3413 1980 ταῖς
3438 1915 3642 1981 λέξεσι.
3667 1917 3770 1970 Καὶ

2183 2007 2328 2062 ἔστιν
2367 2009 2621 2062 ὑπόνοιαν
2653 2011 2717 2062 ἐκ
2743 2011 2934 2063 τούτου
2980 2010 3185 2074 λαϐεῖν,
3220 2010 3294 2073 ὡς
3327 2010 3377 2061 οί
3425 2011 3485 2062 ἐν
3524 2008 3770 2079 Ἀθήναις

2183 2096 2531 2171 παλαιότεροι
2558 2097 2666 2151 τῶν
2698 2099 3024 2168 φιλοσόφων,
3064 2098 3514 2172 σφετερισάμενοι
3542 2097 3644 2162 τάς
3682 2095 3765 2152 αὐ-

2179 2187 2275 2240 τοῦ
2309 2188 2709 2260 πραγματείας,
2749 2183 2824 2242 ὧν
2860 2191 3024 2254 αὐτὸς
3064 2191 3390 2261 μνημονεύει
3423 2191 3568 2263 πρὸς
3611 2189 3756 2259 Τιμό-

2181 2279 2302 2334 θεον
2332 2281 2582 2352 γράφων,
2613 2281 2959 2354 ἀπέκρυψαν,
2990 2283 3077 2335 ἴνα
3108 2283 3344 2357 πατέρες
3381 2283 3540 2336 αὐτοὶ
3568 2282 3767 2351 δοθῶσι

2178 2373 2289 2425 τῶν
2329 2373 2488 2427 θείων
2525 2375 2689 2428 αὑτοῦ
2731 2375 2924 2443 λόγων.
2967 2375 3030 2428 '0
3057 2375 3236 2428 τοίνυν
3293 2375 3614 2448 θεοφάντωρ
3657 2377 3767 2428 Διο-

2178 2463 2382 2529 νύσιος,
2421 2465 2519 2536 ἤδη
2553 2483 2654 2518 που
2691 2467 2897 2539 μακρὸν
2945 2465 3141 2530 ἐλάσας
3179 2467 3386 2540 χρόνον,
3418 2467 3513 2520 καὶ
3560 2466 3765 2538 πλήρης

2179 2557 2402 2628 ἡμερῶν
2445 2557 2682 2626 γεγονὼς
2714 2557 2823 2612 τῶν
2859 2557 2952 2611 τοῦ
2983 2558 3320 2629 πνεύματος,
3365 2558 3656 2631 μαρτυρίῳ

2181 2648 2321 2720 ὑπὲρ
2347 2649 2580 2721 Χριστοῦ
2602 2649 2921 2714 τελειοῦται,
2947 2649 3038 2703 ἐπὶ
3063 2649 3334 2722 Τραϊανοῦ
3357 2649 3662 2720 Καίσαρος,
3685 2650 3764 2702 ὅτε

2177 2740 2322 2793 καὶὸ
2349 2739 2603 2812 θεοφόρος
2631 2741 2887 2810 Ἰγνάτιος
2927 2741 3016 2795 τὸν
3043 2743 3142 2813 τῆς
3168 2741 3465 2804 ἀθανασίας
3486 2740 3765 2812 διήθλησεν

2176 2831 2383 2900 ἀγῶνα.
2421 2833 2542 2886 Ὅτι
2575 2835 2654 2896 είς
2685 2833 2775 2886 τὸν
2807 2834 2979 2904 μέγαν
3006 2833 3282 2886 Διονύσιον
3310 2832 3552 2904 ἔγραψεν
3595 2831 3760 2901 (me

2183 2942 2302 2997 μιον
2341 2925 2558 2997 Μιχαὴλ
2597 2926 2865 2994 Σύγγελος
2925 2925 3330 3000 Ἰεροσολύμων,
3373 2927 3430 2978 ἐν
3472 2918 3517 2992 ᾧ
3565 2940 3761 2995 φησιν·

2183 3036 2203 3068 ‹
2231 3019 2369 3072 Ὅσα
2396 3019 2461 3072 δι’
2491 3019 2739 3091 ἀγράφου
2785 3018 3136 3090 παραδόσεως
3176 3017 3210 3088 ἢ
3250 3017 3545 3088 ἐγγράφως
3579 3033 3764 3088 παρει-

2175 3106 2446 3179 λήφαμεν,
2490 3109 2698 3178 ἥκομεν
2743 3107 2872 3177 ὑμῖν
2927 3105 3325 3178 φιλακροάμοσι
3373 3105 3763 3176 παραθησόμε-

496 3215 753 3270 magnum
786 3200 930 3277 hunc
961 3199 1302 3272 Dionysium,
1335 3208 1580 3270 tempore
1610 3200 1774 3272 356
1822 3202 2074 3257 salutaris

2180 3216 2279 3253 νοι.
2359 3199 2610 3264 Τοιοῦτος
2641 3196 2734 3254 οὖν
2774 3202 2853 3263 είς
2892 3200 3040 3270 ἡμᾶς
3087 3200 3394 3269 κατήντηκε
3435 3197 3613 3266 λόγος,
3642 3197 3764 3249 ἀνέ-

495 3291 794 3358 Passionis,
827 3307 952 3345 cum
982 3293 1063 3346 sol
1097 3294 1151 3345 in
1185 3291 1413 3346 meridie
1443 3293 1832 3354 occultaretur,
1865 3309 1930 3347 eo
1978 3295 2081 3347 mi-

493 3384 686 3438 raculo
719 3385 1072 3438 vehementer
1116 3384 1434 3447 attonitum,
1487 3398 1550 3437 ac
1599 3385 1742 3438 ultra
1779 3384 2077 3438 humanam

492 3475 860 3546 cognitionem
903 3483 1173 3540 evectum,
1211 3476 1300 3530 ubi
1350 3485 1532 3531 mente
1559 3477 1706 3546 quod
1754 3475 1915 3531 ﬁebat
1953 3493 2078 3546 per-

475 3567 794 3636 pendisset,
821 3567 1062 3623 dixisse:
1104 3569 1326 3637 Ignotus
1376 3567 1513 3621 Deus
1554 3569 1778 3637 patitur,
1824 3567 1887 3622 ob
1924 3585 2076 3638 quem

491 3660 590 3713 hoc
638 3662 937 3716 unirersum
994 3663 1217 3733 caligine
1285 3661 1566 3714 obductum
1609 3670 1685 3714 est
1738 3677 1799 3713 ac
1854 3677 2075 3714 concus-

491 3767 646 3806 sum:
674 3767 907 3823 moxque
942 3760 1158 3824 tempus
1192 3767 1301 3822 quo
1327 3767 1424 3823 per
1455 3752 1773 3807 universum
1805 3751 2070 3806 mundum

490 3849 764 3912 patratum
815 3853 898 3898 est
962 3845 1327 3909 miraculum,
1382 3843 1691 3898 certissime
1741 3843 2067 3914 designans,

489 3935 632 4006 apud
687 3952 745 3991 se
794 3938 1188 4000 conservabat,
1223 3936 1354 4007 quid
1403 3952 1470 3992 eo
1515 3935 1937 3991 denuntiaretur
1973 3951 2070 3990 ex-

488 4036 764 4096 spectans.
812 4028 1056 4084 Meminit
1083 4030 1248 4084 etiam
1283 4031 1399 4100 ipse
1439 4029 1497 4084 in
1526 4029 1759 4100 epistola
1803 4029 1869 4084 ad
1908 4027 2072 4100 Poly-

485 4131 734 4185 carpum,
775 4121 1010 4174 maxime
1054 4120 1313 4174 horrendi
1365 4121 1513 4174 illius
1559 4119 1754 4175 solaris
1784 4119 2066 4186 defectus;

485 4221 612 4260 nam
659 4223 782 4262 cum
830 4211 1236 4281 Apollophanes
1289 4211 1453 4264 homo
1508 4212 1888 4282 philosophus,
1939 4212 2062 4265 reli-

477 4296 648 4367 ‘gione
697 4298 951 4364 Graecus,
1007 4299 1406 4370 indignaretur,
1469 4301 1708 4370 huicque
1771 4309 1856 4355 ter
1907 4301 2065 4354 beato

484 4390 910 4456 conviciaretur,
952 4393 1100 4463 quod
1146 4409 1270 4447 cum
1319 4393 1693 4448 amicissimus
1745 4392 1939 4446 fuisset
1999 4405 2064 4446 ac

485 4481 782 4552 popularis,
827 4486 1034 4554 patrios
1079 4487 1260 4540 cultus
1292 4494 1660 4550 aversaretur,
1713 4496 1769 4541 et
1795 4487 2062 4542 Christia-

479 4590 609 4628 nam
661 4575 816 4630 ﬁdem
860 4577 1137 4648 praal‘erret
1185 4586 1348 4648 atque
1391 4579 1810 4651 amplecteretur
1851 4582 2056 4635 acerri-

483 4681 680 4734 ineque
727 4673 994 4734 tueretur,
1038 4684 1102 4724 ac
1152 4668 1466 4723 Graecorum
1519 4671 1824 4725 rationibus
1865 4679 2057 4726 contra

481 4761 699 4818 Gnaeos
727 4770 998 4829 uteretur;
1029 4762 1337 4816 convicium
1359 4769 1413 4817 et
1447 4762 1878 4834 indignationem
1905 4764 2058 4820 refu-

480 4863 597 4910 tare
627 4860 844 4910 tentans
873 4869 935 4908 ac
955 4854 1135 4924 potius
1151 4852 1457 4924 Polycarpo
1483 4854 1914 4928 (refutationem)
1934 4875 2056 4930 sug-

477 4966 696 5021 gerens,
719 4949 773 5002 in
794 4964 953 5018 quem
978 4949 1066 5003 ille
1096 4947 1399 5002 commilito
1425 4947 1654 5004 dicteria
1678 4949 1769 5004 illa
1794 4951 2048 5021 ﬁngebat,

479 5043 590 5095 haec
621 5039 755 5095 dicit
789 5058 802 5094 :
869 5035 948 5092 Tu
1041 5045 1220 5092 autem
1251 5037 1389 5092 dicis
1425 5039 1752 5096 maledicere
1793 5041 1923 5095 mihi
1955 5056 2051 5099 so-

478 5135 714 5207 phistam
749 5131 1286 5202 Apollophanem,ac
1319 5133 1649 5204 parricidam
1721 5133 2007 5190 nominare
2030 5179 2045 5204 ,

475 5238 527 5283 et
571 5238 784 5282 caetera.

2181 3293 2348 3347 καθεν
2370 3294 2509 3366 πρὸς
2532 3293 2738 3366 πατρὸς
2770 3293 2920 3346 παιδὶ
2953 3289 3406 3363 παραδεδομένος,
3431 3290 3508 3352 ὡς
3533 3292 3563 3343 6
3598 3289 3763 3361 μέγας

2177 3388 2450 3452 Διονύσιος
2488 3385 2642 3454 οὗτος
2675 3389 2815 3442 κατά
2852 3388 2943 3442 τὸν
2972 3389 3068 3442 τοῦ
3101 3386 3368 3458 σωτηρίου
3401 3385 3619 3448 Πάθους
3649 3401 3763 3436 και-

2179 3482 2292 3553 ρὸν,
2327 3481 2489 3552 ἡνίκα
2527 3481 2796 3552 μεσούσης
2828 3480 3040 3552 ἡμέρας
3071 3482 3098 3533 ό
3126 3479 3275 3550 ἥλιος
3307 3477 3636 3548 ἐκρύπτετο,
3675 3475 3760 3528 ἐπὶ

2174 3569 2254 3640 τῷ
2295 3570 2582 3641 παραδόξῳ
2610 3570 2814 3644 σφόδρα
2843 3569 3117 3640 τεθηπὼς,
3150 3569 3245 3622 καὶ
3270 3567 3372 3639 τὴν
3419 3565 3758 3638 ἀνθρωπείαν

2174 3661 2567 3734 ὑπερϐεϐηκὼς
2593 3661 2814 3731 γνῶσιν,
2837 3661 3181 3732 κατανοήσας
3201 3660 3262 3712 τὸ
3283 3657 3534 3727 γεγονὸς,
3561 3660 3760 3726 Ἀγνω-

2172 3769 2338 3818 στος,
2353 3752 2476 3825 ἔφη,
2501 3752 2720 3822 πάσχει
2735 3753 2897 3818 Θεὸς,
2916 3751 2990 3804 δι’
3012 3751 3085 3805 ὃν
3099 3750 3233 3805 τόδε
3252 3751 3316 3803 τὸ
3341 3749 3466 3803 πᾶν
3479 3747 3760 3817 salsa-mai

2171 3859 2236 3894 τε
2255 3845 2352 3896 καὶ
2371 3843 2738 3898 σεσάλευται
2759 3861 2772 3874 ο
2803 3843 2897 3897 καὶ
2926 3843 3269 3917 παραχρῆμα
3295 3841 3389 3894 τὸν
3407 3839 3751 3914 χρόνον,καθ“

2168 3935 2227 3988 ὃν
2270 3936 2420 3988 τουτί
2465 3935 2526 3988 τὺ
2566 3936 2905 4007 παγκόσμιον
2953 3935 3262 3988 ἐτετέλεπο
3298 3933 3752 4006 τερατούργημα,

2166 4029 2692 4102 τεκμηριωσάμενος
2753 4029 2940 4100 ἐτήρει
2991 4029 3124 4100 παρ’
3177 4025 3394 4096 ἐαυτῷ,
3439 4024 3752 4079 τούντεῦθεν

2166 4119 2622 4192 διαγγελούμενον
2678 4119 3022 4194 καραδοκῶν.
3075 4119 3368 4189 Μέμνηται
3428 4118 3615 4188 μέντοι
3665 4113 3751 4169 καὶ

2167 4212 2328 4275 αὐτὸς
2353 4214 2410 4264 ἐν
2440 4213 2507 4282 τῇ
2550 4213 2688 4283 πρὸς
2721 4210 3079 4283 Πολύκαρπον
3115 4208 3374 4279 ἐπιστολῇ
3395 4208 3496 4278 τῆς
3526 4203 3748 4276 ἡλιακῆς

2165 4304 2460 4374 ἐκλείψεως
2505 4303 2720 4375 ἐκείνης
2761 4303 2864 4373 τῆς
2906 4303 3372 4375 φρικωδεστάτης.
3426 4297 3747 4367 ’Δπολλοφά-

2163 4411 2288 4459 νους
2317 4395 2428 4469 γὰρ
2472 4396 2663 4467 ἀνδρὸς
2692 4395 3003 4465 φιλοσόφου,
3029 4395 3129 4464 τὴν
3161 4391 3461 4466 θρησκείαν
3497 4391 3745 4462 Ἕλληνος

2161 4487 2520 4558 τυγχάνοντος
2539 4528 2553 4552 ,
2614 4487 2949 4558 νεμεσῶντός
2990 4503 3052 4539 τε
3085 4485 3179 4540 καὶ
3216 4483 3630 4556 λοιδορουμένου
3675 4479 3745 4547 τῷ

2163 4580 2454 4653 τρισολόίῳ
2484 4580 2678 4650 τούτῳ,
2711 4580 2786 4644 ὡς
2819 4579 3020 4650 ἑταίρῳ
3047 4577 3206 4648 δῆθεν
3236 4577 3350 4630 όντι
3387 4575 3630 4645 φιλτάτῳ
3658 4570 3743 4624 καὶ

2163 4672 2436 4741 όμογενεῖ,
2469 4671 2538 4723 τὰ
2573 4670 2804 4742 πατρῷα
2840 4669 2938 4741 μὲν
2973 4667 3364 4740 μυσαττομένῳ
3403 4665 3740 4734 σεϐάσματα,

2160 4761 2260 4833 τὴν
2288 4763 2344 4816 δὲ
2373 4763 2482 4817 τῶν
2512 4763 2850 4836 Χριστιανῶν
2880 4761 3214 4835 προτιμῶντι
3257 4760 3351 4813 καὶ
3387 4757 3740 4827 ἀσπαζομένην

2159 4855 2372 4920 πίστιν,
2419 4856 2512 4908 καὶ
2558 4856 2763 4926 ταύτης
2824 4852 3304 4923 άγωνιστικὼτατα
3326 4850 3738 4922 προασπίζοντι,

2157 4945 2251 4998 καὶ
2302 4949 2415 5009 τοῖς
2463 4945 2733 5016 Ἑλλήνων
2777 4946 2918 5000 κατὰ
2970 4946 3077 4999 τῶν
3133 4945 3398 5015 Ἐλλήνων
3455 4940 3734 5014 χρωμένῳ,

2154 5036 2252 5108 τὴν
2299 5038 2564 5112 λοιδορίαν
2625 5041 2717 5092 καὶ
2759 5039 2979 5110 νέμεσιν
3021 5037 3413 5100 ἁνασκευάζειν
3461 5031 3731 5103 πειρώμε-

2156 5145 2276 5195 νος,
2321 5133 2520 5202 μᾶλλον
2559 5135 2617 5186 δέ
2660 5133 3042 5204 ὑποτιθέμενος
3083 5131 3161 5200 τῷ
3204 5128 3564 5198 Πολυκάρπῳ,
3603 5122 3729 5195 πρὸς

2153 5224 2212 5279 ὃν
2265 5229 2359 5280 καὶ
2410 5231 2439 5282 6
2493 5227 2899 5301 συστρατιώτης
2978 5226 3210 5277 ἐποιεῖτο
3264 5209 3348 5276 τά
3395 5220 3726 5290 σκώμματα,

473 5325 594 5378 τάδε
645 5321 808 5394 φησί·
879 5320 951 5373 Σὺ
987 5317 1043 5370 δὲ
1079 5317 1183 5387 φὴς
1206 5316 1560 5390 λοιδορεῖσθαί
1586 5337 1673 5392 μοι
1702 5319 1794 5372 τὸν
1833 5319 2088 5374 σουιστὺν
2141 5321 2575 5394 Ἀπολλοφάνηνῇ
2618 5323 2710 5376 καὶ
2754 5319 3087 5394 πατραλοίαν
3118 5319 3437 5384 ἀποκαλεῖν,
3525 5318 3615 5372 καὶ
3661 5310 3726 5366 τὰ.

474 5417 623 5488 ἑξῆς·

543 5575 655 5647 (51)
698 5572 928 5629 Omisit:
965 5573 1036 5626 De
1062 5571 1290 5642 perfecto
1315 5580 1363 5624 et
1395 5587 1520 5625 uno.
