3874 6580
115 439 122 444 -
145 404 263 462 61.3

1421 411 1607 479 VITA,
1646 411 1734 468 EX
1767 411 2182 472 NICEPHORO.

3305 412 3438 488 sit

171 564 3417 602 ______.______________________________________

808 732 1093 828 VITA
1165 733 1262 822 S.
1341 731 1898 824 DIONYSII
1976 730 2777 824 ABEOPAGITJE

1412 928 1501 987 Ex
1537 925 1702 986 libro
1733 944 1777 985 η
1814 925 2186 1002 Νἱρθςθίιοιδὶ.

728 1090 908 1146 erce
931 1101 981 1146 et
1002 1089 1190 1146 Latine
1214 1091 1416 1160 primus
1443 1090 1612 1145 edidit
1645 1089 1836 1144 Petrus
1876 1087 2208 1152 Lanuelius,
2243 1085 2368 1142 Soc.
2399 1086 2529 1143 Iesu
2551 1087 2845 1158 presbyter.

221 1348 333 1403 Καὶ
363 1347 576 1411 Παῦλος
605 1347 765 1420 ἄχρις
794 1348 1036 1419 Ἀθηνῶν
1073 1349 1382 1422 ἐπορεύετο.
1405 1349 1657 1413 Είδῶλοις
1684 1349 1732 1403 δὲ

1913 1344 1980 1399 Et
2019 1343 2224 1400 Paulus
2253 1341 2497 1398 Athenas
2547 1357 2722 1412 usque
2761 1339 2928 1395 venit.
2964 1336 3096 1392 Eam
3129 1337 3315 1392 urbem
3357 1335 3432 1390 si-

149 1440 360 1512 σφόδρα
390 1439 490 1510 τὴν
529 1440 684 1493 πόλιν
729 1439 874 1512 ὁρῶν
917 1441 1377 1513 προσανέχουσαν,
1421 1443 1534 1505 τοῖς
1571 1459 1632 1494 τε
1677 1444 1743 1495 ὲκ

148 1531 250 1602 τῆς
300 1533 625 1602 συναγωγῆς
664 1532 973 1604 διωμιλεῖτο
1017 1535 1110 1587 καὶ
1148 1536 1260 1597 τοῖς
1299 1535 1478 1587 ἐκεῖσε
1523 1533 1739 1602 φιλοσό-

145 1642 291 1694 φοις,
327 1627 442 1689 τοῖς
494 1626 603 1679 ἀπὸ
647 1625 742 1688 τοῦ
787 1625 1112 1699 Ἐπικούρου
1159 1626 1252 1678 καὶ
1288 1626 1390 1696 τῆς
1425 1627 1614 1690 Στοᾶς.
1646 1620 1741 1688 Οἷς

141 1717 208 1789 δὴ
239 1717 335 1771 καὶ
380 1718 457 1782 ὡς
498 1719 917 1787 σπερμολόγος
947 1719 1041 1772 καὶ
1072 1718 1239 1784 ξένων
1273 1719 1564 1790 δαιμονίων
1602 1736 1739 1771 κατ-

145 1809 414 1877 αγγελεὺς
470 1809 850 1884 περιύϐριστοο
906 1811 1000 1864 καὶ
1053 1811 1188 1882 δῆτα
1234 1811 1365 1866 εἴσω
1408 1811 1606 1884 χειρῶν
1650 1811 1740 1865 θέ-

148 1917 341 1970 μενοι,
390 1901 483 1953 ἐπὶ
536 1901 599 1954 τὸ
645 1901 778 1974 παρ’
830 1902 1014 1966 αὐτοῖς
1067 1903 1326 1973 μέγιστον
1389 1904 1740 1978 δικαστήριον

142 1989 394 2058 ἄγουσιν,
434 1985 479 2059 ᾧ
526 1993 744 2064 Ἀρειος
789 1995 965 2063 πάγος
1009 1995 1200 2066 δνομα,
1232 1996 1326 2048 καὶ
1356 1995 1436 2065 τῷ
1476 1994 1740 2065 συνεδρίῳ

141 2083 252 2135 τῶν
279 2083 550 2136 δικαστῶν
588 2085 1062 2156 παραστήσαντες,
1098 2084 1276 2155 (ἐννέα
1315 2085 1372 2138 δὲ
1399 2081 1540 2156 ἦσαν
1569 2079 1736 2147 οῦτοι,

143 2174 310 2246 σοφίᾳ
362 2175 455 2228 καὶ⁵
502 2176 650 2244 γένει
705 2176 798 2230 καὶ
847 2175 1066 2246 πλούτῳ
1112 2175 1222 2229 τῶν
1291 2175 1466 2230 ἄλλων
1521 2175 1739 2229 πάντων

141 2266 475 2340 ὑπερφέρειν
515 2267 858 2339 δοκοῦντες·)
889 2268 1118 2322 ἐπὶτῶν
1165 2267 1491 2321 δικαστικῶν
1535 2268 1739 2340 θρόνων

137 2358 456 2430 ἀριστίνδην
499 2358 864 2431 ἐξειλεγμένοι
909 2359 1309 2431 προύκάθηντο.
1348 2353 1449 2413 Ὧν
1487 2361 1547 2412 ἐν
1589 2359 1739 2430 μέσῳ

142 2453 471 2522 γενόμενος,
514 2451 613 2523 τὴν
639 2452 1060 2523 δεισιδαιμονίαν
1102 2452 1325 2505 ἐκείνων
1369 2451 1618 2523 ἧγγελλε,
1646 2454 1740 2507 καὶ

135 2543 238 2597 τοῦ
283 2545 413 2613 παρ’
451 2543 679 2608 ἐκείνοις
709 2544 833 2608 νεὼ,
868 2543 928 2607 ὃς
970 2542 1281 2611 Ἀγνώστῳ
1317 2541 1438 2607 Θεῷ
1469 2543 1734 2609 ἀνέκειτο,

119 2635 335 2698 ,τούτου
373 2631 512 2688 εἶναι
544 2635 838 2689 ἀπόστολον
871 2635 1110 2688 ἔπειθεν·
1144 2635 1204 2688 ὃν
1232 2634 1324 2688 καὶ
1354 2634 1556 2706 Κύριον
1584 2635 1734 2705 ἔλεγε

137 2729 236 2781 καὶ
281 2728 506 2800 κτίστην
547 2729 651 2801 γῆς
699 2732 790 2783 καὶ
833 2727 1088 2803 ούρανοῦ,
1138 2729 1206 2782 δι’
1249 2723 1310 2784 οῦ
1349 2729 1411 2782 τὸ
1455 2730 1592 2783 πᾶνο
1642 2730 1737 2784 καὶ

135 2819 363 2891 ἀνενδεῆ
419 2819 608 2873 τοῦτον
661 2820 754 2874 καὶ
804 2820 1056 2892 ἀνόμοιον
1097 2821 1248 2894 πάσῃ
1292 2822 1391 2894 ὕλῃ
1437 2823 1733 2894 προύτίθει.

149 2909 294 2964 Ἀλλ’
321 2911 442 2965 ούδέ
471 2929 575 2965 τινι
603 2911 747 2983 ἄλλῳ
773 2912 1136 2984 θεραπεύεται
1165 2913 1198 2985 ἢ
1232 2917 1344 2978 τοῖς
1381 2915 1488 2968 τῶν
1516 2915 1736 2984 ἀγαθῶν

134 2999 326 3073 ἔργοις
357 3003 451 3056 καὶ
477 3005 543 3074 τῇ
569 3003 863 3071 ἐπιγνώσει
893 3003 994 3074 τῆς
1028 3004 1286 3075 ἀληθείας
1306 3023 1318 3036 ι
1352 3007 1446 3060 καὶ
1469 3006 1536 3058 τὰ
1575 3006 1735 3078 μέχρι

132 3092 291 3147 τοῦδε
325 3095 644 3167 ἀγνοήματα
664 3096 730 3150 δι’
752 3095 907 3166 ἡμῶν
932 3098 1178 3168 παρορᾷν
1213 3095 1378 3166 λέγει,
1405 3096 1500 3150 τοῦ
1543 3097 1736 3152 λοιποῦ

131 3184 191 3237 δὲ
230 3191 528 3255 μετανοεῖν,
563 3188 658 3242 καὶ
703 3188 883 3256 λόγοις
928 3189 1097 3242 εἴκειν
1131 3187 1386 3253 πίστεως.
1430 3189 1519 3252 Ὠς
1551 3191 1646 3244 καὶ
1676 3190 1736 3244 τὸ

131 3278 344 3348 κρίνειν
381 3279 590 3334 ἐκεῖθεν
631 3281 868 3355 εἰληφώς
911 3283 1080 3336 ἐστιν.
1123 3275 1292 3346 Οὗτός
1335 3285 1484 3336 ἐστιν
1529 3283 1736 3356 Ἰησοῦς

128 3367 157 3418 ὁ
190 3368 452 3438 Χριστὸς,
486 3371 564 3436 ὃς,
595 3371 660 3424 δι’
685 3373 862 3444 έργων
894 3372 1214 3448 θεοπρεπῶν
1241 3373 1376 3438 Θεὸς
1395 3374 1601 3438 τέλειος
1633 3375 1726 3428 καὶ

128 3459 345 3523 τέλειος
371 3461 676 3534 ἄνθρωπος,
721 3463 858 3536 πλὴν
891 3465 1198 3536 ἁμαρτίας,
1244 3465 1558 3534 ἀναφανεὶς,
1595 3466 1733 3540 ύπέρ

128 3551 392 3604 ἁπάντων
434 3555 806 3626 ἐσταύρωται,
849 3557 944 3609 καὶ
989 3557 1054 3610 ἐκ
1104 3556 1314 3628 νεκρῶν
1355 3557 1587 3630 ἀνέστη,
1641 3559 1736 3612 καὶ

129 3643 356 3698 πάντων
394 3643 668 3715 ὁρώντων,
709 3647 846 3718 πρὸς
899 3647 990 3700 τὸν
1035 3650 1231 3701 οίκεῖον
1282 3649 1503 3721 Πατέρα
1543 3649 1736 3724 ἀνελή-

130 3735 242 3808 φθη
293 3737 388 3789 τὸν
428 3738 540 3791 τῶν
585 3739 722 3793 ὅλων
775 3739 928 3793 Θεόν.
979 3735 1089 3794 Καὶ
1139 3742 1251 3794 τισὶ
1293 3741 1390 3812 μὲν
1438 3743 1735 3797 ἀνάστασιν

134 3831 404 3900 ἀκηκοόσι
452 3831 618 3904 χλεύη
664 3833 726 3887 τὺ
764 3837 994 3906 πρᾶγμα
1036 3835 1250 3889 ἐδόκει*
1286 3836 1431 3898 τινὲς
1477 3835 1532 3888 δὲ
1587 3835 1734 3908 αύτῷ

130 3923 424 3987 πείσαντες
471 3925 705 3987 εἵποντο,
737 3925 854 3996 μεθ’
877 3920 951 3980 ὧν
993 3926 1084 3980 καὶ
1105 3929 1133 3980 ό
1173 3928 1590 3999 Ἀρειοπαγίτης
1617 3930 1735 3980 Διο-

128 4013 314 4078 νύσιος
339 4011 431 4086 ἧν,
463 4011 544 4080 εἷς
584 4017 660 4071 ῶν
685 4018 794 4071 τῶν
823 4018 1004 4087 σοφῶν
1058 4018 1282 4073 ἐκείνων
1319 4019 1413 4073 καὶ
1461 4019 1732 4090 ἐκκρίτων

1843 1438 2214 1492 mulacrorum
2257 1435 2432 1490 cultui
2471 1433 2710 1489 deditam
2748 1448 3005 1497 cernens,
3049 1446 3330 1486 sermones
3378 1438 3434 1485 et

1841 1547 1967 1586 cum
2016 1530 2100 1585 eis
2147 1530 2241 1600 qui
2283 1545 2351 1583 ex
2399 1542 2673 1598 synagoga
2728 1532 2886 1581 erant
2934 1522 3160 1584 Judaeis,
3209 1530 3263 1576 et
3305 1538 3432 1576 cum

1841 1621 2189 1693 philosOphis
2237 1620 2528 1690 epicurteis
2567 1618 2732 1674 simul
2782 1626 2836 1673 et
2872 1616 3065 1672 stoicis
3107 1614 3342 1670 confert.
3387 1613 3432 1668 A

1841 1716 2045 1787 quibus
2075 1723 2337 1785 tanquam
2383 1712 2780 1768 semina'verbius
2823 1726 2920 1766 seu
2964 1711 3208 1764 inanium
3237 1709 3433 1763 verbo-

1840 1824 1965 1864 rum
2016 1817 2187 1872 sator,
2217 1814 2272 1862 et
2316 1806 2729 1877 peregrinorum
2775 1804 3003 1858 deorum
3051 1801 3429 1864 annuntiator,

1842 1900 2110 1956 conviciis
2141 1899 2378 1970 graviter
2415 1897 2726 1968 exagitatur
2753 1914 2767 1950 :
2799 1903 2853 1950 et
2887 1894 3322 1963 comprehensus
3369 1893 3426 1946 in

1843 2007 2162 2062 supremum
2209 1990 2285 2044 ibi
2327 1989 2630 2059 judicium,
2675 1988 3056 2058 Areopagum,
3099 2002 3194 2041 seu
3241 1983 3433 2039 Martis

1823 2085 2022 2144 vicum
2079 2083 2399 2145 nominant,
2458 2080 2802 2151 producitur,
2850 2087 3013 2150 atque
3065 2077 3132 2132 ad
3182 2076 3430 2146 judicuni

1841 2177 2103 2233 subsellia
2144 2175 2378 2231 sistitur.
2421 2172 2626 2228 Novem
2676 2173 2713 2227 ii
2751 2180 2943 2234 erant,
2985 2169 3278 2240 sapientia,
3322 2168 3433 2224 vir-

1841 2276 1977 2332 tute,
2009 2284 2208 2339 genere
2237 2278 2290 2323 et
2320 2267 2518 2337 opibus
2563 2265 2819 2320 omnibus
2853 2265 2978 2318 aliis
3018 2263 3431 2338 prmstautiores

1841 2361 2056 2425 habiti,
2105 2368 2160 2415 et
2203 2359 2273 2414 ad
2317 2359 2567 2428 judicum
2615 2371 2816 2412 munus
2868 2357 3217 2422 obeundum,
3267 2367 3430 2428 prout

1839 2453 2073 2522 quisque
2096 2466 2289 2506 eorum
2318 2451 2473 2505 visus
2502 2460 2587 2506 est
2616 2450 2858 2520 optimus
2887 2449 2955 2503 ad
2997 2449 3238 2504 tribunal
3275 2451 3425 2505 lecti.

1839 2546 1900 2600 In
1947 2544 2126 2600 medio
2156 2544 2350 2598 horum
2381 2543 2712 2607 consistens,
2759 2543 3209 2613 superstitionem
3237 2559 3427 2600 eorum

1841 2653 2058 2710 araeque
2096 2637 2218 2708 ejus
2249 2652 2371 2708 qua:
2413 2637 2556 2707 apud
2601 2651 2698 2692 eos
2733 2634 2922 2707 Ignoto
2967 2635 3076 2690 Deo
3107 2644 3429 2693 consecrata

1839 2739 1990 2795 erat,
2034 2729 2328 2784 annuntiat
2356 2748 2369 2783 :
2402 2744 2571 2800 seque
2620 2728 2742 2798 ejus
2775 2728 3081 2798 apostolum
3112 2739 3165 2783 et
3195 2728 3430 2799 legatum

1839 2837 1962 2878 esse
2003 2822 2224 2885 asserit,
2263 2837 2426 2891 quem
2465 2827 2518 2875 et
2549 2819 2842 2874 Dominum
2872 2828 2926 2875 et
2957 2828 3261 2875 creatorem
3304 2821 3430 2875 οωΙί

1838 2922 1892 2969 et
1921 2923 2102 2978 terrae,
2135 2913 2280 2984 quod
2329 2913 2545 2968 scilicet
2591 2928 2691 2982 per
2739 2927 2864 2967 eum
2915 2910 3078 2982 357
3120 2913 3430 2967 consistant

1837 3007 2042 3071 omnia,
2084 3007 2310 3077 ipseque
2351 3005 2556 3059 nullius
2587 3004 2664 3058 rei
2699 3004 2972 3074 indigens,
3011 3004 3146 3059 nulli
3182 2999 3426 3059 omnium

1837 3099 2083 3152 materiae
2139 3097 2337 3152 similis
2386 3096 2489 3161 sit,
2546 3095 2750 3150 laudat.
2807 3095 2886 3150 Illi
2943 3098 3171 3166 insuper
3219 3098 3428 3153 addens

1835 3191 1988 3244 nulla
2015 3205 2142 3246 eum
2172 3189 2276 3243 alia
2326 3205 2384 3244 re
2417 3204 2579 3259 quam
2614 3189 2720 3259 piis
2750 3189 3019 3244 bonorum
3065 3190 3346 3260 operibus.
3377 3198 3428 3246 et

1836 3281 2088 3337 veritatis
2129 3280 2444 3351 cognitione
2490 3281 2636 3335 coli:
2671 3290 2724 3335 et
2771 3289 2993 3350 peccata
3035 3281 3285 3351 quidem,
3333 3298 3427 3352 per

1838 3372 2204 3444 ignorantiam
2235 3373 2521 3444 hucusque
2564 3387 2596 3426 a
2625 3373 2785 3428 nobis
2834 3373 3126 3428 commissa
3155 3389 3279 3428 eum
3315 3373 3426 3429 dis-

1837 3465 2121 3530 simulare,
2171 3473 2336 3536 atque
2384 3465 2686 3528 remittere,
2723 3465 2791 3520 de
2831 3475 3029 3521 caetero
3078 3477 3258 3522 autem
3293 3469 3432 3523 resi-

1837 3557 2185 3629 pisceﬂdum,
2213 3564 2269 3612 et
2297 3557 2480 3612 verbis
2509 3557 2633 3612 ﬁdei
2666 3557 2972 3612 cedendum
3006 3574 3152 3614 esse.
3185 3558 3266 3614 Ac
3287 3558 3438 3629 judi-

1836 3649 1997 3704 candi
2039 3663 2257 3720 quoque
2285 3665 2408 3704 eum
2447 3657 2774 3720 potestatem
2822 3658 3110 3722 propterea
3155 3653 3428 3722 recepisse

1836 3741 1992 3806 dicit,
2037 3742 2217 3812 ipsum
2263 3741 2476 3798 scilicet
2515 3740 2704 3797 Jesum
2743 3741 3050 3807 Christum,
3098 3743 3191 3814 qui
3223 3743 3426 3800 divinis

1836 3849 2067 3904 prorsus
2113 3834 2274 3890 factis
2310 3843 2364 3889 et
2419 3835 2679 3904 operibus
2725 3833 2870 3891 Deus
2920 3836 3198 3907 perfectus
3254 3838 3424 3909 (citra

1837 3935 2018 3981 tamen
2059 3925 2376 3997 peccatum)
2431 3927 2596 3980 homo
2650 3926 2964 3984 declaratus
3013 3944 3114 3998 pro
3168 3930 3424 3986 omnibus

1835 4017 2136 4074 cruciﬁxus
2169 4018 2262 4082 sit,
2293 4026 2348 4072 et
2377 4033 2409 4072 a
2440 4018 2670 4074 mortuis
2713 4020 3015 4074 resurrexit
3056 4020 3423 4091 omnibusque

130 4108 370 4181 ἀνδρῶν.

129 4216 316 4257 rerum
347 4201 729 4256 universarum
761 4200 952 4258 Deum.
977 4201 1318 4269 Quibusdam
1352 4202 1558 4271 itaque,
1584 4202 1728 4274 quod
1765 4201 2233 4256 resurrectionem
2276 4199 2345 4253 ab
2401 4214 2466 4253 eo
2527 4199 2800 4264 audirent,
2844 4217 2933 4257 res
2970 4210 3082 4257 tota
3122 4203 3419 4259 ludibrium

127 4300 180 4348 ct
207 4292 398 4347 fabula
432 4293 665 4348 videtur.
694 4290 927 4358 Quidam
971 4303 1178 4360 autem,
1216 4293 1402 4349 verbis
1455 4293 1576 4364 ejus
1639 4291 1958 4355 credentes,
2031 4307 2157 4346 eum
2239 4298 2542 4346 sectantur.
2615 4289 2670 4344 In
2731 4292 2935 4362 quibus
3005 4300 3058 4350 et
3123 4291 3420 4367 Dionysius

130 4385 462 4456 Areopagita
504 4385 595 4441 ille
643 4385 776 4452 fuit,
819 4402 964 4444 unus
1009 4405 1078 4444 ex
1124 4390 1474 4459 sapientibus
1525 4391 1633 4445 illis
1678 4396 1734 4446 et
1764 4387 1997 4443 delectis
2027 4389 2181 4442 viris.

208 4476 338 4531 Ἐπὶ
374 4478 528 4531 τόσον
561 4479 618 4532 δὲ
652 4481 800 4553 αὐτῷ
833 4483 902 4537 τά
932 4485 1032 4556 τῆς
1062 4483 1316 4548 πίστεως,
1349 4485 1425 4549 ὡς
1456 4485 1531 4556 μὴ
1562 4485 1723 4556 μόνον

1903 4480 2078 4537 Tanta
2100 4491 2278 4537 autem
2302 4481 2403 4536 fuit
2424 4483 2479 4536 in
2499 4481 2775 4537 Christum
2800 4480 2922 4541 llcle.
2949 4490 3006 4534 ut
3029 4497 3137 4536 non
3161 4483 3321 4537 modo
3337 4484 3421 4540 di-

129 4570 218 4624 τοῦ
269 4570 421 4623 θείου
465 4571 868 4644 καταξιωθῆναι
908 4575 1158 4648 λουτροῦ,
1206 4577 1342 4630 ἀλλά
1375 4578 1469 4631 καὶ
1497 4577 1584 4630 διὰ
1612 4595 1726 4648 χει-

1835 4593 1972 4648 gnus
2014 4575 2198 4629 divino
2237 4574 2455 4628 lavacro
2493 4581 2661 4638 esset,
2708 4572 2803 4628 sed
2843 4573 3009 4627 etiam
3052 4573 3225 4643 ipsius
3264 4573 3417 4630 Pauli

133 4664 237 4734 ρῶν
314 4663 530 4717 Παύλου
608 4665 846 4736 ’Λθηνῶν
905 4670 1351 4741 προχειρισθῆναι
1404 4670 1721 4736 ἐπίσκοπον,

1835 4669 2087 4724 nianibus
2137 4665 2551 4722 Atheniensium
2611 4665 3039 4722 constitueretur
3099 4669 3416 4739 episc0pus,

129 4756 219 4808 καὶ
265 4754 563 4825 ὑπερφυῶν
606 4755 961 4826 χαρισμάτων
1000 4756 1316 4829 ἀξιωθῆναι,
1357 4757 1563 4829 καὶτῷ
1595 4757 1724 4829 θείῳ

1835 4761 2077 4817 mirificis
2104 4775 2331 4831 prorsus
2363 4768 2526 4830 atque
2557 4758 2758 4813 divinis
2787 4759 3214 4817 charismatibus
3236 4769 3288 4816 et
3315 4761 3421 4815 do-

131 4843 488 4913 συτγενέσθαι
527 4843 795 4916 Ἱεροθέῳ,
818 4840 899 4909 οἷς
918 4847 946 4899 ὁ
973 4846 1180 4911 Παῦλος
1197 4848 1299 4901 ὃσα
1326 4848 1418 4928 καὶ
1443 4846 1724 4901 συνείσατο

1835 4853 1919 4907 nis
1949 4853 2200 4921 polleret,
2236 4851 2445 4906 viveret
2481 4851 2643 4906 etiam
2695 4850 3020 4908 familiarius
3068 4868 3192 4907 cum
3232 4853 3418 4909 divino

129 4937 203 4999 εἰς
230 4937 326 4990 τὸν
355 4937 538 5008 τρίτον
558 4937 749 5010 ἀρθεὶς
777 4939 1002 5011 οὐρανὸν
1033 4943 1125 4994 καὶ
1148 4944 1227 5006 είς
1252 4943 1343 4996 τὸν
1376 4943 1721 5015 παράδεισον,

1835 4946 1948 5000 viro
1983 4945 2318 5001 llicrotheo:
2352 4960 2583 5014 quorum
2617 4946 2834 5015 utrique
2873 4961 2962 4999 res
2997 4961 3240 4999 summas
3276 4944 3417 4999 Pau-

129 5029 545 5090 κατεπίστευσε,
587 5031 716 5103 περί
735 5049 794 5084 τε
816 5033 914 5103 τῆς
943 5032 1218 5102 θεολογίας
1246 5037 1340 5088 καὶ
1362 5036 1608 5109 περὶτῆς
1635 5037 1727 5089 ού-

1835 5037 1935 5101 lus,
1971 5046 2029 5090 ut
2068 5052 2164 5092 eas
2205 5037 2262 5090 in
2305 5037 2525 5090 tertium
2563 5050 2736 5106 usque
2769 5037 2968 5090 cmlum
3009 5043 3062 5090 et
3099 5037 3412 5106 paradisum

133 5121 316 5189 ρανίου
350 5124 637 5195 ίεραρχίας
667 5142 726 5178 τε
757 5126 849 5178 καὶ
881 5125 1313 5198 διακοσμήσεως,
1342 5127 1378 5182 ἃ
1412 5129 1471 5191 ἐς
1500 5128 1724 5200 ὕστερον

1835 5129 2009 5199 ipsum
2039 5136 2228 5198 raptus
2260 5126 2549 5189 didicerat,
2595 5128 2954 5192 concredidit,
2997 5137 3050 5183 et
3094 5129 3161 5183 de
3204 5129 3416 5182 theolo-

131 5214 220 5265 καὶ
247 5218 438 5286 γραφῇ
469 5215 762 5286 παρεδόθη.
795 5217 1070 5281 Διονύσιος
1093 5219 1168 5283 δὲ,
1204 5219 1296 5271 τὸν
1334 5218 1490 5288 λόγον
1515 5221 1614 5291 τῆς
1635 5221 1725 5272 εύ-

1835 5218 1934 5288 gia,
1969 5215 2174 5287 Deique
2214 5215 2362 5270 verbi
2402 5217 2615 5270 ratione
2657 5217 2884 5281 scilicet,
2920 5233 3020 5272 nec
3060 5233 3167 5270 non
3203 5217 3411 5273 (αλιος)ιί

1755 4097 1799 4154 C
1833 4111 2213 4181 spectantibus
2257 4109 2326 4164 ad
2369 4125 2530 4164 suum
2573 4110 2627 4164 in
2675 4111 2874 4164 coelum
2924 4113 3151 4167 redierit
3180 4113 3421 4181 Patrem,
3517 4159 3524 4166 .

133 5305 346 5368 σεϐείας
401 5307 670 5378 λαμπρῶς
719 5310 1281 5380 παρρησιασάμενος,
1352 5312 1444 5364 ἐπὶ
1510 5311 1724 5375 πολλοῖς

133 5395 271 5450 ἔτεσι
317 5397 459 5452 κατά
499 5399 598 5471 τὴν
639 5398 878 5465 ἑσπέραν
909 5400 1138 5467 δοξάσας
1185 5401 1436 5474 Χριστὸν,
1475 5404 1554 5466 είς
1583 5401 1719 5472 βαθὺ

133 5485 305 5556 γῆρας
356 5487 529 5557 ἥκων,
591 5488 685 5540 καὶ
723 5489 801 5559 τῷ
839 5489 979 5560 ύπὲρ
1023 5488 1187 5542 αὑτοῦ
1236 5489 1520 5561 μαρτυρίῳ
1554 5507 1716 5542 κατε-

135 5577 400 5648 κοσμήθη.
431 5580 568 5632 Φασὶ
599 5579 659 5631 δὲ
705 5580 890 5643 αὑτὸν,
924 5581 1023 5651 τὴν
1057 5580 1231 5651 κάραν
1265 5579 1408 5650 ξίφει
1446 5580 1717 5633 διακοπεῖ-

137 5683 226 5720 σαν
290 5669 394 5722 ἀνὰ
456 5674 644 5742 χεῖρας
691 5671 944 5734 λαϐόντα,
1002 5672 1094 5724 ἐπὶ
1139 5672 1287 5742 μίλια
1329 5672 1422 5724 δύο
1465 5670 1711 5725 ὁδεῦσαιο

137 5758 305 5815 ἐκεῖσε
331 5762 391 5814 δὲ
416 5764 635 5831 γυναικὶ
667 5764 979 5834 ἐντυχόντα,
1010 5763 1348 5836 παραθέσθαι
1386 5764 1589 5834 ταύτην
1621 5765 1717 5816 αύ-

140 5856 218 5923 τῇ.
254 5857 396 5909 Ὅσα
429 5873 494 5926 γε
531 5856 636 5928 μὴν
668 5857 1045 5930 συνεγράψατο
1089 5858 1312 5930 θεωρίᾳ,
1363 5858 1453 5913 καὶ
1484 5859 1716 5929 νοήμασι

1007 6029 1020 6062 γ

1825 5307 2138 5362 hierarchia
2176 5321 2468 5375 rerumque
2512 5308 2819 5363 caelestium
2852 5306 3256 5362 absolutissima
3293 5307 3410 5362 dis-

1826 5399 2097 5470 positione
2138 5406 2302 5468 atque
2333 5399 2699 5463 ordinatione,
2743 5415 2879 5470 quas
2911 5416 2996 5454 res
3027 5406 3211 5467 postea
3245 5400 3410 5453 etiam

1823 5490 1878 5543 in
1906 5491 2110 5559 scripta
2149 5489 2354 5544 retulit.
2384 5488 2674 5561 Dionysius
2719 5506 2901 5560 porro,
2929 5490 3148 5543 verbum
3195 5490 3410 5557 pietatis

1823 5584 2046 5652 verique
2087 5583 2269 5636 cultus
2313 5583 2596 5652 magniﬁce
2635 5582 2999 5653 przedicando,
3039 5597 3232 5652 magna
3274 5599 3409 5637 usus

1823 5686 1905 5730 est
1934 5675 2204 5737 libertate,
2237 5676 2543 5742 multosque
2585 5689 2758 5726 annos
2789 5674 2841 5726 in
2873 5673 3122 5744 partibus
3151 5672 3409 5728 occiden-

1825 5766 2026 5820 talibus
2075 5766 2353 5819 Christum
2396 5764 2729 5834 glorilicans,
2771 5762 2837 5815 ad
2886 5764 3110 5817 multam
3160 5763 3408 5833 pervenit

1829 5865 2185 5912 senectutem.
2223 5867 2273 5912 et
2307 5874 2404 5926 pro
2447 5856 2567 5924 ipso
2608 5855 2853 5926 martyrii
2894 5871 3095 5910 corona
3127 5865 3208 5911 est
3239 5855 3400 5912 coho-
