3874 6612
158 449 264 506 sn
1137 443 1316 515 vm,
1350 443 1678 503 AUCTORE
1712 419 2062 501 modum
2098 441 2434 503 SYNGELO.
3311 454 3412 507 ωδ

494 770 1594 983 ΜΙΧΑΗΑ
1704 743 3090 988 ΣΥΓΓΕΑΟΥ

1293 1066 1790 1120 ΠΡΕΣΒΥΤΕΡΟΥ
1827 1069 2311 1122 ΙΕΡΟΣΟΛΥΜΩΝ

725 1231 1312 1321 ΕΓΚΩΜΙΟΝ
1375 1229 1546 1317 ΕΙΣ
1591 1233 1814 1317 ΤΟΝ
1861 1232 2196 1318 ΑΓΙΟΝ
2253 1227 2845 1321 ΔΙΟΝΥΣΙοΝ

806 1585 1838 1809 MICHAELIS
1942 1590 2336 1782 sYN

2083 1485 2781 1748 YNGELI
2866 1696 2968 1732 ω.
3026 1589 3613 1832 ξηραί,

1244 1863 1677 1920 PRESBYTER]
1713 1860 2348 1918 HIEROSOLYMITANI

508 2038 1158 2133 ENCOMIUM
1238 2035 2235 2140 BEATl_DIONYSII
2313 2038 3126 2134 ABEOPAGITJE

154 2246 277 2299 Per
307 2235 623 2301 Basilium
655 2234 1022 2299 Millanium
1069 2231 1428 2312 Casinatem
1488 2228 1868 2312 monachum
1891 2229 2250 2312 _La_tinitate
2283 2230 2587 2293 donatum
2621 2239 2813 2312 atque
2844 2235 2923 2296 ab
2965 2236 3194 2298 eodem
3225 2237 3408 2303 Petro

1094 2308 1424 2372 Lansselio
1467 2308 1761 2387 pluribus
1788 2309 1853 2369 in
1890 2307 2053 2370 locis
2081 2307 2480 2395 castigatum.

227 2613 498 2686 Οὐρανίαν
540 2611 707 2673 ὅντως
751 2610 844 2663 καὶ
883 2608 1032 2663 θείαν
1064 2608 1170 2662 ἔδει
1205 2610 1458 2681 παρεῖναι
1492 2608 1737 2678 γλῶτταν

1913 2604 2080 2678 359
2101 2603 2391 2659 leestem
2422 2619 2652 2676 prorsus
2685 2616 2848 2679 atque
2871 2607 3108 2668 divinam
3149 2616 3407 2689 linguam,

146 2708 262 2760 τῶν
293 2704 651 2775 θεοπέμπτων
684 2703 776 2757 καὶ
800 2701 1039 2773 πυρίνων
1069 2700 1325 2770 γλωττῶν
1354 2701 1596 2767 ἐκείνων,
1627 2698 1676 2755 οἷ

1880 2711 2070 2766 amque
2095 2710 2162 2750 ex
2191 2695 2315 2749 illis.
2333 2711 2454 2775 quae
2488 2698 2658 2768 ignea:
2685 2714 2751 2755 ac
2783 2702 3002 2760 caelitus
3032 2719 3063 2758 a
3091 2705 3204 2762 Deo
3232 2711 3410 2768 missa

145 2802 267 2862 τοῖς
294 2797 593 2858 αύτόπταις
621 2793 714 2848 τοῦ
735 2794 893 2863 λόγου
939 2792 1032 2844 καὶ
1071 2791 1369 2864 ὑπηρέταις
1391 2792 1675 2863 διανενὲμη

1880 2802 1992 2842 iere
2018 2787 2326 2856 cuiusmodi
2353 2774 2478 2841 Filii
2504 2787 2600 2846 Dei
2626 2794 3032 2861 spectatoribus
3062 2811 3127 2852 ac
3143 2802 3410 2860 ministris

145 2910 263 2954 ται,
306 2890 401 2943 καὶ
432 2890 613 2960 φωνὴν
646 2883 961 2956 ἀγγελικὴν,
994 2882 1072 2953 τῷ
1106 2879 1469 2953 ἐγκωμιάζειν
1505 2881 1675 2936 ἐθέλον

1882 2879 2140 2951 ispertitze
2168 2889 2318 2945 sunt,
2365 2887 2418 2935 et
2447 2882 2746 2952 angelicam
2783 2900 2971 2941 vocem
3014 2899 3304 2960 suppetere
3334 2893 3412 2950 illi

147 2983 432 3038 Διονύσιον
469 2977 560 3035 τὸν
602 2979 954 3050 θεοφάντορα,
993 2976 1082 3029 τὸν
1122 2976 1224 3045 τῆς
1252 2976 1425 3029 πάντα
1460 2974 1677 3046 θεωμέν

1881 2981 2131 3042 porteret,
2163 2971 2256 3041 qui
2280 2970 2348 3027 de
2375 2972 2576 3028 divinis
2596 2976 2867 3044 praeconis
2889 2975 3130 3050 Dionysii
3162 2981 3411 3042 laudibus

148 3081 248 3132 καὶ
282 3075 582 3146 ἁγαθότητι
611 3068 861 3125 παντελεῖ
893 3067 1068 3121 πάντα
1100 3066 1459 3139 περιθεούσης
1487 3069 1582 3121 καὶ
1615 3085 1677 3122 συ

1881 3071 1909 3117 ,ι
1951 3063 2202 3120 dicturus
2238 3084 2252 3119 :
2296 3064 2390 3135 qui
2421 3067 2606 3120 omnia
2634 3070 2970 3137 contuentis,
3009 3072 3411 3147 singularisque

146 3169 388 3241 εχούσης
444 3160 725 3235 Θεότητος,
764 3160 863 3231 τῆς
905 3160 962 3210 ἐν
992 3161 1056 3230 τῇ
1088 3157 1393 3229 ὑπερουσίῳ
1432 3159 1526 3210 ml.
1566 3159 1676 3229 ι’)ττεΙ

1877 3172 1934 3211 eu
1964 3155 2367 3235 perfectissima
2387 3157 2722 3228 benignitate
2743 3161 2950 3216 circum
2979 3165 3161 3220 omnia
3184 3182 3407 3225 cursano

149 3265 286 3335 θέῳ,
317 3261 413 3315 καὶ
448 3255 781 3330 ὑπεραγάθῳ
806 3249 1496 3335 Τριὰδιᾷπροσκυνουμινης
1525 3252 1617 3306 ml.
1642 3251 1679 3303 la

1887 3262 1913 3301 s
1944 3261 2008 3300 ac
2029 3247 2364 3302 continentis
2395 3247 2719 3317 divinitatis,
2750 3267 2872 3321 quae
2891 3253 2949 3307 in
2980 3251 3269 3322 Trinitate,
3293 3275 3414 3330 quae

147 3328 491 3428 τρευομένης
522 3328 826 3422 ὑμνήτορα’
868 3346 958 3398 τὸν
991 3328 1099 3398 τῶν
1141 3341 1456 3413 θεωνυμιῶν
1505 3344 1598 3396 καὶ
1628 3345 1677 3397 τί

1884 3354 2052 3393 ιιιιωα
2081 3339 2349 3395 divinitas
2371 3347 2476 3407 est,
2513 3356 2742 3412 quaeque
2791 3344 3153 3402 substantiam
3196 3328 3414 3406 omnem

147 3446 488 3517 ἀπορρήτων
520 3439 714 3494 θεῖκῶν
755 3435 1065 3509 μυστηρίων
1098 3431 1489 3502 θεολογὼτατον
1523 3435 1677 3504 ὑφηγι

1884 3449 1904 3488 ι
1937 3433 2250 3488 bonitatem
2264 3432 2560 3499 antecellit,
2596 3434 2859 3490 adoratur
2899 3446 2953 3493 et
2978 3438 3194 3506 colitur,
3226 3443 3414 3498 lauda-

147 3555 290 3608 τορα
308 3554 322 3565 ·
358 3535 449 3588 τὸν
473 3533 573 3603 τῆς
595 3530 847 3602 οὐρανίας
878 3525 1156 3599 ἱεραρχίας
1189 3524 1478 3596 ἐξηγητὴν,
1509 3526 1602 3578 καὶ
1628 3526 1677 3578 τί

1883 3541 1926 3580 ιι·
1948 3525 2071 3581 fuit.
2105 3525 2207 3592 Qui
2234 3525 2326 3581 Dei
2357 3527 2780 3596 appellationum
2806 3539 2861 3584 et
2891 3530 3241 3588 ineﬂ‘abilium
3272 3535 3413 3592 divi-

147 3626 422 3700 οὐρανίων
445 3641 529 3677 vos
539 3621 643 3696 ρῶν
666 3619 1084 3692 στρατευμάτων
1100 3616 1386 3688 ἐπαινέτην
1415 3615 1508 3668 καὶ
1557 3611 1677 3666 διακ

1883 3635 2036 3674 orum
2065 3618 2454 3690 mysteriorum
2487 3621 2950 3688 sapientissimum
2997 3627 3104 3696 egit
3149 3627 3413 3698 interpre-

152 3719 428 3792 σμήτορα,
469 3717 558 3768 καὶ
615 3713 706 3767 τὸν
754 3711 861 3765 τῶν
916 3708 1382 3780 ἐκκλησιαπικῶν
1441 3709 1682 3777 διακοσμπ

1885 3727 1985 3778 un;
2018 3711 2111 3781 qui
2155 3710 2223 3766 de
2259 3725 2418 3764 sacro
2450 3713 2662 3766 caelesti
2701 3716 3010 3786 principatu
3040 3719 3320 3786 disseruit,
3352 3735 3415 3777 ac

153 3829 318 3870 σεων,
354 3806 675 3880 ἱεραρχικῆς
712 3822 771 3858 τε
812 3804 907 3856 ml.
935 3802 1297 3875 προηγεσίας,
1337 3802 1429 3854 m‘t
1478 3801 1682 3873 ίεροτελ

1886 3803 2055 3857 lvinas
2097 3801 2340 3856 cmlestis
2389 3801 2598 3857 militiae
2634 3812 2843 3860 mentes
2891 3810 3121 3864 summis
3166 3811 3416 3866 laudibus

155 3903 335 3965 στίας,
360 3900 453 3952 καὶ
473 3896 840 3967 τελεταρχίας,
876 3894 968 3946 καὶ
987 3895 1165 3964 πάσης
1185 3893 1522 3964 Χριστιανῶν
1552 3892 1685 3946 θεοσε

1885 3893 2142 3947 (ornavit.
2175 3892 2278 3958 Qui
2325 3892 2839 3950 Ecclesiasticorum
2865 3897 3123 3953 ordinum
3164 3903 3415 3973 sacrique

153 3993 286 4062 φίας
316 3991 412 4042 καὶ
443 3987 770 4059 ὼραιότητος
795 3983 1000 4055 μύστην
1029 3979 1122 4035 mi
1147 3983 1501 4054 μυσταγωγὸν
1529 3984 1619 4036 καὶ
1643 3984 1683 4034 ἐς

1885 3984 2212 4054 lagistratus,
2247 3993 2449 4039 etcum
2486 3985 2656 4039 divini
2697 3988 2972 4052 sacriﬁcii,
3003 3997 3138 4044 tum
3160 4006 3415 4048 cmremoa

153 4085 438 4154 φάντοραο
489 4079 581 4133 τὸν
627 4077 716 4132 διὰ
767 4077 1113 4149 καθαρότητα
1173 4075 1308 4146 βίου,
1346 4075 1439 4128 καὶ
1487 4075 1683 4128 παντοί‹

1887 4075 2057 4128 larum
2106 4089 2182 4128 ac'
2208 4075 2389 4130 omnis
2426 4075 2624 4130 divina:
2662 4075 3099 4154 Christianorum
3135 4084 3417 4152 sapientia:

153 4175 366 4246 ἀρετῆς
400 4172 729 4241 τελειότητα,
759 4171 892 4242 πρὸς
935 4169 1147 4222 Παύλου
1189 4168 1282 4220 τοῦ
1321 4168 1606 4220 θεσπεσίου
1634 4167 1683 4219 τί

1887 4172 2008 4234 tque
2029 4164 2246 4220 decoris
2264 4165 2479 4233 doctor,
2501 4165 2613 4220 dux
2633 4174 2686 4221 et
2697 4149 3018 4237 explanator
3044 4170 3165 4224 fuit.
3194 4149 3297 4238 Qui
3323 4189 3417 4243 pu-

153 4270 437 4340 ὀφθέντων
467 4263 614 4335 αὐτῷ
653 4265 744 4318 καὶ
779 4263 1145 4335 ἐνηχηθέντων
1182 4263 1262 4325 είς
1298 4261 1476 4334 τρίτον
1516 4261 1683 4332 ούραν

1897 4265 2006 4313 tate
2038 4258 2159 4313 vitae
2181 4273 2246 4314 ac
2275 4257 2578 4330 omnigenae
2606 4261 2827 4316 virtutis
2847 4263 3169 4318 excellentia
3193 4279 3419 4322 concre-

155 4360 465 4435 ἀρπαγὲντι
495 4358 785 4428 θεαμάτων
829 4358 921 4409 καὶ
968 4354 1328 4426 ἀκουσμάτων
1370 4355 1685 4424 ἐμπεπιστεη

1888 4350 2017 4404 itum
2045 4349 2150 4406 sibi
2180 4364 2210 4403 a
2243 4349 2369 4406 divo
2402 4349 2574 4405 Paulo
2602 4353 2922 4423 mysterium
2953 4369 3163 4420 eorum,
3206 4371 3327 4426 qua:
3361 4358 3418 4412 in

160 4457 325 4528 μένον
359 4452 458 4523 τὴν
487 4448 686 4522 μύησιν
705 4466 718 4479 ο
749 4448 839 4501 τὸν
864 4447 958 4500 τοῦ
991 4444 1345 4500 ἁποστολικοῦ
1385 4443 1546 4518 χοροῦ
1579 4461 1690 4498 συντ

1889 4443 2064 4497 :rtium
2088 4443 2204 4513 ipse
2233 4443 2433 4498 cmlum
2457 4450 2647 4514 raptus
2664 4446 2892 4511 viderat,
2925 4461 2992 4502 ac
3015 4448 3298 4505 audiverat
3326 4465 3419 4506 ac-

156 4544 423 4614 λικιὼτην
456 4542 548 4594 καὶ
587 4537 892 4610 συνόμιλον,
921 4537 1015 4591 καὶ
1045 4536 1189 4591 κατὰ
1220 4537 1345 4599 τοὺς
1386 4537 1562 4606 ἱεροὺς
1594 4535 1686 4604 ὰγί

1890 4537 2006 4606 ιιιὶι.
2021 4535 2124 4602 Qui
2148 4536 2522 4607 apostolorum
2538 4538 2704 4593 cmtui
2722 4546 2965 4611 tempore
2987 4541 3235 4612 aequalis,
3260 4542 3420 4598 fami.

158 4656 255 4703 νας
292 4633 626 4706 ἐφάμιλλον·
655 4627 746 4685 τδν
781 4632 839 4684 ἐν
875 4630 1154 4702 ίεράρχαις
1189 4627 1611 4700 πανιερώτατον,
1652 4646 1686 4682 κ

1888 4629 2079 4682 aritate
2091 4627 2341 4696 junctus,
2361 4635 2525 4698 atque
2554 4629 2609 4682 in
2626 4629 2800 4684 sacris
2817 4630 3210 4690 certaminibus
3230 4634 3418 4690 socius

160 4734 218 4785 ἐν
252 4731 492 4804 μάρτυσι
527 4722 927 4797 λαμπρότατον,
966 4723 1060 4777 ml
1092 4724 1149 4776 ἐν
1181 4721 1448 4791 θεολόγοις
1474 4722 1690 4791 θεοσοφιὲ

1892 4764 1896 4772 .
1927 4720 2221 4775 auxiliator
2251 4718 2389 4787 fuit;
2415 4721 2508 4790 qui
2545 4721 2688 4776 inter
2707 4723 2968 4790 praesules
2989 4725 3422 4791 sacratissimus,

159 4841 345 4886 τατον,
393 4820 488 4874 καὶ
519 4819 580 4871 ἐν
605 4813 1475 4892 διδασκάλοιςςφαπιστικὼτατον.
1496 4812 1677 4877 Ὅθεν,

1889 4820 1985 4866 iter
2020 4821 2289 4882 martyres
2321 4811 2694 4875 clarissimus,
2723 4812 3031 4868 divinarum
3064 4829 3249 4870 rerum
3280 4817 3419 4873 inter

161 4915 304 4968 θεῖον
367 4911 688 4984 ἱεράτευμα,
744 4908 838 4961 καὶ
895 4906 1045 4970 ἔθνος
1098 4906 1272 4974 ἅγιον,
1309 4906 1402 4958 καὶ
1467 4902 1691 4956 θεόλεκτ‹

1893 4905 2127 4976 leologos
2156 4905 2605 4968 callentissimus,
2633 4906 2924 4976 magistros
2949 4921 3139 4963 omnes
3159 4908 3423 4964 doctrina:

163 5008 440 5078 σύστημα,
465 5001 679 5057 δέδοικα
719 5000 792 5072 μὴ
825 5002 939 5063 τοῖς
967 4997 1060 5051 τοῦ
1093 4997 1333 5050 τοιούτου
1361 4996 1594 5068 μεγάλου
1629 5012 1693 5064 φο

1886 4997 2169 5054 laritudiue
2217 4999 2517 5067 superavit.
2579 4995 2846 5063 Quocirca
2899 5013 3058 5055 sacer
3109 4999 3416 5064 confessus,

162 5102 362 5172 στῆρος
377 5094 643 5167 ἐγχειρῶν
673 5091 986 5162 ἐγκωμίοις,
1006 5089 1238 5159 θράσους
1263 5088 1480 5160 γραφὴν
1514 5087 1692 5141 ἀπενέι

1889 5101 1976 5142 ωε
2005 5095 2218 5150 sancta,
2243 5087 2437 5142 concio
2459 5086 2569 5142 Deo
2586 5085 2790 5150 dicata,
2814 5101 3008 5143 vereor
3028 5105 3097 5145 ne
3120 5091 3301 5161 magni
3319 5089 3419 5144 bu-

160 5207 376 5264 κωμαι·
397 5187 520 5243 οὐδὲ
543 5187 651 5259 γὰρ
683 5186 769 5250 ἂν,
801 5185 849 5236 εί
883 5184 1049 5236 πᾶσαι
1078 5180 1379 5234 συνέλθοιεν
1400 5179 1534 5251 ὁμοῦ
1557 5180 1613 5232 αἱ
1635 5179 1690 5230 τὲ

1890 5175 2004 5233 isce'
2038 5177 2262 5234 luminis
2303 5178 2492 5234 laudes
2521 5177 2705 5233 dicere
2736 5193 3057 5250 aggressus,
3098 5181 3420 5238 temeritatis

162 5285 381 5339 πώποτε
417 5281 717 5351 γεγονότων
748 5277 987 5348 ρητόρων
1008 5272 1344 5342 εύγλωττίαι,
1375 5271 1620 5323 δύναιντο
1646 5270 1692 5321 τὶ

1891 5270 2052 5324 τὶιιιεη
2091 5270 2390 5325 incurram.
2433 5270 2596 5342 360
2622 5269 2808 5341 Neque
2841 5273 2983 5327 enim
3019 5274 3064 5328 si
3095 5274 3271 5329 omnis
3302 5290 3421 5329 om-

160 5371 466 5452 ἀκρότητος
497 5371 778 5442 ἐφικέσθαι
805 5369 912 5422 τῶν
942 5370 1058 5421 κατ’
1096 5365 1248 5432 ἀξίαν
1273 5365 1506 5416 ἐπαίνων
1534 5361 1626 5414 τοῦ
1653 5378 1690 5413 ει

1887 5360 1999 5414 ium
2035 5369 2306 5431 quotquot
2340 5379 2580 5433 unquam
2623 5363 2774 5418 fuere
2817 5364 3093 5418 rhetorum
3122 5367 3204 5420 vis
3243 5381 3306 5422 ac
3336 5367 3417 5422 di-

165 5451 518 5537 φημουμένου
551 5460 942 5530 θεορῤήμονος·
978 5457 1048 5527 μή
1079 5455 1130 5506 τί
1163 5472 1226 5521 γε
1258 5453 1317 5505 τὸ
1346 5452 1445 5522 τῆς
1470 5451 1607 5521 ἐμῆς
1631 5451 1695 5504 διε

1893 5452 2008 5507 ιιιᾱὶ
2048 5452 2278 5508 facultas
2307 5453 2414 5509 huc
2447 5455 2610 5510 simul
2640 5456 2877 5517 adesset,
2911 5456 3074 5525 hujus
3103 5457 3204 5510 viri
3237 5457 3423 5516 divina

163 5557 312 5620 νοίας
335 5555 466 5625 περὶ
492 5553 618 5612 τοὺς
645 5550 834 5618 λόγους
863 5546 1109 5618 ἀδρανὲς.
1149 5544 1283 5596 Ἀλλ’
1303 5539 1395 5596 οὖν
1428 5545 1493 5612 τῇ
1517 5559 1693 5613 προσρ

1890 5543 2156 5611 loquentia
2185 5543 2417 5614 praediti,
2449 5543 2607 5613 cujus
2637 5545 2825 5600 laudes
2852 5545 3011 5601 nobis
3035 5550 3420 5616 proposuimus

303 5647 404 5716 τῆς
462 5639 732 5714 ὑμετέρας
788 5639 1006 5709 ἀγάπης
1049 5639 1140 5690 ml.
1170 5637 1404 5698 πίστεως
1448 5633 1629 5695 εἴκων,
1671 5649 1695 5684 τ

1890 5650 2120 5690 mmmam
2165 5637 2388 5691 laudum
2421 5639 2691 5709 attingere
2731 5639 2927 5693 nedum
2969 5639 3170 5710 ingenii
3214 5643 3319 5697 mei
3353 5643 3420 5696 ad

163 5741 306 5811 Θεῷ,
341 5739 438 5792 καὶ
469 5735 548 5804 τῷ
580 5733 740 5804 ἁγίῳ,
767 5733 858 5785 καὶ
886 5733 1016 5801 ὑμῖν
1039 5730 1309 5803 προσοίσω
1336 5728 1397 5780 τὸ
1426 5725 1562 5780 κατὰ
1589 5725 1693 5779 δύν‹

1893 5727 2214 5811 loquendum
2256 5729 2604 5786 imbecillitas
2633 5746 2730 5800 pro
2749 5730 3012 5799 dignitate
3042 5735 3263 5804 assequi
3295 5749 3423 5804 pos~

171 5847 264 5900 μιν
286 5847 298 5859 ο
337 5828 435 5880 καὶ
473 5825 582 5895 γὰρ
616 5825 663 5875 εἰ
695 5821 984 5894 ἡττηθείην
1027 5821 1134 5872 τῶν
1165 5817 1544 5890 προσηκόντων
1578 5817 1701 5882 ἐγκο

1895 5825 1932 5871 ιι
1956 5833 1970 5870 :
1994 5828 2370 5876 verumtamen
2394 5822 2546 5877 vobis
2574 5838 2778 5876 morem
2803 5837 3018 5894 gerens,
3042 5825 3138 5894 qui
3167 5843 3252 5882 me
3281 5827 3425 5898 (quas

174 5923 312 5994 μίων
357 5923 470 5983 τοῖς
507 5917 602 5970 τοῦ
642 5914 1118 5986 ἐγκωμιαζομένου
1170 5912 1601 5966 πλεονεκτήμασι
1655 5926 1704 5961 κι

1891 5917 2034 5964 estra
2071 5911 2314 5968 cllaritas
2352 5920 2456 5980 est,
2491 5920 2544 5969 et
2572 5918 2628 5968 in
2660 5913 2827 5970 Deum
2858 5915 3018 5986 fides)
3055 5917 3124 5972 ad
3159 5919 3260 5975 hoc
3290 5921 3421 5975 bor-

495 6015 783 6074 PATROL.
834 6012 950 6076 Gn.
985 6010 1098 6071 ιν.

3053 6011 3130 6072 20
