3874 6538
481 393 584 450 619

1651 387 1707 442 s.
1748 345 2049 443 monvsu
2090 378 2554 440 AREOPAGI'LE

3647 379 3750 433 εει)

480 511 694 576 tamini,
729 509 873 575 Deo,-
908 525 1022 565 νιΓο
1075 514 1285 571 sancto,
1324 515 1565 580 itemque
1603 509 1764 564 vobis
1793 509 2062 579 quidquid

2176 509 2545 580 προτερήμασι
2589 506 2680 560 καὶ
2713 501 3092 577 ἀριστεύμασι,
3130 501 3303 572 χαίρω
3338 500 3458 554 λίαν
3499 515 3747 571 ηττωμε-

480 613 694 674 potero,
726 602 918 658 lubens
957 601 1246 670 praestabo.
1287 599 1422 654 Nam
1467 600 1513 655 si
1547 615 1634 654 me
1663 600 1866 654 laudati
1902 599 2063 656 istius

479 695 583 749 viri
605 694 845 758 laudum,
873 708 992 763 quae
1022 692 1099 746 illi
1129 698 1434 762 congruent
1473 691 1741 753 ubertate,
1785 691 2061 762 magnitu-

479 789 608 844 dine
647 795 810 858 atque
845 786 1162 858 praestantia
1198 785 1440 855 superari
1465 783 1778 854 contigerit,
1804 784 1948 838 vinci
1975 799 2063 837 me

2167 617 2282 663 νος·
2316 601 2376 652 οὐ
2400 599 2508 671 γὰρ
2533 599 2817 668 ἐλάττωμα
2840 596 2917 667 τῷ
2949 594 3322 664 ἐπαινουμένῳ
3360 592 3421 645 τὸ
3466 593 3561 645 τοῦ
3596 596 3750 646 ἐπαι-

2169 691 2383 754 νοῦντος
2409 693 2466 743 ἐν
2486 692 2604 753 ταῖς
2617 690 2716 759 τῆς
2736 687 3181 760 ἐγκωμιαστικῆς
3200 685 3452 756 φράσεως
3465 686 3748 755 ἁρμονίαις

2169 784 2307 853 ἧττη
2315 800 2409 853 μα.

479 881 709 937 libenter
754 879 953 949 patiar.
999 875 1185 945 Neque
1245 875 1390 931 enim
1422 875 1589 929 ullum
1621 875 1671 928 ei
1703 874 1796 946 qui
1863 874 2117 928 laudatur
2161 874 2420 930 damnum
2488 873 2753 939 infertur,
2815 876 2863 930 si
2925 862 3032 945 qui'
3080 874 3228 929 hunc
3283 875 3466 947 ipsum
3523 873 3745 928 laudat.

479 972 816 1029 ornamentis
879 979 934 1026 et
993 975 1257 1039 apparatu
1318 967 1576 1022 laudandi
1634 968 1849 1039 generis
1899 974 2210 1036 superetur.

549 1071 708 1129 Unde
764 1070 928 1140 igitur
980 1067 1159 1122 laudis
1206 1064 1536 1135 principium
1571 1066 1820 1120 sumam?
1859 1063 2064 1119 Rheto-

477 1180 676 1219 rumne
722 1163 780 1216 in
827 1159 1132 1216 scribendis
1160 1157 1415 1214 laudibus
1461 1159 1748 1228 praeceptis
1775 1167 1896 1212 utar
1921 1158 2063 1228 (qua:

482 1257 550 1311 ab
582 1256 672 1319 iis,
707 1269 828 1324 quae
848 1252 998 1307 humi
1033 1252 1543 1322 repunt,labuntur,
1568 1264 1632 1303 ac
1652 1249 1883 1305 subinde
1907 1249 2065 1303 aliter

481 1351 843 1403 immutantur
871 1354 925 1400 et
945 1345 1241 1408 intereunt,
1272 1351 1332 1398 ut
1356 1351 1484 1398 sunt
1511 1356 1704 1413 genus,
1738 1340 1938 1410 patria,
1977 1339 2064 1395 di-

484 1441 632 1495 vitia:
672 1438 862 1493 mundi
897 1437 1082 1506 hujus,
1124 1437 1296 1507 gloria
1323 1446 1375 1491 et
1396 1435 1644 1499 ambitio,
1677 1433 1786 1503 peti
1823 1434 2052 1504 solent),

484 1531 616 1589 dum
637 1530 785 1585 illius
813 1529 906 1599 qui
927 1528 1010 1582 bis
1041 1527 1297 1582 omnibus
1320 1525 1607 1581 sublimior
1623 1531 1726 1588 est,
1749 1531 1802 1578 et
1826 1522 2068 1593 qualibet

485 1622 714 1677 nimium
763 1619 1014 1674 mutabili
1059 1618 1202 1672 fama
1240 1634 1303 1672 ac
1347 1619 1586 1672 humana
1639 1618 1814 1688 gloria
1867 1616 2064 1686 maior,

485 1715 678 1771 laudes
715 1714 983 1784 corrogo?
1021 1711 1104 1766 An
1135 1712 1202 1766 ab
1233 1711 1565 1782 incorruptis
1613 1713 1796 1782 potius
1837 1725 1901 1764 ac
1943 1725 2071 1765 vere

484 1809 681 1873 beatis,
722 1823 785 1863 ac
814 1823 910 1878 per
934 1806 1133 1864 saecula
1164 1805 1446 1859 duraturis
1481 1803 1732 1857 laudibus
1762 1803 2061 1865 ordiemur,

2241 1066 2411 1120 Πόθεν
2447 1067 2735 1139 τοιγαροῦν
2763 1068 2862 1140 τῆς
2889 1066 3165 1138 εὐφημίας
3207 1066 3472 1138 ἀρξομαι;
3513 1066 3644 1128 Τοῖς
3665 1065 3748 1118 θεο

2171 1160 2329 1228 σμοῖς
2375 1157 2484 1210 τῶν
2519 1157 2820 1230 ῥητορικῶν
2869 1158 3160 1229 ἐγκωμίων
3213 1160 3512 1229 χρήσομαι,
3534 1160 3601 1209 ἐκ
3639 1158 3749 1210 τῶν

2167 1251 2338 1320 χαμαὶ
2365 1250 2692 1321 ἐρχομένων,
2719 1250 2813 1303 καὶ
2833 1249 3214 1321 διαλυομένων,
3240 1249 3334 1302 καὶ
3362 1249 3586 1304 ἄλλοθεν
3617 1249 3747 1312 ἄλλῃ

2170 1345 2638 1413 μεταπιπτόντων.
2681 1345 2776 1397 καὶ
2823 1343 3222 1417 φθειρομένωνο
3261 1343 3451 1412 γένους
3483 1343 3629 1414 φημὶ
3660 1347 3750 1396 καὶ

2170 1445 2446 1516 πατρίδος,
2505 1446 2598 1498 καὶ
2655 1445 2906 1507 πλούτου,
2961 1446 3058 1514 ¹καὶ
3108 1445 3376 1515 κοσμικῆς
3419 1444 3602 1514 δόξης,
3661 1447 3748 1498 καὶ

2170 1539 2486 1608 φαντασίας,
2509 1536 2586 1608 τῷ
2615 1537 2816 1591 τούτων
2839 1538 3093 1591 ἀπάντων
3119 1535 3430 1608 ὑψηλοτέρῳ
3456 1537 3551 1589 καὶ
3579 1537 3751 1609 κρείτ⁴

2168 1646 2282 1681 τονι
2305 1629 2493 1692 κλέους
2521 1629 2900 1700 εὐπαροίστου,
2946 1629 3039 1681 καὶ
3064 1629 3382 1697 καυχήσεως
3406 1628 3751 1700 ἀνθρωπίνης

2174 1721 2456 1784 ὑποθέσεις
2481 1721 2856 1793 ἐρανιζόμενος
2880 1737 2894 1785 ;
2929 1720 2962 1792 ἢ
3000 1719 3196 1790 μᾶλλον
3223 1719 3328 1773 ἀπὸ
3348 1719 3456 1772 τῶν
3487 1720 3751 1787 ἀφθίτων,

2168 1815 2263 1866 καὶ
2284 1815 2359 1877 ὼς
2386 1813 2599 1885 ἀληθῶς
2632 1813 2933 1884 μακαρίων,
2967 1811 3060 1865 καὶ
3079 1810 3484 1875 διαιωνιζόντων
3505 1811 3756 1883 αὐχημάδ

485 1917 624 1973 quas
662 1902 753 1956 ille
785 1917 852 1957 ex
891 1915 1001 1972 quo
1038 1915 1068 1953 a
1098 1898 1519 1954 simulacrorum
1553 1896 1702 1950 cultu
1728 1895 1948 1958 desivit,
1995 1895 2066 1950 ob

2176 1922 2296 1970 των,
2329 1906 2364 1960 ἃ
2392 1906 2480 1960 διὰ
2513 1908 2613 1979 τῆς
2642 1908 2722 1969 είς
2747 1905 2979 1978 Χριστὸν
3003 1905 3092 1958 τὸν
3119 1905 3287 1969 ὅντως
3319 1905 3446 1958 ὄντα
3479 1902 3615 1955 Θεὸν
3647 1900 3753 1958 ἀπὸ

489 1996 756 2066 insignem
791 2007 918 2064 erga
948 1991 1228 2046 Christum
1249 2002 1439 2043 verum
1464 1987 1655 2057 procul
1691 1986 1857 2042 dubio
1893 1986 2062 2042 Deum

491 2087 657 2141 animi
712 2085 1156 2156 prOpensionem,
1215 2095 1538 2150 morumque
1599 2080 1946 2150 probitatem,
2001 2093 2065 2134 ac

491 2179 871 2250 Evangelicam
902 2177 1321 2240 institutionem,
1365 2187 1466 2228 nec
1503 2187 1614 2226 non
1643 2173 1818 2227 lucta:
1851 2171 2065 2226 labores

377 2256 392 2275 ⁸
491 2270 698 2334 retulit,
733 2285 895 2339 quam
915 2270 1060 2324 enim
1083 2275 1421 2323 terrenorum
1445 2273 1753 2334 parentum,
1781 2266 1875 2334 qui
1904 2263 2065 2318 luteis

488 2363 654 2417 rebus
680 2377 805 2416 cum
830 2359 1130 2431 primisque
1157 2355 1644 2428 superstitionibus
1667 2355 1777 2411 sint
1807 2355 2064 2418 involuti,

485 2453 702 2511 natales
732 2449 800 2507 ad
829 2468 1014 2508 veram
1057 2452 1284 2522 gloriam
1321 2445 1692 2504 accessionem
1728 2447 1807 2500 illi
1841 2446 2062 2513 facient,

488 2545 584 2616 qui
615 2545 684 2600 ab
711 2545 954 2598 omnium
989 2540 1136 2612 Rege
1175 2541 1286 2596 Deo
1314 2539 1606 2609 adoptione
1646 2538 1718 2592 sit
1743 2529 1940 2609 dignus
1969 2538 2068 2592 hac

490 2639 662 2701 bitus,
695 2644 750 2691 et
772 2636 827 2690 in
859 2636 1113 2691 caelestes
1142 2634 1475 2704 Angeloruui
1493 2635 1715 2689 ordines
1744 2629 2070 2700 c00ptatus?

492 2737 550 2786 et
584 2744 693 2784 una
727 2743 853 2782 cum
897 2727 991 2782 Dei
1032 2727 1379 2796 praeconibus
1413 2725 1576 2781 Petro
1619 2733 1672 2781 et
1699 2723 1870 2778 Paulo
1912 2737 2070 2797 sacro

492 2821 722 2892 imperio
753 2827 807 2875 et
841 2820 1136 2889 apostolica
1165 2820 1574 2890 pulchritudine
1609 2819 1679 2875 sit
1708 2816 2066 2880 convestitus,

492 2913 764 2982 simulque
805 2911 1124 2967 beatissima
1176 2911 1267 2965 illa
1314 2912 1595 2966 nativitate
1630 2907 1970 2980 progenitus,
2007 2922 2072 2962 ac

489 3006 740 3077 martyrii
773 3005 946 3076 gloria
976 3003 1388 3059 circumdatus?
1433 3002 1519 3057 An
1558 3002 1734 3073 patria
1763 3000 1921 3071 equis
1954 3000 2072 3055 ovi-

495 3099 702 3168 busque
730 3097 952 3160 referta,
987 3096 1217 3166 campis,
1249 3095 1548 3159 montibus,
1608 3093 1860 3157 saltibus,
1913 3091 2071 3147 valli-

490 3190 706 3259 busque
740 3188 1160 3243 circummunita
1201 3203 1214 3240 :
1249 3187 1423 3258 pratis
1474 3187 1624 3250 item,
1658 3184 1976 3240 nemoribus
2007 3199 2070 3238 ac

494 3281 739 3351 quolibet
759 3281 1016 3334 arborum
1044 3287 1207 3350 atque
1241 3280 1552 3350 plantarum
1577 3293 1775 3350 genere
1795 3277 2073 3346 constipa-

495 3381 589 3438 ta;
620 3379 674 3426 et
702 3370 992 3425 maritimis
1012 3369 1282 3439 portubus
1312 3370 1726 3436 circumcincta,
1758 3367 2096 3434 ﬂuminibus,

494 3469 758 3530 praeterea
780 3460 1042 3524 fontibus,
1070 3461 1278 3532 stagnis
1309 3460 1714 3525 circumﬂuens,
1750 3459 2074 3532 magnitudi-

495 3569 566 3608 ne
593 3552 809 3608 demum
836 3553 1212 3618 aediﬁciorum,
1245 3567 1310 3606 ac
1349 3552 1755 3622 pulchritudine
1803 3552 2071 3622 praedita;

494 3661 724 3718 qumque
748 3647 998 3716 sepulcra
1026 3660 1237 3708 eorum,
1265 3645 1358 3714 qui
1379 3645 1518 3698 hanc
1545 3645 1971 3708 construxerint,
1994 3643 2072 3698 uti

493 3739 841 3802 miraculum,
893 3739 1346 3809 praetereuntibus
1405 3737 1670 3802 obtendit,
1729 3737 2070 3808 splendorem

495 3833 576 3887 illi
632 3832 868 3902 aliquem
911 3830 1119 3897 ali‘eret,
1150 3831 1244 3902 qui
1269 3831 1382 3901 jam
1430 3832 1501 3886 sit
1546 3831 1824 3887 caelestem
1851 3829 2074 3886 Jerusa-

497 3926 602 3981 lem
645 3931 974 3990 asseoutus;
1031 3923 1190 3993 cujus
1249 3922 1393 3976 muri
1438 3937 1603 3978 manu
1653 3921 1866 3976 Domini
1912 3923 2068 3994 361

497 4017 630 4088 picti
656 4024 804 4080 sunt,
843 4016 937 4070 ubi
981 4017 1225 4072 omnium
1273 4015 1572 4070 lmtantium
1599 4021 1682 4071 est
1709 4015 2070 4079 domicilium,

497 4110 741 4165 celebres
775 4088 1076 4164 conventus
1109 4107 1385 4176 agentium
1418 4122 1608 4175 sonus,
1641 4115 1696 4163 et
1727 4122 1834 4161 una
1865 4123 1968 4163 vox
1989 4115 2074 4162 est

504 4199 906 4255 exsultationis.
935 4198 1096 4267 Atqui
1116 4198 1242 4252 licet
1271 4198 1386 4252 haec
1414 4198 1572 4252 nobis
1597 4198 1651 4251 in
1681 4198 1906 4252 exordio
1927 4198 2075 4252 dicta

499 4292 627 4357 sint,
681 4292 940 4346 nimirum
975 4290 1353 4346 beatissimum
1377 4290 1554 4345 virum
1585 4307 1755 4344 unum
1780 4291 2014 4360 aliquem
2045 4305 2075 4345 e

496 4384 772 4440 cmlitibus
795 4385 887 4454 qui
915 4399 983 4439 ex
1011 4383 1113 4437 hac
1140 4383 1252 4436 vita
1279 4382 1605 4453 migrarunt,
1640 4397 1760 4438 esse
1785 4383 2075 4438 statuenti-

498 4477 622 4540 bus,
638 4491 750 4530 non
773 4475 979 4530 idcirco
1002 4483 1188 4529 tamen
1210 4483 1497 4545 parentum
1525 4475 1645 4545 ejus
1669 4475 1865 4546 aliquis
1882 4475 2076 4530 obscu-

2097 3233 2140 3288 C

2163 1999 2262 2070 τῆς
2291 1998 2573 2068 είδωλικῆς
2605 1998 2898 2070 θρησκείας
2939 1997 3164 2068 ἀρίστης
3207 1996 3502 2069 εὐτροπίας
3537 1997 3632 2048 καὶ
3665 1997 3753 2048 eii-

2166 2067 2462 2161 αγγελικῆς
2508 2067 2754 2161 ἀγωγῆς,
2799 2090 2892 2144 καὶ
2936 2067 3234 2160 ἀθλητικῆς
3271 2067 3508 2156 ἀγωνίας
3548 2067 3781 2158 ῆρατος⁵

2165 2179 2230 2231 Τί
2257 2179 2365 2252 γάρ
2392 2181 2472 2244 εἰς
2501 2179 2748 2233 εὔκλειαν
2778 2178 2952 2251 ἀληθῆ
2979 2179 3298 2232 συνεισοίσει
3318 2177 3645 2246 γενεαλογία
3667 2195 3756 2246 γοι

2166 2271 2300 2324 νέων
2323 2271 2643 2343 χαμερπῶν,
2670 2273 2761 2325 καὶ
2795 2272 2922 2343 περὶ
2945 2271 3043 2342 τὴν
3071 2271 3182 2324 ἰλὺν
3216 2270 3628 2341 ίλυσπωμένων,
3665 2270 3756 2322 καὶ

2171 2363 2403 2435 μάλιστα
2420 2364 2844 2435 δεισιδαιμόνων,
2858 2363 2935 2434 τῷ
2956 2365 3053 2435 τῆς
3070 2363 3337 2426 υἱοθεσίας
3357 2362 3451 2416 τοῦ
3477 2381 3554 2415 πα
3563 2362 3757 2433 μῦασι·

2168 2455 2304 2518 λέως
2337 2454 2472 2508 Θεοῦ
2511 2455 2922 2528 κατηξιωμένῳ,
2956 2456 3048 2509 καὶ
3085 2459 3198 2519 τοῖς
3237 2454 3509 2527 οὐρανίοις
3537 2453 3756 2521 ἀγγελι-

2168 2550 2284 2611 κοῖς
2324 2547 2781 2619 συνηριθμημένῳ
2819 2550 3080 2620 τάγμασι,
3114 2550 3208 2610 καὶ
3246 2552 3360 2612 τοῖς
3388 2549 3516 2604 περὶ
3549 2549 3756 2618 Πέτρον

2170 2639 2262 2692 καὶ
2304 2638 2514 2691 Παῦλον
2571 2639 2911 2712 θεοκήρυξιν,
2946 2643 3082 2712 ’ἅμα
3135 2643 3233 2713 τὴν
3293 2639 3612 2712 ίεραρχικὴν
3667 2641 3753 2692 καὶ

2171 2730 2529 2803 ἀποστολικὴν
2560 2734 2925 2805 περικειμένῳ
2948 2733 3294 2806 φαιδρότητα,
3328 2747 3422 2786 και
3449 2733 3549 2803 τῆς
3579 2749 3752 2802 μακα-

2174 2824 2443 2893 ριωτάτης
2489 2827 2682 2893 γενεᾶς
2729 2825 2944 2897 ἐκείνης
2984 2827 3350 2898 γεγενημένῳ,
3400 2827 3494 2880 καὶ
3540 2825 3620 2895 τῷ
3661 2826 3751 2878 τοῦ

2175 2916 2476 2986 μαρτυρίου
2511 2917 2926 2987 συνεστεμμένῳ
2948 2917 3232 2989 διαδήματι
3255 2935 3270 2983 ;
3296 2919 3367 2970 Ἣ
3389 2919 3510 2970 τίνα
3529 2919 3760 2989 περιφάο

2172 3025 2317 3062 νειαν
2349 3009 2546 3081 πατρὶς
2576 3008 2875 3081 ἱππήλατος
2904 3011 2996 3063 καὶ
3029 3010 3381 3083 μηλοτρόφος,
3406 3012 3500 3064 καὶ
3529 3013 3751 3078 πεδίοις,

2173 3099 2266 3153 καὶ
2285 3098 2455 3170 ὄρεσι,
2479 3100 2571 3152 καὶ
2593 3099 2811 3163 νάπαις,
2845 3099 2937 3153 καὶ
2963 3100 3199 3172 φάραγξι
3221 3103 3753 3174 περιεστοιχισμένη,

2172 3187 2267 3241 καὶ
2303 3187 2550 3258 λειμῶσι,
2598 3189 2691 3241 καὶ
2729 3189 2934 3254 ἄλσεσι,
2971 3190 3064 3242 καὶ
3103 3189 3753 3263 παντοδαποῖςδένδροις,

2177 3276 2271 3329 καὶ
2297 3280 2480 3345 φυτοῖς
2513 3280 2933 3350 πεπυκνωμένη,
2973 3281 3068 3333 καὶ
3103 3279 3409 3343 θαλαττίοις
3440 3281 3626 3352 λιμέσι
3660 3301 3755 3336 πε-

2179 3367 2596 3440 ρικυκλουμένη,
2629 3368 2722 3422 καὶ
2748 3373 3028 3440 ποταμοῖς,
3055 3371 3148 3423 καὶ
3182 3373 3404 3442 πηγαῖς,
3431 3373 3528 3424 καὶ
3543 3372 3757 3443 λίμναις

2177 3458 2596 3530 περιῤῥεομένη,
2623 3459 2717 3512 καὶ
2749 3461 2966 3528 μεγέθει
2994 3461 3504 3534 κεκαλλωπισμένη,
3527 3465 3624 3517 καὶ
3652 3466 3755 3518 τῶν

2175 3556 2517 3628 δειμαμένων
2543 3562 2671 3623 τοὺς
2698 3561 2937 3632 τύμϐους
2975 3563 3160 3634 θαῦμα
3187 3568 3299 3629 τοῖς
3340 3567 3602 3638 παριοῦσι
3629 3587 3754 3640 προ-

2179 3648 2499 3723 ϐαλλομένη,
2531 3652 2824 3724 παρέξεται
2851 3654 2926 3725 τῷ
2954 3657 3051 3726 τὴν
3083 3656 3195 3710 ἄνω
3227 3659 3588 3731 Ἰερουσαλὴμ
3609 3661 3755 3713 πόλιν

2178 3745 2518 3815 κεκτημένῳ,
2552 3740 2620 3817 ἦς
2649 3747 2704 3798 ἐν
2735 3748 2876 3818 χειρὶ
2906 3750 3113 3821 Κυρίου
3141 3751 3208 3803 τά
3237 3753 3388 3825 τείχη
3432 3753 3752 3826 ἐζωγραφη-

2174 3854 2283 3901 ται,
2319 3838 2413 3890 καὶ
2443 3837 2570 3890 ἔνθα
2599 3839 2812 3893 πάντων
2832 3842 3271 3915 εὐφραινομένων
3297 3848 3328 3915 ἡ
3361 3849 3610 3900 κατοικία
3630 3845 3753 3921 ῆχός

2175 3947 2234 3981 τε
2259 3925 2641 4001 ἑορταζόντων,
2676 3932 2767 3984 καὶ
2786 3933 2937 4004 φωνὴ
2951 3935 3354 4002 ἀγαλλιάσεως;
3389 3939 3560 4010 Πλὴν,
3596 3943 3642 3995 εξ
3666 3943 3753 3995 καὶ

2175 4023 2307 4092 ἡμῖν
2348 4024 2405 4075 ἐν
2439 4023 2745 4094 προοιμίοις
2778 4024 2932 4076 mea
2962 4016 3228 4090 λέλεκται,
3260 4028 3353 4081 τὸν
3387 4033 3749 4105 παμμακάρι-

2179 4130 2301 4166 στον
2332 4114 2577 4184 κρίνουσι
2618 4114 2725 4167 τῶν
2757 4116 3139 4188 ὑπερκοσμίων
3168 4116 3305 4174 εἷναί
3336 4139 3482 4190 τινα,
3527 4127 3622 4178 καὶ
3651 4127 3752 4178 τῶν

2176 4206 2378 4276 γηΐνων
2411 4207 2828 4278 ἀπῳκισμένων,
2858 4209 2970 4262 ἀλλ’
2997 4209 3119 4263 οὗτε
3159 4213 3498 4286 γεννητόρων
3531 4217 3751 4289 ἀσήμων

2175 4316 2259 4363 τις
2287 4294 2375 4371 ἦν,
2409 4298 2531 4352 οὒτε
2551 4300 2646 4371 τὴν
2673 4301 3044 4372 ἐνεγκαμένην
3078 4299 3220 4374 εἶχεν
3249 4305 3453 4378 ἀφανῆ,
3489 4307 3614 4362 οῦτε
3651 4311 3750 4380 μὴν

2176 4390 2366 4455 ἄστεος
2409 4391 2657 4455 εὐτελοῦς
2685 4392 2897 4464 ὑπῆρχε
2931 4393 3172 4466 πολίτης.
3221 4398 3380 4451 Ποῖον
3413 4399 3523 4470 γὰρ
3557 4401 3655 4472 τῆς
3680 4403 3751 4453 οξ-

2177 4484 2448 4555 κουμένης
2478 4484 2641 4555 μέρος
2673 4485 2772 4537 οὐκ
2815 4487 3042 4556 ἀκηκόει
3081 4488 3143 4540 τὸ
3180 4488 3280 4558 τῆς
3323 4489 3576 4553 Ἑλλάδος
3607 4509 3751 4562 περι-

497 4581 593 4621 rus
617 4566 738 4631 fuit,
757 4579 934 4635 neque
955 4566 1189 4636 patriam
1213 4581 1323 4620 non
1345 4565 1609 4621 illustrem
1633 4567 1841 4631 habuit,
1874 4567 1971 4622 sed
2004 4582 2069 4621 ne

2179 4579 2370 4647 φανές;
2395 4579 2428 4649 ἢ
2451 4579 2534 4643 τίς
2567 4579 2667 4644 τὰς
2709 4580 2935 4651 Ἀθήνας
2962 4581 3144 4648 ἀγνοεῖ
3171 4581 3230 4633 τδ
3254 4582 3352 4652 τῆς
3392 4583 3641 4648 Ἑλλάδος
3668 4580 3750 4638 εὖ·

497 4657 722 4728 fgnobili
747 4657 965 4726 quidem
997 4658 1218 4712 civitate
1240 4657 1507 4712 oriundus
1529 4658 1664 4712 civis
1691 4659 1917 4713 exstitit.
1943 4659 2075 4724 Quae

498 4753 583 4802 est
615 4746 758 4800 enim
789 4745 938 4800 orbis
970 4753 1132 4800 terrae
1158 4760 1287 4814 pars
1318 4761 1439 4814 quae
1466 4760 1574 4799 non
1604 4745 1824 4800 Graeciae
1852 4747 2076 4800 clarita-

499 4846 610 4894 tem
634 4837 910 4892 audierit?
949 4846 1007 4892 ut
1011 4838 1278 4907 ,‘Atbenas
1311 4836 1532 4892 Gracia:
1583 4839 1812 4910 gloriam
1836 4840 2074 4895 celebra-

501 4939 634 4996 tam,
668 4945 732 4985 ac
757 4931 957 5000 ubique
985 4931 1331 4986 decantatam
1376 4931 1670 4995 civitatem,
1722 4932 2075 5003 philosopho-

501 5040 624 5080 rum
653 5024 859 5088 sedem,
894 5033 1055 5093 atque
1085 5023 1264 5079 locum
1289 5024 1382 5078 ubi
1405 5023 1649 5079 celebres
1673 5031 1920 5079 oratores
1943 5040 2075 5080 suos

498 5124 758 5174 exercent
787 5124 842 5172 et
886 5117 1104 5182 docent,
1133 5117 1255 5186 quis
1293 5117 1544 5188 ignorat?
1572 5116 1726 5173 Unde
1750 5118 1851 5173 iste
1874 5116 2073 5189 Diony-

502 5209 620 5265 sius
658 5216 840 5263 ortum
872 5207 1102 5278 accepit,
1135 5216 1190 5263 et
1220 5209 1311 5263 ubi
1346 5224 1548 5279 praeses
1579 5208 1973 5271 nobilissimus,
2010 5223 2074 5262 ac

499 5301 643 5355 inter
657 5300 924 5370 Areopagi
943 5299 1156 5370 judices
1179 5300 1382 5370 primas
1397 5301 1672 5366 obtinens,
1693 5301 2072 5371 magistratum

502 5393 830 5447 honorarius
856 5390 1026 5462 judex
1047 5391 1260 5462 agebat,
1287 5407 1518 5462 quorum
1543 5393 1832 5462 praesentia
1855 5392 2073 5464 generis

500 5490 554 5537 et
587 5484 818 5554 insignis
847 5485 1018 5555 gloria
1036 5485 1105 5539 ab
1120 5483 1458 5538 Androtione
1475 5500 1538 5538 ac
1559 5483 1884 5540 Philochoro
1909 5484 2060 5538 Athe-
2088 5488 2090 5490 ’

501 5575 785 5630 niensibus
823 5575 1182 5646 scriptoribus
1211 5574 1434 5645 copiose
1461 5576 1656 5630 litteris
1682 5576 1936 5630 mandata
1964 5583 2069 5630 est.

577 5664 716 5720 Hinc
747 5666 910 5720 etiam
941 5674 1026 5722 est
1048 5666 1208 5722 facile
1237 5665 1510 5734 conjicere
1535 5673 1788 5735 parentes
1819 5666 1938 5735 ejus
1975 5681 2073 5736 op-

503 5756 724 5812 timates
753 5757 1088 5826 praestabiles
1120 5798 1135 5822 ,
1181 5772 1245 5812 ac
1275 5757 1481 5811 virtute
1531 5756 1711 5811 claros
1741 5755 1929 5811 fuisse.
1963 5754 2063 5810 Ne-

504 5863 612 5920 que
643 5847 786 5904 enim
823 5850 965 5919 apud
987 5851 1346 5906 Athenienses
1374 5849 1548 5906 elatos
1577 5849 1850 5913 homines,
1883 5849 1935 5902 in
1959 5855 2068 5901 tam

2175 4688 2286 4741 χος,
2310 4672 2368 4725 τὸ
2402 4672 2730 4748 περίπυστον
2754 4673 2846 4725 καὶ
2868 4671 3215 4743 παναοίδιμον
3239 4672 3395 4736 ἄστυ,
3430 4674 3493 4726 τὸ
3530 4675 3638 4728 τῶν
3663 4693 3748 4746 φι-

2175 4763 2413 4834 λοσόφων
2451 4764 2834 4836 διαιτητήριον,
2869 4765 2962 4818 καὶ
2996 4764 3106 4818 τῶν
3140 4765 3231 4817 ἐπὶ
3278 4764 3421 4836 λόγῳ
3458 4767 3601 4838 μέγα
3631 4769 3748 4838 ﬂow

2179 4856 2352 4927 μένων
2369 4857 2770 4928 γυμναστήριόν
2796 4874 2855 4909 τε
2883 4857 2975 4910 καὶ
3004 4857 3380 4928 παιδευτήριον
3408 4857 3746 4920 ;ὃθενΔιονύ-

2177 4967 2290 5013 σιος
2317 4945 2469 5014 οὗτος
2498 4951 2741 5023 ὡρμᾶτο,
2779 4951 2870 5003 καὶ
2901 4943 2962 5003 οὗ
2992 4948 3385 5019 διασημότατος
3419 4953 3744 5023 προηγέτης,

2175 5042 2267 5096 καὶ
2298 5042 2404 5095 τῶν
2426 5043 2482 5095 ἐν
2526 5041 2717 5114 Ἀρείῳ
2747 5042 2905 5112 πάγῳ
2929 5038 3192 5094 δικαστῶν
3214 5039 3547 5111 ἐχρημάτιζε
3583 5041 3745 5113 προῦ-

2176 5153 2284 5206 χων
2317 5135 2412 5187 κα)⁸
2443 5134 2756 5206 πρόκριτος,
2792 5127 2866 5186 ὧν
2903 5132 2964 5185 τὸ
2994 5130 3088 5184 τοῦ
3121 5131 3308 5199 γένους
3336 5132 3630 5202 περίοπτον
3657 5133 3746 5185 καὶ

2179 5227 2527 5298 μεγαλόδοξον
2606 5230 2720 5290 τοῖς
2793 5226 2900 5278 τῶν
2971 5225 3221 5277 Ἀτθίδων
3306 5224 3740 5298 συγγραφεῦπν,

2176 5317 2512 5388 Ἀνδροτίωνι
2564 5317 2658 5369 καὶ
2709 5315 3010 5386 Φιλοχόρῳ,
3065 5313 3206 5366 κατὰ
3267 5314 3470 5378 πλάτος
3535 5317 3744 5386 ἱστόρη-

2175 5427 2283 5463 ται.

2258 5654 2372 5721 Ἀφ’
2406 5645 2480 5706 ὧν
2507 5654 2619 5707 ἔστι
2651 5668 2709 5704 τε
2741 5652 2832 5704 καὶ
2862 5650 3238 5722 τεκμήρασθαι
3266 5650 3359 5702 καὶ
3381 5649 3444 5702 τὸ
3488 5649 3598 5703 τῶν
3619 5663 3743 5718 προ-

2173 5748 2343 5817 γόνων
2389 5745 2552 5798 αὑτοῦ
2588 5749 2874 5817 πρωτεῖον,
2924 5744 3015 5798 καὶ
3064 5743 3276 5814 ἔντιμον
3310 5744 3405 5796 καί
3437 5742 3738 5810 διαϐόητον

2173 5845 2234 5896 οῦ
2264 5842 2372 5913 γὰρ
2406 5841 2471 5896 ἂν
2505 5842 2632 5911 παρ’
2677 5838 2972 5908 Ἀθηναίοις
3007 5839 3120 5900 τοῖς
3141 5833 3443 5907 ἀγερώχοις
3472 5837 3552 5897 εἰς
3577 5830 3742 5904 ἀρχὴν
