3874 6588
123 447 221 503 621

1094 435 1282 509 Vtra,
1326 440 1656 502 AUCTORE
1691 431 2042 503 MICHAELE
2082 442 2421 507 SYNGELO.

3274 452 3379 509 629

121 566 369 637 προῆκτο
399 562 685 636 τοσαύτην,
721 565 768 618 εἰ
796 563 871 635 μὴ
902 561 1037 635 πρὸς
1068 568 1136 637 τῇ
1173 564 1334 638 σοφίᾳ
1372 566 1463 619 καὶ
1493 568 1560 637 τῇ
1592 566 1685 618 τῶπ

1807 565 2095 621 sublimem
2147 566 2513 637 principatum
2559 573 2781 622 evectus
2812 574 2980 631 esset,
3025 566 3131 623 nisi
3163 568 3381 638 sapien-

118 658 333 730 φρενῶν
362 652 648 729 εὐκοσμίᾳ,
687 655 1009 728 σωφροσύνῃ
1037 672 1097 710 τε
1127 658 1221 711 καὶ
1246 656 1581 729 δικαιοσύνῃ,
1607 657 1702 711 καὶ

114 749 331 822 ἀνδρίᾳ,
362 746 454 804 καὶ
482 746 548 821 τῇ
584 745 927 821 περιϐλέπτῳ
942 748 1047 802 τοῦ
1075 749 1266 818 γένους
1292 749 1533 821 ὑπεροχῇ
1566 765 1700 802 κατ-

115 842 411 913 ηγλάῖστο·
473 840 551 913 τῷ
619 841 729 913 γὰρ
801 840 1013 896 Λουκᾶν
1083 842 1173 896 τὸν
1244 843 1700 914 φιλαληθέστατον

115 937 209 989 καὶ
275 933 587 1004 σοφώτατον
647 935 705 988 ὲν
743 937 811 1006 τῇ
855 934 966 989 τῶν
1025 934 1397 989 ἀποπολικῶν
1439 936 1701 1008 Πρὰξεων

115 1029 248 1100 ἁγίᾳ
291 1028 411 1082 ’καί⁵
461 1027 721 1100 πανσόφῳ
772 1030 1085 1101 συγγραφῇ,
1158 1028 1288 1100 περ)⁸
1352 1027 1459 1081 τῶν
1538 1020 1698 1100 Ἃθή-

111 1140 238 1195 νῃσι
302 1122 742 1176 πεπιστευκότων
801 1121 890 1175 διὰ
944 1122 1046 1193 τῆς
1100 1121 1243 1175 κατὰ
1314 1122 1405 1173 τὸν
1474 1121 1696 1195 Ἀρειον

112 1216 290 1284 πάγον
315 1214 671 1269 θεοπνεύστου
703 1215 797 1268 τοῦ
824 1215 1093 1286 μακαρίου
1127 1214 1340 1270 Παύλου
1360 1213 1579 1285 διδαχῆς
1604 1210 1698 1267 καὶ

109 1307 457 1380 δημηγορίας
489 1305 868 1376 διηγούμενον,
898 1307 1063 1375 φάναι
1093 1298 1422 1375 κατ⁴ἑξοχῆς
1458 1306 1658 1376 τρόπον
1678 1344 1694 1367 ,

123 1400 231 1453 Ἑν
264 1396 355 1466 οἷς
386 1396 465 1470 ἦν
494 1399 589 1453 καὶ
628 1400 936 1463 Διονύσιος
972 1402 1005 1453 ὁ
1055 1394 1504 1469 Ἀρεοπαγίτηςσ
1538 1402 1697 1472 ἐναρ-

109 1494 226 1562 γῶς
263 1492 326 1546 τὸ
356 1492 450 1546 τοῦ
484 1491 669 1566 νοεροῦ
696 1490 849 1547 τοῦδε
883 1492 1202 1565 λαμπτῆρος
1236 1491 1377 1546 κατά
1410 1510 1469 1547 τε
1504 1494 1695 1562 γένους

108 1584 511 1658 ὲπισημότητα,
546 1586 640 1638 καὶ
687 1587 808 1640 κατ’
858 1582 1080 1657 ἀρετῆς,
1136 1584 1230 1639 καὶ
1279 1583 1553 1655 γνώσεως,
1600 1584 1695 1641 καὶ

110 1677 307 1745 σοφίας
329 1674 423 1729 καὶ
444 1676 810 1747 έλλογιότητος
844 1677 1180 1749 περιουσίαν,
1212 1678 1520 1751 ὑπερφερὲς
1561 1679 1695 1732 ἀπο-

104 1771 407 1824 δείκνυται.
444 1770 519 1825 υύ
566 1770 674 1842 γὰρ
715 1769 973 1844 εἴρηκεν,
1023 1772 1111 1824 Ἐν
1146 1766 1228 1834 οἷς
1278 1766 1346 1842 ἦν
1395 1768 1534 1842 ἀνὴρ
1578 1768 1694 1826 ὀνό-

1804 657 1937 713 tiam
1980 668 2033 713 et
2063 658 2230 713 animi
2262 665 2605 728 ornamenta,
2648 649 3029 731 prudentiam,
3065 659 3376 729 juStitiain.

1802 747 2205 809 fortitudinem.
2259 749 2459 806 illustri
2512 751 2676 805 etiam
2732 751 2916 822 generi
2971 748 3375 822 conjunxiss‘et.

1801 836 1939 897 Cum
1972 837 2118 897 enim
2162 840 2340 899 Lucas
2381 844 2630 899 veritatis
2661 843 3072 900 amantissimus
3105 841 3380 915 simulque

1802 934 2244 1005 sapien’tiSsimus
2274 934 2330 988 in
2359 943 2549 989 sancta
2580 935 2841 1006 omnique
2870 937 3030 1005 plena
3066 936 3337 1006 sapientia
3358 976 3374 999 ,

1799 1028 2062 1083 Actorum
2099 1028 2472 1099 apostolorum
2509 1022 2739 1084 historia
2768 1030 2837 1084 de
2875 1030 2961 1085 his
3005 1031 3098 1101 qui
3145 1029 3377 1086 Athenis

1798 1120 1859 1176 B.
1896 1120 2045 1175 Pauli
2076 1122 2263 1176 divino
2305 1111 2468 1176 adlati
2505 1114 2751 1184 numine,
2788 1112 3047 1177 doctrina
3090 1131 3142 1178 et
3177 1123 3374 1194 praedia

1799 1213 2014 1268 ratione
2063 1213 2412 1268 crediderant
2450 1214 2789 1284 loqueretur,
2838 1222 3002 1284 atque
3058 1210 3375 1285 huiusmodi

1796 1304 1961 1357 verba
1992 1319 2089 1373 per
2118 1304 2497 1359 excellentiam
2541 1310 2884 1375 usurpasset.
2938 1294 3002 1360 In
3036 1306 3224 1376 quibus
3257 1304 3376 1359 erat

1796 1402 1845 1447 et
1888 1393 2175 1465 Dionysius
2218 1394 2579 1467 .‘lreopagila1
2610 1415 2623 1451 :
2657 1398 2945 1467 perspicue
2993 1394 3161 1451 divini
3211 1398 3373 1452 istius

1798 1486 2019 1556 luminis
2053 1501 2177 1540 cum
2209 1487 2426 1555 generis
2470 1487 2795 1542 excellentia
2828 1495 2943 1541 tum
2990 1487 3230 1550 virtutis,
3277 1496 3374 1543 eos

1796 1572 2061 1643 guitionis
2108 1587 2172 1627 ac
2213 1575 2539 1645 eloquentia:
2568 1576 2815 1631 ubertate
2857 1575 3253 1645 przestantiam,
3286 1578 3373 1633 in-

1795 1664 2015 1720 dicavit.
2049 1664 2235 1736 Neque
2278 1668 2424 1721 enim
2458 1669 2595 1723 diXit
2628 1688 2640 1723 :
2674 1670 2735 1723 In
2765 1669 2966 1739 quibus
2998 1675 3117 1723 erat
3149 1670 3234 1724 vir
3274 1685 3379 1724 nua

1795 1757 1942 1812 mine
1979 1756 2294 1829 Dionysius,
2321 1760 2551 1830 perinde
2583 1776 2647 1815 ac
2680 1761 2725 1816 si
2758 1762 2825 1816 de
2856 1761 3042 1833 ignoto
3078 1763 3264 1835 aliquo
3294 1765 3376 1818 lo-

108 1880 242 1933 ματι
264 1856 560 1927 Διονύσιος,
583 1863 658 1926 ὡς
691 1862 902 1927 εἴτινος
929 1863 1134 1917 εἵνεκεν
1156 1860 1376 1936 ἀδήλου,
1402 1864 1546 1929 ἀλλ’,
1589 1864 1685 1919 Ἐν

1793 1856 2079 1918 queretur,
2114 1853 2209 1907 sed
2244 1852 2307 1907 In
2337 1852 2528 1923 quibus
2564 1863 2679 1908 erat
2716 1864 2768 1908 et
2800 1854 3091 1926 Dionysius
3138 1858 3375 1927 Areopa-

103 1950 199 2021 οἷς
235 1952 318 2023 ἦν
342 1955 438 2010 καὶ
470 1956 779 2022 Διονύσιος
815 1960 849 2011 ό
894 1950 1332 2025 Ἂρεοπαγίτης,
1381 1954 1691 2027 ὑποφαίνων

104 2040 381 2109 ἐντεῦθεν,
434 2046 491 2098 ἐν
536 2044 800 2116 στόμασιν
829 2047 1085 2100 ἁπάντων
1117 2046 1338 2118 ᾄδεσθαι
1363 2046 1455 2099 τὸν
1488 2048 1688 2120 ἄνδρα,

102 2139 197 2191 καὶ
232 2136 661 2208 ὀνομαστότατον
694 2133 847 2191 εἶναι.
880 2138 988 2191 Καὶ
1026 2139 1097 2209 μή
1130 2156 1215 2201 τις
1250 2137 1324 2209 μὴ
1379 2139 1520 2209 μέγα
1567 2152 1691 2191 συν-

100 2231 281 2284 τελεῖν
311 2228 505 2287 οἰέσθω
537 2234 615 2295 είς
651 2224 742 2284 τὸν
773 2230 867 2285 τοῦ
899 2230 1059 2300 λόγου
1094 2230 1298 2286 σκοπὸν
1334 2232 1558 2304 ταυτηνὶ
1590 2231 1689 2303 τὴν

103 2321 261 2394 ἱερὰν
299 2316 691 2396 βραχυλογίαν
723 2323 771 2375 εί
804 2322 911 2394 γὰρ
943 2322 1036 2375 καὶ
1068 2321 1273 2394 βραχὺς
1292 2324 1320 2376 6
1353 2321 1528 2390 λόγος,
1554 2314 1689 2375 ἀλλὰ

101 2414 273 2477 πολὺς
306 2412 336 2464 ὁ
368 2412 498 2485 παρ’
534 2411 697 2466 αὐτού
730 2412 907 2487 βρύων
939 2408 1018 2476 εἰς
1051 2410 1325 2483 εὐφημίαν
1363 2406 1552 2465 τούτου
1591 2410 1685 2464 τοῦ

100 2504 521 2576 θαυμαζομένου
572 2502 821 2567 πλοῦτος.
861 2502 1016 2557 (δύτω
1047 2502 1155 2573 γὰρ
1212 2501 1452 2572 Μωῦσῆς
1495 2503 1524 2554 6
1569 2499 1688 2553 θεό-

99 2614 247 2669 πτης
280 2596 339 2649 ἐν
368 2614 473 2649 τινι
511 2595 610 2668 τῆς
645 2595 1032 2666 κοσμογενείας
1070 2592 1217 2665 ρητῷ
1259 2593 1681 2666 συντομωτάτη),

98 2688 436 2760 Μελχισεδὲκ
489 2686 1010 2759 ἀπομνημονεύσας,
1066 2685 1161 2738 τοῦ
1215 2686 1314 2757 τὴν
1362 2684 1482 2738 καθ’
1535 2679 1685 2756 ἡμᾶς

100 2777 480 2851 πνευματικὴν
510 2769 805 2850 ἱερωσύνην
836 2774 1312 2849 προ-τυπώσαντος,
1363 2772 1495 2845 μήτε
1523 2773 1685 2826 τίνων

96 2872 308 2942 γονέων
344 2870 456 2933 υίὸς
499 2869 762 2939 ἐγεγόνει,
810 2868 930 2939 μηδ’
962 2866 1154 2920 ὁπόθεν
1199 2866 1455 2938 ὥρμητο,
1491 2865 1681 2936 διαση-

100 2967 439 3038 μηνάμενος,
478 2962 554 3025 ὡς
595 2963 651 3013 ὲν
686 2958 938 3029 ἀθανάτῳ
969 2958 1138 3031 στήλῃ
1168 2957 1266 3028 τὴν
1300 2956 1507 3011 ἐκείνου
1545 2958 1682 3029 μνή-

99 3077 208 3131 μην
237 3060 361 3120 ταῖς
398 3054 684 3127 μετέπειτα
713 3054 924 3122 γενεαῖς
954 3049 1362 3113 διαιωνιζόντως
1404 3050 1683 3121 εὐφημου,

100 3151 269 3222 μένην
305 3145 682 3201 καταλέλοιπε.
721 3143 889 3217 Δεῦρο
917 3143 981 3216 δὴ
1014 3138 1105 3197 οὖν
1125 3141 1306 3205 αὐτὸς,
1345 3135 1391 3195 ὦ
1416 3141 1515 3213 τῆς
1536 3159 1681 3211 παγ-

1793 1942 1923 2011 g’ta.
1958 1940 2096 1997 llinc
2122 1944 2482 2000 Subindicans
2524 1947 2701 2002 virum
2734 1948 3103 2005 clarissimum
3132 1967 3231 2021 per
3254 1967 3377 2006 om-

1794 2033 1945 2086 nium
1975 2049 2070 2087 ora
2119 2037 2408 2093 celebrari.
2457 2036 2644 2108 Neque
2688 2036 2832 2095 hanc
2878 2038 3051 2098 divini
3100 2044 3375 2100 sermonis

1792 2124 2115 2182 brevitatem
2167 2129 2237 2183 ad
2285 2130 2640 2185 intentionem
2698 2134 2970 2189 orationis
3030 2137 3375 2208 prapositam

1790 2234 1899 2274 non
1931 2222 2111 2291 magni
2140 2223 2348 2280 referre
2373 2225 2645 2296 quispiam
2678 2224 2995 2283 arbitretur.
3036 2220 3173 2285 Nam
3205 2232 3373 2287 etiam

1792 2309 1839 2364 si
1870 2308 2054 2365 brevis
2086 2310 2157 2366 sit
2188 2314 2388 2378 oratio,
2422 2316 2627 2371 divitiae
2656 2327 2838 2372 tamen
2869 2334 2990 2388 quae
3020 2319 3148 2375 inde
3180 2320 3234 2375 in
3269 2314 3374 2375 hu-

1785 2400 1877 2470 jus
1923 2402 2017 2473 qui
2062 2404 2372 2460 cclebratur
2411 2400 2515 2462 viri
2564 2407 2776 2464 laudem
2808 2407 3022 2475 fluunt,
3073 2422 3202 2468 sunt
3245 2429 3371 2484 per-

1789 2493 1994 2549 multae.
2028 2488 2215 2566 Neque
2246 2514 2407 2554 secus
2437 2500 2582 2555 enim
2617 2501 2896 2572 inspector
2934 2502 3031 2559 Dei
3062 2503 3274 2576 Moyses
3313 2506 3371 2562 in

1790 2586 1996 2657 scripto
2060 2588 2299 2659 quodam
2363 2593 2665 2648 creationis
2743 2595 2933 2650 mundi
2995 2597 3367 2663 brevissimo,

1788 2692 1914 2732 cum
1979 2678 2378 2738 Melchisedech
2421 2685 2515 2755 qui
2560 2686 2807 2740 divinum
2849 2682 3008 2758 juxta
3052 2690 3219 2745 ritum
3268 2706 3371 2746 no-

1788 2776 1962 2825 strum
2017 2773 2383 2829 sacerdotium
2451 2789 2561 2846 prae
2626 2792 2685 2834 se
2740 2777 2975 2847 ferebat,
3033 2782 3371 2839 mentionem

1790 2861 2029 2930 fecisset,
2080 2882 2182 2922 nec
2218 2870 2419 2938 quibus
2465 2870 2785 2939 parentibus
2834 2880 2993 2927 ortus
3027 2881 3213 2941 esset,
3260 2891 3365 2932 nec

1787 2958 1933 3011 unde
1959 2955 2119 3031 362
2153 2962 2417 3032 originem
2447 2963 2691 3019 traheret
2717 2966 2993 3035 aperiens,
3023 2968 3144 3038 ejus
3167 2985 3372 3027 memaa

1786 3049 1944 3112 riam,
1975 3067 2096 3121 qua:
2131 3068 2227 3122 per
2267 3056 2466 3109 saecula
2497 3057 2731 3113 celebris
2761 3058 2923 3122 foret,
2957 3069 3218 3135 tanquam
3260 3065 3369 3121 im-

1786 3146 2002 3199 mortali
2036 3149 2376 3203 monimento
2406 3160 2805 3216 consecratam,
2839 3156 3078 3223 posteris
3120 3156 3363 3227 reliquit.

96 3241 333 3314 κοσμίου
371 3238 644 3309 σωτηρίας
688 3236 782 3290 καὶ
811 3237 984 3307 χαρᾶς
1023 3232 1401 3302 εύαγγελιστὰ,
1446 3235 1541 3289 καὶ
1578 3234 1680 3306 τῆς

1788 3234 1897 3307 Age
1928 3239 2207 3312 (obsecro)
2258 3241 2426 3312 igitur
2455 3244 2593 3314 ipse,
2622 3260 2656 3299 ο
2693 3246 2879 3317 gaudii
2924 3254 2978 3302 et
3018 3246 3194 3305 fauste
3239 3265 3366 3320 prec
3421 3279 3433 3296 ο

96 3333 385 3406 ἀφραστου
418 3329 512 3382 τοῦ
542 3327 675 3381 Θεοῦ
702 3321 876 3397 Λόγου
916 3327 1245 3399 σαρκὼσεως
1279 3325 1678 3399 μεγαλοκήρυξ,

96 3423 188 3475 καὶ
222 3421 342 3475 τῶν
368 3419 529 3473 θείων
562 3419 726 3473 αὑτοῦ
764 3419 1002 3490 σημείων
1051 3418 1144 3472 καὶ
1178 3414 1476 3489 μεγαλείων
1514 3418 1681 3492 ρῆτορ

93 3512 487 3585 ὲθευδέστατε,
539 3514 631 3567 καὶ
672 3511 780 3565 τῶν
822 3511 1218 3581 εύαγγελιστῶν
1256 3510 1679 3577 διεξοδικώτατε,

94 3611 284 3664 Δουκᾶ
320 3606 774 3679 παμμακάριστε,
815 3604 974 3677 δεῦρο
1014 3605 1243 3678 φράσειν
1276 3606 1428 3676 ἡμῖν,
1461 3605 1547 3668 τίς
1589 3599 1682 3659 οὗ-

92 3722 181 3770 τος
210 3708 243 3759 6
278 3700 578 3767 Διονύσιος,
615 3700 710 3754 καὶ
744 3701 917 3762 ποῖος,
967 3698 1061 3752 καὶ
1102 3697 1201 3769 τὴν
1235 3696 1459 3750 πλεῖστα
1495 3714 1683 3750 συντε-

90 3797 388 3870 τμημένην
412 3812 505 3849 σου
536 3794 859 3867 ἱερολογίαν,
877 3790 999 3847 καθ’
1021 3791 1087 3863 ἥν
1101 3789 1310 3843 τουτονὶ
1328 3789 1419 3843 τὸν
1432 3790 1682 3862 ἱεροφάν-

90 3908 189 3964 την
220 3892 570 3963 προήγαγες,
603 3887 934 3953 ὲξάπλωσον.
1312 3903 1333 3923 ι

165 4064 349 4132 Οὗτός
378 4071 519 4130 ἐστι,
546 4062 732 4139 φησὶν,
757 4070 785 4121 6
810 4066 918 4120 τῶν
940 4064 1061 4120 καθ’
1086 4063 1561 4133 Ἐλλάδαλογάδων
1585 4062 1678 4116 καὶ

90 4160 442 4235 εὐπατριδῶν
490 4156 892 4223 εὐκλεέστατος,
945 4159 1040 4212 καὶ
1085 4157 1185 4228 τῆς
1249 4154 1680 4229 Ἀρεοπαγίτιδος

91 4254 294 4327 βουλῆς
340 4252 702 4324 ἐξοχώτατος·
743 4253 801 4305 ού
847 4252 945 4323 μὲν
988 4249 1240 4304 τοσοῦτον
1282 4251 1346 4302 ὲκ
1385 4247 1485 4319 τῆς
1522 4245 1679 4311 ἀξίας

90 4344 426 4423 περικλυτὸς
454 4344 816 4415 ἁποφανθεὶς,
851 4344 974 4396 ὅσον
1005 4343 1163 4405 αὐτὸς
1189 4340 1406 4411 ἐκείνην
1443 4353 1677 4411 περιφα-

89 4438 361 4513 νεστέραν
409 4438 707 4509 ἀπέφηνεν.
753 4430 920 4499 Οὗτός
966 4438 1113 4489 ἐστιν
1161 4434 1190 4487 6
1223 4431 1296 4505 μὴ
1330 4432 1489 4503 μόνον
1537 4428 1679 4485 κατὰ

90 4536 277 4589 πᾶσαν
340 4533 651 4603 ἐπιστήμης
694 4530 917 4601 λογικῆς
956 4528 1098 4581 ἰδέαν
1140 4526 1491 4590 τελεώτατος,
1516 4523 1678 4577 ἑτωῖ-

1782 3331 1938 3385 tiosm
1969 3331 2163 3387 salutis
2196 3334 2411 3402 nuntie,
2441 3351 2473 3389 0
2508 3336 2699 3407 ingens
2741 3337 3033 3395 ineﬂ‘ahilis
3064 3340 3370 3399 descensus

1784 3421 1907 3477 Filii
1956 3422 2051 3478 Dei
2087 3439 2287 3494 praeco.
2323 3435 2378 3483 et
2423 3427 2734 3484 divinorum
2770 3431 2890 3501 ejus
2930 3432 3364 3495 miraculorum.

1784 3522 1947 3583 atque
1978 3526 2161 3569 rerum
2205 3517 2622 3587 magnificarum
2671 3522 3027 3578 veracissime
3067 3524 3367 3579 conciona-s

1784 3616 1889 3673 tor,
1913 3624 1946 3662 o
1967 3609 2427 3681 evangelistarum
2458 3612 2817 3682 amplissime,
2845 3614 3163 3670 beatissime
3191 3615 3367 3673 Lucae

1781 3702 1896 3772 Age
1938 3696 2056 3756 fare
2101 3701 2284 3767 nobis,
2330 3704 2553 3775 quinam
2587 3713 2641 3759 et
2680 3707 2862 3777 qualis
2907 3707 2978 3764 sit
3010 3708 3113 3764 iste
3160 3707 3365 3780 Diony-

1782 3795 1919 3863 sius,
1982 3806 2039 3851 et
2070 3812 2284 3852 sacram
2329 3804 2475 3851 tuam
2506 3814 2771 3870 perquam
2804 3799 3183 3855 brevissimam
3224 3802 3365 3857 scri-

1781 3888 2045 3958 ptionem,
2070 3905 2178 3960 qua
2205 3890 2354 3944 hunc
2379 3892 2623 3943 omnium
2650 3890 2927 3947 doctorem
2957 3891 3014 3947 in
3036 3892 3212 3948 lucem
3234 3909 3363 3962 pro-

1780 3980 1996 4044 vexisti,
2029 3980 2188 4037 nobis
2218 3976 2484 4037 edissere.

1853 4070 1953 4125 Hic
1997 4078 2105 4136 est,
2156 4072 2358 4143 inquit,
2410 4073 2553 4127 inter
2600 4070 2934 4130 lectissimos
2986 4091 3051 4131 ac
3091 4075 3361 4147 dignitate

1779 4166 2106 4231 pmstantes
2138 4162 2362 4219 Graeciae
2391 4164 2560 4227 viros,
2610 4165 2832 4234 pietatis
2866 4166 3045 4220 cultor
3080 4168 3318 4223 eximius
3339 4208 3355 4231 ,

1780 4260 1834 4307 et
1866 4252 2315 4323 Areopagitarum
2349 4254 2571 4307 concilii
2602 4263 2823 4308 senator
2844 4256 3238 4324 amplissimus,
3262 4256 3361 4326 qui

1780 4360 1890 4398 non
1938 4353 2049 4398 tam
2103 4345 2340 4417 inclytus
2388 4346 2460 4400 ob
2513 4345 2831 4416 dignitatem
2883 4346 3108 4402 effectus
3162 4346 3355 4413 fuisse,

1779 4442 2046 4507 quantum
2069 4437 2390 4507 dignitatem
2424 4438 2540 4509 ipse
2568 4439 2854 4494 clariorem
2889 4437 3134 4494 effecisse
3159 4447 3244 4495 est
3265 4440 3359 4509 ju-

1780 4528 2069 4584 dicandus.
2105 4528 2204 4584 Hic
2233 4539 2317 4585 est
2347 4531 2438 4600 qui
2481 4546 2591 4587 non
2620 4531 2794 4585 solum
2827 4530 3011 4584 omnia
3046 4531 3363 4587 disserendi

88 4628 203 4682 κῶν
221 4645 286 4681 τε
321 4627 418 4680 καὶ⁹
460 4623 871 4697 Ἐπικουρείων,
894 4621 989 4676 καὶ
1015 4620 1125 4675 τῶν
1154 4620 1327 4675 ἄλλων
1372 4618 1677 4688 φιλοσόφων

1788 4623 2028 4679 scientia:
2074 4631 2398 4678 ornamenta
2442 4624 2760 4694 complexus
2808 4631 2913 4685 est.
2964 4624 3275 4680 Stoicorum
3303 4635 3358 4680 et

89 4720 561 4792 φιλοσοφώτατος,
592 4717 686 4772 καὶ
715 4716 826 4770 τῶν
866 4714 1274 4791 Ἀττικιζὸντων
1300 4712 1391 4766 καὶ
1416 4728 1678 4785 γραμμα-

84 4808 467 4886 τικευομένων
504 4808 870 4875 ἀττικώτατός
903 4824 962 4863 τε
1000 4809 1093 4863 καὶ
1128 4805 1539 4879 τεχνικώτατος,
1585 4802 1677 4857 καὶ

89 4907 346 4980 ρητόρων
376 4902 831 4977 ῥητορικὼτατος,
863 4901 956 4954 καὶ
987 4899 1097 4952 τῶν
1134 4898 1262 4971 περὶ
1291 4897 1387 4969 τὴν
1420 4899 1676 4969 ἀστρονοέ

91 4999 223 5070 μίαν
267 4996 718 5068 καταγινομένων
747 4991 1246 5067 θεωρητικάηατος,
1277 4989 1383 5043 κάν
1412 4992 1537 5053 ταῖς
1565 4988 1676 5042 λοι-

84 5094 221 5156 παῖς
249 5089 565 5159 ὲγκυκλίοις
603 5087 947 5142 παιδεύσεσιν
976 5084 1388 5157 ἀκριϐέστατος,
1425 5080 1559 5135 ἀλλὰ
1583 5082 1678 5135 καὶ

82 5186 149 5256 τῇ
178 5181 490 5256 τετρακτύῖ
514 5180 624 5234 τῶν
651 5160 859 5253 α’ρετῶν
887 5176 1236 5251 ἀρτιώτατος.
1261 5170 1429 5238 Οὗτός
1470 5176 1616 5227 ἐστιν
1648 5172 1676 5224 6

85 5277 248 5346 δίκης
280 5274 672 5348 ἀρρεπεστάτῃ
704 5272 943 5345 τρυτάνῃ
971 5266 1329 5343 κεχρημένος,
1361 5267 1453 5320 καὶ⁹
1479 5265 1589 5319 τῶν
1617 5264 1676 5320 ὲν

99 5368 364 5440 Ἀθήναις
405 5366 827 5437 θεμιστευόντων
868 5362 1181 5425 εύθύτατος·
1228 5360 1321 5413 κοιλ⁵
1363 5356 1537 5414 ταῦτα
1565 5361 1676 5424 τοῖς

97 5463 444 5532 Ἑλληνικοῖς
471 5460 553 5513 ἔτι
577 5456 996 5530 προσηλωμένος
1012 5450 1410 5527 θρησκεύμασι,
1441 5453 1534 5507 καὶ
1561 5455 1676 5517 τοῖς

86 5555 209 5620 Διὸς
244 5551 669 5627 ὲμπεφυρμένος
702 5549 1047 5621 βδελύγμασι,
1074 5547 1166 5600 καὶ
1192 5544 1303 5609 τοῖς
1338 5545 1436 5617 τῆς
1463 5545 1677 5598 Παλλά-

86 5648 174 5713 δος
221 5646 461 5717 Ἀθηνᾶς
498 5644 791 5707 εἰδωλικοϊς
833 5639 1290 5711 ὲπαγλαῖζόμενος
1334 5638 1673 5709 σεϐάσμασι,

88 5741 181 5795 καί
214 5739 324 5803 τὰς
352 5739 472 5793 κατ’
523 5736 721 5810 Ὀρφέα
750 5735 843 5791 τὸν
892 5735 1069 5789 πάντα
1114 5735 1226 5796 τοῖς
1279 5730 1554 5802 μουσικοῖς
1592 5728 1678 5783 ἕλ-

165 5896 185 5935 ι
212 5896 344 5951 Aet.
379 5909 513 5955 xvn,
535 5893 625 5949 54.

1780 4714 2174 4786 Epicureorum
2206 4724 2636 4786 cmterorumque
2668 4714 3115 4786 philosophorum
3149 4716 3358 4771 doctis-

1781 4809 1976 4871 simus,
2006 4817 2061 4863 et
2098 4809 2277 4865 Attice
2307 4816 2360 4863 et
2386 4809 2624 4863 litterate
2650 4809 2991 4879 loquentium
3023 4807 3357 4865 facundissi-

1779 4917 1923 4965 mus,
1956 4902 2211 4973 idemque
2241 4901 2670 4965 eruditissimns,
2705 4902 2983 4956 rhetorum
3019 4901 3358 4971 eloquentis-

1781 4996 1976 5059 simus,
2012 4997 2360 5051 astronomiae
2402 4997 2531 5051 item
2568 4994 3001 5049 incumbentium
3044 4994 3354 5064 speculator

1780 5087 2102 5151 acerrimus,
2138 5102 2202 5141 ac
2234 5089 2292 5141 in
2318 5087 2878 5142 cmteris'liberalibns
2913 5086 3219 5156 disciplinis
3258 5099 3355 5154 pe-

1779 5177 2102 5240 ritissimus,
2157 5177 2289 5247 quin
2344 5185 2399 5232 et
2445 5184 2686 5247 quatuor
2739 5185 3000 5247 praeterea
3054 5175 3351 5229 virtutibus

1781 5281 1992 5321 summe
2021 5275 2248 5323 ornatus
2281 5266 2402 5320 fuit.
2438 5266 2536 5321 llic
2564 5276 2649 5322 est
2672 5283 2765 5337 qui
2793 5268 3103 5323 rectissima
3134 5268 3187 5321 in
3208 5265 3353 5333 judi-

1779 5359 1956 5415 cando
1986 5361 2191 5414 trutina
2208 5375 2366 5423 usus,
2391 5374 2580 5414 eorum
2607 5361 2700 5431 qui
2724 5360 2954 5415 Athenis
2973 5360 3065 5428 jus
3092 5357 3352 5412 dicebant

1774 5449 2116 5519 justissimu-s
2158 5448 2282 5514 fuit,
2321 5449 2484 5519 idque
2516 5465 2640 5505 cum
2673 5451 2851 5504 adhuc
2895 5447 3179 5518 gentilium
3222 5447 3349 5502 reli-

1778 5542 1939 5611 gione
1968 5541 2291 5607 obstrictus,
2326 5540 2588 5613 Iovisque
2626 5540 3128 5597 abominationibus
3168 5539 3352 5609 inqui-

1778 5641 1961 5698 natus,
2011 5640 2066 5689 et
2114 5634 2452 5691 exsecrando
2501 5634 2739 5689 Palladis
2788 5633 3139 5688 Atheniensis
3177 5633 3354 5687 cultui

1779 5720 1986 5781 nefarie
2007 5734 2154 5785 esset
2187 5728 2456 5795 addictus,
2495 5727 2772 5784 fabulosus
2802 5726 2928 5781 item
2980 5724 3217 5797 Orphei,
3254 5724 3355 5796 qui!
