3874 6548
486 459 593 517 623

1669 444 1725 499 S.
1762 439 2062 497 DIONYSII
2101 437 2560 496 AREOPAGITxE

3655 427 3759 482 δίει

488 578 673 637 omnia
723 574 791 630 ad
844 588 902 628 se
948 569 1175 626 musicis
1211 566 1570 624 concentibus
1628 563 1935 618 attrahebat
1979 579 2073 618 su-

2186 575 2337 612 κοντα
2373 555 2663 630 κρούμασι,
2712 552 2976 624 μυθώδεις
3025 548 3300 619 θεολογίας
3342 545 3757 617 ἀσπαζόμενος,

491 672 686 731 blimes
715 668 781 723 de
812 666 919 721 diis
950 678 1233 719 sermones
1283 660 1645 731 amplectens,
1694 664 1749 711 et
1787 655 1919 710 anili
1960 652 2068 708 Ile-

491 762 633 818 siodi
659 755 974 828 Theogonia
1004 754 1238 808 libenter
1261 750 1599 805 detineretur
1617 747 1856 802 illectus.
1881 744 1951 798 At
1975 741 2070 797 ubi

490 852 665 924 gratia
710 846 972 904 salutaris
1021 843 1238 901 cunctis
1275 839 1592 896 hominibus
1643 838 1843 899 illuxit,
1895 834 2070 907 genti-

492 945 623 1000 lium
675 940 960 999 ebrietatis
1000 946 1055 994 et
1111 936 1364 991 amentiae
1417 935 1676 991 tenebras
1724 929 2066 995 eliminavit,

491 1036 985 1100 universorumque
1036 1028 1459 1083 simulacrorum
1510 1037 1754 1080 errorem
1805 1019 2072 1074 de-terra

492 1126 734 1189 sustulit,
778 1139 841 1177 ac
872 1122 1073 1191 ubique
1108 1127 1382 1175 terrarum
1415 1116 1509 1172 Dei
1545 1122 1599 1170 et
1626 1112 1926 1170 servatoris
1969 1125 2071 1166 no-

493 1219 593 1274 stri
621 1215 825 1272 Christi
854 1213 1132 1283 discipuli,
1163 1218 1422 1281 tanquam
1453 1207 1648 1279 aquila:
1668 1203 1915 1277 quaedam
1943 1217 2072 1275 pas-

493 1314 571 1371 sis
599 1311 702 1365 alis
739 1309 1019 1364 evolantes
1065 1321 1129 1361 ac
1156 1309 1558 1376 percurrentes,
1584 1298 1782 1354 divinae
1811 1297 2074 1369 cognitio-

494 1407 584 1461 nis
615 1402 821 1457 lumine
852 1400 1117 1455 mundum
1160 1398 1595 1453 illustraverunt.
1628 1390 1861 1459 Quando
1907 1389 2072 1445 etiam

496 1496 699 1551 Paulus
756 1493 1134 1563 theologorum
1192 1501 1484 1559 supremus
1539 1490 1593 1540 et
1648 1481 2069 1546 divinissimus,

495 1588 737 1661 gentium
791 1585 1093 1657 apostolus,
1126 1582 1257 1637 tuba
1300 1579 1501 1635 cmlum
1528 1592 1704 1648 usque
1732 1575 2070 1646 pertingens,

495 1696 594 1737 vas
623 1679 931 1742 electionis,
982 1675 1225 1730 Athenas
1267 1669 1563 1733 concessit,
1608 1667 1701 1722 ubi
1737 1664 2073 1737 praeconium

497 1789 527 1827 a
556 1788 666 1845 quo
706 1772 935 1827 salutem
963 1777 1016 1825 et
1039 1769 1202 1823 vitam
1237 1764 1476 1821 mundus
1508 1762 1804 1834 acciperet,
1856 1775 2075 1814 annun-

497 1864 666 1928 tians,
697 1863 945 1918 divinum
972 1859 1188 1933 nomini
1212 1873 1412 1913 nomen
1435 1853 1858 1911 circumferebat
1881 1871 1896 1907 :
1920 1865 2075 1906 cum-

2170 652 2263 705 καί
2295 649 2391 722 τὴν
2420 647 2747 723 γραοπρεπῆ
2770 646 2899 717 παρ’
2942 642 3170 713 Ἡσιόδῳ
3199 640 3497 709 Θεογονίαν
3537 640 3762 708 ἀσμενι-

2171 742 2417 814 ζὸμενος.
2466 739 2683 811 Ἐπειδὴ
2725 738 2782 792 δὲ
2810 736 2908 809 τὴν
2944 734 3044 807 τῆς
3089 733 3408 806 Ἑλληνικῆς
3444 730 3636 795 ἀνοίας
3670 732 3760 784 καὶ

2174 835 2344 907 μέθης
2386 834 2554 906 ἀχλὺν
2587 836 2620 905 ἡ
2662 833 2827 886 πᾶσιν
2859 827 3171 903 ἀνθρώποις
3216 828 3548 896 ἐπιφανεῖσα
3582 825 3758 895 σωτή-

2173 946 2287 1002 ριος
2316 929 2474 1000 χάρις
2506 925 2867 989 ἀπεσκέδασε,
2897 922 2992 978 καὶ
3031 924 3213 976 πᾶσαν
3251 919 3360 973 ἀπὸ
3393 918 3499 989 γῆς
3553 914 3759 970 εἰδωλί-

2174 1020 2274 1093 κὴν
2302 1020 2515 1074 καθεῖλε
2544 1018 2773 1089 πλάνην,
2809 1015 2913 1070 καὶ·
2933 1012 3236 1085 πανταχόσε
3263 1011 3363 1082 τῆς
3395 1009 3759 1079 οἰκουμένης,

2172 1108 2260 1169 οἶά
2300 1131 2445 1177 τινες
2480 1113 2628 1166 ἀετοί
2659 1110 3066 1182 τανυσίπτεροι,
3098 1104 3441 1176 διιπτάμενοι
3469 1101 3567 1156 καὶ
3593 1099 3762 1153 διαθέ-

2172 1222 2321 1270 οντες
2344 1208 2393 1259 οἱ
2425 1203 2519 1259 τοῦ
2552 1203 2686 1258 Θεοῦ
2719 1202 2811 1257 καὶ
2840 1201 3096 1273 Σωτῆρος
3131 1198 3290 1270 ήμῶν
3321 1193 3565 1268 Χριστοῦ
3596 1191 3763 1264 μαθη-

2171 1296 2261 1351 ταὶ
2290 1295 2368 1369 τῷ
2403 1297 2501 1369 τῆς
2548 1294 2876 1365 θεογνωσίας
2922 1292 3061 1362 φωτί
3100 1291 3192 1344 τὸν
3232 1290 3436 1359 κόσμον
3481 1286 3759 1358 κατηύγα-

2176 1406 2305 1443 σαν·
2336 1389 2430 1442 καὶ
2465 1386 2674 1452 Παῦλος
2693 1386 2802 1440 τῶν
2832 1383 3098 1453 θεολόγων
3128 1384 3157 1437 ό
3197 1381 3507 1456 κράτιστος,
3535 1379 3633 1433 καί
3659 1378 3762 1430 τῶν

2175 1479 2346 1535 ἐθνῶν
2373 1483 2401 1534 ό
2455 1480 2727 1543 θειότατος
2773 1476 3090 1540 ἀπόστολος,
3126 1476 3161 1546 ἡ
3204 1473 3598 1546 οὐρανομήκης
3636 1470 3761 1523 σάλ-

2176 1571 2325 1643 πιγξ,
2358 1573 2419 1626 τὸ
2446 1571 2638 1636 σκεῦος
2676 1570 2776 1641 τῆς
2822 1569 3073 1641 ἐκλογῆς,
3114 1555 3249 1632 ταῖς
3286 1566 3540 1638 Ἀθήναις
3572 1564 3762 1635 ἐπεδή-

2178 1681 2338 1737 μησε,
2392 1664 2665 1729 σαλπίζων
2695 1663 2755 1716 τὸ
2804 1662 3142 1732 σωσίκοσμον
3191 1660 3286 1713 καί
3326 1656 3621 1730 φερέσϐιον
3661 1656 3761 1726 κή-

2177 1773 2383 1829 ρυγμα,
2415 1757 2509 1811 καὶ
2535 1756 2595 1809 τὸ
2624 1754 2764 1809 θεῖον
2786 1754 2881 1807 καὶ
2906 1750 3223 1806 δεσποτικὸν
3256 1749 3543 1821 βαστάζων
3573 1747 3760 1819 ὄνομα,

2176 1850 2272 1903 καὶ
2299 1850 2418 1903 κατ’
2452 1847 2666 1902 εἴδωλον
2707 1847 2808 1919 τὴν
2840 1848 2900 1900 ἐν
2932 1849 3054 1910 ταῖς
3110 1844 3379 1916 Ἑλληνίσι
3421 1841 3766 1914 προῦχουσαν

496 1966 603 2021 que
650 1956 897 2005 cerneret
951 1948 1252 2013 civitatem,
1312 1962 1434 2019 quae
1484 1943 1699 1999 caeteris
1757 1939 2073 1997 Graecorum

2186 1940 2363 1994 πόλεσι
2391 1939 2738 2011 τεθεαμένος,
2763 1938 2856 1992 καὶ
2882 1937 2960 2008 τῷ
2992 1934 3158 2008 θεῖκῷ
3187 1934 3568 2007 πυρποληθεὶς
3597 1933 3761 2004 ζήλῳ,

497 2042 752 2095 onmibus
784 2046 1102 2109 antestaret,
1139 2037 1557 2093 simulacrorum
1589 2034 1750 2106 363
1782 2033 1953 2088 cultui
1980 2032 2077 2088 dc-

497 2135 689 2197 ditam,
721 2149 908 2188 amore
942 2133 1127 2187 divino
1159 2146 1480 2194 succensus,
1510 2128 1707 2184 ardore
1733 2128 1968 2200 quodam
1995 2126 2077 2182 ci-

498 2224 721 2279 vitatem
756 2224 1037 2294 ingressus
1073 2230 1191 2287 est,
1230 2230 1285 2278 et
1327 2237 1453 2275 cum
1494 2219 1735 2288 Judmos,
1767 2227 1882 2274 tum
1926 2217 2062 2274 Cra:-

497 2331 613 2382 cos,
650 2315 925 2385 sapientes
974 2322 1027 2369 et
1053 2313 1338 2378 indoctos,
1370 2327 1729 2383 quoscunque
1762 2312 1955 2367 obvios
1980 2314 2071 2385 hae

496 2408 635 2468 huit,
652 2383 988 2477 argumentis
1005 2405 1263 2474 impetere
1281 2405 1468 2475 coepit,
1481 2403 1777 2476 Jesumque
1787 2405 1879 2476 qui
1895 2420 1995 2461 nos
2009 2383 2076 2484 ali

497 2497 837 2566 impostoris,
854 2496 1165 2557 homicida,
1182 2494 1551 2564 draconisque
1564 2494 1875 2566 tyrannide,
1902 2490 2079 2550 morte

499 2602 563 2642 ac
580 2588 803 2643 interitu
817 2587 1143 2651 vindicaret,
1166 2595 1220 2641 et
1249 2594 1590 2640 mortuorum
1617 2585 2079 2640 resurrectionem

501 2680 638 2736 laetis
666 2679 931 2749 auspiciis
950 2678 1241 2733 nuntiavit.
1274 2680 1341 2732 At
1371 2676 1692 2748 Epicureos,
1707 2684 1760 2732 et
1788 2677 1879 2747 qui
1914 2692 2082 2747 apor-

500 2772 614 2827 ticu
641 2772 874 2841 picturis
906 2770 1183 2842 variegata
1214 2785 1413 2825 nomen
1454 2753 1805 2839 acceperunt,
1849 2783 1987 2822 nova
2026 2776 2081 2822 et

498 2863 743 2918 inaudita
777 2878 842 2918 ac
869 2863 1080 2918 coalesti
1119 2863 1388 2933 sapientia
1418 2863 1475 2917 in
1509 2862 1787 2933 ingentem
1837 2860 2079 2915 admira-

499 2958 704 3012 tionem
723 2956 969 3011 attraxit.
990 2955 1055 3010 Et
1090 2958 1157 3011 ad
1172 2955 1621 3027 Areopagitarum
1638 2951 1907 3024 judicium
1931 2951 2081 3007 dela-

500 3061 608 3112 tus,
628 3049 889 3119 ipsosque
900 3047 1114 3118 judices
1132 3048 1376 3101 omnium
1403 3046 1857 3109 maximc,omnes
1870 3043 2086 3099 caelesti

501 3143 629 3197 huic
643 3144 1003 3214 philosophia:
1018 3143 1261 3195 animum
1275 3139 1559 3195 intendere
1590 3137 2079 3207 suaviterjnduxit.

2178 2033 2397 2106 θερμῶς
2422 2033 2520 2105 τὴν
2550 2032 2703 2086 πόλιν
2729 2028 3113 2101 είσεληλακὼς,
3149 2027 3288 2101 πρὸς
3322 2029 3450 2092 τοὺς
3482 2043 3765 2099 παρατυγ-

2179 2125 2442 2197 χάνοντας
2483 2124 2769 2188 Ἰουδαίους
2801 2141 2860 2178 τε
2890 2124 2984 2178 καί
3015 2122 3302 2195 Ἕλληνας,
3340 2122 3545 2192 σοφούς
3581 2139 3643 2175 τε
3678 2123 3766 2175 καὶ

2182 2216 2398 2282 ἰδιώτας
2427 2217 2739 2283 διείλεκται,
2775 2217 2869 2271 καὶ
2915 2215 3006 2269 τὸν
3056 2215 3156 2286 τῆς
3201 2214 3296 2268 τοῦ
3344 2214 3637 2268 δελεαστοῦ
3679 2215 3764 2267 καί

2177 2309 2532 2383 βροτοκτόνου
2564 2310 2660 2363 καὶ
2685 2309 2977 2381 δράκοντος
2994 2306 3324 2379 τυραννίδος,
3348 2306 3443 2360 τοῦ
3460 2324 3520 2360 τε
3538 2307 3765 2361 θανάτου

2181 2400 2274 2455 καὶ
2305 2400 2406 2471 τῆς
2454 2399 2661 2472 φθορᾶς
2707 2398 3065 2472 λυτρούμενον
3120 2396 3347 2469 Ἰησοῦν,
3392 2398 3489 2452 καὶ
3530 2398 3632 2469 τὴν
3664 2399 3768 2452 τῶν

2184 2493 2393 2563 νεκρῶν
2427 2492 2725 2546 ἀνάστασιν
2766 2490 3176 2564 εὐηγγελίσατο,
3209 2489 3303 2543 καὶ
3347 2491 3475 2554 τοὺς
3504 2490 3569 2556 ἐξ

2184 2584 2379 2656 κούρου
2413 2585 2504 2639 καί
2538 2586 2665 2649 τοὺς
2703 2584 2803 2656 τῆς
2844 2584 3103 2656 Ποικίλης
3140 2587 3301 2649 στοᾶς
3338 2585 3668 2655 φιλοσόφους
3707 2588 3765 2655 τῇ

2183 2674 2310 2750 ξένῃ
2385 2676 2479 2729 καὶ
2522 2676 2821 2748 ἀπορρήτῳ
2855 2674 2949 2728 καί
3000 2676 3354 2750 ὐπερκοσμίῳ
3403 2676 3571 2747 σοφίᾳ
3614 2678 3768 2729 κατέ.

2183 2769 2517 2840 πληξε,κάπί
2535 2768 2628 2822 τοῦ
2658 2767 2865 2841 Ἀρείου
2884 2768 3059 2838 πάγου
3082 2770 3360 2842 κριτήριον
3378 2769 3767 2841 ἀπενήνεκταε,

2185 2861 2279 2915 καὶ
2302 2862 2429 2925 τοὺς
2462 2860 2717 2916 ἁπάντων
2740 2859 3185 2932 ὑπερακοντίζειν
3210 2860 3507 2933 φιλοσοφία
3538 2862 3772 2931 κατεκή-

2185 2952 2369 3023 λησεν·
2397 2952 2595 3006 αὐτίκα
2623 2950 3132 3023 Διονύσιοςάπέστη
3162 2952 3261 3023 τῆς
3285 2950 3661 3023 βορϐορώδους
3678 2952 3772 3020 τῆς

2193 3043 2582 3115 εἰδωλομανίας
2614 3044 2842 3117 λίμνης,
2876 3045 2971 3099 καί.
3000 3043 3200 3116 Παύλῳ
3248 3044 3326 3115 τῷ
3378 3042 3596 3096 πνέοντι
3625 3043 3771 3096 θείαν

2191 3137 2418 3192 εὐωδίαν
2451 3137 2745 3213 ἐκολλήθη·
2777 3139 3107 3211 ἀπεσπάσθη
3142 3139 3251 3194 τῶν
3281 3139 3384 3210 τῆς
3405 3138 3628 3212 ἀπάτης
3661 3141 3769 3193 εἰσ-

476 3234 641 3289 'Tum
682 3235 979 3305 Dionysius
1011 3232 1304 3289 confestim
1345 3246 1375 3285 a
1399 3231 1567 3298 luteo,
1597 3238 1652 3286 et
1679 3231 1880 3285 insano
1916 3228 2080 3299 quasi

2186 3228 2441 3301 ηγητῶν,
2491 3230 2585 3284 καί
2624 3229 2704 3301 τῷ
2743 3231 2844 3303 τῆς
2887 3229 3145 3303 ἀληθείας
3196 3231 3401 3304 κήρυκι
3438 3231 3769 3304 προσεδέθη’

505 3327 931 3382 simulacrorum
979 3333 1174 3396 stagno
1224 3323 1563 3386 desciscens,
1613 3320 1786 3375 Paulo
1836 3320 2081 3375 divinum

507 3418 730 3473 odorem
762 3418 1008 3474 exerenti
1037 3417 1337 3487 adjunctus
1369 3422 1476 3471 est.
1507 3413 1590 3469 Ab
1635 3414 2000 3484 interpretum
2031 3417 2085 3467 et

508 3510 837 3580 scriptorum
871 3509 1097 3564 avulsus
1118 3522 1326 3571 errore,
1360 3505 1600 3577 praeconi
1624 3504 1872 3560 veritatis
1903 3502 2085 3558 adlue-

507 3603 600 3659 sit.
633 3601 678 3655 A
705 3600 980 3672 profundo
1007 3598 1402 3655 internecionis
1429 3596 1676 3662 emersit,
1715 3605 1769 3653 et
1798 3595 1868 3650 ad
1892 3594 2085 3651 salutis

506 3693 892 3749 celsitudinem
920 3693 1177 3747 evolavit.
1210 3690 1254 3744 A
1286 3692 1527 3747 tenebris
1553 3688 1850 3760 impietatis
1871 3689 2089 3743 absces-

508 3785 603 3844 sit.
640 3790 695 3840 et
744 3783 811 3837 ad
856 3783 1188 3855 cognitionis
1231 3783 1431 3837 divinae
1472 3783 1656 3838 lumen
1701 3780 1995 3836 concessit.
2040 3778 2087 3832 Α

508 3894 637 3935 vera
685 3877 917 3934 stultitia
968 3877 1036 3932 ad
1084 3892 1267 3932 veram
1303 3876 1698 3931 beatitudinem
1746 3873 2083 3944 properavit.

511 3970 682 4025 Belial
705 3968 901 4024 mortis
923 3967 1204 4039 pararium
1235 3967 1417 4022 valere
1436 3966 1624 4036 jussit,
1652 3974 1705 4021 et
1730 3966 1853 4020 vitae
1875 3962 2085 4020 auctori

510 4071 565 4117 et
597 4061 831 4132 principi
869 4058 1089 4115 Christo
1126 4074 1186 4114 se
1214 4058 1523 4128 conjunxit.
1554 4056 1931 4128 lmpuritatem
1974 4054 2086 4109 dae-

510 4169 734 4209 mouum
777 4153 1126 4208 abominatus
1148 4192 1164 4217 ,
1200 4152 1517 4223 angelorum
1553 4150 1899 4205 sanctitatem
1937 4164 2089 4202 com-

514 4244 706 4315 plexus
725 4252 828 4300 est.
855 4242 1082 4298 Luteam
1104 4241 1292 4296 mundi
1321 4241 1602 4295 materiam
1626 4239 1889 4303 excussit,
1910 4246 1963 4293 et
1978 4253 2091 4294 co:-

516 4337 653 4391 lcste
678 4335 897 4391 vivendi
935 4334 1249 4390 institutum
1294 4331 1541 4403 appetiit.
1592 4330 1731 4386 Cum
1770 4329 1916 4385 enim
1964 4345 2090 4399 spe-

518 4427 795 4481 ctaculum
844 4425 1023 4482 factus
1055 4432 1203 4480 esset
1236 4424 1355 4495 (per
1389 4422 1621 4477 Paulum
1650 4422 1940 4493 splendore
1964 4437 2089 4476 cum

518 4517 801 4573 cherubim
831 4525 1157 4581 certantem,
1186 4523 1375 4587 utpote
1402 4515 1683 4572 Christum
1710 4514 1804 4585 qui
1829 4513 2087 4570 sedetsu-

2184 3321 2392 3394 ἀνήχθη
2435 3325 2531 3376 τοῦ
2562 3323 2664 3396 τῆς
2707 3324 2982 3388 ἀπωλείας
3016 3323 3202 3396 βυθοῦ,
3238 3324 3329 3379 καὶ
3377 3326 3518 3399 πρὸς
3562 3324 3623 3379 τὸ
3677 3326 3773 3397 τῆς

2187 3413 2460 3485 σωτηρίας
2497 3414 2629 3485 ῦψος
2675 3416 2915 3488 ἀνέπτη·
2950 3418 3287 3488 ἀπεφοίτησε
3331 3417 3429 3470 τοῦ
3456 3417 3561 3487 τῆς
3592 3417 3772 3481 ἀθεῖας

2186 3503 2371 3576 ζόφου,
2402 3507 2494 3561 καί
2524 3507 2602 3579 τῷ
2630 3509 2730 3581 τῆς
2758 3508 3088 3578 θεογνωσίας
3135 3508 3275 3577 φωτὶ
3308 3510 3767 3582 προσεφοίτησεν·

2186 3598 2500 3673 ἀνεχώρησε
2539 3599 2644 3671 τῆς
2683 3599 2759 3663 ὡς
2797 3600 3013 3672 ἀληθῶς
3046 3601 3427 3672 ματαιότητος,
3460 3602 3556 3654 καί
3586 3604 3654 3671 τῇ
3693 3601 3771 3654 ὃν·

2185 3708 2294 3754 τως
2339 3693 2697 3765 μακαριότητι
2742 3692 3191 3766 προσεχώρησεν·
3231 3692 3540 3758 ἀπετάξατο
3573 3693 3649 3765 τῷ
3683 3692 3770 3747 τοῦ

2188 3784 2418 3838 θανάτου
2455 3784 2697 3858 προξένῳ
2725 3786 2941 3859 Βελίαρ,
2971 3787 3065 3841 καί
3092 3786 3171 3859 τῷ
3193 3787 3293 3857 τῆς
3318 3787 3465 3858 ζωῆς
3496 3789 3661 3860 αἰτίῳ
3686 3788 3769 3843 καί

2189 3880 2407 3951 χορηγῷ
2453 3882 2676 3954 Χριστῷ
2733 3882 3093 3948 συνετάξατο·
3146 3880 3468 3946 ἐδδελύξατο
3512 3883 3614 3955 τὴν
3668 3883 3769 3935 τῶν

2187 3972 2453 4043 δαιμόνων
2483 3974 2845 4049 ἀκαθαρσίαν,
2872 3974 2965 4028 καί
2999 3974 3097 4045 τὴν
3130 3974 3238 4029 τῶν
3268 3972 3515 4043 ἀγγέλων
3555 3976 3767 4045 ἁγνείαν

2189 4065 2503 4134 ἠσπάσατο·
2536 4066 2900 4132 ἀπετινάξατο
2933 4067 3031 4140 τὴν
3065 4064 3257 4138 ἰλυώδη
3288 4069 3567 4140 κοσμικὴν
3610 4068 3765 4140 ῦλην,

2189 4159 2282 4213 καὶ
2322 4158 2422 4231 τὴν
2456 4159 2617 4215 ἄῦλον
2640 4160 2823 4232 βιοτὴν
2862 4160 3278 4234 ἐνηγκαλίσατο.
3313 4161 3627 4235 Ἐσοπτρον
3668 4161 3767 4233 γάρ

2190 4250 2429 4335 γεχονὼς
2456 4251 2702 4306 δεκτικὸν
2732 4253 2832 4324 τῆς
2870 4252 2957 4307 διὰ
2997 4253 3209 4306 Παύλου
3244 4251 3339 4306 τοῦ
3371 4252 3451 4324 τῷ
3474 4251 3769 4324 χερου6ικῷ

2192 4341 2366 4415 θρόνῳ
2403 4343 2779 4415 ἁμιλλωμένου
2827 4347 2893 4416 τῇ
2945 4345 3325 4417 λαμπρότητι,
3372 4345 3479 4398 ἀτε
3541 4345 3767 4418 Χριστὸν

2191 4434 2300 4489 τῶν
2344 4433 2609 4508 χερουὸἰμ
2655 4437 3019 4510 ἐποχούμενον
3066 4437 3288 4492 ἔναυλον
3332 4436 3551 4509 ἔχοντο-ς
3572 4476 3588 4501 ,
3627 4438 3765 4491 ἀπα-

2195 4529 2574 4603 στραπτούσης
2621 4533 2866 4597 ἀκτῖνος,
2918 4531 3012 4585 καὶ
3057 4531 3161 4602 τῆς
3193 4530 3537 4602 ἐνδιδομένης
3580 4531 3767 4602 αἴγλης

522 4623 616 4675 per
654 4608 935 4663 cherubim
963 4609 1309 4663 insonantem
1342 4607 1570 4661 auribus
1604 4604 1940 4676 habentem),
1973 4619 2083 4673 sper

2201 4620 2705 4695 ἀποπληρούμενον,
2736 4621 3135 4695 κατηύγασται,
3166 4623 3262 4677 καὶ
3282 4622 3402 4685 ὅλος
3431 4621 3528 4694 ὅλῃ
3576 4625 3643 4693 τῇ
3672 4621 3766 4691 ψυ-

521 4699 705 4753 culum
732 4714 906 4770 capax
930 4698 1190 4771 fulgentis
1216 4698 1473 4769 principii
1500 4698 1725 4753 luminis
1753 4703 1808 4751 et
1836 4693 2092 4749 divinitao

522 4790 596 4845 tis
620 4791 866 4846 auctoris
896 4791 1040 4846 radii
1085 4791 1496 4861 crescentisque
1529 4789 1670 4844 lueis
1711 4788 1932 4858 plenum
1968 4786 2094 4840 illu-

521 4888 730 4938 stratus
760 4888 864 4936 est.
886 4881 987 4937 Cui
1014 4881 1180 4937 etiam
1204 4880 1323 4952 ipse
1349 4886 1501 4936 totus
1528 4880 1710 4934 animo
1736 4886 1873 4943 toto,
1892 4877 2096 4947 cogita-

419 4960 424 4967 ’
522 4977 674 5030 tione
718 4989 783 5029 ac
824 4973 990 5029 corde
1038 4972 1358 5045 pmceptori
1405 4970 1775 5044 agglutinatus
1815 4978 1919 5025 est.
1970 4967 2093 5030 Cui,

523 5080 688 5135 quam
718 5065 912 5135 ingens
940 5062 1189 5134 praeclari
1219 5062 1452 5133 hujusce
1476 5061 1582 5117 viri
1611 5060 1779 5115 animi
1806 5059 2098 5130 propensio

522 5159 628 5214 fuit
655 5158 971 5230 apostolicae
1001 5157 1078 5211 illi
1107 5172 1171 5211 ac
1198 5156 1444 5212 divinum
1472 5157 1657 5211 lumen
1685 5154 1936 5226 largienti
1959 5170 2099 5226 prae-

524 5250 789 5307 dicationi
827 5248 1225 5322 suscipiendze?
1255 5247 1610 5305 Obedientem
1645 5256 1700 5304 et
1742 5246 2096 5303 illuminatis—

526 5346 727 5400 simum
764 5344 1007 5398 animum
1051 5342 1238 5405 illum,
1288 5341 1379 5411 qui
1424 5340 1680 5397 facillime
1712 5339 1994 5410 doctrinae}
2036 5357 2101 5396 ac

526 5436 909 5507 praeceptionis
942 5434 1267 5505 evangelicae
1291 5442 1452 5488 notas
1483 5448 1547 5488 ac
1573 5435 1729 5505 signa
1762 5435 1940 5505 prima
1969 5437 2101 5490 reti-

528 5528 665 5582 nuit.
697 5524 742 5582 Ο
771 5541 867 5581 cor
896 5525 1077 5590 facile,
1110 5532 1165 5581 et
1209 5525 1279 5580 ab
1305 5525 1454 5579 omni
1483 5527 1668 5583 carnis
1711 5525 1909 5582 affectu
1940 5528 2103 5582 undi-

524 5635 636 5689 que
663 5620 938 5686 avulsum,
966 5617 1115 5689 quod
1143 5632 1409 5688 corporea
1448 5619 1597 5671 omni
1637 5618 2103 5675 demonstratione

532 5706 755 5775 rejecta,
782 5708 980 5762 salutis
1004 5707 1280 5775 praeconio
1302 5707 1556 5761 celeriter
1576 5708 1828 5773 credidit,
1854 5719 1906 5766 et
1932 5708 2102 5766 Paulo

531 5799 713 5853 divina
742 5799 1079 5870 prmdicanti,
1111 5800 1347 5871 coelique
1385 5800 1597 5854 cursori
1629 5801 1697 5856 ad
1732 5803 1984 5859 ctelestes
2011 5820 2100 5860 se-

533 5891 631 5947 des
653 5893 979 5971 provehenti
1009 5909 1068 5949 se
1090 5892 1395 5963 conjunxit.
1423 5888 1467 5946 Ο
1500 5890 1732 5948 fertilem
1763 5904 1816 5949 et
1844 5896 2099 5967 pinguem

2195 4712 2288 4782 κῇ,
2311 4712 2404 4766 καὶ
2426 4712 2655 4786 διανοίᾳ,
2679 4715 2772 4769 καὶ
2802 4713 3002 4787 καρδίᾳ.
3029 4714 3108 4786 τῷ
3126 4713 3430 4785 διδασκάλῳ
3446 4713 3769 4786 προσλΐκόλ-

2194 4800 2373 4873 ληται.
2408 4803 2580 4858 Βασαὶ
2611 4804 2713 4875 τῆς
2729 4804 2825 4857 τοῦ
2854 4804 3120 4876 ἀριστέως
3149 4804 3339 4857 τούτου
3366 4804 3503 4878 πρὸς
3537 4802 3639 4876 τήν
3676 4802 3767 4872 τῆς

2196 4896 2557 4968 ἀποστολικῆς
2593 4896 2913 4971 φωτοδώρου
2949 4898 3326 4971 παραινέσεως
3356 4894 3625 4969 ὑποδοχήν
3656 4896 3768 4948 ἐπι-

2195 4986 2575 5058 τηδειότητοςί
2615 4988 2789 5073 Βαόαὶ
2830 4988 2933 5059 τῆς
2961 4989 3207 5043 εὐείκτου
3244 4991 3339 5044 καὶ
3380 4989 3767 5059 διαυγεστάτης

2197 5078 2374 5152 ψυχῆς
2397 5080 2632 5151 ἐκείνης,
2665 5081 2766 5154 τῆς
2788 5084 2960 5155 ῥᾷστα
2982 5082 3080 5147 τὰς
3102 5081 3213 5136 τῶν
3247 5082 3572 5154 ἀρχετύπων
3603 5096 3766 5152 cvpa-

2197 5166 2361 5236 γίδων
2396 5167 2507 5221 τῶν
2533 5168 2902 5238 εὐαγγελικῶν
2931 5170 3274 5242 διδαγμάτων
3296 5169 3637 5234 ἐκτυπὼσεις
3654 5169 3769 5223 uva-

2203 5258 2559 5332 μαξαμένηςί
2613 5261 2782 5315 Βαδαί
2832 5261 2933 5332 τῆς
2973 5263 3200 5335 καρδίας
3242 5263 3343 5335 τῆς
3394 5263 3641 5327 εὐπετῶς
3682 5260 3767 5315 καὶ

2200 5353 2612 5424 ἀνεπιστρόφως
2647 5353 2829 5426 πάσης
2870 5356 3139 5427 σαρκικῆς
3187 5355 3563 5430 προσπαθείας
3606 5357 3763 5426 ἀτεορ-

2202 5443 2482 5517 ραγείσης,
2517 5443 2610 5497 καί
2640 5446 2900 5499 παντοίαν
2925 5447 3113 5519 ύλικὴν
3136 5447 3375 5519 ἔμφασιν
3406 5447 3765 5518 ἀποσεισαμέ-

2200 5551 2318 5606 νης,
2358 5535 2450 5588 καὶ
2475 5535 2553 5607 τῷ
2586 5537 2916 5609 σωτηριώδει
2950 5538 3140 5593 θᾶττον
3164 5540 3532 5613 πιστευσάσης
3566 5539 3763 5614 κηρύτ-

2205 5643 2353 5696 ματι,
2383 5626 2576 5699 καίτῴ
2610 5629 2855 5702 θεηγόρῳ
2874 5629 2953 5701 τῷ
2979 5630 3115 5702 πρὸς
3141 5630 3239 5694 τάς
3266 5631 3553 5704 οὐρανίους
3594 5646 3767 5701 χειραο

2202 5714 2469 5783 γωγοῦντι
2517 5717 2704 5788 μονὰς,
2735 5719 3112 5791 οὐρανοδρόμῳ
3150 5719 3347 5791 Παύλῳ
3386 5719 3761 5791 κολληθείσηςῖ

2202 5806 2373 5858 Βαϐαὶ
2401 5807 2501 5877 τῆς
2545 5807 2755 5877 εὐγείου
2812 5810 2901 5863 καὶ
2937 5810 3117 5874 πίονος
3149 5813 3363 5890 νοητῆς.
3381 5813 3637 5886 ἀρούρας,
3670 5811 3766 5879 τῆς

2202 5897 2294 5952 τὸν
2326 5897 2554 5962 ζωτικὸν
2586 5901 3078 5974 ἐγκολπωσαμένης
3122 5903 3342 5974 σπόρον,
3380 5906 3474 5959 καὶ
3508 5904 3764 5976 πολύχουν
