3874 6562
139 423 258 481 69.5

1111 417 1294 484 VITA,
1332 416 1660 474 AUCTORE
1695 415 2044 474 MICHAELE
2080 416 2406 476 SYNGELO.

3311 413 3414 470 69.6

140 539 553 604 ἀναδεδωκυίας
589 539 682 594 καὶ
721 537 1109 609 εὐγενέστατον
1153 537 1428 608 ἄσταχυνί
1466 535 1580 588 Οὐκ
1611 534 1713 586 ἀνε

1836 538 2058 596 terram,
2094 531 2325 586 rationis
2353 543 2630 600 capacem,
2658 545 2778 599 quae
2805 536 3104 585 sementem
3135 529 3259 584 vitae
3288 529 3412 586 sinu

140 635 392 704 χαίτισεν
407 631 567 686 αὐτὸν
595 631 828 705 ἀρχικῆς
843 649 902 685 τε
925 631 1017 684 καὶ
1039 629 1356 700 δικαστικῆς
1371 627 1528 698 δόξης
1545 627 1723 694 ὄγκος·

140 726 246 778 οὐκ
299 724 656 795 ἀνεσείρασεν
705 723 868 777 αὐτὸν
919 722 1120 792 φιλίας,
1169 721 1262 775 καὶ
1305 719 1597 792 όμηλικίας
1638 717 1729 771 καὶ

141 818 437 889 συνηθείας
463 817 654 881 πόθος·
686 817 786 869 οὐκ
811 817 1042 887 ἐπέσχεν
1072 815 1233 868 αὑτὸν
1275 813 1476 883 γονέων
1505 812 1599 866 καὶ
1631 813 1730 880 ἀγ-

138 909 396 979 χιστέων,
431 909 524 962 καὶ
555 909 825 980 όμεστίων
851 907 1171 981 τυραννικὸς
1205 907 1375 980 ἐρως·
1411 905 1511 959 οὒκ
1540 904 1728 975 ἔδησεν

135 1002 306 1056 αὑτὸν
336 1003 691 1057 πολυπλόκων
725 1002 1020 1076 χρημάτων
1054 1000 1146 1054 καὶ
1180 999 1476 1070 κτημάτων
1503 996 1727 1068 μανικὸς

134 1090 384 1168 οἶστρος·
426 1096 527 1148 οὐκ
559 1096 867 1166 ὲχαύνωσεν
907 1093 1070 1148 αὑτὸν
1095 1092 1360 1163 σωμάτων
1387 1089 1546 1161 ήδονή
1570 1105 1583 1117 °
1627 1088 1728 1141 οὐκ

133 1185 402 1258 ὲθήλυνεν
469 1187 632 1241 αὑτὸν
694 1187 1034 1258 ἁϐροδιαίτου
1105 1184 1286 1256 βιοτῆς
1355 1183 1448 1236 καὶ
1512 1179 1726 1252 τρυφῆς

134 1279 357 1349 ἔφεσις-ο
397 1280 534 1334 ἀλλὰ
584 1281 683 1352 τῆς
744 1279 839 1334 τοῦ
897 1281 1138 1352 κήρυκος
1192 1276 1556 1347 θεοφθέγκτου
1613 1291 1726 1342 φω-

133 1373 237 1443 νῆς
290 1371 577 1442 ἀκηκοὼς,
630 1371 724 1425 καὶ
782 1371 926 1443 πρὸς
973 1371 1126 1423 οὐδὲν
1175 1369 1282 1422 τῶν
1347 1369 1448 1420 ὅσα
1498 1365 1725 1438 βροτοὺς

134 1465 366 1537 τέρπειν
395 1465 584 1518 εἴωθεν
632 1461 1045 1536 προσεσχηκὼς,
1082 1461 1278 1533 ἁθρόον
1338 1457 1487 1528 αὑτῴ
1534 1457 1724 1529 κολλη-

133 1556 322 1627 θῆναι,
375 1557 624 1628 καθάπερ
661 1556 911 1627 μαγνήτῃ
946 1554 1181 1625 σίδηρος,
1219 1551 1537 1606 ἐσπούδακε.
1580 1549 1723 1602 Θαυ-

136 1648 385 1720 μάζομεν
407 1649 462 1702 δὲ
493 1648 584 1702 τὸν
609 1647 955 1720 πατριάρχην
997 1645 1266 1717 Ἀϐραὰμ,
1297 1643 1374 1715 τῷ
1397 1643 1516 1714 Θεῷ
1555 1659 1720 1716 προσ-

132 1743 390 1812 τεταχότι
435 1741 533 1812 τῆς
562 1743 798 1816 πατριᾶς
833 1739 926 1794 καὶ
964 1739 1222 1810 πατρίδος
1250 1737 1582 1806 ἁποικῆσαι,
1626 1734 1722 1788 καὶ

133 1837 216 1898 εἰς
245 1835 550 1906 ἀλλοδαπήν
575 1836 850 1904 ἄγνωστον
886 1832 1216 1897 στείλασθαι,
1240 1829 1712 1902 πειθαρχήσαντα·

1833 622 2078 694 suscepit
2103 639 2202 679 suo
2230 622 2648 692 foecundamque
2680 637 2744 676 ac
2766 623 3162 677 nobilissimam
3186 623 3412 678 aristam

1832 716 2109 788 produxit.
2147 715 2266 769 Non
2305 715 2458 768 illum
2488 731 2613 770 cum
2657 714 2998 786 principatus
3050 716 3258 787 gloria,
3297 723 3412 770 tum

1830 807 1996 879 364
2020 807 2326 879 amplitudo
2353 806 2686 877 judiciorum
2713 807 2880 862 veluti
2902 807 3037 876 juha
3082 816 3298 878 arrepta
3326 823 3414 862 re-

1829 899 2063 964 vocavit,
2098 916 2205 954 non
2240 900 2542 954 amicorum
2572 906 2626 954 et
2650 914 2958 954 cozevorum
2991 899 3411 955 consuetudinis

1829 993 2159 1049 desiderium
2187 992 2341 1047 illum
2373 990 2619 1046 retraxit.
2653 990 2770 1046 Non
2797 992 3071 1048 violentus
3095 999 3408 1063 parentum,

1828 1097 2170 1158 agnatorum,
2203 1084 2740 1154 domesticorumque
2762 1099 2914 1139 amor
2942 1084 3272 1150 retardavit;
3297 1099 3408 1138 non

1827 1179 2056 1234 insanus
2073 1177 2385 1232 divitiarum
2417 1192 2478 1231 ac
2495 1179 2904 1248 possessionum
2923 1177 3089 1233 variis
3108 1178 3286 1232 modis
3306 1177 3412 1232 im-

1825 1270 2145 1342 plicantium
2177 1269 2330 1324 furor
2353 1270 2559 1341 ligavit.
2594 1269 2711 1326 Non
2746 1271 2896 1324 illum
2931 1286 3221 1340 corporum
3246 1270 3408 1326 volu-

1825 1373 1946 1434 ptas
1971 1363 2219 1418 emolliit.
2249 1361 2366 1416 Non
2401 1362 2648 1418 delicata:
2674 1364 2821 1429 vitae,
2855 1363 3282 1433 deliciarumque
3310 1361 3408 1416 de-

1826 1454 2089 1510 siderium
2125 1454 2277 1508 illum
2310 1452 2664 1523 eﬂ'eminavit,
2698 1455 2795 1510 sed
2843 1470 2967 1510 cum
3001 1455 3270 1525 praeconis
3309 1469 3405 1508 vo-

1825 1561 1944 1601 cem
1975 1545 2158 1601 divina
2183 1546 2467 1617 loquentis
2491 1547 2760 1611 audisset,
2783 1548 2966 1602 omnia
2989 1563 3110 1618 quae
3133 1547 3408 1602 oblectare

1823 1638 2085 1694 mortales
2113 1646 2540 1704 consueverunt,
2563 1637 2714 1692 nihili
2741 1639 2974 1703 ducens,
3006 1657 3113 1694 non
3152 1654 3313 1694 secus
3342 1654 3408 1692 ac

1823 1727 2058 1796 magneti
2092 1725 2320 1792 ferrum,
2352 1727 2428 1780 illi
2455 1727 2747 1784 confestim
2771 1730 3146 1786 adluerescere
3173 1729 3400 1784 studuit.

1822 1816 2099 1872 Abraham
2141 1818 2362 1889 quidem
2413 1821 2782 1890 patriarcham
2826 1822 3086 1877 admirari
3130 1822 3400 1886 solemus,

133 1926 229 1979 καὶ
266 1925 412 1996 μάλα
451 1894 692 1989 δικαίως.
739 1925 1124 1994 Ἐκθειάζομεν
1163 1922 1218 1976 δὲ
1251 1921 1344 1975 καὶ
1393 1920 1486 1972 τὸν
1537 1919 1711 1972 Ἑλισ-

1817 1923 1942 1962 οιιιιι
1973 1909 2106 1974 Deo,
2140 1917 2200 1965 ut
2221 1927 2250 1966 e
2276 1912 2604 1981 cognatione
2636 1928 2699 1967 ac
2727 1913 2905 1983 patria
2936 1914 3108 1969 exiret
3133 1929 3231 1977 sua
3253 1954 3267 1978 ,
3308 1931 3405 1970 ex-

132 2021 306 2080 σαίον,
353 2018 421 2070 τὰ
455 2015 620 2088 ζεύγη
657 2017 766 2070 τῶν
802 2014 940 2086 βοῶν
991 2014 1437 2078 καταλελοιπότα,
1481 2012 1575 2066 καὶ
1615 2011 1714 2081 τὴν

129 2109 392 2181 πατρῴαν
420 2109 624 2181 χαίρειν
646 2109 826 2162 ἑστίαν
848 2110 1102 2172 ἐάσαντα,
1133 2107 1226 2160 καὶ
1265 2106 1420 2178 Ἠλίᾳ
1454 2105 1532 2175 τῷ
1557 2121 1714 2156 πνευ-

131 2203 430 2276 ματοφόρῳ
472 2201 686 2273 ζηλωτῇ
738 2200 1030 2272 κεκληκότι
1071 2199 1252 2271 πάσης
1285 2199 1417 2270 ἄτερ
1449 2197 1714 2268 ἀναΰολῆς

128 2293 538 2366 ἠκολουθηκότα
557 2311 569 2323 ·
608 2295 703 2348 καὶ
733 2293 854 2347 λίαν
881 2292 1127 2355 ἐνδίκως.
1170 2290 1435 2343 Φίλιππον
1463 2285 1529 2343 αὖ
1557 2288 1714 2342 ἐπαί-

127 2404 242 2450 νοις
292 2383 599 2458 ἐξαίρομεν,
663 2384 836 2456 Ίησοῦ
887 2384 964 2454 τῷ
1013 2384 1113 2453 τῆς
1162 2382 1436 2454 σωτηρίας
1487 2380 1714 2454 ἀρχηγῷ

127 2479 562 2554 πρΑκεκλημένῳ
615 2480 800 2550 τάχιον
851 2479 1259 2549 ἀναντιρῤήτως
1303 2474 1713 2547 προσδεδραμη-

126 2571 262 2626 κότα
314 2572 406 2626 καὶ
438 2571 757 2644 προφρόνως
787 2572 1055 2642 ἐπόμενον
1074 2610 1088 2634 ,
1143 2570 1235 2623 καὶ
1264 2567 1712 2639 πρεπωδέστατον

124 2662 318 2726 ὅντως.

199 2911 398 2975 Πόσοις
418 2910 703 2984 τοιγαροῦν
721 2911 815 2965 καὶ
839 2911 1014 2974 ποίοις
1036 2909 1248 2974 τοῦτον,
1273 2909 1334 2972 ὃς
1353 2909 1412 2962 οὐ
1432 2908 1712 2980 Μωσαῖκῷ

125 3005 614 3076 προκατηχημένος
639 3000 708 3074 ἦν
736 3002 906 3075 νόμῳ,
948 3003 1008 3056 οὑ
1041 3001 1386 3075 προφητικὰς
1418 3003 1714 3056 πεπαιδευ-

122 3098 290 3170 μένος
324 3099 527 3168 ῥήσεις,
556 3097 654 3167 οὐχ
687 3097 978 3167 ἱστορικοῖς
1005 3095 1164 3148 θείων
1188 3093 1483 3167 τερατείων
1513 3110 1712 3165 προγε-

121 3191 512 3263 γυμνασμένος
573 3191 673 3254 τὰς
728 3191 899 3254 ἀκοὰς
949 3189 1312 3260 διηγήμασιν,
1376 3188 1437 3241 οὐ
1508 3191 1710 3260 σημεῖα
1738 3240 1780 3298 C

121 3283 500 3356 προεωρακὼς
545 3283 910 3356 τερατουργού
920 3300 1073 3354 μενα,
1119 3299 1324 3352 καταγε
1334 3281 1544 3354 ραίρειν
1583 3281 1712 3354 κρό-

118 3392 260 3438 τοις,
293 3375 558 3445 εὑφήμοις
603 3374 936 3444 ἀναῤῥήσεσι
979 3370 1338 3438 καταπέφειν
1387 3368 1706 3439 ὀφείλομενς

117 3468 276 3530 ὅπως
308 3466 630 3536 ἐτοιμότατα
673 3465 884 3519 Παύλου
917 3464 1007 3518 τὸν
1049 3463 1253 3517 ἁπλοῦν
1281 3464 1594 3534 προσήκατο
1625 3461 1712 3514 λό-

117 3576 243 3628 γον,
272 3560 466 3630 ἀνδρὸς
495 3558 726 3621 ίδιώτου,
755 3559 848 3612 καὶ
879 3558 1129 3627 πένητος,
1149 3558 1242 3609 καὶ
1275 3556 1425 3622 ξένου
1454 3556 1597 3620 τινὺς
1624 3556 1712 3609 δν-

117 3670 236 3715 τος,
282 3651 344 3703 οὐ
382 3653 695 3722 ῥητορικαῖς
729 3650 1176 3721 κεκομψευμένου
1225 3648 1554 3710 δεινώσεσιν,
1589 3647 1710 3700 οὐδέ

121 3745 467 3813 σοφιστικαῖς
494 3742 886 3813 τετεχνημένου
918 3741 1266 3812 προτάσεσιν,
1301 3741 1415 3793 ἀλλ’
1441 3735 1552 3792 οἷόν
1587 3757 1710 3792 τινα

122 3837 336 3909 σπορὰν
366 3837 445 3898 είς
485 3836 588 3905 γῆν
621 3833 978 3906 πρωτοὸόλως
1016 3832 1498 3903 καταϐεϐλημένην
1531 3832 1710 3900 δεδεγ-

123 3930 308 4001 μένος,
327 3928 422 3980 καὶ
443 3929 561 3980 κατ’
590 3927 740 3979 οὐδὲν
767 3925 1046 3988 ἐνδοιάσας
1073 3924 1150 3995 τῷ
1182 3924 1333 3994 βάθει
1360 3924 1466 3976 τῶν
1497 3923 1709 3995 φρενῶν

119 4017 398 4090 ἐμϐαλὼν,
424 4017 724 4080 εὐθυϐόλως
750 4017 876 4080 τοὺς
905 4016 1220 4087 ζωηφόρους
1239 4016 1336 4086 τῆς
1369 4014 1598 4084 εὑαγοῦς
1621 4014 1708 4067 πί-

120 4129 300 4176 στεως
360 4112 606 4182 καρποὺς
651 4110 1097 4180 ἐτελεσφόρησεν,
1141 4108 1216 4171 ὼς
1269 4107 1463 4178 Ἡσαΐᾳ
1515 4123 1710 4176 συγχο-

121 4204 307 4278 ρεύειν
353 4202 547 4274 ᾄδοντα
582 4200 860 4272 μονονουχὶ
903 4199 980 4270 τῷ
1008 4197 1536 4270 προϐλεπτικωτάτῳ
1577 4214 1709 4268 προ-

119 4299 268 4368 φήτῃ
306 4294 515 4365 βοῶντι·
562 4293 659 4346 Διὰ
685 4293 777 4346 τὸν
815 4291 977 4362 φόϐον
1025 4308 1141 4354 σου,
1174 4289 1369 4361 Κύριε,
1419 4291 1476 4342 ἐν
1510 4291 1710 4361 γαστρὶ

118 4390 411 4459 ἐλάϐομεν,
462 4386 557 4449 καὶ
584 4384 950 4456 ὼδινήσαμεν,
1013 4385 1108 4436 καὶ
1158 4385 1436 4452 ἐτέκομεν,
1493 4381 1708 4452 πνεῦμα

121 4481 401 4553 σωτηρίας
429 4496 521 4532 σου
556 4479 889 4549 ἐποιήσαμεν
931 4478 1024 4529 ἐπὶ
1058 4478 1154 4547 τῆς
1198 4477 1319 4546 γῆς.
1357 4475 1541 4528 Ταῦτα
1582 4475 1706 4545 μένα

1818 2005 2177 2070 traneamque
2205 2015 2269 2054 ac
2297 2001 2536 2072 ignotam
2571 2012 2802 2074 peteret,
2830 2003 3168 2074 praecipienti
3192 2003 3404 2059 obtem-

1815 2096 2097 2156 perantem
2129 2089 2463 2157 audivimus,
2499 2100 2554 2148 et
2582 2093 2736 2147 valde
2767 2094 2939 2163 juste.
2979 2091 3231 2149 Eliszeum
3262 2094 3402 2150 divi—

1814 2179 1902 2234 nis
1931 2183 2218 2247 przeconiis
2241 2182 2541 2251 eti‘erimus,
2576 2199 2702 2240 cum
2732 2185 2895 2240 boum
2920 2187 3050 2258 juga
3083 2186 3397 2258 dereliquit,

1815 2287 1879 2325 ac
1907 2272 2240 2330 domesticos
2271 2275 2414 2331 lares
2447 2277 2600 2332 laetus
2646 2276 2875 2342 dimisit,
2934 2285 2987 2332 et
3030 2277 3201 2332 Eliam
3248 2279 3401 2333 ama—

1815 2367 1929 2414 tum
1965 2364 2190 2418 numine
2224 2362 2515 2431 fervidum,
2547 2365 2640 2435 qui
2667 2380 2725 2420 se
2750 2375 2991 2428 vocaret,
3023 2365 3212 2435 procul
3245 2364 3395 2418 omni

1815 2468 1968 2506 mora
1991 2464 2213 2511 secutus
2234 2465 2340 2522 est,
2363 2464 2417 2511 et
2434 2472 2567 2511 sane
2587 2458 2732 2526 jure.
2758 2455 3068 2527 Philippum
3087 2473 3282 2512 rursus
3303 2455 3395 2510 Je-

1814 2562 1935 2603 sum
1987 2549 2182 2604 salutis
2239 2558 2520 2604 auctorem
2567 2558 2898 2617 vocantem,
2951 2550 3204 2605 celeriter
3258 2549 3397 2604 nihil

1813 2649 2163 2696 cunctantem
2207 2643 2536 2707 accurrisse,
2570 2658 2807 2714 eumque
2846 2652 3099 2713 prompte
3147 2653 3396 2699 secutum

1814 2733 2068 2789 laudibus
2096 2735 2431 2801 extollimus,
2463 2745 2516 2790 et
2545 2737 2765 2807 quidem
2793 2736 3197 2793 decentissime.

1884 2917 2004 2984 Quo
2032 2917 2198 2988 igitur
2223 2917 2443 2987 plausu,
2475 2932 2654 2988 quove
2679 2931 2876 2980 genere
2915 2916 3138 2969 laudum
3170 2915 3261 2970 hic
3293 2915 3397 2970 ho-

1814 3010 2136 3074 nestandus,
2170 3025 2234 3064 ac
2263 3011 2523 3082 praeconii
2593 3025 2622 3063 a
2664 3009 2824 3065 nobis
2855 3006 3210 3064 coronandus
3245 3008 3400 3063 vide-

1814 3109 1923 3168 tur,
1955 3102 2046 3173 qui
2079 3117 2189 3156 non
2243 3103 2348 3172 legi
2401 3101 2655 3156 Mosaicae
2701 3101 2976 3166 subditus,
3029 3115 3129 3156 nec
3173 3100 3397 3154 oracula

1816 3193 2206 3264 pr0phetarum
2261 3193 2525 3256 edoctus,
2583 3207 2694 3247 non
2754 3192 3034 3248 historicis
3083 3191 3396 3246 divinorum

1814 3286 2186 3358 prodigiorum
2207 3285 2614 3340 narrationibus
2644 3286 3002 3346 exercitatus,
3028 3282 3260 3338 necdum
3287 3282 3397 3335 ulla

1814 3379 2043 3434 intuitus
2077 3386 2272 3448 prater
2301 3386 2552 3432 naturam
2581 3377 2724 3433 edita
2755 3377 2934 3446 signa,
2965 3374 3270 3445 simplicem
3313 3381 3396 3427 ta-

1811 3489 1938 3527 men
1968 3471 2120 3526 Pauli
2155 3471 2594 3541 przrdicationem
2636 3471 2899 3540 suscepit,
2932 3467 3170 3539 imperiti
3208 3465 3395 3536 cujus-

1813 3559 1937 3615 dam
1967 3561 2227 3626 hominis,
2260 3561 2518 3632 pauperis
2547 3576 2611 3615 ac
2636 3560 2936 3631 peregrini,
2968 3559 3061 3628 qui
3086 3574 3186 3614 nec
3211 3564 3396 3611 orato-

1814 3653 1909 3707 ria:
1940 3653 2074 3709 artis
2116 3654 2456 3708 ornamentis
2485 3653 2798 3718 excelleret,
2835 3667 2936 3705 nec
2966 3650 3092 3704 ullis
3133 3649 3396 3719 sophisti-

1813 3746 1894 3800 cis
1925 3746 2394 3816 propositionibus
2426 3745 2727 3800 niteretur?
2763 3743 2966 3797 Verum
2997 3743 3073 3796 uti
3099 3749 3394 3796 sementem

1812 3843 2108 3914 quamdam
2136 3844 2191 3897 in
2229 3852 2433 3898 terram
2461 3845 2662 3912 jactam
2695 3857 2819 3895 cum
2851 3840 3088 3910 primum
3130 3837 3392 3906 suscepit,

1812 3936 2058 4006 nihilque
2079 3935 2336 3991 dubitans
2365 3937 2572 3990 intimis
2596 3933 2854 3991 sensibus
2883 3932 3148 4002 reposuit,
3177 3941 3228 3984 et
3255 3930 3398 3983 vita-

1812 4027 1891 4081 les
1923 4025 2047 4080 ﬁdei
2075 4025 2286 4080 fructus
2318 4041 2440 4079 mox
2469 4041 2498 4078 a
2530 4023 2753 4078 seminis
2772 4024 2925 4091 jactu
2954 4022 3225 4075 uberrime
3250 4022 3392 4084 tulit,

1811 4123 1871 4171 ut
1916 4132 2042 4170 cum
2089 4115 2229 4170 Isaia
2276 4116 2538 4186 propheta
2587 4113 3069 4185 previdentissimo
3125 4112 3397 4167 clamante

1812 4208 1924 4264 fere
1975 4209 2222 4264 hilariter
2269 4215 2450 4264 canat.
2502 4207 2582 4262 Ob
2611 4207 2860 4260 timorem
2912 4215 3087 4268 tuum,
3143 4203 3392 4268 Domine,

1814 4307 2173 4376 concepimus
2215 4310 2269 4357 et
2305 4299 2721 4373 parturivimus,
2773 4313 2834 4351 ac
2869 4297 3181 4367 peperimus
3225 4295 3394 4365 spiri-

1811 4413 1927 4459 tum
1955 4399 2149 4458 salutis
2173 4409 2296 4458 tute,
2324 4409 2487 4464 quem
2515 4407 2678 4461 super
2703 4399 2904 4444 terram
2931 4387 3162 4442 fecimus
3184 4392 3242 4440 ιη.
3267 4385 3393 4440 llaec

1813 4512 1944 4552 sane
1966 4493 2144 4547 Lucas
2176 4489 2409 4544 eximius
2439 4499 2638 4556 praeco,
2671 4482 2800 4537 dum
2836 4481 3030 4550 spiritu
3064 4479 3222 4533 nobis
3255 4478 3395 4533 assi-

118 4594 200 4629 τοι
233 4575 450 4636 Λουκᾶς
478 4573 606 4642 ήμῖν
633 4573 662 4624 ὁ
693 4569 1094 4641 μεγαλοκήρυξ,
1125 4567 1427 4639 συμπαρὼν
1439 4567 1516 4638 τῷ
1539 4569 1708 4621 lived-

1817 4593 1998 4649 steret,
2029 4582 2301 4650 simulque
2324 4579 2466 4632 hanc
2495 4590 2707 4630 sacram
2733 4573 2876 4628 sacri
2899 4570 3159 4642 martyris
3189 4585 3394 4625 memo-

124 4685 281 4737 ματι,
312 4666 409 4719 καὶ
436 4665 534 4734 τὴν
575 4663 726 4736 ἱερὰν
757 4662 960 4733 ταύτην
1001 4659 1095 4713 τοῦ
1144 4661 1535 4732 ίερομάρτυρος
1570 4661 1704 4731 μνή-

123 4777 232 4830 μην
277 4753 666 4828 συνεορτάζων,
713 4754 938 4824 καὶτῆς
968 4753 1076 4806 τῶν
1125 4751 1489 4824 ἑορταζόντων
1535 4753 1705 4824 αὐτὴν

122 4853 215 4902 καὶ
251 4848 565 4920 ὑμνούντων
589 4847 914 4918 όμηγύρεως
946 4844 1298 4916 καθεστηκὼς
1326 4844 1571 4916 ἔξαρχος,
1612 4845 1704 4899 καὶ

119 4944 228 4996 τῶν
253 4942 491 4995 ἐπαίνων
516 4939 944 5012 προηγούμενος,
967 4938 1358 5009 διεξελήλυθεν.
1389 4940 1530 4991 Ὅσα
1559 4939 1615 4991 δὲ
1637 4939 1704 4991 δι’

120 5035 375 5107 ἀγράφου
429 5033 782 5106 παραδόσεως
826 5031 859 5103 ἢ
911 5033 1190 5102 ἐγγράφου
1248 5031 1701 5104 παρειλήφαμεν,

119 5130 296 5182 ταῦτα
330 5125 409 5196 τῷ
459 5126 566 5178 τῶν
607 5125 896 5195 ἐγκωμίων
925 5123 1226 5194 ὑφάσματι,
1275 5123 1522 5196 καθάπερ
1570 5123 1705 5176 ἄττα

121 5219 502 5288 δαιδαλμάτων
530 5218 828 5290 ἐνείροντες
856 5215 1014 5286 ἄνθη,
1044 5217 1134 5268 καί
1178 5233 1320 5269 τισιν
1351 5217 1540 5288 ὥσπερ
1581 5216 1705 5287 ἡδύ-

126 5327 292 5381 σμασι
309 5311 409 5381 τὴν
429 5328 561 5363 πνευ
571 5311 802 5381 ματικήν
820 5311 1341 5378 καταγλυκαίνοντες
1357 5311 1560 5370 ἐστίαν,
1578 5311 1706 5379 ἧκο-

127 5419 226 5470 μεν
254 5404 386 5473 ὑμῖν
405 5405 517 5466 τοῖς
541 5402 936 5474 φιλακροάμοσί
961 5420 1020 5455 τε
1053 5404 1144 5455 καὶ
1173 5404 1558 5472 πνευματικοῖς
1588 5403 1704 5456 δαι-

124 5497 320 5566 τυμόσι
346 5495 806 5567 παραθησόμενοι.
845 5494 1096 5558 Τοιοῦτος
1119 5492 1211 5548 οὖν
1237 5497 1315 5556 εἰς
1343 5496 1491 5565 ἡμᾶς
1510 5497 1706 5566 κατήν-

125 5607 258 5664 τηκε
287 5592 465 5661 λόγος,
489 5591 752 5644 ἀνέκαθεν
780 5590 914 5661 πρὸς
947 5590 1148 5661 πατρὸς
1179 5589 1328 5642 παιδὶ
1359 5589 1708 5660 παραδιδομε-

128 5702 232 5748 νος.
269 5688 356 5748 Ὠς
381 5688 409 5739 ὁ
441 5685 614 5756 μέγας
641 5683 910 5747 Διονύσιος
937 5677 1108 5746 οὗτος,
1137 5683 1276 5736 κατὰ
1305 5682 1393 5734 τὸν
1419 5680 1510 5734 τοῦ
1538 5698 1706 5751 σωτη-

197 5863 356 5920 ltilia.
382 5879 530 5928 xxvi,
568 5862 652 5918 18.

1811 4679 1950 4732 riam
1975 4674 2200 4736 coleret,
2235 4667 2576 4740 percensuit,
2603 4678 2794 4718 eorum
2823 4661 3186 4725 multitudini,
3219 4661 3314 4731 qui
3337 4660 3394 4713 il-

1809 4770 1913 4822 lam
1947 4765 2228 4821 celebrant
2263 4777 2325 4814 ac
2351 4758 2657 4820 dilaudant,
2695 4771 2901 4825 prmses
2925 4771 2990 4808 ac
3018 4753 3241 4808 laudum
3281 4753 3391 4807 dux

1809 4858 2112 4915 adhibitus.
2138 4854 2488 4921 Qumcunque
2508 4865 2638 4904 vero
2663 4865 2729 4903 ex
2757 4848 2980 4917 scriptis
3004 4853 3096 4899 aut
3124 4861 3233 4898 non
3258 4843 3394 4898 scri-

1809 4953 1918 5024 ptis
1963 4946 2338 5003 monumentis
2368 4942 2718 5011 collegimus,
2750 4940 2867 4993 haec
2911 4939 3099 4994 eadem
3123 4934 3391 4991 contextis

1807 5042 2082 5104 laudibus,
2118 5040 2193 5093 uti
2221 5036 2470 5107 quzed'am
2499 5040 2824 5086 ornamenta
2849 5031 3041 5083 ﬂorum
3078 5036 3387 5089 assuentes,

1809 5153 1872 5192 ac
1902 5133 2216 5190 convivium
2243 5129 2404 5200 365
2432 5126 2762 5198 quibusdam
2795 5126 2952 5195 quasi
2989 5123 3189 5177 divinis
3232 5138 3392 5192 sapo-

1808 5229 1958 5282 ribus
1991 5223 2335 5285 condientes,
2385 5221 2652 5274 adsumus
2692 5233 2876 5272 coram
2922 5216 3078 5270 vobis
3121 5213 3387 5275 convivis,

1807 5321 1899 5391 qui
1932 5319 2117 5373 divina
2146 5318 2380 5370 libenter
2430 5312 2634 5367 auditis
2667 5310 2994 5382 apposituri.
3041 5306 3189 5359 Talis
3225 5306 3392 5375 igitur

1810 5411 2041 5466 historia
2093 5409 2254 5480 longa
2287 5416 2599 5476 temporum
2631 5406 2792 5467 serie,
2819 5401 2977 5472 quasi
3009 5416 3038 5453 a
3071 5407 3226 5469 patre
3267 5399 3389 5454 ﬁliis

1811 5504 2034 5566 tradita,
2073 5501 2140 5556 ad
2186 5516 2288 5556 nos
2326 5516 2500 5571 usque
2533 5497 2798 5568 pervenit.
2841 5493 2976 5546 Cum
3013 5507 3246 5560 magnus
3287 5490 3388 5545 iste

1809 5596 2103 5666 Dionysius
2133 5603 2377 5663 tempore
2415 5593 2523 5662 qui)
2557 5589 2816 5644 Servator
2849 5584 3118 5654 supplicio
3147 5594 3230 5638 est
3259 5583 3384 5638 aii‘c-

1810 5699 1951 5754 ctus,
1986 5685 2205 5759 quando
2233 5696 2378 5742 terra
2421 5696 2689 5740 concussa
2720 5687 2824 5746 cst,
2865 5686 3027 5750 atoue
3061 5677 3140 5732 sol
3179 5693 3284 5732 non
3310 5674 3381 5732 fe-
