3886 6534
476 454 582 512 623

1657 438 1714 495 S.
1750 435 2050 493 DIONYSll
2087 433 2551 491 AREOPAGITAE

3645 425 3754 481 6'24

478 573 662 632 omnia
711 570 780 625 ad
832 583 891 623 se
936 564 1162 621 musicis
1199 560 1559 618 concentibus
1617 558 1923 613 attrahebat
1968 574 2061 613 su-

2173 571 2325 608 κοντα
2361 551 2654 625 κρούμασι,
2701 548 2967 621 μυθώδεις
3016 545 3290 615 θεολογίας
3330 543 3752 615 ἀσπαζόμενος,

480 668 675 725 blimes
703 663 769 718 de
800 662 906 715 diis
938 672 1221 714 sermones
1272 654 1633 726 amplectens,
1683 659 1737 707 et
1776 651 1907 706 anili
1948 647 2057 703 lle-

480 757 621 813 siodi
648 749 961 822 Theogonia
991 748 1226 803 libenter
1249 745 1587 800 detineretur
1606 742 1845 797 illectus.
1870 739 1940 793 At
1964 737 2057 793 ubi

478 847 653 919 gratia
698 841 960 899 salutaris
1008 838 1226 895 cunctis
1264 834 1580 891 hominibus
1632 833 1831 895 illuxit,
1883 829 2058 903 genti-

480 939 611 994 lium
662 935 948 993 ebrietatis
988 941 1043 989 et
1099 931 1352 986 amentiae
1405 930 1664 985 tenebras
1713 924 2055 991 eliminavit,

478 1030 973 1095 universorumque
1024 1023 1448 1078 simulacrorum
1499 1032 1743 1075 errorem
1794 1014 2060 1070 dc-terra

480 1121 722 1184 sustulit,
765 1134 829 1172 ac
858 1117 1063 1186 ubique
1097 1122 1371 1170 terrarum
1403 1111 1498 1167 Dei
1534 1118 1589 1165 et
1615 1107 1915 1166 servatoris
1958 1120 2061 1161 uo-

481 1213 581 1268 stri
608 1210 813 1267 Christi
841 1208 1121 1278 discipuli,
1152 1213 1411 1277 tanquam
1442 1202 1637 1274 aquilae
1657 1199 1904 1272 quaedam
1932 1213 2061 1270 pas-

481 1308 558 1365 sis
587 1306 690 1360 alis
727 1303 1007 1359 evolantes
1054 1316 1118 1356 ac
1146 1304 1548 1371 percurrentes,
1573 1294 1771 1350 divina:
1800 1292 2063 1364 cognitio-

480 1402 572 1455 nis
602 1397 809 1452 lumine
840 1395 1106 1449 mundum
1149 1393 1583 1448 illustraverunt.
1618 1385 1850 1455 Quando
1896 1385 2061 1440 etiam

484 1491 688 1546 Paulus
744 1488 1125 1558 theologorum
1182 1496 1473 1554 supremus
1528 1486 1582 1535 et
1637 1477 2058 1542 divinissimus,

484 1584 726 1655 gentium
779 1580 1082 1652 apostolus,
1117 1576 1247 1631 tuba
1290 1574 1490 1630 ccelum
1518 1586 1693 1643 usque
1722 1571 2059 1642 pertingens,

482 1691 583 1731 vas
612 1674 920 1737 electionis,
972 1670 1215 1724 Athenas
1257 1664 1553 1729 concessit,
1596 1662 1691 1718 ubi
1726 1659 2062 1732 praeconium

485 1783 516 1821 a
545 1783 655 1839 quo
695 1768 923 1822 salutem
952 1772 1006 1820 et
1028 1763 1192 1818 vitam
1226 1759 1464 1815 mundus
1497 1757 1793 1830 acciperet,
1845 1769 2064 1810 annun-

485 1860 655 1923 tians,
686 1857 935 1912 divinum
961 1854 1178 1928 nomini
1201 1867 1400 1907 nomen
1425 1847 1846 1905 circumferebat
1870 1866 1884 1901 :
1909 1861 2064 1901 cum-

2158 647 2251 700 xui
2283 644 2379 717 τήν
2408 644 2737 719 γραοπρεπῆ
2759 643 2891 714 παρ’
2934 639 3160 710 Ἡσιόδῳ
3188 638 3488 707 Θεογονίαν
3527 637 3757 706 ἀσμενι-

2159 737 2405 809 ζόμενος.
2454 735 2672 807 Ἐπειδὴ
2714 735 2771 788 δὲ
2799 733 2899 805 τὴν
2936 731 3033 803 τῆς
3079 729 3398 803 Ἑλληνικῆς
3433 727 3625 792 ἀνοίας
3660 729 3754 782 καὶ

2163 830 2331 903 μέθης
2374 829 2544 902 ἀχλὺν
2577 832 2610 901 ή
2650 830 2817 882 πᾶσιν
2849 824 3160 900 ἀνθρώποις
3206 825 3537 893 ἐπιφανεῖσα
3572 822 3751 894 σωτή-

2162 942 2275 997 ριος
2305 924 2462 995 χάρις
2494 921 2857 985 ἀπεσκέδασε,
2888 918 2981 974 xui
3020 920 3202 972 πᾶσαν
3239 915 3348 970 ἀπὸ
3383 915 3489 986 γῆς
3542 912 3752 967 είδωλι-

2162 1016 2263 1088 κήν
2291 1015 2505 1069 καθεῖλε
2533 1014 2763 1085 πλάνην,
2799 1012 2902 1067 xui
2923 1009 3225 1081 πανταχόσε
3251 1007 3351 1080 τῆς
3385 1005 3717 1077 οἰκουμένης
3734 1044 3752 1069 ,

2161 1103 2250 1165 οἷά
2289 1127 2434 1173 τινες
2468 1109 2617 1163 ἀετοὶ
2647 1107 3055 1179 τανυσίπτεροι,
3087 1102 3429 1174 διιπτάμενοι
3458 1099 3555 1154 xui
3582 1096 3755 1150 διαθέ-

2161 1218 2311 1266 οντες
2333 1204 2382 1255 οἱ
2414 1199 2508 1255 τοῦ
2540 1199 2675 1253 Θεοῦ
2708 1198 2800 1253 xui
2830 1197 3085 1269 Σωτῆρος
3121 1194 3278 1267 ήμῶν
3310 1191 3553 1265 Χριστοῦ
3586 1189 3756 1261 μαθη-

2160 1292 2250 1346 ταὶ
2279 1291 2357 1364 τῷ
2392 1293 2489 1365 τῆς
2537 1291 2865 1361 θεογνωσίας
2912 1288 3049 1358 φωτὶ
3088 1287 3181 1341 τὸν
3220 1286 3424 1357 κόσμον
3470 1283 3751 1355 κατηύγα-

2165 1401 2294 1439 σαν’
2325 1384 2418 1437 xui
2455 1382 2662 1448 Παῦλος
2682 1382 2791 1436 τῶν
2821 1380 3086 1448 θεολόγων
3117 1381 3145 1433 ὁ
3186 1378 3497 1452 κράτιστος,
3524 1376 3622 1430 xui
3647 1375 3753 1428 τῶν

2164 1475 2335 1531 ἐθνῶν
2361 1479 2390 1529 ὁ
2444 1476 2715 1539 θειότατος
2762 1472 3078 1536 ἀπόστολος,
3114 1472 3148 1542 ή
3192 1470 3588 1543 οὐρανομήκης
3626 1467 3753 1521 σάλ-

2164 1566 2314 1638 πιγξ,
2346 1568 2408 1621 τὸ
2434 1567 2626 1631 σκεῦος
2665 1566 2765 1637 τῆς
2811 1565 3061 1636 ἐκλογῆς,
3102 1565 3222 1628 ταῖς
3275 1563 3528 1634 Ἀθήναις
3562 1561 3753 1633 ἐπεδή-

2167 1677 2327 1731 μησε,
2381 1659 2654 1724 σαλπίζων
2683 1659 2744 1711 τὸ
2792 1658 3131 1728 σωσίκοσμον
3179 1656 3274 1709 xui
3314 1653 3609 1727 φερέσϐιον
3648 1654 3751 1724 κή-

2166 1768 2372 1824 ρυγμα,
2404 1752 2497 1806 xui
2524 1751 2583 1805 τὸ
2612 1750 2752 1804 θεῖον
2774 1750 2869 1803 xui
2895 1746 3211 1802 δεσποτικὸν
3243 1745 3531 1817 βαστάζων
3561 1744 3749 1815 ὄνομα,

2164 1846 2261 1898 xui
2288 1845 2406 1898 κατ’
2441 1842 2654 1897 εἴδωλον
2696 1842 2796 1914 τὴν
2829 1843 2888 1895 ἐν
2920 1845 3041 1905 ταῖς
3098 1840 3366 1912 Ἑλληνίσι
3409 1838 3756 1912 προῦχουσαν

485 1961 592 2015 que
638 1951 886 2000 cerneret
940 1942 1242 2008 civitatem,
1301 1957 1423 2013 quze
1474 1938 1687 1994 caeteris
1747 1933 2061 1992 ercorum

2173 1935 2350 1990 πόλεσι
2379 1934 2725 2006 τεθεαμένος,
2751 1934 2844 1987 xui
2870 1932 2947 2004 τῷ
2980 1931 3146 2004 θεῖκῷ
3175 1930 3555 2004 πυρποληθεὶς
3586 1930 3750 2001 ζήλῳ,

485 2036 741 2089 onmibus
773 2040 1092 2103 antestaret,
1129 2032 1547 2087 simulacrorum
1578 2029 1739 2101 363
1771 2028 1941 2083 cultui
1968 2027 2065 2083 dc-

486 2129 678 2192 dilam,
710 2143 897 2182 amore
930 2127 1116 2182 divino
1148 2140 1469 2188 succensus,
1499 2123 1695 2178 ardore
1722 2122 1956 2193 quodam
1984 2122 2065 2177 ci-

487 2219 709 2274 vitatem
744 2218 1026 2288 ingressus
1062 2224 1181 2281 est,
1219 2224 1273 2272 et
1317 2231 1442 2269 cum
1482 2213 1723 2282 Iudaeos,
1755 2222 1871 2268 tum
1914 2212 2051 2268 Grat-

484 2325 601 2375 cos,
638 2309 914 2379 sapientes
962 2315 1016 2363 et
1042 2308 1326 2373 indoctos,
1359 2322 1717 2377 quoscunque
1751 2307 1943 2362 obvios
1968 2309 2059 2363 ba-

485 2402 623 2462 buit,
640 2377 977 2471 argumentis
993 2400 1252 2469 impetere
1270 2399 1456 2469 coepit,
1470 2398 1765 2471 Jesumque
1776 2400 1867 2471 qui
1883 2415 1983 2456 nos
1997 2377 2064 2478 ali

485 2491 825 2560 impostoris,
842 2490 1154 2551 homicidae,
1171 2488 1539 2559 draconisqne
1553 2488 1862 2560 tyrannide,
1889 2484 2067 2544 morte

487 2597 551 2637 ac
568 2582 791 2638 interitu
804 2581 1131 2644 vindicarat,
1154 2588 1208 2635 et
1238 2588 1578 2634 mortuorum
1605 2580 2065 2635 resurrectionem

487 2674 626 2729 lactis
654 2674 918 2743 auspiciis
938 2672 1230 2727 nuntiavit.
1262 2674 1330 2726 At
1359 2670 1679 2742 Epicureos,
1695 2678 1748 2726 et
1776 2671 1866 2742 qui
1902 2687 2069 2742 apor-

487 2765 601 2821 ticu
628 2766 862 2835 picturis
894 2765 1173 2836 varicgata
1202 2779 1402 2819 nomen
1443 2747 1792 2833 acceperunt,
1836 2778 1974 2817 nova
2013 2771 2068 2817 ct

486 2857 731 2913 inaudita
765 2872 829 2911 ac
856 2857 1068 2912 ccelesti
1107 2857 1376 2927 sapientia
1406 2857 1462 2911 in
1497 2856 1774 2927 ingentem
1824 2854 2066 2909 admira-

487 2952 691 3007 tionem
711 2950 957 3004 attraxit.
976 2948 1042 3005 Et
1078 2953 1145 3005 ad
1160 2949 1608 3021 Areopagitarum
1626 2946 1894 3019 judicium
1919 2946 2068 3002 dela-

488 3054 596 3105 tus,
616 3041 1103 3112 ipsosquejudices
1120 3042 1365 3095 omnium
1391 3040 1844 3102 maxime,omnes
1858 3038 2073 3093 cmlesti

489 3137 617 3191 huic
631 3137 991 3208 philosophia:
1006 3137 1249 3189 animum
1262 3133 1546 3189 intendere
1577 3131 2067 3202 suaviterinduxit.

2167 2028 2384 2101 θερμῶς
2409 2028 2508 2100 τήν
2537 2027 2690 2081 πόλιν
2717 2023 3100 2096 εἰσεληλακὼς,
3136 2024 3275 2097 πρὸς
3309 2025 3438 2089 τοὺς
3470 2040 3755 2096 παρατυγ-

2168 2121 2429 2192 χάνοντας
2470 2119 2757 2184 Ἰουδαίους
2789 2137 2847 2173 τε
2878 2120 2972 2174 xui
3003 2118 3289 2192 Ἕλληνας,
3328 2118 3533 2189 σοφούς
3569 2136 3631 2172 τε
3666 2120 3756 2172 xui

2171 2211 2385 2276 ἰδιώτας
2415 2212 2726 2279 διείλεκται,
2763 2212 2857 2266 xui
2902 2211 2994 2264 τὸν
3043 2211 3144 2282 τῆς
3188 2210 3284 2264 τοῦ
3331 2211 3624 2265 δελεαστοῦ
3665 2212 3752 2265 καὶ⁵

2166 2304 2519 2377 βροτοκτόνου
2551 2304 2647 2358 xui
2672 2304 2964 2377 δράκοντος
2982 2302 3311 2375 τυραννίδος,
3336 2303 3431 2357 τοῦ
3449 2321 3509 2357 τε
3526 2304 3753 2358 θανάτου

2168 2396 2262 2449 xui
2293 2394 2394 2465 τῆς
2442 2394 2648 2467 φθορᾶς
2694 2394 3053 2468 λυτρούμενον
3107 2393 3334 2465 Ἰησοῦν,
3380 2394 3478 2448 καὶ
3519 2394 3622 2467 τὴν
3651 2396 3755 2448 τῶν

2171 2487 2380 2558 νεκρῶν
2415 2487 2712 2541 ἀνάστασιν
2754 2486 3163 2559 εὐηγγελίσατο,
3196 2486 3290 2540 xui
3334 2487 3463 2551 τοὺς
3494 2487 3557 2553 ἐξ
3610 2488 3755 2541 Ἐπι⁴

2171 2578 2366 2651 κούρου
2400 2580 2491 2634 xui
2526 2582 2652 2644 τοὺς
2690 2580 2791 2651 τῆς
2832 2580 3090 2652 Ποικίλης
3127 2583 3288 2645 στοᾶς
3324 2581 3654 2651 φιλοσόφους
3690 2584 3751 2653 τῇ

2170 2669 2298 2744 ξένῃ
2373 2671 2467 2725 xui
2510 2671 2808 2743 ἀπορρήτῳ
2843 2669 2936 2723 xui
2987 2672 3341 2746 ὑπερκοσμίῳ
3391 2672 3559 2744 σοφίᾳ
3603 2673 3755 2726 κατέο

2171 2764 2505 2835 πληξεριάπῒ¹
2522 2763 2616 2817 τοῦ
2645 2763 2853 2837 Ἀρείου
2872 2764 3047 2833 πάγου
3069 2766 3347 2838 κριτήριον
3367 2765 3753 2837 ἀπενήνεκται,

2171 2856 2266 2910 xui
2289 2856 2417 2920 τοὺς
2449 2856 2705 2911 ἁπάντων
2728 2855 3171 2927 ὑπερακοντίζειν
3197 2856 3497 2930 φιλοσοφίᾳ
3527 2858 3756 2929 κατεκή-

2172 2947 2356 3018 λησεν·
2384 2947 2583 3001 αὐτίκα
2611 2945 2884 3009 Διονύσιος
2909 2947 3118 3019 ἀπέστη
3149 2948 3246 3019 τῆς
3272 2947 3648 3019 βορϐορώδους
3663 2949 3756 3016 τῆς

2180 3038 2570 3110 είδωλομανίας
2602 3039 2829 3112 λίμνης,
2864 3040 2958 3094 xui
2987 3038 3186 3111 Παύλῳ
3234 3040 3311 3111 τῷ
3365 3038 3585 3093 πνέοντι
3616 3039 3755 3093 θείαν

2178 3132 2405 3187 εὐωδίαν
2438 3132 2731 3207 ἐκολλήθη·
2764 3134 3094 3206 ἀπεσπάσθη
3128 3134 3237 3189 τῶν
3268 3134 3370 3206 τῆς
3393 3134 3617 3208 ἀπάτης
3648 3137 3753 3189 εἱσ-

464 3226 629 3283 ‘Tum
671 3228 966 3299 Dionysius
999 3226 1291 3283 confestim
1333 3240 1363 3279 a
1387 3225 1555 3292 luteo,
1585 3232 1639 3280 et
1666 3225 1868 3279 insano
1903 3223 2067 3294 quasi

2173 3223 2428 3296 ηγητῶν,
2478 3225 2572 3279 xui
2611 3224 2691 3297 τῷ
2730 3227 2831 3298 τῆς
2874 3224 3130 3298 ἀληθείας
3182 3227 3388 3299 κήρυκι
3426 3226 3752 3300 προσεδέθη’

492 3320 919 3375 simulacrorum
967 3327 1162 3390 stagno
1212 3317 1551 3381 desciscens,
1600 3315 1773 3370 Paulo
1823 3315 2068 3369 divinum

495 3411 718 3467 odorem
750 3411 996 3467 exerenti
1026 3411 1326 3481 adjunctus
1358 3416 1464 3464 est.
1495 3407 1578 3463 Ab
1623 3408 1987 3478 interpretum
2016 3412 2072 3461 et

496 3504 825 3574 scriptorum
859 3502 1085 3557 avulsus
1107 3516 1314 3564 errore,
1351 3499 1588 3570 praeconi
1612 3498 1859 3554 veritatis
1891 3497 2072 3552 adlue-

495 3597 588 3652 sit.
621 3594 667 3648 A
693 3593 968 3665 profundo
996 3592 1390 3649 internecionis
1418 3590 1663 3656 emersit,
1702 3599 1757 3646 et
1786 3589 1855 3644 ad
1879 3589 2072 3645 salutis

494 3687 881 3742 celsitudinem
909 3686 1166 3740 evolavit.
1198 3684 1243 3738 A
1274 3685 1514 3740 tenebris
1541 3682 1837 3753 impietatis
1858 3682 2075 3737 absces-

496 3777 591 3837 sit.
628 3782 683 3833 et
732 3776 799 3830 ad
844 3776 1177 3848 cognitionis
1220 3777 1419 3830 divinre
1460 3776 1644 3831 lumen
1689 3775 1981 3830 concessit.
2027 3772 2074 3827 A

497 3887 624 3928 vera
672 3870 906 3927 stultitia
956 3870 1024 3925 ad
1072 3885 1255 3925 veram
1290 3868 1685 3924 beatitudinem
1733 3868 2070 3938 properavit.

498 3963 670 4019 Belial
693 3961 889 4017 mortis
910 3960 1192 4031 pararium
1223 3959 1404 4015 valere
1423 3960 1612 4029 jussit,
1640 3968 1693 4014 et
1717 3959 1840 4014 vitae
1862 3957 2072 4014 auctori

498 4064 553 4111 et
585 4055 818 4126 principi
857 4051 1077 4107 Christo
1114 4067 1174 4107 se
1202 4050 1510 4121 conjunxit.
1542 4049 1917 4121 Impuritatem
1960 4048 2072 4104 dae-

499 4162 720 4202 monum
765 4146 1113 4200 abominatus
1136 4184 1151 4209 ,
1187 4145 1505 4216 angelorum
1540 4144 1885 4199 sanctitatem
1924 4158 2076 4197 com-

502 4237 694 4308 plexus
712 4244 816 4293 est.
842 4235 918 4291 Lu
928 4243 1069 4291 team
1090 4234 1278 4290 mundi
1308 4234 1589 4289 materiam
1613 4233 1876 4297 excussit,
1896 4240 1949 4288 et
1964 4248 2077 4289 co:-

504 4330 640 4383 leste
666 4328 884 4383 vivendi
921 4327 1235 4383 institutum
1280 4326 1527 4398 appetiit.
1579 4325 1716 4380 Cum
1755 4324 1903 4380 enim
1950 4340 2076 4394 spe-

506 4420 781 4474 ctaculum
830 4419 1009 4476 factus
1041 4427 1188 4475 esset
1221 4419 1341 4490 (per
1375 4417 1606 4472 Paulum
1636 4417 1927 4488 splendore
1950 4432 2075 4470 cum

506 4502 787 4566 cherubim
818 4519 1142 4576 certantem,
1172 4518 1360 4582 utpote
1388 4509 1669 4566 Christum
1696 4509 1790 4580 qui
1815 4507 2073 4565 sedetsuv

2171 3316 2379 3389 ἀνήχθη
2422 3321 2518 3371 τοῦ
2549 3318 2650 3390 τῆς
2692 3319 2969 3383 ἀπωλείας
3002 3318 3188 3391 βυθοῦ,
3224 3320 3315 3374 xui
3364 3321 3508 3395 πρὸς
3550 3321 3613 3376 τὸ
3662 3322 3756 3394 τῆς

2174 3408 2447 3480 σωτηρίας
2483 3409 2615 3480 ὕψος
2661 3412 2901 3483 ἀνέπτη’
2936 3412 3273 3484 ἀπεφοίτησε
3317 3413 3415 3466 τοῦ
3444 3413 3548 3484 τῆς
3580 3413 3755 3478 ἀθεῙας

2173 3498 2357 3571 ζόφου,
2388 3502 2481 3557 xui
2510 3502 2588 3574 τῷ
2617 3504 2717 3576 τῆς
2744 3503 3074 3573 θεογνωσίας
3120 3504 3261 3573 φωτὶ
3294 3505 3749 3577 προσεφοίτησεν·

2173 3593 2487 3668 ἀνεχώρησε
2526 3594 2631 3665 τῆς
2670 3594 2745 3658 ὡς
2784 3595 2999 3667 ἀληθῶς
3032 3595 3415 3667 ματαιότητος,
3447 3597 3544 3651 xui
3573 3600 3639 3669 τῇ
3675 3597 3754 3650 δν-

2171 3703 2281 3750 τως
2325 3688 2683 3760 μακαριότητι
2729 3687 3176 3762 προσεχώρησεν·
3216 3689 3528 3754 ἀπετάξατο
3559 3690 3634 3760 τῷ
3665 3688 3751 3742 τοῦ

2174 3779 2404 3834 θανάτου
2441 3779 2684 3852 προξένῳ
2712 3780 2927 3854 Βελίαρ,
2958 3782 3051 3836 xui
3078 3782 3157 3853 τῷ
3172 3782 3278 3852 τῆς
3304 3783 3451 3854 ζωῆς
3483 3784 3644 3855 αἰτίῳ
3667 3783 3750 3838 xui

2175 3875 2393 3947 χορηγῷ
2440 3876 2662 3949 Χριστῷ
2720 3876 3079 3943 συνετάξατο’
3131 3876 3454 3941 ὲόδελύξατο
3499 3879 3601 3949 τὴν
3650 3877 3750 3930 τῶν

2173 3967 2440 4038 δαιμόνων
2469 3969 2832 4043 ἀκαθαρσίαν,
2858 3968 2951 4023 xui
2985 3968 3083 4040 τὴν
3115 3969 3224 4043 τῶν
3253 3968 3502 4038 ἀγγέλων
3541 3970 3747 4040 ἁγνείαν

2175 4061 2489 4129 ἠσπάσατο·
2523 4061 2886 4127 ἀπετινάξατο
2919 4062 3016 4135 τὴν
3050 4060 3242 4132 ἰλυώδη
3274 4064 3552 4135 κοσμικὴν
3596 4062 3745 4134 ὓλην,

2176 4154 2269 4208 xui
2308 4154 2409 4226 τὴν
2442 4154 2603 4211 ἀῦλον
2626 4154 2809 4227 βιοτήν
2848 4154 3264 4228 ἐνηγκαλίσατο.
3299 4156 3612 4229 Ἕσοπτρον
3649 4156 3745 4228 γὰρ

2176 4246 2416 4330 γεχονὼς
2442 4246 2688 4300 δεκτικὸν
2718 4247 2818 4318 τῆς
2855 4247 2943 4301 διὰ
2982 4247 3195 4300 Παύλου
3230 4246 3326 4300 τοῦ
3357 4248 3437 4318 τῷ
3461 4246 3745 4320 χερουϐικῷ

2179 4336 2352 4409 θρόνῳ
2389 4337 2765 4409 ἁμιλλωμένου
2812 4341 2879 4410 τῇ
2931 4339 3311 4411 λαμπρότητι,
3359 4339 3465 4393 ἀτε
3528 4338 3744 4413 Χριστὸν

2178 4429 2287 4483 τῶν
2331 4427 2594 4502 χερουϐὶμ
2640 4430 3005 4503 ἐποχούμενον
3052 4431 3274 4486 ἔναυλον
3319 4430 3573 4502 ἔχοντος,
3612 4432 3741 4486 ἀπα-

2182 4523 2560 4597 στραπτοῦσης
2607 4527 2852 4591 ἀκτῖνος,
2904 4525 2997 4578 xui
3043 4525 3145 4595 τῆς
3179 4524 3524 4596 ἐνδιδομένης
3566 4524 3744 4594 αἴγλης

510 4616 603 4669 per
642 4601 922 4657 cherubim
949 4603 1294 4658 insonantem
1327 4601 1555 4657 auribus
1589 4598 1926 4671 habentem),
1959 4613 2070 4668 spei

2187 4614 2691 4688 ἀποπληρούμενον,
2723 4616 3120 4689 κατηύγασται,
3150 4616 3248 4671 xui
3269 4616 3390 4679 ὅλος
3419 4615 3516 4689 ὅλῃ
3562 4619 3627 4688 τῇ
3653 4615 3743 4685 ψυ-

510 4692 692 4746 culum
719 4686 893 4764 capax
916 4691 1175 4765 fulgentis
1201 4693 1459 4764 principii
1486 4692 1712 4749 luminis
1739 4698 1793 4746 et
1822 4688 2078 4744 divinita-

510 4782 584 4838 tis
608 4785 853 4839 auctoris
883 4785 1025 4841 radii
1069 4786 1481 4856 crescentisque
1514 4784 1656 4839 lucis
1696 4784 1918 4853 plenum
1953 4780 2081 4834 illu-

508 4882 716 4931 stratus
746 4883 850 4930 est.
873 4875 972 4930 Cui
1001 4876 1165 4931 etiam
1189 4876 1308 4948 ipse
1335 4882 1486 4931 totus
1513 4875 1695 4929 animo
1721 4881 1858 4938 toto,
1878 4872 2083 4942 cogita-

407 4953 413 4959 ’
508 4970 660 5025 tione
703 4983 769 5023 ac
810 4967 976 5022 corde
1024 4967 1344 5039 praeceptori
1391 4965 1760 5037 agglutinatus
1800 4972 1904 5019 est.
1955 4961 2079 5023 Cui,

508 5075 673 5130 quam
703 5060 898 5130 ingens
926 5057 1175 5129 przeclari
1205 5056 1437 5127 hujusce
1462 5054 1568 5112 viri
1597 5054 1765 5109 animi
1792 5053 2084 5124 propensio

508 5154 612 5209 fuit
639 5153 956 5225 apostolica:
985 5151 1063 5205 illi
1092 5166 1156 5205 ac
1183 5150 1430 5206 divinum
1458 5150 1643 5205 lumen
1671 5148 1922 5219 largienti
1946 5164 2086 5219 prae-

510 5244 775 5301 dicationi
812 5243 1211 5316 suscipiendae?
1240 5240 1595 5298 Obedientem
1631 5249 1687 5297 et
1727 5240 2082 5296 illuminatis-

512 5339 712 5393 simum
749 5338 991 5391 animum
1036 5336 1224 5397 illum,
1273 5334 1366 5404 qui
1410 5333 1667 5391 facillime
1698 5332 1980 5404 doctrinae}
2022 5350 2087 5389 ac

510 5429 895 5500 praeceptionis
927 5427 1253 5498 evangelicae
1277 5435 1439 5481 notas
1470 5441 1534 5480 ac
1560 5428 1716 5498 signa
1750 5428 1929 5498 prima
1956 5429 2088 5483 reti-

514 5522 652 5574 nuit.
683 5518 728 5575 0
757 5534 853 5574 cor
881 5519 1063 5584 facile,
1095 5526 1151 5573 et
1195 5518 1264 5573 ab
1291 5518 1441 5572 omni
1471 5520 1655 5575 carnis
1698 5518 1895 5576 aﬂ'ectu
1927 5521 2089 5575 undi-

510 5628 622 5681 que
649 5612 924 5676 avulsum,
952 5610 1101 5682 quod
1129 5624 1397 5680 corporea
1435 5611 1584 5663 omni
1624 5611 2088 5668 demonstratione

518 5699 742 5767 rejecta,
770 5699 967 5753 salutis
990 5700 1267 5766 praeconio
1289 5699 1544 5754 celeriter
1564 5701 1815 5767 credidit,
1840 5712 1893 5759 et
1918 5701 2089 5759 Paulo

518 5791 700 5845 divina
729 5790 1067 5861 praedicanti,
1098 5792 1334 5862 caelique
1373 5792 1584 5846 cursori
1616 5793 1684 5847 ad
1720 5796 1970 5851 cmlestes
1997 5812 2087 5852 se-

520 5882 618 5938 des
640 5884 966 5961 provehenti
997 5900 1055 5940 se
1078 5883 1382 5954 conjunxit.
1411 5880 1455 5937 0
1489 5881 1720 5939 fertilem
1750 5896 1802 5941 et
1830 5887 2085 5958 pinguem

2181 4706 2274 4776 χῇ,
2297 4706 2390 4760 xui
2412 4706 2641 4780 διανοίᾳ,
2665 4708 2758 4763 xui
2788 4707 2987 4780 καρδίᾳ
3014 4707 3092 4779 τῷ
3110 4707 3418 4780 διδασκάλῳ
3434 4706 3745 4781 προσκεκόλ-

2180 4794 2359 4867 ληται.
2394 4796 2566 4852 Bu6ui
2597 4797 2699 4867 τῆς
2715 4797 2811 4850 τοῦ
2840 4797 3104 4870 ἀριστέως
3133 4797 3326 4851 τούτου
3353 4797 3491 4872 πρὸς
3525 4796 3622 4870 τὴν
3656 4796 3744 4865 τῆς

2182 4889 2544 4962 ἀποπολικῆς
2579 4890 2899 4964 φωτοδὼρου
2934 4891 3311 4965 παραινέσεως
3343 4888 3609 4964 ὑποδοχήν
3637 4890 3743 4942 ἐπι-

2182 4979 2561 5051 τηδειότητοςι
2601 4981 2775 5067 Bu6ui
2816 4982 2918 5052 τῆς
2946 4983 3191 5037 εὐείκτου
3229 4985 3325 5038 xui
3366 4983 3742 5053 διαυγεστάτης

2183 5071 2361 5145 ψυχῆς
2383 5073 2618 5144 ἐκείνης,
2651 5075 2752 5146 τῆς
2774 5077 2945 5147 ῥᾷστα
2966 5076 3065 5140 τὰς
3087 5075 3197 5129 τῶν
3231 5076 3557 5147 ἀρχετύπων
3586 5089 3740 5145 σφρα-

2183 5158 2347 5228 γίδων
2382 5160 2493 5213 τῶν
2518 5161 2888 5231 εὐαγγελικῶν
2916 5163 3258 5235 διδαγμάτων
3280 5163 3617 5228 ἐκτυπώσεις
3634 5163 3742 5216 ἀνα-

2189 5251 2545 5326 μαξαμένηςι
2599 5254 2767 5308 Βαϐαὶ
2817 5255 2919 5326 τῆς
2959 5256 3185 5328 καρδίας
3227 5256 3328 5328 τῆς
3380 5257 3622 5320 εὐπετῶς
3661 5252 3740 5308 καὶ

2186 5346 2598 5418 ἀνεπιστρόφως
2633 5347 2815 5419 πάσης
2856 5349 3123 5421 σαρκικῆς
3172 5350 3547 5424 προσπαθείας
3590 5349 3736 5419 ἀπορ-

2189 5436 2468 5510 ραγείσης.
2504 5437 2596 5491 xui
2627 5439 2885 5493 παντοίαν
2910 5441 3097 5512 ὑλικὴν
3121 5440 3360 5513 ἔμφασιν
3394 5440 3737 5512 ἀποσεισαμέ-

2186 5544 2304 5598 νης,
2345 5528 2437 5581 καὶ
2460 5528 2540 5600 τῷ
2572 5530 2901 5603 σωτηριὼδει
2934 5531 3125 5587 θᾶττον
3148 5535 3517 5608 πιστευσάσης
3550 5532 3735 5609 κηρύτ-

2191 5636 2340 5689 ματι,
2370 5621 2464 5674 xui
2484 5620 2562 5692 τῷ
2597 5622 2840 5695 θεηγόρῳ
2859 5623 2938 5694 τῷ
2964 5624 3098 5696 πρὸς
3125 5624 3223 5688 τὰς
3251 5626 3537 5697 οὐρανίους
3576 5639 3737 5695 χειρα-

2188 5708 2455 5776 γωγοῦντι
2503 5710 2689 5781 μονὰς,
2720 5712 3096 5783 οὐρανοδρόμῳ
3135 5713 3332 5785 Παύλῳ
3371 5711 3730 5786 κολληθείσηςῑ

2189 5799 2359 5851 Βαϐαὶ
2388 5800 2488 5870 τῆς
2531 5800 2740 5869 εὐγείου
2796 5803 2886 5855 xui
2922 5804 3101 5867 πίονος
3132 5808 3348 5884 νοητῆς.
3366 5807 3617 5881 ἀρούρας,
3647 5802 3734 5870 τῆς

2188 5889 2280 5944 τὸν
2312 5890 2541 5955 ζωτικὸν
2572 5894 3062 5967 ἐγκολπωσαμένης
3107 5897 3327 5968 σπόρον,
3364 5900 3459 5953 xui
3493 5898 3731 5968 πολύχουν
