3886 6546
151 414 251 471 623

1114 406 1298 473 νιΤΑ,
1335 405 1661 462 AUCTORE
1697 403 2046 462 MICHAELE
2082 403 2409 463 SYNGELO.

3314 401 3417 457 626

150 529 553 594 ἀναδεδωκυίας
591 529 689 584 καὶ
729 527 1113 598 εὐγενέστατον
1157 525 1431 596 ἅσταχυνί
1469 523 1582 576 Οὐκ
1614 522 1718 574 ἀνε-

1838 526 2060 584 terram,
2096 517 2328 573 rationis
2356 529 2633 587 capacem,
2661 531 2782 586 qum
2809 524 3106 571 sementem
3139 516 3262 571 vitae
3291 517 3416 573 sinu

149 625 385 694 χαίτισεν
402 620 568 675 αὐτὸν
599 621 835 694 ἀρχικῆς
849 638 907 673 τε
931 620 1022 673 καὶ
1044 617 1359 688 δικαστικῆς
1375 615 1531 686 δόξης
1548 615 1726 683 ὄγκος·

150 716 242 768 οὐκ
292 713 662 784 άνεσείρασεν
712 713 872 766 αὑτὸν
923 711 1125 781 φιλίας,
1173 709 1267 764 καὶ
1309 707 1600 780 όμηλικίας
1641 705 1732 760 καὶ

151 807 432 878 συνηθείας
459 806 660 870 πόθος·
693 806 792 858 οὐκ
817 805 1047 875 ἐπέσχεν
1077 803 1238 856 αὑτὸν
1279 801 1479 871 γονέων
1509 799 1602 854 καὶ
1634 800 1732 868 ἀγ-

147 898 390 969 χιστέων,
427 897 525 951 καὶ
558 897 831 969 ὀμεστίων
856 896 1175 970 τυραννικὸς
1209 895 1378 968 ἔρωςο
1415 893 1515 947 οὐκ
1543 892 1732 963 ἔδησεν

145 992 297 1044 αὐτὸν
326 992 698 1046 πολυπλόκων
732 990 1024 1064 χρημάτων
1059 988 1152 1043 καὶ
1185 987 1480 1058 κτημάτων
1507 983 1730 1056 μανικὸς

143 1079 377 1156 οἶστρος·
421 1084 529 1137 οὐκ
564 1084 873 1154 ἐχαύνωσεν
912 1081 1074 1135 αὐτὸν
1100 1080 1364 1151 σωμάτων
1391 1077 1550 1150 ἡδονή
1574 1092 1586 1104 ·
1631 1075 1731 1128 οὐκ

142 1174 396 1246 ἐθήλυνεν
468 1175 638 1229 αὑτὸν
700 1175 1040 1246 ἁϐροδιαίτου
1109 1172 1291 1244 βιοτῆς
1360 1170 1452 1224 καὶ
1516 1167 1730 1240 τρυφῆς

142 1268 348 1338 ἔφεσις·
391 1269 538 1323 ἀλλὰ
590 1270 689 1340 τῆς
750 1267 845 1322 τοῦ
903 1269 1143 1339 κήρυκος
1197 1264 1560 1334 θεοφθέγκτου
1618 1278 1729 1330 φω-

139 1362 230 1432 νῆς
281 1359 584 1430 ἀκηκοὼς,
636 1361 730 1414 καὶ
789 1359 932 1431 πρὸς
979 1359 1131 1411 οὐδὲν
1180 1357 1287 1409 τῶν
1351 1356 1452 1408 ὅσα
1503 1352 1728 1424 βροτοὺς

139 1454 358 1525 τέρπειν
389 1453 590 1506 εἴωθεν
639 1449 1051 1524 προσεσχηκὼς,
1088 1449 1283 1520 ἀθρόον
1344 1445 1492 1516 αὐτῷ
1538 1445 1728 1516 κολλη-

138 1545 312 1615 θῆναι,
368 1545 631 1616 καθάπερ
668 1544 916 1615 μαγνήτῃ
953 1542 1186 1612 σίδηρος,
1225 1538 1542 1593 ἐσπούδακε.
1585 1537 1727 1589 Θαυ-

139 1636 382 1708 μάζομεν
404 1637 464 1690 δὲ
496 1637 590 1690 τὸν
615 1635 961 1708 πατριάρχην
1003 1633 1272 1705 Ἀϐραὰμ,
1302 1631 1380 1703 τῷ
1403 1630 1522 1702 Θεῷ
1559 1646 1724 1703 προσ-

135 1732 388 1800 τεταχότι
435 1730 538 1801 τῆς
569 1731 804 1803 πατριᾶς
839 1727 932 1781 καὶ
971 1726 1226 1798 πατρίδος
1255 1723 1586 1793 ἁποικῆσαι,
1631 1722 1725 1775 καὶ

136 1826 208 1886 είς
235 1823 556 1894 ἀλλοδαπὴν
582 1824 857 1892 ἄγνωστον
892 1819 1222 1885 στείλασθαι,
1246 1816 1716 1888 πειθαρχήσανταο

135 1914 220 1967 καὶ
256 1914 410 1984 μάλα
453 1913 700 1976 δικαίως.
746 1913 1129 1982 Ἐκθειάζομεν
1169 1909 1223 1962 δὲ
1257 1908 1349 1962 καὶ
1399 1907 1490 1960 τὸν
1542 1906 1715 1959 Ἐλισ-

134 2010 295 2068 σαῖον,
346 2006 420 2058 τὰ
456 2003 628 2075 ζεύγη
665 2003 773 2057 τῶν
809 2002 946 2074 βοῶν
997 2001 1442 2065 καταλελοιπότα,
1486 1999 1580 2052 καὶ
1619 1997 1718 2068 τὴν

131 2098 391 2170 πατρῴαν
418 2097 633 2169 χαίρειν
654 2097 834 2149 ἑστίαν
855 2096 1109 2159 ἐάσαντα,
1139 2094 1232 2147 καὶ
1271 2093 1425 2164 Ἠλίᾳ
1459 2091 1537 2162 τῷ
1562 2107 1719 2143 πνευ-

134 2191 429 2264 ματοςρόρῳ
474 2189 694 2260 ζηλωτῇ
745 2187 1036 2259 κεκληκότι
1078 2186 1257 2258 πάσης
1291 2186 1422 2256 ἄτερ
1455 2183 1718 2254 ἀναϐολῆς

131 2282 544 2354 ἠκολουθηκότα
563 2299 575 2311 ⁸
616 2283 711 2334 καὶ⁵
741 2280 862 2334 λίαν
888 2279 1133 2342 ἐνδίκως.
1176 2277 1441 2330 Φίλιππον
1469 2272 1534 2330 αὖ
1562 2275 1718 2329 ἐπαί-

131 2392 234 2438 νοις
282 2371 606 2446 ἐξαίρομεν,
671 2372 843 2443 Ἰησοῦ
893 2370 972 2441 τῷ
1019 2371 1120 2440 τῆς
1168 2369 1442 2441 σωτηρίας
1493 2366 1718 2440 ἀρχηγῷ

131 2467 569 2542 προκεκλημένῳ
623 2467 807 2536 τάχιον
858 2465 1266 2536 ἀναντιρῤήτως
1309 2461 1718 2534 προσδεδραμη-

130 2560 254 2614 κότα
305 2560 405 2614 καὶ
439 2558 765 2631 προφρόνως
795 2558 1062 2628 ἑπόμενον
1081 2597 1095 2621 ,
1149 2556 1242 2610 καὶ
1270 2553 1717 2625 πρεπωδέστατον

129 2648 311 2715 ὅντως.

193 2901 395 2963 Πόσοις
417 2897 712 2970 τοιγαροῦν
729 2898 823 2952 καὶ
847 2897 1020 2960 ποίοις
1044 2895 1254 2960 τοῦτον,
1280 2895 1340 2958 ὃς
1359 2895 1419 2948 οὐ
1438 2894 1718 2965 Μωσαῖκῷ

131 2992 623 3064 προκατηχημένος
647 2986 716 3060 ἧν
745 2989 914 3061 νόμῳ,
956 2990 1015 3041 οὐ
1049 2988 1392 3061 προφητικάς
1424 2989 1719 3042 πεπαιδευ-

131 3086 283 3157 μένος
319 3087 534 3157 ῥήσεις,
563 3083 663 3153 οὐχ
696 3083 986 3153 ἱστορικοῖς
1013 3081 1171 3134 θείων
1195 3080 1489 3153 τερατείων
1519 3096 1718 3151 προγε-

129 3178 518 3252 γυμνασμένος
581 3177 682 3240 τὰς
737 3177 907 3240 ἀκοὰς
957 3176 1318 3247 διηγήμασιν,
1383 3174 1444 3226 οὐ
1514 3176 1786 3283 σημεῖα(Ζ

130 3271 505 3344 προεωρακὼς
552 3269 1081 3342 τερατουργούμενα,
1127 3267 1550 3340 καταγεραίρειν
1589 3267 1718 3340 κρό-

129 3379 253 3426 τοις,
287 3363 566 3432 εὐφήμοις
611 3360 944 3431 ὰναρρήσεσι
987 3356 1345 3423 καταστέφειν
1395 3354 1712 3424 ὀφείλομενς

128 3455 270 3518 ὅπως
303 3454 639 3524 ἐτοιμότατα
681 3451 892 3504 Παύλου
925 3450 1015 3503 τὸν
1057 3449 1260 3502 ἁπλοῦν
1289 3449 1601 3520 προσήκατο
1632 3446 1718 3500 λό-

128 3563 238 3615 γον,
267 3548 470 3618 ὰνδρδς
501 3544 734 3607 ἰδιώτου,
763 3544 856 3597 καὶ
888 3544 1136 3613 πένητος,
1157 3543 1250 3595 καὶ
1282 3542 1432 3608 ξένου
1461 3541 1604 3605 τινὸς
1631 3541 1718 3594 δν-

127 3657 232 3704 τος,
278 3640 343 3691 οὐ
383 3639 704 3710 ῥητορικαῖς
738 3635 1184 3707 κεκομψευμένου
1233 3633 1561 3695 δεινώσεσιν,
1596 3633 1716 3684 οὐδὲ

131 3733 472 3802 σοφιστικαῖς
500 3728 895 3799 τετεχνημένου
926 3726 1273 3798 προτάσεσιν,
1308 3725 1422 3778 ἀλλ’
1447 3720 1558 3778 οἷόν
1593 3741 1716 3776 τινα

132 3825 337 3897 σπορὰν
368 3825 450 3886 είς
490 3823 596 3891 γῆν
630 3818 986 3891 πρωτοϐόλως
1024 3817 1328 3888 καταϐεϐλη
1340 3817 1506 3887 μένην
1537 3817 1716 3884 δεδεγ-

133 3917 308 3987 μένος,
328 3915 425 3968 καὶ
448 3915 569 3967 κατ’
599 3912 749 3966 οὐδὲν
776 3911 1054 3974 ἐνδοιάσας
1082 3910 1158 3980 τῷ
1190 3909 1341 3979 βάθει
1367 3909 1472 3960 τῶν
1503 3908 1714 3979 φρενῶν

129 4005 400 4076 ἐμϐαλὼν,
427 4003 732 4066 εὐθυϐόλως
759 4003 884 4065 τοὺς
913 4001 1227 4072 ζωηφόρους
1247 4001 1343 4070 τῆς
1376 3999 1605 4068 εὑαγοῦς
1627 3997 1715 4050 πί-

129 4115 300 4164 στεως
362 4097 614 4169 καρποὺς
660 4095 1104 4166 ἐτελεσφόρησεν,
1149 4093 1224 4155 ὼς
1276 4091 1470 4162 Ἡσαΐᾳ.
1523 4107 1716 4160 συγχο-

130 4191 308 4264 ρεύειν
354 4190 555 4261 ᾅδοντα
591 4185 869 4258 μονονουχὶ
912 4184 988 4255 τῷ
1016 4181 1543 4255 προϐλεπτικωτάτῳ
1584 4197 1715 4252 προ-

128 4285 270 4355 φήτῃ
307 4281 522 4353 βοῶντι·
571 4279 669 4332 Διὰ
695 4278 786 4330 τὸν
824 4276 985 4347 φόϐον
1033 4293 1148 4338 σου,
1181 4273 1376 4345 Κύριε,
1427 4274 1482 4325 ἐν
1517 4275 1716 4344 γαστρὶ

128 4377 414 4447 ἐλάϐομεν,
467 4372 566 4435 καὶ
593 4370 958 4441 ὼδινήσαμεν,
1020 4370 1116 4422 καὶ
1165 4369 1443 4437 ἐτέκομεν,
1499 4365 1715 4436 πνεῦμα

131 4469 404 4541 σωτηρίας
434 4483 528 4518 σου
565 4465 898 4534 ἐποιήσαμεν
939 4462 1032 4513 ἐπὶ
1066 4463 1162 4532 τῆς
1206 4461 1326 4530 γῆς.
1364 4459 1547 4512 Ταῦτα
1589 4458 1712 4529 μένα

1835 610 2080 681 suscepit
2105 627 2205 666 suo
2233 609 2651 678 foecundamque
2684 624 2748 662 ac
2770 609 3165 664 nobilissimam
3189 610 3416 666 aristam

1835 703 2112 776 produxit.
2151 702 2269 756 Non
2308 702 2461 756 illum
2491 717 2615 756 cum
2660 701 3001 771 principatus
3055 703 3262 774 gloria,
3301 711 3416 757 tum

1833 795 2000 867 364
2023 795 2330 866 amplitudo
2357 793 2690 864 judiciorum
2718 793 2884 849 veluti
2907 793 3041 863 juba
3085 802 3301 864 arrepta
3330 810 3418 850 re-

1831 887 2066 952 vocavit,
2101 903 2210 942 non
2244 887 2545 941 amicorum
2576 893 2630 941 et
2654 901 2962 941 ceterorum
2995 886 3415 942 consuetudinis

1831 980 2163 1036 desiderium
2191 979 2345 1034 illum
2377 977 2623 1034 retraxit.
2656 976 2775 1032 Non
2800 978 3074 1034 violentus
3098 985 3412 1048 parentum,

1831 1083 2175 1144 agitatorum,
2208 1071 2744 1142 domesticorumque
2766 1086 2918 1126 amor
2945 1070 3274 1135 retardavit;
3300 1085 3412 1125 non

1830 1167 2058 1221 insanus
2075 1163 2390 1218 divitiarum
2421 1179 2482 1218 ac
2499 1165 2908 1234 possessionum
2927 1163 3093 1220 variis
3112 1163 3289 1218 modis
3309 1163 3416 1218 im-

1829 1257 2150 1328 plicantium
2183 1256 2335 1310 furor
2357 1257 2563 1328 ligavit.
2597 1256 2714 1312 Non
2749 1258 2899 1311 illum
2935 1272 3224 1326 corporum
3249 1256 3411 1312 volu-

1828 1359 1948 1420 ptas
1974 1350 2224 1405 emolliit.
2253 1347 2371 1402 Non
2405 1349 2652 1404 delicatae
2677 1351 2824 1415 vitae,
2858 1349 3285 1419 deliciarumque
3314 1347 3411 1402 de-

1829 1441 2092 1497 siderium
2129 1441 2282 1494 illum
2315 1438 2668 1508 effeminavit,
2702 1441 2800 1497 sed
2848 1457 2971 1496 cum
3005 1441 3273 1511 praeconis
3312 1454 3409 1494 vo-

1828 1548 1947 1588 cem
1977 1532 2164 1587 divina
2189 1532 2472 1603 loquentis
2496 1533 2764 1597 audisset,
2787 1534 2970 1588 omnia
2993 1549 3114 1604 quae
3137 1533 3411 1588 oblectare

1827 1625 2088 1680 mortales
2118 1632 2545 1690 consueverunt,
2567 1623 2718 1678 nihili
2746 1625 2978 1689 ducens,
3010 1643 3117 1680 non
3156 1640 3316 1680 secus
3346 1639 3412 1678 ac

1827 1713 2062 1782 magneti
2095 1711 2324 1777 ferrum,
2357 1713 2432 1766 illi
2459 1713 2751 1770 confestim
2776 1716 3150 1772 adhaarescere
3177 1714 3404 1770 studuit.

1825 1803 2102 1858 Abraham
2146 1804 2366 1876 quidem
2417 1807 2786 1876 patriarcham
2830 1808 3090 1863 admirari
3134 1809 3405 1872 solemus,

1821 1909 1945 1949 cum
1976 1895 2109 1960 Deo,
2145 1904 2204 1951 ut
2225 1913 2254 1952 e
2281 1898 2607 1967 cognatione
2641 1914 2704 1953 ac
2733 1899 2908 1969 patria
2940 1900 3112 1955 exiret
3137 1915 3234 1962 sua
3257 1940 3272 1964 ,
3313 1917 3409 1956 ex-

1823 1992 2181 2056 traneamque
2209 2001 2273 2040 ac
2301 1987 2541 2058 ignotam
2575 1999 2805 2060 peteret,
2833 1989 3171 2059 praecipienti
3195 1989 3408 2045 obtem-

1819 2083 2100 2142 perantem
2133 2075 2467 2143 audivimus,
2503 2086 2558 2134 et
2585 2078 2740 2134 valde
2771 2080 2943 2149 juste.
2982 2077 3236 2134 Elisaaum
3266 2081 3407 2136 divi-

1819 2165 1906 2221 nis
1936 2168 2222 2234 praeconiis
2245 2167 2545 2237 eli‘erimus,
2580 2185 2705 2225 eum
2735 2172 2898 2226 boum
2923 2173 3054 2243 juga
3086 2172 3401 2244 dereliquit,

1819 2273 1884 2312 ac
1911 2259 2244 2316 domesticos
2274 2261 2418 2316 lares
2451 2263 2604 2318 laetus
2649 2262 2879 2327 dimisit,
2938 2271 2991 2318 et
3033 2263 3204 2318 Eliam
3251 2265 3404 2319 ama~

1818 2354 1933 2400 tum
1970 2350 2194 2404 numine
2228 2348 2518 2416 fervidum,
2550 2351 2643 2420 qui
2670 2366 2729 2406 se
2752 2360 2994 2413 vocaret,
3025 2351 3216 2420 procul
3249 2350 3398 2404 omni

1820 2454 1972 2493 mora
1994 2451 2218 2497 secutus
2239 2451 2344 2508 est,
2367 2450 2420 2497 et
2438 2457 2570 2497 sane
2589 2443 2736 2512 jure.
2760 2441 3072 2512 Philippum
3090 2457 3285 2497 rursus
3306 2439 3398 2496 Je-

1819 2549 1940 2589 sum
1991 2534 2188 2591 salutis
2243 2544 2524 2590 auctorem
2571 2543 2858 2590 vocantem
2887 2577 2901 2602 ,
2955 2535 3206 2590 celeriter
3261 2535 3400 2588 nihil

1819 2635 2168 2682 cunctantem
2212 2628 2541 2693 accurrisse,
2574 2643 2812 2699 eumque
2851 2636 3102 2698 prompte
3149 2637 3399 2686 secutum

1819 2719 2074 2775 laudibus
2101 2721 2436 2787 extollimus,
2468 2730 2520 2776 et
2550 2722 2769 2792 quidem
2798 2722 3200 2778 decentissime.

1889 2903 2009 2969 Quo
2037 2903 2204 2974 igitur
2229 2903 2448 2972 plausu,
2480 2917 2658 2972 quove
2683 2917 2880 2966 genere
2920 2901 3142 2954 laudum
3174 2900 3264 2954 hic
3296 2899 3400 2955 ho-

1819 2995 2141 3060 nestandus,
2175 3011 2240 3050 ac
2267 2995 2527 3066 praeconii
2597 3011 2627 3048 a
2669 2994 2828 3049 nobis
2859 2991 3214 3048 coronandus
3249 2993 3402 3048 vide-

1819 3096 1929 3153 tur,
1960 3087 2052 3158 qui
2085 3102 2194 3142 non
2248 3087 2353 3158 legi
2405 3085 2659 3142 Mosaicae
2705 3085 2979 3150 subditus,
3033 3100 3133 3140 nec
3177 3085 3401 3139 oracula

1822 3179 2212 3250 prophetarum
2266 3179 2530 3241 edoctus,
2587 3192 2700 3232 non
2758 3177 3038 3233 historicis
3086 3176 3400 3230 divinorum

1820 3272 2192 3344 prodigiorum
2211 3270 2620 3325 narrationibus
2649 3271 3006 3330 exercitatus,
3032 3267 3265 3322 necdum
3290 3266 3401 3320 ulla

1819 3365 2049 3420 intuitus
2083 3373 2278 3434 prieter
2307 3371 2558 3417 naturam
2585 3362 2730 3418 edita
2761 3362 2939 3431 signa,
2970 3359 3275 3430 simplicem
3316 3366 3401 3412 ta-

1818 3473 1944 3513 men
1975 3457 2127 3512 Pauli
2160 3456 2601 3527 pra‘dicationem
2641 3455 2905 3525 suscepit,
2938 3451 3175 3524 imperiti
3213 3450 3400 3520 cujus-

1819 3544 1943 3600 dam
1973 3547 2233 3612 hominis,
2266 3547 2524 3617 pauperis
2553 3561 2616 3600 ac
2642 3545 2941 3616 peregrini,
2973 3545 3066 3613 qui
3091 3559 3192 3599 nec
3215 3550 3401 3596 orato-

1821 3639 1916 3692 ria:
1947 3639 2081 3694 artis
2123 3640 2462 3694 ornamentis
2491 3638 2804 3703 excelleret,
2840 3652 2941 3690 nec
2971 3635 3096 3689 ullis
3138 3633 3402 3704 sophisti-

1819 3731 1901 3786 cis
1933 3731 2400 3801 propositionibus
2432 3730 2732 3786 niteretur?
2769 3727 2971 3782 Verum
3002 3727 3078 3780 uti
3103 3733 3399 3781 sementem

1819 3827 2114 3898 quamdam
2141 3829 2196 3882 in
2235 3837 2438 3882 terram
2467 3829 2667 3896 jactam
2700 3842 2825 3880 cum
2855 3824 3092 3894 primum
3135 3821 3397 3890 suscepit,

1819 3921 2064 3990 nihilque
2085 3920 2342 3975 dubitans
2371 3921 2577 3974 intimis
2601 3917 2858 3975 sensibus
2888 3916 3152 3985 reposuit,
3181 3925 3233 3969 et
3260 3915 3402 3967 vita-

1818 4011 1897 4066 les
1929 4009 2053 4064 ﬁdei
2081 4009 2292 4064 fructus
2324 4025 2446 4063 mox
2475 4025 2504 4062 a
2535 4008 2758 4062 seminis
2777 4007 2930 4075 jactu
2958 4006 3229 4058 uberrime
3255 4006 3396 4068 tulit,

1818 4107 1877 4155 ut
1922 4116 2048 4154 cum
2094 4099 2235 4154 lsaia
2281 4100 2543 4170 propheta
2591 4097 3072 4168 providentissime
3129 4096 3401 4151 clamante

1819 4193 1931 4248 fere
1980 4193 2228 4248 hilariter
2275 4199 2455 4247 canat.
2506 4190 2588 4246 0b
2615 4191 2865 4244 timorem
2917 4199 3091 4251 tuum,
3149 4186 3396 4252 Domine,

1821 4291 2179 4360 concepimus
2221 4294 2275 4340 et
2310 4282 2726 4357 parturivimus,
2777 4296 2840 4334 ac
2875 4280 3186 4350 peperimus
3230 4279 3399 4349 spiri-

1818 4397 1934 4443 tum
1961 4383 2156 4442 salutis
2179 4393 2302 4442 tuae,
2330 4393 2492 4448 quem
2520 4391 2684 4444 super
2707 4382 2908 4428 terram
2937 4371 3167 4425 fecimus
3189 4377 3247 4425 ω.
3273 4370 3398 4425 "me

1819 4496 1951 4537 sane
1973 4477 2150 4531 Lucas
2182 4473 2415 4528 eximius
2445 4483 2644 4539 praeco,
2677 4466 2805 4520 dum
2841 4464 3036 4533 spiritu
3069 4463 3227 4518 nobis
3261 4463 3400 4517 assi-

129 4581 207 4616 τοι
237 4561 456 4622 Λουκᾶς
485 4559 615 4628 ἡμῖν
643 4559 670 4609 ὁ
702 4554 1102 4626 μεγαλοκήρυξ,
1133 4551 1523 4624 συμπαρὼντῷ
1546 4552 1715 4604 Ilvati-

1822 4577 2004 4633 steret,
2035 4566 2308 4634 simulque
2330 4563 2472 4615 hanc
2501 4574 2712 4613 sacram
2739 4556 2883 4611 sacri
2905 4555 3165 4625 martyris
3194 4570 3399 4610 memo-

133 4673 281 4724 ματι,
313 4654 413 4707 καλ⁸
441 4651 542 4720 τὴν
584 4649 735 4720 ἱερὰν
765 4647 968 4717 ταύτην
1009 4645 1103 4698 τοῦ
1152 4645 1541 4716 ἱερομάρτυρος
1577 4645 1710 4715 μνή-

133 4764 236 4816 μην
277 4739 675 4814 συνεορτάζων,
722 4738 946 4808 καὶτῆς
977 4738 1085 4789 τῶν
1133 4736 1496 4808 ἑορταζόντων
1542 4737 1712 4808 αὐτὴν

133 4839 221 4890 καὶ
255 4835 574 4908 ὑμνούντων
597 4832 922 4902 ὀμηγύρεως
955 4829 1306 4900 καθεστηκὼς
1333 4827 1578 4899 ἔξαρχος⁹
1619 4830 1711 4882 καὶ

129 4930 233 4983 τῶν
255 4929 498 4983 ἐπαίνων
524 4924 952 4997 προηγούμενος,
976 4922 1366 4994 διεξελήλυθεν.
1397 4923 1537 4975 Ὅσα
1567 4923 1623 4975 δὲ
1645 4923 1712 4975 δι’

130 5023 377 5094 ἀγράφου
434 5018 790 5090 παραδόσεως
835 5015 868 5088 ἦ
920 5017 1199 5086 ἐγγράφου
1257 5015 1708 5087 παρειλήφαμεν,

130 5116 297 5169 ταῦτα
332 5112 414 5183 τῷ
466 5111 574 5163 τῶν
617 5109 906 5180 ἐγκωμίων
934 5107 1234 5178 ὑφάσματι,
1283 5107 1531 5180 καθάπερ
1578 5107 1713 5160 ἄττα

131 5205 511 5276 δαιδαλμάτων
539 5202 837 5274 ἐνείροντες
866 5199 1023 5270 ἄνθη,
1053 5201 1143 5252 καί
1186 5217 1328 5253 τισιν
1360 5200 1547 5272 ὥσπερ
1588 5200 1713 5272 ἡδύ-

137 5314 294 5368 σμασι
311 5298 414 5368 τὴν
435 5295 812 5366 πνευματικὴν
830 5294 1349 5361 καταγλυκαίνοντες
1366 5294 1568 5355 ἑστίαν,
1587 5295 1714 5363 ἧκο-

138 5407 231 5458 μεν
257 5392 388 5460 ὑμῖν
410 5391 525 5450 τοῖς
549 5385 946 5458 φιλακροάμοσί
971 5403 1029 5438 τε
1061 5387 1153 5438 καὶ
1182 5387 1566 5455 πνευματικοῖς
1596 5387 1712 5440 δαι-

135 5485 323 5553 τυμόσι
349 5480 816 5552 παραθησόμενοι.
856 5477 1105 5540 Τοιοῦτος
1128 5475 1220 5530 οὖν
1247 5479 1324 5539 εἰς
1352 5479 1500 5547 ἡμᾶς
1518 5481 1714 5550 κατήν-

134 5594 262 5651 τηκε
289 5579 472 5648 λόγος,
497 5575 762 5628 ἀνέκαθεν
790 5573 924 5644 πρὸς
956 5573 1158 5643 πατρὸς
1189 5571 1337 5624 παιδὶ
1368 5572 1716 5642 παραδιδομε-

137 5690 238 5734 νος.
271 5675 359 5736 Ὠς
385 5675 415 5726 ό
448 5670 623 5740 μέγας
651 5666 920 5729 Διονύσιος
947 5659 1117 5728 οὗτος,
1146 5664 1286 5718 κατὰ
1314 5663 1402 5716 τὸν
1427 5663 1519 5716 τοῦ
1546 5680 1714 5733 σωτη-

204 5850 360 5908 lllia.
388 5863 538 5913 xxvi,
577 5847 660 5902 18.

1818 4663 1957 4717 riam
1981 4658 2207 4720 coleret,
2242 4651 2582 4724 percensuit,
2609 4662 2801 4702 eorum
2829 4645 3191 4709 multitudini,
3225 4645 3319 4715 qui
3342 4645 3400 4698 il-

1816 4755 1921 4807 lam
1955 4749 2234 4804 celebrant
2270 4760 2333 4798 ac
2357 4742 2664 4806 dilaudant,
2702 4755 2907 4810 praeses
2931 4755 2995 4793 ac
3024 4738 3246 4792 laudum
3287 4737 3397 4791 dux

1816 4843 2119 4900 adhibitus.
2145 4838 2496 4906 Quaecunque
2515 4849 2645 4888 vero
2670 4849 2736 4888 ex
2764 4833 2986 4901 scriptis
3010 4839 3102 4884 aut
3129 4845 3239 4883 non
3264 4827 3400 4882 scri-

1817 4937 1926 5008 ptis
1969 4931 2346 4988 monumentis
2375 4927 2725 4995 collegimus,
2758 4925 2874 4977 haec
2917 4923 3106 4978 eadem
3130 4918 3397 4975 contextis

1815 5027 2090 5088 laudibus,
2125 5024 2200 5076 uti
2228 5021 2477 5091 quaedam
2505 5023 2830 5071 ornamenta
2856 5015 3047 5068 florum
3084 5020 3392 5073 assuentes,

1817 5137 1881 5177 ac
1910 5117 2223 5174 convivium
2251 5113 2411 5184 365
2439 5111 2769 5182 quibusdam
2802 5111 2959 5179 quasi
2996 5107 3195 5162 divinis
3237 5120 3397 5175 sapo-

1815 5213 1966 5266 ribus
1998 5207 2342 5269 condientes,
2392 5204 2659 5258 adsumus
2699 5217 2883 5256 coram
2929 5199 3084 5253 vobis
3126 5196 3392 5259 convivis,

1815 5305 1908 5375 qui
1940 5303 2124 5356 divina
2154 5301 2388 5354 libenter
2437 5296 2641 5351 auditis
2675 5294 3000 5364 apposituri.
3048 5289 3195 5342 Talis
3231 5288 3397 5357 igitur

1818 5394 2050 5450 historia
2100 5392 2261 5462 longa
2295 5399 2606 5460 temporum
2638 5389 2798 5449 serie,
2825 5383 2983 5454 quasi
3015 5399 3044 5435 a
3077 5389 3231 5451 patre
3273 5381 3395 5436 ﬁliis

1819 5488 2042 5548 tradita,
2081 5484 2148 5538 ad
2193 5499 2296 5538 nos
2334 5499 2507 5554 usque
2540 5478 2804 5550 pervenit.
2847 5475 2982 5527 Cum
3019 5488 3251 5542 magnus
3293 5472 3393 5527 iste

1817 5578 2111 5648 Dionysius
2141 5584 2385 5644 tempore
2422 5575 2530 5644 quo
2564 5571 2822 5626 Servator
2854 5565 3124 5634 supplicio
3153 5575 3236 5619 est
3266 5565 3391 5620 alie-

1818 5682 1959 5736 ctus,
1993 5667 2212 5741 quando
2241 5678 2386 5723 terra
2428 5676 2694 5722 concussa
2726 5667 2830 5725 est,
2872 5667 3034 5730 atque
3067 5659 3147 5714 sol
3185 5674 3290 5712 non
3317 5656 3387 5714 fc-
