3886 6582
451 444 554 504 627

1610 434 1665 491 S.
1706 434 1865 492 DION
1874 434 2006 492 YSII
2045 431 2513 492 AIKEOPAGITIE

3610 430 3714 487 628

450 578 583 621 rens
604 559 853 633 opiﬁcem
877 556 1282 617 universorum,
1305 566 1543 623 eumque
1569 552 1664 621 qui
1692 551 1765 605 ob
1785 550 2027 605 divinam

2153 548 2249 599 rion
2284 546 2490 608 πάθους
2522 544 2717 617 καιρὸν
2735 585 2752 608 ,
2789 543 2950 615 ἡνίκα
2989 545 3314 599 διεκλονεῖτο
3348 541 3446 616 γῆ,
3486 545 3580 598 xui.
3612 545 3715 610 τὰς

450 655 819 713 substantiam
850 649 1145 720 cujuslibet
1174 645 1630 719 perturbationis,
1665 658 1731 697 ac
1778 642 2033 697 interitus

450 764 649 819 expers
688 753 829 807 erat,
861 744 1009 814 ligno
1038 757 1205 797 carne
1235 739 1438 811 sulligi,
1471 754 1603 794 suos
1630 737 1809 808 ipsius
1844 735 2033 791 radios

450 841 508 896 in
556 838 780 893 meridie
822 836 1177 899 occultasset,
1214 848 1328 904 pne
1368 843 1480 886 tam
1531 830 1841 885 admirabili
1889 829 2034 883 facto

448 932 798 987 vehementer
828 927 1189 997 smpel‘actus.
1221 927 1627 995 humanamque
1664 922 2033 994 cognitionem

448 1039 860 1095 supergressus,
898 1021 1102 1076 factum
1139 1022 1272 1076 illud
1303 1018 1668 1091 perpendens.
1702 1037 1721 1069 ι
1754 1016 1917 1079 Deus,
1945 1016 2034 1070 in-

447 1117 591 1187 quit.
625 1116 846 1186 ignotus
877 1129 1043 1169 carne
1075 1115 1303 1184 patitur,
1348 1114 1509 1182 cujus
1536 1126 1705 1165 causa
1731 1110 1883 1166 orbis
1910 1109 2035 1163 uni-

447 1224 642 1263 versus
656 1208 900 1263 tenebris
911 1207 1144 1270 olIusus,
1159 1216 1213 1262 et
1237 1206 1547 1260 turbatione
1563 1218 1870 1259 concussus
1890 1211 1993 1255 est.
2008 1218 2027 1252 ι

448 1299 821 1373 Protinusque
851 1317 918 1356 eo
948 1301 1067 1371 ipso
1094 1309 1342 1369 tempore
1368 1313 1479 1370 quo
1512 1307 1623 1352 tam
1653 1297 1870 1367 insigne
1895 1309 2033 1348 con-

444 1393 664 1463 iectans
697 1394 1048 1456 observabat,
1095 1393 1231 1464 quid
1277 1391 1406 1445 hinc
1447 1390 1743 1460 signiﬁcari
1784 1388 2030 1443 daretur.

447 1487 615 1558 Atqui
645 1485 1064 1542 horrendissimi
1113 1484 1262 1539 illius
1304 1483 1440 1538 solis
1465 1482 1713 1537 defectus
1743 1480 1860 1552 ipse
1895 1494 2034 1550 qun-

448 1593 559 1658 que
590 1580 648 1635 in
677 1579 919 1652 Epistola
949 1578 1019 1633 ad
1052 1576 1417 1653 Polycarputn
1445 1574 1776 1631 mentionem
1811 1573 1960 1628 fecit.

523 1846 792 1901 Czclcrunt
844 1853 1066 1914 praestat
1115 1846 1419 1901 orationem
1449 1842 1877 1916 elegantissimis
1913 1843 2036 1913 ejus

2134 638 2329 692 ἑαυτοῦ
2361 637 2731 709 μαρμαρυγὰς
2771 636 3045 708 μεσούσης
3081 639 3294 709 ἡμέρας
3334 637 3714 709 κατέκρυπτεν

2132 729 2303 799 ἥλιος,
2348 731 2423 799 μὴ
2465 729 2647 800 φέρων
2677 730 2773 781 τὸν
2813 728 2909 781 τοῦ
2946 729 3147 792 παντὸς
3185 728 3521 801 δημιουργὸν
3557 728 3714 799 ἱκρίῳ

2133 820 2370 891 καθορᾷν
2416 822 2581 891 σαρκὶ
2612 821 3125 893 προσπηγνύμενον,
3162 821 3259 874 καὶ
3291 821 3526 874 θανάτου
3557 821 3714 889 γευό-

2137 930 2316 984 μενον,
2348 914 2440 965 τὸν
2469 913 2652 984 άπαθῆ
2690 931 2752 966 τε
2792 915 2912 967 κατ’
2939 914 3126 967 ουσίαν
3159 913 3349 984 θεῖκὴν
3393 913 3492 966 καὶ
3532 912 3714 966 άνὸλε-

2134 1004 2281 1077 θρον,
2314 1004 2407 1057 ἐπὶ
2428 1004 2506 1075 τῷ
2529 1006 2818 1077 παραδόξῳ
2850 1005 3053 1076 σιρόόρα
3080 1004 3353 1076 τεθηπὼς,
3377 1005 3474 1057 καὶ
3623 1005 3714 1057 άν-

2134 1096 2409 1169 θρωπείαν
2441 1096 2837 1169 ὑπερϐεϐηκὼς
2876 1097 3097 1165 γνῶσιν,
3142 1098 3488 1167 κατανοήσας
3519 1095 3582 1149 τι
3622 1113 3714 1165 γε-

2132 1191 2340 1258 γονός-ι
2362 1192 2421 1244 '0
2449 1192 2746 1259 ἄγνωστος,
2774 1191 2899 1261 ἔφη,
2920 1192 3081 1262 σαρκὶ
3102 1191 3302 1260 πάσχει
3327 1189 3482 1254 Θεὸς,
3500 1190 3568 1243 δι’
3587 1189 3714 1243 am

2136 1287 2245 1338 πᾶν
2261 1286 2527 1354 ὲζὸιρωταί
2544 1303 2605 1338 τε
2630 1286 2725 1338 καὶ
2744 1285 3082 1337 σεσάλευται.
3097 1304 3115 1336 ι
3137 1285 3247 1337 Καὶ
3262 1284 3608 1356 παραχρῆμα
3626 1283 3715 1336 τὸν

2134 1381 2346 1454 χρόνον,
2380 1378 2502 1432 καθ’
2535 1378 2594 1431 ὃν
2632 1378 2784 1430 τουτὶ
2809 1379 2871 1431 τὸ
2903 1378 3244 1449 παγκὸσμιον
3286 1378 3601 1431 ἐτετέλεστο
3632 1395 3716 1431 τεο

2136 1472 2515 1544 ρατούργημα,
2555 1473 3079 1542 τεκμηριωσάμενος
3122 1473 3307 1544 ἐτήρει
3354 1472 3486 1544 παρ’
3520 1472 3712 1543 ἐαυτῷ,

2133 1564 2450 1617 τούντεῦθεν
2463 1564 2745 1633 διαγγελοιῖι
2755 1581 2913 1635 μενον
2932 1565 3267 1637 καραδοκῶν.
3290 1565 3583 1636 Μέμνηται
3599 1566 3718 1635 μὲν-

2136 1673 2218 1709 τοι
2261 1657 2461 1720 καύτὸς
2513 1659 2572 1709 ὲν
2602 1660 2669 1728 τῇ
2716 1657 2854 1728 πρὸς
2900 1656 3257 1729 Πολύκαρπον
3302 1658 3564 1729 ἐπιστολῇ
3624 1659 3717 1729 τῆς

2136 1748 2369 1819 ⁴ἡλιακῆς
2396 1749 2690 1819 ἐκλείψεως
2718 1750 2937 1821 ἐκείνης
2954 1751 3055 1821 τῆς
3088 1750 3558 1822 φρικωδεστάτης.

2214 1845 2470 1914 ’Δμεινον
2501 1843 2558 1895 δὲ
2589 1844 2680 1895 τὸν
2710 1842 2867 1912 λόγον
2897 1847 3010 1907 τοῖς
3044 1845 3253 1898 ἐκείνου
3280 1843 3375 1897 τοῦ
3407 1847 3476 1914 τῇ
3508 1844 3720 1916 θεορῤηο

452 1937 655 2001 verbis,
703 1937 797 2009 qui
842 1913 1154 2007 eloquentia
1205 1951 1269 1991 ac
1316 1935 1501 2009 divina
1542 1913 1781 2005 quadam
1816 1934 2037 1988 dicendi

2153 1936 2349 2009 μοσύνη
2382 1936 2476 1989 καὶ
2508 1936 2808 2008 εὐγλωττία
2840 1937 3059 1990 πάντων
3092 1938 3569 2009 ὑπερφερεστάτου
3602 1938 3722 1990 καλ-

452 2028 714 2084 facultate
737 2043 928 2084 omnes
957 2029 1235 2091 excelluit,
1264 2038 1523 2098 tanquam
1553 2027 1758 2099 regiam
1776 2040 2040 2081 coronam

455 2122 715 2192 pretiosis
738 2136 803 2175 ac
828 2121 1183 2176 lneidissimis
1209 2120 1485 2191 lapidibus
1500 2117 2040 2176 condecorare.Cum

454 2216 603 2270 enim
622 2214 1028 2292 Apollophanes
1058 2213 1143 2266 vir
1165 2213 1547 2283 phil050phus,
1566 2212 1831 2285 religione
1858 2212 2041 2285 genti-

452 2306 524 2365 lis
570 2317 739 2370 esse:,
787 2314 952 2376 atque
1002 2306 1145 2359 hunc
1190 2306 1590 2372 beatissimum,
1629 2306 2041 2376 magnanimum

453 2405 507 2455 et
535 2398 918 2455 admirandum
953 2399 1157 2461 virum.
1191 2415 1430 2472 quocum
1480 2402 1811 2455 necessitate
1856 2415 1922 2455 ac
1949 2415 2044 2471 ge-

450 2507 587 2551 nere
629 2492 963 2562 eonjunctus
994 2498 1134 2558 erat,
1168 2492 1298 2546 odio
1329 2503 1775 2564 prosequeretur,
1811 2506 1877 2546 ac
1907 2508 2044 2546 con-

451 2584 615 2640 viciis
656 2585 915 2654 jactaret,
948 2594 1008 2639 ut
1039 2586 1134 2654 qui
1164 2586 1301 2641 ritus
1332 2588 1543 2656 patrios
1577 2585 1965 2648 detestaretur,
1988 2594 2045 2639 et

454 2674 897 2730 Christianorum
951 2676 1112 2731 [idem
1159 2677 1270 2731 illis
1310 2676 1612 2746 praeferret,
1658 2677 1883 2737 coleret,
1927 2690 2046 2730 am-

454 2768 810 2838 plecteretur,
859 2784 925 2823 ac
972 2770 1211 2840 proipsa
1262 2777 1523 2840 tanquam
1570 2770 2044 2840 propugnaculum

454 2860 800 2917 validissime
839 2868 1033 2924 staret,
1068 2861 1345 2934 rebusque
1373 2861 1658 2931 gentilium
1693 2872 1884 2916 contra
1914 2876 2042 2933 gen-

457 2954 581 3009 tiles
612 2961 861 3009 uteretur
890 2972 904 3008 :
937 2953 1042 3008 hoc
1071 2955 1382 3009 convicium
1409 2964 1464 3010 et
1489 2955 1893 3011 accusationem
1920 2969 2046 3009 cum

455 3046 756 3118 Dionysius
785 3056 1034 3103 evertere
1054 3048 1410 3113 decrevisset,
1436 3045 1761 3120 Polycarpo,
1785 3047 1878 3118 qui
1906 3048 2048 3104 mul-

456 3138 530 3195 tis
552 3155 680 3195 cum
702 3140 924 3210 pietatis
946 3147 1062 3195 tum
1088 3142 1311 3197 virtutis
1336 3140 1609 3197 fructibus
1630 3140 1884 3203 ﬂorebat,
1903 3138 2047 3210 apud

458 3248 623 3308 quem
660 3243 715 3287 et
737 3232 981 3305 sophista
1006 3233 1097 3288 ille
1118 3234 1711 3305 conviciajactaverat,
1752 3232 1869 3287 huc
1908 3231 2048 3287 scri-

2153 3235 2219 3288 τὰ
2256 3235 2584 3307 σκώμματα,
2617 3236 2742 3288 τάδε
2778 3236 2910 3305 φησί
2932 3253 2945 3265 ’

458 3322 542 3377 bit
575 3342 590 3378 :
624 3342 642 3374 ι
666 3321 750 3377 Tu
777 3338 908 3378 vero
931 3324 1363 3395 Apollophanem
1404 3324 1710 3393 sophistatn
1757 3323 2047 3379 maledicta

461 3414 626 3475 inme
644 3429 964 3485 congerere,
999 3430 1194 3485 meque
1238 3416 1561 3487 patricidam
1587 3414 1865 3489 appellare
1885 3413 2048 3481 dicis,

461 3516 525 3561 ut
546 3506 640 3581 qui
661 3506 948 3575 gentilium
971 3506 1136 3561 dictis
1156 3506 1300 3561 haud
1325 3508 1412 3579 pie
1430 3515 1621 3562 contra
1645 3508 1881 3578 gentiles
1902 3509 2051 3580 ipsos

461 3608 610 3658 utar.
645 3599 815 3671 Atqui
846 3615 948 3655 nos
977 3600 1082 3653 hoc
1112 3600 1292 3675 ipsum
1332 3600 1517 3655 verius
1558 3600 1875 3673 intorquere
1902 3602 1957 3655 in
1985 3602 2052 3655 il-

462 3691 579 3746 lum
610 3706 923 3765 possemus,
954 3691 1100 3764 quod
1131 3692 1360 3762 gentiles
1389 3691 1656 3749 adversus
1698 3694 1884 3749 divina
1910 3694 2052 3750 divi-

463 3784 553 3840 nis
582 3799 693 3838 non
725 3783 813 3855 pie
842 3790 1093 3847 utuntur,
1126 3792 1391 3839 conantes
1439 3800 1536 3857 per
1579 3785 1904 3855 sapientiam
1934 3787 2054 3841 cul-

463 3884 585 3931 tum
619 3875 714 3931 Dei
738 3876 985 3937 divinum
1008 3877 1396 3933 exterminare.
1423 3874 1609 3948 Neque
1631 3893 1732 3950 ego
1753 3894 1887 3935 sane
1907 3896 2053 3936 nunc

465 3970 537 4027 de
570 3968 941 4031 multitudinis
970 3970 1230 4042 opinione
1259 3970 1473 4047 loquor,
1509 3986 1633 4043 quae
1677 3972 1733 4026 in
1768 3982 2053 4044 poetarum

466 4062 670 4119 fabulis
699 4078 930 4135 corpore
955 4070 1011 4118 et
1041 4064 1319 4133 voluptate
1349 4063 1831 4135 acquiescit.Quin
1861 4077 1915 4120 et
1939 4068 2055 4135 ipse

468 4154 879 4227 Apollophanes
909 4155 1175 4210 adversus
1205 4156 1391 4211 divina
1405 4155 1617 4213 nefarie
1638 4156 1840 4211 divinis
1857 4159 2051 4212 utitur.

469 4246 604 4302 Erat
615 4250 761 4303 enim
773 4256 1204 4303 consentaneum
1221 4264 1310 4305 eos
1327 4251 1419 4320 qui
1432 4250 1597 4321 366
1613 4250 1726 4305 veri
1745 4249 2056 4323 philosophi

472 4347 623 4403 sunt,
655 4355 754 4411 per
784 4339 927 4395 hanc
950 4356 1134 4396 rerum
1163 4342 1553 4412 cognitionem,
1578 4357 1700 4412 qua!
1721 4344 1825 4397 rite
1846 4342 1916 4397 ah
1936 4343 2057 4417 ipso

472 4432 823 4503 philosophia
864 4432 1090 4498 dicitur,
1121 4449 1351 4506 quasque
1394 4449 1425 4488 a
1475 4433 1538 4490 D.
1574 4433 1743 4489 Paulo
1788 4434 2056 4504 sapientia

472 4525 570 4583 Dei
602 4526 872 4607 appellata
884 4535 989 4595 est,
1014 4527 1080 4582 ad
1106 4535 1385 4582 auctorem
1415 4542 1540 4582 cum
1574 4529 1817 4599 ipsarum
1847 4544 2053 4595 rerum,

474 4625 594 4677 tum
622 4604 951 4699 cognitionis
981 4619 1222 4682 illorum,
1252 4618 1471 4675 adduci.
1503 4618 1581 4673 Ac
1612 4636 1682 4675 ne
1704 4620 1936 4675 aliorum
1962 4627 2057 4673 aut
2088 4604 2133 4657 D

476 4710 654 4789 ipsius
700 4710 1014 4780 opinionem
1067 4721 1259 4769 contra
1308 4712 1623 4771 institutum
1654 4728 1834 4766 meum
1866 4712 2065 4767 confu-

479 4808 610 4865 tem,
658 4802 945 4870 oportebat
973 4801 1403 4874 Apollophanem
1432 4819 1558 4858 cum
1590 4804 1662 4861 sit
1693 4804 1915 4873 sapiens
1934 4845 1949 4868 ,
1979 4804 2065 4857 in-

476 4891 725 4963 telligere
774 4892 911 4946 nihil
964 4910 1205 4964 unquam
1250 4895 1496 4950 caelestis
1528 4893 1742 4955 ordinis
1780 4902 1835 4949 et
1880 4905 2066 4950 motus

480 4984 762 5047 immutari
790 4986 950 5042 aliter
975 4988 1243 5059 potuisse,
1268 4989 1373 5043 nisi
1402 4988 1470 5042 ab
1491 5003 1557 5043 eo
1586 4987 1702 5041 haec
1732 5001 1918 5045 rerum
1946 5003 2068 5041 mu-

481 5082 619 5143 tatio
649 5081 824 5144 ﬁeret,
857 5082 951 5151 qui
1000 5089 1211 5141 natura:
1261 5082 1437 5155 ipsius
1480 5088 1837 5137 conservator
1876 5089 1981 5146 est,
2012 5089 2068 5136 et

483 5180 698 5237 auctor,
734 5172 940 5247 quique
967 5173 1152 5231 omnia
1190 5177 1271 5241 (ut
1302 5186 1485 5227 sermo
1512 5172 1733 5226 divinus
1763 5170 1959 5240 habet)
1986 5169 2068 5226 fa-

484 5266 561 5325 cit
590 5273 759 5335 atque
785 5271 1142 5320 transmutat.
1180 5262 1293 5319 Cur
1335 5279 1483 5335 ergo,
1503 5279 1650 5328 eum,
1686 5279 1852 5334 quem
1883 5277 2067 5321 rerum

485 5358 734 5415 omnium
766 5355 939 5412 Deum
963 5372 1087 5417 esse
1116 5356 1500 5427 cognovimus,
1530 5373 1642 5411 non
1665 5363 1985 5419 veneratur,
2017 5365 2072 5411 ct

487 5450 559 5505 ob
607 5448 937 5509 ineﬂ'abilem
985 5448 1106 5518 ejus
1155 5450 1475 5521 potentiam,
1514 5463 1623 5525 qua
1659 5456 1857 5502 cuncta
1888 5457 2072 5507 creata

488 5549 641 5603 sunt,
691 5554 804 5594 non
838 5538 1181 5601 admiratur?
1211 5537 1667 5613 Quandoquidem
1720 5539 1803 5596 sol
1842 5545 1897 5599 et
1942 5538 2073 5597 luna

490 5648 601 5689 una
631 5647 757 5687 cum
787 5632 937 5689 omni
985 5631 1111 5689 οωιί
1161 5630 1522 5693 conversione
1570 5646 1666 5701 per
1713 5631 1824 5685 vim
1852 5631 1919 5685 ab
1952 5631 2073 5701 ipso

492 5721 761 5776 immobili
792 5729 938 5777 statu
965 5720 1364 5776 incredibiliter
1402 5720 1707 5776 consistere
1728 5719 1885 5788 jussa
1917 5725 2070 5781 sunt,

494 5822 661 5881 atque
711 5811 779 5865 ad
818 5826 1131 5882 mensuram
1180 5812 1349 5866 totius
1398 5811 1506 5866 diei
1544 5812 1599 5864 in
1648 5810 1843 5865 iisdem
1900 5810 2073 5881 signis

496 5903 686 5963 omnia
713 5903 1050 5963 consistunt.
1079 5921 1100 5955 ι
1128 5901 1193 5957 Ει
1209 5904 1374 5976 paulo
1384 5912 1569 5977 posta
1588 5901 1861 5962 Caeterum
1878 5901 1968 5961 dic
1980 5901 2067 5975 ei:

2140 2030 2510 2093 λιεπεστάτοις
2536 2030 2878 2100 καθωραῖσαι
2910 2031 3109 2099 λόγοις,
3148 2025 3235 2083 οἷα
3267 2031 3377 2083 τῶν
3421 2029 3722 2085 πολυτελῶν

2140 2124 2303 2177 λίθων
2339 2128 2453 2186 τοῖς
2484 2123 2897 2192 διαυγεστάτοις
2925 2123 3192 2193 βασίλειον
3222 2123 3482 2195 διάδημα.
3539 2122 3721 2176 Ἀπολ-

2141 2216 2407 2287 λοφάνους
2441 2216 2551 2291 γὰρ
2580 2216 2772 2293 ἀνδρὸς
2803 2216 3115 2286 φιλοσόφου,
3149 2216 3248 2287 τὴν
3276 2216 3579 2287 θρησκείαν
3608 2216 3725 2268 Ἕλ-

2141 2310 2302 2381 ληνος
2333 2310 2713 2380 τυγχάνοντος,
2753 2310 3087 2381 νεμεσῶντος
3112 2327 3172 2362 τε
3202 2311 3297 2363 xui.
3322 2310 3724 2381 λοιδορουμένου

2253 2404 2542 2475 τρισολείῳ
2577 2402 2753 2475 τούτῳ
2786 2406 2881 2457 καὶ
2911 2402 3329 2475 μεγαλεμπὸρῳ,
3364 2405 3461 2456 xui
3502 2402 3726 2471 ἁξιαγά-

2147 2510 2275 2568 στῳ,
2309 2498 2386 2559 ὠς
2418 2496 2618 2568 ἑταίρῳ
2659 2496 2817 2568 δῆθεν
2843 2495 2959 2549 ὄντι
2990 2496 3229 2566 φιλτάτῳ
3249 2497 3345 2549 xui.
3369 2498 3644 2566 ὁμογενεζ
3663 2494 3725 2548 τὰ

2146 2589 2376 2661 πατρῷα
2439 2589 2537 2660 μὲν
2582 2589 2974 2659 μυσαττομένῳ
3021 2587 3361 2659 σεὸάσματα,
3396 2588 3501 2660 τὴν
3537 2589 3596 2641 δὲ
3626 2588 3726 2641 τῶν

2145 2683 2487 2755 Χριστιανῶν
2521 2682 2877 2753 προτιμῶντι,
2913 2684 3007 2735 καὶ
3041 2684 3299 2753 μετιόντι,
3346 2684 3444 2736 καὶ
3490 2681 3727 2747 ἀσπάζου

2151 2776 2297 2848 μένῳ
2334 2775 2538 2839 πίστιν,
2584 2775 2679 2828 καὶ
2722 2775 2893 2846 αὐτῆς
2935 2774 3422 2844 ἅγωνιστικώτατα
3468 2776 3730 2847 προασπί-

2148 2866 2315 2935 ζοντι,
2351 2870 2444 2922 καὶ
2469 2871 2582 2930 τοῖς
2620 2866 2885 2938 Ἐλλήνων
2911 2867 3056 2922 κατὰ
3084 2868 3193 2922 τῶν
3219 2868 3507 2938 Ἑλλήνωιῖ
3519 2868 3730 2945 χρωμέ-

2148 2976 2244 3033 νῳ·
2279 2961 2378 3032 τὴν
2415 2960 2681 3032 λοιδορίαν
2729 2961 2823 3012 xui.
2868 2960 3086 3029 νέμεσιν
3120 2959 3517 3022 ἀνασκευάζειν
3554 2961 3731 3015 ὑποτι-

2150 3054 2374 3127 θέμενος
2408 3054 2487 3125 τῷ
2524 3052 2738 3116 πολλοῖς
2776 3051 3082 3116 θεοσεϐείας
3119 3054 3213 3106 xui.
3251 3053 3456 3125 ἀρετῆς
3490 3052 3732 3122 τεθηλὸτι

2150 3152 2385 3222 καρποῖς
2405 3148 2773 3220 Πολυκάρπῳ,
2807 3147 2948 3218 πρὸς
2975 3147 3034 3200 ὃν
3053 3149 3147 3200 καὶ
3173 3150 3202 3200 ὁ
3223 3148 3486 3219 coquo-ci};
3505 3150 3732 3203 ἐποιεῖτο

2995 3255 3015 3286 ι
3052 3237 3123 3290 ΣΞ)
3158 3236 3214 3289 δὲ
3244 3241 3351 3308 φῄς
3374 3235 3726 3308 λοιδορεῖσθαί

2153 3345 2244 3398 μοι
2276 3329 2367 3381 τὸν
2395 3328 2654 3398 σοφιστὴν
2685 3318 3104 3398 Ἀπολλοφάνην,
3134 3330 3231 3381 xui.
3256 3328 3595 3400 πατραλοίαν
3617 3332 3734 3382 ἁπο-

2151 3418 2357 3483 καλείν,
2395 3417 2472 3481 ὡς
2523 3421 2634 3481 τοῖς
2686 3418 2952 3486 Ἑλλήνων
2999 3420 3093 3471 ἐπὶ
3143 3420 3270 3483 τοὺς
3308 3420 3583 3490 Ἕλληνας
3644 3421 3735 3491 οὐχ

2150 3510 2312 3572 ὁσίως
2339 3509 2632 3580 χρωμένῳ·
2676 3508 2853 3567 καίτοι
2893 3510 3030 3582 πρὸς
3067 3511 3227 3565 αὐτὸν
3266 3512 3415 3581 ἡμᾶς
3446 3506 3517 3582 ἦν
3550 3511 3734 3582 άληθέ-

2154 3618 2341 3672 στερον
2374 3603 2569 3665 εἰπεῖν,
2606 3601 2683 3664 ὡς
2706 3601 2966 3671 Ἕλληνες
3000 3606 3111 3665 τοῖς
3134 3601 3299 3666 θείοις
3323 3604 3429 3674 οὐχ
3459 3606 3625 3669 ὁσίως
3650 3604 3734 3660 ἐπὶ

2151 3693 2222 3748 τὰ
2253 3693 2370 3746 θεῖα
2405 3692 2661 3763 χρῶνται,
2701 3693 2792 3747 διὰ
2839 3693 2939 3764 τῆς
2986 3695 3174 3763 σοφίας
3202 3694 3296 3749 τοῦ
3337 3694 3475 3749 Θεοῦ
3503 3697 3566 3750 τὸ
3603 3697 3733 3752 θεῖον

2153 3782 2433 3835 ἐκϐάλλειν
2464 3781 2790 3854 πειρώμενοι
2823 3783 3004 3846 σέϐας.
3036 3786 3148 3836 Καὶ
3180 3785 3242 3837 οὐ
3271 3786 3371 3857 τὴν
3398 3786 3512 3841 τῶν
3537 3788 3733 3841 πολλῶν

2153 3875 2329 3944 ἐγωγέ
2361 3893 2503 3947 φημι
2539 3875 2716 3942 δόξαν,
2746 3879 2859 3939 τοῖς
2898 3876 3006 3928 τῶν
3045 3876 3286 3949 ποιητῶν
3327 3879 3615 3950 προσύλως
3650 3881 3737 3934 καὶ

2155 3968 2416 4039 ἐμπαθῶς
2453 3970 2914 4039 ὲναπομενὸντων,
2959 3969 3095 4023 ἀλλά
3143 3971 3235 4023 καὶ
3283 3971 3448 4035 αὐτὸς
3490 3973 3734 4026 Ἀπολλο-

2156 4062 2331 4133 φάνης
2355 4062 2452 4133 οὐχ
2485 4062 2647 4125 ὁσίως
2684 4065 2799 4124 τοῖς
2840 4061 3003 4124 θείοις
3036 4063 3129 4116 ἐπὶ
3158 4063 3230 4115 τὰ
3260 4062 3379 4117 θεῖα
3408 4066 3640 4136 χρῆται*
3670 4068 3731 4139 τῇ

2155 4154 2264 4226 γὰρ
2312 4154 2419 4207 τῶν
2463 4154 2632 4207 ὄντων
2674 4152 2872 4223 γνώσει
2906 4155 3085 4218 καλῶς
3111 4156 3380 4232 λεγομένῃ
3408 4158 3549 4230 πρὸς
3582 4158 3732 4213 αὑτοῦ

2157 4244 2463 4316 φιλοσοφία,
2495 4246 2589 4298 καὶ
2637 4245 2774 4318 πρὸς
2816 4245 2910 4302 τοῦ
2959 4246 3103 4299 θείου
3150 4248 3365 4303 Παύλου
3414 4250 3579 4325 σοφίᾳ
3608 4248 3730 4302 Θεοῦ

2156 4336 2487 4413 κεκλημένῃ,
2510 4337 2645 4409 πρὸς
2665 4337 2756 4390 τὸν
2787 4338 2959 4392 αἴτιον
2993 4342 3087 4393 xui
3117 4341 3296 4400 αὐτῶν
3316 4341 3428 4396 τῶν
3449 4343 3615 4397 ὄντων
3646 4342 3731 4396 καὶ

2156 4430 2255 4500 τῆς
2297 4429 2549 4497 γνώσεως
2598 4430 2776 4489 αὐτῶν
2807 4431 2974 4504 ἐχρῆν
3020 4432 3315 4501 ἀνάγεσθαι
3353 4436 3482 4499 τοὺς
3528 4435 3730 4507 ἀληθεῖς

2160 4521 2501 4595 φιλοσόφους.
2538 4523 2649 4575 Καὶ
2684 4523 2769 4578 ἵνα
2808 4524 2881 4595 μὴ
2915 4524 3013 4595 τὴν
3041 4524 3213 4579 ἄλλων
3242 4525 3277 4597 ἦ
3305 4528 3407 4600 τὴν
3434 4529 3597 4585 αὑτοῦ
3634 4546 3729 4583 πα-

2163 4614 2234 4685 ρὰ
2270 4613 2330 4665 τὸ
2360 4613 2548 4668 δοκοῦν
2585 4612 2923 4685 ἐξελέγχοιμι
2953 4615 3129 4680 δόξαν,
3155 4616 3262 4674 ἔδει
3298 4621 3529 4674 συνιδεῖν
3559 4620 3732 4673 Ἀπολ-

2162 4704 2397 4775 λοφάνην
2443 4705 2604 4775 σοφὸν
2640 4706 2787 4772 ὄντα,
2831 4709 2905 4783 μὴ
2951 4708 3017 4762 ἂν
3065 4710 3239 4773 ἄλλως
3277 4712 3410 4770 ποτὲ
3456 4713 3731 4789 δυνηθῆναι

2162 4798 2261 4868 τῆς
2290 4797 2548 4873 οὐρανίας
2575 4815 2628 4850 τι
2656 4800 3084 4871 παρατραπῆναι
3097 4801 3302 4867 τάξεως
3331 4805 3428 4861 καὶ
3460 4807 3728 4878 κινήσεως,

2165 4890 2215 4941 εί
2240 4889 2315 4967 μὴ
2336 4889 2427 4941 τὸν
2450 4888 2543 4942 τοῦ
2564 4884 2704 4944 εἶναι
2730 4891 2898 4965 αὐτὴν
2920 4892 3015 4949 καὶ
3038 4896 3263 4965 συωχέα
3285 4898 3377 4952 xui.
3399 4899 3569 4953 αίτιον
3589 4899 3732 4969 ἔσχεν

2165 4984 2245 5046 είς
2289 4982 2447 5040 τοῦτο
2488 4982 2760 5047 κινοῦντα,
2798 4984 2888 5041 τὸν
2928 4986 3183 5043 ποιοῦντα
3222 4988 3400 5042 πάντα
3439 4991 3537 5044 xui.
3578 5006 3726 5063 μεταο

2170 5074 2519 5139 σκευάζοντα,
2550 5074 2692 5127 κατὰ
2722 5074 2815 5131 τὸν
2849 5076 2993 5147 ἱερὸν
3018 5077 3194 5149 λόγον.
3226 5078 3354 5141 Πῶς
3379 5076 3475 5134 οὖν
3506 5082 3567 5134 οὐ
3601 5080 3732 5135 σέϐει

2166 5164 2257 5219 τὸν
2303 5164 2643 5236 ἐγνωσμένον
2677 5165 2807 5236 ἡμῖν
2844 5168 2953 5225 κάκ
2992 5167 3087 5223 τοῦ
3125 5169 3277 5234 ὄντος
3305 5170 3437 5225 ὄντα
3474 5172 3582 5226 τῶν
3612 5173 3732 5225 ὅλων

2168 5255 2319 5319 Θεὸν,
2355 5256 2626 5327 ἀγάμενος
2657 5258 2815 5313 αὑτὸν
2851 5258 2951 5330 τῆς
2988 5260 3270 5314 παναιτίου
3310 5263 3406 5316 xui.
3436 5263 3730 5338 ὑπεραῤῥή-

2168 5366 2263 5401 του
2293 5349 2591 5420 δυνάμεως,
2614 5351 2739 5404 ὅταν
2760 5352 2910 5423 ἣλιος
2932 5354 3023 5407 ὑπ’
3046 5355 3211 5409 αὐτοῦ
3233 5358 3330 5411 καὶ
3361 5358 3581 5430 σελήνη,
3607 5355 3729 5411 κατὰ

2170 5440 2397 5514 δύναμιν
2443 5444 2536 5496 xui.
2582 5445 2768 5499 στάσιν
2803 5447 3272 5519 ὑπερφυεστάτην,
3301 5448 3420 5521 ἅμα
3463 5451 3541 5523 τῷ
3589 5449 3731 5504 παντὶ

2173 5532 2309 5606 πρὸς
2354 5534 2416 5586 τὸ
2463 5535 2639 5611 πάντη
2681 5538 2932 5611 ἀκίνητον
2976 5540 3282 5612 ὁρίζωνται,
3312 5543 3409 5600 καὶ
3441 5546 3522 5607 εἰς
3557 5545 3730 5616 μέτρον

2173 5624 2384 5703 ἡμέρας
2412 5625 2538 5700 ὅλης
2573 5626 2665 5681 ἐπὶ
2705 5628 2812 5681 τῶν
2840 5630 3020 5683 αὐτῶν
3066 5632 3263 5687 ἑστῶσι
3305 5633 3375 5687 τὰ
3433 5635 3607 5691 πάντα
3645 5650 3728 5702 ση-

2178 5715 2346 5784 μείων
2368 5732 2383 5781 ;
2410 5736 2429 5767 ι
2459 5719 2565 5771 Καὶ
2589 5719 2723 5789 μετὰ
2744 5720 2969 5792 βραχέαο
2996 5743 3013 5773 ι
3042 5724 3177 5777 Εἰπὲ
3201 5722 3259 5777 δὲ
3288 5726 3465 5797 αὐτῷ·
3486 5726 3550 5780 Τί
3574 5725 3729 5792 λέγεις

2175 5809 2304 5878 περὶ
2329 5809 2428 5880 τῆς
2449 5811 2507 5863 ὲν
2526 5811 2603 5882 τῷ
2623 5815 2874 5885 σωτηρίῳ
2896 5816 3112 5887 σταυρῷ
3130 5819 3416 5885 γεγονυίας
3437 5818 3727 5888 ἐκλείψεως

2190 5900 2506 5981 Ἀμφοτέρω
2535 5903 2644 5980 γὰρ
2672 5906 2817 5974 τότε,
2846 5907 2990 5965 κατὰ
3030 5908 3373 5968 Ἡλιούπολιν
3403 5913 3520 5985 ἃμα
3548 5908 3726 5982 παρόν*
