3886 6574
201 464 298 523 629

1166 467 1346 535 VITA,
1384 463 1710 523 AUCTORE
1743 461 2090 520 MICHAELE
2123 458 2464 518 SYNGELO.

3347 457 3462 514 650-

199 599 284 644 τες
309 599 368 635 τε
404 581 504 636 καὶ
543 582 898 648 συνεστῶτες,
921 581 1240 652 παραδόξως
1277 579 1356 652 τῷ
1394 581 1530 652 ἡλίῳ
1558 579 1654 651 τὴν
1699 595 1765 632 σε·

1888 575 2029 644 Quid
2058 575 2125 630 de
2156 574 2248 630 illo
2278 573 2412 630 solis
2441 571 2678 636 defectu,
2709 571 2805 642 qui
2841 585 2951 642 quo
2981 579 3225 641 tempore
3269 570 3454 638 Domi-

201 676 359 746 λήνην
385 673 781 745 ἐμπίπτουσαν
811 675 1086 747 ἑωρῶμεν·
1114 675 1193 746 (οὐ
1213 671 1400 747 γὰρῆν
1422 673 1637 728 συνόδου
1663 691 1777 726 και-

205 767 340 838 ρόςο)
373 763 534 830 αὖθίς
563 785 625 819 τε
654 767 820 838 αὐτὴν
839 767 944 820 ἀπὸ
963 767 1060 838 τῆς
1084 767 1309 838 ἐννάτης
1340 765 1486 837 ὧρας
1523 765 1649 836 ἄχρι
1681 764 1781 834 τῆς

199 860 434 932 ἑσπέρας
471 863 557 923 είς
599 860 660 914 τὸ
692 860 785 914 τοῦ
818 861 966 932 ἡλίου
998 861 1287 933 διάμετρον
1313 858 1606 932 ὑπερφυῶς
1636 859 1783 912 ἀντι-

199 954 570 1006 καταστᾶσαν.
591 953 922 1025 ’Ᾱνάμνησον
955 953 998 1006 δ’
1021 953 1099 1006 ἔτι
1131 955 1224 1007 καὶ
1247 953 1334 1005 ἐτε
1345 969 1432 1024 ρον
1458 951 1620 1006 αὐτόν
1640 967 1652 979 ·
1673 945 1780 1002 οἶδε

198 1042 321 1114 γὰρ,
345 1044 427 1096 ὅτι
463 1045 563 1097 καὶ
583 1043 682 1114 τὴν
714 1044 990 1114 ἔμπτωσιν
1021 1043 1188 1115 αὐτὴν
1217 1042 1278 1108 ἐξ
1301 1040 1572 1096 ἀνατολῶν
1605 1039 1780 1112 ἑωρά-

196 1151 366 1204 καμεν
394 1133 735 1206 ἀρξαμένην,
759 1136 851 1189 καὶ
876 1136 1032 1208 μέχρι
1063 1135 1157 1189 τοῦ
1192 1133 1415 1208 ἡλιακοῦ
1442 1134 1674 1205 πέρατος
1696 1131 1782 1184 ἐλ-

195 1225 414 1291 θοῦσαν,
453 1221 576 1279 εἷτα
607 1227 1038 1281 ἀνατωδίσασανο
1086 1229 1180 1280 καλ¹
1225 1222 1379 1289 αὖθις
1424 1225 1523 1280 οὐκ
1572 1226 1634 1279 ἐκ
1683 1223 1779 1278 τοῦ

194 1316 355 1369 αὑτοῦ
389 1319 487 1370 καὶ
514 1318 615 1390 τὴν
645 1318 922 1389 ἔμπτωσιν
970 1321 1060 1373 καὶ
1098 1321 1196 1391 τὴν
1225 1317 1618 1389 ἀνακάθαρσιν,
1664 1313 1778 1368 ἀλλ’

194 1410 256 1463 ὲκ
283 1411 375 1463 τοῦ
405 1410 552 1464 κατά
574 1412 862 1482 διάμετρον
889 1413 1127 1466 ἐναντίου
1150 1429 1345 1482 γεγενη
1356 1406 1782 1482 μένην.Τοιαῦτά

194 1502 307 1554 ἐστι
334 1501 429 1555 τοῦ
466 1505 588 1556 τότε
619 1503 811 1575 καιροῦ
845 1504 914 1556 τὰ
942 1505 1214 1575 ὑπερφυῆ,
1242 1504 1337 1556 καὶ
1373 1503 1518 1573 μόνῳ
1560 1499 1781 1572 Χριστῷ

189 1594 266 1664 τῷ
299 1596 573 1666 παναιτίῳ
606 1595 826 1660 δυνατὰ,
860 1597 936 1667 τῷ
970 1595 1208 1650 ποιοῦντι
1245 1596 1454 1668 μεγάλα
1496 1595 1589 1648 καὶ
1633 1593 1780 1656 ἐξαί-

193 1700 302 1748 σια,
326 1678 399 1738 ὧν
425 1687 528 1738 οὐκ
558 1686 706 1739 ἐστιν
740 1686 986 1759 ἀριθμός.
1015 1688 1218 1752 Ταῦτα,
1253 1689 1302 1740 εί
1337 1689 1417 1740 σοι
1441 1685 1678 1756 θεμιτὸν,
1704 1685 1783 1736 εί-

189 1776 278 1839 πέ,
302 1777 418 1842 καὶ,
457 1779 507 1830 εί
542 1778 790 1844 δυνατὸν,
822 1779 1231 1848 Ἀπολλόφανες,
1254 1778 1500 1847 ἐξέλεγχε
1527 1775 1780 1846 καὶπρὸς

189 1871 288 1941 ἐμὲ
318 1871 412 1923 τὸν
444 1871 567 1924 τότε
604 1873 697 1925 καὶ
727 1872 1081 1944 συμπαρόντα
1108 1890 1208 1936 σοι,
1244 1873 1339 1926 καὶ
1373 1868 1773 1942 συνεωρακότα,

189 1963 282 2015 καὶ
309 1962 773 2033 συνανακρίνοντα
800 1965 994 2029 πάντα,
1026 1965 1118 2018 καὶ
1151 1964 1543 2035 συναγάμενον.
1571 1981 1589 2013 ι

1882 686 1987 726 nus
2011 670 2067 723 in
2095 682 2316 722 crucem
2349 672 2505 721 actus
2533 673 2640 729 est,
2671 664 2920 735 contigit,
2952 665 3076 720 ais?
3103 663 3278 722 Ambo
3306 666 3454 721 enim

1882 775 2008 816 cum
2040 758 2182 830 apud
2211 756 2534 828 Heliopolim
2561 763 2856 825 praesentes
2884 755 3045 810 simul
3066 771 3314 812 essemus
3336 763 3454 812 tum

1881 855 2066 909 lunam
2097 852 2199 908 soli
2229 852 2445 908 obviam
2477 850 2801 905 mirabiliter
2829 848 3029 904 factam
3060 850 3279 920 (neque
3306 850 3452 906 enim

1881 959 2186 1002 concursus
2211 951 2426 1013 tempus
2446 949 2608 1014 erat),
2639 948 2694 997 et
2719 939 2965 996 eamdem
2998 957 3194 998 rursus
3223 942 3290 997 ab
3316 943 3455 998 hora

1883 1053 2026 1093 nona
2057 1050 2232 1106 usque
2260 1035 2327 1090 ad
2351 1048 2635 1104 vesperam
2665 1049 2695 1088 e
2720 1032 2943 1104 regione
2969 1033 3100 1088 solis
3129 1048 3224 1103 per
3253 1033 3456 1088 diame-

1879 1138 2026 1185 trum
2077 1127 2476 1184 incredibiliter
2518 1126 2822 1197 oppositam
2867 1126 3160 1196 persistere
3190 1126 3454 1205 cerneba-

1880 1239 2025 1279 mus.
2059 1220 2330 1278 Caeterum
2361 1230 2415 1274 et
2454 1219 2601 1273 aliud
2632 1217 2893 1288 quiddam
2922 1217 3088 1288 hujus
3135 1218 3351 1288 generis
3395 1221 3453 1272 in

1881 1316 2200 1373 memoriam
2230 1313 2377 1368 illius
2402 1326 2619 1367 revoca.
2649 1309 2760 1364 Nos
2785 1309 2928 1364 enim
2956 1308 3124 1380 (quod
3159 1309 3336 1380 ipsum
3362 1309 3454 1364 ille

1882 1423 2102 1479 quoque
2131 1406 2303 1477 novit)
2337 1414 2392 1459 et
2427 1418 2718 1459 occursum
2750 1402 2928 1472 ipsum
2973 1402 3041 1456 ab
3069 1400 3292 1456 Oriente
3339 1415 3453 1457 coa-

1879 1497 2046 1566 pisse,
2079 1505 2133 1550 et
2180 1494 2247 1548 ad
2294 1493 2488 1549 solaris
2519 1492 2769 1561 corporis
2818 1491 2979 1546 ﬁnem
3013 1492 3354 1562 pervenisse,
3387 1507 3452 1547 ac

1882 1588 2100 1643 demum
2151 1584 2444 1655 repedasse
2481 1583 2739 1639 vidimus.
2771 1581 3096 1654 Rursusque
3129 1598 3238 1638 non
3266 1583 3452 1639 eadem

1881 1694 1948 1735 ex
1981 1685 2153 1749 parte,
2185 1677 2280 1734 sed
2312 1692 2342 1732 e
2370 1676 2596 1747 regione
2619 1691 2715 1745 per
2743 1675 3073 1730 diametrum
3104 1684 3158 1731 et
3188 1691 3453 1731 occursus

1880 1781 1934 1826 et
1962 1771 2128 1826 ablati
2160 1770 2382 1826 luminis
2412 1769 2690 1825 restitutio
2735 1767 2878 1823 facta
2918 1778 3024 1825 est.
3072 1767 3197 1824 llaec
3226 1776 3336 1822 tam
3368 1770 3454 1824 in-

1879 1865 2057 1934 gentia
2088 1872 2141 1919 et
2167 1861 2509 1918 incredibilia
2539 1869 2653 1917 tum
2681 1863 2945 1932 temporis
2974 1862 3309 1926 acciderunt,
3333 1877 3454 1932 qua:

1879 1955 2133 2011 Christus
2160 1955 2403 2010 omnium
2451 1962 2664 2019 auctor,
2702 1955 2797 2024 qui
2829 1968 3024 2024 magna
3052 1964 3107 2009 et
3133 1955 3453 2010 admiranda

188 2057 335 2126 facit,
365 2075 491 2129 qua:
515 2059 855 2116 dinumerari
882 2069 1177 2132 nequeunt,
1216 2070 1472 2132 praestare
1503 2058 1654 2113 solus
1697 2060 1879 2126 potest
1909 2068 1923 2104 :
1973 2056 2108 2115 haec,
2159 2050 2381 2120 inquam
2425 2047 2542 2120 (id,
2569 2048 2616 2104 si
2645 2047 2767 2112 tibi,
2811 2047 3110 2119 Polycarpe
3132 2088 3146 2113 ,
3195 2049 3446 2113 licuerit,

187 2150 263 2204 illi
293 2152 489 2224 dicito)
526 2161 583 2207 et
623 2154 670 2209 si
698 2153 812 2209 fieri
840 2161 1039 2223 potest,
1091 2153 1517 2224 Apollophanes,
1580 2150 1695 2204 haec
1737 2146 1998 2203 falsitatis
2049 2158 2237 2214 argue,
2289 2142 2587 2212 etquidem
2622 2151 2814 2197 contra
2851 2159 2937 2198 me
2976 2144 3069 2212 qui
3111 2151 3226 2197 tum
3270 2151 3449 2199 tecum

184 2245 429 2310 aderam,
460 2247 742 2318 simulque
783 2250 966 2302 omnia
1017 2256 1195 2302 tecum
1234 2245 1518 2316 perpendi,
1543 2252 1596 2298 et
1647 2257 1775 2297 cum
1813 2239 2176 2296 admiratione
2209 2235 2510 2306 spectavi.»

253 2333 470 2395 Παύλου
496 2344 677 2397 τοίνυν
712 2345 935 2408 στάντος
967 2347 1023 2397 ἐν
1054 2345 1201 2416 μέσῳ
1229 2344 1322 2395 τοῦ
1361 2342 1567 2414 Ἀρείου
1597 2341 1765 2408 πάγοι

1949 2335 2086 2390 Cum
2119 2334 2286 2405 igitur
2313 2332 2516 2388 Paulus
2547 2333 2602 2386 in
2632 2331 2870 2388 medium
2900 2332 3167 2403 Areopagi
3217 2331 3454 2403 prodiis-

181 2433 277 2484 καὶ
311 2434 909 2505 παρῤησιαστικὼτατα
949 2433 1395 2505 διαγορεύσαντος
1424 2448 1437 2462 ο
1494 2451 1512 2483 ‹
1545 2429 1768 2500 Ἀνδρες

194 2521 488 2592 Ἀθηναῖοι,
517 2522 660 2576 κατά
692 2523 865 2578 πάντα
901 2525 976 2588 ὡς
1013 2521 1592 2593 δεισιδαιμονεστέρους
1624 2521 1770 2589 ὑμᾶς

182 2613 399 2687 θεωρῶ⁸
448 2615 796 2687 διερχόμενος
836 2616 944 2688 γὰρ
989 2619 1083 2670 καὶ
1127 2614 1450 2686 ἀναθεωρῶν
1495 2613 1563 2666 τὰ
1604 2611 1767 2665 σεϐά-

183 2721 360 2776 σματα
413 2700 777 2777 ὑμῶνμεῦρον
823 2708 916 2759 καὶ
963 2706 1143 2777 βωμὸν
1195 2709 1251 2760 ἐν
1289 2699 1333 2774 ᾧ
1365 2703 1764 2774 ἐπεγέγραπτο⁹

193 2797 500 2869 Ἀγνώστῳ
537 2798 672 2864 Θεῷ.
718 2802 812 2853 Ὃν
845 2796 936 2853 οῦν
969 2799 1285 2869 ἀγνοοῦντες
1310 2797 1604 2862 εὐσεϐεῖτε,
1644 2796 1770 2849 τοῦ-

179 2907 264 2944 τον
292 2890 407 2956 ἐγὼ
429 2890 787 2959 καταγγέλλω
816 2893 941 2962 ὑμῖν
961 2909 973 2922 ο
1014 2912 1032 2943 ›
1058 2893 1166 2945 Καὶ
1196 2889 1292 2962 τὴν
1326 2889 1450 2960 ἐξῆς
1479 2888 1768 2960 θεηγορίαν

180 2981 467 3048 διεξιόντος
515 2982 764 3036 ἃπασαν·
811 2985 1011 3047 εὐθέως
1053 2979 1206 3048 οὗτος
1249 2989 1276 3038 ὁ
1323 2981 1770 3054 Θαυμασιώτατος

179 3074 333 3145 ἀνὴρ,
364 3073 444 3137 ὡς
480 3074 771 3144 οὐρανόθεν
803 3076 1221 3148 διηγορευμένον
1245 3077 1335 3129 τὸν
1363 3077 1518 3144 λόγον
1541 3074 1772 3144 δεξάμε-

178 3183 280 3229 νος,
332 3166 712 3231 ἀδιάσπαστος
753 3168 917 3222 αὑτοῦ
965 3169 1186 3238 γέγονεν
1229 3169 1444 3232 όπαδός.
1490 3169 1599 3222 Καὶ
1633 3170 1770 3223 πᾶσι

180 3261 272 3329 μὲν
325 3261 506 3332 ἄρδην
557 3266 670 3325 τοῖς
714 3262 1046 3334 Ἑλληνικοῖς
1089 3264 1293 3336 ὀργίοις
1322 3282 1381 3316 τε
1411 3266 1504 3317 καὶ
1551 3263 1771 3334 θεσμοῖς

174 3352 570 3418 ἀποτάσσεται,
608 3356 701 3408 καὶ
746 3356 1005 3409 παντοίαν
1049 3355 1373 3429 δαιμονιώδη
1428 3357 1636 3428 πλάνην
1673 3374 1772 3427 μυυ

177 3443 460 3498 σάττεται*
513 3446 614 3517 τὴν
664 3447 914 3518 οὐράνιον
963 3447 1018 3500 δὲ
1076 3449 1372 3519 μαθητείαν
1427 3449 1768 3520 μετέρχεται,

176 3535 263 3588 καὶ
297 3536 668 3607 στοιχειοῦται
703 3543 823 3601 ταῖς
853 3538 962 3592 τῶν
999 3539 1174 3609 ὀρθῶν
1211 3540 1496 3611 δογμάτων
1541 3543 1635 3595 καὶ
1673 3544 1773 3614 τῆς

172 3627 541 3699 εὑαΠελικῆς
567 3628 913 3692 διδασκαλίας
945 3632 1334 3702 στοιχειώσεσι,
1363 3635 1457 3687 καὶ⁸
1489 3633 1587 3705 τὴν
1619 3633 1772 3705 ἀμώ-

1871 2436 1974 2493 set,
2016 2443 2079 2483 ac
2114 2428 2265 2482 omni
2310 2443 2436 2481 cum
2487 2425 2686 2481 ﬁducia
2727 2426 2958 2496 loquens
2989 2427 3196 2481 diceret
3234 2446 3246 2481 :
3282 2444 3302 2477 ι
3335 2425 3452 2480 Viri

1869 2519 2253 2584 Athenienses,
2291 2519 2347 2572 in
2372 2517 2630 2573 omnibus
2661 2525 2918 2589 tanquam
2951 2518 3450 2589 superstitiosiores

1869 2627 1966 2667 vos
1995 2611 2153 2667 video
2188 2631 2200 2666 :
2235 2611 2554 2683 prateriens
2586 2610 2757 2674 enim,
2787 2618 2841 2665 et
2879 2610 3061 2665 cultus
3083 2618 3301 2665 vestros
3323 2625 3450 2664 cou-

1870 2704 2162 2774 templans,
2201 2718 2350 2757 aram
2382 2718 2600 2774 quoque
2623 2703 2799 2772 reperi
2852 2702 2907 2756 in
2968 2717 3077 2774 qua
3122 2703 3452 2774 inscriptum

1870 2804 1988 2850 erat
2021 2815 2035 2850 :
2071 2795 2260 2866 Ignoto
2289 2794 2420 2851 Deo.
2457 2795 2628 2860 Quem
2672 2795 2838 2864 igitur
2884 2795 3198 2865 ignorantes
3245 2796 3448 2857 colitis,

1871 2887 2017 2942 hunc
2046 2903 2146 2958 ego
2176 2888 2330 2944 vobis
2370 2889 2656 2944 annuntio.
2696 2907 2714 2939 ι
2751 2887 3000 2958 Cumque
3029 2887 3235 2942 Paulus
3285 2887 3449 2959 367

1869 2995 2086 3036 omnem
2119 2981 2357 3036 divinam
2388 2981 2708 3036 concionem
2736 2981 3121 3051 percurrisset,
3155 2979 3448 3034 confestim

1868 3072 1952 3126 vir
1981 3072 2073 3126 hic
2102 3072 2339 3128 maxime
2369 3071 2774 3142 suspiciendus,
2809 3071 2954 3125 hunc
2988 3084 3296 3126 sermonem
3327 3077 3450 3124 tan-

1870 3147 2040 3235 quam
2069 3163 2286 3218 coalitus
2316 3163 2700 3218 annuntiatum
2740 3162 2983 3232 suscepit
3026 3160 3450 3231 individuusque

1872 3252 1993 3322 ejus
2031 3259 2334 3306 assectator
2380 3250 2606 3306 effectus
2652 3257 2757 3305 est.
2800 3251 2881 3304 Ac
2926 3249 3181 3305 omnibus
3228 3249 3448 3320 quidem

1873 3343 2151 3414 mysteriis
2181 3343 2452 3414 simulque
2475 3343 2673 3404 ritibus
2706 3341 2950 3413 profanis
2979 3342 3232 3396 nuntium
3262 3341 3446 3396 remit-

1873 3443 2019 3501 tens,
2052 3435 2407 3504 multiplicem
2437 3433 2746 3488 daemonum
2773 3447 3015 3489 errorem
3047 3431 3372 3496 detestatur,
3395 3439 3451 3487 et

1873 3529 2152 3584 cmlestem
2175 3527 2521 3598 disciplinam
2549 3527 2805 3598 capessit.
2825 3525 2982 3582 Vera:
3010 3525 3140 3580 item
3171 3524 3450 3596 religionis

1874 3619 2160 3684 institutis,
2193 3618 2644 3690 Evangelicaeque
2684 3616 2948 3673 doctrinae
2977 3616 3136 3687 quasi
3164 3616 3449 3671 elementis

175 3734 339 3786 μητον
367 3719 558 3772 πίστιν
587 3719 984 3786 ἐκδιδάσκεται,
1021 3721 1114 3774 καὶ
1141 3726 1207 3795 τῇ
1242 3722 1335 3777 τοῦ
1365 3721 1629 3788 ζωοποιοῦ
1669 3723 1764 3793 βα-

1875 3712 2140 3768 imbuitur
2167 3719 2221 3767 et
2252 3711 2603 3774 informatur,
2627 3710 2962 3779 inculpatam
2987 3709 3143 3763 (idem
3166 3708 3446 3772 educetur,

172 3812 478 3881 πτίσματος
525 3811 917 3884 ἀναγεννητικῇ
969 3813 1324 3886 κολυμϐήθρᾳ
1376 3817 1756 3889 προσέρχεται,

171 3902 261 3953 καὶ
285 3902 382 3954 τὸν
410 3898 741 3972 διεφθαρότα
767 3901 994 3956 παλαιὸν
1022 3903 1303 3974 ἄνθρωπον
1333 3906 1644 3970 ἀποδύεται,
1667 3909 1760 3961 καὶ

168 3989 403 4062 Χριστὸν
434 3991 618 4054 αὑτὸν,
652 3992 742 4045 τὸν
775 3992 876 4063 τῆς
902 3993 1048 4066 ζωῆς
1077 3996 1338 4066 ἀρχηγὸν,
1368 3997 1629 4063 ἐνδύεται,
1665 4001 1758 4053 καὶ

170 4084 594 4149 ἀναπλάττεται,
625 4085 716 4136 καὶ
743 4085 862 4139 ἀντὶ
895 4086 1080 4140 δούλου
1108 4087 1345 4159 φθαρτοῦ
1390 4090 1484 4143 καὶ
1515 4090 1760 4164 φθαρτῆς

171 4175 371 4246 σαρκὸς
393 4175 539 4239 υἱοῦ,
568 4175 668 4247 τῆς
690 4177 944 4230 ἁκτίστου
981 4179 1074 4232 καὶ
1105 4179 1405 4252 ἀφθάρτου,
1440 4184 1758 4238 πανταιτίου

167 4282 223 4318 τε
264 4268 362 4320 καὶ
392 4268 818 4338 παντεργέτιδος
858 4271 1144 4341 ὁμοουσίου
1177 4273 1502 4345 δέσποτα-ῆς
1533 4276 1759 4348 Τριάδος

171 4359 278 4423 υίὸς
303 4359 540 4429 γίνεται,
573 4361 667 4414 καὶ
693 4361 1103 4435 ἀφθαρτίςεται,
1131 4367 1225 4419 καὶ
1265 4367 1326 4420 τὸ
1363 4369 1469 4420 τῶν
1512 4369 1758 4441 ὀφλημά-

174 4469 269 4505 των
298 4452 552 4525 χάρισμα
584 4453 886 4524 κομίζεται,
913 4459 1006 4510 καὶ
1037 4458 1104 4511 τὰ
1128 4459 1227 4530 τῆς
1254 4459 1562 4533 ἐλευθερίας
1587 4464 1758 4518 υἱοθε-

172 4544 287 4609 σίας
335 4563 398 4598 τε
447 4547 544 4598 καὶ
589 4545 905 4611 δεσποτείας
947 4553 1311 4618 φωτεινότατα
1359 4554 1599 4625 σύμϐολα
1631 4574 1758 4627 μετ-

167 4637 571 4706 αμφιέννυται,
629 4640 723 4692 καὶ
783 4639 878 4693 τοῦ
937 4641 1143 4696 τελείου
1209 4644 1561 4710 καταξιοῦται
1591 4688 1606 4712 ,
1663 4649 1757 4702 καὶ

167 4731 275 4793 τοῖς
307 4727 407 4782 τοῦ
445 4729 624 4798 φωτὸς
642 4729 826 4794 ὅπλοις
842 4731 1224 4803 θωρακίξεται,
1245 4735 1424 4789 καὶτὰ
1450 4737 1754 4792 τελεώτατα

171 4818 262 4888 τῆς
285 4819 553 4874 ἀνωτάτω
573 4821 770 4892 σοφίας
801 4829 1237 4894 μυσταγωγεῖται
1265 4831 1554 4902 μυστήρια.
1576 4832 1756 4886 Ἀπεν-

168 4912 352 4965 τεῦθεν
387 4912 488 4984 ἤδη
519 4913 764 4984 πρόεισιν
791 4917 882 4969 ἐπὶ
916 4916 1013 4989 τὴν
1043 4919 1137 4972 τοῦ
1166 4921 1487 4991 ἀμπελῶνος
1513 4924 1755 4996 καλλιερ-

167 5002 309 5070 γίαν,
337 5003 434 5057 καὶ
463 5004 563 5076 τῆς
588 5004 696 5058 τῶν
728 5007 1096 5078 εὐαγγελικῶν
1123 5013 1470 5084 ἐνταλμάτων
1492 5018 1754 5087 ἐργασίας

168 5094 414 5158 ἅπτεται,
452 5097 547 5149 καὶ
577 5097 676 5169 τὴν
711 5099 1152 5174 ἀγγελομίμητον
1189 5107 1397 5176 μέτεισι
1437 5109 1711 5164 πολιτείαν
1733 5151 1748 5175 ,

169 5186 257 5238 καὶ
302 5189 436 5259 παρ’
480 5187 721 5259 Ἱεροθέῳ
772 5190 850 5261 τῷ
899 5191 1178 5266 θεολήπτῳ
1211 5199 1368 5270 φοιτᾷ
1416 5197 1750 5269 καθηγεμόνι

171 5274 248 5346 (οὗ
280 5280 377 5332 καὶ
408 5280 480 5333 δι’
513 5282 804 5351 ἐγκωμίων
825 5283 988 5347 αὐτὸς
1010 5287 1067 5336 ἐν
1089 5289 1200 5350 τοῖς
1229 5286 1556 5357 θεολογικοῖς
1583 5289 1745 5346 αὑτοῦ

174 5369 442 5442 μέμνηται
479 5373 918 5446 συγγράμμασιή
953 5376 1184 5442 καὶτοῖς
1210 5379 1350 5433 κατά
1389 5380 1520 5435 Θεὸν
1563 5359 1765 5454 διαϐήί

173 5475 300 5528 μασι
330 5462 739 5534 καταρτίζεται.

238 5551 383 5623 Πρὸς
415 5551 473 5604 δέ
501 5554 629 5616 τοὺς
660 5554 758 5624 τῆς
785 5557 1112 5631 ἐγκρατείας
1156 5559 1250 5612 καὶ
1283 5560 1572 5632 ἀσκήσεως
1603 5563 1751 5630 ἀγῶ-

169 5659 260 5706 νας
291 5647 482 5715 χωρεῖ,
511 5645 604 5696 καὶ
641 5649 818 5702 πᾶσαν
852 5653 1083 5704 ποιεῖται
1114 5652 1340 5722 κομιδὴν
1377 5641 1477 5724 τῆς
1521 5654 1614 5708 τοῦ
1645 5654 1750 5708 δώ-

171 5749 262 5802 ρου
295 5736 602 5805 τηρήσεως,
634 5737 726 5789 καὶ
757 5739 834 5811 τῷ
861 5740 1220 5813 δεδωρημένῳ
1251 5743 1437 5815 δοτῆρι
1475 5745 1583 5798 τῶν
1609 5745 1750 5800 ἐάων

171 5827 412 5896 καρποὺς
445 5828 721 5897 ἐπείγεται
752 5833 1060 5906 προσοίσειν
1086 5836 1184 5906 τῆς
1208 5835 1584 5908 ἀγαθαρχικῆς
1611 5839 1748 5891 ἐπα-

172 5917 309 5986 ξίους
329 5920 686 5992 ἀταθότητος,
719 5925 811 5977 καὶ
834 5925 969 5996 πρὸς
997 5926 1086 5981 τὸν
1113 5927 1401 5984 ἀντίπαλον
1432 5931 1532 6001 τῆς
1553 5933 1584 6003 ἡ
1595 5932 1750 6002 μετέ-

1861 3812 1916 3860 et
1967 3805 2035 3859 ad
2081 3805 2362 3859 lavacrum
2392 3802 2762 3874 baptismatis,
2793 3816 2903 3872 quo
2933 3815 3344 3872 regeneramur,
3373 3802 3448 3856 v3-

1862 3907 2085 3968 tamque
2134 3898 2455 3967 recipimus,
2488 3895 2722 3962 accedit,
2753 3903 2807 3950 et
2839 3902 3070 3950 veterem
3125 3901 3446 3962 corruptum

1860 3989 2137 4044 hominem
2169 3990 2341 4054 exuit,
2364 3990 2656 4060 ipsumque
2681 3986 2962 4044 Christum
2994 3986 3116 4040 vitae
3138 3999 3326 4039 amore
3359 3984 3446 4038 in-

1859 4082 2035 4138 duens
2063 4081 2421 4148 reformatur,
2449 4092 2502 4139 et
2529 4099 2629 4155 pro
2659 4097 2817 4138 servo
2847 4088 3126 4152 corrupto,
3164 4088 3218 4135 et
3250 4095 3445 4134 corru-

1860 4179 1966 4242 pta:
1994 4173 2179 4229 carnis
2227 4173 2359 4240 lilio,
2391 4175 2650 4230 increatae
2677 4182 2731 4230 et
2761 4175 3096 4244 incorruptae
3130 4171 3440 4237 Trinitatis,

1859 4263 2214 4335 ejusdemque
2245 4266 2592 4331 substantiae,
2617 4267 2776 4337 cujus
2805 4266 3052 4337 potentia
3075 4275 3272 4321 cuncta
3296 4267 3443 4322 edita

1861 4362 2009 4420 sunt,
2040 4363 2094 4410 et
2122 4365 2330 4422 creata,
2368 4357 2514 4412 filius
2543 4355 2793 4423 eﬂicitur,
2827 4365 2989 4428 atque
3018 4357 3087 4412 ad
3115 4359 3439 4413 immortali-

1858 4455 2048 4511 tatem,
2101 4457 2358 4519 percepta
2411 4449 2724 4505 debitorum
2780 4466 3005 4506 suorum
3064 4450 3389 4506 remissione
3420 4489 3438 4516 ,

1860 4542 2222 4609 transcendit,
2255 4543 2551 4608 libertatis,
2585 4543 2919 4616 adoptionis,
2960 4546 3257 4617 herilisque
3286 4555 3442 4617 pote-

1857 4633 2015 4688 statis
2068 4634 2332 4706 symbolis
2379 4635 2710 4692 clarissimis
2753 4641 3115 4702 convestitur,
3161 4645 3214 4693 et
3242 4638 3441 4709 dignus

1857 4724 1951 4794 qui
1978 4724 2121 4779 inter
2147 4725 2420 4797 perfectos
2452 4733 2765 4795 censeatur,
2797 4729 2965 4784 armis
2992 4727 3134 4784 lucis
3173 4730 3439 4792 munitur,

1856 4828 1910 4872 et
1937 4816 2355 4886 perfectissimis
2401 4819 2720 4876 celsissima:
2771 4821 3053 4892 sapientiae
3085 4822 3304 4877 arcanis
3331 4822 3438 4875 ini-

1858 4909 2046 4965 tiatur.
2084 4909 2224 4965 Hinc
2257 4910 2324 4964 ad
2353 4911 2781 4982 pulcherrimam
2809 4913 2983 4968 vinea:
3009 4913 3278 4968 culturam
3311 4927 3439 4982 pro-

1857 5003 2023 5066 cedit,
2071 5001 2420 5073 disciplinam
2469 5004 2841 5074 evangelicam
2891 5005 3053 5061 factis
3095 5006 3434 5074 exsequitur,

1860 5095 2074 5152 vivendi
2099 5097 2412 5152 institutum
2441 5111 2542 5170 par
2567 5096 2774 5167 angelis
2797 5099 3135 5168 aggreditur,
3159 5105 3214 5150 et
3237 5098 3292 5150 in
3311 5095 3438 5151 Hie-

1858 5190 2039 5245 rothei
2079 5190 2264 5245 divino
2293 5189 2518 5244 numine
2541 5188 2707 5243 aiilati
2729 5190 3081 5260 praeceptoris
3111 5189 3193 5243 sui
3219 5188 3307 5259 (de
3326 5204 3436 5258 quo

1856 5285 1973 5353 ipse
2029 5298 2248 5354 quoque
2303 5283 2362 5338 in
2417 5283 2740 5356 theologicis
2794 5285 3014 5354 scriptis
3053 5297 3267 5339 summa
3306 5298 3432 5336 cum

1857 5374 2016 5430 laude
2063 5375 2393 5430 mentionem
2447 5373 2616 5440 facit)
2667 5375 3012 5444 disciplinam
3060 5389 3119 5428 se
3163 5373 3353 5438 tradit,
3379 5385 3434 5431 et

1859 5465 2104 5536 ejusdem
2135 5464 2338 5522 divinis
2366 5467 2812 5522 institutionibus
2839 5465 3108 5520 eruditur.

1925 5558 2097 5614 Porro
2137 5561 2194 5614 in
2226 5564 2529 5618 exercenda
2563 5559 2899 5614 continentia
2937 5557 3234 5625 plurimum
3266 5558 3428 5615 desu-

1856 5651 1970 5717 dat,
2005 5668 2330 5722 omnemque
2353 5669 2540 5707 curam
2567 5653 2623 5706 in
2649 5665 2713 5706 eo
2740 5650 2859 5718 ipso
2885 5649 3030 5704 dono
3052 5654 3429 5710 conservando

1856 5746 2140 5816 impendit,
2173 5755 2228 5801 et
2278 5745 2491 5800 fructus
2540 5743 2783 5798 bonitate
2811 5742 3084 5812 pmipua
3111 5743 3307 5816 dignos
3345 5746 3427 5800 af-

1855 5839 2001 5895 ferre
2043 5839 2282 5913 gratioso
2327 5839 2595 5894 donorum
2637 5834 2884 5906 largitori
2939 5845 3194 5893 conatur.
3221 5837 3427 5894 Contra

1862 5932 1986 5990 vita:
2027 5949 2088 5991 ac
2132 5933 2324 6000 salutis
2359 5941 2560 5990 nostra:
2591 5929 2962 5988 adversarium
2990 5928 3253 5989 decertat.
3284 5931 3426 5989 Edo.
3486 5962 3500 5977 μ
