3886 6540
476 389 579 448 031

1651 389 1710 450 S.
1747 390 2050 449 DIONYSII
2081 392 2548 452 AREOPAGITAE

3631 399 3735 460 653

476 523 600 572 etus
638 521 726 572 est
766 511 912 571 enim
943 510 1219 583 quomodo
1260 525 1360 582 per
1401 511 1808 569 immersionem
1845 512 1902 568 in
1927 510 2036 567 πυτ.

2161 530 2258 584 ρας
2289 511 2434 583 ζωῆς
2466 514 2561 566 καὶ
2595 513 2865 587 σωτηρίας
2892 512 3310 583 ἀνταγωνίζεται
3328 529 3340 544 ·
3369 513 3736 585 μεμυσταγώ-

474 608 619 665 dane
653 607 873 665 llumine
900 605 1110 675 peccati
1144 604 1292 676 quod
1318 605 1391 661 ab
1414 604 1621 662 Adamo
1659 606 2052 674 contraximus,

473 709 531 755 et
567 708 778 757 natura
805 697 1053 753 mortalis
1081 698 1426 769 purgatione,
1456 698 1602 769 quod
1644 699 1911 762 muneris,
1938 698 2055 769 ipse

472 794 568 863 qui
615 792 847 848 lavacris
890 806 1001 847 non
1031 790 1327 862 indigebat,
1361 794 1628 850 innocens
1673 800 1728 849 et
1765 803 2050 863 purgatus,

473 885 640 941 nobis
683 885 984 956 impertivit
1029 898 1215 939 rerum
1262 884 1508 939 omnium
1555 891 1768 949 auctor,
1804 884 2055 955 provisor

476 978 792 1049 unigenitus
821 976 917 1032 Dei
940 974 1135 1042 Filius,
1164 976 1404 1032 Verbum
1432 976 1550 1041 Dei,
1571 977 1717 1047 quod
1740 992 1865 1031 cum
1891 973 2055 1032 Patre

477 1067 748 1139 principio
783 1073 951 1131 caret,
977 1070 1398 1138 sempiternum,
1419 1066 1774 1138 ejusdemque
1795 1066 2054 1123 substanv

476 1159 585 1226 tiae,
608 1160 868 1231 splendor
882 1161 1089 1233 gloriae,
1100 1168 1155 1216 et
1179 1159 1353 1215 forma
1374 1175 1496 1232 qua
1514 1159 1653 1215 nihil
1675 1174 1707 1213 a
1726 1158 1904 1214 Patris
1920 1160 2053 1217 sub-

473 1254 680 1313 stantia
714 1254 919 1313 differt.
947 1253 1051 1322 Qui
1089 1268 1216 1312 cum
1258 1254 1536 1310 hominem
1576 1252 1735 1324 juxta
1771 1254 2051 1325 propriam

474 1344 769 1418 imaginem
792 1354 848 1403 et
864 1344 1276 1402 similitudinem
1297 1345 1658 1411 condidisset,
1682 1345 1840 1416 isque
1877 1345 2051 1401 invidi

474 1437 653 1493 hostis
690 1438 929 1502 insidiis,
953 1438 1048 1510 qui
1088 1447 1372 1508 peccatum
1418 1437 1476 1493 in
1516 1438 1706 1494 orbem
1728 1437 1942 1508 primus
1965 1437 2051 1492 in-

472 1528 645 1595 vexit,
669 1544 735 1585 ac
755 1530 1003 1587 mulieris
1025 1529 1248 1585 hortatu
1289 1527 1507 1586 Domini
1551 1534 1878 1599 praeceptum
1916 1542 2050 1582 cono

472 1622 807 1693 tempsisset,
833 1621 999 1697 338
1041 1630 1097 1677 et
1142 1630 1369 1693 peccato
1399 1621 1638 1691 pollutus
1668 1621 1736 1675 ad
1765 1620 2049 1677 interitum

471 1716 764 1787 prolapsus
787 1725 954 1779 esset,
984 1730 1095 1772 non
1144 1715 1298 1769 illum
1342 1713 1614 1788 despexit,
1646 1713 1742 1769 sed
1776 1727 2050 1783 propensa

471 1802 653 1861 Patris
681 1805 989 1869 affectione,
1027 1806 1302 1876 simulque
1350 1807 1407 1861 in
1458 1806 1563 1863 hoc
1616 1804 1824 1877 Spiritu
1855 1813 2048 1862 sancto

2155 621 2318 677 γηται
2349 604 2458 677 γὰρ
2495 605 2570 669 ὡς
2604 605 2740 676 μετά
2780 605 2877 677 τὴν
2910 608 2966 660 ἐν
2994 608 3107 670 τοῖς
3146 604 3473 677 Ἰορδανείοις
3501 604 3735 679 ῥείθροις

2153 695 2252 767 τῆς
2296 695 2610 765 Ἀδαμιαίας
2631 697 2902 769 ἁμαρτίας
2929 697 3240 761 κατάδυσιν,
3253 703 3346 751 καὶ
3366 697 3465 767 τῆς
3485 696 3734 770 βροτείας

2155 784 2369 857 φύσεως
2394 786 2679 860 κάθαρσιν,
2712 788 2779 859 ἢν
2811 788 2939 859 ἡμῖν
2978 786 3394 860 ὲπρυτάνευοεν,
3428 787 3595 848 αὐτὸς
3635 806 3734 842 κα-

2154 877 2396 952 θαρθεὶς,
2430 881 2458 935 ό
2486 879 2796 953 καθαρσίων
2834 881 2908 953 μὴ
2940 881 3208 952 δεόμενος,
3236 884 3265 938 ό
3294 881 3403 934 τῶν
3442 879 3614 935 ὄντων
3646 880 3733 934 αἴ-

2151 984 2265 1032 τιος
2314 968 2405 1021 καὶ
2444 967 2779 1039 προμηθεὺς,
2811 967 2904 1025 τοῦ
2950 967 3085 1023 Θεοῦ
3129 968 3417 1044 μονογενὴς
3462 968 3595 1032 Υἱὸς
3640 970 3733 1023 καὶ

2151 1066 2322 1136 Λόγος
2336 1066 2429 1120 τοῦ
2457 1066 2611 1132 Θεοῦ,
2625 1070 2653 1123 ό
2666 1067 2746 1142 τῷ
2766 1069 3114 1139 γεγεννηκότι
3141 1068 3473 1145 συνάναρχος
3488 1067 3583 1120 καὶ
3611 1084 3733 1121 συνο

2151 1159 2339 1223 α’ίδιος,
2362 1159 2456 1213 καὶ
2488 1159 2790 1234 ὁμοούσιος,
2827 1162 2919 1214 καὶ
2946 1158 3230 1235 χαρακτὴρ
3263 1160 3526 1231 ὑπάρχων
3554 1159 3733 1233 ἀπαρ-

2149 1251 2413 1316 άλλακτος
2451 1252 2550 1324 τῆς
2587 1252 2860 1325 πατρικῆς
2910 1254 3278 1317 ὑποστάσεως,
3319 1252 3413 1309 καὶ
3444 1252 3545 1324 τῆς
3576 1249 3733 1322 δόξης

2150 1341 2507 1413 ἀπαύγασμαο
2525 1343 2554 1394 ό
2572 1344 2689 1396 κατ’
2707 1342 2912 1400 οἰκείαν
2937 1344 3038 1414 μὲν
3062 1343 3266 1407 εἰκόνα,
3292 1342 3385 1397 καὶ
3404 1341 3528 1398 καθ’
3544 1342 3734 1413 ὁμοίων

2152 1448 2237 1490 σιν
2264 1432 2474 1497 πλάσας
2506 1433 2596 1486 τὸν
2626 1433 2933 1506 ἄνθρωποψ
2964 1433 3153 1487 τοῦτον
3185 1434 3243 1487 δὲ
3274 1432 3353 1504 τῷ
3389 1432 3486 1487 τοῦ
3525 1432 3729 1505 δυσμε-

2148 1524 2273 1589 νοῦς
2295 1526 2606 1601 ἀρχεκάκου
2630 1525 2919 1599 δράκοντος
2938 1525 3279 1597 δελεάσματι,
3309 1526 3403 1582 καὶ
3424 1528 3492 1597 τῇ
3513 1524 3617 1595 τῆς
3638 1541 3733 1593 γυο

2148 1618 2331 1682 ναικὸς
2362 1618 2612 1693 ἐπηρείᾳ,
2640 1619 2739 1693 τὴν
2769 1618 3091 1693 δεσποτικὴν
3125 1617 3340 1690 ἐντολὴν
3367 1616 3729 1690 ἀθετήσαντα,

2149 1709 2244 1763 καὶ
2291 1712 2357 1781 τῇ
2410 1710 2654 1786 ἁμαρτίᾳ
2699 1711 3159 1783 καταχρανθέντα,
3195 1711 3289 1763 καὶ
3331 1708 3473 1784 πρὸς
3526 1708 3729 1780 φθορὰν

2092 1818 2115 1885 ‘_
2148 1808 2610 1882 κατολισθήσαντα
2633 1810 2708 1885 μὴ
2730 1808 2989 1884 παριδὼν,
3006 1809 3120 1868 ἀλλ’
3143 1809 3358 1882 εὐδοκία
3380 1810 3477 1865 τοῦ
3495 1809 3728 1881 Πατρὸς,

471 1896 773 1964 adnitente,
809 1897 1070 1953 ineffabili
1103 1897 1464 1955 humanitatis
1492 1898 1741 1953 ubertate
1765 1913 1831 1953 ex
1869 1905 2036 1967 pater-

2148 1903 2243 1955 καὶ
2271 1878 2530 1975 συνεργία
2546 1878 2647 1956 τοιέ
2677 1878 2833 1972 ἀγίου
2858 1901 3174 1973 Πνεύματος
3200 1899 3288 1957 διὰ
3319 1878 3729 1972 φιλανθρωπίας

472 1985 561 2045 nis
595 1985 808 2044 sinibus
835 1986 1119 2043 descendit
1145 2005 1160 2042 ι
1185 1987 1330 2043 unde
1352 1994 1532 2044 tamen
1559 1987 1606 2042 is
1634 2002 1743 2042 non
1770 1986 2046 2053 discessit,

471 2076 567 2149 qui
618 2076 803 2132 omnia
848 2078 1055 2148 implet,
1087 2091 1117 2131 a
1153 2079 1302 2135 nulla
1331 2094 1391 2135 re
1417 2079 1889 2151 circumscriptus,
1920 2094 2047 2137 cum

471 2167 770 2226 descensus
796 2170 1015 2225 divinus
1056 2185 1167 2226 non
1208 2185 1275 2225 ex
1304 2170 1410 2225 loci
1440 2171 1740 2226 mutatione
1771 2171 2046 2242 intelliga-

470 2266 580 2316 tur.
611 2259 824 2333 Apage!
860 2260 977 2333 Qua
1008 2261 1156 2317 enim
1189 2262 1402 2317 ratione
1431 2261 1766 2317 descendere
1816 2262 1865 2317 is
1912 2277 2045 2335 pos-

464 2362 569 2415 set,
600 2353 693 2423 qui
744 2361 800 2410 et
844 2368 1076 2425 corpore
1107 2360 1278 2417 caret,
1312 2360 1367 2408 et
1395 2354 1544 2409 nullo
1571 2352 1786 2412 deliniri
1826 2361 1921 2409 aut
1954 2354 2033 2408 in-

462 2447 633 2517 telligi
665 2456 826 2517 pacto
856 2448 1075 2518 potest?
1107 2445 1215 2502 Sed
1248 2461 1313 2501 ea
1342 2446 1575 2511 ratione,
1607 2462 1728 2517 qua:
1755 2446 2043 2505 conveniat

461 2533 594 2593 Deo.
627 2536 953 2595 Exinanitur
972 2538 1121 2593 enim
1151 2537 1220 2592 ad
1250 2538 1415 2593 breve
1460 2544 1678 2610 tempus
1706 2538 1890 2594 divina
1920 2538 2040 2609 glo-

461 2627 544 2683 ria
573 2642 641 2684 ex
670 2628 1102 2699 dispensatione,
1134 2637 1195 2687 ut
1218 2643 1307 2684 me
1330 2642 1430 2684 sua
1458 2628 1705 2699 impleret
1734 2629 2039 2696 divinitate,

459 2735 528 2778 ac
568 2723 714 2776 dono
759 2722 908 2776 illius
953 2720 1099 2777 Deus
1138 2718 1400 2779 eiiicerer.
1446 2719 1715 2776 Caeterum
1770 2719 2041 2775 Davidicze

459 2813 653 2883 puellae
680 2813 907 2885 virginis
935 2821 1178 2869 ventrem
1228 2827 1351 2887 quae
1391 2812 1709 2884 nuptiarum
1751 2826 1948 2882 expers
1975 2826 2040 2868 ac

457 2905 683 2966 omnino
733 2906 999 2961 innocens
1042 2905 1196 2976 virgo
1239 2919 1456 2975 semper
1489 2904 1810 2975 permansit,
1839 2905 1916 2959 uti
1950 2919 2039 2962 se-

457 2997 679 3060 mentis,
712 2996 904 3060 subiit,
938 3004 1104 3066 atque
1131 2995 1223 3051 ubi
1245 3010 1466 3051 carnem
1495 3010 1563 3053 ex
1594 2995 1743 3051 illius
1770 2995 2039 3067 sanguine

456 3088 737 3160 produxit,
764 3103 830 3145 ac
847 3104 969 3149 eam
994 3089 1178 3144 anima
1205 3087 1437 3143 rationis
1465 3087 1885 3158 intellectusque
1917 3103 2039 3159 par-

457 3177 620 3246 ticipe
659 3178 920 3232 animavit
950 3176 1165 3247 sibique
1193 3176 1493 3247 copulavit,
1529 3185 1582 3231 et
1606 3178 1676 3231 ab
1706 3176 1826 3248 ipsa
1853 3177 2035 3233 editus

458 3267 604 3325 Deus
623 3285 789 3325 carne
815 3278 1135 3339 compactus
1163 3270 1437 3340 apparuit,
1466 3268 1668 3339 duplex
1689 3270 1781 3340 qui
1804 3268 2034 3341 simplex

456 3370 594 3425 erat,
626 3361 682 3415 in
728 3360 944 3417 duabus
977 3360 1237 3431 perfectis
1265 3361 1607 3417 naturalibus
1634 3362 2031 3428 voluntatibus,

456 3467 523 3510 ac
550 3451 981 3524 operationibus,
1012 3451 1070 3506 in
1103 3451 1379 3517 omnibus,
1409 3460 1563 3507 extra
1613 3460 1920 3523 peccatum,
1953 3454 2032 3509 si-

455 3546 661 3601 militer
691 3560 755 3599 ac
784 3559 887 3601 nos
917 3544 1188 3609 mortalis,
1225 3544 1416 3614 procul
1447 3544 1606 3600 omni-
1634 3547 1936 3605 mutatione
1970 3562 2033 3604 ac

456 3634 781 3692 confusione
830 3634 1158 3705 appellatus,
1188 3641 1243 3688 et
1289 3640 1413 3707 post
1462 3641 1773 3704 susceptam
1812 3650 2032 3692 carnem

454 3740 602 3782 unus
634 3734 699 3782 ‘et
728 3726 844 3796 ipse
874 3724 1048 3781 Filius
1069 3736 1122 3782 et
1149 3740 1260 3783 una
1291 3726 1597 3782 subStantia
1624 3743 1747 3785 esse
1774 3730 2030 3798 perrexit.

454 3813 572 3873 Sili
606 3823 854 3888 tempore
900 3817 1078 3877 factus
1119 3827 1226 3883 est,
1255 3818 1349 3888 qui
1374 3831 1589 3874 omnem
1625 3821 1887 3892 temporis
1915 3837 2033 3877 mo-

448 3916 570 3965 tum
606 3911 963 3974 transcendit,
1001 3920 1056 3965 et
1088 3916 1285 3968 natura
1321 3911 1645 3967 saeculorum
1675 3912 1918 3968 omnium
1946 3922 2031 3969 est

451 4001 695 4059 effector.
722 4002 981 4075 Corporis
1009 4002 1137 4058 item
1170 3992 1569 4058 incrementum
1600 4006 1861 4076 suscepit,
1880 4013 1933 4061 et
1962 4005 2028 4060 ad

450 4092 661 4152 virilem
689 4101 927 4161 aetatem,
958 4092 1056 4165 qui
1083 4092 1521 4166 perfectissimus
1564 4094 1823 4166 omnique
1867 4112 2029 4166 supe-

450 4180 565 4235 rior
586 4180 920 4251 perfectione
952 4189 1071 4239 erat
1100 4182 1365 4253 pervenit.
1393 4182 1458 4236 Et
1497 4184 1661 4239 simul
1687 4200 1749 4240 ac
1780 4202 1844 4242 ex
1874 4186 2027 4242 lava-

450 4285 548 4329 cro
595 4272 901 4344 baptizatus
948 4274 1194 4338 emersit,
1225 4281 1413 4329 contra
1444 4273 1775 4330 homicidam
1805 4285 2024 4347 aposta-

364 4376 369 4381 ‘
447 4371 560 4425 tam
591 4366 800 4422 variam
841 4365 944 4422 init
985 4366 1152 4431 viam,
1181 4381 1246 4422 ac
1277 4366 1571 4438 tricipitem
1596 4368 1715 4438 ejus
1740 4368 2026 4440 impugna-

449 4457 659 4515 tionum
691 4459 999 4516 machinam
1028 4458 1245 4523 evertit,
1274 4458 1716 4523 insolesrcntem,
1739 4469 1791 4517 et
1816 4463 2027 4533 magni-

2148 1995 2353 2064 ἄφατον
2404 1996 2658 2065 πέλαγος,
2702 1999 2767 2050 ὲκ
2821 1995 2928 2051 τῶν
2984 1992 3249 2067 πατρῴων
3306 1992 3724 2064 καταϐεϐηκὼς,

2146 2087 2266 2141 ὅθεν
2296 2088 2397 2142 οὐκ
2428 2087 2661 2159 ἀπέστη,
2690 2087 2934 2143 κόλπων·
2967 2089 2997 2141 ό
3025 2086 3202 2143 πάντα
3234 2085 3479 2159 πληρῶν,
3501 2084 3599 2139 καὶ
3630 2103 3729 2157 μη-

2144 2179 2255 2234 δενὶ
2289 2180 2779 2252 περιγραφόμενος,
2806 2179 2866 2233 οὐ
2900 2175 3275 2250 μεταϐατικῶς
3303 2176 3405 2251 τῆς
3423 2175 3577 2240 θείας
3597 2175 3728 2229 καθ-

2143 2268 2264 2324 όδου
2309 2269 2624 2341 νοουμένης,
2686 2268 2892 2338 ἀπαγεί
2932 2267 3093 2338 (πῶς
3128 2266 3236 2338 γάρ
3259 2267 3325 2320 ἂν
3368 2265 3639 2337 μεταϐαίη
3672 2265 3728 2318 τὺ

2143 2357 2451 2430 ἀσώματον,
2478 2359 2568 2414 καὶ
2592 2360 2992 2431 ἀπεριόριστον,
3011 2358 3105 2413 καὶ
3137 2356 3495 2430 ἀπερινόητον
3515 2357 3570 2426 ς)
3597 2356 3727 2413 ἀλλά

2144 2446 2490 2518 θεοπρεπῶς-
2548 2446 2797 2501 κενοῦται
2843 2448 2951 2521 γὰρ
2996 2446 3132 2518 πρὸς
3182 2447 3354 2519 βραχὺ
3394 2446 3495 2517 τῆς
3539 2445 3726 2515 θεῖκῆς

2140 2536 2298 2609 δόξης
2316 2538 2693 2610 οἰκονομικῶς,
2716 2538 2802 2591 ἵνα
2828 2555 2895 2610 με
2924 2536 3187 2611 πληρώσῃ
3214 2537 3314 2608 τῆς
3349 2536 3514 2593 αὑτοῦ
3551 2536 3725 2608 θεότη·

2140 2648 2250 2696 τος,
2284 2631 2377 2687 καὶ
2403 2630 2522 2694 θεὸς
2552 2631 2733 2705 χάριτι
2773 2629 3039 2700 γένωμαι·
3072 2628 3169 2701 τὴν
3198 2628 3536 2701 παρθενικὴν
3559 2629 3618 2682 δὲ
3637 2647 3718 2700 νη-

2138 2722 2233 2777 δὺν
2266 2724 2366 2796 τῆς
2393 2724 2769 2796 ἀπειρογάμου
2802 2721 3076 2790 πανάγνου
3107 2721 3199 2775 καὶ
3227 2720 3590 2792 ἀειπαρθένου
3630 2723 3723 2773 Aw.

2139 2813 2338 2878 δίτιδος
2379 2815 2568 2886 κόρης,
2607 2814 2770 2869 οἱονεὶ
2796 2813 3018 2885 σπόρος,
3054 2812 3251 2875 εἰσδὺς,
3293 2811 3386 2865 καὶ
3421 2810 3619 2875 κτίσας
3663 2812 3723 2868 ὲκ

2136 2904 2245 2961 τῶν
2268 2905 2438 2975 αὐτῆς
2467 2903 2714 2975 αἱμάτων
2747 2904 2942 2976 σάρκα,
2970 2903 3062 2957 καὶ
3084 2900 3341 2973 ψυχώσας
3365 2901 3512 2974 ψυχῇ
3536 2901 3723 2976 λογικῇ

2135 3011 2196 3049 τε
2228 2995 2322 3050 καὶ
2349 2996 2529 3068 νοερᾷ,
2558 2994 2652 3049 καὶ
2692 2992 2896 3055 ὲνὼσας
2929 2990 3127 3065 ἑαυτῷ,
3158 2992 3253 3046 καὶ
3286 2991 3501 3065 τεχθεὶς
3531 2992 3591 3058 ἐξ
3627 2992 3721 3046 αὑ-

2136 3087 2235 3159 τῆς
2282 3086 2413 3151 Θεὸς
2460 3086 2894 3159 σεσαρκωμένος,
2936 3084 3155 3148 διπλοῦς
3194 3087 3222 3138 ό
3254 3083 3481 3149 ἁπλοῦς.
3513 3086 3572 3138 ὲν
3609 3085 3720 3139 δυσὶ

2141 3177 2371 3242 τελείαις
2399 3181 2652 3249 φυσικαῖς
2679 3176 2929 3251 θελήσεσι
2960 3176 3053 3235 καὶ
3100 3174 3422 3246 ἐνεργείαις,
3453 3176 3551 3230 καὶ
3585 3173 3719 3233 κατὰ

2139 3273 2315 3331 πάντα
2347 3267 2767 3347 κεχρηματικὼς
2798 3269 2919 3325 καθ’
2936 3270 3103 3340 ἡμᾶς,
3129 3268 3268 3340 πλὴν
3294 3267 3395 3339 τῆς
3426 3268 3716 3340 ἁμαρτίας,

2138 3364 2346 3437 βροτὸς,
2378 3366 2559 3438 πάσης
2596 3365 2729 3441 ἄτερ
2773 3363 2979 3437 τροπῆς
2999 3361 3101 3417 ’καὶ
3134 3359 3449 3431 συγχύσεως
3480 3378 3718 3431 μεμενηη

2134 3455 2265 3521 κὼς,
2298 3459 2393 3514 καὶ
2442 3455 2580 3530 μετά
2624 3456 2723 3528 τὴν
2769 3455 3043 3528 σάρκωσιν
3078 3446 3160 3515 εἷς
3189 3452 3283 3506 καὶ
3327 3454 3357 3505 ό
3387 3452 3553 3516 αὐτὸς
3587 3453 3714 3517 υἱὸς,

2133 3551 2227 3609 καὶ
2265 3551 2363 3624 μία
2405 3550 2702 3614 ὑπόστασις
2720 3565 2734 3580 ο
2769 3548 2874 3608 ὑπὸ
2904 3548 3093 3623 χρόνον
3115 3562 3175 3599 τε
3202 3542 3461 3615 γεγονὼς,
3487 3548 3517 3599 ό
3542 3546 3715 3615 πάσης

2134 3642 2458 3717 ὑπερέκεινα
2499 3641 2756 3721 χρονικῆς
2794 3642 3081 3712 κινήσεως,
3113 3639 3206 3697 καὶ
3241 3637 3457 3696 πάντων
3492 3637 3715 3711 ποιητὴς

2129 3733 2239 3790 τῶν
2272 3733 2481 3789 αἰώνων
2519 3733 2808 3804 πεφυκώς·
2859 3732 2953 3789 καὶ
2996 3730 3456 3802 καταδεδεγμένος
3493 3730 3713 3802 αὔξησιν

2132 3827 2468 3898 σωματικὴν,
2509 3827 2715 3902 καὶιείς
2762 3824 2978 3902 ἠλικίαν
3038 3822 3311 3896 ἐληλυθὼς
3360 3822 3641 3896 ἀνδρικὴν,
3685 3822 3712 3880 ὁ

2129 3919 2461 3983 παντέλειος,
2514 3896 2621 3973 καί
2658 3910 2984 3990 ὑπερτελής·
3020 3914 3114 3971 καὶ
3165 3913 3511 3985 βαπτισθεὶς,
3558 3912 3710 3975 εὐθὺς.

2129 4013 2237 4073 ἀπὸ
2269 4012 2363 4068 τοῦ
2394 4011 2767 4088 βαπτίσματος
2790 4007 3047 4081 ὲξαναδὺς
3076 4007 3161 4061 ἐπὶ
3192 4006 3289 4079 τὴν
3319 4005 3459 4080 πρὸς
3489 4004 3581 4059 τὸν
3620 4004 3708 4057 ἀν-

2128 4102 2501 4178 θρωποκτόνον
2530 4100 2841 4172 ἀποστάτην
2867 4103 3004 4160 ίεται
3028 4099 3253 4171 πλάνην,
3287 4097 3381 4156 καὶ⁸
3402 4099 3503 4169 τὴν
3527 4095 3698 4168 τρικάε

2131 4211 2289 4267 ρανον
2327 4193 2435 4246 τῶν
2467 4192 2654 4246 δεινῶν
2693 4190 2857 4249 αὐτοῦ
2889 4187 3281 4259 παλαισμάτων
3309 4185 3572 4243 καταλύει
3610 4202 3704 4260 μην

2125 4294 2322 4363 χανήν·
2357 4289 2451 4343 καὶ
2471 4287 2561 4346 τὸν
2585 4285 2821 4350 ἀλαζόνα
2846 4284 2939 4343 καὶ
2969 4282 3308 4357 μεγάλαυχον
3343 4279 3705 4340 καταπαλαίει

2124 4378 2405 4453 τυραννον,
2450 4381 2544 4434 καὶ
2587 4379 2679 4433 τὸν
2712 4376 3090 4433 πολυποίκιλον
3117 4377 3223 4431 τῶν
3257 4375 3424 4432 αὑτοῦ
3461 4376 3704 4446 πολέμων

2125 4473 2289 4544 ἑσμὸν
2319 4476 2604 4545 καταργεῑ,
2634 4473 2729 4526 καὶ⁹
2767 4471 3089 4545 εὐχείρωτον
3127 4471 3287 4529 αὑτὸν
3316 4470 3554 4544 τίθησιν,
3579 4473 3707 4524 ὑποο

450 4546 549 4601 llce
597 4564 658 4603 se
698 4549 996 4619 jactantem
1027 4558 1320 4622 tyrannum
1349 4553 1669 4623 prosternit.
1699 4551 1921 4608 Varium
1958 4569 2022 4608 ac

2138 4562 2383 4634 γραμμδν
2412 4564 2541 4637 ἡμῖν
2582 4562 2895 4625 ὑποδεικνὺς
2932 4562 3032 4632 τῆς
3061 4561 3195 4632 πρὸς
3235 4561 3395 4613 αὑτὸν
3436 4562 3703 4633 καρτερᾶς

449 4638 733 4712 multiplex
783 4641 1142 4699 certaminum
1173 4643 1340 4707 ,illius
1390 4661 1569 4716 genus
1617 4644 1833 4698 irritum
1869 4644 2017 4713 facit,

2381 4626 2475 4711 καί
2529 4654 2627 4727 τῆς
2683 4654 2804 4713 κατ’
2833 4626 3001 4711 αὑτονέ
3047 4626 3222 4717 διδοὺς
3271 4626 3557 4725 ἀριστείας
3609 4626 3702 4715 τὰς

444 4730 625 4801 ipsum
647 4739 810 4803 captu
839 4732 1130 4790 admodum
1156 4731 1369 4791 facilem
1398 4738 1595 4801 reddit,
1627 4738 1894 4794 rationem
1921 4756 2022 4795 no-

2126 4743 2395 4819 ἀφορμάς.

442 4821 529 4880 bis
560 4822 877 4890 ostendens,
913 4839 1020 4901 qua
1061 4826 1139 4887 illi
1168 4830 1285 4885 acri
1315 4846 1498 4905 pugna
1530 4832 1940 4901 resisteremus,
1972 4843 2027 4891 et
2058 4836 2397 4899 fortitudinis
2433 4840 2793 4902 occasiones.
2831 4839 3034 4913 quibus
3083 4847 3275 4898 contra
3296 4840 3475 4896 'illum
3525 4849 3698 4894 utere.

441 4928 590 4979 mur,
626 4915 887 4987 impertit.

510 5011 596 5066 Ad
624 5015 933 5086 exemplum
962 5031 1091 5088 ergo
1119 5018 1245 5074 vita;
1274 5022 1480 5092 optime
1513 5022 1827 5081 constituta:
1855 5039 2020 5097 sene-

440 5118 604 5163 rosus
632 5104 721 5163 hic
749 5106 953 5163 athleta
994 5107 1287 5183 Dionysius
1317 5128 1474 5169 suam
1504 5114 1682 5187 ipsius
1709 5117 2020 5188 composuit

2192 5023 2336 5096 Πρὸς
2364 5020 2455 5080 οὖν
2484 5026 2545 5080 τὺ
2573 5026 2676 5098 τῆς
2706 5024 3080 5101 σωηριὼδους
3101 5027 3375 5094 πολιτείας
3396 5031 3696 5106 ὑπόδειγμα

2118 5114 2207 5170 τὸν
2237 5116 2429 5174 ἑαυτοῦ
2453 5117 2731 5192 ῥυθμίζων
2769 5120 2864 5173 καὶ
2895 5119 3211 5176 ἀπευθύνων
3241 5120 3353 5191 βίον
3382 5126 3416 5178 ό
3441 5127 3695 5195 γεννάδας

438 5205 607 5269 atque
663 5198 952 5267 formavit;
1001 5216 1068 5258 ex
1122 5201 1272 5258 fonte
1320 5204 1545 5262 luminis
1594 5206 1721 5263 vitae
1772 5209 2016 5265 auctoris

2138 5203 2284 5274 ιῦτος,
2320 5209 2417 5283 τῆς
2460 5209 2553 5263 τοῦ
2605 5209 2916 5283 ζωαρχικοῦ
2973 5211 3318 5282 φωτίσματος
3355 5213 3691 5282 ὲξανατείλας

435 5294 682 5351 exortus,
718 5295 772 5343 et
825 5289 1021 5361 gratia,
1051 5306 1173 5360 quae
1220 5290 1347 5346 inde
1396 5293 1619 5363 petitur,
1662 5301 1929 5359 armatus,
1959 5302 2014 5349 et

2138 5301 2317 5373 πηγῆς,
2347 5303 2440 5357 καὶ
2498 5301 2596 5378 τὴν
2641 5303 2850 5358 ἐκεῖθεν
2895 5302 3251 5374 ὁπλισάμενος
3291 5304 3473 5378 χάριν,
3501 5310 3591 5367 καὶ
3617 5306 3689 5379 τῷ

436 5376 697 5437 unctione
723 5378 907 5435 divina
933 5391 1231 5450 perunctus
1261 5381 1405 5450 (non
1439 5383 1597 5437 aliter
1625 5398 1689 5437 ac
1719 5384 2015 5440 luctatores

436 5476 628 5529 contra
656 5470 910 5526 hostilem
942 5472 1116 5531 aciem
1149 5472 1205 5527 in
1235 5473 1506 5551 palaestris
1537 5474 1872 5547 insurgunt)
1914 5475 2013 5530 ad-

436 5574 626 5618 versus
655 5561 1089 5624 infensissimum
1115 5564 1405 5630 latronem,
1438 5566 1645 5635 viasque
1674 5583 1782 5637 qua
1812 5567 1921 5622 itur
1943 5568 2011 5627 ad

437 5650 608 5706 cmlos
632 5652 979 5710 obsessorem
1008 5661 1063 5711 et
1093 5654 1416 5714 insidiosum
1453 5657 1790 5723 bellatorem,
1823 5660 2011 5716 confe-

436 5741 566 5795 stim
607 5742 771 5815 369
814 5746 1127 5816 opponitur,
1156 5762 1222 5801 ac
1263 5763 1484 5805 omnem
1518 5749 1643 5809 vita:
1678 5751 2007 5809 sollicitudic

435 5846 564 5893 ucm
594 5833 803 5904 abjicit,
834 5843 890 5894 et
935 5844 1083 5899 totus
1113 5837 1313 5901 divinae
1361 5841 1417 5899 in
1464 5841 1636 5903 Deum
1686 5842 2007 5905 intentionis

2120 5390 2249 5461 θείῳ
2276 5390 2518 5461 χρισθεὶς
2549 5391 2842 5464 ἀλείμματι
2875 5393 3147 5466 (καθάπερ
3177 5395 3227 5448 οἱ
3260 5397 3317 5449 ἐν
3347 5401 3470 5463 ταῖς
3502 5399 3685 5454 παλαίο

2119 5498 2308 5554 στραις
2330 5499 2398 5551 γυ
2405 5484 2637 5554 μνασταὶ
2664 5483 2799 5559 πρὸς
2822 5484 3085 5558 πολεμίαν
3108 5487 3200 5540 ἀντ
3209 5490 3683 5561 ιπαραταττόμενοι

2117 5573 2432 5646 φάλαγγαο)
2463 5576 2799 5653 παραχρῆμα
2848 5576 2984 5653 πρὸς
3029 5578 3119 5635 τὸν
3165 5578 3266 5648 τῆς
3310 5581 3391 5643 είς
3431 5581 3683 5651 οὐρανοὺς

2116 5664 2421 5740 ἁναγούσης
2452 5666 2678 5737 πορείας
2704 5668 3082 5727 ἀντιτάσσεται
3123 5668 3551 5745 δυσμενέστατον
3581 5671 3682 5729 ὀδο-

2116 5752 2335 5825 στάτην.
2372 5756 2799 5828 πανουργότατον
2831 5758 3195 5831 πολεμήτορα,
3224 5760 3318 5815 καὶ
3362 5759 3464 5823 τὰς
3511 5759 3676 5830 βιωτι-

2113 5844 2215 5910 κὰς
2246 5843 2557 5907 ἀποτίθεται
2585 5849 2885 5923 φροντίδας,
2914 5850 3011 5910 καί
3028 5850 3127 5921 τῆς
3156 5851 3293 5923 πρὸς
3325 5850 3459 5909 Θεὸν
3484 5851 3673 5911 ἀνατά-
