  <div class='ocr_page' id='page_1' title='image "/cluster/home/n/w/nwhite01/storage/ocr_20150623/4/hvd.32044014713200/328.png"; bbox 0 0 3886 6538; ppageno 0'>
   <div class='ocr_carea' id='block_1_1' title="bbox 150 415 266 472">
    <p class='ocr_par' dir='ltr' id='par_1_1' title="bbox 150 415 266 472">
     <span class='ocr_line' id='line_1_1' title="bbox 150 415 266 472; baseline 0.043 -4"><span class='ocrx_word' id='word_1_1' title='bbox 150 415 266 472; x_wconf 71' lang='grc'><strong>655</strong></span> 
     </span>
    </p>
   </div>
   <div class='ocr_carea' id='block_1_2' title="bbox 1147 420 2442 490">
    <p class='ocr_par' dir='ltr' id='par_1_2' title="bbox 1147 420 2442 490">
     <span class='ocr_line' id='line_1_2' title="bbox 1147 420 2442 490; baseline 0.006 -13"><span class='ocrx_word' id='word_1_2' title='bbox 1147 420 1328 490; x_wconf 80' lang='lat' dir='ltr'><strong>VlTA,</strong></span> <span class='ocrx_word' id='word_1_3' title='bbox 1362 423 1691 480; x_wconf 81' lang='lat' dir='ltr'><strong>AUCTORE</strong></span> <span class='ocrx_word' id='word_1_4' title='bbox 1727 423 2076 480; x_wconf 65' lang='lat' dir='ltr'><strong>MlCl-IAELE</strong></span> <span class='ocrx_word' id='word_1_5' title='bbox 2112 424 2442 485; x_wconf 82' lang='lat' dir='ltr'><strong>SYNGELO.</strong></span> 
     </span>
    </p>
   </div>
   <div class='ocr_carea' id='block_1_3' title="bbox 3311 437 3414 494">
    <p class='ocr_par' dir='ltr' id='par_1_3' title="bbox 3311 437 3414 494">
     <span class='ocr_line' id='line_1_3' title="bbox 3311 437 3414 494; baseline 0 0"><span class='ocrx_word' id='word_1_6' title='bbox 3311 437 3414 494; x_wconf 62' lang='grc' dir='ltr'><strong>σω</strong></span> 
     </span>
    </p>
   </div>
   <div class='ocr_carea' id='block_1_4' title="bbox 151 526 1725 617">
    <p class='ocr_par' dir='ltr' id='par_1_4' title="bbox 151 526 1725 611">
     <span class='ocr_line' id='line_1_4' title="bbox 151 526 1725 611; baseline 0.01 -34"><span class='ocrx_word' id='word_1_7' title='bbox 151 541 297 589; x_wconf 87' lang='grc' dir='ltr'>σεως</span> <span class='ocrx_word' id='word_1_8' title='bbox 325 526 446 590; x_wconf 83' lang='grc' dir='ltr'>ὅλος</span> <span class='ocrx_word' id='word_1_9' title='bbox 473 528 715 602; x_wconf 71' lang='grc' dir='ltr'>ἐραστὴς</span> <span class='ocrx_word' id='word_1_10' title='bbox 747 532 842 586; x_wconf 79' lang='grc' dir='ltr'>καὶ</span> <span class='ocrx_word' id='word_1_11' title='bbox 867 534 1171 608; x_wconf 83' lang='grc' dir='ltr'>ἀγωνιστὴς</span> <span class='ocrx_word' id='word_1_12' title='bbox 1199 537 1540 603; x_wconf 78' lang='grc' dir='ltr'><strong>καθίσταται,</strong></span> <span class='ocrx_word' id='word_1_13' title='bbox 1571 556 1725 611; x_wconf 74' lang='grc' dir='ltr'>προσο</span> 
     </span>
    </p>
   </div>
   <div class='ocr_carea' id='block_1_5' title="bbox 1827 526 3414 617">
    <p class='ocr_par' dir='ltr' id='par_1_5' title="bbox 1846 541 3414 617">
     <span class='ocr_line' id='line_1_5' title="bbox 1846 541 3414 617; baseline 0.011 -26"><span class='ocrx_word' id='word_1_14' title='bbox 1846 547 2061 592; x_wconf 84' lang='lat' dir='ltr'><strong>amator</strong></span> <span class='ocrx_word' id='word_1_15' title='bbox 2091 546 2144 594; x_wconf 85' lang='lat' dir='ltr'><strong>et</strong></span> <span class='ocrx_word' id='word_1_16' title='bbox 2174 543 2322 612; x_wconf 85' lang='lat' dir='ltr'><strong>pugil</strong></span> <span class='ocrx_word' id='word_1_17' title='bbox 2352 541 2603 600; x_wconf 79' lang='lat' dir='ltr'><strong>eﬁ&#39;icitur.</strong></span> <span class='ocrx_word' id='word_1_18' title='bbox 2635 542 2890 601; x_wconf 88' lang='lat' dir='ltr'><strong>Assiduis</strong></span> <span class='ocrx_word' id='word_1_19' title='bbox 2919 548 3174 617; x_wconf 82' lang='lat' dir='ltr'><strong>precibus</strong></span> <span class='ocrx_word' id='word_1_20' title='bbox 3202 549 3292 607; x_wconf 89' lang='lat' dir='ltr'><strong>die</strong></span> <span class='ocrx_word' id='word_1_21' title='bbox 3320 570 3414 607; x_wconf 85' lang='lat' dir='ltr'><strong>no-</strong></span> 
     </span>
    </p>
   </div>
   <div class='ocr_carea' id='block_1_6' title="bbox 149 624 1735 704">
    <p class='ocr_par' dir='ltr' id='par_1_6' title="bbox 149 624 1735 704">
     <span class='ocr_line' id='line_1_6' title="bbox 149 624 1735 704; baseline 0.01 -33"><span class='ocrx_word' id='word_1_22' title='bbox 149 624 344 689; x_wconf 76' lang='grc' dir='ltr'>ευχαίς</span> <span class='ocrx_word' id='word_1_23' title='bbox 403 625 683 689; x_wconf 81' lang='grc' dir='ltr'><strong>συντόνοις</strong></span> <span class='ocrx_word' id='word_1_24' title='bbox 707 627 1044 698; x_wconf 77' lang='grc' dir='ltr'><strong>διημερεύων</strong></span> <span class='ocrx_word' id='word_1_25' title='bbox 1072 648 1130 683; x_wconf 88' lang='grc' dir='ltr'><strong>τε</strong></span> <span class='ocrx_word' id='word_1_26' title='bbox 1166 633 1259 684; x_wconf 73' lang='grc' dir='ltr'><strong>καὶ</strong></span> <span class='ocrx_word' id='word_1_27' title='bbox 1289 633 1735 704; x_wconf 75' lang='grc' dir='ltr'><strong>διανυκτερεύων,</strong></span> 
     </span>
    </p>
   </div>
   <div class='ocr_carea' id='block_1_7' title="bbox 149 713 1740 796">
    <p class='ocr_par' dir='ltr' id='par_1_7' title="bbox 149 713 1740 796">
     <span class='ocr_line' id='line_1_7' title="bbox 149 713 1740 796; baseline 0.012 -34"><span class='ocrx_word' id='word_1_28' title='bbox 149 713 246 763; x_wconf 74' lang='grc' dir='ltr'>καὶ</span> <span class='ocrx_word' id='word_1_29' title='bbox 277 715 602 784; x_wconf 77' lang='grc' dir='ltr'>παννυχίσιν</span> <span class='ocrx_word' id='word_1_30' title='bbox 625 717 851 782; x_wconf 79' lang='grc' dir='ltr'>ἀΰπνοις</span> <span class='ocrx_word' id='word_1_31' title='bbox 878 722 1244 793; x_wconf 82' lang='grc' dir='ltr'>ὲγκαρτερῶν,</span> <span class='ocrx_word' id='word_1_32' title='bbox 1268 724 1358 776; x_wconf 77' lang='grc' dir='ltr'>καὶ</span> <span class='ocrx_word' id='word_1_33' title='bbox 1382 725 1654 796; x_wconf 83' lang='grc' dir='ltr'><strong>νηστείαις</strong></span> <span class='ocrx_word' id='word_1_34' title='bbox 1679 725 1740 781; x_wconf 82' lang='grc' dir='ltr'>τὸ</span> 
     </span>
    </p>
   </div>
   <div class='ocr_carea' id='block_1_8' title="bbox 150 803 1740 888">
    <p class='ocr_par' dir='ltr' id='par_1_8' title="bbox 150 803 1740 888">
     <span class='ocr_line' id='line_1_8' title="bbox 150 803 1740 888; baseline 0.011 -36"><span class='ocrx_word' id='word_1_35' title='bbox 150 803 379 888; x_wconf 78' lang='grc' dir='ltr'>σαρκίον</span> <span class='ocrx_word' id='word_1_36' title='bbox 399 805 683 875; x_wconf 75' lang='grc' dir='ltr'>δαμάζων,</span> <span class='ocrx_word' id='word_1_37' title='bbox 709 812 802 864; x_wconf 77' lang='grc' dir='ltr'><strong>καὶ</strong></span> <span class='ocrx_word' id='word_1_38' title='bbox 822 812 920 883; x_wconf 84' lang='grc' dir='ltr'><strong>τὴν</strong></span> <span class='ocrx_word' id='word_1_39' title='bbox 945 815 1162 886; x_wconf 82' lang='grc' dir='ltr'>χείρονα</span> <span class='ocrx_word' id='word_1_40' title='bbox 1185 820 1375 888; x_wconf 87' lang='grc' dir='ltr'>μοῖραν</span> <span class='ocrx_word' id='word_1_41' title='bbox 1397 817 1740 872; x_wconf 81' lang='grc' dir='ltr'>καθυποτάσ-</span> 
     </span>
    </p>
   </div>
   <div class='ocr_carea' id='block_1_9' title="bbox 150 883 1738 980">
    <p class='ocr_par' dir='ltr' id='par_1_9' title="bbox 150 883 1738 980">
     <span class='ocr_line' id='line_1_9' title="bbox 150 883 1738 980; baseline 0.011 -36"><span class='ocrx_word' id='word_1_42' title='bbox 150 883 261 945; x_wconf 86' lang='grc' dir='ltr'><strong>σων</strong></span> <span class='ocrx_word' id='word_1_43' title='bbox 314 899 381 966; x_wconf 77' lang='grc' dir='ltr'>τῇ</span> <span class='ocrx_word' id='word_1_44' title='bbox 433 898 725 968; x_wconf 84' lang='grc' dir='ltr'>κρείττονι,</span> <span class='ocrx_word' id='word_1_45' title='bbox 758 902 847 955; x_wconf 75' lang='grc' dir='ltr'><strong>τὸν</strong></span> <span class='ocrx_word' id='word_1_46' title='bbox 884 883 1013 974; x_wconf 88' lang='grc' dir='ltr'>χοῦν</span> <span class='ocrx_word' id='word_1_47' title='bbox 1037 883 1130 977; x_wconf 74' lang='grc' dir='ltr'>τῷ</span> <span class='ocrx_word' id='word_1_48' title='bbox 1175 883 1394 971; x_wconf 45' lang='grc' dir='ltr'>νοῒξκαὶ</span> <span class='ocrx_word' id='word_1_49' title='bbox 1431 908 1528 979; x_wconf 81' lang='grc' dir='ltr'>τὴν</span> <span class='ocrx_word' id='word_1_50' title='bbox 1561 908 1738 980; x_wconf 81' lang='grc' dir='ltr'>γεώδη</span> 
     </span>
    </p>
   </div>
   <div class='ocr_carea' id='block_1_10' title="bbox 146 982 1740 1064">
    <p class='ocr_par' dir='ltr' id='par_1_10' title="bbox 146 982 1740 1064">
     <span class='ocr_line' id='line_1_10' title="bbox 146 982 1740 1064; baseline 0.012 -32"><span class='ocrx_word' id='word_1_51' title='bbox 146 982 576 1039; x_wconf 81' lang='grc' dir='ltr'>καταλεπτύνων</span> <span class='ocrx_word' id='word_1_52' title='bbox 625 989 926 1062; x_wconf 84' lang='grc' dir='ltr'>παχύτητα,</span> <span class='ocrx_word' id='word_1_53' title='bbox 967 994 1000 1064; x_wconf 80' lang='grc' dir='ltr'>ἢ</span> <span class='ocrx_word' id='word_1_54' title='bbox 1050 998 1170 1058; x_wconf 89' lang='grc' dir='ltr'>ταῖς</span> <span class='ocrx_word' id='word_1_55' title='bbox 1214 996 1492 1061; x_wconf 84' lang='grc' dir='ltr'>διανοίαις,</span> <span class='ocrx_word' id='word_1_56' title='bbox 1526 991 1615 1050; x_wconf 84' lang='grc' dir='ltr'><strong>οἶά</strong></span> <span class='ocrx_word' id='word_1_57' title='bbox 1656 1014 1740 1062; x_wconf 87' lang='grc' dir='ltr'><strong>τις</strong></span> 
     </span>
    </p>
   </div>
   <div class='ocr_carea' id='block_1_11' title="bbox 143 1071 1738 1160">
    <p class='ocr_par' dir='ltr' id='par_1_11' title="bbox 143 1071 1738 1160">
     <span class='ocr_line' id='line_1_11' title="bbox 143 1071 1738 1160; baseline 0.002 -21"><span class='ocrx_word' id='word_1_58' title='bbox 143 1071 346 1144; x_wconf 74' lang='grc' dir='ltr'>ὀμίχλη</span> <span class='ocrx_word' id='word_1_59' title='bbox 389 1075 640 1149; x_wconf 71' lang='grc' dir='ltr'>ζοφώδης</span> <span class='ocrx_word' id='word_1_60' title='bbox 673 1083 793 1144; x_wconf 82' lang='grc' dir='ltr'>ταῖς</span> <span class='ocrx_word' id='word_1_61' title='bbox 837 1083 1084 1154; x_wconf 75' lang='grc' dir='ltr'>ἡλιακαῖς</span> <span class='ocrx_word' id='word_1_62' title='bbox 1123 1087 1356 1150; x_wconf 84' lang='grc' dir='ltr'>ἀκτῖσιν,</span> <span class='ocrx_word' id='word_1_63' title='bbox 1390 1088 1738 1160; x_wconf 82' lang='grc' dir='ltr'>ὲπιπροσθεῖν</span> 
     </span>
    </p>
   </div>
   <div class='ocr_carea' id='block_1_12' title="bbox 143 1165 1734 1250">
    <p class='ocr_par' dir='ltr' id='par_1_12' title="bbox 143 1165 1734 1250">
     <span class='ocr_line' id='line_1_12' title="bbox 143 1165 1734 1250; baseline 0.016 -34"><span class='ocrx_word' id='word_1_64' title='bbox 143 1165 567 1223; x_wconf 83' lang='grc' dir='ltr'>εἴωθεν.Ἕνθεν</span> <span class='ocrx_word' id='word_1_65' title='bbox 617 1173 710 1226; x_wconf 77' lang='grc' dir='ltr'>ἐπὶ</span> <span class='ocrx_word' id='word_1_66' title='bbox 757 1175 818 1228; x_wconf 85' lang='grc' dir='ltr'>τὸ</span> <span class='ocrx_word' id='word_1_67' title='bbox 865 1177 963 1247; x_wconf 86' lang='grc' dir='ltr'><strong>τῆς</strong></span> <span class='ocrx_word' id='word_1_68' title='bbox 1018 1177 1248 1250; x_wconf 84' lang='grc' dir='ltr'>θεωρίας</span> <span class='ocrx_word' id='word_1_69' title='bbox 1287 1179 1419 1250; x_wconf 68' lang='grc' dir='ltr'>ὕψος</span> <span class='ocrx_word' id='word_1_70' title='bbox 1455 1179 1734 1249; x_wconf 81' lang='grc' dir='ltr'>ἀνάγεται,</span> 
     </span>
    </p>
   </div>
   <div class='ocr_carea' id='block_1_13' title="bbox 142 1258 1738 1347">
    <p class='ocr_par' dir='ltr' id='par_1_13' title="bbox 142 1258 1738 1347">
     <span class='ocr_line' id='line_1_13' title="bbox 142 1258 1738 1347; baseline 0.011 -37"><span class='ocrx_word' id='word_1_71' title='bbox 142 1258 236 1310; x_wconf 75' lang='grc' dir='ltr'><strong>καὶ</strong></span> <span class='ocrx_word' id='word_1_72' title='bbox 286 1263 408 1322; x_wconf 81' lang='grc' dir='ltr'>ταῖς</span> <span class='ocrx_word' id='word_1_73' title='bbox 464 1261 596 1334; x_wconf 79' lang='grc' dir='ltr'>περὶ</span> <span class='ocrx_word' id='word_1_74' title='bbox 647 1265 779 1318; x_wconf 84' lang='grc' dir='ltr'>Θεὸν</span> <span class='ocrx_word' id='word_1_75' title='bbox 826 1267 1054 1332; x_wconf 78' lang='grc' dir='ltr'>ἐννοίαις</span> <span class='ocrx_word' id='word_1_76' title='bbox 1114 1269 1494 1342; x_wconf 81' lang='grc' dir='ltr'>ὲμφιλοχωρεῖ,</span> <span class='ocrx_word' id='word_1_77' title='bbox 1556 1273 1738 1347; x_wconf 83' lang='grc' dir='ltr'>πάσης</span> 
     </span>
    </p>
   </div>
   <div class='ocr_carea' id='block_1_14' title="bbox 143 1347 1733 1436">
    <p class='ocr_par' dir='ltr' id='par_1_14' title="bbox 143 1347 1733 1436">
     <span class='ocr_line' id='line_1_14' title="bbox 143 1347 1733 1436; baseline 0.012 -36"><span class='ocrx_word' id='word_1_78' title='bbox 143 1347 384 1414; x_wconf 76' lang='grc' dir='ltr'>ὑλώδους</span> <span class='ocrx_word' id='word_1_79' title='bbox 411 1352 476 1406; x_wconf 81' lang='grc' dir='ltr'><strong>τὸ</strong></span> <span class='ocrx_word' id='word_1_80' title='bbox 507 1354 612 1425; x_wconf 82' lang='grc' dir='ltr'><strong>τῆς</strong></span> <span class='ocrx_word' id='word_1_81' title='bbox 635 1356 814 1428; x_wconf 66' lang='grc' dir='ltr'>ψυχῆς</span> <span class='ocrx_word' id='word_1_82' title='bbox 841 1359 1069 1424; x_wconf 85' lang='grc' dir='ltr'>θεοειδὲς</span> <span class='ocrx_word' id='word_1_83' title='bbox 1095 1361 1338 1432; x_wconf 84' lang='grc' dir='ltr'>ἀφιστῶν</span> <span class='ocrx_word' id='word_1_84' title='bbox 1366 1362 1733 1436; x_wconf 77' lang='grc' dir='ltr'>ἐνθυμήσεως,</span> 
     </span>
    </p>
   </div>
   <div class='ocr_carea' id='block_1_15' title="bbox 141 1441 1737 1528">
    <p class='ocr_par' dir='ltr' id='par_1_15' title="bbox 141 1441 1737 1528">
     <span class='ocr_line' id='line_1_15' title="bbox 141 1441 1737 1528; baseline 0.013 -35"><span class='ocrx_word' id='word_1_85' title='bbox 141 1443 237 1494; x_wconf 73' lang='grc' dir='ltr'><strong>καὶ</strong></span> <span class='ocrx_word' id='word_1_86' title='bbox 259 1441 323 1494; x_wconf 75' lang='grc' dir='ltr'>τὸ</span> <span class='ocrx_word' id='word_1_87' title='bbox 353 1443 544 1516; x_wconf 72' lang='grc' dir='ltr'>νοερὸν</span> <span class='ocrx_word' id='word_1_88' title='bbox 578 1447 745 1520; x_wconf 81' lang='grc' dir='ltr'>αὐτῆς</span> <span class='ocrx_word' id='word_1_89' title='bbox 763 1449 917 1522; x_wconf 76' lang='grc' dir='ltr'>ὄμμα</span> <span class='ocrx_word' id='word_1_90' title='bbox 936 1455 1074 1524; x_wconf 88' lang='grc' dir='ltr'>πρὸς</span> <span class='ocrx_word' id='word_1_91' title='bbox 1095 1453 1196 1528; x_wconf 82' lang='grc' dir='ltr'>τὴν</span> <span class='ocrx_word' id='word_1_92' title='bbox 1223 1455 1428 1513; x_wconf 78' lang='grc' dir='ltr'>ἐκεῖθεν</span> <span class='ocrx_word' id='word_1_93' title='bbox 1457 1457 1737 1528; x_wconf 66' lang='grc' dir='ltr'>ἀπαστράρ-</span> 
     </span>
    </p>
   </div>
   <div class='ocr_carea' id='block_1_16' title="bbox 142 1537 1734 1616">
    <p class='ocr_par' dir='ltr' id='par_1_16' title="bbox 142 1537 1734 1616">
     <span class='ocr_line' id='line_1_16' title="bbox 142 1537 1734 1616; baseline 0.014 -32"><span class='ocrx_word' id='word_1_94' title='bbox 142 1550 384 1586; x_wconf 83' lang='grc' dir='ltr'>πτουσαν</span> <span class='ocrx_word' id='word_1_95' title='bbox 441 1537 674 1605; x_wconf 79' lang='grc' dir='ltr'>ἀγλαΐαν</span> <span class='ocrx_word' id='word_1_96' title='bbox 739 1539 857 1604; x_wconf 83' lang='grc' dir='ltr'>ὅλος</span> <span class='ocrx_word' id='word_1_97' title='bbox 912 1544 1234 1616; x_wconf 83' lang='grc' dir='ltr'>ἀναπτεροῖ,</span> <span class='ocrx_word' id='word_1_98' title='bbox 1303 1549 1422 1611; x_wconf 82' lang='grc' dir='ltr'>ταῖς</span> <span class='ocrx_word' id='word_1_99' title='bbox 1503 1549 1734 1606; x_wconf 81' lang='grc' dir='ltr'>ἀποστο-</span> 
     </span>
    </p>
   </div>
   <div class='ocr_carea' id='block_1_17' title="bbox 141 1621 1735 1710">
    <p class='ocr_par' dir='ltr' id='par_1_17' title="bbox 141 1621 1735 1710">
     <span class='ocr_line' id='line_1_17' title="bbox 141 1621 1735 1710; baseline 0.014 -37"><span class='ocrx_word' id='word_1_100' title='bbox 141 1621 321 1687; x_wconf 83' lang='grc' dir='ltr'>λικαίς</span> <span class='ocrx_word' id='word_1_101' title='bbox 369 1627 719 1694; x_wconf 81' lang='grc' dir='ltr'>αύτοπτικῶς</span> <span class='ocrx_word' id='word_1_102' title='bbox 769 1635 1048 1705; x_wconf 76' lang='grc' dir='ltr'>ἐντρυφῶν</span> <span class='ocrx_word' id='word_1_103' title='bbox 1094 1636 1367 1710; x_wconf 84' lang='grc' dir='ltr'>διδαχαῖς,</span> <span class='ocrx_word' id='word_1_104' title='bbox 1414 1641 1509 1693; x_wconf 61' lang='grc' dir='ltr'><strong>καὶ</strong></span> <span class='ocrx_word' id='word_1_105' title='bbox 1557 1642 1735 1695; x_wconf 83' lang='grc' dir='ltr'>πᾶσαν</span> 
     </span>
    </p>
   </div>
   <div class='ocr_carea' id='block_1_18' title="bbox 142 1719 1735 1808">
    <p class='ocr_par' dir='ltr' id='par_1_18' title="bbox 142 1719 1735 1808">
     <span class='ocr_line' id='line_1_18' title="bbox 142 1719 1735 1808; baseline 0.013 -41"><span class='ocrx_word' id='word_1_106' title='bbox 142 1719 340 1789; x_wconf 78' lang='grc' dir='ltr'>καινήν</span> <span class='ocrx_word' id='word_1_107' title='bbox 387 1737 448 1772; x_wconf 88' lang='grc' dir='ltr'><strong>τε</strong></span> <span class='ocrx_word' id='word_1_108' title='bbox 500 1723 598 1775; x_wconf 77' lang='grc' dir='ltr'>καὶ</span> <span class='ocrx_word' id='word_1_109' title='bbox 635 1724 868 1778; x_wconf 85' lang='grc' dir='ltr'>παλαιὰν</span> <span class='ocrx_word' id='word_1_110' title='bbox 917 1727 1218 1800; x_wconf 85' lang='grc' dir='ltr'>ίερολογίαν</span> <span class='ocrx_word' id='word_1_111' title='bbox 1259 1732 1531 1803; x_wconf 80' lang='grc' dir='ltr'>ἀναπνοὴν</span> <span class='ocrx_word' id='word_1_112' title='bbox 1559 1732 1735 1808; x_wconf 79' lang='grc' dir='ltr'>ἐαυτῷ</span> 
     </span>
    </p>
   </div>
   <div class='ocr_carea' id='block_1_19' title="bbox 139 1809 1734 1895">
    <p class='ocr_par' dir='ltr' id='par_1_19' title="bbox 139 1809 1734 1895">
     <span class='ocr_line' id='line_1_19' title="bbox 139 1809 1734 1895; baseline 0.012 -36"><span class='ocrx_word' id='word_1_113' title='bbox 139 1809 234 1860; x_wconf 79' lang='grc' dir='ltr'><strong>καὶ</strong></span> <span class='ocrx_word' id='word_1_114' title='bbox 273 1813 485 1882; x_wconf 84' lang='grc' dir='ltr'>τροφὴν</span> <span class='ocrx_word' id='word_1_115' title='bbox 518 1818 1003 1889; x_wconf 77' lang='grc' dir='ltr'>κατεργαζόμενος,</span> <span class='ocrx_word' id='word_1_116' title='bbox 1034 1817 1145 1884; x_wconf 87' lang='grc' dir='ltr'>τοῖς</span> <span class='ocrx_word' id='word_1_117' title='bbox 1174 1822 1275 1893; x_wconf 87' lang='grc' dir='ltr'><strong>τῆς</strong></span> <span class='ocrx_word' id='word_1_118' title='bbox 1306 1824 1614 1895; x_wconf 82' lang='grc' dir='ltr'>πρακτικῆς</span> <span class='ocrx_word' id='word_1_119' title='bbox 1643 1825 1734 1878; x_wconf 78' lang='grc' dir='ltr'><strong>καὶ</strong></span> 
     </span>
    </p>
   </div>
   <div class='ocr_carea' id='block_1_20' title="bbox 1841 636 3414 706">
    <p class='ocr_par' dir='ltr' id='par_1_20' title="bbox 1841 636 3414 706">
     <span class='ocr_line' id='line_1_20' title="bbox 1841 636 3414 706; baseline 0.009 -16"><span class='ocrx_word' id='word_1_120' title='bbox 1841 643 2044 706; x_wconf 90' lang='lat' dir='ltr'><strong>ctuque</strong></span> <span class='ocrx_word' id='word_1_121' title='bbox 2103 636 2348 692; x_wconf 90' lang='lat' dir='ltr'><strong>intentus</strong></span> <span class='ocrx_word' id='word_1_122' title='bbox 2391 647 2562 692; x_wconf 89' lang='lat' dir='ltr'><strong>totam</strong></span> <span class='ocrx_word' id='word_1_123' title='bbox 2613 647 2829 694; x_wconf 82' lang='lat' dir='ltr'><strong>noctem</strong></span> <span class='ocrx_word' id='word_1_124' title='bbox 2882 642 3032 696; x_wconf 86' lang='lat' dir='ltr'><strong>ducit</strong></span> <span class='ocrx_word' id='word_1_125' title='bbox 3087 644 3414 704; x_wconf 83' lang='lat' dir='ltr'><strong>insomnem.</strong></span> 
     </span>
    </p>
   </div>
   <div class='ocr_carea' id='block_1_21' title="bbox 1840 727 3420 808">
    <p class='ocr_par' dir='ltr' id='par_1_21' title="bbox 1840 727 3420 808">
     <span class='ocr_line' id='line_1_21' title="bbox 1840 727 3420 808; baseline 0.01 -28"><span class='ocrx_word' id='word_1_126' title='bbox 1840 727 2072 782; x_wconf 85' lang='lat' dir='ltr'><strong>Carnem</strong></span> <span class='ocrx_word' id='word_1_127' title='bbox 2101 727 2330 798; x_wconf 88' lang='lat' dir='ltr'><strong>jejuniis</strong></span> <span class='ocrx_word' id='word_1_128' title='bbox 2360 729 2566 795; x_wconf 87' lang='lat' dir='ltr'><strong>domat,</strong></span> <span class='ocrx_word' id='word_1_129' title='bbox 2600 739 2654 786; x_wconf 89' lang='lat' dir='ltr'><strong>et</strong></span> <span class='ocrx_word' id='word_1_130' title='bbox 2681 731 3006 789; x_wconf 70' lang='lat' dir='ltr'><strong>deteriorem</strong></span> <span class='ocrx_word' id='word_1_131' title='bbox 3041 744 3249 805; x_wconf 87' lang='lat' dir='ltr'><strong>partem</strong></span> <span class='ocrx_word' id='word_1_132' title='bbox 3279 755 3420 808; x_wconf 74' lang='lat' dir='ltr'><strong>prae-</strong></span> 
     </span>
    </p>
   </div>
   <div class='ocr_carea' id='block_1_22' title="bbox 1840 817 3418 892">
    <p class='ocr_par' dir='ltr' id='par_1_22' title="bbox 1840 817 3418 892">
     <span class='ocr_line' id='line_1_22' title="bbox 1840 817 3418 892; baseline 0.01 -21"><span class='ocrx_word' id='word_1_133' title='bbox 1840 817 2097 872; x_wconf 87' lang='lat' dir='ltr'><strong>stantiori</strong></span> <span class='ocrx_word' id='word_1_134' title='bbox 2128 819 2375 889; x_wconf 89' lang='lat' dir='ltr'><strong>subjicit,</strong></span> <span class='ocrx_word' id='word_1_135' title='bbox 2409 836 2603 891; x_wconf 86' lang='lat' dir='ltr'><strong>nempe</strong></span> <span class='ocrx_word' id='word_1_136' title='bbox 2633 823 2911 892; x_wconf 73' lang='lat' dir='ltr'><strong>pulverem</strong></span> <span class='ocrx_word' id='word_1_137' title='bbox 2945 827 3134 890; x_wconf 91' lang='lat' dir='ltr'><strong>menti,</strong></span> <span class='ocrx_word' id='word_1_138' title='bbox 3164 839 3220 882; x_wconf 92' lang='lat' dir='ltr'><strong>et</strong></span> <span class='ocrx_word' id='word_1_139' title='bbox 3243 837 3418 886; x_wconf 83' lang='lat' dir='ltr'><strong>terre-</strong></span> 
     </span>
    </p>
   </div>
   <div class='ocr_carea' id='block_1_23' title="bbox 1839 913 3416 988">
    <p class='ocr_par' dir='ltr' id='par_1_23' title="bbox 1839 913 3416 988">
     <span class='ocr_line' id='line_1_23' title="bbox 1839 913 3416 988; baseline 0.008 -22"><span class='ocrx_word' id='word_1_140' title='bbox 1839 927 1966 966; x_wconf 91' lang='lat' dir='ltr'><strong>nam</strong></span> <span class='ocrx_word' id='word_1_141' title='bbox 1991 913 2435 980; x_wconf 77' lang='lat' dir='ltr'><strong>crassitudinem,</strong></span> <span class='ocrx_word' id='word_1_142' title='bbox 2460 931 2582 986; x_wconf 52' lang='lat' dir='ltr'><strong>quae</strong></span> <span class='ocrx_word' id='word_1_143' title='bbox 2603 917 2857 972; x_wconf 88' lang='lat' dir='ltr'><strong>sensibus</strong></span> <span class='ocrx_word' id='word_1_144' title='bbox 2883 919 3107 988; x_wconf 89' lang='lat' dir='ltr'><strong>perinde</strong></span> <span class='ocrx_word' id='word_1_145' title='bbox 3127 936 3192 976; x_wconf 89' lang='lat' dir='ltr'><strong>ac</strong></span> <span class='ocrx_word' id='word_1_146' title='bbox 3219 923 3416 978; x_wconf 88' lang='lat' dir='ltr'><strong>nebula</strong></span> 
     </span>
    </p>
   </div>
   <div class='ocr_carea' id='block_1_24' title="bbox 1838 1006 3418 1086">
    <p class='ocr_par' dir='ltr' id='par_1_24' title="bbox 1838 1006 3418 1086">
     <span class='ocr_line' id='line_1_24' title="bbox 1838 1006 3418 1086; baseline 0.009 -27"><span class='ocrx_word' id='word_1_147' title='bbox 1838 1006 2090 1075; x_wconf 64' lang='lat' dir='ltr'><strong>quaedam</strong></span> <span class='ocrx_word' id='word_1_148' title='bbox 2119 1007 2408 1063; x_wconf 91' lang='lat' dir='ltr'><strong>tenebrosa</strong></span> <span class='ocrx_word' id='word_1_149' title='bbox 2446 1009 2718 1065; x_wconf 90' lang='lat' dir='ltr'><strong>solarihus</strong></span> <span class='ocrx_word' id='word_1_150' title='bbox 2766 1026 2888 1067; x_wconf 87' lang='lat' dir='ltr'><strong>sese</strong></span> <span class='ocrx_word' id='word_1_151' title='bbox 2935 1012 3102 1069; x_wconf 88' lang='lat' dir='ltr'><strong>radiis</strong></span> <span class='ocrx_word' id='word_1_152' title='bbox 3141 1029 3418 1086; x_wconf 79' lang='lat' dir='ltr'><strong>Opponere</strong></span> 
     </span>
    </p>
   </div>
   <div class='ocr_carea' id='block_1_25' title="bbox 1838 1099 3420 1174">
    <p class='ocr_par' dir='ltr' id='par_1_25' title="bbox 1838 1099 3420 1174">
     <span class='ocr_line' id='line_1_25' title="bbox 1838 1099 3420 1174; baseline 0.007 -22"><span class='ocrx_word' id='word_1_153' title='bbox 1838 1099 2141 1163; x_wconf 83' lang='lat' dir='ltr'><strong>consuevit,</strong></span> <span class='ocrx_word' id='word_1_154' title='bbox 2171 1099 2516 1156; x_wconf 89' lang='lat' dir='ltr'><strong>comminuit.</strong></span> <span class='ocrx_word' id='word_1_155' title='bbox 2566 1100 2704 1156; x_wconf 90' lang='lat' dir='ltr'><strong>llinc</strong></span> <span class='ocrx_word' id='word_1_156' title='bbox 2735 1101 2802 1156; x_wconf 89' lang='lat' dir='ltr'><strong>ad</strong></span> <span class='ocrx_word' id='word_1_157' title='bbox 2831 1105 3224 1174; x_wconf 85' lang='lat' dir='ltr'><strong>speculatioais</strong></span> <span class='ocrx_word' id='word_1_158' title='bbox 3252 1109 3420 1165; x_wconf 38' lang='lat' dir='ltr'><strong>celsis</strong></span> 
     </span>
    </p>
   </div>
   <div class='ocr_carea' id='block_1_26' title="bbox 1837 1186 3418 1265">
    <p class='ocr_par' dir='ltr' id='par_1_26' title="bbox 1837 1186 3418 1265">
     <span class='ocr_line' id='line_1_26' title="bbox 1837 1186 3418 1265; baseline 0.011 -25"><span class='ocrx_word' id='word_1_159' title='bbox 1837 1186 2078 1243; x_wconf 91' lang='lat' dir='ltr'><strong>tudinem</strong></span> <span class='ocrx_word' id='word_1_160' title='bbox 2129 1188 2356 1253; x_wconf 88' lang='lat' dir='ltr'><strong>tollitur,</strong></span> <span class='ocrx_word' id='word_1_161' title='bbox 2391 1191 2728 1263; x_wconf 75' lang='lat' dir='ltr'><strong>libenterque</strong></span> <span class='ocrx_word' id='word_1_162' title='bbox 2778 1195 2831 1246; x_wconf 92' lang='lat' dir='ltr'><strong>in</strong></span> <span class='ocrx_word' id='word_1_163' title='bbox 2884 1195 3310 1265; x_wconf 81' lang='lat' dir='ltr'><strong>cogitationibus</strong></span> <span class='ocrx_word' id='word_1_164' title='bbox 3350 1200 3418 1257; x_wconf 88' lang='lat' dir='ltr'><strong>de</strong></span> 
     </span>
    </p>
   </div>
   <div class='ocr_carea' id='block_1_27' title="bbox 1836 1276 3418 1358">
    <p class='ocr_par' dir='ltr' id='par_1_27' title="bbox 1836 1276 3418 1358">
     <span class='ocr_line' id='line_1_27' title="bbox 1836 1276 3418 1358; baseline 0.009 -26"><span class='ocrx_word' id='word_1_165' title='bbox 1836 1276 1948 1333; x_wconf 82' lang='lat' dir='ltr'><strong>Deo</strong></span> <span class='ocrx_word' id='word_1_166' title='bbox 1978 1289 2250 1346; x_wconf 84' lang='lat' dir='ltr'><strong>versatur,</strong></span> <span class='ocrx_word' id='word_1_167' title='bbox 2283 1282 2524 1336; x_wconf 84' lang='lat' dir='ltr'><strong>divinam</strong></span> <span class='ocrx_word' id='word_1_168' title='bbox 2551 1285 2748 1339; x_wconf 74' lang='lat' dir='ltr'><strong>animae</strong></span> <span class='ocrx_word' id='word_1_169' title='bbox 2765 1284 2992 1358; x_wconf 87' lang='lat' dir='ltr'><strong>eﬁigiem</strong></span> <span class='ocrx_word' id='word_1_170' title='bbox 3016 1289 3084 1343; x_wconf 85' lang='lat' dir='ltr'><strong>ab</strong></span> <span class='ocrx_word' id='word_1_171' title='bbox 3103 1293 3253 1346; x_wconf 89' lang='lat' dir='ltr'><strong>omni</strong></span> <span class='ocrx_word' id='word_1_172' title='bbox 3283 1307 3418 1348; x_wconf 90' lang='lat' dir='ltr'><strong>con-</strong></span> 
     </span>
    </p>
   </div>
   <div class='ocr_carea' id='block_1_28' title="bbox 1837 1369 3420 1452">
    <p class='ocr_par' dir='ltr' id='par_1_28' title="bbox 1837 1369 3420 1452">
     <span class='ocr_line' id='line_1_28' title="bbox 1837 1369 3420 1452; baseline 0.009 -27"><span class='ocrx_word' id='word_1_173' title='bbox 1837 1369 2170 1426; x_wconf 85' lang='lat' dir='ltr'><strong>sideratione</strong></span> <span class='ocrx_word' id='word_1_174' title='bbox 2197 1379 2414 1427; x_wconf 84' lang='lat' dir='ltr'><strong>terrena</strong></span> <span class='ocrx_word' id='word_1_175' title='bbox 2458 1388 2768 1438; x_wconf 88' lang='lat' dir='ltr'><strong>removens,</strong></span> <span class='ocrx_word' id='word_1_176' title='bbox 2801 1386 2858 1432; x_wconf 89' lang='lat' dir='ltr'><strong>et</strong></span> <span class='ocrx_word' id='word_1_177' title='bbox 2898 1379 3200 1448; x_wconf 90' lang='lat' dir='ltr'><strong>spiritualis</strong></span> <span class='ocrx_word' id='word_1_178' title='bbox 3243 1382 3420 1452; x_wconf 78' lang='lat' dir='ltr'><strong>ipsius</strong></span> 
     </span>
    </p>
   </div>
   <div class='ocr_carea' id='block_1_29' title="bbox 1836 1463 3420 1542">
    <p class='ocr_par' dir='ltr' id='par_1_29' title="bbox 1836 1463 3420 1542">
     <span class='ocr_line' id='line_1_29' title="bbox 1836 1463 3420 1542; baseline 0.008 -25"><span class='ocrx_word' id='word_1_179' title='bbox 1836 1463 2030 1520; x_wconf 87' lang='lat' dir='ltr'><strong>oculus</strong></span> <span class='ocrx_word' id='word_1_180' title='bbox 2057 1465 2125 1518; x_wconf 89' lang='lat' dir='ltr'><strong>ad</strong></span> <span class='ocrx_word' id='word_1_181' title='bbox 2156 1465 2460 1522; x_wconf 83' lang='lat' dir='ltr'><strong>claritatem</strong></span> <span class='ocrx_word' id='word_1_182' title='bbox 2491 1467 2639 1522; x_wconf 87' lang='lat' dir='ltr'><strong>illam</strong></span> <span class='ocrx_word' id='word_1_183' title='bbox 2681 1484 2803 1538; x_wconf 70' lang='lat' dir='ltr'><strong>qua!</strong></span> <span class='ocrx_word' id='word_1_184' title='bbox 2845 1470 2993 1526; x_wconf 88' lang='lat' dir='ltr'><strong>illinc</strong></span> <span class='ocrx_word' id='word_1_185' title='bbox 3026 1471 3242 1542; x_wconf 79' lang='lat' dir='ltr'><strong>cil‘ulget</strong></span> <span class='ocrx_word' id='word_1_186' title='bbox 3269 1481 3420 1530; x_wconf 81' lang='lat' dir='ltr'><strong>totus</strong></span> 
     </span>
    </p>
   </div>
   <div class='ocr_carea' id='block_1_30' title="bbox 1835 1553 3420 1631">
    <p class='ocr_par' dir='ltr' id='par_1_30' title="bbox 1835 1553 3420 1631">
     <span class='ocr_line' id='line_1_30' title="bbox 1835 1553 3420 1631; baseline 0.006 -22"><span class='ocrx_word' id='word_1_187' title='bbox 1835 1553 2032 1619; x_wconf 78' lang='lat' dir='ltr'><strong>evolat,</strong></span> <span class='ocrx_word' id='word_1_188' title='bbox 2062 1561 2116 1612; x_wconf 92' lang='lat' dir='ltr'><strong>et</strong></span> <span class='ocrx_word' id='word_1_189' title='bbox 2169 1555 2222 1608; x_wconf 92' lang='lat' dir='ltr'><strong>in</strong></span> <span class='ocrx_word' id='word_1_190' title='bbox 2266 1557 2586 1626; x_wconf 86' lang='lat' dir='ltr'><strong>apostolicis</strong></span> <span class='ocrx_word' id='word_1_191' title='bbox 2617 1557 2889 1630; x_wconf 75' lang='lat' dir='ltr'><strong>doctrinis</strong></span> <span class='ocrx_word' id='word_1_192' title='bbox 2930 1564 3182 1631; x_wconf 76' lang='lat' dir='ltr'><strong>przesenti</strong></span> <span class='ocrx_word' id='word_1_193' title='bbox 3235 1565 3420 1618; x_wconf 82' lang='lat' dir='ltr'><strong>animo</strong></span> 
     </span>
    </p>
   </div>
   <div class='ocr_carea' id='block_1_31' title="bbox 1835 1647 3420 1724">
    <p class='ocr_par' dir='ltr' id='par_1_31' title="bbox 1835 1647 3420 1724">
     <span class='ocr_line' id='line_1_31' title="bbox 1835 1647 3420 1724; baseline 0.004 -20"><span class='ocrx_word' id='word_1_194' title='bbox 1835 1647 2142 1706; x_wconf 84' lang='lat' dir='ltr'><strong>deiiciatur.</strong></span> <span class='ocrx_word' id='word_1_195' title='bbox 2174 1648 2380 1705; x_wconf 87' lang='lat' dir='ltr'><strong>Novam</strong></span> <span class='ocrx_word' id='word_1_196' title='bbox 2412 1652 2541 1709; x_wconf 86' lang='lat' dir='ltr'><strong>item</strong></span> <span class='ocrx_word' id='word_1_197' title='bbox 2572 1667 2790 1708; x_wconf 88' lang='lat' dir='ltr'><strong>omnem</strong></span> <span class='ocrx_word' id='word_1_198' title='bbox 2822 1661 2988 1724; x_wconf 90' lang='lat' dir='ltr'><strong>atque</strong></span> <span class='ocrx_word' id='word_1_199' title='bbox 3018 1663 3254 1710; x_wconf 85' lang='lat' dir='ltr'><strong>veterem</strong></span> <span class='ocrx_word' id='word_1_200' title='bbox 3281 1654 3420 1710; x_wconf 78' lang='lat' dir='ltr'><strong>divi-</strong></span> 
     </span>
    </p>
   </div>
   <div class='ocr_carea' id='block_1_32' title="bbox 1835 1743 3419 1815">
    <p class='ocr_par' dir='ltr' id='par_1_32' title="bbox 1835 1743 3419 1815">
     <span class='ocr_line' id='line_1_32' title="bbox 1835 1743 3419 1815; baseline 0.003 -18"><span class='ocrx_word' id='word_1_201' title='bbox 1835 1758 1918 1797; x_wconf 71' lang='lat' dir='ltr'><strong>nte</strong></span> <span class='ocrx_word' id='word_1_202' title='bbox 1951 1744 2084 1813; x_wconf 82' lang='lat' dir='ltr'><strong>legis</strong></span> <span class='ocrx_word' id='word_1_203' title='bbox 2115 1745 2488 1815; x_wconf 87' lang='lat' dir='ltr'><strong>scriptionem,</strong></span> <span class='ocrx_word' id='word_1_204' title='bbox 2530 1743 2692 1815; x_wconf 87' lang='lat' dir='ltr'><strong>idque</strong></span> <span class='ocrx_word' id='word_1_205' title='bbox 2715 1744 2936 1801; x_wconf 85' lang='lat' dir='ltr'><strong>virtutis</strong></span> <span class='ocrx_word' id='word_1_206' title='bbox 2963 1746 3113 1802; x_wconf 91' lang='lat' dir='ltr'><strong>illius</strong></span> <span class='ocrx_word' id='word_1_207' title='bbox 3138 1748 3419 1802; x_wconf 87' lang='lat' dir='ltr'><strong>abundan-</strong></span> 
     </span>
    </p>
   </div>
   <div class='ocr_carea' id='block_1_33' title="bbox 1837 1835 3420 1909">
    <p class='ocr_par' dir='ltr' id='par_1_33' title="bbox 1837 1835 3420 1909">
     <span class='ocr_line' id='line_1_33' title="bbox 1837 1835 3420 1909; baseline 0.004 -23"><span class='ocrx_word' id='word_1_208' title='bbox 1837 1835 1932 1900; x_wconf 91' lang='lat' dir='ltr'><strong>tia,</strong></span> <span class='ocrx_word' id='word_1_209' title='bbox 1966 1852 2087 1905; x_wconf 81' lang='lat' dir='ltr'><strong>qu:e</strong></span> <span class='ocrx_word' id='word_1_210' title='bbox 2133 1836 2188 1890; x_wconf 92' lang='lat' dir='ltr'><strong>in</strong></span> <span class='ocrx_word' id='word_1_211' title='bbox 2235 1837 2454 1892; x_wconf 86' lang='lat' dir='ltr'><strong>actione</strong></span> <span class='ocrx_word' id='word_1_212' title='bbox 2482 1843 2536 1892; x_wconf 88' lang='lat' dir='ltr'><strong>et</strong></span> <span class='ocrx_word' id='word_1_213' title='bbox 2561 1839 3028 1909; x_wconf 88' lang='lat' dir='ltr'><strong>contemplatione</strong></span> <span class='ocrx_word' id='word_1_214' title='bbox 3058 1848 3329 1906; x_wconf 86' lang='lat' dir='ltr'><strong>versatur,</strong></span> <span class='ocrx_word' id='word_1_215' title='bbox 3362 1848 3420 1893; x_wconf 91' lang='lat' dir='ltr'><strong>ut</strong></span> 
     </span>
    </p>
   </div>
   <div class='ocr_carea' id='block_1_34' title="bbox 141 1899 1725 1999">
    <p class='ocr_par' dir='ltr' id='par_1_34' title="bbox 141 1899 1725 1984">
     <span class='ocr_line' id='line_1_34' title="bbox 141 1899 1725 1984; baseline 0.012 -33"><span class='ocrx_word' id='word_1_216' title='bbox 141 1899 492 1974; x_wconf 73' lang='grc' dir='ltr'>θεωρητικῆς</span> <span class='ocrx_word' id='word_1_217' title='bbox 527 1906 728 1977; x_wconf 85' lang='grc' dir='ltr'>ἀρετῆς</span> <span class='ocrx_word' id='word_1_218' title='bbox 763 1909 1214 1984; x_wconf 84' lang='grc' dir='ltr'>πλεονεκτήμασι,</span> <span class='ocrx_word' id='word_1_219' title='bbox 1249 1918 1363 1978; x_wconf 84' lang='grc' dir='ltr'>τοῖς</span> <span class='ocrx_word' id='word_1_220' title='bbox 1393 1915 1606 1969; x_wconf 83' lang='grc' dir='ltr'>Παύλου</span> <span class='ocrx_word' id='word_1_221' title='bbox 1633 1916 1725 1970; x_wconf 88' lang='grc' dir='ltr'><strong>τοῦ</strong></span> 
     </span>
    </p>
   </div>
   <div class='ocr_carea' id='block_1_35' title="bbox 1827 1899 3419 1999">
    <p class='ocr_par' dir='ltr' id='par_1_35' title="bbox 1832 1929 3419 1999">
     <span class='ocr_line' id='line_1_35' title="bbox 1832 1929 3419 1999; baseline 0.004 -17"><span class='ocrx_word' id='word_1_222' title='bbox 1832 1929 2248 1999; x_wconf 88' lang='lat' dir='ltr'><strong>respirationem</strong></span> <span class='ocrx_word' id='word_1_223' title='bbox 2298 1931 2402 1985; x_wconf 88' lang='lat' dir='ltr'><strong>sibi</strong></span> <span class='ocrx_word' id='word_1_224' title='bbox 2464 1946 2529 1986; x_wconf 87' lang='lat' dir='ltr'><strong>ac</strong></span> <span class='ocrx_word' id='word_1_225' title='bbox 2575 1932 2757 1987; x_wconf 92' lang='lat' dir='ltr'><strong>cibum</strong></span> <span class='ocrx_word' id='word_1_226' title='bbox 2805 1934 3110 1989; x_wconf 89' lang='lat' dir='ltr'><strong>constituit.</strong></span> <span class='ocrx_word' id='word_1_227' title='bbox 3149 1933 3246 1990; x_wconf 88' lang='lat' dir='ltr'><strong>Hic</strong></span> <span class='ocrx_word' id='word_1_228' title='bbox 3295 1951 3419 1989; x_wconf 88' lang='lat' dir='ltr'><strong>eum</strong></span> 
     </span>
    </p>
   </div>
   <div class='ocr_carea' id='block_1_36' title="bbox 139 1993 1732 2080">
    <p class='ocr_par' dir='ltr' id='par_1_36' title="bbox 139 1993 1732 2080">
     <span class='ocr_line' id='line_1_36' title="bbox 139 1993 1732 2080; baseline 0.011 -37"><span class='ocrx_word' id='word_1_229' title='bbox 139 1993 417 2066; x_wconf 82' lang='grc' dir='ltr'>μακαρίου</span> <span class='ocrx_word' id='word_1_230' title='bbox 447 1996 892 2065; x_wconf 85' lang='grc' dir='ltr'>διοπτικωτάτοις</span> <span class='ocrx_word' id='word_1_231' title='bbox 927 2006 1258 2074; x_wconf 78' lang='grc' dir='ltr'>καταφανεὶς</span> <span class='ocrx_word' id='word_1_232' title='bbox 1293 2007 1606 2080; x_wconf 79' lang='grc' dir='ltr'>ὀφθαλμοῖς,</span> <span class='ocrx_word' id='word_1_233' title='bbox 1640 2010 1732 2062; x_wconf 65' lang='grc' dir='ltr'><strong>καὶ¹</strong></span> 
     </span>
    </p>
   </div>
   <div class='ocr_carea' id='block_1_37' title="bbox 139 2083 1731 2177">
    <p class='ocr_par' dir='ltr' id='par_1_37' title="bbox 139 2083 1731 2177">
     <span class='ocr_line' id='line_1_37' title="bbox 139 2083 1731 2177; baseline 0.013 -43"><span class='ocrx_word' id='word_1_234' title='bbox 139 2083 352 2177; x_wconf 63' lang='grc' dir='ltr'>βαθμοῦ</span> <span class='ocrx_word' id='word_1_235' title='bbox 409 2087 508 2140; x_wconf 86' lang='grc' dir='ltr'><strong>τοῦ</strong></span> <span class='ocrx_word' id='word_1_236' title='bbox 562 2090 662 2160; x_wconf 88' lang='grc' dir='ltr'><strong>τῆς</strong></span> <span class='ocrx_word' id='word_1_237' title='bbox 716 2093 996 2166; x_wconf 87' lang='grc' dir='ltr'>ίεραρχίας</span> <span class='ocrx_word' id='word_1_238' title='bbox 1044 2096 1193 2166; x_wconf 78' lang='grc' dir='ltr'>ἄξιος</span> <span class='ocrx_word' id='word_1_239' title='bbox 1241 2101 1471 2170; x_wconf 76' lang='grc' dir='ltr'>κριθεὶς,</span> <span class='ocrx_word' id='word_1_240' title='bbox 1518 2100 1731 2177; x_wconf 89' lang='grc' dir='ltr'>πρῶτος</span> 
     </span>
    </p>
   </div>
   <div class='ocr_carea' id='block_1_38' title="bbox 150 2176 1730 2266">
    <p class='ocr_par' dir='ltr' id='par_1_38' title="bbox 150 2176 1730 2266">
     <span class='ocr_line' id='line_1_38' title="bbox 150 2176 1730 2266; baseline 0.013 -39"><span class='ocrx_word' id='word_1_241' title='bbox 150 2176 396 2248; x_wconf 84' lang='grc' dir='ltr'>Ἀθηνῶν</span> <span class='ocrx_word' id='word_1_242' title='bbox 423 2181 727 2248; x_wconf 76' lang='grc' dir='ltr'>ἐπίσκοπος</span> <span class='ocrx_word' id='word_1_243' title='bbox 754 2187 844 2240; x_wconf 85' lang='grc' dir='ltr'>ὑπ’</span> <span class='ocrx_word' id='word_1_244' title='bbox 871 2189 1033 2242; x_wconf 80' lang='grc' dir='ltr'>αὑτοῦ</span> <span class='ocrx_word' id='word_1_245' title='bbox 1068 2192 1494 2266; x_wconf 78' lang='grc' dir='ltr'>προχειρίζεται,</span> <span class='ocrx_word' id='word_1_246' title='bbox 1519 2195 1610 2247; x_wconf 73' lang='grc' dir='ltr'>καὶ</span> <span class='ocrx_word' id='word_1_247' title='bbox 1628 2194 1730 2266; x_wconf 89' lang='grc' dir='ltr'><strong>τῆς</strong></span> 
     </span>
    </p>
   </div>
   <div class='ocr_carea' id='block_1_39' title="bbox 133 2269 1729 2358">
    <p class='ocr_par' dir='ltr' id='par_1_39' title="bbox 133 2269 1729 2358">
     <span class='ocr_line' id='line_1_39' title="bbox 133 2269 1729 2358; baseline 0.013 -39"><span class='ocrx_word' id='word_1_248' title='bbox 133 2269 345 2333; x_wconf 80' lang='grc' dir='ltr'>οἰκείας</span> <span class='ocrx_word' id='word_1_249' title='bbox 376 2274 641 2344; x_wconf 82' lang='grc' dir='ltr'>πατρίδος</span> <span class='ocrx_word' id='word_1_250' title='bbox 669 2278 848 2350; x_wconf 79' lang='grc' dir='ltr'>πατὴρ</span> <span class='ocrx_word' id='word_1_251' title='bbox 883 2281 1291 2353; x_wconf 83' lang='grc' dir='ltr'>ἀναγορεύεται,</span> <span class='ocrx_word' id='word_1_252' title='bbox 1329 2287 1420 2338; x_wconf 73' lang='grc' dir='ltr'>καὶ</span> <span class='ocrx_word' id='word_1_253' title='bbox 1451 2285 1521 2339; x_wconf 81' lang='grc' dir='ltr'><strong>τὰ</strong></span> <span class='ocrx_word' id='word_1_254' title='bbox 1563 2287 1729 2358; x_wconf 67' lang='grc' dir='ltr'>ἀκροα</span> 
     </span>
    </p>
   </div>
   <div class='ocr_carea' id='block_1_40' title="bbox 137 2359 1730 2446">
    <p class='ocr_par' dir='ltr' id='par_1_40' title="bbox 137 2359 1730 2446">
     <span class='ocr_line' id='line_1_40' title="bbox 137 2359 1730 2446; baseline 0.012 -33"><span class='ocrx_word' id='word_1_255' title='bbox 137 2359 283 2416; x_wconf 85' lang='grc' dir='ltr'>θίνια</span> <span class='ocrx_word' id='word_1_256' title='bbox 317 2364 432 2418; x_wconf 85' lang='grc' dir='ltr'><strong>τῶν</strong></span> <span class='ocrx_word' id='word_1_257' title='bbox 465 2364 701 2435; x_wconf 82' lang='grc' dir='ltr'>λογικῶν</span> <span class='ocrx_word' id='word_1_258' title='bbox 734 2374 1072 2444; x_wconf 79' lang='grc' dir='ltr'>πραγμάτων</span> <span class='ocrx_word' id='word_1_259' title='bbox 1106 2361 1490 2446; x_wconf 79' lang='grc' dir='ltr'>ἐγχειρίζεται,</span> <span class='ocrx_word' id='word_1_260' title='bbox 1519 2379 1613 2432; x_wconf 78' lang='grc' dir='ltr'>καὶ</span> <span class='ocrx_word' id='word_1_261' title='bbox 1640 2379 1730 2432; x_wconf 80' lang='grc' dir='ltr'><strong>τὸν</strong></span> 
     </span>
    </p>
   </div>
   <div class='ocr_carea' id='block_1_41' title="bbox 132 2455 1730 2546">
    <p class='ocr_par' dir='ltr' id='par_1_41' title="bbox 132 2455 1730 2546">
     <span class='ocr_line' id='line_1_41' title="bbox 132 2455 1730 2546; baseline 0.012 -40"><span class='ocrx_word' id='word_1_262' title='bbox 132 2455 325 2508; x_wconf 65' lang='grc' dir='ltr'>αὐτόθι</span> <span class='ocrx_word' id='word_1_263' title='bbox 378 2463 783 2516; x_wconf 84' lang='grc' dir='ltr'>πεπιστευκότα</span> <span class='ocrx_word' id='word_1_264' title='bbox 829 2465 955 2519; x_wconf 84' lang='grc' dir='ltr'>λαὸν</span> <span class='ocrx_word' id='word_1_265' title='bbox 1002 2468 1428 2538; x_wconf 79' lang='grc' dir='ltr'>ὲμπιστεύεται’</span> <span class='ocrx_word' id='word_1_266' title='bbox 1477 2470 1582 2524; x_wconf 75' lang='grc' dir='ltr'>ἔδει</span> <span class='ocrx_word' id='word_1_267' title='bbox 1622 2470 1730 2546; x_wconf 84' lang='grc' dir='ltr'><strong>γὰρ</strong></span> 
     </span>
    </p>
   </div>
   <div class='ocr_carea' id='block_1_42' title="bbox 135 2547 1731 2635">
    <p class='ocr_par' dir='ltr' id='par_1_42' title="bbox 135 2547 1731 2635">
     <span class='ocr_line' id='line_1_42' title="bbox 135 2547 1731 2635; baseline 0.013 -36"><span class='ocrx_word' id='word_1_268' title='bbox 135 2547 231 2619; x_wconf 77' lang='grc' dir='ltr'>τὴν</span> <span class='ocrx_word' id='word_1_269' title='bbox 289 2551 652 2620; x_wconf 83' lang='grc' dir='ltr'>ἑνεγκοῦσαν,</span> <span class='ocrx_word' id='word_1_270' title='bbox 719 2559 812 2613; x_wconf 76' lang='grc' dir='ltr'><strong>καὶ</strong></span> <span class='ocrx_word' id='word_1_271' title='bbox 870 2559 1241 2635; x_wconf 68' lang='grc' dir='ltr'>θρεψαμένην,</span> <span class='ocrx_word' id='word_1_272' title='bbox 1301 2564 1394 2616; x_wconf 80' lang='grc' dir='ltr'><strong>καὶ</strong></span> <span class='ocrx_word' id='word_1_273' title='bbox 1446 2564 1731 2620; x_wconf 89' lang='grc' dir='ltr'>παιδεύσα-</span> 
     </span>
    </p>
   </div>
   <div class='ocr_carea' id='block_1_43' title="bbox 136 2643 1728 2726">
    <p class='ocr_par' dir='ltr' id='par_1_43' title="bbox 136 2643 1728 2726">
     <span class='ocr_line' id='line_1_43' title="bbox 136 2643 1728 2726; baseline 0.012 -35"><span class='ocrx_word' id='word_1_274' title='bbox 136 2657 235 2692; x_wconf 85' lang='grc' dir='ltr'><strong>σαν</strong></span> <span class='ocrx_word' id='word_1_275' title='bbox 279 2643 461 2708; x_wconf 81' lang='grc' dir='ltr'>πόλιν,</span> <span class='ocrx_word' id='word_1_276' title='bbox 485 2645 566 2715; x_wconf 78' lang='grc' dir='ltr'><strong>τῷ</strong></span> <span class='ocrx_word' id='word_1_277' title='bbox 613 2647 726 2719; x_wconf 84' lang='grc' dir='ltr'>ίδίῳ</span> <span class='ocrx_word' id='word_1_278' title='bbox 773 2648 1130 2725; x_wconf 85' lang='grc' dir='ltr'>βλαστήματι,</span> <span class='ocrx_word' id='word_1_279' title='bbox 1159 2656 1252 2710; x_wconf 77' lang='grc' dir='ltr'><strong>καὶ</strong></span> <span class='ocrx_word' id='word_1_280' title='bbox 1297 2655 1591 2726; x_wconf 84' lang='grc' dir='ltr'>θρέμματι,</span> <span class='ocrx_word' id='word_1_281' title='bbox 1634 2657 1728 2710; x_wconf 81' lang='grc' dir='ltr'>καὶ</span> 
     </span>
    </p>
   </div>
   <div class='ocr_carea' id='block_1_44' title="bbox 136 2736 1728 2821">
    <p class='ocr_par' dir='ltr' id='par_1_44' title="bbox 136 2736 1728 2821">
     <span class='ocr_line' id='line_1_44' title="bbox 136 2736 1728 2821; baseline 0.011 -33"><span class='ocrx_word' id='word_1_282' title='bbox 136 2736 470 2808; x_wconf 85' lang='grc' dir='ltr'>παιδεύματι</span> <span class='ocrx_word' id='word_1_283' title='bbox 513 2739 738 2814; x_wconf 83' lang='grc' dir='ltr'>πρώτην</span> <span class='ocrx_word' id='word_1_284' title='bbox 784 2747 1208 2815; x_wconf 76' lang='grc' dir='ltr'>ἐπαγλαῖζεσθαι</span> <span class='ocrx_word' id='word_1_285' title='bbox 1256 2748 1454 2821; x_wconf 83' lang='grc' dir='ltr'>πρώτῳ</span> <span class='ocrx_word' id='word_1_286' title='bbox 1499 2750 1608 2803; x_wconf 86' lang='grc' dir='ltr'><strong>τῶν</strong></span> <span class='ocrx_word' id='word_1_287' title='bbox 1669 2752 1728 2821; x_wconf 77' lang='grc' dir='ltr'>ἐξ</span> 
     </span>
    </p>
   </div>
   <div class='ocr_carea' id='block_1_45' title="bbox 133 2826 1729 2917">
    <p class='ocr_par' dir='ltr' id='par_1_45' title="bbox 133 2826 1729 2917">
     <span class='ocr_line' id='line_1_45' title="bbox 133 2826 1729 2917; baseline 0.014 -41"><span class='ocrx_word' id='word_1_288' title='bbox 133 2826 304 2897; x_wconf 77' lang='grc' dir='ltr'>αὐτῆς</span> <span class='ocrx_word' id='word_1_289' title='bbox 359 2835 750 2902; x_wconf 82' lang='grc' dir='ltr'>πνευματικῶς</span> <span class='ocrx_word' id='word_1_290' title='bbox 807 2839 1030 2914; x_wconf 79' lang='grc' dir='ltr'>Χριστῷ</span> <span class='ocrx_word' id='word_1_291' title='bbox 1071 2840 1147 2910; x_wconf 85' lang='grc' dir='ltr'><strong>τῷ</strong></span> <span class='ocrx_word' id='word_1_292' title='bbox 1188 2841 1288 2911; x_wconf 86' lang='grc' dir='ltr'><strong>τῆς</strong></span> <span class='ocrx_word' id='word_1_293' title='bbox 1339 2844 1610 2917; x_wconf 90' lang='grc' dir='ltr'>σωτηρίας</span> <span class='ocrx_word' id='word_1_294' title='bbox 1643 2846 1729 2897; x_wconf 81' lang='grc' dir='ltr'>αί-</span> 
     </span>
    </p>
   </div>
   <div class='ocr_carea' id='block_1_46' title="bbox 133 2916 1726 3004">
    <p class='ocr_par' dir='ltr' id='par_1_46' title="bbox 133 2916 1726 3004">
     <span class='ocr_line' id='line_1_46' title="bbox 133 2916 1726 3004; baseline 0.015 -38"><span class='ocrx_word' id='word_1_295' title='bbox 133 2916 228 2987; x_wconf 83' lang='grc' dir='ltr'>τίῳ</span> <span class='ocrx_word' id='word_1_296' title='bbox 273 2923 696 2992; x_wconf 85' lang='grc' dir='ltr'>γεγενημένων,</span> <span class='ocrx_word' id='word_1_297' title='bbox 750 2929 843 2984; x_wconf 67' lang='lat' dir='ltr'><strong>mi.</strong></span> <span class='ocrx_word' id='word_1_298' title='bbox 897 2932 1032 2983; x_wconf 79' lang='grc' dir='ltr'>πᾶσι</span> <span class='ocrx_word' id='word_1_299' title='bbox 1079 2934 1191 2994; x_wconf 82' lang='grc' dir='ltr'>τοῖς</span> <span class='ocrx_word' id='word_1_300' title='bbox 1255 2933 1398 2989; x_wconf 80' lang='grc' dir='ltr'>κατὰ</span> <span class='ocrx_word' id='word_1_301' title='bbox 1459 2916 1570 3004; x_wconf 83' lang='grc' dir='ltr'>βίον</span> <span class='ocrx_word' id='word_1_302' title='bbox 1633 2936 1726 3000; x_wconf 73' lang='grc' dir='ltr'><strong>καὶ</strong></span> 
     </span>
    </p>
   </div>
   <div class='ocr_carea' id='block_1_47' title="bbox 133 3005 1728 3094">
    <p class='ocr_par' dir='ltr' id='par_1_47' title="bbox 133 3005 1728 3094">
     <span class='ocr_line' id='line_1_47' title="bbox 133 3005 1728 3094; baseline 0.013 -34"><span class='ocrx_word' id='word_1_303' title='bbox 133 3005 286 3078; x_wconf 78' lang='grc' dir='ltr'>λόγον</span> <span class='ocrx_word' id='word_1_304' title='bbox 318 3016 616 3084; x_wconf 87' lang='grc' dir='ltr'>πρωτείοις</span> <span class='ocrx_word' id='word_1_305' title='bbox 642 3019 926 3089; x_wconf 84' lang='grc' dir='ltr'>τηλαυγῶς</span> <span class='ocrx_word' id='word_1_306' title='bbox 956 3024 1285 3094; x_wconf 85' lang='grc' dir='ltr'>πρωτεύοντι</span> <span class='ocrx_word' id='word_1_307' title='bbox 1305 3043 1318 3055; x_wconf 83' lang='grc'><strong>·</strong></span> <span class='ocrx_word' id='word_1_308' title='bbox 1343 3026 1437 3078; x_wconf 71' lang='grc' dir='ltr'><strong>καὶ</strong></span> <span class='ocrx_word' id='word_1_309' title='bbox 1470 3030 1585 3091; x_wconf 83' lang='grc' dir='ltr'>ταῖς</span> <span class='ocrx_word' id='word_1_310' title='bbox 1610 3045 1728 3082; x_wconf 84' lang='grc' dir='ltr'>ποι-</span> 
     </span>
    </p>
   </div>
   <div class='ocr_carea' id='block_1_48' title="bbox 136 3107 1722 3188">
    <p class='ocr_par' dir='ltr' id='par_1_48' title="bbox 136 3107 1722 3188">
     <span class='ocr_line' id='line_1_48' title="bbox 136 3107 1722 3188; baseline 0.013 -34"><span class='ocrx_word' id='word_1_311' title='bbox 136 3109 426 3172; x_wconf 85' lang='grc' dir='ltr'>μαντικαῖς</span> <span class='ocrx_word' id='word_1_312' title='bbox 458 3107 557 3160; x_wconf 85' lang='grc' dir='ltr'><strong>τοῦ</strong></span> <span class='ocrx_word' id='word_1_313' title='bbox 602 3112 932 3183; x_wconf 89' lang='grc' dir='ltr'>παναρίστου</span> <span class='ocrx_word' id='word_1_314' title='bbox 964 3115 1124 3180; x_wconf 84' lang='grc' dir='ltr'>υίέως</span> <span class='ocrx_word' id='word_1_315' title='bbox 1153 3118 1400 3188; x_wconf 84' lang='grc' dir='ltr'>ἡγεσίαις</span> <span class='ocrx_word' id='word_1_316' title='bbox 1432 3118 1722 3184; x_wconf 74' lang='grc' dir='ltr'>ἰθύνεσθαι.</span> 
     </span>
    </p>
   </div>
   <div class='ocr_carea' id='block_1_49' title="bbox 133 3195 1723 3284">
    <p class='ocr_par' dir='ltr' id='par_1_49' title="bbox 133 3195 1723 3284">
     <span class='ocr_line' id='line_1_49' title="bbox 133 3195 1723 3284; baseline 0.013 -37"><span class='ocrx_word' id='word_1_317' title='bbox 133 3195 461 3262; x_wconf 75' lang='grc' dir='ltr'>φωτίζοντος</span> <span class='ocrx_word' id='word_1_318' title='bbox 489 3201 662 3273; x_wconf 83' lang='grc' dir='ltr'>αὐτῆς</span> <span class='ocrx_word' id='word_1_319' title='bbox 688 3203 761 3260; x_wconf 77' lang='grc' dir='ltr'>τὰ</span> <span class='ocrx_word' id='word_1_320' title='bbox 790 3205 932 3260; x_wconf 81' lang='grc' dir='ltr'>κατὰ</span> <span class='ocrx_word' id='word_1_321' title='bbox 964 3208 1094 3262; x_wconf 78' lang='grc' dir='ltr'>Θεὸν</span> <span class='ocrx_word' id='word_1_322' title='bbox 1134 3209 1463 3284; x_wconf 74' lang='grc' dir='ltr'>διαδήματα,</span> <span class='ocrx_word' id='word_1_323' title='bbox 1493 3213 1585 3266; x_wconf 78' lang='grc' dir='ltr'>καὶ</span> <span class='ocrx_word' id='word_1_324' title='bbox 1632 3215 1723 3268; x_wconf 80' lang='grc' dir='ltr'><strong>ἐπὶ</strong></span> 
     </span>
    </p>
   </div>
   <div class='ocr_carea' id='block_1_50' title="bbox 133 3291 1724 3380">
    <p class='ocr_par' dir='ltr' id='par_1_50' title="bbox 133 3291 1724 3380">
     <span class='ocr_line' id='line_1_50' title="bbox 133 3291 1724 3380; baseline 0.014 -39"><span class='ocrx_word' id='word_1_325' title='bbox 133 3291 439 3380; x_wconf 79' lang='grc' dir='ltr'>σωτηρίους</span> <span class='ocrx_word' id='word_1_326' title='bbox 493 3293 666 3364; x_wconf 80' lang='grc' dir='ltr'>νομὰς</span> <span class='ocrx_word' id='word_1_327' title='bbox 713 3297 956 3366; x_wconf 79' lang='grc' dir='ltr'>ἄγοντος,</span> <span class='ocrx_word' id='word_1_328' title='bbox 995 3301 1087 3354; x_wconf 77' lang='grc' dir='ltr'><strong>καὶ</strong></span> <span class='ocrx_word' id='word_1_329' title='bbox 1133 3303 1190 3366; x_wconf 81' lang='grc' dir='ltr'>ἐς</span> <span class='ocrx_word' id='word_1_330' title='bbox 1233 3305 1397 3358; x_wconf 82' lang='grc' dir='ltr'>τόπον</span> <span class='ocrx_word' id='word_1_331' title='bbox 1439 3307 1602 3378; x_wconf 82' lang='grc' dir='ltr'>χλόης</span> <span class='ocrx_word' id='word_1_332' title='bbox 1624 3309 1724 3380; x_wconf 88' lang='grc' dir='ltr'><strong>τῆς</strong></span> 
     </span>
    </p>
   </div>
   <div class='ocr_carea' id='block_1_51' title="bbox 129 3379 1722 3470">
    <p class='ocr_par' dir='ltr' id='par_1_51' title="bbox 129 3379 1722 3470">
     <span class='ocr_line' id='line_1_51' title="bbox 129 3379 1722 3470; baseline 0.014 -38"><span class='ocrx_word' id='word_1_333' title='bbox 129 3379 275 3446; x_wconf 84' lang='grc' dir='ltr'>λείας</span> <span class='ocrx_word' id='word_1_334' title='bbox 328 3386 424 3437; x_wconf 75' lang='grc' dir='ltr'>καὶ</span> <span class='ocrx_word' id='word_1_335' title='bbox 480 3386 774 3458; x_wconf 81' lang='grc' dir='ltr'>άκιὸδήλου</span> <span class='ocrx_word' id='word_1_336' title='bbox 832 3390 1178 3457; x_wconf 80' lang='grc' dir='ltr'>διδασκαλίας</span> <span class='ocrx_word' id='word_1_337' title='bbox 1231 3379 1722 3470; x_wconf 84' lang='grc' dir='ltr'>κατασκηνούντος,</span> 
     </span>
    </p>
   </div>
   <div class='ocr_carea' id='block_1_52' title="bbox 130 3475 1722 3566">
    <p class='ocr_par' dir='ltr' id='par_1_52' title="bbox 130 3475 1722 3566">
     <span class='ocr_line' id='line_1_52' title="bbox 130 3475 1722 3566; baseline 0.013 -39"><span class='ocrx_word' id='word_1_338' title='bbox 130 3477 220 3528; x_wconf 80' lang='grc' dir='ltr'>καὶ</span> <span class='ocrx_word' id='word_1_339' title='bbox 245 3478 342 3529; x_wconf 82' lang='grc' dir='ltr'>ἐπὶ</span> <span class='ocrx_word' id='word_1_340' title='bbox 371 3475 572 3540; x_wconf 76' lang='grc' dir='ltr'>ὕδατος</span> <span class='ocrx_word' id='word_1_341' title='bbox 602 3480 978 3548; x_wconf 83' lang='grc' dir='ltr'>ἀναπαύσεως,</span> <span class='ocrx_word' id='word_1_342' title='bbox 1013 3485 1115 3555; x_wconf 86' lang='grc' dir='ltr'><strong>τῆς</strong></span> <span class='ocrx_word' id='word_1_343' title='bbox 1148 3489 1425 3566; x_wconf 85' lang='grc' dir='ltr'>μακαρίας</span> <span class='ocrx_word' id='word_1_344' title='bbox 1451 3491 1722 3565; x_wconf 82' lang='grc' dir='ltr'>ὃντωςλή-</span> 
     </span>
    </p>
   </div>
   <div class='ocr_carea' id='block_1_53' title="bbox 129 3568 672 3642">
    <p class='ocr_par' dir='ltr' id='par_1_53' title="bbox 129 3568 672 3642">
     <span class='ocr_line' id='line_1_53' title="bbox 129 3568 672 3642; baseline 0.009 -22"><span class='ocrx_word' id='word_1_345' title='bbox 129 3568 262 3635; x_wconf 78' lang='grc' dir='ltr'>ξεως</span> <span class='ocrx_word' id='word_1_346' title='bbox 286 3571 672 3642; x_wconf 80' lang='grc' dir='ltr'>ἐκτρέφοντος.</span> 
     </span>
    </p>
   </div>
   <div class='ocr_carea' id='block_1_54' title="bbox 199 3661 1723 3746">
    <p class='ocr_par' dir='ltr' id='par_1_54' title="bbox 199 3661 1723 3746">
     <span class='ocr_line' id='line_1_54' title="bbox 199 3661 1723 3746; baseline 0.01 -33"><span class='ocrx_word' id='word_1_347' title='bbox 199 3661 263 3713; x_wconf 84' lang='grc' dir='ltr'><strong><em>Ὠ</em></strong></span> <span class='ocrx_word' id='word_1_348' title='bbox 297 3663 401 3733; x_wconf 90' lang='grc' dir='ltr'><strong>τῆς</strong></span> <span class='ocrx_word' id='word_1_349' title='bbox 427 3662 793 3738; x_wconf 69' lang='grc' dir='ltr'>θεοψηφίστου</span> <span class='ocrx_word' id='word_1_350' title='bbox 832 3666 932 3737; x_wconf 88' lang='grc' dir='ltr'><strong>τῆς</strong></span> <span class='ocrx_word' id='word_1_351' title='bbox 957 3667 1065 3722; x_wconf 85' lang='grc' dir='ltr'><strong>τῶν</strong></span> <span class='ocrx_word' id='word_1_352' title='bbox 1114 3669 1407 3741; x_wconf 86' lang='grc' dir='ltr'>Ἀθηναίων</span> <span class='ocrx_word' id='word_1_353' title='bbox 1449 3675 1723 3746; x_wconf 75' lang='grc' dir='ltr'>μητροπό-</span> 
     </span>
    </p>
   </div>
   <div class='ocr_carea' id='block_1_55' title="bbox 128 3751 1722 3844">
    <p class='ocr_par' dir='ltr' id='par_1_55' title="bbox 128 3751 1722 3844">
     <span class='ocr_line' id='line_1_55' title="bbox 128 3751 1722 3844; baseline 0.011 -40"><span class='ocrx_word' id='word_1_354' title='bbox 128 3751 261 3817; x_wconf 88' lang='grc' dir='ltr'>λεως</span> <span class='ocrx_word' id='word_1_355' title='bbox 297 3753 612 3826; x_wconf 76' lang='grc' dir='ltr'>εὐμοιρίας,</span> <span class='ocrx_word' id='word_1_356' title='bbox 644 3755 720 3820; x_wconf 85' lang='grc' dir='ltr'>ὡς</span> <span class='ocrx_word' id='word_1_357' title='bbox 748 3761 1145 3831; x_wconf 84' lang='grc' dir='ltr'>τρισμακάριος</span> <span class='ocrx_word' id='word_1_358' title='bbox 1172 3764 1438 3834; x_wconf 82' lang='grc' dir='ltr'>ύπάρχειί</span> <span class='ocrx_word' id='word_1_359' title='bbox 1477 3767 1552 3829; x_wconf 88' lang='grc' dir='ltr'><strong>ώς</strong></span> <span class='ocrx_word' id='word_1_360' title='bbox 1588 3769 1722 3844; x_wconf 80' lang='grc' dir='ltr'>ἀλη-</span> 
     </span>
    </p>
   </div>
   <div class='ocr_carea' id='block_1_56' title="bbox 128 3843 1722 3918">
    <p class='ocr_par' dir='ltr' id='par_1_56' title="bbox 128 3843 1722 3918">
     <span class='ocr_line' id='line_1_56' title="bbox 128 3843 1722 3918; baseline 0.01 -21"><span class='ocrx_word' id='word_1_361' title='bbox 128 3843 234 3909; x_wconf 86' lang='grc' dir='ltr'><strong>θῶς</strong></span> <span class='ocrx_word' id='word_1_362' title='bbox 281 3848 379 3901; x_wconf 75' lang='grc' dir='ltr'><strong>καὶ</strong></span> <span class='ocrx_word' id='word_1_363' title='bbox 422 3847 731 3918; x_wconf 72' lang='grc' dir='ltr'>τρισόλϐιος</span> <span class='ocrx_word' id='word_1_364' title='bbox 775 3851 927 3915; x_wconf 81' lang='grc' dir='ltr'>πόλις</span> <span class='ocrx_word' id='word_1_365' title='bbox 966 3854 1206 3907; x_wconf 88' lang='grc' dir='ltr'>τοιοῦτον</span> <span class='ocrx_word' id='word_1_366' title='bbox 1238 3857 1470 3912; x_wconf 87' lang='grc' dir='ltr'>τεκοῦσα</span> <span class='ocrx_word' id='word_1_367' title='bbox 1505 3860 1596 3912; x_wconf 72' lang='grc' dir='ltr'><strong>καὶ</strong></span> <span class='ocrx_word' id='word_1_368' title='bbox 1627 3860 1722 3913; x_wconf 80' lang='grc' dir='ltr'>λαι-</span> 
     </span>
    </p>
   </div>
   <div class='ocr_carea' id='block_1_57' title="bbox 126 3939 1721 4016">
    <p class='ocr_par' dir='ltr' id='par_1_57' title="bbox 126 3939 1721 4016">
     <span class='ocr_line' id='line_1_57' title="bbox 126 3939 1721 4016; baseline 0.011 -26"><span class='ocrx_word' id='word_1_369' title='bbox 126 3939 296 4008; x_wconf 82' lang='grc' dir='ltr'>χοῦσα</span> <span class='ocrx_word' id='word_1_370' title='bbox 331 3941 576 4010; x_wconf 83' lang='grc' dir='ltr'>ποιμένα</span> <span class='ocrx_word' id='word_1_371' title='bbox 597 3981 610 4001; x_wconf 84' lang='grc'><strong>,</strong></span> <span class='ocrx_word' id='word_1_372' title='bbox 645 3944 738 3996; x_wconf 73' lang='grc' dir='ltr'>καὶ</span> <span class='ocrx_word' id='word_1_373' title='bbox 769 3947 1108 4016; x_wconf 85' lang='grc' dir='ltr'>προηγέτην,</span> <span class='ocrx_word' id='word_1_374' title='bbox 1138 3949 1232 4001; x_wconf 75' lang='grc' dir='ltr'><strong>καὶ</strong></span> <span class='ocrx_word' id='word_1_375' title='bbox 1275 3949 1611 4014; x_wconf 83' lang='grc' dir='ltr'>διδάσκαλον,</span> <span class='ocrx_word' id='word_1_376' title='bbox 1645 3951 1721 4016; x_wconf 78' lang='grc' dir='ltr'>ὡς</span> 
     </span>
    </p>
   </div>
   <div class='ocr_carea' id='block_1_58' title="bbox 124 4031 1721 4115">
    <p class='ocr_par' dir='ltr' id='par_1_58' title="bbox 124 4031 1721 4115">
     <span class='ocr_line' id='line_1_58' title="bbox 124 4031 1721 4115; baseline 0.008 -31"><span class='ocrx_word' id='word_1_377' title='bbox 124 4031 152 4084; x_wconf 80' lang='grc' dir='ltr'>ὀ</span> <span class='ocrx_word' id='word_1_378' title='bbox 187 4031 540 4104; x_wconf 82' lang='grc' dir='ltr'>Ἰσραηλίτης</span> <span class='ocrx_word' id='word_1_379' title='bbox 562 4033 688 4098; x_wconf 78' lang='grc' dir='ltr'>λαὸς</span> <span class='ocrx_word' id='word_1_380' title='bbox 718 4036 882 4090; x_wconf 78' lang='grc' dir='ltr'>πάλαι</span> <span class='ocrx_word' id='word_1_381' title='bbox 911 4039 1001 4091; x_wconf 80' lang='grc' dir='ltr'><strong>τὸν</strong></span> <span class='ocrx_word' id='word_1_382' title='bbox 1026 4041 1261 4095; x_wconf 84' lang='grc' dir='ltr'>Μωῦσέα</span> <span class='ocrx_word' id='word_1_383' title='bbox 1283 4043 1294 4094; x_wconf 93' lang='lat'><strong>!</strong></span> <span class='ocrx_word' id='word_1_384' title='bbox 1316 4043 1408 4097; x_wconf 79' lang='grc' dir='ltr'><strong>καὶ</strong></span> <span class='ocrx_word' id='word_1_385' title='bbox 1430 4043 1538 4115; x_wconf 84' lang='grc' dir='ltr'><strong>γὰρ</strong></span> <span class='ocrx_word' id='word_1_386' title='bbox 1561 4043 1721 4108; x_wconf 85' lang='grc' dir='ltr'>ἄλλος</span> 
     </span>
    </p>
   </div>
   <div class='ocr_carea' id='block_1_59' title="bbox 125 4125 1719 4209">
    <p class='ocr_par' dir='ltr' id='par_1_59' title="bbox 125 4125 1719 4209">
     <span class='ocr_line' id='line_1_59' title="bbox 125 4125 1719 4209; baseline 0.011 -34"><span class='ocrx_word' id='word_1_387' title='bbox 125 4139 206 4187; x_wconf 87' lang='grc' dir='ltr'><strong>τις</strong></span> <span class='ocrx_word' id='word_1_388' title='bbox 251 4125 634 4179; x_wconf 87' lang='grc' dir='ltr'>ἀναδέδεικται</span> <span class='ocrx_word' id='word_1_389' title='bbox 683 4129 952 4201; x_wconf 83' lang='grc' dir='ltr'>Μωῦσῆς,</span> <span class='ocrx_word' id='word_1_390' title='bbox 997 4132 1288 4200; x_wconf 77' lang='grc' dir='ltr'>Αἴγυπτον,</span> <span class='ocrx_word' id='word_1_391' title='bbox 1330 4137 1430 4208; x_wconf 85' lang='grc' dir='ltr'><strong>τὴν</strong></span> <span class='ocrx_word' id='word_1_392' title='bbox 1485 4136 1719 4209; x_wconf 74' lang='grc' dir='ltr'>ζοφερὰν</span> 
     </span>
    </p>
   </div>
   <div class='ocr_carea' id='block_1_60' title="bbox 124 4213 1720 4302">
    <p class='ocr_par' dir='ltr' id='par_1_60' title="bbox 124 4213 1720 4302">
     <span class='ocr_line' id='line_1_60' title="bbox 124 4213 1720 4302; baseline 0.006 -29"><span class='ocrx_word' id='word_1_393' title='bbox 124 4213 265 4286; x_wconf 80' lang='grc' dir='ltr'>λέγω</span> <span class='ocrx_word' id='word_1_394' title='bbox 299 4218 397 4270; x_wconf 72' lang='grc' dir='ltr'><strong>καὶ</strong></span> <span class='ocrx_word' id='word_1_395' title='bbox 431 4217 692 4273; x_wconf 84' lang='grc' dir='ltr'>πολύθεον</span> <span class='ocrx_word' id='word_1_396' title='bbox 726 4222 1006 4296; x_wconf 82' lang='grc' dir='ltr'>είδωλικὴν</span> <span class='ocrx_word' id='word_1_397' title='bbox 1041 4226 1268 4298; x_wconf 80' lang='grc' dir='ltr'>πλάνην,</span> <span class='ocrx_word' id='word_1_398' title='bbox 1305 4229 1364 4281; x_wconf 86' lang='grc' dir='ltr'><strong>ού</strong></span> <span class='ocrx_word' id='word_1_399' title='bbox 1411 4229 1720 4302; x_wconf 84' lang='grc' dir='ltr'>δέκαπλη-</span> 
     </span>
    </p>
   </div>
   <div class='ocr_carea' id='block_1_61' title="bbox 125 4310 1718 4392">
    <p class='ocr_par' dir='ltr' id='par_1_61' title="bbox 125 4310 1718 4392">
     <span class='ocr_line' id='line_1_61' title="bbox 125 4310 1718 4392; baseline 0.01 -30"><span class='ocrx_word' id='word_1_400' title='bbox 125 4315 244 4376; x_wconf 83' lang='grc' dir='ltr'>γαίς</span> <span class='ocrx_word' id='word_1_401' title='bbox 294 4310 435 4363; x_wconf 85' lang='grc' dir='ltr'>ἀλλὰ</span> <span class='ocrx_word' id='word_1_402' title='bbox 473 4311 694 4382; x_wconf 82' lang='grc' dir='ltr'>μυρίαις</span> <span class='ocrx_word' id='word_1_403' title='bbox 728 4318 1115 4386; x_wconf 80' lang='grc' dir='ltr'>καιριωτάταις</span> <span class='ocrx_word' id='word_1_404' title='bbox 1149 4321 1241 4374; x_wconf 77' lang='grc' dir='ltr'>καὶ</span> <span class='ocrx_word' id='word_1_405' title='bbox 1275 4322 1718 4392; x_wconf 82' lang='grc' dir='ltr'>πυρωδεστάταις</span> 
     </span>
    </p>
   </div>
   <div class='ocr_carea' id='block_1_62' title="bbox 123 4401 1716 4484">
    <p class='ocr_par' dir='ltr' id='par_1_62' title="bbox 123 4401 1716 4484">
     <span class='ocr_line' id='line_1_62' title="bbox 123 4401 1716 4484; baseline 0.009 -30"><span class='ocrx_word' id='word_1_406' title='bbox 123 4401 228 4456; x_wconf 80' lang='grc' dir='ltr'><strong>τῶν</strong></span> <span class='ocrx_word' id='word_1_407' title='bbox 270 4403 440 4473; x_wconf 85' lang='grc' dir='ltr'>ίερῶν</span> <span class='ocrx_word' id='word_1_408' title='bbox 476 4403 640 4458; x_wconf 77' lang='grc' dir='ltr'>αὐτοῦ</span> <span class='ocrx_word' id='word_1_409' title='bbox 690 4405 973 4478; x_wconf 84' lang='grc' dir='ltr'>δογμάτων</span> <span class='ocrx_word' id='word_1_410' title='bbox 1014 4412 1109 4464; x_wconf 82' lang='grc' dir='ltr'>καὶ</span> <span class='ocrx_word' id='word_1_411' title='bbox 1161 4412 1506 4484; x_wconf 83' lang='grc' dir='ltr'>διδαγμάτων</span> <span class='ocrx_word' id='word_1_412' title='bbox 1550 4433 1716 4469; x_wconf 89' lang='grc' dir='ltr'>κατα-</span> 
     </span>
    </p>
   </div>
   <div class='ocr_carea' id='block_1_63' title="bbox 123 4493 1717 4578">
    <p class='ocr_par' dir='ltr' id='par_1_63' title="bbox 123 4493 1717 4578">
     <span class='ocr_line' id='line_1_63' title="bbox 123 4493 1717 4578; baseline 0.014 -35"><span class='ocrx_word' id='word_1_413' title='bbox 123 4493 388 4558; x_wconf 87' lang='grc' dir='ltr'>τοξεύσας</span> <span class='ocrx_word' id='word_1_414' title='bbox 415 4493 620 4564; x_wconf 79' lang='grc' dir='ltr'>βολαῖς’</span> <span class='ocrx_word' id='word_1_415' title='bbox 652 4499 746 4552; x_wconf 78' lang='grc' dir='ltr'>καὶ</span> <span class='ocrx_word' id='word_1_416' title='bbox 777 4500 868 4553; x_wconf 84' lang='grc' dir='ltr'><strong>τὸν</strong></span> <span class='ocrx_word' id='word_1_417' title='bbox 905 4501 1000 4572; x_wconf 80' lang='grc' dir='ltr'><strong>μὲν</strong></span> <span class='ocrx_word' id='word_1_418' title='bbox 1027 4504 1214 4575; x_wconf 81' lang='grc' dir='ltr'>νοητὸν</span> <span class='ocrx_word' id='word_1_419' title='bbox 1244 4506 1442 4578; x_wconf 79' lang='grc' dir='ltr'>Φαραὼ</span> <span class='ocrx_word' id='word_1_420' title='bbox 1475 4507 1572 4560; x_wconf 78' lang='grc' dir='ltr'><strong>σὺν</strong></span> <span class='ocrx_word' id='word_1_421' title='bbox 1596 4511 1717 4572; x_wconf 79' lang='grc' dir='ltr'>ταῖς</span> 
     </span>
    </p>
   </div>
   <div class='ocr_carea' id='block_1_64' title="bbox 123 4583 1790 4681">
    <p class='ocr_par' dir='ltr' id='par_1_64' title="bbox 123 4583 1790 4681">
     <span class='ocr_line' id='line_1_64' title="bbox 123 4583 1790 4681; baseline 0.011 -44"><span class='ocrx_word' id='word_1_422' title='bbox 123 4583 400 4658; x_wconf 74' lang='grc' dir='ltr'>ὀλεθρίαις</span> <span class='ocrx_word' id='word_1_423' title='bbox 430 4587 598 4640; x_wconf 85' lang='grc' dir='ltr'>αὑτοῦ</span> <span class='ocrx_word' id='word_1_424' title='bbox 640 4589 922 4662; x_wconf 82' lang='grc' dir='ltr'>δυνάμεσι,</span> <span class='ocrx_word' id='word_1_425' title='bbox 945 4597 1066 4658; x_wconf 85' lang='grc' dir='ltr'>ταῖς</span> <span class='ocrx_word' id='word_1_426' title='bbox 1106 4597 1245 4668; x_wconf 84' lang='grc' dir='ltr'>πρὸς</span> <span class='ocrx_word' id='word_1_427' title='bbox 1275 4600 1376 4669; x_wconf 78' lang='grc' dir='ltr'><strong>τῆς</strong></span> <span class='ocrx_word' id='word_1_428' title='bbox 1417 4599 1582 4654; x_wconf 80' lang='grc' dir='ltr'>αὐτοῦ</span> <span class='ocrx_word' id='word_1_429' title='bbox 1617 4619 1716 4654; x_wconf 84' lang='grc' dir='ltr'>κα·</span> <span class='ocrx_word' id='word_1_430' title='bbox 1745 4625 1790 4681; x_wconf 80' lang='lat' dir='ltr'><strong>D</strong></span> 
     </span>
    </p>
   </div>
   <div class='ocr_carea' id='block_1_65' title="bbox 123 4681 1714 4768">
    <p class='ocr_par' dir='ltr' id='par_1_65' title="bbox 123 4681 1714 4768">
     <span class='ocr_line' id='line_1_65' title="bbox 123 4681 1714 4768; baseline 0.011 -37"><span class='ocrx_word' id='word_1_431' title='bbox 123 4681 449 4752; x_wconf 79' lang='grc' dir='ltr'>κοδαίμονος</span> <span class='ocrx_word' id='word_1_432' title='bbox 479 4682 696 4755; x_wconf 82' lang='grc' dir='ltr'>ἀπάτης</span> <span class='ocrx_word' id='word_1_433' title='bbox 733 4687 1122 4759; x_wconf 74' lang='grc' dir='ltr'>ὲπιφυομέναις</span> <span class='ocrx_word' id='word_1_434' title='bbox 1157 4690 1527 4756; x_wconf 79' lang='grc' dir='ltr'>ζιζανιώδεσιν</span> <span class='ocrx_word' id='word_1_435' title='bbox 1566 4696 1714 4768; x_wconf 81' lang='grc' dir='ltr'>αἱρε-</span> 
     </span>
    </p>
   </div>
   <div class='ocr_carea' id='block_1_66' title="bbox 123 4775 1716 4862">
    <p class='ocr_par' dir='ltr' id='par_1_66' title="bbox 123 4775 1716 4862">
     <span class='ocr_line' id='line_1_66' title="bbox 123 4775 1716 4862; baseline 0.011 -40"><span class='ocrx_word' id='word_1_436' title='bbox 123 4777 299 4837; x_wconf 83' lang='grc' dir='ltr'>τικαῖς</span> <span class='ocrx_word' id='word_1_437' title='bbox 328 4775 752 4845; x_wconf 82' lang='grc' dir='ltr'>εἰκαιομυθίαις,</span> <span class='ocrx_word' id='word_1_438' title='bbox 785 4781 1180 4846; x_wconf 82' lang='grc' dir='ltr'>καταποντίσας</span> <span class='ocrx_word' id='word_1_439' title='bbox 1208 4787 1323 4848; x_wconf 85' lang='grc' dir='ltr'>τοῖς</span> <span class='ocrx_word' id='word_1_440' title='bbox 1355 4786 1716 4862; x_wconf 77' lang='grc' dir='ltr'>γλαφυρωτά-</span> 
     </span>
    </p>
   </div>
   <div class='ocr_carea' id='block_1_67' title="bbox 123 4865 1715 4948">
    <p class='ocr_par' dir='ltr' id='par_1_67' title="bbox 123 4865 1715 4948">
     <span class='ocr_line' id='line_1_67' title="bbox 123 4865 1715 4948; baseline 0.007 -28"><span class='ocrx_word' id='word_1_441' title='bbox 123 4880 232 4928; x_wconf 80' lang='grc' dir='ltr'>τοις</span> <span class='ocrx_word' id='word_1_442' title='bbox 263 4866 370 4937; x_wconf 83' lang='grc' dir='ltr'><strong>τῆς</strong></span> <span class='ocrx_word' id='word_1_443' title='bbox 392 4865 562 4922; x_wconf 82' lang='grc' dir='ltr'>αὐτοῦ</span> <span class='ocrx_word' id='word_1_444' title='bbox 593 4868 870 4938; x_wconf 83' lang='grc' dir='ltr'>πανσόφου</span> <span class='ocrx_word' id='word_1_445' title='bbox 895 4869 1044 4935; x_wconf 88' lang='grc' dir='ltr'>θείας</span> <span class='ocrx_word' id='word_1_446' title='bbox 1073 4873 1324 4942; x_wconf 84' lang='grc' dir='ltr'>γνώσεως</span> <span class='ocrx_word' id='word_1_447' title='bbox 1358 4878 1452 4932; x_wconf 75' lang='grc' dir='ltr'><strong>καὶ</strong></span> <span class='ocrx_word' id='word_1_448' title='bbox 1482 4878 1715 4948; x_wconf 78' lang='grc' dir='ltr'>εὐγλωτ-</span> 
     </span>
    </p>
   </div>
   <div class='ocr_carea' id='block_1_68' title="bbox 123 4955 1714 5038">
    <p class='ocr_par' dir='ltr' id='par_1_68' title="bbox 123 4955 1714 5038">
     <span class='ocr_line' id='line_1_68' title="bbox 123 4955 1714 5038; baseline 0.01 -30"><span class='ocrx_word' id='word_1_449' title='bbox 123 4955 240 5020; x_wconf 89' lang='grc' dir='ltr'>τίας</span> <span class='ocrx_word' id='word_1_450' title='bbox 270 4956 483 5027; x_wconf 83' lang='grc' dir='ltr'>βυθοίς·</span> <span class='ocrx_word' id='word_1_451' title='bbox 520 4957 611 5010; x_wconf 80' lang='grc' dir='ltr'><strong>τὸν</strong></span> <span class='ocrx_word' id='word_1_452' title='bbox 644 4959 896 5015; x_wconf 78' lang='grc' dir='ltr'>ἐκλεκτὸν</span> <span class='ocrx_word' id='word_1_453' title='bbox 932 4964 988 5018; x_wconf 78' lang='grc' dir='ltr'>δὲ</span> <span class='ocrx_word' id='word_1_454' title='bbox 1021 4964 1115 5018; x_wconf 87' lang='grc' dir='ltr'><strong>τοῦ</strong></span> <span class='ocrx_word' id='word_1_455' title='bbox 1157 4968 1397 5038; x_wconf 85' lang='grc' dir='ltr'>Χριστοῦ</span> <span class='ocrx_word' id='word_1_456' title='bbox 1431 4969 1557 5024; x_wconf 85' lang='grc' dir='ltr'>λαὸν</span> <span class='ocrx_word' id='word_1_457' title='bbox 1603 4970 1714 5024; x_wconf 84' lang='grc' dir='ltr'>ἀπὸ</span> 
     </span>
    </p>
   </div>
   <div class='ocr_carea' id='block_1_69' title="bbox 121 5049 1717 5134">
    <p class='ocr_par' dir='ltr' id='par_1_69' title="bbox 121 5049 1717 5134">
     <span class='ocr_line' id='line_1_69' title="bbox 121 5049 1717 5134; baseline 0.009 -32"><span class='ocrx_word' id='word_1_458' title='bbox 121 5049 216 5118; x_wconf 81' lang='grc' dir='ltr'><strong>τῆς</strong></span> <span class='ocrx_word' id='word_1_459' title='bbox 260 5049 360 5102; x_wconf 84' lang='grc' dir='ltr'><strong>τοῦ</strong></span> <span class='ocrx_word' id='word_1_460' title='bbox 396 5049 598 5122; x_wconf 88' lang='grc' dir='ltr'>Βελίαρ</span> <span class='ocrx_word' id='word_1_461' title='bbox 649 5054 979 5125; x_wconf 84' lang='grc' dir='ltr'>τυραννίδος,</span> <span class='ocrx_word' id='word_1_462' title='bbox 1021 5059 1114 5112; x_wconf 71' lang='grc' dir='ltr'><strong>καὶ</strong></span> <span class='ocrx_word' id='word_1_463' title='bbox 1169 5059 1271 5130; x_wconf 85' lang='grc' dir='ltr'><strong>τῆς</strong></span> <span class='ocrx_word' id='word_1_464' title='bbox 1325 5062 1717 5134; x_wconf 87' lang='grc' dir='ltr'>δεισιδαίμονος</span> 
     </span>
    </p>
   </div>
   <div class='ocr_carea' id='block_1_70' title="bbox 123 5140 1717 5226">
    <p class='ocr_par' dir='ltr' id='par_1_70' title="bbox 123 5140 1717 5226">
     <span class='ocr_line' id='line_1_70' title="bbox 123 5140 1717 5226; baseline 0.011 -31"><span class='ocrx_word' id='word_1_465' title='bbox 123 5140 427 5212; x_wconf 80' lang='grc' dir='ltr'>θρησκείας</span> <span class='ocrx_word' id='word_1_466' title='bbox 459 5144 820 5217; x_wconf 83' lang='grc' dir='ltr'>φυγαδευτὴν,</span> <span class='ocrx_word' id='word_1_467' title='bbox 843 5147 942 5220; x_wconf 82' lang='grc' dir='ltr'>τὴν</span> <span class='ocrx_word' id='word_1_468' title='bbox 966 5149 1075 5203; x_wconf 89' lang='grc' dir='ltr'><strong>τῶν</strong></span> <span class='ocrx_word' id='word_1_469' title='bbox 1108 5154 1554 5226; x_wconf 79' lang='grc' dir='ltr'>ἐπανισταμένων</span> <span class='ocrx_word' id='word_1_470' title='bbox 1585 5175 1717 5212; x_wconf 76' lang='grc' dir='ltr'>παν-</span> 
     </span>
    </p>
   </div>
   <div class='ocr_carea' id='block_1_71' title="bbox 122 5231 1715 5311">
    <p class='ocr_par' dir='ltr' id='par_1_71' title="bbox 122 5231 1715 5311">
     <span class='ocr_line' id='line_1_71' title="bbox 122 5231 1715 5311; baseline 0.012 -27"><span class='ocrx_word' id='word_1_471' title='bbox 122 5231 372 5288; x_wconf 76' lang='grc' dir='ltr'>τοδαπῶν</span> <span class='ocrx_word' id='word_1_472' title='bbox 422 5231 696 5304; x_wconf 83' lang='grc' dir='ltr'>πολεμίων</span> <span class='ocrx_word' id='word_1_473' title='bbox 758 5237 1181 5311; x_wconf 84' lang='grc' dir='ltr'>ἀγριαινομένην</span> <span class='ocrx_word' id='word_1_474' title='bbox 1231 5242 1498 5297; x_wconf 86' lang='grc' dir='ltr'>θάλατταν</span> <span class='ocrx_word' id='word_1_475' title='bbox 1545 5264 1715 5302; x_wconf 86' lang='grc' dir='ltr'>κατα-</span> 
     </span>
    </p>
   </div>
   <div class='ocr_carea' id='block_1_72' title="bbox 126 5327 1715 5408">
    <p class='ocr_par' dir='ltr' id='par_1_72' title="bbox 126 5327 1715 5408">
     <span class='ocr_line' id='line_1_72' title="bbox 126 5327 1715 5408; baseline 0.011 -32"><span class='ocrx_word' id='word_1_476' title='bbox 126 5327 422 5389; x_wconf 77' lang='grc' dir='ltr'>πατοῦντα,</span> <span class='ocrx_word' id='word_1_477' title='bbox 455 5329 521 5399; x_wconf 71' lang='grc' dir='ltr'>τῇ</span> <span class='ocrx_word' id='word_1_478' title='bbox 553 5331 876 5396; x_wconf 84' lang='grc' dir='ltr'>φωτοειδοῦς</span> <span class='ocrx_word' id='word_1_479' title='bbox 914 5332 1105 5386; x_wconf 87' lang='grc' dir='ltr'>στύλου</span> <span class='ocrx_word' id='word_1_480' title='bbox 1145 5334 1301 5404; x_wconf 83' lang='grc' dir='ltr'>δίκην</span> <span class='ocrx_word' id='word_1_481' title='bbox 1329 5338 1386 5390; x_wconf 84' lang='grc' dir='ltr'><strong>ὲν</strong></span> <span class='ocrx_word' id='word_1_482' title='bbox 1417 5338 1565 5408; x_wconf 82' lang='grc' dir='ltr'>αὐτῷ</span> <span class='ocrx_word' id='word_1_483' title='bbox 1597 5339 1715 5394; x_wconf 88' lang='grc' dir='ltr'>δια-</span> 
     </span>
    </p>
   </div>
   <div class='ocr_carea' id='block_1_73' title="bbox 125 5412 1711 5502">
    <p class='ocr_par' dir='ltr' id='par_1_73' title="bbox 125 5412 1711 5502">
     <span class='ocr_line' id='line_1_73' title="bbox 125 5412 1711 5502; baseline 0.011 -37"><span class='ocrx_word' id='word_1_484' title='bbox 125 5412 418 5491; x_wconf 79' lang='grc' dir='ltr'>λαμπούσῃ</span> <span class='ocrx_word' id='word_1_485' title='bbox 483 5419 949 5492; x_wconf 83' lang='grc' dir='ltr'>καθοδηγούμενον</span> <span class='ocrx_word' id='word_1_486' title='bbox 999 5424 1215 5494; x_wconf 81' lang='grc' dir='ltr'>χάριτι,</span> <span class='ocrx_word' id='word_1_487' title='bbox 1255 5428 1349 5479; x_wconf 73' lang='grc' dir='ltr'>καὶ</span> <span class='ocrx_word' id='word_1_488' title='bbox 1398 5427 1596 5502; x_wconf 82' lang='grc' dir='ltr'>νεφέλῃ</span> <span class='ocrx_word' id='word_1_489' title='bbox 1645 5433 1711 5502; x_wconf 84' lang='grc' dir='ltr'>τῇ</span> 
     </span>
    </p>
   </div>
   <div class='ocr_carea' id='block_1_74' title="bbox 124 5507 1715 5589">
    <p class='ocr_par' dir='ltr' id='par_1_74' title="bbox 124 5507 1715 5589">
     <span class='ocr_line' id='line_1_74' title="bbox 124 5507 1715 5589; baseline 0.009 -30"><span class='ocrx_word' id='word_1_490' title='bbox 124 5507 211 5561; x_wconf 77' lang='grc' dir='ltr'><strong>τοῦ</strong></span> <span class='ocrx_word' id='word_1_491' title='bbox 260 5507 535 5578; x_wconf 79' lang='grc' dir='ltr'>παναγίου</span> <span class='ocrx_word' id='word_1_492' title='bbox 579 5512 891 5582; x_wconf 80' lang='grc' dir='ltr'>Πνεύματος</span> <span class='ocrx_word' id='word_1_493' title='bbox 945 5515 1124 5587; x_wconf 78' lang='grc' dir='ltr'>σκέπῃ</span> <span class='ocrx_word' id='word_1_494' title='bbox 1158 5519 1582 5589; x_wconf 81' lang='grc' dir='ltr'>φρουρούμενον,</span> <span class='ocrx_word' id='word_1_495' title='bbox 1623 5521 1715 5573; x_wconf 64' lang='grc' dir='ltr'>ἐπὶ</span> 
     </span>
    </p>
   </div>
   <div class='ocr_carea' id='block_1_75' title="bbox 125 5598 1713 5682">
    <p class='ocr_par' dir='ltr' id='par_1_75' title="bbox 125 5598 1713 5682">
     <span class='ocr_line' id='line_1_75' title="bbox 125 5598 1713 5682; baseline 0.008 -28"><span class='ocrx_word' id='word_1_496' title='bbox 125 5598 209 5656; x_wconf 79' lang='grc' dir='ltr'>τὸν</span> <span class='ocrx_word' id='word_1_497' title='bbox 247 5601 569 5672; x_wconf 77' lang='grc' dir='ltr'>ακύμαντον</span> <span class='ocrx_word' id='word_1_498' title='bbox 610 5603 883 5668; x_wconf 85' lang='grc' dir='ltr'>διασώσας</span> <span class='ocrx_word' id='word_1_499' title='bbox 916 5608 1086 5679; x_wconf 83' lang='grc' dir='ltr'>ὅρμον</span> <span class='ocrx_word' id='word_1_500' title='bbox 1129 5609 1226 5679; x_wconf 86' lang='grc' dir='ltr'><strong>τῆς</strong></span> <span class='ocrx_word' id='word_1_501' title='bbox 1285 5611 1585 5682; x_wconf 83' lang='grc' dir='ltr'>ἀμωμήτου</span> <span class='ocrx_word' id='word_1_502' title='bbox 1621 5613 1713 5666; x_wconf 81' lang='grc' dir='ltr'>πί·-</span> 
     </span>
    </p>
   </div>
   <div class='ocr_carea' id='block_1_76' title="bbox 130 5692 1714 5774">
    <p class='ocr_par' dir='ltr' id='par_1_76' title="bbox 130 5692 1714 5774">
     <span class='ocr_line' id='line_1_76' title="bbox 130 5692 1714 5774; baseline 0.011 -34"><span class='ocrx_word' id='word_1_503' title='bbox 130 5705 328 5757; x_wconf 90' lang='grc' dir='ltr'>στεως,</span> <span class='ocrx_word' id='word_1_504' title='bbox 368 5692 463 5746; x_wconf 84' lang='grc' dir='ltr'><strong>καὶ</strong></span> <span class='ocrx_word' id='word_1_505' title='bbox 501 5692 611 5746; x_wconf 89' lang='grc' dir='ltr'><strong>τῶν</strong></span> <span class='ocrx_word' id='word_1_506' title='bbox 653 5699 950 5768; x_wconf 78' lang='grc' dir='ltr'>χαμερπῶν</span> <span class='ocrx_word' id='word_1_507' title='bbox 984 5702 1331 5757; x_wconf 83' lang='grc' dir='ltr'>παντάπασιν</span> <span class='ocrx_word' id='word_1_508' title='bbox 1372 5703 1714 5774; x_wconf 79' lang='grc' dir='ltr'>ύπεραναδε-</span> 
     </span>
    </p>
   </div>
   <div class='ocr_carea' id='block_1_77' title="bbox 130 5780 1715 5868">
    <p class='ocr_par' dir='ltr' id='par_1_77' title="bbox 130 5780 1715 5868">
     <span class='ocr_line' id='line_1_77' title="bbox 130 5780 1715 5868; baseline 0.009 -33"><span class='ocrx_word' id='word_1_509' title='bbox 130 5780 330 5852; x_wconf 74' lang='grc' dir='ltr'>δηκὼς,</span> <span class='ocrx_word' id='word_1_510' title='bbox 350 5786 448 5840; x_wconf 80' lang='grc' dir='ltr'>καὶ</span> <span class='ocrx_word' id='word_1_511' title='bbox 480 5787 580 5857; x_wconf 86' lang='grc' dir='ltr'><strong>τῆς</strong></span> <span class='ocrx_word' id='word_1_512' title='bbox 603 5788 696 5841; x_wconf 88' lang='grc' dir='ltr'><strong>τοῦ</strong></span> <span class='ocrx_word' id='word_1_513' title='bbox 726 5789 885 5860; x_wconf 77' lang='grc' dir='ltr'>ὅρους</span> <span class='ocrx_word' id='word_1_514' title='bbox 913 5792 1020 5845; x_wconf 87' lang='grc' dir='ltr'><strong>τῶν</strong></span> <span class='ocrx_word' id='word_1_515' title='bbox 1047 5793 1256 5865; x_wconf 82' lang='grc' dir='ltr'>ἀρετῶν</span> <span class='ocrx_word' id='word_1_516' title='bbox 1281 5798 1715 5868; x_wconf 81' lang='grc' dir='ltr'>κορυφαιοτάτης</span> 
     </span>
    </p>
   </div>
   <div class='ocr_carea' id='block_1_78' title="bbox 133 5878 1710 5958">
    <p class='ocr_par' dir='ltr' id='par_1_78' title="bbox 133 5878 1710 5958">
     <span class='ocr_line' id='line_1_78' title="bbox 133 5878 1710 5958; baseline 0.01 -31"><span class='ocrx_word' id='word_1_517' title='bbox 133 5878 413 5949; x_wconf 74' lang='grc' dir='ltr'>περιωπῆς</span> <span class='ocrx_word' id='word_1_518' title='bbox 465 5880 593 5943; x_wconf 81' lang='grc' dir='ltr'>τοὺς</span> <span class='ocrx_word' id='word_1_519' title='bbox 641 5881 1155 5954; x_wconf 79' lang='grc' dir='ltr'>εύαγγελιζομένους</span> <span class='ocrx_word' id='word_1_520' title='bbox 1201 5887 1423 5958; x_wconf 83' lang='grc' dir='ltr'>εἰρήνην</span> <span class='ocrx_word' id='word_1_521' title='bbox 1473 5888 1710 5958; x_wconf 80' lang='grc' dir='ltr'>ὡραίους</span> 
     </span>
    </p>
   </div>
   <div class='ocr_carea' id='block_1_79' title="bbox 1832 2019 3419 2091">
    <p class='ocr_par' dir='ltr' id='par_1_79' title="bbox 1832 2019 3419 2091">
     <span class='ocr_line' id='line_1_79' title="bbox 1832 2019 3419 2091; baseline 0.006 -18"><span class='ocrx_word' id='word_1_522' title='bbox 1832 2019 1974 2075; x_wconf 90' lang='lat' dir='ltr'><strong>beati</strong></span> <span class='ocrx_word' id='word_1_523' title='bbox 2004 2020 2157 2079; x_wconf 88' lang='lat' dir='ltr'><strong>Pauli</strong></span> <span class='ocrx_word' id='word_1_524' title='bbox 2183 2022 2508 2078; x_wconf 88' lang='lat' dir='ltr'><strong>clarissimis</strong></span> <span class='ocrx_word' id='word_1_525' title='bbox 2554 2027 2732 2080; x_wconf 89' lang='lat' dir='ltr'><strong>oculis</strong></span> <span class='ocrx_word' id='word_1_526' title='bbox 2761 2035 3022 2082; x_wconf 88' lang='lat' dir='ltr'><strong>ostensus</strong></span> <span class='ocrx_word' id='word_1_527' title='bbox 3053 2035 3220 2091; x_wconf 85' lang='lat' dir='ltr'><strong>esset,</strong></span> <span class='ocrx_word' id='word_1_528' title='bbox 3254 2037 3308 2082; x_wconf 91' lang='lat' dir='ltr'><strong>et</strong></span> <span class='ocrx_word' id='word_1_529' title='bbox 3337 2029 3419 2082; x_wconf 89' lang='lat' dir='ltr'><strong>di-</strong></span> 
     </span>
    </p>
   </div>
   <div class='ocr_carea' id='block_1_80' title="bbox 1831 2112 3419 2196">
    <p class='ocr_par' dir='ltr' id='par_1_80' title="bbox 1831 2112 3419 2196">
     <span class='ocr_line' id='line_1_80' title="bbox 1831 2112 3419 2196; baseline 0.004 -30"><span class='ocrx_word' id='word_1_530' title='bbox 1831 2112 1943 2166; x_wconf 90' lang='lat' dir='ltr'><strong>vini</strong></span> <span class='ocrx_word' id='word_1_531' title='bbox 1989 2113 2284 2168; x_wconf 85' lang='lat' dir='ltr'><strong>sacerdotii</strong></span> <span class='ocrx_word' id='word_1_532' title='bbox 2318 2115 2492 2183; x_wconf 86' lang='lat' dir='ltr'><strong>gradu</strong></span> <span class='ocrx_word' id='word_1_533' title='bbox 2523 2115 2721 2187; x_wconf 84' lang='lat' dir='ltr'><strong>dignus</strong></span> <span class='ocrx_word' id='word_1_534' title='bbox 2749 2118 3051 2186; x_wconf 87' lang='lat' dir='ltr'><strong>judicatus,</strong></span> <span class='ocrx_word' id='word_1_535' title='bbox 3082 2119 3419 2196; x_wconf 64' lang='lat' dir='ltr'><strong>Athenarum</strong></span> 
     </span>
    </p>
   </div>
   <div class='ocr_carea' id='block_1_81' title="bbox 1830 2206 3422 2284">
    <p class='ocr_par' dir='ltr' id='par_1_81' title="bbox 1830 2206 3422 2284">
     <span class='ocr_line' id='line_1_81' title="bbox 1830 2206 3422 2284; baseline 0.007 -26"><span class='ocrx_word' id='word_1_536' title='bbox 1830 2206 2124 2277; x_wconf 86' lang='lat' dir='ltr'><strong>episcopus</strong></span> <span class='ocrx_word' id='word_1_537' title='bbox 2175 2207 2243 2261; x_wconf 90' lang='lat' dir='ltr'><strong>ab</strong></span> <span class='ocrx_word' id='word_1_538' title='bbox 2289 2206 2411 2276; x_wconf 90' lang='lat' dir='ltr'><strong>ipso</strong></span> <span class='ocrx_word' id='word_1_539' title='bbox 2463 2209 2673 2276; x_wconf 86' lang='lat' dir='ltr'><strong>primus</strong></span> <span class='ocrx_word' id='word_1_540' title='bbox 2723 2211 2963 2280; x_wconf 88' lang='lat' dir='ltr'><strong>eligitur,</strong></span> <span class='ocrx_word' id='word_1_541' title='bbox 2999 2220 3051 2268; x_wconf 91' lang='lat' dir='ltr'><strong>et</strong></span> <span class='ocrx_word' id='word_1_542' title='bbox 3085 2230 3198 2269; x_wconf 77' lang='lat' dir='ltr'><strong>suae</strong></span> <span class='ocrx_word' id='word_1_543' title='bbox 3246 2215 3422 2284; x_wconf 85' lang='lat' dir='ltr'><strong>ipsius</strong></span> 
     </span>
    </p>
   </div>
   <div class='ocr_carea' id='block_1_82' title="bbox 1831 2297 3416 2373">
    <p class='ocr_par' dir='ltr' id='par_1_82' title="bbox 1831 2297 3416 2373">
     <span class='ocr_line' id='line_1_82' title="bbox 1831 2297 3416 2373; baseline 0.006 -25"><span class='ocrx_word' id='word_1_544' title='bbox 1831 2303 1986 2366; x_wconf 86' lang='lat' dir='ltr'><strong>pater</strong></span> <span class='ocrx_word' id='word_1_545' title='bbox 2043 2297 2232 2367; x_wconf 64' lang='lat' dir='ltr'><strong>patriae</strong></span> <span class='ocrx_word' id='word_1_546' title='bbox 2275 2297 2611 2362; x_wconf 88' lang='lat' dir='ltr'><strong>declaratur,</strong></span> <span class='ocrx_word' id='word_1_547' title='bbox 2655 2307 2712 2353; x_wconf 88' lang='lat' dir='ltr'><strong>et</strong></span> <span class='ocrx_word' id='word_1_548' title='bbox 2764 2301 3021 2369; x_wconf 76' lang='lat' dir='ltr'><strong>primitiae</strong></span> <span class='ocrx_word' id='word_1_549' title='bbox 3076 2305 3416 2373; x_wconf 82' lang='lat' dir='ltr'><strong>negotiorum</strong></span> 
     </span>
    </p>
   </div>
   <div class='ocr_carea' id='block_1_83' title="bbox 1831 2388 3419 2464">
    <p class='ocr_par' dir='ltr' id='par_1_83' title="bbox 1831 2388 3419 2464">
     <span class='ocr_line' id='line_1_83' title="bbox 1831 2388 3419 2464; baseline 0.004 -23"><span class='ocrx_word' id='word_1_550' title='bbox 1831 2388 2180 2442; x_wconf 88' lang='lat' dir='ltr'><strong>rationalium</strong></span> <span class='ocrx_word' id='word_1_551' title='bbox 2239 2389 2294 2442; x_wconf 88' lang='lat' dir='ltr'><strong>in</strong></span> <span class='ocrx_word' id='word_1_552' title='bbox 2353 2405 2548 2446; x_wconf 89' lang='lat' dir='ltr'><strong>manus</strong></span> <span class='ocrx_word' id='word_1_553' title='bbox 2597 2390 2912 2456; x_wconf 87' lang='lat' dir='ltr'><strong>traduntur,</strong></span> <span class='ocrx_word' id='word_1_554' title='bbox 2967 2400 3132 2463; x_wconf 88' lang='lat' dir='ltr'><strong>atque</strong></span> <span class='ocrx_word' id='word_1_555' title='bbox 3184 2395 3419 2464; x_wconf 88' lang='lat' dir='ltr'><strong>populus</strong></span> 
     </span>
    </p>
   </div>
   <div class='ocr_carea' id='block_1_84' title="bbox 1831 2479 3415 2560">
    <p class='ocr_par' dir='ltr' id='par_1_84' title="bbox 1831 2479 3415 2560">
     <span class='ocr_line' id='line_1_84' title="bbox 1831 2479 3415 2560; baseline 0.003 -27"><span class='ocrx_word' id='word_1_556' title='bbox 1831 2479 1996 2535; x_wconf 87' lang='lat' dir='ltr'><strong>isthic</strong></span> <span class='ocrx_word' id='word_1_557' title='bbox 2029 2480 2186 2536; x_wconf 90' lang='lat' dir='ltr'><strong>ﬁdem</strong></span> <span class='ocrx_word' id='word_1_558' title='bbox 2219 2483 2504 2552; x_wconf 76' lang='lat' dir='ltr'><strong>amplexus</strong></span> <span class='ocrx_word' id='word_1_559' title='bbox 2534 2484 2638 2554; x_wconf 87' lang='lat' dir='ltr'><strong>ipsi</strong></span> <span class='ocrx_word' id='word_1_560' title='bbox 2653 2484 3239 2560; x_wconf 87' lang='lat' dir='ltr'><strong>ereditur.0portebat</strong></span> <span class='ocrx_word' id='word_1_561' title='bbox 3268 2485 3415 2540; x_wconf 89' lang='lat' dir='ltr'><strong>enim</strong></span> 
     </span>
    </p>
   </div>
   <div class='ocr_carea' id='block_1_85' title="bbox 1831 2573 3418 2644">
    <p class='ocr_par' dir='ltr' id='par_1_85' title="bbox 1831 2573 3418 2644">
     <span class='ocr_line' id='line_1_85' title="bbox 1831 2573 3418 2644; baseline 0.005 -19"><span class='ocrx_word' id='word_1_562' title='bbox 1831 2579 1890 2628; x_wconf 90' lang='lat' dir='ltr'><strong>ut</strong></span> <span class='ocrx_word' id='word_1_563' title='bbox 1923 2573 2137 2638; x_wconf 79' lang='lat' dir='ltr'><strong>civitas,</strong></span> <span class='ocrx_word' id='word_1_564' title='bbox 2171 2590 2291 2644; x_wconf 64' lang='lat' dir='ltr'><strong>quae</strong></span> <span class='ocrx_word' id='word_1_565' title='bbox 2340 2576 2487 2630; x_wconf 91' lang='lat' dir='ltr'><strong>hunc</strong></span> <span class='ocrx_word' id='word_1_566' title='bbox 2523 2577 2792 2643; x_wconf 88' lang='lat' dir='ltr'><strong>ediderat,</strong></span> <span class='ocrx_word' id='word_1_567' title='bbox 2826 2579 3060 2643; x_wconf 83' lang='lat' dir='ltr'><strong>aluerat,</strong></span> <span class='ocrx_word' id='word_1_568' title='bbox 3085 2587 3139 2633; x_wconf 92' lang='lat' dir='ltr'><strong>et</strong></span> <span class='ocrx_word' id='word_1_569' title='bbox 3166 2579 3418 2634; x_wconf 86' lang='lat' dir='ltr'><strong>erudive-</strong></span> 
     </span>
    </p>
   </div>
   <div class='ocr_carea' id='block_1_86' title="bbox 1829 2666 3417 2741">
    <p class='ocr_par' dir='ltr' id='par_1_86' title="bbox 1829 2666 3417 2741">
     <span class='ocr_line' id='line_1_86' title="bbox 1829 2666 3417 2741; baseline 0.005 -25"><span class='ocrx_word' id='word_1_570' title='bbox 1829 2671 1937 2728; x_wconf 82' lang='lat' dir='ltr'><strong>rat,</strong></span> <span class='ocrx_word' id='word_1_571' title='bbox 1969 2678 1998 2716; x_wconf 88' lang='lat' dir='ltr'><strong>a</strong></span> <span class='ocrx_word' id='word_1_572' title='bbox 2028 2666 2252 2736; x_wconf 90' lang='lat' dir='ltr'><strong>proprio</strong></span> <span class='ocrx_word' id='word_1_573' title='bbox 2280 2668 2528 2737; x_wconf 78' lang='lat' dir='ltr'><strong>germine</strong></span> <span class='ocrx_word' id='word_1_574' title='bbox 2551 2677 2605 2723; x_wconf 91' lang='lat' dir='ltr'><strong>et</strong></span> <span class='ocrx_word' id='word_1_575' title='bbox 2630 2669 2874 2733; x_wconf 87' lang='lat' dir='ltr'><strong>alumno,</strong></span> <span class='ocrx_word' id='word_1_576' title='bbox 2915 2681 3079 2741; x_wconf 86' lang='lat' dir='ltr'><strong>atque</strong></span> <span class='ocrx_word' id='word_1_577' title='bbox 3107 2670 3417 2725; x_wconf 86' lang='lat' dir='ltr'><strong>eruditione</strong></span> 
     </span>
    </p>
   </div>
   <div class='ocr_carea' id='block_1_87' title="bbox 1830 2756 3414 2833">
    <p class='ocr_par' dir='ltr' id='par_1_87' title="bbox 1830 2756 3414 2833">
     <span class='ocr_line' id='line_1_87' title="bbox 1830 2756 3414 2833; baseline 0.006 -24"><span class='ocrx_word' id='word_1_578' title='bbox 1830 2756 2008 2826; x_wconf 89' lang='lat' dir='ltr'><strong>prima</strong></span> <span class='ocrx_word' id='word_1_579' title='bbox 2051 2760 2300 2814; x_wconf 89' lang='lat' dir='ltr'><strong>onmium</strong></span> <span class='ocrx_word' id='word_1_580' title='bbox 2349 2760 2744 2826; x_wconf 87' lang='lat' dir='ltr'><strong>illustraretur,</strong></span> <span class='ocrx_word' id='word_1_581' title='bbox 2777 2763 2953 2833; x_wconf 89' lang='lat' dir='ltr'><strong>primo</strong></span> <span class='ocrx_word' id='word_1_582' title='bbox 2983 2778 3172 2818; x_wconf 91' lang='lat' dir='ltr'><strong>eorum</strong></span> <span class='ocrx_word' id='word_1_583' title='bbox 3201 2777 3268 2818; x_wconf 80' lang='lat' dir='ltr'><strong>ex</strong></span> <span class='ocrx_word' id='word_1_584' title='bbox 3298 2764 3414 2833; x_wconf 80' lang='lat' dir='ltr'><strong>ipsa</strong></span> 
     </span>
    </p>
   </div>
   <div class='ocr_carea' id='block_1_88' title="bbox 1829 2845 3418 2918">
    <p class='ocr_par' dir='ltr' id='par_1_88' title="bbox 1829 2845 3418 2918">
     <span class='ocr_line' id='line_1_88' title="bbox 1829 2845 3418 2918; baseline 0.008 -20"><span class='ocrx_word' id='word_1_585' title='bbox 1829 2845 2190 2901; x_wconf 86' lang='lat' dir='ltr'><strong>oriundorum</strong></span> <span class='ocrx_word' id='word_1_586' title='bbox 2223 2848 2316 2918; x_wconf 91' lang='lat' dir='ltr'><strong>qui</strong></span> <span class='ocrx_word' id='word_1_587' title='bbox 2342 2849 2703 2918; x_wconf 88' lang='lat' dir='ltr'><strong>spiritualiter</strong></span> <span class='ocrx_word' id='word_1_588' title='bbox 2727 2851 2950 2907; x_wconf 85' lang='lat' dir='ltr'><strong>Christo</strong></span> <span class='ocrx_word' id='word_1_589' title='bbox 2980 2853 3176 2908; x_wconf 88' lang='lat' dir='ltr'><strong>salutis</strong></span> <span class='ocrx_word' id='word_1_590' title='bbox 3203 2857 3418 2913; x_wconf 87' lang='lat' dir='ltr'><strong>auctori</strong></span> 
     </span>
    </p>
   </div>
   <div class='ocr_carea' id='block_1_89' title="bbox 1829 2938 3420 3014">
    <p class='ocr_par' dir='ltr' id='par_1_89' title="bbox 1829 2938 3420 3014">
     <span class='ocr_line' id='line_1_89' title="bbox 1829 2938 3420 3014; baseline 0.008 -24"><span class='ocrx_word' id='word_1_591' title='bbox 1829 2938 1944 2991; x_wconf 88' lang='lat' dir='ltr'><strong>nati</strong></span> <span class='ocrx_word' id='word_1_592' title='bbox 1996 2938 2238 3004; x_wconf 82' lang='lat' dir='ltr'><strong>fuerunt,</strong></span> <span class='ocrx_word' id='word_1_593' title='bbox 2271 2943 2476 3011; x_wconf 87' lang='lat' dir='ltr'><strong>quique</strong></span> <span class='ocrx_word' id='word_1_594' title='bbox 2503 2943 2785 3004; x_wconf 88' lang='lat' dir='ltr'><strong>omnibus,</strong></span> <span class='ocrx_word' id='word_1_595' title='bbox 2815 2944 2909 3014; x_wconf 92' lang='lat' dir='ltr'><strong>qui</strong></span> <span class='ocrx_word' id='word_1_596' title='bbox 2957 2944 3067 2999; x_wconf 91' lang='lat' dir='ltr'><strong>vita</strong></span> <span class='ocrx_word' id='word_1_597' title='bbox 3114 2953 3167 3000; x_wconf 91' lang='lat' dir='ltr'><strong>et</strong></span> <span class='ocrx_word' id='word_1_598' title='bbox 3203 2946 3420 3002; x_wconf 74' lang='lat' dir='ltr'><strong>ratione</strong></span> 
     </span>
    </p>
   </div>
   <div class='ocr_carea' id='block_1_90' title="bbox 1827 3028 3416 3103">
    <p class='ocr_par' dir='ltr' id='par_1_90' title="bbox 1827 3028 3416 3103">
     <span class='ocr_line' id='line_1_90' title="bbox 1827 3028 3416 3103; baseline 0.007 -23"><span class='ocrx_word' id='word_1_599' title='bbox 1827 3028 2032 3096; x_wconf 89' lang='lat' dir='ltr'><strong>primas</strong></span> <span class='ocrx_word' id='word_1_600' title='bbox 2074 3029 2343 3094; x_wconf 87' lang='lat' dir='ltr'><strong>obtinent,</strong></span> <span class='ocrx_word' id='word_1_601' title='bbox 2388 3032 2681 3103; x_wconf 89' lang='lat' dir='ltr'><strong>magniﬁce</strong></span> <span class='ocrx_word' id='word_1_602' title='bbox 2715 3042 2933 3103; x_wconf 73' lang='lat' dir='ltr'><strong>przeest.</strong></span> <span class='ocrx_word' id='word_1_603' title='bbox 2984 3032 3096 3091; x_wconf 83' lang='lat' dir='ltr'><strong>Nec</strong></span> <span class='ocrx_word' id='word_1_604' title='bbox 3135 3049 3298 3090; x_wconf 87' lang='lat' dir='ltr'><strong>secus</strong></span> <span class='ocrx_word' id='word_1_605' title='bbox 3350 3051 3416 3092; x_wconf 89' lang='lat' dir='ltr'><strong>ac</strong></span> 
     </span>
    </p>
   </div>
   <div class='ocr_carea' id='block_1_91' title="bbox 1826 3120 3413 3196">
    <p class='ocr_par' dir='ltr' id='par_1_91' title="bbox 1826 3120 3413 3196">
     <span class='ocr_line' id='line_1_91' title="bbox 1826 3120 3413 3196; baseline 0.004 -21"><span class='ocrx_word' id='word_1_606' title='bbox 1826 3122 2066 3190; x_wconf 89' lang='lat' dir='ltr'><strong>optimus</strong></span> <span class='ocrx_word' id='word_1_607' title='bbox 2119 3120 2263 3176; x_wconf 89' lang='lat' dir='ltr'><strong>ﬁlius</strong></span> <span class='ocrx_word' id='word_1_608' title='bbox 2312 3123 2454 3176; x_wconf 90' lang='lat' dir='ltr'><strong>viam</strong></span> <span class='ocrx_word' id='word_1_609' title='bbox 2511 3124 2687 3179; x_wconf 85' lang='lat' dir='ltr'><strong>instar</strong></span> <span class='ocrx_word' id='word_1_610' title='bbox 2739 3127 2972 3196; x_wconf 88' lang='lat' dir='ltr'><strong>pastoris</strong></span> <span class='ocrx_word' id='word_1_611' title='bbox 2996 3134 3413 3189; x_wconf 85' lang='lat' dir='ltr'><strong>commonstrat,</strong></span> 
     </span>
    </p>
   </div>
   <div class='ocr_carea' id='block_1_92' title="bbox 1827 3213 3413 3295">
    <p class='ocr_par' dir='ltr' id='par_1_92' title="bbox 1827 3213 3413 3295">
     <span class='ocr_line' id='line_1_92' title="bbox 1827 3213 3413 3295; baseline 0.005 -28"><span class='ocrx_word' id='word_1_612' title='bbox 1827 3213 2094 3284; x_wconf 87' lang='lat' dir='ltr'><strong>docetque</strong></span> <span class='ocrx_word' id='word_1_613' title='bbox 2143 3215 2601 3289; x_wconf 86' lang='lat' dir='ltr'><strong>quemadmodum</strong></span> <span class='ocrx_word' id='word_1_614' title='bbox 2652 3233 2719 3272; x_wconf 79' lang='lat' dir='ltr'><strong>ex</strong></span> <span class='ocrx_word' id='word_1_615' title='bbox 2769 3216 2862 3273; x_wconf 92' lang='lat' dir='ltr'><strong>Dei</strong></span> <span class='ocrx_word' id='word_1_616' title='bbox 2912 3219 3238 3295; x_wconf 69' lang='lat' dir='ltr'><strong>praescripto</strong></span> <span class='ocrx_word' id='word_1_617' title='bbox 3282 3235 3413 3275; x_wconf 89' lang='lat' dir='ltr'><strong>suos</strong></span> 
     </span>
    </p>
   </div>
   <div class='ocr_carea' id='block_1_93' title="bbox 1751 3281 3411 3382">
    <p class='ocr_par' dir='ltr' id='par_1_93' title="bbox 1751 3281 3411 3382">
     <span class='ocr_line' id='line_1_93' title="bbox 1751 3281 3411 3382; baseline 0.006 -26"><span class='ocrx_word' id='word_1_618' title='bbox 1751 3281 1792 3339; x_wconf 68' lang='grc' dir='ltr'><strong><em>ε</em></strong></span> <span class='ocrx_word' id='word_1_619' title='bbox 1828 3303 1947 3374; x_wconf 91' lang='lat' dir='ltr'><strong>ipsa</strong></span> <span class='ocrx_word' id='word_1_620' title='bbox 1998 3281 2222 3375; x_wconf 77' lang='lat' dir='ltr'><strong>gressus</strong></span> <span class='ocrx_word' id='word_1_621' title='bbox 2269 3306 2491 3377; x_wconf 80' lang='lat' dir='ltr'><strong>dirigat,</strong></span> <span class='ocrx_word' id='word_1_622' title='bbox 2520 3307 2650 3362; x_wconf 90' lang='lat' dir='ltr'><strong>dum</strong></span> <span class='ocrx_word' id='word_1_623' title='bbox 2699 3309 2849 3363; x_wconf 87' lang='lat' dir='ltr'><strong>illam</strong></span> <span class='ocrx_word' id='word_1_624' title='bbox 2895 3281 2950 3364; x_wconf 69' lang='lat' dir='ltr'><strong>in</strong></span> <span class='ocrx_word' id='word_1_625' title='bbox 3000 3281 3411 3382; x_wconf 49' lang='lat' dir='ltr'><strong>loca-pascua;</strong></span> 
     </span>
    </p>
   </div>
   <div class='ocr_carea' id='block_1_94' title="bbox 1826 3397 3417 3468">
    <p class='ocr_par' dir='ltr' id='par_1_94' title="bbox 1826 3397 3417 3468">
     <span class='ocr_line' id='line_1_94' title="bbox 1826 3397 3417 3468; baseline 0.006 -18"><span class='ocrx_word' id='word_1_626' title='bbox 1826 3397 2001 3468; x_wconf 85' lang='lat' dir='ltr'><strong>planae</strong></span> <span class='ocrx_word' id='word_1_627' title='bbox 2031 3413 2226 3468; x_wconf 89' lang='lat' dir='ltr'><strong>nempe</strong></span> <span class='ocrx_word' id='word_1_628' title='bbox 2268 3414 2334 3454; x_wconf 88' lang='lat' dir='ltr'><strong>ac</strong></span> <span class='ocrx_word' id='word_1_629' title='bbox 2377 3401 2610 3456; x_wconf 66' lang='lat' dir='ltr'><strong>sincerae</strong></span> <span class='ocrx_word' id='word_1_630' title='bbox 2637 3402 2922 3468; x_wconf 70' lang='lat' dir='ltr'><strong>doctrinm,</strong></span> <span class='ocrx_word' id='word_1_631' title='bbox 2951 3403 3206 3468; x_wconf 90' lang='lat' dir='ltr'><strong>collocat,</strong></span> <span class='ocrx_word' id='word_1_632' title='bbox 3237 3411 3292 3460; x_wconf 90' lang='lat' dir='ltr'><strong>et</strong></span> <span class='ocrx_word' id='word_1_633' title='bbox 3321 3421 3417 3464; x_wconf 86' lang='lat' dir='ltr'><strong>su-</strong></span> 
     </span>
    </p>
   </div>
   <div class='ocr_carea' id='block_1_95' title="bbox 1824 3491 3409 3564">
    <p class='ocr_par' dir='ltr' id='par_1_95' title="bbox 1824 3491 3409 3564">
     <span class='ocr_line' id='line_1_95' title="bbox 1824 3491 3409 3564; baseline 0.006 -21"><span class='ocrx_word' id='word_1_634' title='bbox 1824 3503 1921 3561; x_wconf 86' lang='lat' dir='ltr'><strong>per</strong></span> <span class='ocrx_word' id='word_1_635' title='bbox 1960 3504 2158 3564; x_wconf 87' lang='lat' dir='ltr'><strong>aquam</strong></span> <span class='ocrx_word' id='word_1_636' title='bbox 2188 3491 2528 3559; x_wconf 81' lang='lat' dir='ltr'><strong>refectionis,</strong></span> <span class='ocrx_word' id='word_1_637' title='bbox 2562 3492 2822 3550; x_wconf 89' lang='lat' dir='ltr'><strong>nimirum</strong></span> <span class='ocrx_word' id='word_1_638' title='bbox 2869 3509 3011 3550; x_wconf 78' lang='lat' dir='ltr'><strong>vera:</strong></span> <span class='ocrx_word' id='word_1_639' title='bbox 3051 3495 3409 3562; x_wconf 60' lang='lat' dir='ltr'><strong>hereditatis,</strong></span> 
     </span>
    </p>
   </div>
   <div class='ocr_carea' id='block_1_96' title="bbox 1824 3580 2040 3637">
    <p class='ocr_par' dir='ltr' id='par_1_96' title="bbox 1824 3580 2040 3637">
     <span class='ocr_line' id='line_1_96' title="bbox 1824 3580 2040 3637; baseline 0.005 -1"><span class='ocrx_word' id='word_1_640' title='bbox 1824 3580 2040 3637; x_wconf 89' lang='lat' dir='ltr'><strong>educat.</strong></span> 
     </span>
    </p>
   </div>
   <div class='ocr_carea' id='block_1_97' title="bbox 1897 3672 3411 3750">
    <p class='ocr_par' dir='ltr' id='par_1_97' title="bbox 1897 3672 3411 3750">
     <span class='ocr_line' id='line_1_97' title="bbox 1897 3672 3411 3750; baseline 0.007 -22"><span class='ocrx_word' id='word_1_641' title='bbox 1897 3672 1942 3728; x_wconf 90' lang='grc'>0</span> <span class='ocrx_word' id='word_1_642' title='bbox 1992 3674 2267 3745; x_wconf 86' lang='lat' dir='ltr'><strong>ingentem</strong></span> <span class='ocrx_word' id='word_1_643' title='bbox 2321 3681 2643 3750; x_wconf 89' lang='lat' dir='ltr'><strong>metropolis</strong></span> <span class='ocrx_word' id='word_1_644' title='bbox 2676 3679 3120 3740; x_wconf 83' lang='lat' dir='ltr'><strong>-Atheniensium</strong></span> <span class='ocrx_word' id='word_1_645' title='bbox 3173 3682 3411 3739; x_wconf 84' lang='lat' dir='ltr'><strong>civitatis</strong></span> 
     </span>
    </p>
   </div>
   <div class='ocr_carea' id='block_1_98' title="bbox 1825 3765 3408 3844">
    <p class='ocr_par' dir='ltr' id='par_1_98' title="bbox 1825 3765 3408 3844">
     <span class='ocr_line' id='line_1_98' title="bbox 1825 3765 3408 3844; baseline 0.007 -24"><span class='ocrx_word' id='word_1_646' title='bbox 1825 3765 2162 3832; x_wconf 82' lang='lat' dir='ltr'><strong>felicitatem,</strong></span> <span class='ocrx_word' id='word_1_647' title='bbox 2192 3769 2344 3826; x_wconf 91' lang='lat' dir='ltr'><strong>nullo</strong></span> <span class='ocrx_word' id='word_1_648' title='bbox 2393 3773 2780 3844; x_wconf 76' lang='lat' dir='ltr'><strong>suffragiorum</strong></span> <span class='ocrx_word' id='word_1_649' title='bbox 2816 3774 3081 3831; x_wconf 84' lang='lat' dir='ltr'><strong>beneﬁcio</strong></span> <span class='ocrx_word' id='word_1_650' title='bbox 3130 3775 3206 3829; x_wconf 91' lang='lat' dir='ltr'><strong>illi</strong></span> <span class='ocrx_word' id='word_1_651' title='bbox 3251 3776 3408 3831; x_wconf 83' lang='lat' dir='ltr'><strong>dela-</strong></span> 
     </span>
    </p>
   </div>
   <div class='ocr_carea' id='block_1_99' title="bbox 1824 3861 3404 3937">
    <p class='ocr_par' dir='ltr' id='par_1_99' title="bbox 1824 3861 3404 3937">
     <span class='ocr_line' id='line_1_99' title="bbox 1824 3861 3404 3937; baseline 0.007 -26"><span class='ocrx_word' id='word_1_652' title='bbox 1824 3861 1968 3913; x_wconf 88' lang='lat' dir='ltr'><strong>tam!</strong></span> <span class='ocrx_word' id='word_1_653' title='bbox 2019 3861 2194 3925; x_wconf 80' lang='lat' dir='ltr'><strong>Quam</strong></span> <span class='ocrx_word' id='word_1_654' title='bbox 2247 3877 2372 3920; x_wconf 88' lang='lat' dir='ltr'><strong>vere</strong></span> <span class='ocrx_word' id='word_1_655' title='bbox 2402 3865 2556 3930; x_wconf 77' lang='lat' dir='ltr'><strong>felix,</strong></span> <span class='ocrx_word' id='word_1_656' title='bbox 2589 3866 3077 3937; x_wconf 86' lang='lat' dir='ltr'><strong>multipliciterque</strong></span> <span class='ocrx_word' id='word_1_657' title='bbox 3107 3868 3266 3922; x_wconf 84' lang='lat' dir='ltr'><strong>beata</strong></span> <span class='ocrx_word' id='word_1_658' title='bbox 3300 3877 3404 3936; x_wconf 83' lang='lat' dir='ltr'><strong>est,</strong></span> 
     </span>
    </p>
   </div>
   <div class='ocr_carea' id='block_1_100' title="bbox 1824 3955 3410 4031">
    <p class='ocr_par' dir='ltr' id='par_1_100' title="bbox 1824 3955 3410 4031">
     <span class='ocr_line' id='line_1_100' title="bbox 1824 3955 3410 4031; baseline 0.004 -24"><span class='ocrx_word' id='word_1_659' title='bbox 1824 3969 1945 4024; x_wconf 71' lang='lat' dir='ltr'><strong>quae</strong></span> <span class='ocrx_word' id='word_1_660' title='bbox 1978 3962 2189 4010; x_wconf 89' lang='lat' dir='ltr'><strong>tantum</strong></span> <span class='ocrx_word' id='word_1_661' title='bbox 2225 3955 2425 4012; x_wconf 88' lang='lat' dir='ltr'><strong>ducem</strong></span> <span class='ocrx_word' id='word_1_662' title='bbox 2477 3966 2642 4027; x_wconf 90' lang='lat' dir='ltr'><strong>atque</strong></span> <span class='ocrx_word' id='word_1_663' title='bbox 2678 3960 3000 4030; x_wconf 82' lang='lat' dir='ltr'><strong>magistrum</strong></span> <span class='ocrx_word' id='word_1_664' title='bbox 3035 3961 3116 4031; x_wconf 90' lang='lat' dir='ltr'><strong>(ut</strong></span> <span class='ocrx_word' id='word_1_665' title='bbox 3147 3960 3410 4016; x_wconf 86' lang='lat' dir='ltr'><strong>Israeliti-</strong></span> 
     </span>
    </p>
   </div>
   <div class='ocr_carea' id='block_1_101' title="bbox 1823 4047 3402 4122">
    <p class='ocr_par' dir='ltr' id='par_1_101' title="bbox 1823 4047 3402 4122">
     <span class='ocr_line' id='line_1_101' title="bbox 1823 4047 3402 4122; baseline 0.003 -20"><span class='ocrx_word' id='word_1_666' title='bbox 1823 4063 1921 4102; x_wconf 85' lang='lat' dir='ltr'><strong>cus</strong></span> <span class='ocrx_word' id='word_1_667' title='bbox 1972 4047 2102 4102; x_wconf 91' lang='lat' dir='ltr'><strong>olim</strong></span> <span class='ocrx_word' id='word_1_668' title='bbox 2155 4049 2390 4121; x_wconf 89' lang='lat' dir='ltr'><strong>populus</strong></span> <span class='ocrx_word' id='word_1_669' title='bbox 2444 4048 2700 4122; x_wconf 85' lang='lat' dir='ltr'><strong>Moysen)</strong></span> <span class='ocrx_word' id='word_1_670' title='bbox 2753 4051 3026 4121; x_wconf 88' lang='lat' dir='ltr'><strong>talemque</strong></span> <span class='ocrx_word' id='word_1_671' title='bbox 3074 4054 3236 4106; x_wconf 78' lang='lat' dir='ltr'><strong>enixa</strong></span> <span class='ocrx_word' id='word_1_672' title='bbox 3284 4061 3402 4118; x_wconf 89' lang='lat' dir='ltr'><strong>est,</strong></span> 
     </span>
    </p>
   </div>
   <div class='ocr_carea' id='block_1_102' title="bbox 1821 4142 3408 4217">
    <p class='ocr_par' dir='ltr' id='par_1_102' title="bbox 1821 4142 3408 4217">
     <span class='ocr_line' id='line_1_102' title="bbox 1821 4142 3408 4217; baseline 0.004 -24"><span class='ocrx_word' id='word_1_673' title='bbox 1821 4149 1989 4210; x_wconf 89' lang='lat' dir='ltr'><strong>atque</strong></span> <span class='ocrx_word' id='word_1_674' title='bbox 2022 4142 2220 4198; x_wconf 88' lang='lat' dir='ltr'><strong>sortita</strong></span> <span class='ocrx_word' id='word_1_675' title='bbox 2251 4145 2560 4212; x_wconf 90' lang='lat' dir='ltr'><strong>pastorem!</strong></span> <span class='ocrx_word' id='word_1_676' title='bbox 2599 4144 2804 4199; x_wconf 90' lang='lat' dir='ltr'><strong>etenim</strong></span> <span class='ocrx_word' id='word_1_677' title='bbox 2836 4145 2975 4199; x_wconf 87' lang='lat' dir='ltr'><strong>alter</strong></span> <span class='ocrx_word' id='word_1_678' title='bbox 3008 4144 3230 4214; x_wconf 84' lang='lat' dir='ltr'><strong>quidam</strong></span> <span class='ocrx_word' id='word_1_679' title='bbox 3255 4144 3408 4217; x_wconf 82' lang='lat' dir='ltr'><strong>Moy-</strong></span> 
     </span>
    </p>
   </div>
   <div class='ocr_carea' id='block_1_103' title="bbox 1822 4231 3402 4307">
    <p class='ocr_par' dir='ltr' id='par_1_103' title="bbox 1822 4231 3402 4307">
     <span class='ocr_line' id='line_1_103' title="bbox 1822 4231 3402 4307; baseline 0.004 -21"><span class='ocrx_word' id='word_1_680' title='bbox 1822 4247 1911 4288; x_wconf 87' lang='lat' dir='ltr'><strong>ses</strong></span> <span class='ocrx_word' id='word_1_681' title='bbox 1951 4231 2132 4288; x_wconf 91' lang='lat' dir='ltr'><strong>denuo</strong></span> <span class='ocrx_word' id='word_1_682' title='bbox 2180 4234 2334 4289; x_wconf 90' lang='lat' dir='ltr'><strong>visus</strong></span> <span class='ocrx_word' id='word_1_683' title='bbox 2385 4241 2492 4299; x_wconf 91' lang='lat' dir='ltr'><strong>est,</strong></span> <span class='ocrx_word' id='word_1_684' title='bbox 2525 4235 2619 4305; x_wconf 88' lang='lat' dir='ltr'><strong>qui</strong></span> <span class='ocrx_word' id='word_1_685' title='bbox 2675 4234 2996 4305; x_wconf 70' lang='lat' dir='ltr'><strong>1Egyptum,</strong></span> <span class='ocrx_word' id='word_1_686' title='bbox 3041 4236 3402 4307; x_wconf 79' lang='lat' dir='ltr'><strong>caliginosum</strong></span> 
     </span>
    </p>
   </div>
   <div class='ocr_carea' id='block_1_104' title="bbox 1819 4322 3402 4389">
    <p class='ocr_par' dir='ltr' id='par_1_104' title="bbox 1819 4322 3402 4389">
     <span class='ocr_line' id='line_1_104' title="bbox 1819 4322 3402 4389; baseline 0.002 -12"><span class='ocrx_word' id='word_1_687' title='bbox 1819 4322 1944 4377; x_wconf 90' lang='lat' dir='ltr'><strong>dico</strong></span> <span class='ocrx_word' id='word_1_688' title='bbox 1994 4323 2051 4378; x_wconf 91' lang='lat' dir='ltr'><strong>in</strong></span> <span class='ocrx_word' id='word_1_689' title='bbox 2103 4324 2350 4380; x_wconf 87' lang='lat' dir='ltr'><strong>colendis</strong></span> <span class='ocrx_word' id='word_1_690' title='bbox 2387 4325 2700 4381; x_wconf 90' lang='lat' dir='ltr'><strong>simulacris</strong></span> <span class='ocrx_word' id='word_1_691' title='bbox 2749 4340 3015 4389; x_wconf 85' lang='lat' dir='ltr'><strong>errorem,</strong></span> <span class='ocrx_word' id='word_1_692' title='bbox 3056 4342 3169 4381; x_wconf 89' lang='lat' dir='ltr'><strong>non</strong></span> <span class='ocrx_word' id='word_1_693' title='bbox 3215 4327 3402 4382; x_wconf 84' lang='lat' dir='ltr'><strong>decem</strong></span> 
     </span>
    </p>
   </div>
   <div class='ocr_carea' id='block_1_105' title="bbox 1818 4413 3404 4484">
    <p class='ocr_par' dir='ltr' id='par_1_105' title="bbox 1818 4413 3404 4484">
     <span class='ocr_line' id='line_1_105' title="bbox 1818 4413 3404 4484; baseline 0.001 -18"><span class='ocrx_word' id='word_1_694' title='bbox 1818 4414 2026 4483; x_wconf 88' lang='lat' dir='ltr'><strong>plagis,</strong></span> <span class='ocrx_word' id='word_1_695' title='bbox 2079 4413 2175 4469; x_wconf 86' lang='lat' dir='ltr'><strong>sed</strong></span> <span class='ocrx_word' id='word_1_696' title='bbox 2227 4414 2531 4471; x_wconf 87' lang='lat' dir='ltr'><strong>innumeris</strong></span> <span class='ocrx_word' id='word_1_697' title='bbox 2582 4413 2848 4469; x_wconf 66' lang='lat' dir='ltr'><strong>laetalibus</strong></span> <span class='ocrx_word' id='word_1_698' title='bbox 2892 4413 3404 4484; x_wconf 85' lang='lat' dir='ltr'><strong>ardentissimisque</strong></span> 
     </span>
    </p>
   </div>
   <div class='ocr_carea' id='block_1_106' title="bbox 1818 4503 3404 4576">
    <p class='ocr_par' dir='ltr' id='par_1_106' title="bbox 1818 4503 3404 4576">
     <span class='ocr_line' id='line_1_106' title="bbox 1818 4503 3404 4576; baseline 0.003 -20"><span class='ocrx_word' id='word_1_699' title='bbox 1818 4517 1990 4558; x_wconf 75' lang='lat' dir='ltr'><strong>sacra:</strong></span> <span class='ocrx_word' id='word_1_700' title='bbox 2023 4504 2170 4559; x_wconf 91' lang='lat' dir='ltr'><strong>illius</strong></span> <span class='ocrx_word' id='word_1_701' title='bbox 2204 4503 2468 4559; x_wconf 63' lang='lat' dir='ltr'><strong>doctrinae</strong></span> <span class='ocrx_word' id='word_1_702' title='bbox 2518 4519 2582 4560; x_wconf 88' lang='lat' dir='ltr'><strong>ac</strong></span> <span class='ocrx_word' id='word_1_703' title='bbox 2613 4504 2810 4559; x_wconf 59' lang='lat' dir='ltr'><strong>divina:</strong></span> <span class='ocrx_word' id='word_1_704' title='bbox 2841 4505 3147 4574; x_wconf 62' lang='lat' dir='ltr'><strong>disciplinae</strong></span> <span class='ocrx_word' id='word_1_705' title='bbox 3190 4505 3404 4576; x_wconf 76' lang='lat' dir='ltr'><strong>sagittis</strong></span> 
     </span>
    </p>
   </div>
   <div class='ocr_carea' id='block_1_107' title="bbox 1820 4596 3402 4669">
    <p class='ocr_par' dir='ltr' id='par_1_107' title="bbox 1820 4596 3402 4669">
     <span class='ocr_line' id='line_1_107' title="bbox 1820 4596 3402 4669; baseline 0.004 -19"><span class='ocrx_word' id='word_1_706' title='bbox 1820 4596 2125 4660; x_wconf 77' lang='lat' dir='ltr'><strong>transfixit,</strong></span> <span class='ocrx_word' id='word_1_707' title='bbox 2156 4605 2211 4651; x_wconf 86' lang='lat' dir='ltr'><strong>et</strong></span> <span class='ocrx_word' id='word_1_708' title='bbox 2246 4597 2532 4669; x_wconf 87' lang='lat' dir='ltr'><strong>ﬁguratum</strong></span> <span class='ocrx_word' id='word_1_709' title='bbox 2572 4596 2913 4653; x_wconf 82' lang='lat' dir='ltr'><strong>Pharaonem</strong></span> <span class='ocrx_word' id='word_1_710' title='bbox 2945 4614 3069 4654; x_wconf 91' lang='lat' dir='ltr'><strong>eum</strong></span> <span class='ocrx_word' id='word_1_711' title='bbox 3099 4600 3247 4653; x_wconf 90' lang='lat' dir='ltr'><strong>omni</strong></span> <span class='ocrx_word' id='word_1_712' title='bbox 3280 4599 3402 4669; x_wconf 84' lang='lat' dir='ltr'><strong>ejus</strong></span> 
     </span>
    </p>
   </div>
   <div class='ocr_carea' id='block_1_108' title="bbox 1817 4689 3403 4761">
    <p class='ocr_par' dir='ltr' id='par_1_108' title="bbox 1817 4689 3403 4761">
     <span class='ocr_line' id='line_1_108' title="bbox 1817 4689 3403 4761; baseline 0.004 -19"><span class='ocrx_word' id='word_1_713' title='bbox 1817 4689 2126 4760; x_wconf 88' lang='lat' dir='ltr'><strong>perniciosa</strong></span> <span class='ocrx_word' id='word_1_714' title='bbox 2150 4698 2440 4760; x_wconf 89' lang='lat' dir='ltr'><strong>potestate,</strong></span> <span class='ocrx_word' id='word_1_715' title='bbox 2472 4691 2744 4761; x_wconf 85' lang='lat' dir='ltr'><strong>nugisque</strong></span> <span class='ocrx_word' id='word_1_716' title='bbox 2776 4690 3050 4747; x_wconf 71' lang='lat' dir='ltr'><strong>luet-elicis</strong></span> <span class='ocrx_word' id='word_1_717' title='bbox 3081 4706 3146 4746; x_wconf 90' lang='lat' dir='ltr'><strong>ac</strong></span> <span class='ocrx_word' id='word_1_718' title='bbox 3177 4692 3403 4748; x_wconf 79' lang='lat' dir='ltr'><strong>zizaniis</strong></span> 
     </span>
    </p>
   </div>
   <div class='ocr_carea' id='block_1_109' title="bbox 1816 4779 3402 4854">
    <p class='ocr_par' dir='ltr' id='par_1_109' title="bbox 1816 4779 3402 4854">
     <span class='ocr_line' id='line_1_109' title="bbox 1816 4779 3402 4854; baseline 0.001 -20"><span class='ocrx_word' id='word_1_719' title='bbox 1816 4781 2016 4851; x_wconf 90' lang='lat' dir='ltr'><strong>plenis,</strong></span> <span class='ocrx_word' id='word_1_720' title='bbox 2067 4797 2188 4852; x_wconf 67' lang='lat' dir='ltr'><strong>quae</strong></span> <span class='ocrx_word' id='word_1_721' title='bbox 2235 4796 2264 4834; x_wconf 94' lang='lat' dir='ltr'><strong>a</strong></span> <span class='ocrx_word' id='word_1_722' title='bbox 2317 4779 2719 4836; x_wconf 71' lang='lat' dir='ltr'><strong>cacodzemonis</strong></span> <span class='ocrx_word' id='word_1_723' title='bbox 2771 4780 2948 4854; x_wconf 80' lang='lat'><strong>370&#39;</strong></span> <span class='ocrx_word' id='word_1_724' title='bbox 2989 4781 3162 4851; x_wconf 91' lang='lat' dir='ltr'><strong>ipsius</strong></span> <span class='ocrx_word' id='word_1_725' title='bbox 3209 4779 3402 4836; x_wconf 85' lang='lat' dir='ltr'><strong>lraude</strong></span> 
     </span>
    </p>
   </div>
   <div class='ocr_carea' id='block_1_110' title="bbox 1816 4873 3394 4944">
    <p class='ocr_par' dir='ltr' id='par_1_110' title="bbox 1816 4873 3394 4944">
     <span class='ocr_line' id='line_1_110' title="bbox 1816 4873 3394 4944; baseline 0 -17"><span class='ocrx_word' id='word_1_726' title='bbox 1816 4873 2092 4938; x_wconf 88' lang='lat' dir='ltr'><strong>oriuntur,</strong></span> <span class='ocrx_word' id='word_1_727' title='bbox 2126 4874 2498 4931; x_wconf 90' lang='lat' dir='ltr'><strong>ornatissimis</strong></span> <span class='ocrx_word' id='word_1_728' title='bbox 2531 4873 2871 4931; x_wconf 86' lang='lat' dir='ltr'><strong>admirabilis</strong></span> <span class='ocrx_word' id='word_1_729' title='bbox 2899 4875 3020 4944; x_wconf 82' lang='lat' dir='ltr'><strong>ejus</strong></span> <span class='ocrx_word' id='word_1_730' title='bbox 3048 4889 3113 4929; x_wconf 90' lang='lat' dir='ltr'><strong>ac</strong></span> <span class='ocrx_word' id='word_1_731' title='bbox 3137 4874 3286 4928; x_wconf 88' lang='lat' dir='ltr'><strong>omni</strong></span> <span class='ocrx_word' id='word_1_732' title='bbox 3311 4873 3394 4928; x_wconf 75' lang='lat' dir='ltr'><strong>di-</strong></span> 
     </span>
    </p>
   </div>
   <div class='ocr_carea' id='block_1_111' title="bbox 1817 4964 3402 5039">
    <p class='ocr_par' dir='ltr' id='par_1_111' title="bbox 1817 4964 3402 5039">
     <span class='ocr_line' id='line_1_111' title="bbox 1817 4964 3402 5039; baseline -0.001 -20"><span class='ocrx_word' id='word_1_733' title='bbox 1817 4966 1958 5024; x_wconf 71' lang='lat' dir='ltr'><strong>vina:</strong></span> <span class='ocrx_word' id='word_1_734' title='bbox 1987 4966 2318 5036; x_wconf 86' lang='lat' dir='ltr'><strong>cognitionis</strong></span> <span class='ocrx_word' id='word_1_735' title='bbox 2350 4974 2404 5021; x_wconf 90' lang='lat' dir='ltr'><strong>et</strong></span> <span class='ocrx_word' id='word_1_736' title='bbox 2433 4967 2762 5039; x_wconf 71' lang='lat' dir='ltr'><strong>eloquentiae</strong></span> <span class='ocrx_word' id='word_1_737' title='bbox 2804 4966 3274 5036; x_wconf 82' lang='lat' dir='ltr'><strong>profunditatibus</strong></span> <span class='ocrx_word' id='word_1_738' title='bbox 3303 4964 3402 5019; x_wconf 81' lang='lat' dir='ltr'><strong>de-</strong></span> 
     </span>
    </p>
   </div>
   <div class='ocr_carea' id='block_1_112' title="bbox 1816 5053 3396 5127">
    <p class='ocr_par' dir='ltr' id='par_1_112' title="bbox 1816 5053 3396 5127">
     <span class='ocr_line' id='line_1_112' title="bbox 1816 5053 3396 5127; baseline -0.003 -14"><span class='ocrx_word' id='word_1_739' title='bbox 1816 5059 2028 5113; x_wconf 90' lang='lat' dir='ltr'><strong>mersit.</strong></span> <span class='ocrx_word' id='word_1_740' title='bbox 2065 5055 2240 5111; x_wconf 88' lang='lat' dir='ltr'><strong>Porro</strong></span> <span class='ocrx_word' id='word_1_741' title='bbox 2290 5057 2526 5111; x_wconf 90' lang='lat' dir='ltr'><strong>electum</strong></span> <span class='ocrx_word' id='word_1_742' title='bbox 2583 5055 2788 5111; x_wconf 82' lang='lat' dir='ltr'><strong>Christi</strong></span> <span class='ocrx_word' id='word_1_743' title='bbox 2839 5057 3103 5127; x_wconf 90' lang='lat' dir='ltr'><strong>populum</strong></span> <span class='ocrx_word' id='word_1_744' title='bbox 3148 5070 3180 5109; x_wconf 91' lang='lat' dir='ltr'><strong>a</strong></span> <span class='ocrx_word' id='word_1_745' title='bbox 3231 5053 3396 5109; x_wconf 83' lang='lat' dir='ltr'><strong>Belial</strong></span> 
     </span>
    </p>
   </div>
   <div class='ocr_carea' id='block_1_113' title="bbox 1815 5145 3396 5220">
    <p class='ocr_par' dir='ltr' id='par_1_113' title="bbox 1815 5145 3396 5220">
     <span class='ocr_line' id='line_1_113' title="bbox 1815 5145 3396 5220; baseline -0.001 -18"><span class='ocrx_word' id='word_1_746' title='bbox 1815 5148 2125 5220; x_wconf 86' lang='lat' dir='ltr'><strong>tyrannide,</strong></span> <span class='ocrx_word' id='word_1_747' title='bbox 2153 5155 2208 5203; x_wconf 88' lang='lat' dir='ltr'><strong>et</strong></span> <span class='ocrx_word' id='word_1_748' title='bbox 2240 5162 2270 5200; x_wconf 92' lang='lat' dir='ltr'><strong>a</strong></span> <span class='ocrx_word' id='word_1_749' title='bbox 2304 5147 2685 5216; x_wconf 85' lang='lat' dir='ltr'><strong>superstitiosa</strong></span> <span class='ocrx_word' id='word_1_750' title='bbox 2718 5147 2934 5202; x_wconf 86' lang='lat' dir='ltr'><strong>cultura</strong></span> <span class='ocrx_word' id='word_1_751' title='bbox 2970 5146 3258 5217; x_wconf 79' lang='lat' dir='ltr'><strong>profugum</strong></span> <span class='ocrx_word' id='word_1_752' title='bbox 3293 5145 3396 5200; x_wconf 87' lang='lat' dir='ltr'><strong>ho—</strong></span> 
     </span>
    </p>
   </div>
   <div class='ocr_carea' id='block_1_114' title="bbox 1817 5239 3397 5312">
    <p class='ocr_par' dir='ltr' id='par_1_114' title="bbox 1817 5239 3397 5312">
     <span class='ocr_line' id='line_1_114' title="bbox 1817 5239 3397 5312; baseline -0.002 -17"><span class='ocrx_word' id='word_1_753' title='bbox 1817 5240 1994 5295; x_wconf 86' lang='lat' dir='ltr'><strong>stibus</strong></span> <span class='ocrx_word' id='word_1_754' title='bbox 2030 5240 2270 5310; x_wconf 90' lang='lat' dir='ltr'><strong>undique</strong></span> <span class='ocrx_word' id='word_1_755' title='bbox 2305 5248 2502 5295; x_wconf 86' lang='lat' dir='ltr'><strong>contra</strong></span> <span class='ocrx_word' id='word_1_756' title='bbox 2540 5241 2692 5295; x_wconf 90' lang='lat' dir='ltr'><strong>illum</strong></span> <span class='ocrx_word' id='word_1_757' title='bbox 2733 5240 3168 5312; x_wconf 89' lang='lat' dir='ltr'><strong>insurgentibus,</strong></span> <span class='ocrx_word' id='word_1_758' title='bbox 3201 5239 3397 5294; x_wconf 86' lang='lat' dir='ltr'><strong>solitu-</strong></span> 
     </span>
    </p>
   </div>
   <div class='ocr_carea' id='block_1_115' title="bbox 1814 5329 3396 5399">
    <p class='ocr_par' dir='ltr' id='par_1_115' title="bbox 1814 5329 3396 5399">
     <span class='ocr_line' id='line_1_115' title="bbox 1814 5329 3396 5399; baseline 0.001 -15"><span class='ocrx_word' id='word_1_759' title='bbox 1814 5330 1961 5390; x_wconf 86' lang='lat' dir='ltr'><strong>dinis</strong></span> <span class='ocrx_word' id='word_1_760' title='bbox 2013 5329 2148 5384; x_wconf 89' lang='lat' dir='ltr'><strong>mari</strong></span> <span class='ocrx_word' id='word_1_761' title='bbox 2204 5331 2466 5399; x_wconf 84' lang='lat' dir='ltr'><strong>trajectu,</strong></span> <span class='ocrx_word' id='word_1_762' title='bbox 2503 5342 2557 5388; x_wconf 93' lang='lat' dir='ltr'><strong>et</strong></span> <span class='ocrx_word' id='word_1_763' title='bbox 2606 5332 2878 5389; x_wconf 85' lang='lat' dir='ltr'><strong>charitatc</strong></span> <span class='ocrx_word' id='word_1_764' title='bbox 2921 5334 3094 5387; x_wconf 88' lang='lat' dir='ltr'><strong>instar</strong></span> <span class='ocrx_word' id='word_1_765' title='bbox 3125 5331 3396 5385; x_wconf 59' lang='lat' dir='ltr'><strong>columnae</strong></span> 
     </span>
    </p>
   </div>
   <div class='ocr_carea' id='block_1_116' title="bbox 1815 5425 3396 5497">
    <p class='ocr_par' dir='ltr' id='par_1_116' title="bbox 1815 5425 3396 5497">
     <span class='ocr_line' id='line_1_116' title="bbox 1815 5425 3396 5497; baseline 0 -17"><span class='ocrx_word' id='word_1_766' title='bbox 1815 5426 1959 5497; x_wconf 86' lang='lat' dir='ltr'><strong>ignis</strong></span> <span class='ocrx_word' id='word_1_767' title='bbox 1994 5427 2349 5482; x_wconf 87' lang='lat' dir='ltr'><strong>illucescente</strong></span> <span class='ocrx_word' id='word_1_768' title='bbox 2373 5427 2621 5491; x_wconf 71' lang='lat' dir='ltr'><strong>deduxit,</strong></span> <span class='ocrx_word' id='word_1_769' title='bbox 2644 5437 2697 5484; x_wconf 92' lang='lat' dir='ltr'><strong>et</strong></span> <span class='ocrx_word' id='word_1_770' title='bbox 2730 5427 2950 5490; x_wconf 88' lang='lat' dir='ltr'><strong>nebula,</strong></span> <span class='ocrx_word' id='word_1_771' title='bbox 2971 5425 3229 5479; x_wconf 81' lang='lat' dir='ltr'><strong>nimirum</strong></span> <span class='ocrx_word' id='word_1_772' title='bbox 3265 5440 3396 5480; x_wconf 81' lang='lat' dir='ltr'><strong>san-</strong></span> 
     </span>
    </p>
   </div>
   <div class='ocr_carea' id='block_1_117' title="bbox 1815 5515 3448 5598">
    <p class='ocr_par' dir='ltr' id='par_1_117' title="bbox 1815 5515 3448 5598">
     <span class='ocr_line' id='line_1_117' title="bbox 1815 5515 3448 5598; baseline -0.002 -24"><span class='ocrx_word' id='word_1_773' title='bbox 1815 5518 2048 5574; x_wconf 89' lang='lat' dir='ltr'><strong>ctissimi</strong></span> <span class='ocrx_word' id='word_1_774' title='bbox 2067 5516 2305 5587; x_wconf 77' lang='lat' dir='ltr'><strong>Spiritus</strong></span> <span class='ocrx_word' id='word_1_775' title='bbox 2335 5519 2694 5587; x_wconf 89' lang='lat' dir='ltr'><strong>protectione,</strong></span> <span class='ocrx_word' id='word_1_776' title='bbox 2714 5516 3030 5581; x_wconf 83' lang='lat' dir='ltr'><strong>CUStodivit,</strong></span> <span class='ocrx_word' id='word_1_777' title='bbox 3055 5529 3120 5568; x_wconf 89' lang='lat' dir='ltr'><strong>ac</strong></span> <span class='ocrx_word' id='word_1_778' title='bbox 3145 5515 3212 5570; x_wconf 88' lang='lat' dir='ltr'><strong>ad</strong></span> <span class='ocrx_word' id='word_1_779' title='bbox 3242 5524 3397 5571; x_wconf 83' lang='lat' dir='ltr'><strong>tran-</strong></span> <span class='ocrx_word' id='word_1_780' title='bbox 3445 5596 3448 5598; x_wconf 18' lang='grc' dir='ltr'><strong>Ι</strong></span> 
     </span>
    </p>
   </div>
   <div class='ocr_carea' id='block_1_118' title="bbox 1815 5607 3371 5686">
    <p class='ocr_par' dir='ltr' id='par_1_118' title="bbox 1815 5607 3371 5686">
     <span class='ocr_line' id='line_1_118' title="bbox 1815 5607 3371 5686; baseline -0.002 -23"><span class='ocrx_word' id='word_1_781' title='bbox 1815 5609 2046 5686; x_wconf 84' lang='lat' dir='ltr'><strong>quillum</strong></span> <span class='ocrx_word' id='word_1_782' title='bbox 2085 5623 2259 5679; x_wconf 91' lang='lat' dir='ltr'><strong>usque</strong></span> <span class='ocrx_word' id='word_1_783' title='bbox 2305 5607 2596 5679; x_wconf 64' lang='lat' dir='ltr'><strong>inculpatae</strong></span> <span class='ocrx_word' id='word_1_784' title='bbox 2621 5609 2743 5665; x_wconf 91' lang='lat' dir='ltr'><strong>ﬁdei</strong></span> <span class='ocrx_word' id='word_1_785' title='bbox 2775 5615 2992 5676; x_wconf 85' lang='lat' dir='ltr'><strong>portum</strong></span> <span class='ocrx_word' id='word_1_786' title='bbox 3017 5607 3371 5662; x_wconf 86' lang='lat' dir='ltr'><strong>conservavit</strong></span> 
     </span>
    </p>
   </div>
   <div class='ocr_carea' id='block_1_119' title="bbox 1814 5699 3391 5771">
    <p class='ocr_par' dir='ltr' id='par_1_119' title="bbox 1814 5699 3391 5771">
     <span class='ocr_line' id='line_1_119' title="bbox 1814 5699 3391 5771; baseline -0.002 -12"><span class='ocrx_word' id='word_1_787' title='bbox 1814 5700 2066 5759; x_wconf 84' lang='lat' dir='ltr'><strong>llumana</strong></span> <span class='ocrx_word' id='word_1_788' title='bbox 2101 5716 2330 5771; x_wconf 84' lang='lat' dir='ltr'><strong>prorsus</strong></span> <span class='ocrx_word' id='word_1_789' title='bbox 2382 5701 2565 5755; x_wconf 87' lang='lat' dir='ltr'><strong>omnia</strong></span> <span class='ocrx_word' id='word_1_790' title='bbox 2605 5713 2996 5769; x_wconf 85' lang='lat' dir='ltr'><strong>supergressus</strong></span> <span class='ocrx_word' id='word_1_791' title='bbox 3045 5699 3101 5755; x_wconf 91' lang='lat' dir='ltr'><strong>in</strong></span> <span class='ocrx_word' id='word_1_792' title='bbox 3137 5714 3391 5769; x_wconf 82' lang='lat' dir='ltr'><strong>suprema</strong></span> 
     </span>
    </p>
   </div>
   <div class='ocr_carea' id='block_1_120' title="bbox 1814 5793 3392 5864">
    <p class='ocr_par' dir='ltr' id='par_1_120' title="bbox 1814 5793 3392 5864">
     <span class='ocr_line' id='line_1_120' title="bbox 1814 5793 3392 5864; baseline -0.001 -14"><span class='ocrx_word' id='word_1_793' title='bbox 1814 5795 2018 5850; x_wconf 89' lang='lat' dir='ltr'><strong>montis</strong></span> <span class='ocrx_word' id='word_1_794' title='bbox 2049 5795 2309 5849; x_wconf 86' lang='lat' dir='ltr'><strong>virtutum</strong></span> <span class='ocrx_word' id='word_1_795' title='bbox 2343 5793 2564 5864; x_wconf 90' lang='lat' dir='ltr'><strong>specula</strong></span> <span class='ocrx_word' id='word_1_796' title='bbox 2612 5793 2892 5862; x_wconf 86' lang='lat' dir='ltr'><strong>speciosos</strong></span> <span class='ocrx_word' id='word_1_797' title='bbox 2937 5805 3126 5862; x_wconf 84' lang='lat' dir='ltr'><strong>pacem</strong></span> <span class='ocrx_word' id='word_1_798' title='bbox 3175 5808 3392 5848; x_wconf 88' lang='lat' dir='ltr'><strong>annun-</strong></span> 
     </span>
    </p>
   </div>
   <div class='ocr_carea' id='block_1_121' title="bbox 1815 5887 3386 5963">
    <p class='ocr_par' dir='ltr' id='par_1_121' title="bbox 1815 5887 3386 5963">
     <span class='ocr_line' id='line_1_121' title="bbox 1815 5887 3386 5963; baseline 0 -17"><span class='ocrx_word' id='word_1_799' title='bbox 1815 5891 2018 5946; x_wconf 85' lang='lat' dir='ltr'><strong>tiantes</strong></span> <span class='ocrx_word' id='word_1_800' title='bbox 2047 5889 2214 5963; x_wconf 88' lang='lat' dir='ltr'><strong>pedes</strong></span> <span class='ocrx_word' id='word_1_801' title='bbox 2249 5888 2384 5953; x_wconf 69' lang='lat' dir='ltr'><strong>ﬁxit.</strong></span> <span class='ocrx_word' id='word_1_802' title='bbox 2412 5887 2758 5960; x_wconf 83' lang='lat' dir='ltr'><strong>divinamque</strong></span> <span class='ocrx_word' id='word_1_803' title='bbox 2789 5887 3076 5961; x_wconf 79' lang='lat' dir='ltr'><strong>caliginem</strong></span> <span class='ocrx_word' id='word_1_804' title='bbox 3105 5887 3386 5961; x_wconf 72' lang='lat' dir='ltr'><strong>ingressus</strong></span> 
     </span>
    </p>
   </div>
  </div>
