3886 6532
480 421 594 479 ιῑὸδ

1654 425 1709 483 s.
1726 406 2046 485 'mosvsn
2077 423 2543 484 annonam”:

3634 413 3739 473 636

483 564 610 606 cum
666 546 778 604 Deo
810 544 1149 601 familiariter
1174 550 1258 600 est
1286 543 1526 608 locutus,
1559 557 1625 598 ac
1655 542 1853 599 divinae
1885 544 2065 599 mani-

2172 543 2333 606 πόδας
2365 540 2685 612 ἐπερείσας,
2722 536 2814 591 καὶ
2862 535 2954 589 τὸν
2985 534 3127 588 θεῖον
3164 526 3485 593 είσδεδυκὼς
3517 527 3737 599 γνόφον,

485 636 799 694 festationis
830 641 884 690 et
915 632 1273 705 legislationis
1308 633 1519 688 tabulas
1544 633 1775 704 accepit.
1810 632 2061 688 Manibus

486 732 545 786 in
593 730 773 786 crucis
804 728 1039 797 speciem
1074 725 1326 789 sublatis,
1361 724 1583 780 Amalec
1632 723 1746 780 Deo
1787 725 2063 782 infensum

486 824 544 877 in
584 820 916 891 triumphum
966 818 1140 874 duxit.
1188 817 1451 889 Vipereos
1486 833 1722 882 morsus,
1752 833 1816 873 ac
1848 818 2065 875 insidiis

496 908 800 964 demnnum
841 906 1243 976 supplantatos,
1274 906 1596 977 sagittisque
1624 906 1831 963 nefarie
1872 916 2066 977 captos

495 1007 673 1063 curat,
702 998 866 1069 idque
899 1014 1065 1054 carne
1095 999 1269 1065 verbi,
1302 999 1446 1072 quod
1494 999 1550 1053 in
1592 999 1739 1072 ligno
1785 1000 2063 1073 pependit,

494 1102 834 1166 mortemque
861 1094 1049 1161 subiit,
1079 1101 1133 1149 et
1153 1096 1431 1164 oppositas
1453 1096 1597 1151 vires
1622 1097 1869 1167 peremit,
1895 1097 2069 1167 quod-

493 1200 602 1256 que
622 1185 691 1240 ab
718 1188 839 1256 ipso
858 1184 1027 1255 probe
1047 1194 1361 1239 veneratum
1388 1195 1442 1240 et
1465 1185 1661 1256 spiritu
1688 1185 2063 1256 praedicatum,

491 1282 550 1331 et
595 1275 881 1330 adoratum
930 1273 1053 1329 fuit.
1091 1274 1158 1329 Et
1188 1284 1249 1329 ut
1283 1277 1422 1331 alter
1464 1274 1631 1333 Josne
1662 1276 1956 1333 Iordanem
1983 1295 2070 1335 se-

494 1374 607 1431 cat,
645 1383 711 1422 ac
756 1367 1090 1437 peculiarem
1122 1368 1382 1438 populum
1423 1370 1660 1440 peditem
1691 1369 1857 1425 siccis
1902 1372 2070 1426 vesti-

495 1461 601 1533 giis
652 1459 1059 1525 ambulantem,
1114 1468 1534 1532 portantemque
1586 1462 1951 1519 venerabilem
2006 1476 2071 1517 ac

499 1560 906 1609 sacrosanctam
938 1568 1143 1617 arcam,
1166 1568 1288 1624 quae
1309 1554 1484 1609 instar
1507 1554 1653 1610 illius
1673 1556 1873 1612 veteris
1900 1554 2069 1610 Deum

495 1642 758 1709 continet,
798 1641 1024 1711 trajicit.
1077 1641 1531 1699 Detestandorum
1606 1642 2068 1701 Jerichuuliorum

498 1739 849 1801 argumenta,
895 1732 990 1802 qui
1036 1733 1201 1788 alieni
1250 1735 1649 1806 intelliguntur,
1705 1751 1771 1792 ac
1817 1737 2070 1808 praesidia

496 1821 930 1892 conspirantium
966 1823 1345 1880 haereticorum
1381 1832 1531 1883 vario
1560 1835 1723 1899 atque
1755 1828 2067 1898 multiplici,

498 1928 599 1984 pro
631 1912 850 1984 pietate,
886 1915 1183 1969 certamine
1211 1917 1529 1985 prosternit,
1560 1925 1614 1971 et
1636 1932 1733 1988 pro
1761 1918 2067 1973 divinarum
2100 1900 2143 1954 Β

498 2006 755 2059 tubarum
788 2007 991 2070 sonitu,
1021 2007 1090 2062 iis
1118 2022 1240 2078 qua:
1269 2024 1336 2062 ex
1368 2008 1597 2064 adverso
1625 2025 1886 2080 percussa
1915 2026 2071 2066 ever-

499 2094 666 2151 tenda
695 2104 873 2160 erant,
911 2097 1350 2166 praedicationem
1390 2101 1564 2156 instar
1596 2102 1729 2157 solis
1759 2103 2071 2157 illuminan-

497 2193 609 2242 tem
657 2187 904 2243 obtendit
946 2206 1099 2244 suam
1129 2210 1143 2246 :
1163 2191 1592 2263 prudentemque
1624 2193 2068 2264 gubernationem

496 2293 620 2348 quae
652 2279 825 2334 lucem
857 2279 1094 2344 afferret,
1121 2290 1174 2337 et
1196 2298 1317 2353 quae
1338 2283 1555 2339 caelitus
1577 2284 1655 2338 illi
1685 2285 2066 2353 exhibebatur,

494 2377 688 2425 contra
723 2373 1006 2427 incursum
1042 2374 1295 2443 luporum
1322 2378 1628 2448 rapacium,
1659 2377 1762 2433 hoc
1791 2387 1877 2435 est
1904 2378 2069 2435 falso-

496 2479 619 2517 rum
647 2462 933 2520 doctornm
967 2481 1159 2537 greges
1192 2468 1423 2524 rationis
1451 2470 1740 2541 participes
1766 2471 2068 2542 degluben-

495 2556 633 2609 tium
658 2559 903 2626 opponit.
934 2557 998 2609 Et
1025 2558 1389 2615 immortalem
1416 2561 1808 2629 btereditatem,
1834 2580 1957 2635 quae
1986 2575 2071 2621 est

496 2646 553 2701 in
587 2646 798 2701 ccelesti
833 2646 1194 2714 Hierusalem,
1230 2650 1299 2705 iis
1328 2651 1421 2720 qui
1457 2651 1709 2707 servandi
1739 2660 1866 2707 sunt
1894 2653 2070 2708 admio

499 2737 718 2793 nistrat.
771 2738 850 2792 Ac
889 2739 1032 2793 sicut
1075 2740 1165 2795 ille
1208 2741 1382 2797 solem
1412 2749 1466 2796 et
1499 2743 1683 2796 lunam
1715 2744 1771 2797 in
1805 2744 2068 2798 auxilium

497 2828 699 2882 servati
724 2827 893 2885 divini
927 2830 1114 2900 populi
1137 2831 1250 2900 jam
1292 2832 1666 2902 aggredientes
1690 2841 1919 2890 terrenae
1944 2850 2071 2906 pro-

496 2922 779 2977 missionis
825 2922 1015 2977 hostes
1059 2924 1332 2992 expellere
1381 2925 1545 2989 sistit,
1580 2925 1910 2997 festinatque
1943 2942 2064 2996 pos-

495 3015 796 3071 sessionem
833 3015 938 3071 sibi
973 3017 1299 3085 promissam
1324 3017 1601 3084 dividere;
1642 3026 1695 3073 ct
1728 3018 1866 3073 alter
1898 3018 2071 3074 David

495 3106 710 3161 hostem
739 3107 978 3161 inaniter
1004 3123 1063 3162 se
1085 3108 1386 3177 jac-tantem
1419 3118 1609 3165 contra
1643 3110 1889 3165 divinum
1915 3127 2071 3167 exer-

498 3198 689 3263 citum,
731 3207 786 3252 et
839 3198 960 3266 ejus
1017 3200 1411 3268 propugnatori
1467 3202 1713 3256 convicia
1777 3204 2069 3260 facientem

501 3291 671 3345 funda
686 3305 812 3345 eum
831 3291 1212 3360 percussisset,
1242 3301 1296 3346 et
1329 3293 1696 3349 facinorosum
1732 3296 1881 3350 illum
1915 3304 2073 3353 terra:

500 3386 778 3448 illisissct,
844 3387 1253 3441 celeberrimam
1323 3386 1608 3440 victoriam
1680 3403 1744 3443 ex
1819 3387 2071 3446 hostibus

501 3478 835 3547 reportavit,
886 3478 1188 3534 innumeris
1248 3479 1532 3549 plausibus
1584 3478 1655 3533 ob
1718 3490 1926 3551 partam
1988 3481 2072 3536 vi-

501 3572 732 3627 ctoriam
781 3580 1040 3640 exceptus
1078 3586 1141 3624 ac
1175 3572 1519 3628 decantatus.
1575 3572 1675 3628 Hic
1718 3574 1877 3644 371
1924 3575 2071 3631 enim

501 3678 628 3717 cum
693 3662 909 3717 fortiter
966 3678 1026 3717 se
1087 3673 1332 3733 gereret,
1392 3664 1531 3729 fide,
1587 3680 1715 3735 spe,
1768 3674 1822 3720 et
1876 3666 2072 3721 fiducia

501 3769 633 3825 erga
696 3753 971 3810 Christum
1040 3754 1298 3821 innixus,
1355 3764 1629 3827 potentem
1688 3757 1838 3811 illum
1892 3759 2075 3829 perdi—

501 3856 674 3900 torem
736 3862 909 3902 saevos
961 3847 1103 3902 inter
1161 3856 1422 3920 tyrannos
1464 3849 1813 3919 prmvalidum
1857 3850 2067 3905 fortitu-

500 3936 629 3993 dine
674 3936 852 4007 lapide
897 3939 1119 3995 duriore
1161 3942 1487 4010 prostravit;
1524 3956 1783 3997 coronam
1833 3943 2075 3999 victoriae

500 4031 767 4096 referens,
808 4030 1037 4084 infinitis
1090 4046 1258 4100 prope
1301 4032 1556 4089 laudibus
1598 4040 1653 4089 et
1688 4033 1945 4089 cantibus
1975 4050 2074 4104 pro

500 4122 686 4177 labore
719 4122 938 4178 assidue
970 4124 1302 4180 cumulatur.
1349 4124 1415 4179 Et
1463 4127 1603 4181 alter
1634 4126 1886 4183 Ezechiel
1934 4127 2075 4183 divi-

500 4230 696 4284 narum
731 4229 795 4268 ac
820 4216 1176 4286 mysticarum
1210 4217 1481 4283 visionum
1513 4226 1787 4288 spectator
1818 4226 1871 4273 et
1903 4214 2074 4275 inter—

500 4321 663 4376 pres,
711 4306 1003 4362 varietates
1064 4306 1374 4361 divinarum
1428 4309 1964 4377 manifestationum,
2018 4318 2073 4366 et

502 4398 795 4475 figurarum
828 4404 1280 4474 significationem
1305 4407 1702 4461 continentium
1727 4406 2069 4471 describens,

500 4506 737 4550 mentem
784 4504 1024 4551 nostram
1062 4512 1158 4567 per
1198 4511 1262 4552 ea
1303 4515 1424 4568 qua:
1474 4514 1639 4553 sensu
1672 4500 2067 4569 percipiuntur,

2161 635 2253 688 καὶ
2285 633 2404 705 Θεῷ
2448 630 2876 704 προσομιλήσας,
2918 627 3009 683 καλ⁵
3054 626 3153 688 τὰς
3200 624 3302 694 τῆς
3353 620 3741 692 θεοφαντορίας

2163 726 2253 779 καὶ
2299 723 2619 795 νομοθεσίας
2654 721 2868 783 πλάκας
2909 717 3216 787 δεξάμενος,
3262 712 3355 767 καὶ
3396 713 3523 775 ταῖς
3576 727 3739 764 σταυ-

2165 815 2383 888 ροειδῶς
2429 813 2757 885 ὑψουμέναις
2803 810 3082 882 παλάμαις
3112 807 3202 861 τὸν
3235 804 3480 860 ἀντίθεον
3528 819 3741 875 τροπω-

2165 907 2398 978 σάμενος
2458 904 2734 977 Ἀ’μαλὴκ,
2784 903 2878 957 καὶ
2927 901 3038 955 τῶν
3086 898 3365 972 ἐχιδναίων
3411 894 3737 967 δηγμάτων,

2162 999 2272 1053 τῶν
2309 998 2636 1072 δαιμονικῶν
2673 996 2846 1067 λόχων
2879 994 2973 1049 καλ⁸
3014 991 3361 1063 τοξευμάτων
3406 988 3540 1051 τοὺς
3581 1002 3743 1057 πτερ-

2166 1091 2447 1154 νισθέντας
2472 1090 2565 1144 καὶ
2591 1088 2775 1153 κακῶς
2806 1087 3031 1151 ἁλόντας
3060 1083 3351 1157 ἐξιώμενος
3377 1080 3457 1153 τῷ
3487 1080 3587 1134 τοῦ
3620 1097 3742 1151 κρε-

2169 1181 2467 1255 μασθέντος
2515 1181 2607 1234 ἐπ)⁵
2659 1178 2815 1245 ξύλου
2860 1178 2954 1232 καὶ
3002 1175 3366 1249 νεκρωθέντος
3419 1171 3623 1243 σαρκὶ,
3655 1170 3743 1224 καὶ

2164 1274 2264 1340 τὰς
2293 1272 2540 1337 ἐναντίας
2564 1270 2936 1343 νεκρώσαντος
2958 1269 3233 1339 δυνάμεις,
3256 1264 3438 1328 καλῶς
3466 1263 3561 1316 ὑπ’
3583 1261 3741 1315 αὐτοῦ

2168 1366 2488 1438 σεϐομένου,
2528 1364 2623 1419 καὶ
2669 1360 3160 1435 προσκυνουμένου,
3196 1358 3290 1413 καὶ
3333 1355 3741 1428 κηρυττομένου

2166 1460 2324 1530 λόγου
2373 1457 2659 1529 πνεύματι.
2710 1454 2821 1509 Καὶ
2866 1452 3071 1525 Ἰησοῦς
3101 1451 3258 1515 ἄλλος
3289 1450 3505 1522 τέμνων
3554 1446 3746 1520 Ἰορδά-

2168 1568 2286 1623 νην,
2327 1550 2419 1605 καὶ
2467 1549 2559 1603 τὸν
2609 1547 2919 1621 περιούσιον
2955 1543 3287 1619 διαπεραιῶν
3329 1542 3461 1594 λαὸν
3493 1539 3745 1611 ἀϐρόχοις

2171 1642 2340 1713 ἴχνεσι
2373 1640 2797 1714 πεζοποροῢντα,
2822 1640 2915 1694 καὶ
2937 1640 3035 1712 τὴν
3059 1638 3117 1706 ἐξ
3144 1634 3309 1692 αὐτοῦ
3339 1632 3745 1708 βλαστήσουσαν

2170 1734 2577 1806 πανσεὸάσμιόν
2611 1751 2672 1787 τε
2722 1733 2815 1788 καὶ
2858 1733 3112 1805 πανίερον
3146 1730 3372 1803 αἴροντα
3418 1730 3743 1801 θεοδέγμονα

2169 1825 2362 1897 νοεράν
2388 1825 2637 1891 κιϐωτὸν,
2669 1826 2762 1880 καὶ
2789 1824 2858 1878 τὰ
2888 1824 2997 1877 τῶν
3035 1821 3455 1896 Ἱεριχουντείων
3483 1822 3597 1876 τῶν
3624 1822 3745 1875 δυσ-

2171 1918 2422 1990 ωνύμων,
2472 1917 2677 1988 νοητῶν
2727 1916 3066 1987 ἀλλοφύλων,
3102 1916 3197 1970 καὶ
3246 1915 3350 1985 τῆς
3384 1914 3500 1968 τῶν
3546 1917 3747 1987 αἱρετι-

2171 2009 2372 2075 ζόντων
2405 2010 2715 2083 συμμορίας
2745 2009 3067 2081 ὀχυρώματα
3087 2007 3439 2063 καταϐάλλων
3462 2010 3581 2070 τοῖς
3613 2007 3745 2077 ὑπὲρ

2168 2104 2268 2175 τῆς
2316 2103 2595 2167 εὐσεϐείας
2634 2101 2989 2166 πολυκύκλοις
3023 2101 3114 2159 καὶ
3149 2099 3516 2171 πολυτρόποις
3548 2097 3742 2163 ἄθλοις,

2171 2195 2263 2251 καὶ
2306 2198 2426 2259 ταῖς
2460 2196 2928 2269 ίεροφαντορικαϊς
2968 2192 3220 2261 σάλπιγξι
3255 2189 3747 2260 κατακτυπούμενά

2168 2305 2229 2341 τε
2261 2287 2353 2341 καὶ
2387 2288 2893 2359 καταστρεφόμενα,
2932 2286 3024 2340 τὸν
3062 2283 3295 2356 ἡλιοειδῆ
3339 2300 3402 2336 τε
3448 2282 3543 2336 καὶ
3588 2299 3745 2350 φωτι-

2172 2379 2353 2434 στικὸν
2384 2378 2563 2449 λόγον,
2611 2380 2704 2433 καὶ¹
2734 2379 2833 2450 τὴν
2878 2376 3314 2449 σελασφοροῦσαν
3349 2376 3522 2447 σοφὴν
3556 2374 3745 2443 κυϐέρ-

2170 2489 2324 2543 νησιν
2354 2470 2646 2543 οὐρανόθεν
2678 2469 2826 2542 αὐτῷ
2868 2469 3277 2542 χορηγουμένην
3323 2467 3741 2539 προϊσχόμενος,

2171 2565 2249 2626 είς
2279 2562 2377 2635 τὴν
2424 2563 2534 2617 τῶν
2573 2564 2838 2635 άρπάγων
2868 2562 3078 2628 λύκων,
3122 2560 3231 2614 τῶν
3260 2559 3361 2622 τὰς
3391 2557 3619 2627 λογικάς
3659 2556 3745 2609 λυ-

2175 2657 2514 2728 μαινομένων
2556 2655 2755 2725 ἀγέλας
2804 2652 3271 2709 κακοδιδασκάλων
3319 2651 3601 2719 ἐξέλασιν,
3657 2649 3743 2703 καὶ

2170 2751 2282 2811 τοῖς
2328 2747 2654 2819 σωζομένοις
2692 2747 2792 2821 τὴν
2837 2746 3241 2812 διαιωνίζουσαν
3283 2742 3651 2815 κληρονομίαν
3690 2743 3744 2794 ἐν

2184 2838 2539 2911 Ἰερουσαλὴμ
2605 2842 2673 2911 τῇ
2737 2838 3040 2911 ἐπουρανίῳ
3103 2836 3619 2909 πρυτανευόμενος,
3673 2834 3744 2896 ὡς

2173 2934 2376 2996 ἐκεῖνος
2416 2931 2567 3002 ἥλιόν
2597 2949 2658 2985 τε
2704 2932 2797 2986 καὶ
2848 2931 3077 3003 σελήνην
3111 2930 3273 2984 ἱστῶν
3306 2932 3386 2993 είς
3429 2928 3744 2999 ἐπικουρίαν

2172 3021 2267 3075 τοῦ
2297 3022 2694 3094 περισωθέντος
2726 3022 2869 3076 θείου
2910 3021 3061 3088 λαοῦ,
3088 3022 3188 3092 τῆς
3221 3022 3323 3092 γῆς
3361 3021 3465 3091 τῆς
3511 3022 3744 3089 ἐπαγγε-

2173 3111 2293 3177 λίας
2323 3112 2570 3179 ἐξελάσαι
2600 3115 2728 3177 τοὺς
2761 3113 3073 3183 πολεμίους,
3096 3110 3559 3182 ἐπεισέρχομένην
3602 3107 3746 3179 αύτῷ

2176 3204 2419 3259 σπεύδων
2451 3203 2867 3275 κληροδοτήσειν
2896 3203 3242 3274 κατάσχεσιν·
3276 3200 3370 3254 καὶ
3401 3198 3569 3253 Δαυὶδ
3596 3197 3747 3260 ἄλλος

2173 3297 2265 3353 τὸν
2314 3297 2454 3352 κατά
2493 3299 2593 3369 τῆς
2646 3297 2793 3361 θείας
2833 3295 3207 3369 παρατάξεως,
3238 3292 3742 3365 μεγαλαυχήσαντα,

2175 3392 2267 3446 καὶ
2306 3392 2399 3445 τὸν
2442 3390 2613 3460 αὐτῆς
2655 3389 3064 3461 ὑπερασπιστὴν
3091 3386 3422 3441 ὀνειδίσαντα
3468 3384 3746 3454 σφενδονή-

2176 3500 2306 3548 σας,
2346 3483 2440 3536 καὶ⁵
2487 3481 2620 3552 λίθῳ
2668 3479 2914 3547 πατάξας
2963 3480 3057 3533 τὸν
3096 3478 3392 3549 ἀλάστορα,
3445 3477 3544 3530 καὶ
3602 3478 3743 3538 νῖκος

2173 3572 2670 3644 παναοιδιμώτατον
2690 3572 2828 3626 κατὰ
2848 3570 2957 3625 τῶν
2978 3570 3312 3625 ὑπεναντίων
3336 3572 3634 3643 ἀράμενος,
3653 3567 3742 3622 καὶ

2178 3668 2435 3739 μυριάσιν
2470 3665 2752 3719 ἐπινικίων
2768 3665 2974 3736 κρότων
2994 3664 3271 3735 ᾁδόμενοςη
3304 3663 3398 3717 καὶ
3431 3663 3544 3735 γὰρ
3572 3656 3739 3727 οὗτος,

2174 3757 2433 3821 νεανικῶς
2454 3757 2839 3830 άνδρισάμενος
2857 3755 3044 3825 ⁸πίστει
3070 3756 3163 3811 καὶ
3185 3756 3358 3809 ἐλπίδι
3378 3755 3474 3809 καὶ¹
3494 3754 3738 3824 πεποιθή-

2176 3868 2256 3905 σει
2280 3854 2348 3923 τῇ
2378 3853 2458 3914 είς
2484 3849 2718 3921 Χριστὸν
2749 3846 3229 3920 νευρούμενος,τὸν
3262 3850 3319 3901 ἐν
3347 3850 3463 3913 τοῖς
3494 3846 3742 3909 διῶκταις

2174 3944 2493 4016 ἐνεργοῦντα
2515 3943 2798 4014 τυράννοις
2824 3940 2994 3993 δεινὸν
3015 3939 3251 4012 ὀλετῆρα
3278 3942 3344 4011 τῇ
3369 3942 3580 4012 πέτρας
3605 3941 3750 4011 στερ-

2177 4038 2370 4108 ροτέρα
2401 4036 2739 4107 γενναιότητι
2786 4032 3182 4106 καταϐέϐληκε·
3216 4033 3309 4087 καὶ
3362 4032 3563 4101 στέφος
3595 4032 3740 4103 νίκης

2174 4127 2633 4197 ἀπενεγκάμενος,
2673 4124 3055 4197 μυριοπλόκοις
3102 4123 3290 4196 ὕμνοις
3324 4124 3419 4176 καὶ
3455 4123 3739 4194 ἐγκωμίοις

2173 4217 2434 4290 διηνεκῶς
2482 4216 2955 4290 καταγεραίρεται.
3008 4216 3116 4271 Καὶ
3162 4216 3319 4278 ἄλλος
3352 4214 3618 4285 Ἰεζεκιὴλ
3657 4230 3750 4285 μυ-

2175 4311 2523 4365 στικωτάτων
2549 4310 2706 4364 θείων
2730 4310 3017 4383 θεαμάτων
3045 4311 3289 4380 ἐπόπτης
3315 4308 3411 4362 καὶ
3440 4307 3738 4380 ὑφηγητὴς,

2175 4403 2446 4468 ποικιλίας
2479 4404 2802 4474 θεοφανειῶν
2836 4404 2929 4457 καὶ
2977 4400 3319 4474 συμϐολικῶν
3372 4401 3742 4474 μορφωμὴων

2174 4497 2519 4568 διαγράφων,
2548 4497 2639 4551 κα)⁸
2668 4497 2755 4550 διὰ
2787 4496 2897 4550 τῶν
2928 4496 3200 4567 αἰσθητῶν
3247 4495 3477 4547 εἰκόνων
3522 4495 3614 4547 ἐπὶ
3651 4493 3741 4563 τὴν

503 4588 840 4647 tenuissimis
860 4590 1059 4645 divinis
1091 4590 1527 4645 institutionibus
1553 4591 1617 4645 ad
1646 4592 2069 4661 speculationem

2173 4589 2281 4642 τῶν
2313 4589 2492 4643 άΰλων
2523 4590 2616 4643 καὶ
2652 4589 2852 4661 νοερῶν
2880 4589 3111 4661 θεωρίαν
3132 4588 3235 4658 τὴν
3266 4587 3547 4659 ἡμετέραν
3583 4589 3743 4657 ίσχνο-

499 4694 693 4735 eorum
736 4694 858 4750 qua:
905 4664 1086 4734 animo
1134 4689 1188 4736 et
1236 4682 1547 4753 cognitione
1598 4689 1918 4748 cernuntur,
1948 4698 2073 4738 eve-

504 4768 607 4825 hit.

571 4861 642 4914 At
675 4876 804 4915 vero
845 4862 975 4932 quid
1007 4880 1146 4935 opus
1177 4874 1261 4920 est
1292 4866 1435 4920 hunc
1469 4880 1686 4921 sacrum
1713 4872 1767 4918 et
1795 4864 2073 4919 admiran-

501 4951 629 5006 dum
679 4967 982 5021 praeconem
1033 4956 1101 5012 iis
1145 4958 1237 5027 qui
1273 4957 1449 5011 lucem
1485 4956 1812 5011 adumbrant
1845 4970 2072 5027 compa~

500 5044 663 5101 rare?
693 5043 921 5102 Praestat
962 5046 1111 5102 hunc
1146 5048 1325 5118 ipsum
1359 5048 1445 5104 bis
1487 5048 1761 5116 conferre,
1791 5064 1931 5119 quos
1976 5050 2072 5103 lux

501 5137 619 5208 ipsa
665 5136 917 5194 Christus
951 5155 1049 5210 per
1082 5153 1143 5193 se
1169 5140 1471 5210 splendere,
1503 5157 1800 5211 secumque
1836 5142 2069 5206 versari,

498 5236 554 5285 ct
576 5231 966 5285 commercium
1000 5230 1201 5284 habere
1232 5230 1487 5300 dignatus
1519 5240 1623 5288 est.
1652 5232 1921 5287 Nimirum
1954 5248 2066 5287 ma-

498 5338 607 5392 gno
637 5321 712 5376 illi
751 5330 805 5376 et
847 5321 1093 5375 omnium
1122 5337 1335 5377 summo
1363 5322 1525 5378 Petro
1553 5324 1643 5379 hic
1666 5327 2072 5396 comparandus

498 5421 603 5475 est,
628 5415 718 5469 cui
749 5422 1007 5469 aeternam
1066 5429 1130 5467 ac
1174 5415 1561 5485 sempiternam
1593 5416 1717 5472 Filii
1763 5420 2074 5489 generatio-

499 5520 646 5568 nem,
679 5520 801 5573 quae
848 5512 963 5559 tota
995 5513 1177 5559 mente
1218 5520 1282 5559 ac
1332 5506 1544 5561 ratione
1586 5511 1975 5580 comprehendi
2009 5527 2073 5566 ac

499 5595 713 5649 deliniri
743 5596 929 5664 nequit
953 5594 1244 5664 (siquidem
1285 5594 1333 5649 is
1361 5611 1484 5650 cum
1518 5596 1679 5655 Patre
1708 5604 2074 5671 sempiternus

498 5693 605 5748 est,
637 5700 702 5738 ac
735 5686 853 5739 sine
881 5683 1197 5755 principio),
1225 5684 1385 5740 Pater
1409 5687 1685 5758 ingenitus
1713 5700 1770 5748 et
1804 5693 2073 5763 principio

500 5791 695 5831 carens
738 5779 1016 5837 revelavit.
1056 5775 1232 5847 Super
1261 5792 1424 5848 quem
1459 5787 1717 5854 tanquam
1753 5793 1983 5857 petram,
2017 5795 2073 5841 et

503 5870 892 5927 inconcussum
959 5870 1081 5925 lidei
1135 5868 1584 5944 fundamentum,
1636 5875 1890 5936 Christus
1947 5893 2072 5934 vere

2174 4682 2362 4744 τάταις
2396 4678 2825 4753 ίεροφαντορίαις
2855 4680 3072 4748 άνάγων
3101 4678 3358 4732 διάνοιαν.

2257 4863 2413 4918 Ἀλλά
2435 4865 2489 4918 τί
2522 4882 2610 4937 μοι
2640 4863 2721 4917 δεῖ
2746 4862 2837 4916 τὸν
2859 4859 3098 4915 τοιοῦτον
3136 4857 3469 4927 άξιάγαστον
3499 4856 3740 4929 ἱεροφάν-

2171 4975 2304 5030 τορα
2348 4961 2460 5021 τοῖς
2498 4956 2560 5009 τὸ
2610 4955 2726 5026 φῶς
2776 4952 3202 5026 πιαγραφοῦσιν
3252 4952 3584 5015 ἀπεικάσαις
3635 4950 3741 5004 δέον

2173 5052 2331 5106 αὑτὸν
2380 5049 2576 5122 μᾶλλον
2623 5046 2986 5119 παραϐάλλειν
3012 5048 3126 5110 τοῖς
3158 5044 3308 5116 αὐτῷ
3334 5043 3417 5115 τῷ
3459 5044 3601 5114 φωτὶ
3623 5058 3742 5096 κατ-

2172 5144 2489 5216 ηξιωμένοις
2537 5140 2853 5209 αὐτοφανῶς
2882 5137 3286 5194 συνδιαιτᾶσθαι
3326 5155 3387 5190 τε
3418 5137 3513 5191 καὶ
3544 5153 3743 5205 συνομι-

2170 5237 2300 5290 λεῖν.
2336 5235 2556 5306 Ἐκείνῳ
2579 5233 2642 5305 δὴ
2666 5232 2745 5303 τῷ
2772 5232 2991 5303 μεγάλῳ
3016 5233 3109 5287 καὶ
3132 5231 3547 5305 κορυφαιοτάτῳ
3565 5231 3742 5301 Πέτρῳ

2173 5328 2563 5401 παρεικαστέον
2596 5325 2778 5388 αὑτὸν,
2885 5326 2985 5398 τὴν
3019 5323 3344 5397 προαιιὸνιόν
3374 5343 3437 5378 τε
3470 5325 3563 5379 καὶ
3586 5325 3739 5394 ἄχρον

2172 5438 2280 5484 νον,
2313 5421 2405 5474 καὶ
2434 5419 2510 5490 νῷ
2553 5419 2715 5473 παντὶ
2750 5418 2843 5471 καὶ¹
2874 5417 3017 5488 λόγῳ
3051 5415 3333 5479 παντελῶς
3366 5413 3737 5486 ἀκατάληπτόν

2169 5531 2231 5566 τε
2265 5514 2357 5567 καὶ
2389 5514 2769 5584 άπεριόριστον
2810 5512 2905 5563 τοῦ
2957 5510 3294 5580 συνανάρχου
3336 5509 3429 5562 καὶ
3482 5506 3737 5563 συναῖδίου

2173 5604 2302 5657 Υίού
2334 5606 2581 5675 γέννησιν
2628 5607 2656 5657 ό
2699 5604 2932 5674 ἄναρχός
2971 5619 3033 5655 τε
3082 5602 3174 5655 καὶ
3219 5600 3515 5671 ἀγέννητος
3563 5597 3739 5668 Πατὴρ

2172 5694 2538 5765 ἀπεκάλυψεν·
2561 5696 2646 5765 ἐφ’
2665 5690 2731 5764 ᾧ,
2760 5696 2954 5767 πέτρα,
2979 5693 3211 5765 θεμελίῳ
3234 5693 3334 5763 τῆς
3360 5692 3595 5755 πίστεως
3613 5692 3736 5744 άσα-

2171 5784 2345 5857 λεύτῳ
2382 5788 2801 5860 χρηματίσαντι,
2865 5787 3120 5860 Χριστὸς,
3165 5787 3397 5859 ὴόντως
3439 5786 3609 5856 πέτρα
3644 5781 3737 5851 τῆς

2175 5877 2341 5950 ζωῆς,
2374 5879 2465 5933 καὶ
2503 5880 2612 5934 τῶν
2660 5880 2829 5934 ὄντων
2878 5879 3135 5951 ποιητική
3184 5894 3243 5932 τε
3294 5894 3387 5933 και
3439 5871 3733 5943 συνεκτικὴ,
