  <div class='ocr_page' id='page_1' title='image "/cluster/home/n/w/nwhite01/storage/ocr_20150623/4/hvd.32044014713200/330.png"; bbox 0 0 3886 6550; ppageno 0'>
   <div class='ocr_carea' id='block_1_1' title="bbox 188 420 290 479">
    <p class='ocr_par' dir='ltr' id='par_1_1' title="bbox 188 420 290 479">
     <span class='ocr_line' id='line_1_1' title="bbox 188 420 290 479; baseline 0.02 -1"><span class='ocrx_word' id='word_1_1' title='bbox 188 420 290 479; x_wconf 79' lang='lat'><strong>637</strong></span> 
     </span>
    </p>
   </div>
   <div class='ocr_carea' id='block_1_2' title="bbox 1127 427 2418 502">
    <p class='ocr_par' dir='ltr' id='par_1_2' title="bbox 1127 427 2418 502">
     <span class='ocr_line' id='line_1_2' title="bbox 1127 427 2418 502; baseline 0.016 -21"><span class='ocrx_word' id='word_1_2' title='bbox 1127 427 1314 499; x_wconf 74' lang='lat' dir='ltr'><strong>Vl&#39;l‘A,</strong></span> <span class='ocrx_word' id='word_1_3' title='bbox 1355 431 1683 489; x_wconf 81' lang='lat' dir='ltr'><strong>AUCTORE</strong></span> <span class='ocrx_word' id='word_1_4' title='bbox 1718 436 2067 495; x_wconf 79' lang='lat' dir='ltr'><strong>MICHAELE</strong></span> <span class='ocrx_word' id='word_1_5' title='bbox 2102 443 2418 502; x_wconf 74' lang='lat' dir='ltr'><strong>SYNGELO</strong></span> 
     </span>
    </p>
   </div>
   <div class='ocr_carea' id='block_1_3' title="bbox 3338 460 3446 516">
    <p class='ocr_par' dir='ltr' id='par_1_3' title="bbox 3338 460 3446 516">
     <span class='ocr_line' id='line_1_3' title="bbox 3338 460 3446 516; baseline 0.019 -2"><span class='ocrx_word' id='word_1_6' title='bbox 3338 460 3446 516; x_wconf 78' lang='lat'><strong>653</strong></span> 
     </span>
    </p>
   </div>
   <div class='ocr_carea' id='block_1_4' title="bbox 185 540 1757 650">
    <p class='ocr_par' dir='ltr' id='par_1_4' title="bbox 185 540 1757 628">
     <span class='ocr_line' id='line_1_4' title="bbox 185 540 1757 628; baseline 0.011 -35"><span class='ocrx_word' id='word_1_7' title='bbox 185 540 285 613; x_wconf 83' lang='grc' dir='ltr'><strong>τὴν</strong></span> <span class='ocrx_word' id='word_1_8' title='bbox 305 540 523 596; x_wconf 84' lang='grc' dir='ltr'>οίκείαν</span> <span class='ocrx_word' id='word_1_9' title='bbox 555 543 880 619; x_wconf 83' lang='grc' dir='ltr'>Ἐκκλησίαν</span> <span class='ocrx_word' id='word_1_10' title='bbox 912 546 1183 620; x_wconf 88' lang='grc' dir='ltr'>ἐδείματο,</span> <span class='ocrx_word' id='word_1_11' title='bbox 1216 548 1276 605; x_wconf 86' lang='grc' dir='ltr'><strong>δν</strong></span> <span class='ocrx_word' id='word_1_12' title='bbox 1302 569 1363 606; x_wconf 89' lang='grc' dir='ltr'><strong>τε</strong></span> <span class='ocrx_word' id='word_1_13' title='bbox 1388 553 1490 625; x_wconf 82' lang='grc' dir='ltr'>τῆς</span> <span class='ocrx_word' id='word_1_14' title='bbox 1522 557 1580 608; x_wconf 88' lang='grc' dir='ltr'><strong>ἐν</strong></span> <span class='ocrx_word' id='word_1_15' title='bbox 1608 557 1757 628; x_wconf 85' lang='grc' dir='ltr'>οὐρα-</span> 
     </span>
    </p>
   </div>
   <div class='ocr_carea' id='block_1_5' title="bbox 1859 540 3444 650">
    <p class='ocr_par' dir='ltr' id='par_1_5' title="bbox 1872 559 3444 650">
     <span class='ocr_line' id='line_1_5' title="bbox 1872 559 3444 650; baseline 0.013 -36"><span class='ocrx_word' id='word_1_16' title='bbox 1872 559 1999 617; x_wconf 70' lang='lat' dir='ltr'><strong>vita:</strong></span> <span class='ocrx_word' id='word_1_17' title='bbox 2036 572 2210 633; x_wconf 94' lang='lat' dir='ltr'><strong>petra,</strong></span> <span class='ocrx_word' id='word_1_18' title='bbox 2246 566 2338 636; x_wconf 86' lang='lat' dir='ltr'><strong>qui</strong></span> <span class='ocrx_word' id='word_1_19' title='bbox 2378 568 2561 623; x_wconf 81' lang='lat' dir='ltr'><strong>omnia</strong></span> <span class='ocrx_word' id='word_1_20' title='bbox 2617 564 2797 627; x_wconf 83' lang='lat' dir='ltr'><strong>facere</strong></span> <span class='ocrx_word' id='word_1_21' title='bbox 2844 579 2898 627; x_wconf 89' lang='lat' dir='ltr'><strong>et</strong></span> <span class='ocrx_word' id='word_1_22' title='bbox 2931 576 3215 634; x_wconf 88' lang='lat' dir='ltr'><strong>continere</strong></span> <span class='ocrx_word' id='word_1_23' title='bbox 3264 586 3444 650; x_wconf 88' lang='lat' dir='ltr'><strong>potest</strong></span> 
     </span>
    </p>
   </div>
   <div class='ocr_carea' id='block_1_6' title="bbox 183 634 1773 721">
    <p class='ocr_par' dir='ltr' id='par_1_6' title="bbox 183 634 1773 721">
     <span class='ocr_line' id='line_1_6' title="bbox 183 634 1773 721; baseline 0.012 -37"><span class='ocrx_word' id='word_1_24' title='bbox 183 634 294 696; x_wconf 82' lang='grc' dir='ltr'>νοῖς</span> <span class='ocrx_word' id='word_1_25' title='bbox 327 634 621 700; x_wconf 77' lang='grc' dir='ltr'><strong>κατοικίας</strong></span> <span class='ocrx_word' id='word_1_26' title='bbox 653 636 746 691; x_wconf 75' lang='grc' dir='ltr'><strong>καὶ</strong></span> <span class='ocrx_word' id='word_1_27' title='bbox 778 637 1109 711; x_wconf 77' lang='grc' dir='ltr'><strong>κληρουχίας</strong></span> <span class='ocrx_word' id='word_1_28' title='bbox 1143 642 1449 717; x_wconf 82' lang='grc' dir='ltr'>κλειδοῦχον</span> <span class='ocrx_word' id='word_1_29' title='bbox 1500 648 1594 701; x_wconf 63' lang='grc' dir='ltr'><strong>καὶ⁹</strong></span> <span class='ocrx_word' id='word_1_30' title='bbox 1644 648 1773 721; x_wconf 87' lang='grc' dir='ltr'>κλη-</span> 
     </span>
    </p>
   </div>
   <div class='ocr_carea' id='block_1_7' title="bbox 182 723 1771 805">
    <p class='ocr_par' dir='ltr' id='par_1_7' title="bbox 182 723 1771 805">
     <span class='ocr_line' id='line_1_7' title="bbox 182 723 1771 805; baseline 0.014 -31"><span class='ocrx_word' id='word_1_31' title='bbox 182 723 411 797; x_wconf 84' lang='grc' dir='ltr'>ροδότην</span> <span class='ocrx_word' id='word_1_32' title='bbox 441 726 742 798; x_wconf 76' lang='grc' dir='ltr'>ἀπέφηνεν,</span> <span class='ocrx_word' id='word_1_33' title='bbox 769 728 1016 796; x_wconf 78' lang='grc' dir='ltr'>ἐξουσίαν</span> <span class='ocrx_word' id='word_1_34' title='bbox 1048 733 1199 805; x_wconf 84' lang='grc' dir='ltr'>αὐτῷ</span> <span class='ocrx_word' id='word_1_35' title='bbox 1229 734 1380 790; x_wconf 92' lang='grc' dir='ltr'>θείαν</span> <span class='ocrx_word' id='word_1_36' title='bbox 1408 737 1556 793; x_wconf 84' lang='grc' dir='ltr'>λύειν</span> <span class='ocrx_word' id='word_1_37' title='bbox 1588 756 1648 794; x_wconf 89' lang='grc' dir='ltr'><strong>τε</strong></span> <span class='ocrx_word' id='word_1_38' title='bbox 1678 742 1771 795; x_wconf 62' lang='grc' dir='ltr'><strong>καὶ⁹</strong></span> 
     </span>
    </p>
   </div>
   <div class='ocr_carea' id='block_1_8' title="bbox 177 815 1771 902">
    <p class='ocr_par' dir='ltr' id='par_1_8' title="bbox 177 815 1771 902">
     <span class='ocr_line' id='line_1_8' title="bbox 177 815 1771 902; baseline 0.013 -35"><span class='ocrx_word' id='word_1_39' title='bbox 177 815 403 887; x_wconf 77' lang='grc' dir='ltr'>δεσμεῖν</span> <span class='ocrx_word' id='word_1_40' title='bbox 444 820 867 892; x_wconf 82' lang='grc' dir='ltr'><strong>ἁμαρτημάτων</strong></span> <span class='ocrx_word' id='word_1_41' title='bbox 901 825 1090 897; x_wconf 79' lang='grc' dir='ltr'>σειρὰς</span> <span class='ocrx_word' id='word_1_42' title='bbox 1115 830 1547 902; x_wconf 82' lang='grc' dir='ltr'><strong>παρασχόμενος.</strong></span> <span class='ocrx_word' id='word_1_43' title='bbox 1583 834 1692 887; x_wconf 75' lang='grc' dir='ltr'><strong>Καὶ</strong></span> <span class='ocrx_word' id='word_1_44' title='bbox 1713 834 1771 900; x_wconf 85' lang='grc' dir='ltr'>ὃς</span> 
     </span>
    </p>
   </div>
   <div class='ocr_carea' id='block_1_9' title="bbox 174 907 1771 992">
    <p class='ocr_par' dir='ltr' id='par_1_9' title="bbox 174 907 1771 992">
     <span class='ocr_line' id='line_1_9' title="bbox 174 907 1771 992; baseline 0.013 -33"><span class='ocrx_word' id='word_1_45' title='bbox 174 907 272 979; x_wconf 80' lang='grc' dir='ltr'>τὴν</span> <span class='ocrx_word' id='word_1_46' title='bbox 303 908 565 979; x_wconf 82' lang='grc' dir='ltr'>βασιλίδα</span> <span class='ocrx_word' id='word_1_47' title='bbox 619 914 835 986; x_wconf 85' lang='grc' dir='ltr'><strong>Ῥώμην</strong></span> <span class='ocrx_word' id='word_1_48' title='bbox 866 918 986 981; x_wconf 86' lang='grc' dir='ltr'>ταῖς</span> <span class='ocrx_word' id='word_1_49' title='bbox 1017 919 1155 990; x_wconf 86' lang='grc' dir='ltr'>πρὸς</span> <span class='ocrx_word' id='word_1_50' title='bbox 1185 921 1424 992; x_wconf 78' lang='grc' dir='ltr'><strong>Χριστοῦ</strong></span> <span class='ocrx_word' id='word_1_51' title='bbox 1466 924 1771 991; x_wconf 85' lang='grc' dir='ltr'>πανολ6ίως</span> 
     </span>
    </p>
   </div>
   <div class='ocr_carea' id='block_1_10' title="bbox 171 998 1769 1088">
    <p class='ocr_par' dir='ltr' id='par_1_10' title="bbox 171 998 1769 1088">
     <span class='ocr_line' id='line_1_10' title="bbox 171 998 1769 1088; baseline 0.013 -37"><span class='ocrx_word' id='word_1_52' title='bbox 171 998 737 1075; x_wconf 73' lang='grc' dir='ltr'>ἀποδρυούσαιςίκαὶ]</span> <span class='ocrx_word' id='word_1_53' title='bbox 766 1005 1233 1081; x_wconf 89' lang='grc' dir='ltr'>θαυματουργίαις</span> <span class='ocrx_word' id='word_1_54' title='bbox 1267 1015 1640 1088; x_wconf 79' lang='grc' dir='ltr'>κατήστραψε,</span> <span class='ocrx_word' id='word_1_55' title='bbox 1676 1018 1769 1071; x_wconf 80' lang='grc' dir='ltr'><strong>καὶ</strong></span> 
     </span>
    </p>
   </div>
   <div class='ocr_carea' id='block_1_11' title="bbox 168 1091 1771 1177">
    <p class='ocr_par' dir='ltr' id='par_1_11' title="bbox 168 1091 1771 1177">
     <span class='ocr_line' id='line_1_11' title="bbox 168 1091 1771 1177; baseline 0.013 -35"><span class='ocrx_word' id='word_1_56' title='bbox 168 1091 265 1163; x_wconf 75' lang='grc' dir='ltr'>τὴν</span> <span class='ocrx_word' id='word_1_57' title='bbox 308 1092 542 1165; x_wconf 79' lang='grc' dir='ltr'>δυτικὴν</span> <span class='ocrx_word' id='word_1_58' title='bbox 572 1096 931 1170; x_wconf 85' lang='grc' dir='ltr'>άμαυρότητα</span> <span class='ocrx_word' id='word_1_59' title='bbox 965 1104 1318 1177; x_wconf 89' lang='grc' dir='ltr'>μετεποίησεν</span> <span class='ocrx_word' id='word_1_60' title='bbox 1351 1108 1429 1170; x_wconf 88' lang='grc' dir='ltr'><strong>είς</strong></span> <span class='ocrx_word' id='word_1_61' title='bbox 1458 1106 1771 1177; x_wconf 85' lang='grc' dir='ltr'>διαυγεστά-</span> 
     </span>
    </p>
   </div>
   <div class='ocr_carea' id='block_1_12' title="bbox 165 1183 1764 1270">
    <p class='ocr_par' dir='ltr' id='par_1_12' title="bbox 165 1183 1764 1270">
     <span class='ocr_line' id='line_1_12' title="bbox 165 1183 1764 1270; baseline 0.014 -36"><span class='ocrx_word' id='word_1_62' title='bbox 165 1198 267 1253; x_wconf 89' lang='grc' dir='ltr'><strong>την</strong></span> <span class='ocrx_word' id='word_1_63' title='bbox 301 1183 700 1257; x_wconf 73' lang='grc' dir='ltr'>λαμπρότηταο</span> <span class='ocrx_word' id='word_1_64' title='bbox 725 1188 756 1260; x_wconf 82' lang='grc' dir='ltr'><strong>ἢ</strong></span> <span class='ocrx_word' id='word_1_65' title='bbox 780 1190 858 1261; x_wconf 80' lang='grc' dir='ltr'>τῷ</span> <span class='ocrx_word' id='word_1_66' title='bbox 881 1193 979 1264; x_wconf 83' lang='grc' dir='ltr'>τῆς</span> <span class='ocrx_word' id='word_1_67' title='bbox 1006 1193 1234 1267; x_wconf 84' lang='grc' dir='ltr'>βροντῆς</span> <span class='ocrx_word' id='word_1_68' title='bbox 1257 1196 1378 1269; x_wconf 81' lang='grc' dir='ltr'>υίῷ,</span> <span class='ocrx_word' id='word_1_69' title='bbox 1413 1198 1493 1270; x_wconf 85' lang='grc' dir='ltr'>τῷ</span> <span class='ocrx_word' id='word_1_70' title='bbox 1520 1199 1589 1254; x_wconf 77' lang='grc' dir='ltr'>τὰ</span> <span class='ocrx_word' id='word_1_71' title='bbox 1622 1201 1764 1268; x_wconf 88' lang='grc' dir='ltr'>θεῖα,</span> 
     </span>
    </p>
   </div>
   <div class='ocr_carea' id='block_1_13' title="bbox 166 1272 1767 1359">
    <p class='ocr_par' dir='ltr' id='par_1_13' title="bbox 166 1272 1767 1359">
     <span class='ocr_line' id='line_1_13' title="bbox 166 1272 1767 1359; baseline 0.017 -35"><span class='ocrx_word' id='word_1_72' title='bbox 166 1272 256 1325; x_wconf 78' lang='grc' dir='ltr'><strong>καὶ</strong></span> <span class='ocrx_word' id='word_1_73' title='bbox 303 1276 594 1348; x_wconf 80' lang='grc' dir='ltr'>ὑπερφυῆ,</span> <span class='ocrx_word' id='word_1_74' title='bbox 646 1280 737 1334; x_wconf 82' lang='grc' dir='ltr'><strong>καὶ</strong></span> <span class='ocrx_word' id='word_1_75' title='bbox 782 1283 982 1348; x_wconf 84' lang='grc' dir='ltr'>πάσαις</span> <span class='ocrx_word' id='word_1_76' title='bbox 1023 1286 1388 1359; x_wconf 83' lang='grc' dir='ltr'>ἀνθρωπείαις</span> <span class='ocrx_word' id='word_1_77' title='bbox 1433 1292 1623 1359; x_wconf 79' lang='grc' dir='ltr'>ἀκοαῖς</span> <span class='ocrx_word' id='word_1_78' title='bbox 1674 1298 1767 1351; x_wconf 84' lang='grc' dir='ltr'>καὶ</span> 
     </span>
    </p>
   </div>
   <div class='ocr_carea' id='block_1_14' title="bbox 166 1367 1766 1454">
    <p class='ocr_par' dir='ltr' id='par_1_14' title="bbox 166 1367 1766 1454">
     <span class='ocr_line' id='line_1_14' title="bbox 166 1367 1766 1454; baseline 0.014 -36"><span class='ocrx_word' id='word_1_79' title='bbox 166 1368 363 1437; x_wconf 74' lang='grc' dir='ltr'>φρεσὶν</span> <span class='ocrx_word' id='word_1_80' title='bbox 397 1367 602 1436; x_wconf 78' lang='grc' dir='ltr'>ἄϐατα,</span> <span class='ocrx_word' id='word_1_81' title='bbox 635 1372 727 1425; x_wconf 76' lang='grc' dir='ltr'>καὶ</span> <span class='ocrx_word' id='word_1_82' title='bbox 761 1375 952 1440; x_wconf 79' lang='grc' dir='ltr'>αὑταῖς</span> <span class='ocrx_word' id='word_1_83' title='bbox 972 1378 1094 1442; x_wconf 89' lang='grc' dir='ltr'>ταῖς</span> <span class='ocrx_word' id='word_1_84' title='bbox 1127 1380 1526 1454; x_wconf 81' lang='grc' dir='ltr'>ὑπερκοσμίοις</span> <span class='ocrx_word' id='word_1_85' title='bbox 1557 1387 1766 1454; x_wconf 78' lang='grc' dir='ltr'>οὐσίαις</span> 
     </span>
    </p>
   </div>
   <div class='ocr_carea' id='block_1_15' title="bbox 163 1461 1766 1553">
    <p class='ocr_par' dir='ltr' id='par_1_15' title="bbox 163 1461 1766 1553">
     <span class='ocr_line' id='line_1_15' title="bbox 163 1461 1766 1553; baseline 0.015 -41"><span class='ocrx_word' id='word_1_86' title='bbox 163 1461 411 1533; x_wconf 75' lang='grc' dir='ltr'>ἀκίχητα</span> <span class='ocrx_word' id='word_1_87' title='bbox 450 1463 531 1535; x_wconf 83' lang='grc' dir='ltr'>τῷ</span> <span class='ocrx_word' id='word_1_88' title='bbox 573 1466 764 1538; x_wconf 85' lang='grc' dir='ltr'>κόσμῳ</span> <span class='ocrx_word' id='word_1_89' title='bbox 807 1469 1334 1544; x_wconf 78' lang='grc' dir='ltr'>καταδροντήσαντι,</span> <span class='ocrx_word' id='word_1_90' title='bbox 1371 1477 1468 1531; x_wconf 77' lang='grc' dir='ltr'><strong>ἅτε</strong></span> <span class='ocrx_word' id='word_1_91' title='bbox 1510 1481 1625 1543; x_wconf 83' lang='grc' dir='ltr'>τοῖς</span> <span class='ocrx_word' id='word_1_92' title='bbox 1664 1482 1766 1553; x_wconf 82' lang='grc' dir='ltr'><strong>τῆς</strong></span> 
     </span>
    </p>
   </div>
   <div class='ocr_carea' id='block_1_16' title="bbox 163 1551 1766 1644">
    <p class='ocr_par' dir='ltr' id='par_1_16' title="bbox 163 1551 1766 1644">
     <span class='ocr_line' id='line_1_16' title="bbox 163 1551 1766 1644; baseline 0.015 -41"><span class='ocrx_word' id='word_1_93' title='bbox 163 1551 450 1624; x_wconf 83' lang='grc' dir='ltr'>ἀληθινῆς,</span> <span class='ocrx_word' id='word_1_94' title='bbox 487 1558 582 1609; x_wconf 77' lang='grc' dir='ltr'>καὶ</span> <span class='ocrx_word' id='word_1_95' title='bbox 625 1561 990 1615; x_wconf 87' lang='grc' dir='ltr'>ἐνυποστάτου</span> <span class='ocrx_word' id='word_1_96' title='bbox 1024 1564 1216 1633; x_wconf 75' lang='grc' dir='ltr'>σοφίας</span> <span class='ocrx_word' id='word_1_97' title='bbox 1244 1567 1576 1626; x_wconf 76' lang='grc' dir='ltr'>ἐπικλιθέντι</span> <span class='ocrx_word' id='word_1_98' title='bbox 1611 1551 1766 1644; x_wconf 82' lang='grc' dir='ltr'>στέρ-</span> 
     </span>
    </p>
   </div>
   <div class='ocr_carea' id='block_1_17' title="bbox 162 1646 1762 1739">
    <p class='ocr_par' dir='ltr' id='par_1_17' title="bbox 162 1646 1762 1739">
     <span class='ocr_line' id='line_1_17' title="bbox 162 1646 1762 1739; baseline 0.015 -43"><span class='ocrx_word' id='word_1_99' title='bbox 162 1661 294 1710; x_wconf 85' lang='grc' dir='ltr'>νοις,</span> <span class='ocrx_word' id='word_1_100' title='bbox 328 1647 447 1701; x_wconf 85' lang='grc' dir='ltr'><strong>κάκ</strong></span> <span class='ocrx_word' id='word_1_101' title='bbox 486 1646 599 1700; x_wconf 81' lang='grc' dir='ltr'><strong>τῶν</strong></span> <span class='ocrx_word' id='word_1_102' title='bbox 652 1650 956 1710; x_wconf 79' lang='grc' dir='ltr'>πανολδίων</span> <span class='ocrx_word' id='word_1_103' title='bbox 997 1654 1091 1706; x_wconf 77' lang='grc' dir='ltr'>καὶ</span> <span class='ocrx_word' id='word_1_104' title='bbox 1128 1656 1339 1712; x_wconf 84' lang='grc' dir='ltr'>ἀενάων</span> <span class='ocrx_word' id='word_1_105' title='bbox 1388 1662 1489 1732; x_wconf 78' lang='grc' dir='ltr'>τῆς</span> <span class='ocrx_word' id='word_1_106' title='bbox 1536 1681 1762 1739; x_wconf 72' lang='grc' dir='ltr'>κρυφίο-</span> 
     </span>
    </p>
   </div>
   <div class='ocr_carea' id='block_1_18' title="bbox 164 1735 1763 1829">
    <p class='ocr_par' dir='ltr' id='par_1_18' title="bbox 164 1735 1763 1829">
     <span class='ocr_line' id='line_1_18' title="bbox 164 1735 1763 1829; baseline 0.013 -39"><span class='ocrx_word' id='word_1_107' title='bbox 164 1735 373 1809; x_wconf 82' lang='grc' dir='ltr'>μύστου</span> <span class='ocrx_word' id='word_1_108' title='bbox 410 1738 607 1811; x_wconf 80' lang='grc' dir='ltr'><strong>θεῖκῆς</strong></span> <span class='ocrx_word' id='word_1_109' title='bbox 651 1742 821 1813; x_wconf 80' lang='grc' dir='ltr'>αὐτῆς</span> <span class='ocrx_word' id='word_1_110' title='bbox 863 1744 1115 1813; x_wconf 84' lang='grc' dir='ltr'>γνώσεως</span> <span class='ocrx_word' id='word_1_111' title='bbox 1161 1747 1450 1824; x_wconf 82' lang='grc' dir='ltr'>θησαυρῶν</span> <span class='ocrx_word' id='word_1_112' title='bbox 1484 1735 1763 1829; x_wconf 84' lang='grc' dir='ltr'>ἀπαντλή-</span> 
     </span>
    </p>
   </div>
   <div class='ocr_carea' id='block_1_19' title="bbox 160 1829 1760 1923">
    <p class='ocr_par' dir='ltr' id='par_1_19' title="bbox 160 1829 1760 1923">
     <span class='ocr_line' id='line_1_19' title="bbox 160 1829 1760 1923; baseline 0.015 -44"><span class='ocrx_word' id='word_1_113' title='bbox 160 1845 317 1882; x_wconf 88' lang='grc' dir='ltr'>σαντι</span> <span class='ocrx_word' id='word_1_114' title='bbox 365 1829 712 1886; x_wconf 85' lang='grc' dir='ltr'>διειδέστατα</span> <span class='ocrx_word' id='word_1_115' title='bbox 757 1833 1034 1905; x_wconf 82' lang='grc' dir='ltr'>θεολογίας</span> <span class='ocrx_word' id='word_1_116' title='bbox 1078 1839 1313 1911; x_wconf 83' lang='grc' dir='ltr'>νάματα·</span> <span class='ocrx_word' id='word_1_117' title='bbox 1365 1845 1397 1916; x_wconf 78' lang='grc' dir='ltr'><strong>ἢ</strong></span> <span class='ocrx_word' id='word_1_118' title='bbox 1440 1845 1636 1920; x_wconf 87' lang='grc' dir='ltr'>Παύλῳ</span> <span class='ocrx_word' id='word_1_119' title='bbox 1683 1850 1760 1923; x_wconf 78' lang='grc' dir='ltr'>τῷ</span> 
     </span>
    </p>
   </div>
   <div class='ocr_carea' id='block_1_20' title="bbox 159 1917 1832 2013">
    <p class='ocr_par' dir='ltr' id='par_1_20' title="bbox 159 1917 1832 2013">
     <span class='ocr_line' id='line_1_20' title="bbox 159 1917 1832 2013; baseline 0.016 -40"><span class='ocrx_word' id='word_1_120' title='bbox 159 1922 342 1993; x_wconf 71' lang='grc' dir='ltr'>οἰκείῳ</span> <span class='ocrx_word' id='word_1_121' title='bbox 388 1925 721 1996; x_wconf 80' lang='grc' dir='ltr'>φωταγωγῷ</span> <span class='ocrx_word' id='word_1_122' title='bbox 770 1928 864 1981; x_wconf 67' lang='grc' dir='ltr'>καὶ.</span> <span class='ocrx_word' id='word_1_123' title='bbox 921 1930 1259 2006; x_wconf 82' lang='grc' dir='ltr'>ίεροτελεστῇ</span> <span class='ocrx_word' id='word_1_124' title='bbox 1310 1917 1640 2013; x_wconf 80' lang='grc' dir='ltr'>οἰκειότερον</span> <span class='ocrx_word' id='word_1_125' title='bbox 1693 1917 1758 1998; x_wconf 76' lang='grc' dir='ltr'><strong>ἂν</strong></span> <span class='ocrx_word' id='word_1_126' title='bbox 1793 1917 1832 1971; x_wconf 81' lang='grc' dir='ltr'>Β</span> 
     </span>
    </p>
   </div>
   <div class='ocr_carea' id='block_1_21' title="bbox 158 2013 1757 2104">
    <p class='ocr_par' dir='ltr' id='par_1_21' title="bbox 158 2013 1757 2104">
     <span class='ocr_line' id='line_1_21' title="bbox 158 2013 1757 2104; baseline 0.016 -39"><span class='ocrx_word' id='word_1_127' title='bbox 158 2013 239 2085; x_wconf 75' lang='grc' dir='ltr'><strong>εἴη</strong></span> <span class='ocrx_word' id='word_1_128' title='bbox 267 2016 686 2087; x_wconf 80' lang='grc' dir='ltr'>παρομοιῶσαι,</span> <span class='ocrx_word' id='word_1_129' title='bbox 708 2019 787 2090; x_wconf 85' lang='grc' dir='ltr'><strong>τῷ</strong></span> <span class='ocrx_word' id='word_1_130' title='bbox 811 2019 920 2073; x_wconf 82' lang='grc' dir='ltr'><strong>τῶν</strong></span> <span class='ocrx_word' id='word_1_131' title='bbox 934 2022 1199 2094; x_wconf 78' lang='grc' dir='ltr'>οὐρανίων</span> <span class='ocrx_word' id='word_1_132' title='bbox 1221 2026 1423 2097; x_wconf 71' lang='grc' dir='ltr'>ἀψίδων</span> <span class='ocrx_word' id='word_1_133' title='bbox 1440 2031 1757 2104; x_wconf 79' lang='grc' dir='ltr'>ὑπερϐάντι,</span> 
     </span>
    </p>
   </div>
   <div class='ocr_carea' id='block_1_22' title="bbox 157 2104 1758 2200">
    <p class='ocr_par' dir='ltr' id='par_1_22' title="bbox 157 2104 1758 2200">
     <span class='ocr_line' id='line_1_22' title="bbox 157 2104 1758 2200; baseline 0.014 -42"><span class='ocrx_word' id='word_1_134' title='bbox 157 2106 248 2159; x_wconf 60' lang='grc' dir='ltr'><strong>καὶ⁵</strong></span> <span class='ocrx_word' id='word_1_135' title='bbox 299 2104 372 2160; x_wconf 78' lang='grc' dir='ltr'>τὰ</span> <span class='ocrx_word' id='word_1_136' title='bbox 431 2107 653 2180; x_wconf 86' lang='grc' dir='ltr'>βροτοῖς</span> <span class='ocrx_word' id='word_1_137' title='bbox 700 2111 903 2166; x_wconf 79' lang='grc' dir='ltr'>ἀθέατα</span> <span class='ocrx_word' id='word_1_138' title='bbox 955 2118 1410 2187; x_wconf 88' lang='grc' dir='ltr'>κατοπτεύσαντι,</span> <span class='ocrx_word' id='word_1_139' title='bbox 1461 2126 1554 2177; x_wconf 78' lang='grc' dir='ltr'><strong>καὶ</strong></span> <span class='ocrx_word' id='word_1_140' title='bbox 1600 2125 1636 2180; x_wconf 81' lang='grc' dir='ltr'><strong>ἀ</strong></span> <span class='ocrx_word' id='word_1_141' title='bbox 1685 2127 1758 2200; x_wconf 83' lang='grc' dir='ltr'><strong>μὴ</strong></span> 
     </span>
    </p>
   </div>
   <div class='ocr_carea' id='block_1_23' title="bbox 156 2196 1761 2289">
    <p class='ocr_par' dir='ltr' id='par_1_23' title="bbox 156 2196 1761 2289">
     <span class='ocr_line' id='line_1_23' title="bbox 156 2196 1761 2289; baseline 0.015 -40"><span class='ocrx_word' id='word_1_142' title='bbox 156 2196 364 2261; x_wconf 80' lang='grc' dir='ltr'>ἔξεστιν</span> <span class='ocrx_word' id='word_1_143' title='bbox 388 2200 620 2255; x_wconf 85' lang='grc' dir='ltr'>ἀκούειν</span> <span class='ocrx_word' id='word_1_144' title='bbox 648 2203 1008 2269; x_wconf 82' lang='grc' dir='ltr'>ἐνωτισθέντι,</span> <span class='ocrx_word' id='word_1_145' title='bbox 1026 2208 1118 2261; x_wconf 78' lang='grc' dir='ltr'>καὶ</span> <span class='ocrx_word' id='word_1_146' title='bbox 1153 2214 1636 2285; x_wconf 86' lang='grc' dir='ltr'>μυσταγωγηθέντι</span> <span class='ocrx_word' id='word_1_147' title='bbox 1668 2196 1761 2289; x_wconf 52' lang='grc' dir='ltr'>μυί</span> 
     </span>
    </p>
   </div>
   <div class='ocr_carea' id='block_1_24' title="bbox 155 2289 1759 2381">
    <p class='ocr_par' dir='ltr' id='par_1_24' title="bbox 155 2289 1759 2381">
     <span class='ocr_line' id='line_1_24' title="bbox 155 2289 1759 2381; baseline 0.013 -38"><span class='ocrx_word' id='word_1_148' title='bbox 155 2289 480 2345; x_wconf 83' lang='grc' dir='ltr'>στικώτατα</span> <span class='ocrx_word' id='word_1_149' title='bbox 514 2294 761 2364; x_wconf 78' lang='grc' dir='ltr'>ῥήματα,</span> <span class='ocrx_word' id='word_1_150' title='bbox 798 2296 891 2350; x_wconf 77' lang='grc' dir='ltr'><strong>καὶ</strong></span> <span class='ocrx_word' id='word_1_151' title='bbox 919 2298 1014 2351; x_wconf 83' lang='grc' dir='ltr'>τοῦ</span> <span class='ocrx_word' id='word_1_152' title='bbox 1049 2301 1377 2375; x_wconf 63' lang='grc' dir='ltr'>παραδείσου</span> <span class='ocrx_word' id='word_1_153' title='bbox 1404 2307 1504 2377; x_wconf 86' lang='grc' dir='ltr'>τῆς</span> <span class='ocrx_word' id='word_1_154' title='bbox 1529 2307 1759 2381; x_wconf 88' lang='grc' dir='ltr'>ἀρχαίας</span> 
     </span>
    </p>
   </div>
   <div class='ocr_carea' id='block_1_25' title="bbox 154 2382 1759 2471">
    <p class='ocr_par' dir='ltr' id='par_1_25' title="bbox 154 2382 1759 2471">
     <span class='ocr_line' id='line_1_25' title="bbox 154 2382 1759 2471; baseline 0.014 -37"><span class='ocrx_word' id='word_1_155' title='bbox 154 2382 310 2452; x_wconf 77' lang='grc' dir='ltr'>ἡμῶν</span> <span class='ocrx_word' id='word_1_156' title='bbox 336 2384 614 2456; x_wconf 86' lang='grc' dir='ltr'>πατρίδος</span> <span class='ocrx_word' id='word_1_157' title='bbox 641 2387 1081 2455; x_wconf 79' lang='grc' dir='ltr'>ὲπιδατεύσαντι,</span> <span class='ocrx_word' id='word_1_158' title='bbox 1111 2394 1203 2446; x_wconf 76' lang='grc' dir='ltr'><strong>καὶ</strong></span> <span class='ocrx_word' id='word_1_159' title='bbox 1233 2394 1332 2470; x_wconf 80' lang='grc' dir='ltr'><strong>τὴν</strong></span> <span class='ocrx_word' id='word_1_160' title='bbox 1372 2399 1551 2452; x_wconf 82' lang='grc' dir='ltr'>ἐκεῖσε</span> <span class='ocrx_word' id='word_1_161' title='bbox 1582 2418 1759 2471; x_wconf 88' lang='grc' dir='ltr'>μακα-</span> 
     </span>
    </p>
   </div>
   <div class='ocr_carea' id='block_1_26' title="bbox 154 2476 1760 2566">
    <p class='ocr_par' dir='ltr' id='par_1_26' title="bbox 154 2476 1760 2566">
     <span class='ocr_line' id='line_1_26' title="bbox 154 2476 1760 2566; baseline 0.013 -38"><span class='ocrx_word' id='word_1_162' title='bbox 154 2476 379 2547; x_wconf 82' lang='grc' dir='ltr'>ριότητα</span> <span class='ocrx_word' id='word_1_163' title='bbox 414 2477 523 2549; x_wconf 82' lang='grc' dir='ltr'>τὴν</span> <span class='ocrx_word' id='word_1_164' title='bbox 556 2477 835 2552; x_wconf 81' lang='grc' dir='ltr'>διαγωγὴν</span> <span class='ocrx_word' id='word_1_165' title='bbox 883 2483 1249 2557; x_wconf 82' lang='grc' dir='ltr'>ίστορήσαντι·</span> <span class='ocrx_word' id='word_1_166' title='bbox 1281 2482 1350 2560; x_wconf 85' lang='grc' dir='ltr'>ἦς</span> <span class='ocrx_word' id='word_1_167' title='bbox 1376 2490 1527 2564; x_wconf 81' lang='grc' dir='ltr'>παρὰ</span> <span class='ocrx_word' id='word_1_168' title='bbox 1560 2492 1658 2566; x_wconf 81' lang='grc' dir='ltr'>τὴν</span> <span class='ocrx_word' id='word_1_169' title='bbox 1689 2497 1760 2549; x_wconf 76' lang='lat' dir='ltr'><strong>oi-</strong></span> 
     </span>
    </p>
   </div>
   <div class='ocr_carea' id='block_1_27' title="bbox 154 2569 1758 2656">
    <p class='ocr_par' dir='ltr' id='par_1_27' title="bbox 154 2569 1758 2656">
     <span class='ocr_line' id='line_1_27' title="bbox 154 2569 1758 2656; baseline 0.012 -35"><span class='ocrx_word' id='word_1_170' title='bbox 154 2569 303 2623; x_wconf 79' lang='grc' dir='ltr'>κείαν</span> <span class='ocrx_word' id='word_1_171' title='bbox 329 2569 697 2643; x_wconf 79' lang='grc' dir='ltr'>προπέτειαν,</span> <span class='ocrx_word' id='word_1_172' title='bbox 722 2573 816 2626; x_wconf 73' lang='grc' dir='ltr'><strong>καὶ</strong></span> <span class='ocrx_word' id='word_1_173' title='bbox 847 2575 946 2647; x_wconf 83' lang='grc' dir='ltr'><strong>τῆς</strong></span> <span class='ocrx_word' id='word_1_174' title='bbox 981 2576 1305 2650; x_wconf 68' lang='grc' dir='ltr'>δεσππικῆς</span> <span class='ocrx_word' id='word_1_175' title='bbox 1330 2582 1549 2654; x_wconf 80' lang='grc' dir='ltr'>ἐντολῆς</span> <span class='ocrx_word' id='word_1_176' title='bbox 1582 2587 1758 2656; x_wconf 81' lang='grc' dir='ltr'>παρά-</span> 
     </span>
    </p>
   </div>
   <div class='ocr_carea' id='block_1_28' title="bbox 152 2659 1754 2753">
    <p class='ocr_par' dir='ltr' id='par_1_28' title="bbox 152 2659 1754 2753">
     <span class='ocr_line' id='line_1_28' title="bbox 152 2659 1754 2753; baseline 0.012 -41"><span class='ocrx_word' id='word_1_177' title='bbox 152 2659 304 2713; x_wconf 74' lang='grc' dir='ltr'>δασιν</span> <span class='ocrx_word' id='word_1_178' title='bbox 334 2662 565 2716; x_wconf 82' lang='grc' dir='ltr'>ἄποικοι</span> <span class='ocrx_word' id='word_1_179' title='bbox 600 2665 885 2732; x_wconf 85' lang='grc' dir='ltr'>γεγόνασιν</span> <span class='ocrx_word' id='word_1_180' title='bbox 918 2668 967 2721; x_wconf 90' lang='grc' dir='ltr'><strong>οί</strong></span> <span class='ocrx_word' id='word_1_181' title='bbox 1005 2671 1370 2743; x_wconf 76' lang='grc' dir='ltr'>προπάτορεςο</span> <span class='ocrx_word' id='word_1_182' title='bbox 1402 2673 1461 2738; x_wconf 81' lang='grc' dir='ltr'>ὃς</span> <span class='ocrx_word' id='word_1_183' title='bbox 1491 2677 1584 2731; x_wconf 77' lang='grc' dir='ltr'><strong>καὶ</strong></span> <span class='ocrx_word' id='word_1_184' title='bbox 1613 2695 1754 2753; x_wconf 82' lang='grc' dir='ltr'>πτη-</span> 
     </span>
    </p>
   </div>
   <div class='ocr_carea' id='block_1_29' title="bbox 154 2751 1754 2838">
    <p class='ocr_par' dir='ltr' id='par_1_29' title="bbox 154 2751 1754 2838">
     <span class='ocr_line' id='line_1_29' title="bbox 154 2751 1754 2838; baseline 0.013 -34"><span class='ocrx_word' id='word_1_185' title='bbox 154 2751 239 2804; x_wconf 76' lang='grc' dir='ltr'>νοῦ</span> <span class='ocrx_word' id='word_1_186' title='bbox 267 2754 435 2825; x_wconf 81' lang='grc' dir='ltr'>δίκην</span> <span class='ocrx_word' id='word_1_187' title='bbox 474 2755 699 2809; x_wconf 78' lang='grc' dir='ltr'>ἃπασαν</span> <span class='ocrx_word' id='word_1_188' title='bbox 742 2758 843 2831; x_wconf 83' lang='grc' dir='ltr'><strong>τὴν</strong></span> <span class='ocrx_word' id='word_1_189' title='bbox 877 2760 1201 2833; x_wconf 80' lang='grc' dir='ltr'>οίκουμένην</span> <span class='ocrx_word' id='word_1_190' title='bbox 1234 2761 1532 2835; x_wconf 82' lang='grc' dir='ltr'>διελήλυθε,</span> <span class='ocrx_word' id='word_1_191' title='bbox 1566 2769 1659 2824; x_wconf 71' lang='grc' dir='ltr'>καὶ</span> <span class='ocrx_word' id='word_1_192' title='bbox 1696 2751 1754 2838; x_wconf 78' lang='grc' dir='ltr'>ἐξ</span> 
     </span>
    </p>
   </div>
   <div class='ocr_carea' id='block_1_30' title="bbox 152 2844 1750 2931">
    <p class='ocr_par' dir='ltr' id='par_1_30' title="bbox 152 2844 1750 2931">
     <span class='ocr_line' id='line_1_30' title="bbox 152 2844 1750 2931; baseline 0.011 -35"><span class='ocrx_word' id='word_1_193' title='bbox 152 2844 411 2911; x_wconf 68' lang='grc' dir='ltr'>ἀπιστίας</span> <span class='ocrx_word' id='word_1_194' title='bbox 438 2848 527 2910; x_wconf 87' lang='grc' dir='ltr'><strong>είς</strong></span> <span class='ocrx_word' id='word_1_195' title='bbox 549 2847 731 2901; x_wconf 86' lang='grc' dir='ltr'>πίστιν</span> <span class='ocrx_word' id='word_1_196' title='bbox 756 2848 854 2920; x_wconf 78' lang='grc' dir='ltr'><strong>τὴν</strong></span> <span class='ocrx_word' id='word_1_197' title='bbox 878 2851 1101 2925; x_wconf 80' lang='grc' dir='ltr'>ἐθνικὴν</span> <span class='ocrx_word' id='word_1_198' title='bbox 1123 2854 1426 2928; x_wconf 75' lang='grc' dir='ltr'>αὐστηρίαν</span> <span class='ocrx_word' id='word_1_199' title='bbox 1445 2859 1750 2931; x_wconf 74' lang='grc' dir='ltr'>ἐζώγρησε.</span> 
     </span>
    </p>
   </div>
   <div class='ocr_carea' id='block_1_31' title="bbox 151 2933 1753 3022">
    <p class='ocr_par' dir='ltr' id='par_1_31' title="bbox 151 2933 1753 3022">
     <span class='ocr_line' id='line_1_31' title="bbox 151 2933 1753 3022; baseline 0.011 -34"><span class='ocrx_word' id='word_1_200' title='bbox 151 2933 368 2992; x_wconf 81' lang='grc' dir='ltr'>Τούτων</span> <span class='ocrx_word' id='word_1_201' title='bbox 402 2937 522 3011; x_wconf 88' lang='grc' dir='ltr'><strong>γάρ</strong></span> <span class='ocrx_word' id='word_1_202' title='bbox 551 2937 614 2992; x_wconf 85' lang='grc' dir='ltr'><strong>τὸ</strong></span> <span class='ocrx_word' id='word_1_203' title='bbox 640 2938 735 2993; x_wconf 80' lang='grc' dir='ltr'>τοῦ</span> <span class='ocrx_word' id='word_1_204' title='bbox 776 2941 920 2996; x_wconf 87' lang='grc' dir='ltr'>θείου</span> <span class='ocrx_word' id='word_1_205' title='bbox 952 2943 1112 3018; x_wconf 82' lang='grc' dir='ltr'>ζήλου</span> <span class='ocrx_word' id='word_1_206' title='bbox 1145 2946 1396 3014; x_wconf 74' lang='grc' dir='ltr'>διακαὲς,</span> <span class='ocrx_word' id='word_1_207' title='bbox 1431 2951 1523 3007; x_wconf 70' lang='grc' dir='ltr'>καὶ</span> <span class='ocrx_word' id='word_1_208' title='bbox 1554 2951 1615 3004; x_wconf 73' lang='grc' dir='ltr'>τὸ</span> <span class='ocrx_word' id='word_1_209' title='bbox 1651 2953 1753 3022; x_wconf 81' lang='grc' dir='ltr'>τῆς</span> 
     </span>
    </p>
   </div>
   <div class='ocr_carea' id='block_1_32' title="bbox 151 3029 1751 3113">
    <p class='ocr_par' dir='ltr' id='par_1_32' title="bbox 151 3029 1751 3113">
     <span class='ocr_line' id='line_1_32' title="bbox 151 3029 1751 3113; baseline 0.008 -27"><span class='ocrx_word' id='word_1_210' title='bbox 151 3029 369 3104; x_wconf 79' lang='grc' dir='ltr'>ἀγάπης</span> <span class='ocrx_word' id='word_1_211' title='bbox 390 3033 818 3105; x_wconf 83' lang='grc' dir='ltr'>είλικρινές,κα“ι</span> <span class='ocrx_word' id='word_1_212' title='bbox 840 3036 901 3089; x_wconf 79' lang='grc' dir='ltr'><strong>τὸ</strong></span> <span class='ocrx_word' id='word_1_213' title='bbox 927 3039 1027 3109; x_wconf 81' lang='grc' dir='ltr'>τῆς</span> <span class='ocrx_word' id='word_1_214' title='bbox 1053 3037 1275 3113; x_wconf 85' lang='grc' dir='ltr'>γνώμης</span> <span class='ocrx_word' id='word_1_215' title='bbox 1300 3043 1666 3108; x_wconf 71' lang='grc' dir='ltr'>ἐπιεικὲς,καὶ</span> <span class='ocrx_word' id='word_1_216' title='bbox 1691 3046 1751 3099; x_wconf 85' lang='grc' dir='ltr'><strong>τὸ</strong></span> 
     </span>
    </p>
   </div>
   <div class='ocr_carea' id='block_1_33' title="bbox 152 3124 1752 3211">
    <p class='ocr_par' dir='ltr' id='par_1_33' title="bbox 152 3124 1752 3211">
     <span class='ocr_line' id='line_1_33' title="bbox 152 3124 1752 3211; baseline 0.01 -35"><span class='ocrx_word' id='word_1_217' title='bbox 152 3124 272 3196; x_wconf 82' lang='grc' dir='ltr'>περὶ</span> <span class='ocrx_word' id='word_1_218' title='bbox 315 3126 454 3190; x_wconf 78' lang='grc' dir='ltr'>τοὺς</span> <span class='ocrx_word' id='word_1_219' title='bbox 510 3124 679 3191; x_wconf 69' lang='grc' dir='ltr'>πέλας</span> <span class='ocrx_word' id='word_1_220' title='bbox 711 3130 1014 3202; x_wconf 87' lang='grc' dir='ltr'>συμπαθὲς,</span> <span class='ocrx_word' id='word_1_221' title='bbox 1047 3133 1139 3186; x_wconf 75' lang='grc' dir='ltr'><strong>καὶ</strong></span> <span class='ocrx_word' id='word_1_222' title='bbox 1174 3131 1237 3188; x_wconf 82' lang='grc' dir='ltr'><strong>τὸ</strong></span> <span class='ocrx_word' id='word_1_223' title='bbox 1282 3134 1383 3205; x_wconf 79' lang='grc' dir='ltr'>τῆς</span> <span class='ocrx_word' id='word_1_224' title='bbox 1430 3154 1752 3211; x_wconf 81' lang='grc' dir='ltr'>μετριοφρο-</span> 
     </span>
    </p>
   </div>
   <div class='ocr_carea' id='block_1_34' title="bbox 150 3216 1821 3323">
    <p class='ocr_par' dir='ltr' id='par_1_34' title="bbox 150 3216 1821 3323">
     <span class='ocr_line' id='line_1_34' title="bbox 150 3216 1821 3323; baseline 0.009 -53"><span class='ocrx_word' id='word_1_225' title='bbox 150 3216 312 3287; x_wconf 84' lang='grc' dir='ltr'>σύνης</span> <span class='ocrx_word' id='word_1_226' title='bbox 364 3217 621 3283; x_wconf 82' lang='grc' dir='ltr'>εὐκλεὲς,</span> <span class='ocrx_word' id='word_1_227' title='bbox 656 3219 747 3323; x_wconf 74' lang='grc' dir='ltr'><strong>καὶ</strong></span> <span class='ocrx_word' id='word_1_228' title='bbox 795 3221 857 3274; x_wconf 82' lang='grc' dir='ltr'><strong>τὸ</strong></span> <span class='ocrx_word' id='word_1_229' title='bbox 901 3224 1002 3296; x_wconf 78' lang='grc' dir='ltr'>τῆς</span> <span class='ocrx_word' id='word_1_230' title='bbox 1024 3220 1275 3292; x_wconf 84' lang='grc' dir='ltr'>ἀνδρείας</span> <span class='ocrx_word' id='word_1_231' title='bbox 1298 3227 1391 3281; x_wconf 82' lang='grc' dir='ltr'><strong>καὶ</strong></span> <span class='ocrx_word' id='word_1_232' title='bbox 1441 3231 1751 3319; x_wconf 55' lang='grc' dir='ltr'>παρρησίας</span> <span class='ocrx_word' id='word_1_233' title='bbox 1777 3265 1821 3323; x_wconf 73' lang='lat' dir='ltr'><strong><em>C</em></strong></span> 
     </span>
    </p>
   </div>
   <div class='ocr_carea' id='block_1_35' title="bbox 150 3311 1750 3391">
    <p class='ocr_par' dir='ltr' id='par_1_35' title="bbox 150 3311 1750 3391">
     <span class='ocr_line' id='line_1_35' title="bbox 150 3311 1750 3391; baseline 0.011 -30"><span class='ocrx_word' id='word_1_234' title='bbox 150 3313 453 3381; x_wconf 80' lang='grc' dir='ltr'>περιφανὲς</span> <span class='ocrx_word' id='word_1_235' title='bbox 493 3311 894 3385; x_wconf 80' lang='grc' dir='ltr'>μιμησάμενος,</span> <span class='ocrx_word' id='word_1_236' title='bbox 923 3318 1015 3370; x_wconf 75' lang='grc' dir='ltr'><strong>καὶ</strong></span> <span class='ocrx_word' id='word_1_237' title='bbox 1058 3317 1195 3389; x_wconf 73' lang='grc' dir='ltr'>πρὸς</span> <span class='ocrx_word' id='word_1_238' title='bbox 1235 3319 1296 3373; x_wconf 80' lang='grc' dir='ltr'>τὸ</span> <span class='ocrx_word' id='word_1_239' title='bbox 1338 3320 1441 3391; x_wconf 82' lang='grc' dir='ltr'>τῆς</span> <span class='ocrx_word' id='word_1_240' title='bbox 1473 3311 1750 3390; x_wconf 78' lang='grc' dir='ltr'>πολιτείας</span> 
     </span>
    </p>
   </div>
   <div class='ocr_carea' id='block_1_36' title="bbox 150 3402 1749 3490">
    <p class='ocr_par' dir='ltr' id='par_1_36' title="bbox 150 3402 1749 3490">
     <span class='ocr_line' id='line_1_36' title="bbox 150 3402 1749 3490; baseline 0.01 -33"><span class='ocrx_word' id='word_1_241' title='bbox 150 3402 382 3457; x_wconf 77' lang='grc' dir='ltr'>ἑκάστου</span> <span class='ocrx_word' id='word_1_242' title='bbox 429 3403 669 3468; x_wconf 81' lang='grc' dir='ltr'>θεοειδὲς</span> <span class='ocrx_word' id='word_1_243' title='bbox 710 3405 809 3478; x_wconf 85' lang='grc' dir='ltr'><strong>τὴν</strong></span> <span class='ocrx_word' id='word_1_244' title='bbox 842 3408 1035 3462; x_wconf 72' lang='grc' dir='ltr'>ἐαυτοῦ</span> <span class='ocrx_word' id='word_1_245' title='bbox 1072 3410 1258 3484; x_wconf 77' lang='grc' dir='ltr'>βιοτὴν</span> <span class='ocrx_word' id='word_1_246' title='bbox 1298 3412 1426 3486; x_wconf 85' lang='grc' dir='ltr'>ὃλην</span> <span class='ocrx_word' id='word_1_247' title='bbox 1470 3416 1749 3490; x_wconf 90' lang='grc' dir='ltr'>μεθαρμο-</span> 
     </span>
    </p>
   </div>
   <div class='ocr_carea' id='block_1_37' title="bbox 149 3496 1752 3582">
    <p class='ocr_par' dir='ltr' id='par_1_37' title="bbox 149 3496 1752 3582">
     <span class='ocr_line' id='line_1_37' title="bbox 149 3496 1752 3582; baseline 0.01 -34"><span class='ocrx_word' id='word_1_248' title='bbox 149 3496 405 3567; x_wconf 87' lang='grc' dir='ltr'>σάμενος,</span> <span class='ocrx_word' id='word_1_249' title='bbox 440 3496 547 3569; x_wconf 80' lang='grc' dir='ltr'>τὴν</span> <span class='ocrx_word' id='word_1_250' title='bbox 582 3498 940 3572; x_wconf 85' lang='grc' dir='ltr'>ἀποστολικὴν</span> <span class='ocrx_word' id='word_1_251' title='bbox 965 3502 1204 3569; x_wconf 80' lang='grc' dir='ltr'>ἐπαξίως</span> <span class='ocrx_word' id='word_1_252' title='bbox 1234 3506 1386 3578; x_wconf 70' lang='grc' dir='ltr'>παρὰ</span> <span class='ocrx_word' id='word_1_253' title='bbox 1415 3508 1622 3581; x_wconf 83' lang='grc' dir='ltr'>Κυρίου</span> <span class='ocrx_word' id='word_1_254' title='bbox 1656 3512 1752 3582; x_wconf 88' lang='grc' dir='ltr'>χά-</span> 
     </span>
    </p>
   </div>
   <div class='ocr_carea' id='block_1_38' title="bbox 151 3592 1752 3679">
    <p class='ocr_par' dir='ltr' id='par_1_38' title="bbox 151 3592 1752 3679">
     <span class='ocr_line' id='line_1_38' title="bbox 151 3592 1752 3679; baseline 0.01 -38"><span class='ocrx_word' id='word_1_255' title='bbox 151 3605 231 3661; x_wconf 83' lang='grc' dir='ltr'><strong>ριν</strong></span> <span class='ocrx_word' id='word_1_256' title='bbox 264 3592 597 3662; x_wconf 85' lang='grc' dir='ltr'>ἐκομίσατο,</span> <span class='ocrx_word' id='word_1_257' title='bbox 620 3593 711 3645; x_wconf 61' lang='grc' dir='ltr'><strong>καὶ¹</strong></span> <span class='ocrx_word' id='word_1_258' title='bbox 738 3594 978 3665; x_wconf 89' lang='grc' dir='ltr'>σημείων</span> <span class='ocrx_word' id='word_1_259' title='bbox 1004 3594 1249 3666; x_wconf 79' lang='grc' dir='ltr'>δύναμιν,</span> <span class='ocrx_word' id='word_1_260' title='bbox 1274 3599 1368 3657; x_wconf 76' lang='grc' dir='ltr'><strong>καὶ</strong></span> <span class='ocrx_word' id='word_1_261' title='bbox 1403 3603 1752 3679; x_wconf 81' lang='grc' dir='ltr'>προφητικὴν</span> 
     </span>
    </p>
   </div>
   <div class='ocr_carea' id='block_1_39' title="bbox 148 3681 1173 3760">
    <p class='ocr_par' dir='ltr' id='par_1_39' title="bbox 148 3681 1173 3760">
     <span class='ocr_line' id='line_1_39' title="bbox 148 3681 1173 3760; baseline 0.009 -25"><span class='ocrx_word' id='word_1_262' title='bbox 148 3681 440 3755; x_wconf 72' lang='grc' dir='ltr'>ἔλλαμψιν,</span> <span class='ocrx_word' id='word_1_263' title='bbox 480 3684 575 3738; x_wconf 74' lang='grc' dir='ltr'><strong>καὶ</strong></span> <span class='ocrx_word' id='word_1_264' title='bbox 608 3683 884 3756; x_wconf 89' lang='grc' dir='ltr'>θεολογίας</span> <span class='ocrx_word' id='word_1_265' title='bbox 916 3688 1173 3760; x_wconf 77' lang='grc' dir='ltr'>πέλαγος.</span> 
     </span>
    </p>
   </div>
   <div class='ocr_carea' id='block_1_40' title="bbox 215 3861 1752 3945">
    <p class='ocr_par' dir='ltr' id='par_1_40' title="bbox 215 3861 1752 3945">
     <span class='ocr_line' id='line_1_40' title="bbox 215 3861 1752 3945; baseline 0.007 -31"><span class='ocrx_word' id='word_1_266' title='bbox 215 3861 329 3934; x_wconf 82' lang='grc' dir='ltr'>Τὴν</span> <span class='ocrx_word' id='word_1_267' title='bbox 364 3863 487 3933; x_wconf 80' lang='grc' dir='ltr'><strong>γάρ</strong></span> <span class='ocrx_word' id='word_1_268' title='bbox 519 3863 583 3915; x_wconf 86' lang='grc' dir='ltr'><strong>ἐκ</strong></span> <span class='ocrx_word' id='word_1_269' title='bbox 602 3862 704 3936; x_wconf 84' lang='grc' dir='ltr'>τῆς</span> <span class='ocrx_word' id='word_1_270' title='bbox 743 3861 1057 3937; x_wconf 78' lang='grc' dir='ltr'>Ἑλληνικῆς</span> <span class='ocrx_word' id='word_1_271' title='bbox 1085 3865 1234 3937; x_wconf 79' lang='grc' dir='ltr'>αὐτῷ</span> <span class='ocrx_word' id='word_1_272' title='bbox 1265 3871 1752 3945; x_wconf 81' lang='grc' dir='ltr'>συναγηγερμένην</span> 
     </span>
    </p>
   </div>
   <div class='ocr_carea' id='block_1_41' title="bbox 150 3952 1753 4030">
    <p class='ocr_par' dir='ltr' id='par_1_41' title="bbox 150 3952 1753 4030">
     <span class='ocr_line' id='line_1_41' title="bbox 150 3952 1753 4030; baseline 0.007 -24"><span class='ocrx_word' id='word_1_273' title='bbox 150 3954 341 4023; x_wconf 71' lang='grc' dir='ltr'>σοφίαν</span> <span class='ocrx_word' id='word_1_274' title='bbox 376 3952 725 4017; x_wconf 80' lang='grc' dir='ltr'>παιδεύσεως</span> <span class='ocrx_word' id='word_1_275' title='bbox 758 3954 1109 4027; x_wconf 82' lang='grc' dir='ltr'>θεραπαινίδα</span> <span class='ocrx_word' id='word_1_276' title='bbox 1152 3958 1254 4028; x_wconf 83' lang='grc' dir='ltr'>τῆς</span> <span class='ocrx_word' id='word_1_277' title='bbox 1295 3959 1408 4014; x_wconf 80' lang='grc' dir='ltr'><strong>ἀνω</strong></span> <span class='ocrx_word' id='word_1_278' title='bbox 1449 3962 1753 4030; x_wconf 82' lang='grc' dir='ltr'>καταταξά-</span> 
     </span>
    </p>
   </div>
   <div class='ocr_carea' id='block_1_42' title="bbox 151 4045 1751 4124">
    <p class='ocr_par' dir='ltr' id='par_1_42' title="bbox 151 4045 1751 4124">
     <span class='ocr_line' id='line_1_42' title="bbox 151 4045 1751 4124; baseline 0.008 -26"><span class='ocrx_word' id='word_1_279' title='bbox 151 4063 340 4116; x_wconf 88' lang='grc' dir='ltr'>μενος,</span> <span class='ocrx_word' id='word_1_280' title='bbox 397 4045 502 4100; x_wconf 71' lang='grc' dir='ltr'><strong>καὶ</strong></span> <span class='ocrx_word' id='word_1_281' title='bbox 551 4045 802 4119; x_wconf 88' lang='grc' dir='ltr'>καθάπερ</span> <span class='ocrx_word' id='word_1_282' title='bbox 849 4050 986 4121; x_wconf 75' lang='grc' dir='ltr'>σοφὴ</span> <span class='ocrx_word' id='word_1_283' title='bbox 1042 4050 1297 4120; x_wconf 81' lang='grc' dir='ltr'>μέλιττα,</span> <span class='ocrx_word' id='word_1_284' title='bbox 1340 4052 1409 4106; x_wconf 87' lang='grc' dir='ltr'>τὰ</span> <span class='ocrx_word' id='word_1_285' title='bbox 1454 4054 1555 4124; x_wconf 82' lang='grc' dir='ltr'>τῆς</span> <span class='ocrx_word' id='word_1_286' title='bbox 1601 4055 1751 4112; x_wconf 87' lang='grc' dir='ltr'>κάτω</span> 
     </span>
    </p>
   </div>
   <div class='ocr_carea' id='block_1_43' title="bbox 148 4138 1747 4218">
    <p class='ocr_par' dir='ltr' id='par_1_43' title="bbox 148 4138 1747 4218">
     <span class='ocr_line' id='line_1_43' title="bbox 148 4138 1747 4218; baseline 0.006 -27"><span class='ocrx_word' id='word_1_287' title='bbox 148 4138 603 4209; x_wconf 79' lang='grc' dir='ltr'>καλλιστεύματα</span> <span class='ocrx_word' id='word_1_288' title='bbox 644 4139 710 4211; x_wconf 82' lang='grc' dir='ltr'>τῇ</span> <span class='ocrx_word' id='word_1_289' title='bbox 764 4139 884 4212; x_wconf 79' lang='grc' dir='ltr'>θείᾳ</span> <span class='ocrx_word' id='word_1_290' title='bbox 932 4141 1026 4195; x_wconf 72' lang='grc' dir='ltr'><strong>καὶ</strong></span> <span class='ocrx_word' id='word_1_291' title='bbox 1075 4143 1307 4214; x_wconf 80' lang='grc' dir='ltr'>οὐρανίῳ</span> <span class='ocrx_word' id='word_1_292' title='bbox 1354 4144 1747 4218; x_wconf 84' lang='grc' dir='ltr'>καλλιερήσας,</span> 
     </span>
    </p>
   </div>
   <div class='ocr_carea' id='block_1_44' title="bbox 146 4231 1752 4310">
    <p class='ocr_par' dir='ltr' id='par_1_44' title="bbox 146 4231 1752 4310">
     <span class='ocr_line' id='line_1_44' title="bbox 146 4231 1752 4310; baseline 0.003 -24"><span class='ocrx_word' id='word_1_293' title='bbox 146 4232 240 4286; x_wconf 74' lang='grc' dir='ltr'>καὶ</span> <span class='ocrx_word' id='word_1_294' title='bbox 272 4233 418 4306; x_wconf 83' lang='grc' dir='ltr'>πρὸς</span> <span class='ocrx_word' id='word_1_295' title='bbox 447 4231 554 4302; x_wconf 81' lang='grc' dir='ltr'>τῆς</span> <span class='ocrx_word' id='word_1_296' title='bbox 578 4231 1025 4309; x_wconf 79' lang='grc' dir='ltr'>θεαρχικωτάτης</span> <span class='ocrx_word' id='word_1_297' title='bbox 1049 4236 1424 4305; x_wconf 73' lang='grc' dir='ltr'>φωτοὸλυσίας</span> <span class='ocrx_word' id='word_1_298' title='bbox 1445 4236 1752 4310; x_wconf 78' lang='grc' dir='ltr'>πληρωθεὶς</span> 
     </span>
    </p>
   </div>
   <div class='ocr_carea' id='block_1_45' title="bbox 147 4324 1751 4401">
    <p class='ocr_par' dir='ltr' id='par_1_45' title="bbox 147 4324 1751 4401">
     <span class='ocr_line' id='line_1_45' title="bbox 147 4324 1751 4401; baseline 0.004 -23"><span class='ocrx_word' id='word_1_299' title='bbox 147 4325 533 4396; x_wconf 82' lang='grc' dir='ltr'>ἐμπνεύσεως,</span> <span class='ocrx_word' id='word_1_300' title='bbox 558 4324 821 4397; x_wconf 86' lang='grc' dir='ltr'>λελάληκέ</span> <span class='ocrx_word' id='word_1_301' title='bbox 854 4344 913 4379; x_wconf 90' lang='grc' dir='ltr'><strong>τε</strong></span> <span class='ocrx_word' id='word_1_302' title='bbox 943 4329 1034 4385; x_wconf 70' lang='grc' dir='ltr'><strong>καὶ</strong></span> <span class='ocrx_word' id='word_1_303' title='bbox 1080 4328 1462 4401; x_wconf 86' lang='grc' dir='ltr'>τεθεολόγηκε,</span> <span class='ocrx_word' id='word_1_304' title='bbox 1499 4330 1590 4384; x_wconf 77' lang='grc' dir='ltr'><strong>καὶ</strong></span> <span class='ocrx_word' id='word_1_305' title='bbox 1623 4348 1751 4385; x_wconf 81' lang='grc' dir='ltr'>συν-</span> 
     </span>
    </p>
   </div>
   <div class='ocr_carea' id='block_1_46' title="bbox 145 4416 1751 4497">
    <p class='ocr_par' dir='ltr' id='par_1_46' title="bbox 145 4416 1751 4497">
     <span class='ocr_line' id='line_1_46' title="bbox 145 4416 1751 4497; baseline 0.004 -26"><span class='ocrx_word' id='word_1_306' title='bbox 145 4418 345 4490; x_wconf 76' lang='grc' dir='ltr'>τέταχε</span> <span class='ocrx_word' id='word_1_307' title='bbox 401 4418 475 4471; x_wconf 79' lang='grc' dir='ltr'><strong>τά</strong></span> <span class='ocrx_word' id='word_1_308' title='bbox 528 4416 655 4470; x_wconf 77' lang='grc' dir='ltr'>νοῦν</span> <span class='ocrx_word' id='word_1_309' title='bbox 705 4417 921 4473; x_wconf 76' lang='grc' dir='ltr'>ἅπαντα</span> <span class='ocrx_word' id='word_1_310' title='bbox 970 4421 1439 4491; x_wconf 87' lang='grc' dir='ltr'>καταπλήττοντα·</span> <span class='ocrx_word' id='word_1_311' title='bbox 1500 4421 1607 4475; x_wconf 80' lang='grc' dir='ltr'>ἀπὸ</span> <span class='ocrx_word' id='word_1_312' title='bbox 1641 4422 1751 4497; x_wconf 83' lang='grc' dir='ltr'>γὰρ</span> 
     </span>
    </p>
   </div>
   <div class='ocr_carea' id='block_1_47' title="bbox 144 4509 1751 4587">
    <p class='ocr_par' dir='ltr' id='par_1_47' title="bbox 144 4509 1751 4587">
     <span class='ocr_line' id='line_1_47' title="bbox 144 4509 1751 4587; baseline 0.002 -24"><span class='ocrx_word' id='word_1_313' title='bbox 144 4512 245 4582; x_wconf 85' lang='grc' dir='ltr'><strong>τῆς</strong></span> <span class='ocrx_word' id='word_1_314' title='bbox 269 4510 387 4566; x_wconf 81' lang='grc' dir='ltr'>τῶν</span> <span class='ocrx_word' id='word_1_315' title='bbox 421 4510 721 4585; x_wconf 83' lang='grc' dir='ltr'>ὁρωμένων</span> <span class='ocrx_word' id='word_1_316' title='bbox 752 4509 1088 4582; x_wconf 64' lang='grc' dir='ltr'>διασκέψεως</span> <span class='ocrx_word' id='word_1_317' title='bbox 1118 4513 1210 4566; x_wconf 72' lang='grc' dir='ltr'><strong>ἐπὶ</strong></span> <span class='ocrx_word' id='word_1_318' title='bbox 1240 4511 1340 4587; x_wconf 84' lang='grc' dir='ltr'>τὴν</span> <span class='ocrx_word' id='word_1_319' title='bbox 1363 4511 1473 4567; x_wconf 86' lang='grc' dir='ltr'>τῶν</span> <span class='ocrx_word' id='word_1_320' title='bbox 1502 4512 1751 4584; x_wconf 88' lang='grc' dir='ltr'>ἀοράτων</span> 
     </span>
    </p>
   </div>
   <div class='ocr_carea' id='block_1_48' title="bbox 147 4601 1822 4676">
    <p class='ocr_par' dir='ltr' id='par_1_48' title="bbox 147 4601 1822 4676">
     <span class='ocr_line' id='line_1_48' title="bbox 147 4601 1822 4676; baseline 0.003 -20"><span class='ocrx_word' id='word_1_321' title='bbox 147 4602 493 4674; x_wconf 76' lang='grc' dir='ltr'>ἀναπόλησιν</span> <span class='ocrx_word' id='word_1_322' title='bbox 527 4601 777 4665; x_wconf 73' lang='grc' dir='ltr'>ἀναπτὰς</span> <span class='ocrx_word' id='word_1_323' title='bbox 820 4601 899 4674; x_wconf 82' lang='grc' dir='ltr'>τῷ</span> <span class='ocrx_word' id='word_1_324' title='bbox 940 4603 1203 4675; x_wconf 81' lang='grc' dir='ltr'>λογισμῷ,</span> <span class='ocrx_word' id='word_1_325' title='bbox 1239 4605 1333 4659; x_wconf 72' lang='grc' dir='ltr'><strong>καὶ</strong></span> <span class='ocrx_word' id='word_1_326' title='bbox 1380 4604 1482 4669; x_wconf 83' lang='grc' dir='ltr'><strong>τὰς</strong></span> <span class='ocrx_word' id='word_1_327' title='bbox 1518 4605 1745 4676; x_wconf 80' lang='grc' dir='ltr'>τριττάς</span> <span class='ocrx_word' id='word_1_328' title='bbox 1779 4607 1822 4661; x_wconf 89' lang='lat' dir='ltr'><strong>D</strong></span> 
     </span>
    </p>
   </div>
   <div class='ocr_carea' id='block_1_49' title="bbox 146 4694 1751 4772">
    <p class='ocr_par' dir='ltr' id='par_1_49' title="bbox 146 4694 1751 4772">
     <span class='ocr_line' id='line_1_49' title="bbox 146 4694 1751 4772; baseline 0.002 -24"><span class='ocrx_word' id='word_1_329' title='bbox 146 4697 254 4749; x_wconf 82' lang='grc' dir='ltr'>τῶν</span> <span class='ocrx_word' id='word_1_330' title='bbox 296 4694 701 4766; x_wconf 83' lang='grc' dir='ltr'>ύπερκοσμίων</span> <span class='ocrx_word' id='word_1_331' title='bbox 742 4696 1143 4769; x_wconf 86' lang='grc' dir='ltr'>λαμπροτάτων</span> <span class='ocrx_word' id='word_1_332' title='bbox 1188 4699 1487 4771; x_wconf 85' lang='grc' dir='ltr'>ταγμάτων</span> <span class='ocrx_word' id='word_1_333' title='bbox 1528 4700 1751 4772; x_wconf 88' lang='grc' dir='ltr'>Ἐκκλη-</span> 
     </span>
    </p>
   </div>
   <div class='ocr_carea' id='block_1_50' title="bbox 150 4788 1749 4864">
    <p class='ocr_par' dir='ltr' id='par_1_50' title="bbox 150 4788 1749 4864">
     <span class='ocr_line' id='line_1_50' title="bbox 150 4788 1749 4864; baseline 0.003 -23"><span class='ocrx_word' id='word_1_334' title='bbox 150 4790 270 4853; x_wconf 85' lang='grc' dir='ltr'>σίας</span> <span class='ocrx_word' id='word_1_335' title='bbox 324 4788 753 4859; x_wconf 82' lang='grc' dir='ltr'>ἐπιθεωρήσας,</span> <span class='ocrx_word' id='word_1_336' title='bbox 809 4791 902 4844; x_wconf 76' lang='grc' dir='ltr'><strong>καὶ</strong></span> <span class='ocrx_word' id='word_1_337' title='bbox 963 4793 1090 4855; x_wconf 72' lang='grc' dir='ltr'>τοὺς</span> <span class='ocrx_word' id='word_1_338' title='bbox 1157 4791 1278 4845; x_wconf 83' lang='grc' dir='ltr'>καθ’</span> <span class='ocrx_word' id='word_1_339' title='bbox 1300 4792 1535 4863; x_wconf 79' lang='grc' dir='ltr'>ἑκάστην</span> <span class='ocrx_word' id='word_1_340' title='bbox 1598 4795 1749 4864; x_wconf 86' lang='grc' dir='ltr'>τρεῖς</span> 
     </span>
    </p>
   </div>
   <div class='ocr_carea' id='block_1_51' title="bbox 146 4879 1749 4958">
    <p class='ocr_par' dir='ltr' id='par_1_51' title="bbox 146 4879 1749 4958">
     <span class='ocr_line' id='line_1_51' title="bbox 146 4879 1749 4958; baseline 0.002 -23"><span class='ocrx_word' id='word_1_341' title='bbox 146 4882 498 4951; x_wconf 86' lang='grc' dir='ltr'>ἀγιωτάτους</span> <span class='ocrx_word' id='word_1_342' title='bbox 551 4881 874 4951; x_wconf 76' lang='grc' dir='ltr'>άγγελικοὺς</span> <span class='ocrx_word' id='word_1_343' title='bbox 920 4884 1277 4955; x_wconf 77' lang='grc' dir='ltr'>διακόσμους,</span> <span class='ocrx_word' id='word_1_344' title='bbox 1313 4879 1400 4939; x_wconf 74' lang='grc' dir='ltr'>οἶά</span> <span class='ocrx_word' id='word_1_345' title='bbox 1439 4903 1525 4950; x_wconf 87' lang='grc' dir='ltr'><strong>τις</strong></span> <span class='ocrx_word' id='word_1_346' title='bbox 1575 4885 1749 4958; x_wconf 85' lang='grc' dir='ltr'>ὑπερ-</span> 
     </span>
    </p>
   </div>
   <div class='ocr_carea' id='block_1_52' title="bbox 148 4974 1768 5047">
    <p class='ocr_par' dir='ltr' id='par_1_52' title="bbox 148 4974 1768 5047">
     <span class='ocr_line' id='line_1_52' title="bbox 148 4974 1768 5047; baseline 0.002 -18"><span class='ocrx_word' id='word_1_347' title='bbox 148 4975 381 5047; x_wconf 84' lang='grc' dir='ltr'>κόσμιος</span> <span class='ocrx_word' id='word_1_348' title='bbox 424 4974 711 5045; x_wconf 88' lang='grc' dir='ltr'>τυγχάνων</span> <span class='ocrx_word' id='word_1_349' title='bbox 765 4976 859 5033; x_wconf 76' lang='grc' dir='ltr'>καὶ</span> <span class='ocrx_word' id='word_1_350' title='bbox 913 4976 1162 5047; x_wconf 76' lang='grc' dir='ltr'>οὐράνιος</span> <span class='ocrx_word' id='word_1_351' title='bbox 1220 4977 1478 5046; x_wconf 80' lang='grc' dir='ltr'>ἄγγελος,</span> <span class='ocrx_word' id='word_1_352' title='bbox 1514 4978 1609 5031; x_wconf 70' lang='grc' dir='ltr'><strong>καὶ</strong></span> <span class='ocrx_word' id='word_1_353' title='bbox 1639 4980 1768 5043; x_wconf 74' lang='grc' dir='ltr'><strong>τοῖς⁸</strong></span> 
     </span>
    </p>
   </div>
   <div class='ocr_carea' id='block_1_53' title="bbox 148 5067 1753 5142">
    <p class='ocr_par' dir='ltr' id='par_1_53' title="bbox 148 5067 1753 5142">
     <span class='ocr_line' id='line_1_53' title="bbox 148 5067 1753 5142; baseline -0.001 -17"><span class='ocrx_word' id='word_1_354' title='bbox 148 5069 474 5142; x_wconf 79' lang='grc' dir='ltr'>ἀσωμάτοις</span> <span class='ocrx_word' id='word_1_355' title='bbox 521 5067 798 5140; x_wconf 79' lang='grc' dir='ltr'>ὁμοταγὴς</span> <span class='ocrx_word' id='word_1_356' title='bbox 849 5067 1111 5122; x_wconf 87' lang='grc' dir='ltr'>κάλλιστα</span> <span class='ocrx_word' id='word_1_357' title='bbox 1163 5068 1623 5141; x_wconf 69' lang='grc' dir='ltr'>διαγραψάμενος,</span> <span class='ocrx_word' id='word_1_358' title='bbox 1659 5070 1753 5123; x_wconf 76' lang='grc' dir='ltr'>καὶ</span> 
     </span>
    </p>
   </div>
   <div class='ocr_carea' id='block_1_54' title="bbox 148 5159 1754 5232">
    <p class='ocr_par' dir='ltr' id='par_1_54' title="bbox 148 5159 1754 5232">
     <span class='ocr_line' id='line_1_54' title="bbox 148 5159 1754 5232; baseline 0.001 -19"><span class='ocrx_word' id='word_1_359' title='bbox 148 5162 248 5232; x_wconf 80' lang='grc' dir='ltr'>τὴν</span> <span class='ocrx_word' id='word_1_360' title='bbox 277 5165 338 5217; x_wconf 86' lang='grc' dir='ltr'><strong>ἐν</strong></span> <span class='ocrx_word' id='word_1_361' title='bbox 361 5162 554 5224; x_wconf 75' lang='grc' dir='ltr'>αὐτοῖς</span> <span class='ocrx_word' id='word_1_362' title='bbox 587 5159 837 5227; x_wconf 74' lang='grc' dir='ltr'>εὐταξίαν</span> <span class='ocrx_word' id='word_1_363' title='bbox 868 5160 961 5213; x_wconf 62' lang='grc' dir='ltr'><strong>κα)⁷</strong></span> <span class='ocrx_word' id='word_1_364' title='bbox 990 5160 1244 5232; x_wconf 75' lang='grc' dir='ltr'>οὐρανίαν</span> <span class='ocrx_word' id='word_1_365' title='bbox 1268 5161 1552 5232; x_wconf 85' lang='grc' dir='ltr'>ίεραρχίαν</span> <span class='ocrx_word' id='word_1_366' title='bbox 1586 5179 1754 5214; x_wconf 90' lang='grc' dir='ltr'>κατα-</span> 
     </span>
    </p>
   </div>
   <div class='ocr_carea' id='block_1_55' title="bbox 148 5251 1753 5326">
    <p class='ocr_par' dir='ltr' id='par_1_55' title="bbox 148 5251 1753 5326">
     <span class='ocr_line' id='line_1_55' title="bbox 148 5251 1753 5326; baseline 0 -20"><span class='ocrx_word' id='word_1_367' title='bbox 148 5252 331 5320; x_wconf 76' lang='grc' dir='ltr'>λέξας,</span> <span class='ocrx_word' id='word_1_368' title='bbox 363 5253 429 5306; x_wconf 77' lang='grc' dir='ltr'><strong>τὸ</strong></span> <span class='ocrx_word' id='word_1_369' title='bbox 455 5252 558 5323; x_wconf 82' lang='grc' dir='ltr'>τῆς</span> <span class='ocrx_word' id='word_1_370' title='bbox 586 5251 765 5323; x_wconf 74' lang='grc' dir='ltr'>ψυχῆς</span> <span class='ocrx_word' id='word_1_371' title='bbox 801 5253 1088 5323; x_wconf 81' lang='grc' dir='ltr'>φωτοειδὲς</span> <span class='ocrx_word' id='word_1_372' title='bbox 1126 5251 1371 5315; x_wconf 68' lang='grc' dir='ltr'>εὐλαϐῶς</span> <span class='ocrx_word' id='word_1_373' title='bbox 1411 5253 1504 5306; x_wconf 82' lang='grc' dir='ltr'><strong>ἐπὶ</strong></span> <span class='ocrx_word' id='word_1_374' title='bbox 1529 5254 1623 5307; x_wconf 84' lang='grc' dir='ltr'><strong>τὸν</strong></span> <span class='ocrx_word' id='word_1_375' title='bbox 1653 5254 1753 5326; x_wconf 81' lang='grc' dir='ltr'>τῆς</span> 
     </span>
    </p>
   </div>
   <div class='ocr_carea' id='block_1_56' title="bbox 148 5343 1755 5419">
    <p class='ocr_par' dir='ltr' id='par_1_56' title="bbox 148 5343 1755 5419">
     <span class='ocr_line' id='line_1_56' title="bbox 148 5343 1755 5419; baseline 0.001 -22"><span class='ocrx_word' id='word_1_376' title='bbox 148 5344 427 5418; x_wconf 79' lang='grc' dir='ltr'>ύπερθὲου</span> <span class='ocrx_word' id='word_1_377' title='bbox 474 5344 755 5415; x_wconf 76' lang='grc' dir='ltr'>θειότητος</span> <span class='ocrx_word' id='word_1_378' title='bbox 799 5344 974 5419; x_wconf 72' lang='grc' dir='ltr'>θῶκον</span> <span class='ocrx_word' id='word_1_379' title='bbox 1031 5343 1326 5398; x_wconf 88' lang='grc' dir='ltr'>ἀνατείνει·</span> <span class='ocrx_word' id='word_1_380' title='bbox 1383 5345 1476 5398; x_wconf 78' lang='grc' dir='ltr'><strong>καὶ</strong></span> <span class='ocrx_word' id='word_1_381' title='bbox 1519 5348 1635 5410; x_wconf 87' lang='grc' dir='ltr'>τοῖς</span> <span class='ocrx_word' id='word_1_382' title='bbox 1674 5344 1755 5417; x_wconf 82' lang='grc' dir='ltr'><strong>τῷ</strong></span> 
     </span>
    </p>
   </div>
   <div class='ocr_carea' id='block_1_57' title="bbox 153 5435 1756 5510">
    <p class='ocr_par' dir='ltr' id='par_1_57' title="bbox 153 5435 1756 5510">
     <span class='ocr_line' id='line_1_57' title="bbox 153 5435 1756 5510; baseline 0 -19"><span class='ocrx_word' id='word_1_383' title='bbox 153 5438 283 5510; x_wconf 73' lang='grc' dir='ltr'>θείῳ</span> <span class='ocrx_word' id='word_1_384' title='bbox 329 5437 428 5491; x_wconf 73' lang='grc' dir='ltr'><strong>καὶ</strong></span> <span class='ocrx_word' id='word_1_385' title='bbox 473 5437 941 5510; x_wconf 84' lang='grc' dir='ltr'>καθαρτικωτάτῳ</span> <span class='ocrx_word' id='word_1_386' title='bbox 987 5436 1339 5508; x_wconf 85' lang='grc' dir='ltr'>καθαρθεῖσιν</span> <span class='ocrx_word' id='word_1_387' title='bbox 1382 5435 1616 5508; x_wconf 80' lang='grc' dir='ltr'>ἄνθρακι</span> <span class='ocrx_word' id='word_1_388' title='bbox 1650 5437 1756 5509; x_wconf 87' lang='grc' dir='ltr'>χεί-</span> 
     </span>
    </p>
   </div>
   <div class='ocr_carea' id='block_1_58' title="bbox 152 5518 1756 5600">
    <p class='ocr_par' dir='ltr' id='par_1_58' title="bbox 152 5518 1756 5600">
     <span class='ocr_line' id='line_1_58' title="bbox 152 5518 1756 5600; baseline 0.002 -19"><span class='ocrx_word' id='word_1_389' title='bbox 152 5526 270 5583; x_wconf 81' lang='grc' dir='ltr'>λεσι</span> <span class='ocrx_word' id='word_1_390' title='bbox 317 5527 567 5597; x_wconf 81' lang='grc' dir='ltr'>Θεολογεῖ</span> <span class='ocrx_word' id='word_1_391' title='bbox 612 5529 713 5599; x_wconf 84' lang='grc' dir='ltr'>τὴν</span> <span class='ocrx_word' id='word_1_392' title='bbox 748 5531 804 5582; x_wconf 86' lang='grc' dir='ltr'><strong>ἐν</strong></span> <span class='ocrx_word' id='word_1_393' title='bbox 838 5529 1027 5600; x_wconf 85' lang='grc' dir='ltr'>Τριάδι</span> <span class='ocrx_word' id='word_1_394' title='bbox 1064 5527 1192 5598; x_wconf 90' lang='grc' dir='ltr'>μίαν</span> <span class='ocrx_word' id='word_1_395' title='bbox 1231 5525 1566 5600; x_wconf 87' lang='grc' dir='ltr'>ἀδιαίρετον,</span> <span class='ocrx_word' id='word_1_396' title='bbox 1599 5518 1756 5586; x_wconf 75' lang='grc' dir='ltr'>ἀκτι-</span> 
     </span>
    </p>
   </div>
   <div class='ocr_carea' id='block_1_59' title="bbox 158 5617 1752 5694">
    <p class='ocr_par' dir='ltr' id='par_1_59' title="bbox 158 5617 1752 5694">
     <span class='ocr_line' id='line_1_59' title="bbox 158 5617 1752 5694; baseline 0 -21"><span class='ocrx_word' id='word_1_397' title='bbox 158 5638 281 5675; x_wconf 91' lang='grc' dir='ltr'>στον</span> <span class='ocrx_word' id='word_1_398' title='bbox 304 5621 576 5694; x_wconf 77' lang='grc' dir='ltr'>Θεότητα,</span> <span class='ocrx_word' id='word_1_399' title='bbox 606 5635 732 5690; x_wconf 80' lang='grc' dir='ltr'>μιαν</span> <span class='ocrx_word' id='word_1_400' title='bbox 762 5621 1076 5694; x_wconf 85' lang='grc' dir='ltr'>Κυριότητα</span> <span class='ocrx_word' id='word_1_401' title='bbox 1102 5619 1212 5672; x_wconf 78' lang='grc' dir='ltr'><strong>τῶν</strong></span> <span class='ocrx_word' id='word_1_402' title='bbox 1237 5617 1375 5671; x_wconf 84' lang='grc' dir='ltr'>ὅλων</span> <span class='ocrx_word' id='word_1_403' title='bbox 1397 5620 1752 5693; x_wconf 80' lang='grc' dir='ltr'>δημιουργὸν,</span> 
     </span>
    </p>
   </div>
   <div class='ocr_carea' id='block_1_60' title="bbox 157 5711 1755 5786">
    <p class='ocr_par' dir='ltr' id='par_1_60' title="bbox 157 5711 1755 5786">
     <span class='ocr_line' id='line_1_60' title="bbox 157 5711 1755 5786; baseline -0.002 -17"><span class='ocrx_word' id='word_1_404' title='bbox 157 5714 535 5786; x_wconf 78' lang='grc' dir='ltr'>προνοητικὴν</span> <span class='ocrx_word' id='word_1_405' title='bbox 568 5729 629 5766; x_wconf 87' lang='grc' dir='ltr'><strong>τε</strong></span> <span class='ocrx_word' id='word_1_406' title='bbox 679 5714 773 5767; x_wconf 74' lang='grc' dir='ltr'><strong>καὶ</strong></span> <span class='ocrx_word' id='word_1_407' title='bbox 824 5712 1167 5776; x_wconf 78' lang='grc' dir='ltr'>συνεκτικὴν,</span> <span class='ocrx_word' id='word_1_408' title='bbox 1207 5711 1335 5782; x_wconf 89' lang='grc' dir='ltr'>μίαν</span> <span class='ocrx_word' id='word_1_409' title='bbox 1385 5712 1593 5780; x_wconf 79' lang='grc' dir='ltr'>οὐσίαν,</span> <span class='ocrx_word' id='word_1_410' title='bbox 1629 5715 1755 5785; x_wconf 80' lang='grc' dir='ltr'>μίαν</span> 
     </span>
    </p>
   </div>
   <div class='ocr_carea' id='block_1_61' title="bbox 160 5804 1756 5876">
    <p class='ocr_par' dir='ltr' id='par_1_61' title="bbox 160 5804 1756 5876">
     <span class='ocr_line' id='line_1_61' title="bbox 160 5804 1756 5876; baseline 0.001 -17"><span class='ocrx_word' id='word_1_411' title='bbox 160 5806 444 5873; x_wconf 78' lang='grc' dir='ltr'>ἐξουσίαν,</span> <span class='ocrx_word' id='word_1_412' title='bbox 477 5805 572 5859; x_wconf 81' lang='grc' dir='ltr'><strong>καὶ</strong></span> <span class='ocrx_word' id='word_1_413' title='bbox 618 5804 893 5876; x_wconf 80' lang='grc' dir='ltr'>βασιλείαν</span> <span class='ocrx_word' id='word_1_414' title='bbox 915 5847 931 5873; x_wconf 95' lang='grc'><strong>,</strong></span> <span class='ocrx_word' id='word_1_415' title='bbox 967 5804 1345 5872; x_wconf 54' lang='grc' dir='ltr'>καὶδύναμιν,</span> <span class='ocrx_word' id='word_1_416' title='bbox 1382 5804 1475 5857; x_wconf 77' lang='grc' dir='ltr'><strong>καὶ</strong></span> <span class='ocrx_word' id='word_1_417' title='bbox 1511 5807 1639 5875; x_wconf 85' lang='grc' dir='ltr'>μίαν</span> <span class='ocrx_word' id='word_1_418' title='bbox 1669 5807 1756 5861; x_wconf 82' lang='grc' dir='ltr'><strong>θέ-</strong></span> 
     </span>
    </p>
   </div>
   <div class='ocr_carea' id='block_1_62' title="bbox 162 5896 1756 5973">
    <p class='ocr_par' dir='ltr' id='par_1_62' title="bbox 162 5896 1756 5973">
     <span class='ocr_line' id='line_1_62' title="bbox 162 5896 1756 5973; baseline 0.001 -20"><span class='ocrx_word' id='word_1_419' title='bbox 162 5896 319 5967; x_wconf 69' lang='grc' dir='ltr'>λησιν</span> <span class='ocrx_word' id='word_1_420' title='bbox 373 5917 437 5953; x_wconf 88' lang='grc' dir='ltr'><strong>τε</strong></span> <span class='ocrx_word' id='word_1_421' title='bbox 491 5898 586 5952; x_wconf 79' lang='grc' dir='ltr'><strong>καὶ</strong></span> <span class='ocrx_word' id='word_1_422' title='bbox 632 5898 940 5973; x_wconf 82' lang='grc' dir='ltr'>ἐνέργειαν,</span> <span class='ocrx_word' id='word_1_423' title='bbox 984 5899 1078 5956; x_wconf 73' lang='grc' dir='ltr'><strong>καὶ</strong></span> <span class='ocrx_word' id='word_1_424' title='bbox 1124 5897 1224 5962; x_wconf 78' lang='grc' dir='ltr'>τὰς</span> <span class='ocrx_word' id='word_1_425' title='bbox 1269 5896 1328 5952; x_wconf 84' lang='grc' dir='ltr'>ὲν</span> <span class='ocrx_word' id='word_1_426' title='bbox 1371 5898 1557 5969; x_wconf 80' lang='grc' dir='ltr'>μονάδι</span> <span class='ocrx_word' id='word_1_427' title='bbox 1605 5902 1756 5973; x_wconf 71' lang='grc' dir='ltr'>τρεῖς</span> 
     </span>
    </p>
   </div>
   <div class='ocr_carea' id='block_1_63' title="bbox 1873 656 3445 737">
    <p class='ocr_par' dir='ltr' id='par_1_63' title="bbox 1873 656 3445 737">
     <span class='ocr_line' id='line_1_63' title="bbox 1873 656 3445 737; baseline 0.015 -30"><span class='ocrx_word' id='word_1_428' title='bbox 1873 656 2149 725; x_wconf 80' lang='lat' dir='ltr'><strong>propriam</strong></span> <span class='ocrx_word' id='word_1_429' title='bbox 2183 656 2484 715; x_wconf 85' lang='lat' dir='ltr'><strong>Ecclesiam</strong></span> <span class='ocrx_word' id='word_1_430' title='bbox 2532 660 2852 733; x_wconf 72' lang='lat' dir='ltr'><strong>fabricavit;</strong></span> <span class='ocrx_word' id='word_1_431' title='bbox 2886 681 3157 737; x_wconf 81' lang='lat' dir='ltr'><strong>quemque</strong></span> <span class='ocrx_word' id='word_1_432' title='bbox 3202 672 3445 730; x_wconf 73' lang='lat' dir='ltr'><strong>cmlestis</strong></span> 
     </span>
    </p>
   </div>
   <div class='ocr_carea' id='block_1_64' title="bbox 1871 746 3442 827">
    <p class='ocr_par' dir='ltr' id='par_1_64' title="bbox 1871 746 3442 827">
     <span class='ocr_line' id='line_1_64' title="bbox 1871 746 3442 827; baseline 0.012 -27"><span class='ocrx_word' id='word_1_433' title='bbox 1871 746 2228 805; x_wconf 83' lang='lat' dir='ltr'><strong>habitationis</strong></span> <span class='ocrx_word' id='word_1_434' title='bbox 2253 765 2317 804; x_wconf 90' lang='lat' dir='ltr'><strong>ac</strong></span> <span class='ocrx_word' id='word_1_435' title='bbox 2345 751 2679 809; x_wconf 71' lang='lat' dir='ltr'><strong>haereditatis</strong></span> <span class='ocrx_word' id='word_1_436' title='bbox 2707 756 3057 827; x_wconf 79' lang='lat' dir='ltr'><strong>clavigerum,</strong></span> <span class='ocrx_word' id='word_1_437' title='bbox 3087 765 3140 813; x_wconf 88' lang='lat' dir='ltr'><strong>et</strong></span> <span class='ocrx_word' id='word_1_438' title='bbox 3174 760 3442 819; x_wconf 68' lang='lat' dir='ltr'><strong>liaaredem</strong></span> 
     </span>
    </p>
   </div>
   <div class='ocr_carea' id='block_1_65' title="bbox 1870 840 3444 926">
    <p class='ocr_par' dir='ltr' id='par_1_65' title="bbox 1870 840 3444 926">
     <span class='ocr_line' id='line_1_65' title="bbox 1870 840 3444 926; baseline 0.01 -30"><span class='ocrx_word' id='word_1_439' title='bbox 1870 840 2185 909; x_wconf 82' lang='lat' dir='ltr'><strong>declaravit,</strong></span> <span class='ocrx_word' id='word_1_440' title='bbox 2217 859 2281 898; x_wconf 90' lang='lat' dir='ltr'><strong>ac</strong></span> <span class='ocrx_word' id='word_1_441' title='bbox 2314 854 2637 915; x_wconf 85' lang='lat' dir='ltr'><strong>potestatem</strong></span> <span class='ocrx_word' id='word_1_442' title='bbox 2670 848 2745 907; x_wconf 86' lang='lat' dir='ltr'><strong>illi</strong></span> <span class='ocrx_word' id='word_1_443' title='bbox 2781 850 3020 905; x_wconf 85' lang='lat' dir='ltr'><strong>divinam</strong></span> <span class='ocrx_word' id='word_1_444' title='bbox 3051 852 3253 923; x_wconf 81' lang='lat' dir='ltr'><strong>ligandi</strong></span> <span class='ocrx_word' id='word_1_445' title='bbox 3279 865 3444 926; x_wconf 89' lang='lat' dir='ltr'><strong>atque</strong></span> 
     </span>
    </p>
   </div>
   <div class='ocr_carea' id='block_1_66' title="bbox 1869 931 3441 1017">
    <p class='ocr_par' dir='ltr' id='par_1_66' title="bbox 1869 931 3441 1017">
     <span class='ocr_line' id='line_1_66' title="bbox 1869 931 3441 1017; baseline 0.011 -31"><span class='ocrx_word' id='word_1_446' title='bbox 1869 931 2113 986; x_wconf 86' lang='lat' dir='ltr'><strong>solvendi</strong></span> <span class='ocrx_word' id='word_1_447' title='bbox 2145 932 2303 990; x_wconf 78' lang='lat' dir='ltr'><strong>funes</strong></span> <span class='ocrx_word' id='word_1_448' title='bbox 2347 949 2693 1005; x_wconf 86' lang='lat' dir='ltr'><strong>peccatorum</strong></span> <span class='ocrx_word' id='word_1_449' title='bbox 2724 942 2972 1010; x_wconf 80' lang='lat' dir='ltr'><strong>praebuit.</strong></span> <span class='ocrx_word' id='word_1_450' title='bbox 3004 941 3106 1009; x_wconf 87' lang='lat' dir='ltr'><strong>Qui</strong></span> <span class='ocrx_word' id='word_1_451' title='bbox 3135 952 3189 999; x_wconf 91' lang='lat' dir='ltr'><strong>et</strong></span> <span class='ocrx_word' id='word_1_452' title='bbox 3236 950 3441 1017; x_wconf 83' lang='lat' dir='ltr'><strong>regiam</strong></span> 
     </span>
    </p>
   </div>
   <div class='ocr_carea' id='block_1_67' title="bbox 1869 1020 3442 1103">
    <p class='ocr_par' dir='ltr' id='par_1_67' title="bbox 1869 1020 3442 1103">
     <span class='ocr_line' id='line_1_67' title="bbox 1869 1020 3442 1103; baseline 0.013 -27"><span class='ocrx_word' id='word_1_453' title='bbox 1869 1020 2096 1077; x_wconf 82' lang='lat' dir='ltr'><strong>Romam</strong></span> <span class='ocrx_word' id='word_1_454' title='bbox 2132 1025 2201 1081; x_wconf 90' lang='lat' dir='ltr'><strong>iis</strong></span> <span class='ocrx_word' id='word_1_455' title='bbox 2244 1027 2525 1085; x_wconf 83' lang='lat' dir='ltr'><strong>miraculis</strong></span> <span class='ocrx_word' id='word_1_456' title='bbox 2575 1030 2760 1094; x_wconf 86' lang='lat' dir='ltr'><strong>editis,</strong></span> <span class='ocrx_word' id='word_1_457' title='bbox 2795 1048 2916 1103; x_wconf 74' lang='lat' dir='ltr'><strong>qua:</strong></span> <span class='ocrx_word' id='word_1_458' title='bbox 2947 1049 2977 1088; x_wconf 91' lang='lat' dir='ltr'><strong>a</strong></span> <span class='ocrx_word' id='word_1_459' title='bbox 3009 1034 3232 1093; x_wconf 87' lang='lat' dir='ltr'><strong>Christo</strong></span> <span class='ocrx_word' id='word_1_460' title='bbox 3275 1041 3442 1095; x_wconf 58' lang='lat' dir='ltr'><strong>uber.</strong></span> 
     </span>
    </p>
   </div>
   <div class='ocr_carea' id='block_1_68' title="bbox 1865 1115 3442 1192">
    <p class='ocr_par' dir='ltr' id='par_1_68' title="bbox 1865 1115 3442 1192">
     <span class='ocr_line' id='line_1_68' title="bbox 1865 1115 3442 1192; baseline 0.014 -24"><span class='ocrx_word' id='word_1_461' title='bbox 1865 1115 2006 1169; x_wconf 88' lang='lat' dir='ltr'><strong>rime</strong></span> <span class='ocrx_word' id='word_1_462' title='bbox 2053 1117 2216 1172; x_wconf 90' lang='lat' dir='ltr'><strong>etiam</strong></span> <span class='ocrx_word' id='word_1_463' title='bbox 2263 1131 2647 1189; x_wconf 78' lang='lat' dir='ltr'><strong>manaverunt,</strong></span> <span class='ocrx_word' id='word_1_464' title='bbox 2694 1125 3008 1192; x_wconf 87' lang='lat' dir='ltr'><strong>illustravit,</strong></span> <span class='ocrx_word' id='word_1_465' title='bbox 3051 1137 3107 1186; x_wconf 89' lang='lat' dir='ltr'><strong>et</strong></span> <span class='ocrx_word' id='word_1_466' title='bbox 3151 1133 3442 1190; x_wconf 84' lang='lat' dir='ltr'><strong>occiduam</strong></span> 
     </span>
    </p>
   </div>
   <div class='ocr_carea' id='block_1_69' title="bbox 1865 1205 3441 1284">
    <p class='ocr_par' dir='ltr' id='par_1_69' title="bbox 1865 1205 3441 1284">
     <span class='ocr_line' id='line_1_69' title="bbox 1865 1205 3441 1284; baseline 0.013 -24"><span class='ocrx_word' id='word_1_467' title='bbox 1865 1205 2255 1264; x_wconf 82' lang='lat' dir='ltr'><strong>obscuritatem</strong></span> <span class='ocrx_word' id='word_1_468' title='bbox 2294 1211 2350 1266; x_wconf 90' lang='lat' dir='ltr'><strong>in</strong></span> <span class='ocrx_word' id='word_1_469' title='bbox 2384 1214 2730 1284; x_wconf 83' lang='lat' dir='ltr'><strong>splendorem</strong></span> <span class='ocrx_word' id='word_1_470' title='bbox 2780 1217 3146 1276; x_wconf 88' lang='lat' dir='ltr'><strong>clarissimum</strong></span> <span class='ocrx_word' id='word_1_471' title='bbox 3189 1239 3441 1280; x_wconf 90' lang='lat' dir='ltr'><strong>commu-</strong></span> 
     </span>
    </p>
   </div>
   <div class='ocr_carea' id='block_1_70' title="bbox 1864 1298 3435 1386">
    <p class='ocr_par' dir='ltr' id='par_1_70' title="bbox 1864 1298 3435 1386">
     <span class='ocr_line' id='line_1_70' title="bbox 1864 1298 3435 1386; baseline 0.011 -33"><span class='ocrx_word' id='word_1_472' title='bbox 1864 1298 2021 1354; x_wconf 85' lang='lat' dir='ltr'><strong>tavit.</strong></span> <span class='ocrx_word' id='word_1_473' title='bbox 2079 1299 2188 1355; x_wconf 87' lang='lat' dir='ltr'><strong>Aut</strong></span> <span class='ocrx_word' id='word_1_474' title='bbox 2229 1302 2393 1358; x_wconf 88' lang='lat' dir='ltr'><strong>etiam</strong></span> <span class='ocrx_word' id='word_1_475' title='bbox 2448 1307 2852 1376; x_wconf 87' lang='lat' dir='ltr'><strong>comparandus</strong></span> <span class='ocrx_word' id='word_1_476' title='bbox 2899 1311 3108 1366; x_wconf 89' lang='lat' dir='ltr'><strong>tonitru</strong></span> <span class='ocrx_word' id='word_1_477' title='bbox 3140 1310 3298 1379; x_wconf 86' lang='lat' dir='ltr'><strong>Filio,</strong></span> <span class='ocrx_word' id='word_1_478' title='bbox 3342 1317 3435 1386; x_wconf 89' lang='lat' dir='ltr'><strong>qui</strong></span> 
     </span>
    </p>
   </div>
   <div class='ocr_carea' id='block_1_71' title="bbox 1863 1394 3439 1469">
    <p class='ocr_par' dir='ltr' id='par_1_71' title="bbox 1863 1394 3439 1469">
     <span class='ocr_line' id='line_1_71' title="bbox 1863 1394 3439 1469; baseline 0.013 -20"><span class='ocrx_word' id='word_1_479' title='bbox 1863 1394 2047 1450; x_wconf 90' lang='lat' dir='ltr'><strong>divina</strong></span> <span class='ocrx_word' id='word_1_480' title='bbox 2076 1406 2125 1453; x_wconf 90' lang='lat' dir='ltr'><strong>el</strong></span> <span class='ocrx_word' id='word_1_481' title='bbox 2157 1398 2433 1464; x_wconf 89' lang='lat' dir='ltr'><strong>sublimia,</strong></span> <span class='ocrx_word' id='word_1_482' title='bbox 2470 1410 2524 1456; x_wconf 87' lang='lat' dir='ltr'><strong>et</strong></span> <span class='ocrx_word' id='word_1_483' title='bbox 2557 1404 2811 1461; x_wconf 91' lang='lat' dir='ltr'><strong>omnibus</strong></span> <span class='ocrx_word' id='word_1_484' title='bbox 2844 1405 3098 1464; x_wconf 89' lang='lat' dir='ltr'><strong>humanis</strong></span> <span class='ocrx_word' id='word_1_485' title='bbox 3121 1410 3347 1467; x_wconf 87' lang='lat' dir='ltr'><strong>auribus</strong></span> <span class='ocrx_word' id='word_1_486' title='bbox 3373 1428 3439 1469; x_wconf 89' lang='lat' dir='ltr'><strong>ac</strong></span> 
     </span>
    </p>
   </div>
   <div class='ocr_carea' id='block_1_72' title="bbox 1863 1489 3437 1569">
    <p class='ocr_par' dir='ltr' id='par_1_72' title="bbox 1863 1489 3437 1569">
     <span class='ocr_line' id='line_1_72' title="bbox 1863 1489 3437 1569; baseline 0.013 -29"><span class='ocrx_word' id='word_1_487' title='bbox 1863 1489 2141 1544; x_wconf 88' lang='lat' dir='ltr'><strong>mentibus</strong></span> <span class='ocrx_word' id='word_1_488' title='bbox 2172 1489 2479 1557; x_wconf 89' lang='lat' dir='ltr'><strong>inaccessa,</strong></span> <span class='ocrx_word' id='word_1_489' title='bbox 2503 1509 2624 1565; x_wconf 80' lang='lat' dir='ltr'><strong>quae</strong></span> <span class='ocrx_word' id='word_1_490' title='bbox 2648 1512 2746 1552; x_wconf 89' lang='lat' dir='ltr'><strong>nec</strong></span> <span class='ocrx_word' id='word_1_491' title='bbox 2774 1497 2909 1569; x_wconf 88' lang='lat' dir='ltr'><strong>ipsis</strong></span> <span class='ocrx_word' id='word_1_492' title='bbox 2931 1501 3095 1555; x_wconf 89' lang='lat' dir='ltr'><strong>etiam</strong></span> <span class='ocrx_word' id='word_1_493' title='bbox 3123 1503 3437 1560; x_wconf 86' lang='lat' dir='ltr'><strong>coelestibus</strong></span> 
     </span>
    </p>
   </div>
   <div class='ocr_carea' id='block_1_73' title="bbox 1862 1581 3435 1665">
    <p class='ocr_par' dir='ltr' id='par_1_73' title="bbox 1862 1581 3435 1665">
     <span class='ocr_line' id='line_1_73' title="bbox 1862 1581 3435 1665; baseline 0.01 -29"><span class='ocrx_word' id='word_1_494' title='bbox 1862 1581 2190 1639; x_wconf 85' lang='lat' dir='ltr'><strong>substantiis</strong></span> <span class='ocrx_word' id='word_1_495' title='bbox 2224 1587 2784 1665; x_wconf 83' lang='lat' dir='ltr'><strong>comprehenduntur,</strong></span> <span class='ocrx_word' id='word_1_496' title='bbox 2828 1593 3033 1648; x_wconf 92' lang='lat' dir='ltr'><strong>mundo</strong></span> <span class='ocrx_word' id='word_1_497' title='bbox 3082 1594 3341 1662; x_wconf 86' lang='lat' dir='ltr'><strong>intonuit,</strong></span> <span class='ocrx_word' id='word_1_498' title='bbox 3380 1609 3435 1652; x_wconf 89' lang='lat' dir='ltr'><strong>ut</strong></span> 
     </span>
    </p>
   </div>
   <div class='ocr_carea' id='block_1_74' title="bbox 1863 1671 3438 1757">
    <p class='ocr_par' dir='ltr' id='par_1_74' title="bbox 1863 1671 3438 1757">
     <span class='ocr_line' id='line_1_74' title="bbox 1863 1671 3438 1757; baseline 0.013 -34"><span class='ocrx_word' id='word_1_499' title='bbox 1863 1671 1958 1741; x_wconf 89' lang='lat' dir='ltr'><strong>qui</strong></span> <span class='ocrx_word' id='word_1_500' title='bbox 2010 1686 2176 1743; x_wconf 89' lang='lat' dir='ltr'><strong>super</strong></span> <span class='ocrx_word' id='word_1_501' title='bbox 2213 1684 2435 1744; x_wconf 86' lang='lat' dir='ltr'><strong>pectore</strong></span> <span class='ocrx_word' id='word_1_502' title='bbox 2475 1693 2618 1734; x_wconf 81' lang='lat' dir='ltr'><strong>verae</strong></span> <span class='ocrx_word' id='word_1_503' title='bbox 2662 1688 2717 1734; x_wconf 89' lang='lat' dir='ltr'><strong>et</strong></span> <span class='ocrx_word' id='word_1_504' title='bbox 2760 1682 3113 1740; x_wconf 88' lang='lat' dir='ltr'><strong>subsistentis</strong></span> <span class='ocrx_word' id='word_1_505' title='bbox 3159 1687 3438 1757; x_wconf 81' lang='lat' dir='ltr'><strong>sapientiae</strong></span> 
     </span>
    </p>
   </div>
   <div class='ocr_carea' id='block_1_75' title="bbox 1862 1763 3436 1852">
    <p class='ocr_par' dir='ltr' id='par_1_75' title="bbox 1862 1763 3436 1852">
     <span class='ocr_line' id='line_1_75' title="bbox 1862 1763 3436 1852; baseline 0.011 -36"><span class='ocrx_word' id='word_1_506' title='bbox 1862 1763 2208 1828; x_wconf 87' lang='lat' dir='ltr'><strong>recuhuerat,</strong></span> <span class='ocrx_word' id='word_1_507' title='bbox 2244 1773 2297 1821; x_wconf 89' lang='lat' dir='ltr'><strong>et</strong></span> <span class='ocrx_word' id='word_1_508' title='bbox 2326 1783 2392 1822; x_wconf 83' lang='lat' dir='ltr'><strong>ex</strong></span> <span class='ocrx_word' id='word_1_509' title='bbox 2424 1769 2599 1826; x_wconf 83' lang='lat' dir='ltr'><strong>beatis</strong></span> <span class='ocrx_word' id='word_1_510' title='bbox 2633 1787 2955 1843; x_wconf 84' lang='lat' dir='ltr'><strong>semperque</strong></span> <span class='ocrx_word' id='word_1_511' title='bbox 2988 1774 3283 1835; x_wconf 82' lang='lat' dir='ltr'><strong>ﬂuentibus</strong></span> <span class='ocrx_word' id='word_1_512' title='bbox 3316 1796 3436 1852; x_wconf 79' lang='lat' dir='ltr'><strong>my-</strong></span> 
     </span>
    </p>
   </div>
   <div class='ocr_carea' id='block_1_76' title="bbox 1864 1855 3439 1935">
    <p class='ocr_par' dir='ltr' id='par_1_76' title="bbox 1864 1855 3439 1935">
     <span class='ocr_line' id='line_1_76' title="bbox 1864 1855 3439 1935; baseline 0.011 -25"><span class='ocrx_word' id='word_1_513' title='bbox 1864 1855 2014 1911; x_wconf 67' lang='lat' dir='ltr'><strong>sticae</strong></span> <span class='ocrx_word' id='word_1_514' title='bbox 2046 1871 2110 1910; x_wconf 91' lang='lat' dir='ltr'><strong>ac</strong></span> <span class='ocrx_word' id='word_1_515' title='bbox 2143 1856 2338 1913; x_wconf 65' lang='lat' dir='ltr'><strong>divina:</strong></span> <span class='ocrx_word' id='word_1_516' title='bbox 2372 1860 2548 1929; x_wconf 89' lang='lat' dir='ltr'><strong>ipsius</strong></span> <span class='ocrx_word' id='word_1_517' title='bbox 2581 1865 2912 1935; x_wconf 84' lang='lat' dir='ltr'><strong>cognitionis</strong></span> <span class='ocrx_word' id='word_1_518' title='bbox 2959 1866 3232 1925; x_wconf 85' lang='lat' dir='ltr'><strong>thesauris</strong></span> <span class='ocrx_word' id='word_1_519' title='bbox 3264 1869 3439 1927; x_wconf 85' lang='lat' dir='ltr'><strong>ﬂuen-</strong></span> 
     </span>
    </p>
   </div>
   <div class='ocr_carea' id='block_1_77' title="bbox 1862 1946 3435 2030">
    <p class='ocr_par' dir='ltr' id='par_1_77' title="bbox 1862 1946 3435 2030">
     <span class='ocr_line' id='line_1_77' title="bbox 1862 1946 3435 2030; baseline 0.011 -29"><span class='ocrx_word' id='word_1_520' title='bbox 1862 1946 1938 2001; x_wconf 86' lang='lat' dir='ltr'><strong>tia</strong></span> <span class='ocrx_word' id='word_1_521' title='bbox 1963 1948 2257 2017; x_wconf 85' lang='lat' dir='ltr'><strong>purissima</strong></span> <span class='ocrx_word' id='word_1_522' title='bbox 2276 1950 2554 2006; x_wconf 87' lang='lat' dir='ltr'><strong>hauserat.</strong></span> <span class='ocrx_word' id='word_1_523' title='bbox 2586 1953 2683 2009; x_wconf 81' lang='lat' dir='ltr'><strong>Vel</strong></span> <span class='ocrx_word' id='word_1_524' title='bbox 2708 1954 2875 2011; x_wconf 90' lang='lat' dir='ltr'><strong>Paulo</strong></span> <span class='ocrx_word' id='word_1_525' title='bbox 2905 1959 3026 2029; x_wconf 87' lang='lat' dir='ltr'><strong>ejus</strong></span> <span class='ocrx_word' id='word_1_526' title='bbox 3058 1960 3435 2030; x_wconf 89' lang='lat' dir='ltr'><strong>illuminatori,</strong></span> 
     </span>
    </p>
   </div>
   <div class='ocr_carea' id='block_1_78' title="bbox 1860 2040 3437 2113">
    <p class='ocr_par' dir='ltr' id='par_1_78' title="bbox 1860 2040 3437 2113">
     <span class='ocr_line' id='line_1_78' title="bbox 1860 2040 3437 2113; baseline 0.011 -19"><span class='ocrx_word' id='word_1_527' title='bbox 1860 2046 1914 2094; x_wconf 85' lang='lat' dir='ltr'><strong>et</strong></span> <span class='ocrx_word' id='word_1_528' title='bbox 1946 2040 2337 2096; x_wconf 74' lang='lat' dir='ltr'><strong>sacrificiorum</strong></span> <span class='ocrx_word' id='word_1_529' title='bbox 2388 2045 2612 2113; x_wconf 77' lang='lat' dir='ltr'><strong>prmsidi</strong></span> <span class='ocrx_word' id='word_1_530' title='bbox 2647 2050 3063 2109; x_wconf 82' lang='lat' dir='ltr'><strong>convenientius</strong></span> <span class='ocrx_word' id='word_1_531' title='bbox 3093 2061 3239 2110; x_wconf 84' lang='lat' dir='ltr'><strong>esset</strong></span> <span class='ocrx_word' id='word_1_532' title='bbox 3281 2055 3437 2111; x_wconf 87' lang='lat' dir='ltr'><strong>illum</strong></span> 
     </span>
    </p>
   </div>
   <div class='ocr_carea' id='block_1_79' title="bbox 1860 2136 3438 2217">
    <p class='ocr_par' dir='ltr' id='par_1_79' title="bbox 1860 2136 3438 2217">
     <span class='ocr_line' id='line_1_79' title="bbox 1860 2136 3438 2217; baseline 0.011 -30"><span class='ocrx_word' id='word_1_533' title='bbox 1860 2147 2219 2209; x_wconf 83' lang='lat' dir='ltr'><strong>comparare,</strong></span> <span class='ocrx_word' id='word_1_534' title='bbox 2274 2136 2368 2205; x_wconf 89' lang='lat' dir='ltr'><strong>qui</strong></span> <span class='ocrx_word' id='word_1_535' title='bbox 2419 2153 2662 2194; x_wconf 80' lang='lat' dir='ltr'><strong>convexa</strong></span> <span class='ocrx_word' id='word_1_536' title='bbox 2720 2142 2984 2197; x_wconf 64' lang='lat' dir='ltr'><strong>caelorum</strong></span> <span class='ocrx_word' id='word_1_537' title='bbox 3046 2160 3438 2217; x_wconf 79' lang='lat' dir='ltr'><strong>supergressus</strong></span> 
     </span>
    </p>
   </div>
   <div class='ocr_carea' id='block_1_80' title="bbox 1860 2232 3434 2305">
    <p class='ocr_par' dir='ltr' id='par_1_80' title="bbox 1860 2232 3434 2305">
     <span class='ocr_line' id='line_1_80' title="bbox 1860 2232 3434 2305; baseline 0.008 -25"><span class='ocrx_word' id='word_1_538' title='bbox 1860 2232 1973 2288; x_wconf 83' lang='lat' dir='ltr'><strong>est,</strong></span> <span class='ocrx_word' id='word_1_539' title='bbox 2005 2234 2058 2281; x_wconf 90' lang='lat' dir='ltr'><strong>et</strong></span> <span class='ocrx_word' id='word_1_540' title='bbox 2102 2242 2164 2282; x_wconf 86' lang='lat' dir='ltr'><strong>ea</strong></span> <span class='ocrx_word' id='word_1_541' title='bbox 2212 2243 2334 2297; x_wconf 73' lang='lat' dir='ltr'><strong>quae.</strong></span> <span class='ocrx_word' id='word_1_542' title='bbox 2367 2243 2397 2282; x_wconf 91' lang='lat' dir='ltr'><strong>a</strong></span> <span class='ocrx_word' id='word_1_543' title='bbox 2431 2232 2756 2287; x_wconf 85' lang='lat' dir='ltr'><strong>mortalibus</strong></span> <span class='ocrx_word' id='word_1_544' title='bbox 2798 2248 3077 2305; x_wconf 88' lang='lat' dir='ltr'><strong>nunquam</strong></span> <span class='ocrx_word' id='word_1_545' title='bbox 3116 2237 3233 2292; x_wconf 84' lang='lat' dir='ltr'><strong>visa</strong></span> <span class='ocrx_word' id='word_1_546' title='bbox 3283 2249 3434 2304; x_wconf 87' lang='lat' dir='ltr'><strong>sunt,</strong></span> 
     </span>
    </p>
   </div>
   <div class='ocr_carea' id='block_1_81' title="bbox 1861 2316 3438 2389">
    <p class='ocr_par' dir='ltr' id='par_1_81' title="bbox 1861 2316 3438 2389">
     <span class='ocr_line' id='line_1_81' title="bbox 1861 2316 3438 2389; baseline 0.006 -16"><span class='ocrx_word' id='word_1_547' title='bbox 1861 2316 2119 2388; x_wconf 79' lang='lat' dir='ltr'><strong>inspexit,</strong></span> <span class='ocrx_word' id='word_1_548' title='bbox 2162 2327 2215 2373; x_wconf 86' lang='lat' dir='ltr'><strong>et</strong></span> <span class='ocrx_word' id='word_1_549' title='bbox 2246 2335 2365 2389; x_wconf 71' lang='lat' dir='ltr'><strong>qua:</strong></span> <span class='ocrx_word' id='word_1_550' title='bbox 2397 2336 2504 2374; x_wconf 91' lang='lat' dir='ltr'><strong>non</strong></span> <span class='ocrx_word' id='word_1_551' title='bbox 2536 2322 2663 2376; x_wconf 91' lang='lat' dir='ltr'><strong>licet</strong></span> <span class='ocrx_word' id='word_1_552' title='bbox 2696 2322 2907 2387; x_wconf 88' lang='lat' dir='ltr'><strong>audire,</strong></span> <span class='ocrx_word' id='word_1_553' title='bbox 2942 2325 3149 2380; x_wconf 85' lang='lat' dir='ltr'><strong>audivit</strong></span> <span class='ocrx_word' id='word_1_554' title='bbox 3180 2329 3438 2383; x_wconf 86' lang='lat' dir='ltr'><strong>secretis-</strong></span> 
     </span>
    </p>
   </div>
   <div class='ocr_carea' id='block_1_82' title="bbox 1860 2409 3435 2487">
    <p class='ocr_par' dir='ltr' id='par_1_82' title="bbox 1860 2409 3435 2487">
     <span class='ocr_line' id='line_1_82' title="bbox 1860 2409 3435 2487; baseline 0.006 -25"><span class='ocrx_word' id='word_1_555' title='bbox 1860 2409 1999 2463; x_wconf 84' lang='lat' dir='ltr'><strong>sima</strong></span> <span class='ocrx_word' id='word_1_556' title='bbox 2033 2411 2220 2465; x_wconf 90' lang='lat' dir='ltr'><strong>verba.</strong></span> <span class='ocrx_word' id='word_1_557' title='bbox 2271 2411 2373 2478; x_wconf 87' lang='lat' dir='ltr'><strong>Qui</strong></span> <span class='ocrx_word' id='word_1_558' title='bbox 2420 2412 2475 2465; x_wconf 91' lang='lat' dir='ltr'><strong>in</strong></span> <span class='ocrx_word' id='word_1_559' title='bbox 2517 2414 2774 2482; x_wconf 87' lang='lat' dir='ltr'><strong>paradiso</strong></span> <span class='ocrx_word' id='word_1_560' title='bbox 2807 2423 2999 2470; x_wconf 89' lang='lat' dir='ltr'><strong>nostra</strong></span> <span class='ocrx_word' id='word_1_561' title='bbox 3040 2417 3211 2472; x_wconf 87' lang='lat' dir='ltr'><strong>veteri</strong></span> <span class='ocrx_word' id='word_1_562' title='bbox 3258 2419 3435 2487; x_wconf 86' lang='lat' dir='ltr'><strong>patria</strong></span> 
     </span>
    </p>
   </div>
   <div class='ocr_carea' id='block_1_83' title="bbox 1860 2501 3486 2580">
    <p class='ocr_par' dir='ltr' id='par_1_83' title="bbox 1860 2501 3486 2580">
     <span class='ocr_line' id='line_1_83' title="bbox 1860 2501 3486 2580; baseline 0.01 -27"><span class='ocrx_word' id='word_1_563' title='bbox 1860 2501 2180 2566; x_wconf 84' lang='lat' dir='ltr'><strong>ambulavit,</strong></span> <span class='ocrx_word' id='word_1_564' title='bbox 2211 2510 2263 2558; x_wconf 91' lang='lat' dir='ltr'><strong>et</strong></span> <span class='ocrx_word' id='word_1_565' title='bbox 2310 2503 2724 2571; x_wconf 87' lang='lat' dir='ltr'><strong>beatitudinem,</strong></span> <span class='ocrx_word' id='word_1_566' title='bbox 2762 2522 2884 2577; x_wconf 69' lang='lat' dir='ltr'><strong>quae</strong></span> <span class='ocrx_word' id='word_1_567' title='bbox 2925 2508 3035 2562; x_wconf 91' lang='lat' dir='ltr'><strong>illic</strong></span> <span class='ocrx_word' id='word_1_568' title='bbox 3065 2518 3168 2574; x_wconf 87' lang='lat' dir='ltr'><strong>est,</strong></span> <span class='ocrx_word' id='word_1_569' title='bbox 3202 2510 3437 2580; x_wconf 59' lang='lat' dir='ltr'><strong>vitaeque</strong></span> <span class='ocrx_word' id='word_1_570' title='bbox 3481 2565 3486 2570; x_wconf 91' lang='lat'><strong>.</strong></span> 
     </span>
    </p>
   </div>
   <div class='ocr_carea' id='block_1_84' title="bbox 1859 2593 3436 2672">
    <p class='ocr_par' dir='ltr' id='par_1_84' title="bbox 1859 2593 3436 2672">
     <span class='ocr_line' id='line_1_84' title="bbox 1859 2593 3436 2672; baseline 0.008 -26"><span class='ocrx_word' id='word_1_571' title='bbox 1859 2593 2170 2648; x_wconf 91' lang='lat' dir='ltr'><strong>institutum</strong></span> <span class='ocrx_word' id='word_1_572' title='bbox 2206 2596 2563 2665; x_wconf 85' lang='lat' dir='ltr'><strong>perscripsit:</strong></span> <span class='ocrx_word' id='word_1_573' title='bbox 2592 2612 2621 2650; x_wconf 91' lang='lat' dir='ltr'><strong>a</strong></span> <span class='ocrx_word' id='word_1_574' title='bbox 2643 2613 2750 2668; x_wconf 91' lang='lat' dir='ltr'><strong>qua</strong></span> <span class='ocrx_word' id='word_1_575' title='bbox 2784 2598 2854 2653; x_wconf 90' lang='lat' dir='ltr'><strong>ob</strong></span> <span class='ocrx_word' id='word_1_576' title='bbox 2888 2600 3164 2671; x_wconf 89' lang='lat' dir='ltr'><strong>propriam</strong></span> <span class='ocrx_word' id='word_1_577' title='bbox 3188 2603 3436 2672; x_wconf 88' lang='lat' dir='ltr'><strong>petulan-</strong></span> 
     </span>
    </p>
   </div>
   <div class='ocr_carea' id='block_1_85' title="bbox 1859 2684 3438 2763">
    <p class='ocr_par' dir='ltr' id='par_1_85' title="bbox 1859 2684 3438 2763">
     <span class='ocr_line' id='line_1_85' title="bbox 1859 2684 3438 2763; baseline 0.008 -26"><span class='ocrx_word' id='word_1_578' title='bbox 1859 2684 2011 2750; x_wconf 82' lang='lat' dir='ltr'><strong>tiam,</strong></span> <span class='ocrx_word' id='word_1_579' title='bbox 2045 2693 2100 2740; x_wconf 88' lang='lat' dir='ltr'><strong>et</strong></span> <span class='ocrx_word' id='word_1_580' title='bbox 2128 2685 2290 2756; x_wconf 78' lang='lat'><strong>372</strong></span> <span class='ocrx_word' id='word_1_581' title='bbox 2325 2688 2581 2762; x_wconf 62' lang='lat' dir='ltr'><strong>praecepti</strong></span> <span class='ocrx_word' id='word_1_582' title='bbox 2618 2688 2788 2743; x_wconf 89' lang='lat' dir='ltr'><strong>divini</strong></span> <span class='ocrx_word' id='word_1_583' title='bbox 2817 2695 3311 2763; x_wconf 83' lang='lat' dir='ltr'><strong>transgressionem</strong></span> <span class='ocrx_word' id='word_1_584' title='bbox 3342 2711 3438 2749; x_wconf 81' lang='lat' dir='ltr'><strong>ex-</strong></span> 
     </span>
    </p>
   </div>
   <div class='ocr_carea' id='block_1_86' title="bbox 1857 2777 3436 2853">
    <p class='ocr_par' dir='ltr' id='par_1_86' title="bbox 1857 2777 3436 2853">
     <span class='ocr_line' id='line_1_86' title="bbox 1857 2777 3436 2853; baseline 0.008 -24"><span class='ocrx_word' id='word_1_585' title='bbox 1857 2783 2035 2833; x_wconf 87' lang='lat' dir='ltr'><strong>torres</strong></span> <span class='ocrx_word' id='word_1_586' title='bbox 2071 2777 2201 2832; x_wconf 83' lang='lat' dir='ltr'><strong>facti</strong></span> <span class='ocrx_word' id='word_1_587' title='bbox 2242 2787 2372 2834; x_wconf 89' lang='lat' dir='ltr'><strong>sunt</strong></span> <span class='ocrx_word' id='word_1_588' title='bbox 2402 2782 2563 2850; x_wconf 89' lang='lat' dir='ltr'><strong>primi</strong></span> <span class='ocrx_word' id='word_1_589' title='bbox 2600 2790 2853 2852; x_wconf 87' lang='lat' dir='ltr'><strong>parentes</strong></span> <span class='ocrx_word' id='word_1_590' title='bbox 2886 2788 3081 2840; x_wconf 90' lang='lat' dir='ltr'><strong>nostri.</strong></span> <span class='ocrx_word' id='word_1_591' title='bbox 3118 2785 3222 2853; x_wconf 84' lang='lat' dir='ltr'><strong>Qui</strong></span> <span class='ocrx_word' id='word_1_592' title='bbox 3259 2787 3436 2843; x_wconf 90' lang='lat' dir='ltr'><strong>instar</strong></span> 
     </span>
    </p>
   </div>
   <div class='ocr_carea' id='block_1_87' title="bbox 1855 2871 3434 2948">
    <p class='ocr_par' dir='ltr' id='par_1_87' title="bbox 1855 2871 3434 2948">
     <span class='ocr_line' id='line_1_87' title="bbox 1855 2871 3434 2948; baseline 0.008 -27"><span class='ocrx_word' id='word_1_593' title='bbox 1855 2871 1974 2925; x_wconf 89' lang='lat' dir='ltr'><strong>avis</strong></span> <span class='ocrx_word' id='word_1_594' title='bbox 2033 2872 2351 2927; x_wconf 85' lang='lat' dir='ltr'><strong>universum</strong></span> <span class='ocrx_word' id='word_1_595' title='bbox 2415 2874 2602 2929; x_wconf 89' lang='lat' dir='ltr'><strong>orbem</strong></span> <span class='ocrx_word' id='word_1_596' title='bbox 2652 2881 2813 2930; x_wconf 66' lang='lat' dir='ltr'><strong>terra:</strong></span> <span class='ocrx_word' id='word_1_597' title='bbox 2884 2880 3210 2948; x_wconf 85' lang='lat' dir='ltr'><strong>peragravit,</strong></span> <span class='ocrx_word' id='word_1_598' title='bbox 3266 2888 3321 2933; x_wconf 86' lang='lat' dir='ltr'><strong>et</strong></span> <span class='ocrx_word' id='word_1_599' title='bbox 3367 2896 3434 2935; x_wconf 83' lang='lat' dir='ltr'><strong>ex</strong></span> 
     </span>
    </p>
   </div>
   <div class='ocr_carea' id='block_1_88' title="bbox 1855 2957 3431 3037">
    <p class='ocr_par' dir='ltr' id='par_1_88' title="bbox 1855 2957 3431 3037">
     <span class='ocr_line' id='line_1_88' title="bbox 1855 2957 3431 3037; baseline 0.009 -25"><span class='ocrx_word' id='word_1_600' title='bbox 1855 2957 2174 3015; x_wconf 83' lang='lat' dir='ltr'><strong>inﬁdelitate</strong></span> <span class='ocrx_word' id='word_1_601' title='bbox 2224 2961 2292 3014; x_wconf 91' lang='lat' dir='ltr'><strong>ad</strong></span> <span class='ocrx_word' id='word_1_602' title='bbox 2349 2960 2508 3017; x_wconf 83' lang='lat' dir='ltr'><strong>ﬁdem</strong></span> <span class='ocrx_word' id='word_1_603' title='bbox 2564 2973 2809 3033; x_wconf 83' lang='lat' dir='ltr'><strong>agrestes</strong></span> <span class='ocrx_word' id='word_1_604' title='bbox 2859 2967 3091 3037; x_wconf 86' lang='lat' dir='ltr'><strong>gentiles</strong></span> <span class='ocrx_word' id='word_1_605' title='bbox 3139 2972 3431 3026; x_wconf 85' lang='lat' dir='ltr'><strong>convertit.</strong></span> 
     </span>
    </p>
   </div>
   <div class='ocr_carea' id='block_1_89' title="bbox 1856 3045 3433 3121">
    <p class='ocr_par' dir='ltr' id='par_1_89' title="bbox 1856 3045 3433 3121">
     <span class='ocr_line' id='line_1_89' title="bbox 1856 3045 3433 3121; baseline 0.006 -19"><span class='ocrx_word' id='word_1_606' title='bbox 1856 3045 2063 3103; x_wconf 82' lang='lat' dir='ltr'><strong>Horum</strong></span> <span class='ocrx_word' id='word_1_607' title='bbox 2113 3050 2261 3104; x_wconf 90' lang='lat' dir='ltr'><strong>enim</strong></span> <span class='ocrx_word' id='word_1_608' title='bbox 2317 3050 2569 3107; x_wconf 91' lang='lat' dir='ltr'><strong>ardorem</strong></span> <span class='ocrx_word' id='word_1_609' title='bbox 2625 3051 2796 3107; x_wconf 87' lang='lat' dir='ltr'><strong>divini</strong></span> <span class='ocrx_word' id='word_1_610' title='bbox 2854 3055 2976 3121; x_wconf 84' lang='lat' dir='ltr'><strong>zeli,</strong></span> <span class='ocrx_word' id='word_1_611' title='bbox 3009 3069 3073 3109; x_wconf 91' lang='lat' dir='ltr'><strong>ac</strong></span> <span class='ocrx_word' id='word_1_612' title='bbox 3123 3055 3433 3112; x_wconf 84' lang='lat' dir='ltr'><strong>dilectionis</strong></span> 
     </span>
    </p>
   </div>
   <div class='ocr_carea' id='block_1_90' title="bbox 1856 3142 3434 3219">
    <p class='ocr_par' dir='ltr' id='par_1_90' title="bbox 1856 3142 3434 3219">
     <span class='ocr_line' id='line_1_90' title="bbox 1856 3142 3434 3219; baseline 0.004 -23"><span class='ocrx_word' id='word_1_613' title='bbox 1856 3142 2223 3207; x_wconf 88' lang='lat' dir='ltr'><strong>severitatem,</strong></span> <span class='ocrx_word' id='word_1_614' title='bbox 2253 3144 2421 3198; x_wconf 86' lang='lat' dir='ltr'><strong>animi</strong></span> <span class='ocrx_word' id='word_1_615' title='bbox 2466 3144 2963 3211; x_wconf 85' lang='lat' dir='ltr'><strong>mansuetudinem,</strong></span> <span class='ocrx_word' id='word_1_616' title='bbox 2994 3147 3050 3201; x_wconf 84' lang='lat' dir='ltr'><strong>in</strong></span> <span class='ocrx_word' id='word_1_617' title='bbox 3093 3148 3434 3219; x_wconf 80' lang='lat' dir='ltr'><strong>propinquos</strong></span> 
     </span>
    </p>
   </div>
   <div class='ocr_carea' id='block_1_91' title="bbox 1855 3235 3435 3303">
    <p class='ocr_par' dir='ltr' id='par_1_91' title="bbox 1855 3235 3435 3303">
     <span class='ocr_line' id='line_1_91' title="bbox 1855 3235 3435 3303; baseline 0.006 -17"><span class='ocrx_word' id='word_1_618' title='bbox 1855 3235 2413 3299; x_wconf 88' lang='lat' dir='ltr'><strong>commiscrationem,</strong></span> <span class='ocrx_word' id='word_1_619' title='bbox 2450 3236 2732 3292; x_wconf 68' lang='lat' dir='ltr'><strong>modestiae</strong></span> <span class='ocrx_word' id='word_1_620' title='bbox 2778 3239 3169 3303; x_wconf 81' lang='lat' dir='ltr'><strong>celebritatem,</strong></span> <span class='ocrx_word' id='word_1_621' title='bbox 3214 3239 3435 3297; x_wconf 81' lang='lat' dir='ltr'><strong>fortitu-</strong></span> 
     </span>
    </p>
   </div>
   <div class='ocr_carea' id='block_1_92' title="bbox 1854 3324 3436 3400">
    <p class='ocr_par' dir='ltr' id='par_1_92' title="bbox 1854 3324 3436 3400">
     <span class='ocr_line' id='line_1_92' title="bbox 1854 3324 3436 3400; baseline 0.005 -21"><span class='ocrx_word' id='word_1_622' title='bbox 1854 3324 1998 3381; x_wconf 92' lang='lat' dir='ltr'><strong>dinis</strong></span> <span class='ocrx_word' id='word_1_623' title='bbox 2025 3334 2078 3380; x_wconf 91' lang='lat' dir='ltr'><strong>et</strong></span> <span class='ocrx_word' id='word_1_624' title='bbox 2112 3326 2382 3383; x_wconf 87' lang='lat' dir='ltr'><strong>libertatis</strong></span> <span class='ocrx_word' id='word_1_625' title='bbox 2413 3328 2671 3398; x_wconf 87' lang='lat' dir='ltr'><strong>loquendi</strong></span> <span class='ocrx_word' id='word_1_626' title='bbox 2703 3330 3049 3400; x_wconf 87' lang='lat' dir='ltr'><strong>splendorem</strong></span> <span class='ocrx_word' id='word_1_627' title='bbox 3086 3331 3352 3395; x_wconf 85' lang='lat' dir='ltr'><strong>imitatus,</strong></span> <span class='ocrx_word' id='word_1_628' title='bbox 3382 3342 3436 3387; x_wconf 90' lang='lat' dir='ltr'><strong>et</strong></span> 
     </span>
    </p>
   </div>
   <div class='ocr_carea' id='block_1_93' title="bbox 1853 3418 3434 3488">
    <p class='ocr_par' dir='ltr' id='par_1_93' title="bbox 1853 3418 3434 3488">
     <span class='ocr_line' id='line_1_93' title="bbox 1853 3418 3434 3488; baseline 0.005 -17"><span class='ocrx_word' id='word_1_629' title='bbox 1853 3418 1919 3472; x_wconf 91' lang='lat' dir='ltr'><strong>ad</strong></span> <span class='ocrx_word' id='word_1_630' title='bbox 1948 3418 2193 3472; x_wconf 87' lang='lat' dir='ltr'><strong>divinum</strong></span> <span class='ocrx_word' id='word_1_631' title='bbox 2224 3420 2517 3488; x_wconf 84' lang='lat' dir='ltr'><strong>cujuslibet</strong></span> <span class='ocrx_word' id='word_1_632' title='bbox 2546 3422 2762 3475; x_wconf 90' lang='lat' dir='ltr'><strong>illorum</strong></span> <span class='ocrx_word' id='word_1_633' title='bbox 2787 3423 2912 3477; x_wconf 81' lang='lat' dir='ltr'><strong>vitae</strong></span> <span class='ocrx_word' id='word_1_634' title='bbox 2937 3422 3246 3478; x_wconf 90' lang='lat' dir='ltr'><strong>institutum</strong></span> <span class='ocrx_word' id='word_1_635' title='bbox 3279 3440 3434 3479; x_wconf 86' lang='lat' dir='ltr'><strong>suam</strong></span> 
     </span>
    </p>
   </div>
   <div class='ocr_carea' id='block_1_94' title="bbox 1854 3510 3437 3584">
    <p class='ocr_par' dir='ltr' id='par_1_94' title="bbox 1854 3510 3437 3584">
     <span class='ocr_line' id='line_1_94' title="bbox 1854 3510 3437 3584; baseline 0.004 -21"><span class='ocrx_word' id='word_1_636' title='bbox 1854 3510 2027 3581; x_wconf 89' lang='lat' dir='ltr'><strong>ipsius</strong></span> <span class='ocrx_word' id='word_1_637' title='bbox 2090 3510 2348 3584; x_wconf 79' lang='lat' dir='ltr'><strong>eﬂlngens</strong></span> <span class='ocrx_word' id='word_1_638' title='bbox 2403 3514 2758 3583; x_wconf 82' lang='lat' dir='ltr'><strong>apostolicam</strong></span> <span class='ocrx_word' id='word_1_639' title='bbox 2821 3515 3082 3584; x_wconf 78' lang='lat' dir='ltr'><strong>gratiam,</strong></span> <span class='ocrx_word' id='word_1_640' title='bbox 3140 3515 3437 3569; x_wconf 81' lang='lat' dir='ltr'><strong>miraculo-</strong></span> 
     </span>
    </p>
   </div>
   <div class='ocr_carea' id='block_1_95' title="bbox 1852 3604 3430 3675">
    <p class='ocr_par' dir='ltr' id='par_1_95' title="bbox 1852 3604 3430 3675">
     <span class='ocr_line' id='line_1_95' title="bbox 1852 3604 3430 3675; baseline 0.002 -19"><span class='ocrx_word' id='word_1_641' title='bbox 1852 3617 2085 3672; x_wconf 89' lang='lat' dir='ltr'><strong>rumque</strong></span> <span class='ocrx_word' id='word_1_642' title='bbox 2195 3611 2523 3674; x_wconf 87' lang='lat' dir='ltr'><strong>potestatem</strong></span> <span class='ocrx_word' id='word_1_643' title='bbox 2586 3605 2966 3675; x_wconf 85' lang='lat' dir='ltr'><strong>propheticum</strong></span> <span class='ocrx_word' id='word_1_644' title='bbox 3047 3604 3430 3675; x_wconf 86' lang='lat' dir='ltr'><strong>splendorem,</strong></span> 
     </span>
    </p>
   </div>
   <div class='ocr_carea' id='block_1_96' title="bbox 1852 3694 3434 3768">
    <p class='ocr_par' dir='ltr' id='par_1_96' title="bbox 1852 3694 3434 3768">
     <span class='ocr_line' id='line_1_96' title="bbox 1852 3694 3434 3768; baseline 0.001 -18"><span class='ocrx_word' id='word_1_645' title='bbox 1852 3700 1906 3750; x_wconf 86' lang='lat' dir='ltr'><strong>et</strong></span> <span class='ocrx_word' id='word_1_646' title='bbox 1955 3694 2226 3750; x_wconf 88' lang='lat' dir='ltr'><strong>abditiora</strong></span> <span class='ocrx_word' id='word_1_647' title='bbox 2282 3695 2564 3767; x_wconf 73' lang='lat' dir='ltr'><strong>theologia:</strong></span> <span class='ocrx_word' id='word_1_648' title='bbox 2622 3697 2877 3768; x_wconf 81' lang='lat' dir='ltr'><strong>mysteria</strong></span> <span class='ocrx_word' id='word_1_649' title='bbox 2923 3697 3143 3767; x_wconf 69' lang='lat' dir='ltr'><strong>«lignea</strong></span> <span class='ocrx_word' id='word_1_650' title='bbox 3202 3696 3434 3752; x_wconf 88' lang='lat' dir='ltr'><strong>Domino</strong></span> 
     </span>
    </p>
   </div>
   <div class='ocr_carea' id='block_1_97' title="bbox 1852 3785 2059 3839">
    <p class='ocr_par' dir='ltr' id='par_1_97' title="bbox 1852 3785 2059 3839">
     <span class='ocr_line' id='line_1_97' title="bbox 1852 3785 2059 3839; baseline 0.005 -1"><span class='ocrx_word' id='word_1_651' title='bbox 1852 3785 2059 3839; x_wconf 89' lang='lat' dir='ltr'><strong>retulit.</strong></span> 
     </span>
    </p>
   </div>
   <div class='ocr_carea' id='block_1_98' title="bbox 1926 3875 3435 3951">
    <p class='ocr_par' dir='ltr' id='par_1_98' title="bbox 1926 3875 3435 3951">
     <span class='ocr_line' id='line_1_98' title="bbox 1926 3875 3435 3951; baseline 0.001 -21"><span class='ocrx_word' id='word_1_652' title='bbox 1926 3875 2259 3948; x_wconf 88' lang='lat' dir='ltr'><strong>Sapientiam</strong></span> <span class='ocrx_word' id='word_1_653' title='bbox 2295 3877 2464 3951; x_wconf 75' lang='lat' dir='ltr'><strong>enim,</strong></span> <span class='ocrx_word' id='word_1_654' title='bbox 2490 3892 2611 3949; x_wconf 83' lang='lat' dir='ltr'><strong>quae</strong></span> <span class='ocrx_word' id='word_1_655' title='bbox 2641 3877 2709 3931; x_wconf 89' lang='lat' dir='ltr'><strong>ab</strong></span> <span class='ocrx_word' id='word_1_656' title='bbox 2745 3878 2838 3932; x_wconf 90' lang='lat' dir='ltr'><strong>illo</strong></span> <span class='ocrx_word' id='word_1_657' title='bbox 2865 3893 2931 3933; x_wconf 78' lang='lat' dir='ltr'><strong>ex</strong></span> <span class='ocrx_word' id='word_1_658' title='bbox 2957 3875 3270 3932; x_wconf 74' lang='lat' dir='ltr'><strong>Graecorum</strong></span> <span class='ocrx_word' id='word_1_659' title='bbox 3303 3893 3435 3933; x_wconf 77' lang='lat' dir='ltr'><strong>eru-</strong></span> 
     </span>
    </p>
   </div>
   <div class='ocr_carea' id='block_1_99' title="bbox 1853 3967 3432 4039">
    <p class='ocr_par' dir='ltr' id='par_1_99' title="bbox 1853 3967 3432 4039">
     <span class='ocr_line' id='line_1_99' title="bbox 1853 3967 3432 4039; baseline 0.001 -18"><span class='ocrx_word' id='word_1_660' title='bbox 1853 3967 2058 4022; x_wconf 85' lang='lat' dir='ltr'><strong>ditione</strong></span> <span class='ocrx_word' id='word_1_661' title='bbox 2104 3967 2335 4023; x_wconf 89' lang='lat' dir='ltr'><strong>collecta</strong></span> <span class='ocrx_word' id='word_1_662' title='bbox 2385 3976 2502 4034; x_wconf 92' lang='lat' dir='ltr'><strong>est,</strong></span> <span class='ocrx_word' id='word_1_663' title='bbox 2538 3969 2843 4039; x_wconf 71' lang='lat' dir='ltr'><strong>disciplina:</strong></span> <span class='ocrx_word' id='word_1_664' title='bbox 2888 3969 3130 4024; x_wconf 76' lang='lat' dir='ltr'><strong>cmlestis</strong></span> <span class='ocrx_word' id='word_1_665' title='bbox 3176 3970 3432 4023; x_wconf 89' lang='lat' dir='ltr'><strong>ancillam</strong></span> 
     </span>
    </p>
   </div>
   <div class='ocr_carea' id='block_1_100' title="bbox 1853 4059 3434 4131">
    <p class='ocr_par' dir='ltr' id='par_1_100' title="bbox 1853 4059 3434 4131">
     <span class='ocr_line' id='line_1_100' title="bbox 1853 4059 3434 4131; baseline 0.001 -16"><span class='ocrx_word' id='word_1_666' title='bbox 1853 4059 2159 4125; x_wconf 89' lang='lat' dir='ltr'><strong>constituit,</strong></span> <span class='ocrx_word' id='word_1_667' title='bbox 2196 4068 2250 4115; x_wconf 91' lang='lat' dir='ltr'><strong>et</strong></span> <span class='ocrx_word' id='word_1_668' title='bbox 2288 4068 2357 4115; x_wconf 81' lang='lat' dir='ltr'><strong>&#39;ut</strong></span> <span class='ocrx_word' id='word_1_669' title='bbox 2404 4062 2646 4131; x_wconf 88' lang='lat' dir='ltr'><strong>prudens</strong></span> <span class='ocrx_word' id='word_1_670' title='bbox 2690 4062 2808 4131; x_wconf 87' lang='lat' dir='ltr'><strong>apis</strong></span> <span class='ocrx_word' id='word_1_671' title='bbox 2843 4060 3084 4131; x_wconf 78' lang='lat' dir='ltr'><strong>profanae</strong></span> <span class='ocrx_word' id='word_1_672' title='bbox 3125 4060 3434 4130; x_wconf 68' lang='lat' dir='ltr'><strong>disciplina:</strong></span> 
     </span>
    </p>
   </div>
   <div class='ocr_carea' id='block_1_101' title="bbox 1852 4153 3429 4225">
    <p class='ocr_par' dir='ltr' id='par_1_101' title="bbox 1852 4153 3429 4225">
     <span class='ocr_line' id='line_1_101' title="bbox 1852 4153 3429 4225; baseline -0.001 -17"><span class='ocrx_word' id='word_1_673' title='bbox 1852 4161 2173 4209; x_wconf 86' lang='lat' dir='ltr'><strong>ornamenta</strong></span> <span class='ocrx_word' id='word_1_674' title='bbox 2208 4153 2405 4219; x_wconf 65' lang='lat' dir='ltr'><strong>divinae</strong></span> <span class='ocrx_word' id='word_1_675' title='bbox 2436 4163 2489 4211; x_wconf 90' lang='lat' dir='ltr'><strong>et</strong></span> <span class='ocrx_word' id='word_1_676' title='bbox 2518 4155 2727 4210; x_wconf 74' lang='lat' dir='ltr'><strong>cmlesti</strong></span> <span class='ocrx_word' id='word_1_677' title='bbox 2752 4155 3036 4225; x_wconf 71' lang='lat' dir='ltr'><strong>theologia:</strong></span> <span class='ocrx_word' id='word_1_678' title='bbox 3064 4154 3429 4219; x_wconf 84' lang='lat' dir='ltr'><strong>consecravit,</strong></span> 
     </span>
    </p>
   </div>
   <div class='ocr_carea' id='block_1_102' title="bbox 1854 4241 3436 4315">
    <p class='ocr_par' dir='ltr' id='par_1_102' title="bbox 1854 4241 3436 4315">
     <span class='ocr_line' id='line_1_102' title="bbox 1854 4241 3436 4315; baseline -0.001 -16"><span class='ocrx_word' id='word_1_679' title='bbox 1854 4260 1918 4300; x_wconf 90' lang='lat' dir='ltr'><strong>ac</strong></span> <span class='ocrx_word' id='word_1_680' title='bbox 1942 4260 1971 4299; x_wconf 90' lang='lat' dir='ltr'><strong>a</strong></span> <span class='ocrx_word' id='word_1_681' title='bbox 2000 4259 2257 4315; x_wconf 84' lang='lat' dir='ltr'><strong>supremo</strong></span> <span class='ocrx_word' id='word_1_682' title='bbox 2288 4244 2487 4301; x_wconf 66' lang='lat' dir='ltr'><strong>divina:</strong></span> <span class='ocrx_word' id='word_1_683' title='bbox 2523 4245 2664 4299; x_wconf 77' lang='lat' dir='ltr'><strong>lwcis</strong></span> <span class='ocrx_word' id='word_1_684' title='bbox 2697 4242 2845 4299; x_wconf 86' lang='lat' dir='ltr'><strong>fonte</strong></span> <span class='ocrx_word' id='word_1_685' title='bbox 2886 4241 3091 4315; x_wconf 89' lang='lat' dir='ltr'><strong>Spiritu</strong></span> <span class='ocrx_word' id='word_1_686' title='bbox 3126 4243 3317 4313; x_wconf 90' lang='lat' dir='ltr'><strong>plenus</strong></span> <span class='ocrx_word' id='word_1_687' title='bbox 3349 4244 3436 4297; x_wconf 82' lang='lat' dir='ltr'><strong>io-</strong></span> 
     </span>
    </p>
   </div>
   <div class='ocr_carea' id='block_1_103' title="bbox 1853 4334 3435 4404">
    <p class='ocr_par' dir='ltr' id='par_1_103' title="bbox 1853 4334 3435 4404">
     <span class='ocr_line' id='line_1_103' title="bbox 1853 4334 3435 4404; baseline -0.003 -10"><span class='ocrx_word' id='word_1_688' title='bbox 1853 4344 2014 4394; x_wconf 90' lang='lat' dir='ltr'><strong>cutus</strong></span> <span class='ocrx_word' id='word_1_689' title='bbox 2056 4345 2163 4402; x_wconf 88' lang='lat' dir='ltr'><strong>est,</strong></span> <span class='ocrx_word' id='word_1_690' title='bbox 2200 4345 2255 4392; x_wconf 92' lang='lat' dir='ltr'><strong>et</strong></span> <span class='ocrx_word' id='word_1_691' title='bbox 2313 4337 2382 4393; x_wconf 90' lang='lat' dir='ltr'><strong>de</strong></span> <span class='ocrx_word' id='word_1_692' title='bbox 2446 4336 2612 4392; x_wconf 88' lang='lat' dir='ltr'><strong>rebus</strong></span> <span class='ocrx_word' id='word_1_693' title='bbox 2670 4335 2870 4391; x_wconf 90' lang='lat' dir='ltr'><strong>divinis</strong></span> <span class='ocrx_word' id='word_1_694' title='bbox 2929 4334 3211 4400; x_wconf 85' lang='lat' dir='ltr'><strong>disseruit,</strong></span> <span class='ocrx_word' id='word_1_695' title='bbox 3259 4349 3435 4404; x_wconf 85' lang='lat' dir='ltr'><strong>eaque</strong></span> 
     </span>
    </p>
   </div>
   <div class='ocr_carea' id='block_1_104' title="bbox 1853 4425 3434 4501">
    <p class='ocr_par' dir='ltr' id='par_1_104' title="bbox 1853 4425 3434 4501">
     <span class='ocr_line' id='line_1_104' title="bbox 1853 4425 3434 4501; baseline -0.003 -18"><span class='ocrx_word' id='word_1_696' title='bbox 1853 4429 2199 4501; x_wconf 81' lang='lat' dir='ltr'><strong>composuit,</strong></span> <span class='ocrx_word' id='word_1_697' title='bbox 2239 4444 2360 4501; x_wconf 67' lang='lat' dir='ltr'><strong>qua:</strong></span> <span class='ocrx_word' id='word_1_698' title='bbox 2411 4443 2628 4482; x_wconf 88' lang='lat' dir='ltr'><strong>omnem</strong></span> <span class='ocrx_word' id='word_1_699' title='bbox 2688 4437 2924 4481; x_wconf 85' lang='lat' dir='ltr'><strong>mentem</strong></span> <span class='ocrx_word' id='word_1_700' title='bbox 2987 4427 3043 4481; x_wconf 90' lang='lat' dir='ltr'><strong>in</strong></span> <span class='ocrx_word' id='word_1_701' title='bbox 3114 4425 3434 4480; x_wconf 79' lang='lat' dir='ltr'><strong>admiratio-</strong></span> 
     </span>
    </p>
   </div>
   <div class='ocr_carea' id='block_1_105' title="bbox 1852 4520 3433 4594">
    <p class='ocr_par' dir='ltr' id='par_1_105' title="bbox 1852 4520 3433 4594">
     <span class='ocr_line' id='line_1_105' title="bbox 1852 4520 3433 4594; baseline -0.001 -18"><span class='ocrx_word' id='word_1_702' title='bbox 1852 4538 1974 4578; x_wconf 87' lang='lat' dir='ltr'><strong>nem</strong></span> <span class='ocrx_word' id='word_1_703' title='bbox 2028 4523 2432 4594; x_wconf 86' lang='lat' dir='ltr'><strong>pertraherent.</strong></span> <span class='ocrx_word' id='word_1_704' title='bbox 2468 4520 2514 4576; x_wconf 84' lang='lat' dir='ltr'><strong>A</strong></span> <span class='ocrx_word' id='word_1_705' title='bbox 2566 4520 3009 4577; x_wconf 85' lang='lat' dir='ltr'><strong>consideratione</strong></span> <span class='ocrx_word' id='word_1_706' title='bbox 3055 4520 3199 4575; x_wconf 89' lang='lat' dir='ltr'><strong>enim</strong></span> <span class='ocrx_word' id='word_1_707' title='bbox 3241 4535 3433 4575; x_wconf 85' lang='lat' dir='ltr'><strong>eorum</strong></span> 
     </span>
    </p>
   </div>
   <div class='ocr_carea' id='block_1_106' title="bbox 1851 4613 3435 4686">
    <p class='ocr_par' dir='ltr' id='par_1_106' title="bbox 1851 4613 3435 4686">
     <span class='ocr_line' id='line_1_106' title="bbox 1851 4613 3435 4686; baseline -0.001 -17"><span class='ocrx_word' id='word_1_708' title='bbox 1851 4630 1971 4686; x_wconf 66' lang='lat' dir='ltr'><strong>qua:</strong></span> <span class='ocrx_word' id='word_1_709' title='bbox 2016 4615 2291 4680; x_wconf 88' lang='lat' dir='ltr'><strong>videntur,</strong></span> <span class='ocrx_word' id='word_1_710' title='bbox 2324 4613 2393 4669; x_wconf 90' lang='lat' dir='ltr'><strong>ad</strong></span> <span class='ocrx_word' id='word_1_711' title='bbox 2433 4628 2623 4671; x_wconf 90' lang='lat' dir='ltr'><strong>eorum</strong></span> <span class='ocrx_word' id='word_1_712' title='bbox 2659 4631 2781 4686; x_wconf 70' lang='lat' dir='ltr'><strong>qua:</strong></span> <span class='ocrx_word' id='word_1_713' title='bbox 2835 4629 2944 4667; x_wconf 87' lang='lat' dir='ltr'><strong>non</strong></span> <span class='ocrx_word' id='word_1_714' title='bbox 2996 4613 3250 4670; x_wconf 84' lang='lat' dir='ltr'><strong>videntur</strong></span> <span class='ocrx_word' id='word_1_715' title='bbox 3298 4629 3435 4668; x_wconf 76' lang='lat' dir='ltr'><strong>con--</strong></span> 
     </span>
    </p>
   </div>
   <div class='ocr_carea' id='block_1_107' title="bbox 1852 4706 3436 4781">
    <p class='ocr_par' dir='ltr' id='par_1_107' title="bbox 1852 4706 3436 4781">
     <span class='ocr_line' id='line_1_107' title="bbox 1852 4706 3436 4781; baseline 0.001 -20"><span class='ocrx_word' id='word_1_716' title='bbox 1852 4708 2259 4781; x_wconf 88' lang='lat' dir='ltr'><strong>templationem</strong></span> <span class='ocrx_word' id='word_1_717' title='bbox 2306 4708 2727 4763; x_wconf 87' lang='lat' dir='ltr'><strong>ratiocinatione</strong></span> <span class='ocrx_word' id='word_1_718' title='bbox 2782 4723 3003 4763; x_wconf 86' lang='lat' dir='ltr'><strong>sursum</strong></span> <span class='ocrx_word' id='word_1_719' title='bbox 3036 4706 3248 4771; x_wconf 88' lang='lat' dir='ltr'><strong>volans,</strong></span> <span class='ocrx_word' id='word_1_720' title='bbox 3294 4713 3436 4762; x_wconf 90' lang='lat' dir='ltr'><strong>tres-</strong></span> 
     </span>
    </p>
   </div>
   <div class='ocr_carea' id='block_1_108' title="bbox 1851 4798 3433 4873">
    <p class='ocr_par' dir='ltr' id='par_1_108' title="bbox 1851 4798 3433 4873">
     <span class='ocr_line' id='line_1_108' title="bbox 1851 4798 3433 4873; baseline 0 -20"><span class='ocrx_word' id='word_1_721' title='bbox 1851 4814 1958 4873; x_wconf 89' lang='lat' dir='ltr'><strong>que</strong></span> <span class='ocrx_word' id='word_1_722' title='bbox 2016 4799 2450 4853; x_wconf 88' lang='lat' dir='ltr'><strong>clarissimorum</strong></span> <span class='ocrx_word' id='word_1_723' title='bbox 2525 4798 2831 4853; x_wconf 72' lang='lat' dir='ltr'><strong>ctelestium</strong></span> <span class='ocrx_word' id='word_1_724' title='bbox 2901 4798 3159 4853; x_wconf 86' lang='lat' dir='ltr'><strong>ordinum</strong></span> <span class='ocrx_word' id='word_1_725' title='bbox 3226 4807 3433 4861; x_wconf 70' lang='lat' dir='ltr'><strong>coetus,</strong></span> 
     </span>
    </p>
   </div>
   <div class='ocr_carea' id='block_1_109' title="bbox 1852 4886 3437 4959">
    <p class='ocr_par' dir='ltr' id='par_1_109' title="bbox 1852 4886 3437 4959">
     <span class='ocr_line' id='line_1_109' title="bbox 1852 4886 3437 4959; baseline -0.003 -15"><span class='ocrx_word' id='word_1_726' title='bbox 1852 4906 1916 4944; x_wconf 91' lang='lat' dir='ltr'><strong>ac</strong></span> <span class='ocrx_word' id='word_1_727' title='bbox 1970 4896 2086 4944; x_wconf 88' lang='lat' dir='ltr'><strong>tres</strong></span> <span class='ocrx_word' id='word_1_728' title='bbox 2148 4890 2531 4944; x_wconf 89' lang='lat' dir='ltr'><strong>sanctissimos</strong></span> <span class='ocrx_word' id='word_1_729' title='bbox 2565 4888 2842 4958; x_wconf 84' lang='lat' dir='ltr'><strong>angelicos</strong></span> <span class='ocrx_word' id='word_1_730' title='bbox 2890 4895 3184 4959; x_wconf 90' lang='lat' dir='ltr'><strong>apparatus</strong></span> <span class='ocrx_word' id='word_1_731' title='bbox 3236 4887 3289 4940; x_wconf 91' lang='lat' dir='ltr'><strong>in</strong></span> <span class='ocrx_word' id='word_1_732' title='bbox 3327 4886 3437 4941; x_wconf 81' lang='lat' dir='ltr'><strong>sin-</strong></span> 
     </span>
    </p>
   </div>
   <div class='ocr_carea' id='block_1_110' title="bbox 1853 4976 3433 5051">
    <p class='ocr_par' dir='ltr' id='par_1_110' title="bbox 1853 4976 3433 5051">
     <span class='ocr_line' id='line_1_110' title="bbox 1853 4976 3433 5051; baseline 0 -18"><span class='ocrx_word' id='word_1_733' title='bbox 1853 4981 1996 5051; x_wconf 83' lang='lat' dir='ltr'><strong>gulis</strong></span> <span class='ocrx_word' id='word_1_734' title='bbox 2038 4981 2373 5051; x_wconf 89' lang='lat' dir='ltr'><strong>speculatus,</strong></span> <span class='ocrx_word' id='word_1_735' title='bbox 2405 4995 2514 5033; x_wconf 91' lang='lat' dir='ltr'><strong>non</strong></span> <span class='ocrx_word' id='word_1_736' title='bbox 2550 4980 2709 5033; x_wconf 89' lang='lat' dir='ltr'><strong>aliter</strong></span> <span class='ocrx_word' id='word_1_737' title='bbox 2750 4994 2814 5034; x_wconf 89' lang='lat' dir='ltr'><strong>ac</strong></span> <span class='ocrx_word' id='word_1_738' title='bbox 2857 4979 2903 5033; x_wconf 91' lang='lat' dir='ltr'><strong>si</strong></span> <span class='ocrx_word' id='word_1_739' title='bbox 2938 4977 3156 5032; x_wconf 89' lang='lat' dir='ltr'><strong>divinus</strong></span> <span class='ocrx_word' id='word_1_740' title='bbox 3213 4976 3433 5046; x_wconf 88' lang='lat' dir='ltr'><strong>quidam</strong></span> 
     </span>
    </p>
   </div>
   <div class='ocr_carea' id='block_1_111' title="bbox 1854 5066 3437 5139">
    <p class='ocr_par' dir='ltr' id='par_1_111' title="bbox 1854 5066 3437 5139">
     <span class='ocr_line' id='line_1_111' title="bbox 1854 5066 3437 5139; baseline -0.003 -16"><span class='ocrx_word' id='word_1_741' title='bbox 1854 5078 2018 5139; x_wconf 89' lang='lat' dir='ltr'><strong>atque</strong></span> <span class='ocrx_word' id='word_1_742' title='bbox 2053 5070 2296 5126; x_wconf 61' lang='lat' dir='ltr'><strong>caelestis</strong></span> <span class='ocrx_word' id='word_1_743' title='bbox 2330 5078 2477 5123; x_wconf 84' lang='lat' dir='ltr'><strong>esset</strong></span> <span class='ocrx_word' id='word_1_744' title='bbox 2511 5069 2760 5139; x_wconf 87' lang='lat' dir='ltr'><strong>angelus,</strong></span> <span class='ocrx_word' id='word_1_745' title='bbox 2796 5079 2849 5123; x_wconf 89' lang='lat' dir='ltr'><strong>et</strong></span> <span class='ocrx_word' id='word_1_746' title='bbox 2874 5069 2931 5122; x_wconf 88' lang='lat' dir='ltr'><strong>in</strong></span> <span class='ocrx_word' id='word_1_747' title='bbox 2965 5084 3153 5124; x_wconf 89' lang='lat' dir='ltr'><strong>eorum</strong></span> <span class='ocrx_word' id='word_1_748' title='bbox 3187 5066 3281 5137; x_wconf 90' lang='lat' dir='ltr'><strong>qui</strong></span> <span class='ocrx_word' id='word_1_749' title='bbox 3311 5081 3437 5121; x_wconf 91' lang='lat' dir='ltr'><strong>cor-</strong></span> 
     </span>
    </p>
   </div>
   <div class='ocr_carea' id='block_1_112' title="bbox 1854 5158 3437 5235">
    <p class='ocr_par' dir='ltr' id='par_1_112' title="bbox 1854 5158 3437 5235">
     <span class='ocr_line' id='line_1_112' title="bbox 1854 5158 3437 5235; baseline -0.003 -20"><span class='ocrx_word' id='word_1_750' title='bbox 1854 5177 1986 5231; x_wconf 86' lang='lat' dir='ltr'><strong>pore</strong></span> <span class='ocrx_word' id='word_1_751' title='bbox 2036 5169 2246 5224; x_wconf 89' lang='lat' dir='ltr'><strong>carent,</strong></span> <span class='ocrx_word' id='word_1_752' title='bbox 2284 5161 2519 5217; x_wconf 88' lang='lat' dir='ltr'><strong>classem</strong></span> <span class='ocrx_word' id='word_1_753' title='bbox 2560 5169 2870 5235; x_wconf 83' lang='lat' dir='ltr'><strong>c00ptatus,</strong></span> <span class='ocrx_word' id='word_1_754' title='bbox 2902 5162 3260 5229; x_wconf 90' lang='lat' dir='ltr'><strong>ordinemque</strong></span> <span class='ocrx_word' id='word_1_755' title='bbox 3292 5158 3437 5213; x_wconf 90' lang='lat' dir='ltr'><strong>inter</strong></span> 
     </span>
    </p>
   </div>
   <div class='ocr_carea' id='block_1_113' title="bbox 1855 5250 3435 5325">
    <p class='ocr_par' dir='ltr' id='par_1_113' title="bbox 1855 5250 3435 5325">
     <span class='ocr_line' id='line_1_113' title="bbox 1855 5250 3435 5325; baseline -0.004 -16"><span class='ocrx_word' id='word_1_756' title='bbox 1855 5254 2005 5325; x_wconf 90' lang='lat' dir='ltr'><strong>ipsos</strong></span> <span class='ocrx_word' id='word_1_757' title='bbox 2047 5262 2101 5309; x_wconf 92' lang='lat' dir='ltr'><strong>et</strong></span> <span class='ocrx_word' id='word_1_758' title='bbox 2143 5268 2357 5308; x_wconf 86' lang='lat' dir='ltr'><strong>sacram</strong></span> <span class='ocrx_word' id='word_1_759' title='bbox 2402 5251 2785 5324; x_wconf 66' lang='lat' dir='ltr'><strong>prmfecturam</strong></span> <span class='ocrx_word' id='word_1_760' title='bbox 2816 5254 3041 5308; x_wconf 89' lang='lat' dir='ltr'><strong>sortitus</strong></span> <span class='ocrx_word' id='word_1_761' title='bbox 3088 5250 3435 5320; x_wconf 86' lang='lat' dir='ltr'><strong>splendorem</strong></span> 
     </span>
    </p>
   </div>
   <div class='ocr_carea' id='block_1_114' title="bbox 1856 5342 3437 5414">
    <p class='ocr_par' dir='ltr' id='par_1_114' title="bbox 1856 5342 3437 5414">
     <span class='ocr_line' id='line_1_114' title="bbox 1856 5342 3437 5414; baseline -0.001 -13"><span class='ocrx_word' id='word_1_762' title='bbox 1856 5348 2023 5401; x_wconf 90' lang='lat' dir='ltr'><strong>animi</strong></span> <span class='ocrx_word' id='word_1_763' title='bbox 2059 5346 2126 5402; x_wconf 91' lang='lat' dir='ltr'><strong>ad</strong></span> <span class='ocrx_word' id='word_1_764' title='bbox 2162 5346 2346 5403; x_wconf 89' lang='lat' dir='ltr'><strong>sedem</strong></span> <span class='ocrx_word' id='word_1_765' title='bbox 2392 5347 2794 5414; x_wconf 75' lang='lat' dir='ltr'><strong>cmlestissinne</strong></span> <span class='ocrx_word' id='word_1_766' title='bbox 2828 5344 3132 5399; x_wconf 88' lang='lat' dir='ltr'><strong>divinitatis</strong></span> <span class='ocrx_word' id='word_1_767' title='bbox 3178 5342 3437 5413; x_wconf 88' lang='lat' dir='ltr'><strong>religiose</strong></span> 
     </span>
    </p>
   </div>
   <div class='ocr_carea' id='block_1_115' title="bbox 1856 5436 3436 5510">
    <p class='ocr_par' dir='ltr' id='par_1_115' title="bbox 1856 5436 3436 5510">
     <span class='ocr_line' id='line_1_115' title="bbox 1856 5436 3436 5510; baseline -0.004 -16"><span class='ocrx_word' id='word_1_768' title='bbox 1856 5441 2076 5505; x_wconf 90' lang='lat' dir='ltr'><strong>attollit,</strong></span> <span class='ocrx_word' id='word_1_769' title='bbox 2106 5438 2378 5510; x_wconf 88' lang='lat' dir='ltr'><strong>labiisque</strong></span> <span class='ocrx_word' id='word_1_770' title='bbox 2411 5439 2597 5493; x_wconf 89' lang='lat' dir='ltr'><strong>divino</strong></span> <span class='ocrx_word' id='word_1_771' title='bbox 2626 5447 2680 5494; x_wconf 85' lang='lat' dir='ltr'><strong>et</strong></span> <span class='ocrx_word' id='word_1_772' title='bbox 2710 5438 3004 5510; x_wconf 87' lang='lat' dir='ltr'><strong>purissimo</strong></span> <span class='ocrx_word' id='word_1_773' title='bbox 3038 5436 3276 5489; x_wconf 87' lang='lat' dir='ltr'><strong>carbone</strong></span> <span class='ocrx_word' id='word_1_774' title='bbox 3303 5451 3436 5505; x_wconf 91' lang='lat' dir='ltr'><strong>pur-</strong></span> 
     </span>
    </p>
   </div>
   <div class='ocr_carea' id='block_1_116' title="bbox 1856 5527 3435 5602">
    <p class='ocr_par' dir='ltr' id='par_1_116' title="bbox 1856 5527 3435 5602">
     <span class='ocr_line' id='line_1_116' title="bbox 1856 5527 3435 5602; baseline 0 -19"><span class='ocrx_word' id='word_1_775' title='bbox 1856 5533 2017 5602; x_wconf 78' lang='lat' dir='ltr'><strong>gatis.</strong></span> <span class='ocrx_word' id='word_1_776' title='bbox 2054 5547 2220 5586; x_wconf 90' lang='lat' dir='ltr'><strong>unam</strong></span> <span class='ocrx_word' id='word_1_777' title='bbox 2256 5531 2592 5588; x_wconf 90' lang='lat' dir='ltr'><strong>individuam</strong></span> <span class='ocrx_word' id='word_1_778' title='bbox 2629 5532 2685 5585; x_wconf 87' lang='lat' dir='ltr'><strong>in</strong></span> <span class='ocrx_word' id='word_1_779' title='bbox 2720 5530 3010 5591; x_wconf 89' lang='lat' dir='ltr'><strong>Trinitate,</strong></span> <span class='ocrx_word' id='word_1_780' title='bbox 3045 5537 3099 5581; x_wconf 88' lang='lat' dir='ltr'><strong>et</strong></span> <span class='ocrx_word' id='word_1_781' title='bbox 3133 5527 3435 5583; x_wconf 89' lang='lat' dir='ltr'><strong>increatam</strong></span> 
     </span>
    </p>
   </div>
   <div class='ocr_carea' id='block_1_117' title="bbox 1857 5618 3436 5688">
    <p class='ocr_par' dir='ltr' id='par_1_117' title="bbox 1857 5618 3436 5688">
     <span class='ocr_line' id='line_1_117' title="bbox 1857 5618 3436 5688; baseline -0.003 -11"><span class='ocrx_word' id='word_1_782' title='bbox 1857 5624 2216 5687; x_wconf 86' lang='lat' dir='ltr'><strong>divinitatem,</strong></span> <span class='ocrx_word' id='word_1_783' title='bbox 2245 5638 2410 5677; x_wconf 90' lang='lat' dir='ltr'><strong>unam</strong></span> <span class='ocrx_word' id='word_1_784' title='bbox 2432 5623 2883 5683; x_wconf 84' lang='lat' dir='ltr'><strong>dominationem,</strong></span> <span class='ocrx_word' id='word_1_785' title='bbox 2912 5634 3035 5688; x_wconf 85' lang='lat' dir='ltr'><strong>quae</strong></span> <span class='ocrx_word' id='word_1_786' title='bbox 3065 5618 3251 5672; x_wconf 86' lang='lat' dir='ltr'><strong>omnia</strong></span> <span class='ocrx_word' id='word_1_787' title='bbox 3282 5634 3436 5673; x_wconf 86' lang='lat' dir='ltr'><strong>crea-</strong></span> 
     </span>
    </p>
   </div>
   <div class='ocr_carea' id='block_1_118' title="bbox 1857 5709 3435 5784">
    <p class='ocr_par' dir='ltr' id='par_1_118' title="bbox 1857 5709 3435 5784">
     <span class='ocr_line' id='line_1_118' title="bbox 1857 5709 3435 5784; baseline -0.003 -15"><span class='ocrx_word' id='word_1_788' title='bbox 1857 5715 1954 5778; x_wconf 89' lang='lat' dir='ltr'><strong>vit,</strong></span> <span class='ocrx_word' id='word_1_789' title='bbox 1982 5713 2253 5784; x_wconf 70' lang='lat' dir='ltr'><strong>praevidit,</strong></span> <span class='ocrx_word' id='word_1_790' title='bbox 2285 5722 2337 5769; x_wconf 90' lang='lat' dir='ltr'><strong>et</strong></span> <span class='ocrx_word' id='word_1_791' title='bbox 2370 5714 2636 5776; x_wconf 91' lang='lat' dir='ltr'><strong>continet,</strong></span> <span class='ocrx_word' id='word_1_792' title='bbox 2662 5727 2824 5765; x_wconf 89' lang='lat' dir='ltr'><strong>unam</strong></span> <span class='ocrx_word' id='word_1_793' title='bbox 2850 5709 3237 5775; x_wconf 87' lang='lat' dir='ltr'><strong>substantiam,</strong></span> <span class='ocrx_word' id='word_1_794' title='bbox 3270 5725 3435 5765; x_wconf 89' lang='lat' dir='ltr'><strong>unam</strong></span> 
     </span>
    </p>
   </div>
   <div class='ocr_carea' id='block_1_119' title="bbox 1857 5798 3434 5876">
    <p class='ocr_par' dir='ltr' id='par_1_119' title="bbox 1857 5798 3434 5876">
     <span class='ocr_line' id='line_1_119' title="bbox 1857 5798 3434 5876; baseline -0.003 -18"><span class='ocrx_word' id='word_1_795' title='bbox 1857 5811 2205 5876; x_wconf 88' lang='lat' dir='ltr'><strong>potestatem,</strong></span> <span class='ocrx_word' id='word_1_796' title='bbox 2240 5812 2293 5858; x_wconf 89' lang='lat' dir='ltr'><strong>et</strong></span> <span class='ocrx_word' id='word_1_797' title='bbox 2322 5817 2571 5874; x_wconf 84' lang='lat' dir='ltr'><strong>regnum.</strong></span> <span class='ocrx_word' id='word_1_798' title='bbox 2604 5808 2659 5856; x_wconf 89' lang='lat' dir='ltr'><strong>et</strong></span> <span class='ocrx_word' id='word_1_799' title='bbox 2692 5798 3015 5871; x_wconf 87' lang='lat' dir='ltr'><strong>potentiam,</strong></span> <span class='ocrx_word' id='word_1_800' title='bbox 3044 5813 3208 5852; x_wconf 91' lang='lat' dir='ltr'><strong>unam</strong></span> <span class='ocrx_word' id='word_1_801' title='bbox 3242 5799 3434 5854; x_wconf 83' lang='lat' dir='ltr'><strong>volun-</strong></span> 
     </span>
    </p>
   </div>
   <div class='ocr_carea' id='block_1_120' title="bbox 1858 5890 3436 5968">
    <p class='ocr_par' dir='ltr' id='par_1_120' title="bbox 1858 5890 3436 5968">
     <span class='ocr_line' id='line_1_120' title="bbox 1858 5890 3436 5968; baseline -0.005 -13"><span class='ocrx_word' id='word_1_802' title='bbox 1858 5906 2024 5955; x_wconf 84' lang='lat' dir='ltr'><strong>tatem</strong></span> <span class='ocrx_word' id='word_1_803' title='bbox 2058 5905 2113 5954; x_wconf 91' lang='lat' dir='ltr'><strong>et</strong></span> <span class='ocrx_word' id='word_1_804' title='bbox 2144 5896 2539 5968; x_wconf 72' lang='lat' dir='ltr'><strong>operationem,</strong></span> <span class='ocrx_word' id='word_1_805' title='bbox 2567 5901 2621 5949; x_wconf 90' lang='lat' dir='ltr'><strong>et</strong></span> <span class='ocrx_word' id='word_1_806' title='bbox 2646 5900 2759 5949; x_wconf 87' lang='lat' dir='ltr'><strong>tres</strong></span> <span class='ocrx_word' id='word_1_807' title='bbox 2790 5892 2844 5948; x_wconf 90' lang='lat' dir='ltr'><strong>in</strong></span> <span class='ocrx_word' id='word_1_808' title='bbox 2878 5893 3090 5950; x_wconf 81' lang='lat' dir='ltr'><strong>unitate</strong></span> <span class='ocrx_word' id='word_1_809' title='bbox 3111 5890 3436 5962; x_wconf 70' lang='lat' dir='ltr'><strong>hypostases</strong></span> 
     </span>
    </p>
   </div>
  </div>
