3886 6548
470 423 578 481 659

1660 406 1717 464 S.
1753 401 2053 461 DlONYSll
2085 391 2546 457 ΔΒΕΟΡΔϐΙΤιΕ

3624 375 3729 433 640

471 537 721 611 ejusdem
783 529 1121 596 substantiae,
1182 534 1506 591 comternas,
1556 537 1621 578 ac
1679 537 1870 578 omnes
1925 520 2044 576 sine

2159 511 2457 584 ipoouciouc;
2488 525 2548 562 τε
2581 506 2672 561 καὶ
2714 499 3011 562 συναῖδίους
3043 496 3136 552 καὶ
3182 494 3552 566 πνανάρχους
3599 493 3728 546 ὐπο-

2229 606 2239 611 Α
2458 601 2470 611 -
2545 600 2568 611 λ
2627 598 2652 611 ~
2754 596 2767 611 ι
2907 591 2947 611 Α
3005 589 3256 611 nu“-..
3310 583 3727 611 L..-____.v____

474 630 780 706 principio,
814 638 1044 683 numero
1092 619 1338 693 quidem,
1374 625 1429 672 et
1461 613 1889 688 proprietatibus
1936 611 2042 666 im-

474 699 830 780 iuutabilibus
873 727 927 774 et
973 713 1347 771 immobilibus
1388 710 1616 772 divisas,
1662 721 1787 760 cum
1841 699 2043 772 alioqui

472 815 582 869 sint
611 811 840 887 invicem
866 811 984 864 sine
1010 803 1335 861 confusione
1356 801 1541 864 unita},
1564 796 1899 867 singulaeque
1917 807 2042 847 cum

473 903 802 975 proprietate
835 916 935 956 sua
966 896 1409 958 considerentur,
1439 907 1551 947 non
1585 890 1726 949 loco.
1762 901 1873 941 non
1907 899 2043 939 con-

474 997 622 1062 ﬁnio,
652 1009 829 1064 neque
859 991 1104 1064 qualibet
1136 984 1651 1059 circumscriptione
1684 981 2047 1052 (incorporea:

470 1089 613 1145 enim
664 1093 795 1143 sunt
839 1099 944 1140 nec
996 1077 1382 1137 circumscribi
1427 1073 1683 1148 possunt)
1727 1074 2043 1143 separatas;

471 1189 660 1245 apage,
711 1172 807 1229 sed
853 1171 988 1228 solis
1040 1166 1403 1225 relationibus
1453 1163 1741 1219 distinctas
1784 1157 2046 1217 divinitus

468 1264 766 1335 eloquitur,
804 1270 1076 1333 quatenus
1112 1258 1382 1330 triplicem
1421 1255 1644 1310 illorum
1676 1247 2048 1307 enumeratioa

474 1373 596 1413 nem
614 1356 823 1426 absque
844 1353 1217 1422 inquiuatione
1239 1366 1304 1405 ac
1327 1347 1613 1404 collisione
1634 1343 1874 1415 cogitare
1897 1340 2044 1405 licet,

474 1464 585 1503 uno
626 1448 773 1502 cultu
816 1454 872 1502 et
917 1444 1236 1501 adoratione
1281 1448 1597 1498 veneratur.
1636 1434 1818 1491 Unum
1852 1431 2044 1495 Deum,

474 1553 643 1593 unum
690 1536 981 1595 Dominum
1030 1535 1137 1591 sibi
1187 1530 1473 1588 colendum
1520 1526 1795 1599 proponit,
1846 1522 1941 1593 qui
1990 1522 2048 1576 in

475 1630 653 1685 tribus
691 1628 1080 1701 hypostasibus
1104 1625 1264 1697 373
1298 1624 1560 1681 adoratur
1591 1626 1646 1675 et
1668 1618 1886 1678 colitur,
1916 1613 2048 1668 dum

476 1722 545 1776 ad
589 1738 755 1776 unum
790 1720 1120 1792 principium
1154 1727 1208 1774 et
1247 1731 1469 1773 causam
1517 1712 1687 1769 Filius
1719 1718 1773 1768 et
1808 1708 2048 1781 Spiritus

477 1821 701 1870 sanctus
734 1812 1065 1867 referuntur.
1094 1811 1159 1866 Et
1185 1819 1244 1864 ut
1273 1808 1445 1864 Filius
1474 1807 1692 1878 quidem
1714 1812 1840 1860 ante
1863 1801 2047 1858 omnia

2148 583 2401 666 στάσεις,
2446 598 2664 673 ἀριθμῷ
2710 596 2811 667 μὲν
2861 591 2954 647 καὶ
3004 589 3256 659 ἰδιότησιν
3304 583 3727 658 ἀμεταπτώτως

2144 696 2237 750 καὶ
2288 694 2564 765 ἀκινήτοις
2606 684 3011 761 διαιρουμένας,
3054 679 3345 751 ὲνουμένας
3396 677 3454 731 δὲ
3487 677 3725 747 θεότητι,

2144 788 2204 841 οὐ
2255 781 2732 852 συναλειφομένας,
2765 776 2878 831 ἀλλ’
2900 777 2958 829 ὲν
2992 772 3245 845 ἀλλήλαις
3276 770 3605 843 άσυγχύτως
3648 770 3729 823 οὖ-

2147 894 2266 942 σας,
2309 876 2547 945 ἑκάστην
2593 870 2730 944 μετὰ
2777 868 2876 939 τῆς
2925 866 3185 936 ἰδιότητος
3232 862 3637 936 θεωρουμένας,
3667 860 3726 914 ού

2144 970 2313 1040 τόπῳ,
2345 967 2404 1022 ού
2429 961 2788 1038 περιορισμῷ,
2810 959 2916 1014 οὐδ’
2933 956 3191 1029 ὁποιᾳοῦν
3230 955 3549 1025 περιγραφῇ
3574 950 3728 1023 (ἀσώ-

2149 1078 2311 1133 ματοι
2343 1058 2453 1131 γάρ
2485 1057 2578 1113 καὶ
2617 1050 3065 1126 ἀπερίγραπτοιο)
3092 1046 3474 1119 διισταμένας,
3506 1045 3725 1114 ἅπαγεί

2148 1150 2281 1207 ἀλλά
2318 1150 2505 1223 μόναις
2548 1149 2669 1210 ταῖς
2702 1144 2964 1207 ἐπινοίαις
3009 1137 3476 1210 διαστελλομένας,
3511 1136 3636 1190 ὅσον
3666 1151 3729 1204 γε

2148 1245 2431 1299 κατανοεῖν
2468 1239 2741 1310 ἐνδέχεται
2772 1234 2871 1306 τὴν
2897 1231 3178 1303 τριαδικὴν
3211 1230 3389 1285 αὐτῶν
3433 1228 3559 1300 δίχα
3601 1245 3732 1301 φυρ-

2152 1334 2254 1407 μοῦ
2296 1332 2390 1388 καὶ
2429 1327 2757 1398 συναλοιφῆς
2802 1324 3196 1397 ἀπαρίθμησιν,
3232 1323 3330 1394 μιᾷ
3376 1321 3608 1392 λατρεία
3642 1320 3730 1372 καὶ

2150 1425 2514 1498 προσκυνήσει
2541 1417 2940 1492 λατρευομένας
2974 1415 3068 1469 καὶ
3101 1413 3606 1487 προσκυνουμένας,
3636 1411 3730 1464 ἕνα

2148 1518 2303 1583 Θεὸν,
2349 1516 2449 1571 ἕνα
2498 1513 2701 1585 Κύριον
2748 1510 2927 1564 σέϐειν
2983 1506 3400 1577 ὑποτιθέμενος,
3449 1506 3509 1559 ὲν
3557 1502 3731 1575 τρισὶν

2150 1609 2477 1664 ὑποστάσεσι
2498 1604 2892 1678 λατρευόμενόν
2917 1620 2977 1655 τε
3006 1600 3100 1654 καὶ
3126 1595 3623 1670 προσκυνούμενον,
3655 1596 3732 1658 εἰς

2153 1700 2279 1773 μίαν
2310 1699 2482 1771 ἀρχὴν
2516 1697 2608 1751 καὶ
2641 1694 2822 1749 αἰτίαν
2852 1693 2947 1748 τοῦ
2982 1691 3113 1746 Υἰοῦ
3143 1689 3236 1745 καὶ
3280 1686 3376 1743 τοῦ
3411 1686 3730 1759 ΙΙνεύματος

2150 1790 2585 1863 ἀναφερομένων*
2623 1787 2715 1842 καί
2738 1786 2834 1841 τοῦ
2865 1786 2962 1857 μὲν
2994 1782 3125 1838 Υἰοῦ
3150 1783 3256 1855 πρὸ
3282 1782 3501 1837 πάντων
3523 1781 3729 1836 αἰώνων

477 1906 673 1961 saecula
707 1919 738 1957 a
773 1904 891 1958 solo
934 1902 1116 1968 Patre,
1170 1903 1284 1958 sive
1318 1902 1388 1959 ab
1434 1868 1580 1955 illius
1628 1895 1960 1959 substantia,
1996 1903 2050 1950 et

2159 1887 2217 1938 ὲκ
2251 1884 2413 1955 μόνου
2446 1881 2541 1935 τοῦ
2581 1879 2825 1952 Πατρός,
2857 1879 3021 1949 ήγουν
3064 1879 3129 1931 ὲκ
3175 1876 3277 1947 τῆς
3308 1875 3499 1938 οὐσίας
3546 1873 3729 1939 αὐτοῦ,

477 1998 595 2053 solo
624 2005 677 2052 et
712 1997 892 2059 unice,
930 1997 1049 2051 sine
1083 2008 1333 2065 corpore,
1361 1993 1479 2048 sine
1510 1990 1723 2054 affectu,
1767 1989 1885 2043 sine
1907 1995 2048 2042 tem-

479 2104 610 2159 pore
643 2095 803 2142 natus
837 2088 927 2142 sit.
966 2085 1179 2147 Rursus
1210 2100 1341 2139 vero
1375 2090 1433 2137 ut
1466 2080 1703 2152 Spiritus
1737 2085 1960 2134 sanctus
1984 2074 2052 2131 ab

480 2182 601 2251 ipso
631 2181 749 2236 solo
781 2178 943 2233 Patre
976 2176 1342 2241 descenderit,
1379 2182 1431 2230 et
1464 2188 1562 2244 per
1594 2170 1793 2225 Filium
1824 2183 2050 2239 proces-

476 2273 629 2337 serit,
664 2279 718 2327 et
752 2269 1066 2325 hominibus
1110 2283 1169 2323 se
1211 2264 1536 2327 ostenderit,
1568 2261 1735 2317 unius
1776 2258 2055 2329 principa-

477 2370 590 2418 tum
620 2362 878 2425 edocens,
904 2377 1013 2416 non
1040 2374 1202 2431 quem
1234 2373 1342 2412 una
1382 2370 1617 2428 persona
1649 2349 2055 2408 circumscribit

477 2455 740 2528 (statuere
792 2454 939 2511 enim
981 2469 1153 2508 unum
1200 2466 1391 2507 secum
1434 2447 1711 2505 dissidens
1758 2453 1844 2501 est
1885 2443 2054 2496 multa

476 2548 773 2618 statuere),
814 2547 909 2603 sed
942 2561 1105 2617 quem
1151 2552 1359 2599 naturm
1392 2555 1489 2612 par
1530 2538 1757 2593 honoris
1789 2534 2051 2598 conditio,

475 2647 531 2695 ct
559 2636 750 2693 eadem
780 2635 999 2691 consilii
1042 2632 1360 2695 concordia,
1397 2638 1452 2686 et
1486 2629 1629 2684 idem
1663 2636 1869 2690 motus,
1900 2631 1954 2679 et
1986 2621 2054 2677 ad

478 2744 649 2786 unum
679 2746 746 2785 ex
780 2728 962 2800 seipso
991 2723 1327 2796 conspiratio
1360 2720 1667 2777 constituit.

550 2820 657 2875 Sed
681 2834 785 2891 ego
812 2820 941 2875 dum
971 2819 1151 2890 magni
1185 2817 1415 2886 hujusce
1450 2810 1691 2883 theologi
1740 2806 2054 2866 excelsissi-

476 2927 621 2968 mam
652 2911 982 2983 sapientiam
1010 2909 1315 2965 humilibus
1347 2904 1633 2962 tenuitatis
1675 2910 1880 2958 nostrae
1906 2900 2058 2954 locu-

479 3003 722 3059 tionibus
756 3000 1055 3058 ostendere
1103 3007 1375 3072 pertento,
1417 2995 1616 3051 similis
1643 2993 1695 3049 ei
1722 2990 1896 3048 videri
1929 3004 2059 3060 pos-

477 3096 583 3151 sim
607 3095 701 3166 qui
730 3093 914 3149 cotula
933 3092 1061 3147 velit
1082 3092 1345 3162 abyssum
1370 3086 1684 3142 exhaurire.
1705 3082 1896 3139 Exstat
1911 3081 2057 3137 enim

480 3187 619 3243 liber
647 3187 832 3242 divino
866 3184 1155 3256 splendore
1182 3184 1398 3255 plenus,
1432 3180 1528 3250 qui
1558 3178 1742 3233 radios
1767 3176 2056 3231 verborum

479 3279 792 3334 caelestium
820 3277 943 3332 luce
972 3275 1143 3330 solari
1165 3273 1431 3328 clariores
1461 3267 1681 3333 emittit,
1712 3266 1914 3337 quibus
1944 3273 2057 3319 tum

480 3369 607 3425 falsi
630 3367 874 3423 nominis
897 3366 1165 3429 scientiae,
1198 3379 1305 3434 qua
1356 3369 1590 3417 necatur
1628 3357 1835 3422 anima,
1868 3353 2060 3425 caligi-

481 3471 608 3511 nem
645 3452 894 3523 expellit,
925 3461 1041 3506 tum
1096 3460 1250 3507 recta
1308 3458 1364 3506 et
1421 3450 1606 3504 divina
1642 3447 1894 3517 dogmata
1940 3452 2060 3500 tuto

481 3545 800 3602 manifestat
822 3552 875 3601 et
903 3546 1177 3615 explanat.
1205 3543 1325 3598 Non
1354 3543 1531 3598 solum
1554 3540 1701 3597 enim
1729 3544 2060 3610 nugamenta

480 3647 537 3693 et
564 3635 876 3708 prodigiosa
900 3634 1206 3695 mendacia.
1240 3648 1361 3704 qua:
1391 3646 1420 3685 a
1454 3638 1698 3687 semente
1723 3627 2060 3682 zizaniorum

483 3725 859 3797 apostolorum
932 3724 1270 3795 temporibus
1330 3725 1617 3791 supersata
1668 3723 1819 3780 sunt,
1864 3714 2060 3770 haeresi

481 3818 644 3888 plena
674 3816 937 3872 radicitus
967 3815 1190 3879 avulsit,
1212 3829 1401 3870 verum
1418 3813 1582 3868 etiam
1598 3809 1794 3880 impias
1814 3806 2062 3877 blasphe-

390 3900 395 3904 ’
483 3906 625 3963 inias
652 3914 817 3976 atque
842 3905 1037 3961 deliria
1063 3904 1249 3960 omnia
1269 3920 1391 3976 qua:
1440 3905 1495 3959 in
1548 3908 1829 3974 posterum
1866 3905 2059 3953 contra

483 4006 728 4053 sanctam
754 3999 1014 4069 parisque
1072 3999 1330 4068 potentiae
1359 3995 1710 4058 Trinitatem,
1759 3999 2060 4061 contraque

481 4087 721 4147 Verbum
759 4090 852 4146 Dei
907 4091 1183 4147 hominem
1241 4088 1469 4147 factum.
1518 4101 1716 4156 nempe
1778 4083 2059 4139 Christum

483 4189 819 4238 servatorem
851 4190 1126 4248 nostrum,
1158 4188 1212 4234 ct
1242 4194 1362 4250 qua:
1386 4185 1579 4233 contra
1610 4173 1910 4229 Christiani
1960 4187 2061 4227 no-

482 4272 651 4326 minis
679 4271 1092 4342 plenitudinem,
1113 4278 1167 4326 et
1200 4282 1391 4325 contra
1419 4266 1823 4323 dedicationem
1851 4272 1903 4319 et
1928 4261 2061 4317 ado-

485 4365 755 4420 rationem
777 4372 1090 4420 sanctarum
1133 4372 1189 4419 et
1213 4362 1606 4420 venerabilium
1651 4358 1949 4428 imaginum
2004 4357 2060 4412 in

486 4458 663 4514 sacris
686 4456 948 4513 Ecclesiis
977 4464 1032 4513 et
1059 4456 1284 4513 sedibus
1313 4456 1693 4527 apostolorum
1715 4467 1812 4523 per
1840 4451 2061 4507 univer—

2152 1975 2545 2047 γεγεννημένου
2572 1972 2662 2026 καί
2700 1972 2885 2043 μόνου,
2922 1970 3014 2023 καὶ
3051 1969 3246 2040 μόνως,
3278 1967 3610 2037 ἀσωμάτως,
3642 1965 3731 2020 καὶ

2152 2067 2408 2131 ἀπαθῶς,
2445 2065 2537 2119 καὶ
2586 2063 2848 2136 άχρόνως·
2884 2061 2978 2115 τοῦ
3009 2061 3052 2114 δ’
3074 2057 3140 2115 αὖ
3177 2059 3495 2131 Πνεύματος
3528 2059 3587 2125 ἐξ
3637 2061 3730 2113 αύ-
3778 2062 3785 2077 ‘

2151 2160 2245 2213 τοῦ
2288 2160 2446 2231 μόνου
2482 2156 2578 2211 τοῦ
2622 2156 2836 2227 Πατρὺς
2874 2153 3342 2225 ἐκπορευομένου,
3384 2151 3479 2206 καὶ
3521 2150 3610 2206 διὰ
3638 2150 3728 2204 τοῦ

2154 2251 2282 2305 Υἰοῦ
2318 2250 2617 2322 προῖόντος,
2653 2248 2744 2301 καὶ
2776 2249 2888 2310 τοῖς
2928 2243 3232 2316 ἀνθρώποις
3266 2244 3594 2315 πεφηνότος,
3637 2260 3730 2314 μο-

2154 2342 2380 2414 ναρχίαν
2417 2330 2701 2405 διδάἓκων,
2726 2339 2825 2409 οὐχ
2861 2339 2925 2409 ἣν
2960 2336 3018 2389 ἓν
3054 2335 3385 2408 περιγράφει
3420 2336 3728 2406 πρόσωπον·

2157 2432 2293 2507 (ἐστι
2334 2432 2443 2505 γὰρ
2475 2431 2536 2485 τὸ
2584 2432 2641 2484 ἓν
2677 2426 2965 2492 στασιάζον
3003 2427 3137 2499 πρὸς
3179 2426 3340 2479 ἑαυτὸ
3387 2425 3561 2479 πολλὰ
3594 2425 3735 2481 καθί-

2157 2524 2431 2588 στασθαιο)
2477 2522 2593 2577 ἀλλ’
2612 2523 2676 2594 ἢν
2721 2520 2982 2593 ὁμοτιμία
3036 2519 3317 2590 συνίστησι
3370 2516 3611 2588 φύσεως,
3646 2517 3733 2571 καὶ

2158 2617 2426 2688 σύμπνοια
2449 2612 2693 2685 γνώμης,
2719 2613 2811 2667 καὶ
2842 2612 3113 2684 ταύτότης
3149 2611 3438 2682 κινήσεως,
3473 2609 3570 2664 καὶ
3604 2609 3732 2682 πρὸς

2155 2707 2216 2763 τὸ
2249 2707 2307 2760 ἓν
2340 2704 2400 2771 ἐξ
2427 2704 2590 2759 αὐτοῦ
2620 2703 2919 2768 σύννευσις.

2242 2799 2380 2852 Ἀλλ’
2415 2797 2569 2852 ἔοικα
2614 2796 2691 2868 τῷ
2753 2795 2952 2870 κοτύλῃ
3009 2796 3227 2868 μετρεῖν
3282 2791 3595 2865 βουλομένῳ
3641 2791 3732 2864 τήν

2157 2889 2413 2953 ἄϐυσσον,
2446 2887 2545 2959 τὴν
2577 2885 2671 2939 τοῦ
2701 2885 2935 2957 μεγάλου
2959 2883 3209 2953 θεολόγου
3240 2881 3432 2936 τούτου
3468 2899 3735 2955 πανυπερ-

2156 2976 2325 3048 τάτην
2377 2974 2655 3044 θεολογίαν
2713 2975 2828 3037 τοῖς
2876 2973 2975 3043 τῆς
3025 2972 3303 3045 ἡμετέρας
3351 2972 3735 3042 ταπεινότητος

2159 3065 2455 3138 χθαμαλοῖς
2487 3063 2759 3137 λογαρίοις
2797 3063 3049 3138 διαφῆναι
3094 3062 3467 3135 πειρώμενος·
3520 3063 3735 3135 πρόκει-

2159 3175 2249 3211 ται
2282 3156 2392 3229 γὰρ
2425 3158 2458 3228 ή
2493 3155 2793 3226 θεοφεγγὴς
2828 3155 3006 3225 βίϐλος
3052 3156 3233 3227 ἐκείνη
3289 3153 3467 3227 φωτὸς
3515 3154 3730 3226 ἡλιακοῦ

2160 3247 2536 3321 λαμπρότερον
2567 3247 2766 3316 ἀφεῖσα
2796 3246 2969 3315 λόγων
3021 3247 3285 3319 οὐρανίων
3334 3246 3730 3321 ἀμαρύγματα,

2158 3341 2257 3411 τῆς
2292 3340 2389 3412 μὲν
2421 3338 2772 3409 ψευδωνύμου
2819 3337 3071 3406 γνώσεως
3100 3337 3200 3409 τὴν
3230 3336 3575 3409 ψυχοφθόρον
3607 3338 3733 3391 άπε-

2157 3433 2420 3487 λαύνοντα
2453 3431 2707 3502 ζόφωσιν,
2742 3430 2917 3503 ὀρθῶν
2965 3430 3021 3483 δὲ
3054 3430 3146 3484 καὶ
3180 3430 3339 3486 θείων
3370 3429 3734 3500 διασαφοῦντά

2158 3544 2220 3580 τε
2254 3526 2347 3580 καὶ
2378 3525 2767 3597 διατρανοῦντα
2797 3522 3081 3594 δογμάτων
3114 3522 3415 3594 ἀσφάλειαν
3436 3542 3450 3555 ο
3485 3524 3548 3576 ού
3584 3523 3734 3595 μόνον

2160 3618 2270 3692 γάρ
2302 3617 2402 3681 τάς
2448 3617 2554 3670 ὑπὸ
2605 3616 2700 3670 τοῦ
2752 3614 2863 3669 τῶν
2914 3613 3168 3679 ζιζανίων
3228 3615 3572 3689 ἐπισπορέως
3603 3614 3733 3669 κατά

2159 3712 2288 3774 τοὺς
2357 3708 2744 3772 ἀποπολικοῦς
2807 3708 3032 3781 χρόνους
3087 3707 3489 3780 ὲπισπαρείσας
3534 3711 3729 3781 αἱρετι-

2163 3803 2360 3869 ζούσας
2440 3801 2754 3874 ἐρεσχελίας
2829 3800 2922 3854 καὶ
2993 3800 3379 3872 τερατολογίας
3459 3802 3730 3855 ἀνέσπασε

2165 3893 2480 3969 πρόρριζον,
2516 3891 2651 3946 ἀλλά
2684 3891 2779 3946 καὶ
2810 3891 2911 3956 τάς
2946 3891 3240 3963 μετέπειτα
3271 3891 3414 3946 κατά
3445 3893 3551 3963 τῆς
3582 3892 3731 3960 ἁγίας

2163 3985 2436 4059 ὁμοφυοῦς
2466 3985 2793 4056 δεσππικῆς
2825 3984 3071 4058 Τριάδος,
3123 3984 3224 4049 τάς
3252 4002 3312 4038 τε
3346 3984 3490 4040 κατά
3523 3985 3624 4056 τῆς
3654 3988 3732 4039 ὲν-

2166 4080 2369 4151 σάρκου
2402 4077 2496 4132 τοῦ
2529 4075 2664 4130 Θεοῦ
2699 4076 2869 4145 Λόγου
2888 4074 3124 4148 Χριστοῦ
3156 4075 3252 4129 τοῦ
3273 4075 3533 4149 Σωτῆρος
3563 4076 3729 4148 ήμῶν,

2164 4170 2387 4236 καὶτὰς
2419 4170 2646 4243 ὓστερον
2679 4167 2818 4223 κατά
2863 4167 2958 4221 τοῦ
3010 4166 3383 4239 χριστωνύμου
3440 4167 3731 4242 πληρώμαο

2161 4284 2273 4331 τος,
2308 4265 2402 4320 καί⁸
2436 4263 2578 4318 κατά
2609 4262 2711 4333 τῆς
2759 4260 2868 4314 τῶν
2912 4259 3082 4329 ἁγίων
3132 4261 3227 4313 καί⁹
3277 4261 3492 4314 σεπτῶν
3525 4262 3733 4319 εἰκόνων

2164 4361 2221 4412 ὲν
2252 4360 2372 4421 ταῖς
2405 4354 2526 4410 καθ’
2547 4354 2676 4425 ὅλην
2708 4352 2806 4425 τὴν
2838 4350 3161 4423 οἰκουμένην
3210 4353 3581 4421 πανευαγέσιν
3626 4354 3732 4406 Ἐκ-

2165 4451 2415 4522 κλησίαις
2465 4449 2557 4504 καὶ
2606 4447 2993 4510 ἀποστολικαῖς
3037 4443 3360 4516 καθέδραις,
3429 4443 3732 4517 ἀναστηλώ-

485 4564 610 4606 sum
647 4563 919 4606 terrarum
964 4550 1155 4605 orbem
1204 4548 1563 4619 irrepserant,
1598 4545 1845 4601 funditus
1870 4543 2055 4599 abstu-

2161 4542 2299 4606 σεώς
2329 4559 2389 4595 τε
2438 4541 2531 4596 καὶ
2593 4540 3033 4612 προσκυνήσεως,
3067 4535 3421 4600 ἀναδοθείσας
3469 4537 3731 4598 ἀντιθέους

486 4642 569 4699 lit.
618 4641 901 4714 Siquidem
939 4642 1082 4700 Deus
1107 4642 1286 4714 palam
1334 4640 1500 4711 hujus
1549 4638 1725 4717 ipsius
1749 4637 1936 4706 lingua
1966 4652 2064 4692 an-

485 4733 642 4807 cipiti
673 4734 870 4805 quovis
896 4750 1029 4791 ense
1059 4734 1305 4790 acutiore
1338 4732 1554 4788 eminus
1590 4728 1792 4785 evulsit
1817 4736 1872 4783 et
1924 4726 2065 4781 inci-

485 4828 568 4883 dit
595 4828 881 4900 quodlibet
905 4842 1198 4891 venenum,
1230 4838 1564 4897 germenque
1589 4822 1861 4878 seminum
1897 4819 2066 4874 haere-

489 4921 724 4977 ticorum
754 4921 1021 4991 corrupit.
1054 4918 1327 4974 Cancrum
1365 4914 1809 4986 evangelicarum
1841 4918 1897 4967 et
1928 4926 2063 4982 apo-

493 5013 814 5069 stolicarum
855 5012 1307 5084 praedicationum
1355 5015 1411 5065 et
1462 5006 1822 5063 traditionum
1857 5006 2064 5061 verita-

489 5116 596 5164 tem
624 5104 969 5162 conlirmavit
1006 5119 1071 5158 ac
1110 5103 1398 5158 stabilivit.
1419 5099 1657 5156 Proinde
1686 5107 1748 5154 ut
1777 5096 2064 5169 fulgentis-

487 5202 641 5257 simae
668 5199 867 5255 divina:
893 5196 1299 5270 praedicationis
1326 5194 1560 5251 illustris
1584 5208 1651 5248 ac
1676 5190 2065 5263 insuperabilis

489 5291 609 5361 ejus
630 5291 870 5348 elocutio
894 5288 1387 5353 demonstraretur,
1416 5287 1565 5342 illius
1582 5285 1751 5342 verba
1781 5283 2064 5338 recitanda

487 5391 641 5445 sunt,
667 5381 869 5451 quibus
925 5379 1054 5434 dum
1102 5377 1171 5433 de
1202 5377 1491 5433 divinitate
1511 5390 1634 5446 quae
1664 5374 1844 5429 tribus
1873 5388 2065 5443 perso-

486 5472 597 5535 nis,
631 5486 827 5542 nempe
850 5486 959 5526 una
990 5469 1259 5525 Trinitate
1288 5468 1626 5529 continetur,
1661 5466 1840 5536 deque
1874 5464 2067 5535 unige-

487 5562 605 5617 nito
652 5560 793 5617 Filio
845 5559 942 5617 Dei
992 5561 1313 5632 loqueretur
1381 5571 1480 5626 per
1540 5552 2062 5616 manifestationem,

490 5669 611 5723 quae
638 5653 955 5708 hominibus
983 5653 1055 5707 ob
1078 5651 1419 5706 nativitatem
1440 5646 1561 5717 ejus
1580 5661 1648 5702 ex
1679 5644 1903 5714 Virgine
1934 5660 2067 5699 con-

487 5745 635 5815 tigit,
686 5760 822 5800 usus
871 5752 978 5799 est.
1021 5742 1079 5797 ln
1129 5739 1491 5812 explicatione
1555 5737 1703 5792 enim
1755 5735 2064 5790 divinorum

489 5836 657 5912 374
680 5836 968 5895 Nominum
987 5837 1100 5892 haec
1110 5834 1250 5892 dicit
1277 5854 1290 5888 :
1315 5852 1333 5887 ι
1355 5831 1417 5889 1n
1432 5831 1582 5891 omni
1607 5827 1722 5888 fere
1749 5828 1921 5886 divini
1944 5844 2063 5887 ser-

2168 4634 2534 4707 βλασφημίας,
2570 4633 2662 4687 καὶ
2694 4630 3068 4702 γλωσσαλγίας
3101 4630 3317 4684 καθεῖλε
3351 4631 3728 4703 προθέλυμνονο

2163 4726 2259 4780 τοῦ
2293 4725 2431 4779 Θεοῦ
2476 4722 2677 4795 δηλαδὴ
2722 4720 3137 4794 προϐλεπτικῶς
3183 4720 3467 4791 πόρρωθεν
3518 4719 3605 4774 διὰ
3647 4719 3735 4789 τῆς

2166 4818 2373 4873 ἐκείνου
2434 4815 2713 4886 γλώττης,
2777 4815 2878 4886 τῆς
2925 4815 3107 4887 πάσης
3159 4812 3420 4883 διστόμου
3474 4813 3732 4884 μαχαίρας

2164 4908 2610 4981 τμητικωτέρας,
2648 4905 3097 4980 προεκτίλλοντός
3126 4923 3187 4960 τε
3221 4905 3315 4960 καί
3348 4906 3732 4978 προεκτέμνον-

2163 5018 2256 5065 τος
2270 4992 2550 5054 ί³παντοίαν
2582 4998 2905 5073 δηλητήριον
2953 4998 3047 5052 καὶ
3087 4997 3411 5071 φθοροποιὸν
3460 4996 3730 5070 αἱρετικῶν

2168 5092 2497 5166 σπερμάτων
2531 5090 2857 5162 βλάστησιν·
2893 5090 2992 5162 τὴν
3025 5089 3083 5143 δὲ
3112 5089 3223 5143 τῶν
3255 5088 3624 5159 εὐαγγελικῶν
3653 5086 3730 5142 καὶ

2165 5183 2540 5239 ἁποστολικῶν
2592 5182 2960 5255 κηρυγμάτων
3035 5183 3127 5237 καὶ
3173 5181 3535 5254 παραδόσεων
3597 5197 3727 5234 συνι-

2167 5279 2403 5342 στῶντος
2447 5278 2539 5333 καὶ
2572 5276 3014 5339 ὲπιϐεϐαιοῦντος
3047 5275 3329 5346 ἀλήθειαν.
3356 5273 3568 5328 Ούκοῦν
3589 5287 3729 5346 προα-

2167 5373 2324 5426 κτέον
2357 5370 2633 5436 αύτολεξεί
2663 5370 2762 5442 τὴν
2824 5369 3310 5441 χρυσαυγεστάτην
3359 5364 3727 5436 θεοφαντορίαν

2164 5462 2265 5533 τῆς
2314 5461 2478 5516 αὐτοῦ
2528 5458 2866 5531 θεολαμποῦς
2917 5458 3009 5512 καὶ
3044 5458 3355 5528 θεοκινήτου
3407 5456 3727 5528 διαφράσεως

2166 5554 2294 5627 περὶ
2322 5555 2427 5624 τῆς
2456 5551 2892 5626 τρισυποστάτου
2926 5550 3201 5621 θεότητος,
3241 5547 3333 5603 καὶ
3365 5547 3468 5618 τῆς
3501 5546 3596 5600 τοῦ
3618 5543 3726 5604 ἑνὸς

2164 5646 2265 5717 τῆς
2298 5643 2532 5716 Τριάδος
2567 5641 2889 5713 μονογενοῦς
2939 5640 3067 5694 Υίοῦ
3116 5639 3212 5694 τοῦ
3245 5639 3383 5693 Θεοῦ
3414 5639 3505 5694 διά
3550 5639 3644 5708 τῆς
3670 5641 3724 5689 ἐκ

2168 5735 2445 5809 Παρθένου
2490 5735 2795 5805 γεννήσεως
2844 5732 2979 5806 πρὸς
3029 5731 3346 5804 ἀνθρώπους
3394 5730 3721 5800 ἐπιφανείας·

2169 5831 2226 5884 tv
2260 5827 2368 5898 γὰρ
2391 5828 2455 5898 τῇ
2485 5825 2588 5879 τῶν
2620 5825 2779 5880 θείων
2807 5823 3115 5894 Ὀνομάτων
3148 5821 3446 5887 ἀναπτύξει
3477 5821 3599 5877 τάδε
3629 5834 3718 5888 φηη
