3886 6538
174 393 260 448 ιιι
1091 386 1282 454 νιτΑ,
1317 385 1647 442 AUCTOBE
1696 385 1731 440 Μ

1836 385 2046 440 ιΑΕιΕ
2082 384 2422 445 SYNGELO.

3335 399 3441 455 διε

173 504 267 558 σίν·
325 523 343 554 ι
370 503 538 558 Ὅθεν
568 503 630 556 ἐν
653 502 801 576 πάσῃ
834 501 1018 573 σχεδὸν
1049 505 1116 574 τῇ
1165 501 1446 574 θεολογικῇ
1481 519 1731 574 πραγμα-

1853 502 2035 556 monis
2067 503 2398 559 tractatione
2442 518 2712 559 summam
2744 504 3089 563 divinitatem
3119 517 3310 566 sancte
3344 528 3442 568 ce-v

168 600 280 670 τείᾳ
310 598 410 668 τὴν
446 595 711 668 θεαρχίαν
741 595 955 667 ὁρῶμεν
990 594 1151 666 ἱερῶς
1173 595 1516 667 ὑμνουμένην
1545 595 1621 660 ὼς
1657 614 1751 667 μο-

172 689 291 746 νάδα
327 689 448 759 μὲν,
485 688 583 740 καὶ
617 687 800 750 ἐνάδα,
833 685 919 739 διὰ
950 687 1052 758 τὴν
1084 686 1364 757 ἁπλότητα
1397 688 1490 741 καὶ
1524 689 1751 760 ἑνότητα

166 783 258 854 τῆς
289 780 612 856 ὑπερφυοῦς
643 780 928 852 ἀμερείας,
964 778 1025 844 ἐξ
1085 776 1154 852 ἧς
1185 781 1260 845 ὡς
1306 781 1550 834 ἐνοποιοῦ
1592 781 1750 836 δυνά-

169 891 304 948 μεως
337 873 633 943 ἐνιζόμεθα
653 913 667 937 ,
734 871 825 924 καί
856 872 966 924 τῶν
1003 872 1276 944 μεριστῶν
1309 871 1464 943 ἡμῶν
1497 873 1750 943 ἐτεροτή-

163 984 263 1018 των
295 964 693 1038 ὑπερκοσμίως
739 964 1262 1034 συμπτυσσομένων,
1299 966 1378 1026 εἰς
1413 962 1616 1033 θεοειδῆ
1653 980 1748 1033 μο-

164 1053 282 1106 νάδα
317 1053 672 1124 συναγόμεθα
706 1053 798 1106 καὶ
829 1053 1161 1124 θεομίμητον
1193 1053 1385 1106 ἕνωσιν
1404 1070 1416 1082 ·
1445 1053 1519 1117 ὡς
1541 1053 1746 1124 Τριάδα

161 1145 230 1209 δὲ,
262 1145 348 1198 διὰ
381 1144 485 1216 τὴν
531 1145 964 1218 τρισυπόστατον
1019 1144 1121 1215 τῆς
1171 1145 1493 1217 ὑπερουσίου
1527 1146 1744 1217 γονιμό-

161 1255 314 1308 τητος
347 1238 636 1308 ἔκφανσιν,
673 1238 734 1304 ἐξ
763 1235 831 1311 ἧς
863 1242 1014 1294 πᾶσα
1047 1239 1254 1312 πατριά
1301 1243 1358 1294 ἐν
1401 1239 1616 1314 οὐρανῷ
1647 1241 1742 1294 καὶ

161 1332 245 1385 ἐπὶ
276 1332 378 1403 γῆς
411 1334 558 1396 ἐστι,
594 1332 688 1386 καὶ
720 1332 1062 1403 ὀνομάζεται·
1101 1333 1176 1397 ὡς
1209 1331 1387 1385 αἰτίαν
1419 1333 1476 1386 δέ
1507 1332 1618 1386 τῶν
1649 1332 1738 1385 δν-

158 1441 276 1488 των,
313 1424 504 1496 ἐπειδὴ
554 1425 732 1479 πάντα
776 1425 914 1498 πρὸς
945 1425 1008 1478 τὸ
1039 1421 1177 1479 εἶναι
1223 1423 1474 1498 παρήχθη
1523 1424 1609 1478 διὰ
1641 1424 1738 1496 τὴν

159 1515 316 1585 αὐτῆς
349 1514 662 1567 οὑσιοποιὸν
708 1515 1023 1587 ἀγαθότητα
1043 1533 1056 1546 ⁸
1107 1515 1277 1586 σοφὴν
1325 1514 1383 1568 δέ
1417 1512 1509 1567 καὶ
1543 1513 1734 1585 καλὴν,

155 1605 230 1657 δτι
259 1603 326 1656 τά
377 1603 513 1657 ὄντα
578 1605 778 1668 πάντα,
825 1604 893 1657 τά
944 1605 1042 1676 τῆς
1074 1605 1280 1669 οἰκείας
1330 1604 1543 1674 φύσεως
1591 1605 1736 1658 άπα-

157 1697 438 1771 ράφθαρτα
471 1695 829 1763 διασώζοντα,
884 1698 1064 1770 πάσης
1097 1697 1363 1770 ἁρμονίας
1409 1697 1590 1751 ἐνθέου
1642 1697 1735 1750 καὶ

157 1792 296 1860 ἱερᾶς
328 1793 670 1864 εὐπρεπείας
703 1791 850 1844 ἐστὶν
882 1790 1145 1846 ἀνάπλεα.

1862 589 2064 645 lebrari
2091 593 2364 656 videmus,
2393 601 2453 646 ut
2478 594 2767 648 monadem
2794 594 3015 665 quidem
3060 608 3113 652 et
3144 600 3434 667 unitatem,

1851 682 1925 736 ob
1953 683 2365 754 simplicitatem
2394 684 2776 756 unitatemque
2806 689 3021 743 cximim
3051 689 3174 758 ejus
3224 701 3437 750 naturae

1849 772 2150 839 partitione
2177 773 2443 838 carentis,
2475 791 2540 830 ex
2582 792 2691 846 qua
2721 784 2982 846 tanquam
3025 779 3251 837 uniente
3280 792 3436 854 pote-

1849 867 1994 917 state
2023 863 2080 916 in
2113 879 2283 917 unum
2337 863 2658 936 redigimur.
2689 869 3025 939 nostrisque,
3082 884 3203 938 quae
3253 882 3435 926 muta-

1851 953 1992 1008 tioni
2049 956 2444 1028 partitioniqne
2494 967 2623 1014 sunt
2659 961 2939 1030 subjectae,
2993 964 3207 1018 naturis
3261 964 3432 1036 (quod

1847 1044 2152 1100 humanum
2175 1049 2391 1104 excedit
2423 1051 2607 1122 usum)
2643 1053 2989 1125 complicatis
3036 1054 3093 1109 in
3140 1057 3430 1113 monadem

1847 1141 2090 1196 divinam
2138 1142 2371 1214 elligiem
2429 1145 2782 1214 referentem,
2833 1149 3206 1220 unitatemque
3258 1149 3431 1206 Deum

1846 1233 2152 1290 imitantem
2185 1235 2533 1306 colligimur;
2567 1247 2626 1292 ut
2677 1237 3002 1295 Trinitatem
3040 1256 3192 1306 vero,
3235 1242 3306 1296 ob
3332 1241 3429 1298 de-

1844 1325 2301 1381 monstrationem
2334 1327 2388 1381 in
2415 1329 2593 1384 tribus
2632 1331 2886 1400 personis
2921 1331 3272 1389 fecunditatis
3306 1334 3430 1406 ejus

1842 1433 1964 1488 quae
1985 1425 2070 1474 est
2102 1434 2269 1488 supra
2293 1419 2592 1475 humanum
2639 1423 2886 1486 modum,
2916 1441 2980 1479 ex
3013 1440 3121 1496 qua
3157 1428 3339 1484 omnis
3394 1444 3428 1482 a

1840 1507 2003 1565 Patre
2038 1510 2296 1580 cognatio
2322 1511 2377 1564 in
2406 1513 2548 1566 ccelo
2590 1523 2645 1568 et
2674 1513 2729 1567 in
2767 1523 2914 1568 terra
2947 1523 3052 1580 est,
3089 1526 3142 1572 et
3172 1519 3420 1572 nomina-

1841 1610 1968 1668 tur;
2001 1610 2062 1656 ut
2085 1618 2309 1657 causam
2335 1613 2596 1674 praatcrea
2636 1622 2823 1662 rerum
2855 1611 3124 1681 omnium,
3155 1612 3426 1682 siquidem

1841 1692 2031 1748 omnia
2078 1707 2176 1762 per
2227 1693 2525 1748 bonitatem
2558 1695 2700 1765 ejus,
2759 1713 2879 1768 qua:
2913 1709 2970 1754 ut
3006 1701 3119 1755 sint
3169 1703 3426 1758 omnibus

1844 1786 2134 1857 elargitur,
2168 1786 2222 1840 in
2253 1787 2430 1842 lucem
2465 1798 2592 1843 sunt
2647 1791 2811 1846 edita.
2848 1790 3158 1862 Sapientem
3186 1795 3314 1849 item
3343 1803 3429 1849 at-

154 1899 251 1954 que
301 1885 595 1954 pulchram
640 1900 766 1940 esse
821 1884 1206 1956 perspicimus,
1237 1883 1497 1954 quoniam
1555 1898 1620 1937 ex
1653 1881 1740 1936 his
1769 1893 1892 1949 quas
1912 1887 2044 1934 sunt
2074 1884 2129 1932 et
2164 1887 2376 1933 natura:
2420 1895 2537 1934 sua:
2563 1881 2786 1951 propria
2827 1894 3048 1937 servant
3086 1884 3428 1956 incorrupta,

153 1975 338 2032 divinae
398 1977 585 2032 omnis
643 1977 978 2046 harmoniai,
1031 1983 1287 2052 sacrique
1327 1981 1543 2036 decoris
1597 1987 1726 2034 sunt
1754 1978 1938 2048 plena.

221 2088 240 2122 ‹
264 2069 658 2142 Φιλάνθρωπον
691 2072 747 2126 δὲ
779 2073 1163 2147 διαφερόντως,
1197 2077 1279 2128 ὅτι
1310 2076 1424 2138 τοῖς
1457 2075 1575 2128 καθ’
1597 2074 1742 2145 ἡμᾶς
1774 2079 1816 2134 Β

151 2165 277 2236 πρὸς
309 2164 575 2236 ἀλήθειαν
607 2167 801 2232 ὁλικῶς
845 2173 904 2223 ἐν
971 2172 1068 2242 μιᾷ
1128 2171 1239 2225 τῶν
1291 2172 1460 2242 αὐτῆς
1493 2169 1732 2224 ὑποστά-

153 2273 279 2311 σεων
311 2257 702 2331 ἐκοινώνησεν,
739 2263 1150 2335 ἀνακαλουμένη
1201 2264 1338 2336 πρὸς
1372 2263 1568 2335 ἑαυτὴν
1588 2303 1602 2326 ,
1639 2261 1732 2316 καὶ

148 2351 462 2405 ἀνατιθεῖσα
495 2351 597 2424 τὴν
631 2353 980 2427 ἀνθρωπίνην
1013 2356 1290 2427 ἐσχατιὰν,
1347 2338 1414 2420 ’ἐξ
1458 2352 1526 2427 ἦς
1557 2355 1732 2427 ἀρῤή·

147 2459 248 2506 τως
279 2445 307 2498 6
339 2443 554 2508 ἁπλοῦς
603 2446 808 2517 Ἰησοῦς
860 2447 1140 2519 συνετέθη,
1179 2448 1269 2502 καὶ
1311 2448 1620 2520 παράτασιν
1653 2446 1732 2499 εῖ-

151 2531 276 2603 ληφε
311 2535 577 2607 χρονικὴν
609 2539 637 2590 6
668 2537 856 2602 ἀΐδιος,
893 2538 986 2591 καί
1021 2538 1152 2592 εἴσω
1182 2539 1284 2609 τῆς
1317 2539 1600 2610 καθ’ἡμᾶς
1622 2541 1734 2606 ἐγε-

149 2627 286 2694 γόνει
320 2627 582 2698 φύσεως,
629 2631 658 2682 6
710 2629 889 2702 πάσης
920 2633 1019 2703 τῆς
1053 2631 1192 2686 κατὰ
1228 2635 1408 2686 πᾶσαν
1442 2631 1604 2701 φύσιν
1635 2631 1732 2684 τά·-

151 2715 276 2782 ξεως
310 2718 664 2792 ὑπερουσίως
696 2721 1034 2793 ἐκϐεϐηκὼς,
1074 2723 1212 2793 μετὰ
1241 2723 1360 2793 ’τῆς
1392 2721 1728 2794 ἀμεταὸόλου

149 2809 234 2862 καὶ
265 2811 586 2882 ἀσυγχύτου
618 2812 728 2866 τῶν
760 2815 976 2868 οἰκείων
1011 2815 1292 2887 ἱδρύσεως.
1322 2835 1339 2866 ι
1377 2814 1484 2868 Καὶ
1519 2813 1730 2885 συνῳδὰ

147 2899 368 2966 τούτοις,
404 2902 443 2956 ἀ
480 2902 564 2955 ἔτι
599 2903 725 2975 περὶ
757 2904 858 2975 τῆς
890 2904 985 2958 τοῦ
1020 2905 1225 2976 Κυρίου
1261 2905 1727 2977 ἐνανθρωπήσεως

149 2996 445 3050 ἐπιστέλλει
474 2997 614 3069 πρὸς
636 2997 812 3051 Γάϊον·
839 3018 857 3049 ι
889 2999 1036 3062 Πῶς,
1061 3001 1188 3072 φῂς,
1228 3000 1434 3072 Ἰησοῦς
1464 3003 1491 3055 6
1509 3002 1729 3054 πάντων

148 3089 396 3143 ἐπέκεινα
451 3089 624 3143 πᾶσίν
675 3093 824 3143 ἐστιν
867 3091 1176 3166 ἀνθρώποις
1224 3092 1496 3156 οὺσιωδῶς
1545 3109 1732 3145 συντε-

147 3182 446 3252 ταγμένος;
487 3182 547 3235 οὐ
582 3181 690 3254 γὰρ
713 3183 787 3247 ὡς
819 3183 994 3247 αἴτιος
1025 3184 1328 3257 ἀνθρώπων
1361 3185 1544 3240 ἐνθάδε
1578 3185 1731 3254 λέγε-

145 3289 225 3326 ται
257 3273 574 3346 ἄνθρωπος,
630 3275 744 3328 ἀλλ’
775 3275 852 3339 ὡς
883 3275 1046 3340 αὐτὸς
1080 3277 1200 3330 κατ’
1225 3277 1412 3330 οὐσίαν
1442 3277 1570 3347 ὅλην
1601 3277 1732 3346 ἀλη-

146 3365 246 3431 θῶς
277 3369 574 3440 ἄνθρωπος
622 3368 718 3421 ῶν.
784 3369 976 3439 Ἡμεῖς
1023 3370 1079 3422 δὲ
1111 3369 1204 3423 τὸν
1250 3370 1455 3442 Ἰησοῦν
1501 3372 1600 3424 οὐκ
1631 3371 1726 3423 ἀν-

1925 2087 1944 2119 (
1966 2067 2234 2124 Cancrum
2257 2067 2466 2123 mirum
2499 2070 2554 2124 in
2582 2071 2801 2128 modum
2833 2075 2903 2130 ah
2919 2075 3256 2132 humanitate
3276 2094 3428 2134 com-

1836 2159 2185 2225 mendamus,
2235 2163 2506 2232 quoniam
2538 2165 2592 2218 in
2628 2180 2736 2218 una
2783 2181 2848 2220 ex
2902 2167 3024 2237 ejus
3054 2171 3306 2238 personis
3335 2185 3427 2224 na-

1833 2263 2016 2306 turam
2048 2260 2294 2308 nostram
2347 2269 2479 2310 vere
2530 2255 2862 2326 penitusque
2915 2258 3225 2328 conjunxit,
3262 2279 3425 2317 revo-

1833 2358 1970 2399 cans
1993 2344 2061 2398 ad
2089 2361 2148 2401 se
2178 2346 2396 2416 sibique
2446 2347 2754 2419 adjungens
2794 2350 3088 2404 humanam
3137 2355 3425 2410 imbecilli-

1833 2441 2026 2502 tatem,
2053 2453 2117 2492 ex
2142 2453 2249 2508 qua
2275 2438 2511 2509 simplex
2547 2438 2709 2497 Iesus
2758 2442 3107 2500 incﬂ‘abiliter
3151 2458 3237 2502 est
3272 2465 3424 2504 coni-

1835 2530 2072 2600 positus,
2105 2539 2161 2586 et
2190 2533 2285 2602 qui
2314 2533 2689 2603 sempiternus
2735 2543 2839 2599 est,
2895 2539 3160 2608 temporis
3204 2556 3424 2596 assum-

1833 2621 1945 2690 psit
1998 2621 2419 2689 incrementum,
2484 2632 2648 2695 atqne
2699 2627 2844 2680 intra
2894 2637 3145 2684 naturam
3175 2643 3421 2689 nostram

1833 2711 2016 2770 factus
2049 2722 2152 2780 est,
2183 2716 2278 2786 qui
2309 2731 2529 2772 omnem
2560 2719 2858 2788 cujuslibet
2905 2722 3119 2778 ordinis
3167 2734 3422 2782 naturam

1835 2804 2005 2874 (quod
2045 2805 2345 2862 humanum
2396 2824 2606 2863 morem
2645 2814 3084 2888 supergreditur)
3121 2820 3418 2885 antecellit,

1833 2897 1985 2951 nulla
2038 2907 2221 2954 tamen
2273 2900 2509 2970 propria:
2551 2909 2763 2959 natura:
2809 2908 3111 2964 mutatione
3139 2909 3280 2965 facta
3325 2920 3421 2966 ant

1833 2988 2183 3044 confusione.
2225 3009 2244 3042 ι
2273 2990 2467 3045 Aﬂinia
2507 3002 2771 3062 praaterea
2825 3005 2952 3052 sunt
2994 2998 3170 3066 hisce,
3201 3018 3322 3072 qua:
3350 3003 3420 3058 de

1835 3080 2050 3136 Domini
2080 3080 2150 3136 ad
2179 3082 2433 3138 homines
2493 3085 2768 3142 descensu
2823 3091 2890 3146 ad
2946 3091 3140 3146 Gaium
3186 3095 3418 3150 scribit:

1839 3193 1859 3227 ι
1884 3175 2010 3243 Qua
2030 3175 2244 3230 ratione
2269 3177 2496 3250 (inquis)
2518 3177 2811 3252 Jesus,qui
2836 3186 3018 3239 omnia
3055 3190 3419 3250 transcendit,

1833 3272 2088 3328 omnibus
2123 3272 2449 3330 hominibus
2495 3284 2707 3332 natura:
2755 3283 3143 3339 communione
3194 3286 3418 3356 copula-

1832 3365 1958 3418 tur?
2008 3364 2128 3420 Non
2181 3367 2329 3420 enim
2387 3375 2445 3420 ut
2492 3378 2689 3424 auctor
2735 3371 3018 3428 hominum
3050 3375 3154 3431 hoc
3210 3379 3418 3436 inloco

146 3437 435 3531 θρωπικῶς
470 3459 825 3532 ἀφορίζομενο
860 3437 984 3520 οὐδὲ
1033 3461 1142 3533 γὰρ
1192 3437 1478 3535 ἄνθρωπος
1526 3463 1721 3533 μόνον,

1836 3455 1995 3512 homo
2023 3457 2250 3522 dicitur,
2283 3459 2377 3514 sed
2429 3462 2575 3531 quod
2610 3470 2722 3516 tota
2763 3466 2879 3535 ipse
2914 3470 3224 3524 substantia
3255 3473 3421 3529 homo

145 3553 257 3605 οὐδὲ
304 3553 645 3627 ὑπερούσιος
691 3555 976 3626 ἄνθρωπος
1030 3557 1190 3626 μόνον
1213 3597 1227 3620 ,
1293 3555 1405 3608 ἀλλ’
1441 3554 1727 3628 ἄνθρωπος

145 3641 352 3714 ἀληθῶς
397 3647 429 3698 6
479 3644 845 3716 διαφερόντως
895 3645 1293 3716 φιλάνθρωπος,
1328 3645 1466 3716 ὑπὲρ
1516 3643 1725 3716 ἀνθρὼ-

144 3751 289 3799 πους,
326 3738 425 3791 καὶ
485 3737 626 3790 κατὰ
681 3735 1002 3808 ἀνθρώπους
1056 3741 1120 3790 ἐκ
1170 3737 1269 3806 τῆς
1302 3736 1602 3808 ἀνθρώπων
1634 3737 1726 3789 οὐ-

145 3829 275 3892 σίας,
311 3831 340 3881 6
375 3829 708 3900 ὑπερούσιος
741 3828 1092 3899 οὑσιωμένος.
1149 3829 1305 3880 Ἔστι
1337 3829 1394 3881 δὲ
1442 3829 1593 3881 οὐδὲν
1625 3822 1724 3899 ἦτ-

140 3937 226 3973 τον
259 3922 726 3993 ὑπερουσιότητος
777 3921 1153 3993 ὑπερπλήρης,
1189 3921 1217 3972 6
1250 3920 1336 3974 ἀεὶ
1383 3920 1724 3991 ὑπερούσιος,

142 4013 326 4082 ἀμέλει
359 4015 430 4083 τῇ
469 4011 674 4081 ταύτης
708 4011 1015 4083 περιουσίᾳ,
1053 4012 1145 4064 καὶ
1179 4013 1260 4074 εἰς
1292 4013 1478 4064 οὐσίαν
1511 4011 1725 4081 ἀληθῶς

142 4101 304 4154 ἐλθὼν
338 4103 489 4172 ὑπὲρ
553 4103 741 4154 οὐσίαν
789 4101 1059 4171 οὐσιὼθη,
1113 4101 1206 4154 καὶ
1253 4101 1393 4172 ὑπὲρ
1441 4100 1726 4172 ἄνθρωπον

141 4195 356 4266 ἐνήργει
403 4193 476 4246 τὰ
529 4192 838 4265 ἀνθρώπου·
892 4193 986 4246 καὶ
1035 4191 1186 4263 δηλοί
1235 4191 1521 4263 παρθένος,
1557 4192 1726 4262 ὑπερ-

141 4288 284 4356 φυῶς
318 4287 550 4351 κύουσα,
590 4287 682 4340 καὶ
716 4285 858 4358 ὕδωρ
891 4286 1121 4340 ἄστατον
1154 4285 1352 4338 ὑλικῶν
1385 4284 1476 4337 καὶ
1509 4283 1724 4356 γεηρῶν

141 4381 312 4435 ⁴ποδῶν
347 4380 547 4450 ἀνέχον
583 4378 767 4451 βάρος,
803 4370 903 4432 καῖ
934 4378 1008 4450 μὴ
1043 4380 1287 4442 ὑπεῖκον,
1322 4376 1724 4448 ἀλλ’ὑπερφυεῐ

139 4471 362 4544 δυνάμει
398 4472 541 4543 πρὸς
572 4470 633 4523 τὸ
666 4470 952 4540 ἀδιάχυτον
1000 4469 1410 4541 συνιστάμενον.
1445 4469 1510 4521 Τί
1543 4469 1608 4522 ἄν
1638 4485 1722 4532 τις

138 4564 204 4618 τὰ
235 4565 403 4620 λοιπὰ
450 4562 746 4634 πάμπολλα
807 4563 939 4616 ὄντα
1000 4562 1216 4625 διέλθοι,
1263 4563 1330 4616 δι’
1376 4554 1453 4615 ὧν
1501 4564 1530 4615 6
1563 4561 1723 4627 θείως

138 4657 276 4727 ὁρῶν
310 4658 457 4727 ὑπὲρ
490 4655 615 4708 νοῦν
648 4653 938 4723 γνώσεται,
973 4655 1064 4708 καὶ
1094 4653 1165 4707 τὰ
1196 4653 1289 4707 ἐπὶ
1319 4657 1386 4726 τῇ
1423 4652 1723 4726 φιλανθρω-

139 4748 234 4820 πίᾳ
264 4749 360 4802 τοῦ
411 4745 588 4819 Ἰησοῦ
623 4747 1082 4818 καταφασκόμενα
1113 4744 1342 4816 δύναμιν
1389 4745 1720 4820 ὑπεροχικῆς

137 4841 468 4910 ἀποφάσεως
529 4839 756 4910 ἔχοντα
803 4839 912 4892 Καὶ
965 4838 1048 4891 ἵνα
1095 4837 1407 4902 συνελόντες
1452 4837 1716 4908 εἴπωμεν,

137 4933 252 4987 οὐδὲ
283 4934 578 5006 ἄνθρωπος
605 4929 694 5004 ἦν·
729 4932 827 5003 οὐχ
856 4932 931 4995 ὡς
968 4930 1042 5003 μὴ
1087 4930 1389 5012 ἄνθρωπος,
1423 4930 1499 4993 ὡς
1530 4928 1590 4994 ἐξ
1620 4929 1718 4982 ἀν-

138 5028 370 5100 θρώπων
394 5028 672 5090 ἐπέκεινα,
695 5026 786 5080 καὶ
819 5026 958 5097 ὑπὲρ
993 5023 1279 5096 ἄνθρωπον
1312 5023 1596 5096 ἄνθρωπος
1626 5041 1718 5093 γε-

135 5119 325 5187 γονὼς,
363 5121 459 5174 καὶ
491 5117 552 5171 τὸ
585 5117 769 5170 λοιπὸν
800 5119 860 5170 οὐ
897 5115 1037 5171 κατὰ
1068 5115 1200 5168 Θεὸν
1233 5114 1300 5168 τὰ
1335 5115 1454 5168 θεῖα
1485 5115 1710 5186 δράσας,

137 5206 193 5257 οὐ
225 5207 293 5260 τὰ
327 5205 644 5278 ἀνθρώπεια
669 5205 809 5259 κατά
859 5205 1166 5280 ἄνθρωπον,
1215 5203 1331 5257 ἀλλ’
1351 5204 1717 5276 ἀνδρωθέντος

135 5296 267 5352 Θεοῦ
319 5301 516 5370 καινήν
547 5316 668 5353 τινα
719 5299 812 5354 καὶ
875 5297 1196 5370 θεανδρικὴν
1246 5297 1526 5367 ἐνέργειαν
1585 5299 1716 5369 ἡμῖν

138 5394 620 5464 πεπολιτευμένος.
664 5413 682 5444 ι

1829 3565 1960 3605 vere
1988 3551 2240 3608 exsistat.
2275 3551 2387 3608 Nos
2415 3571 2547 3609 vero
2597 3554 2784 3612 Jesum
2833 3574 2942 3614 non
2996 3561 3233 3617 humano
3265 3581 3418 3622 more

1828 3640 2123 3698 definimus
2151 3663 2164 3696 :
2217 3660 2394 3715 neque
2423 3647 2569 3701 enim
2618 3647 2781 3702 homo
2810 3658 3024 3705 tantum
3050 3654 3416 3712 substantiam

1827 3733 2118 3791 excedens.
2157 3734 2263 3790 Sed
2331 3753 2458 3792 vere
2494 3739 2672 3793 .homo
2705 3749 2790 3795 est
2856 3741 2968 3812 (ille
3001 3746 3094 3814 qui
3143 3762 3328 3804 amore
3359 3749 3416 3804 in

1828 3825 2077 3881 homines
2099 3828 2338 3895 excellit)
2364 3845 2532 3898 supra
2562 3831 2833 3897 homines,
2864 3850 2927 3888 ac
2973 3836 3132 3904 juxta
3162 3840 3416 3897 homines

1827 3933 1894 3972 ex
1917 3917 2202 3972 hominum
2237 3921 2583 3985 substantia,
2619 3924 2713 3992 qui
2771 3925 3140 3981 substantiam
3191 3946 3410 3986 omnem

1825 4008 2127 4080 egreditur,
2179 4010 2476 4065 humanam
2519 4027 2740 4068 carnem
2768 4019 3087 4087 assumpsit.
3122 4019 3296 4076 Porro
3327 4025 3414 4077 ni-

1825 4098 1936 4152 hilo
1968 4106 2256 4169 propterea
2288 4100 2473 4156 minus
2497 4112 2580 4158 est
2603 4102 2718 4157 hac’
2737 4105 2874 4173 ipsa,
2923 4123 3046 4177 qua:
3083 4112 3412 4171 substantia:

1823 4189 1934 4244 vim
1961 4206 2176 4246 omnem
2207 4201 2453 4264 superat,
2483 4203 2703 4259 natura,
2749 4213 2846 4266 per
2875 4216 3040 4270 quam
3073 4203 3270 4273 plenus
3299 4217 3408 4275 est,

1823 4279 1952 4350 quia
1975 4279 2235 4334 nimirum
2291 4283 2655 4339 substantiam
2678 4301 2896 4344 omnem
2938 4290 3255 4361 hujusmodi
3310 4315 3414 4353 na—

1823 4378 1962 4427 tura:
1990 4373 2320 4430 celsitudine
2365 4390 2583 4446 semper
2613 4380 2850 4436 excellit.
2878 4381 3126 4455 Cumque
3166 4405 3290 4445 vere
3338 4393 3414 4448 ω

1824 4465 2191 4520 substantiam
2231 4465 2630 4534 descendisset,
2661 4472 2755 4540 qui
2805 4475 3054 4543 qualibet
3094 4480 3412 4540 substantia

1822 4555 1999 4626 major
2023 4556 2186 4628 375
2227 4565 2330 4624 est,
2370 4559 2739 4616 substantiam
2795 4573 3041 4621 nostram
3081 4575 3313 4645 accepit,
3350 4586 3408 4633 et

1823 4664 1989 4720 supra
2024 4649 2324 4716 hominem,
2358 4666 2480 4722 qua:
2531 4651 2770 4711 hominis
2823 4660 3042 4729 propria
3105 4673 3255 4731 sunt,
3281 4683 3412 4726 eve-

1822 4742 1921 4798 xit.
1935 4741 2524 4813 ld,Virgo,admirabili
2538 4748 2780 4804 novitate
2801 4751 3047 4820 pariens.
3065 4758 3408 4828 manifestat,

1824 4840 1880 4890 et
1911 4850 2050 4906 aqua
2086 4835 2379 4900 instabilis,
2414 4835 2542 4891 dum
2569 4841 2932 4898 materialium
2971 4859 3035 4901 ac
3066 4857 3407 4908 terrenorum

1822 4929 2023 5000 pedum
2060 4929 2300 4984 sustinet
2326 4931 2562 5000 pondus,
2589 4949 2690 4988 nec
2738 4935 2906 4998 cedit,
2945 4941 3040 4995 sed
3081 4943 3402 5000 admiranda

1821 5022 2065 5090 potentia
2097 5022 2273 5075 instar
2325 5021 2514 5077 solidae
2567 5026 2808 5082 materiae
2857 5031 3128 5090 subsistit.
3159 5036 3228 5089 At
3265 5037 3398 5092 reli-

1821 5126 1952 5180 qua,
2003 5127 2125 5180 quae
2179 5125 2313 5164 sane
2367 5114 2640 5180 permulta
2696 5125 2845 5184 sunt,
2880 5122 3005 5189 quis
3058 5128 3405 5182 recensendo

1821 5203 2148 5274 percurrat?
2175 5203 2376 5272 quibus
2431 5205 2524 5275 qui
2558 5219 2814 5265 accurate
2841 5224 2896 5268 et
2923 5219 3067 5272 ultra
3099 5217 3400 5274 humanum

1821 5296 2040 5352 modum
2068 5297 2384 5366 speculatus
2413 5297 2594 5366 fuerit,
2625 5315 2689 5356 ea
2722 5319 2938 5375 quoque
2961 5323 3082 5376 quae,
3115 5311 3168 5364 in
3205 5311 3398 5367 humn~

1820 5389 1992 5443 nitate
2024 5385 2151 5441 Jesu
2186 5388 2480 5455 afﬁrmant,
2525 5393 2778 5462 protinus
2815 5409 3073 5466 agnoscet
3098 5402 3206 5455 vim
3254 5421 3394 5474 pra--

139 5483 495 5539 stantissima:
549 5483 856 5551 negationis
887 5482 1112 5544 habere,
1165 5489 1220 5536 et
1254 5490 1316 5534 ut
1357 5480 1602 5536 breviter
1629 5479 1904 5543 dicamus,
1941 5493 2121 5548 neque
2172 5478 2336 5534 homo
2385 5495 2523 5546 erat,
2573 5499 2682 5538 non
2729 5495 2986 5556 tanquam
3040 5492 3394 5552 humanitatis

137 5591 353 5647 expers.
383 5576 482 5631 sed
513 5584 767 5644 tanquam
797 5591 861 5630 ex
886 5574 1200 5630 hominibus
1239 5584 1415 5638 ortus,
1448 5573 1698 5629 homines
1730 5573 2049 5636 excellebat,
2077 5573 2240 5628 homo
2267 5591 2432 5646 super
2481 5578 2728 5634 homines
2769 5580 2963 5642 factus.
3017 5587 3095 5642 Ae
3137 5590 3392 5662 deinceps

138 5687 311 5743 neque
355 5672 542 5726 divina
592 5676 651 5722 ut
695 5667 857 5732 Deus,
907 5684 1086 5739 neque
1127 5667 1362 5722 humana
1397 5683 1590 5723 rursus
1643 5677 1702 5721 ut
1731 5668 1894 5722 homo
1918 5665 2146 5732 faciens,
2181 5667 2276 5724 sed
2309 5668 2450 5725 Deus
2503 5671 2668 5724 homo
2714 5669 2914 5737 factus,
2964 5690 3161 5732 novam
3200 5696 3393 5748 quam-

139 5768 258 5823 dam
280 5781 667 5835 summamque
694 5767 884 5834 agendi
931 5772 1253 5835 potestatem
1294 5763 1452 5820 nobis
1503 5765 1820 5834 impertivit.
1854 5782 1872 5815 ι

209 5869 326 5922 Κάν
340 5869 409 5935 τῇ
425 5865 528 5933 τῆς
553 5862 1097 5932 Ἐκκλησιαστικῆς
1126 5862 1426 5931 ἰεραρχίας
1453 5863 1697 5916 διδασκα-

1884 5859 1942 5916 In
1983 5868 2219 5916 tractatu
2251 5877 2381 5917 vero
2424 5861 2500 5919 De
2555 5876 2714 5920 sacro
2757 5861 3022 5922 Ecclesia:
3074 5869 3385 5942 principatu
