3886 6538
477 384 589 442 645

1663 378 1717 435 S.
1753 377 2056 435 DIONYSII
2089 375 2554 436 AREOPAGIT/E

3645 378 3751 433 ϐω

477 502 912 573 speculationem
968 499 1038 556 de
1092 498 1278 554 divina
1331 499 1595 567 unguenti
1635 499 2053 554 consecratione

2166 499 2245 571 tia
2274 500 2376 571 τὴν
2409 499 2537 572 περὶ
2569 498 2670 569 τῆς
2701 495 2855 562 θείας
2885 492 2981 551 τοῦ
3005 496 3175 570 μύρου
3208 495 3433 569 τελετῆς
3465 495 3754 550 ἀναπτύσ-

476 594 781 665 explicans,
807 592 913 645 ait:
940 609 958 641 ι
979 589 1099 644 Non
1122 590 1287 661 igitur
1313 589 1722 645 sacratissimus
1747 588 2056 644 divinarum

479 685 912 743 substantiarum
945 682 1082 737 ordo
1111 682 1409 753 ignoravit,
1448 682 1637 739 Jesum
1680 683 1845 739 Deum
1877 684 2056 736 maxi-

481 792 629 833 mum
654 792 685 831 e
710 774 867 829 cmlis
894 780 953 827 ut
979 774 1422 828 sanctilicaretur
1447 773 1823 838 descendisse,
1861 787 2055 829 verum

481 870 549 924 ad
583 869 878 923 humanam
910 874 1166 919 naturam
1204 881 1326 921 sese
1358 865 1429 920 ob
1453 866 1695 921 divinam
1719 881 1784 921 ac
1812 865 2058 921 inell‘abi-

478 963 584 1018 lem
614 960 736 1027 ejus
767 958 1166 1028 benignitatem
1215 968 1404 1014 sancte
1436 959 1727 1028 dejecisse,
1766 959 1944 1030 ipsum
1974 959 2060 1012 iu-

475 1053 694 1122 telligit,
744 1058 799 1105 et
842 1064 872 1103 a
913 1049 1099 1113 Patre,
1160 1065 1331 1121 seque
1362 1050 1514 1120 ipso,
1548 1064 1577 1103 a
1605 1058 1797 1105 sancto
1822 1049 2055 1120 Spiritu,

475 1145 719 1200 humano
750 1158 904 1197 more
932 1141 1333 1197 sanctiﬁcatum
1357 1155 1612 1206 cernens,
1640 1142 1920 1212 proprium
1957 1155 2060 1195 non

473 1236 553 1289 vit
576 1235 906 1305 principium
936 1234 991 1288 in
1022 1235 1107 1288 his
1129 1249 1249 1304 quae
1276 1248 1490 1288 summa
1522 1240 1791 1302 potestate
1814 1249 1910 1305 per
1935 1233 2061 1289 sub-

476 1329 753 1389 stantiam.
782 1341 905 1399 quze
940 1326 1089 1381 nullo
1120 1334 1280 1396 pacto
1316 1326 1597 1379 immutari
1630 1333 1836 1397 potest,
1871 1324 2057 1383 elﬁcit.

476 1418 660 1485 Quare
681 1433 963 1475 sacrorum
999 1418 1280 1487 signorum
1310 1416 1533 1471 traditio
1566 1427 1760 1473 sancto
1784 1432 1847 1471 ac
1871 1418 2059 1473 divino

478 1510 800 1581 seraphinos
828 1509 1152 1563 circumstat
1179 1518 1480 1579 unguento,
1516 1508 1646 1563 dum
1679 1508 1963 1564 Christum
2004 1510 2059 1563 in

481 1613 677 1659 nostra
730 1603 1069 1657 humanitate
1120 1616 1248 1655 vere
1302 1602 1631 1671 penitusque
1660 1602 2059 1657 immutabilem

477 1696 749 1767 agnoscit,
770 1702 932 1764 atque
948 1692 1236 1747 describit.
1263 1712 1281 1744 ι
1304 1690 1348 1746 Ο
1380 1694 1728 1749 sanctissima
1761 1693 1902 1748 labia
1932 1693 2061 1747 talia

477 1787 802 1858 prolocuta!
853 1785 1028 1851 Quam
1073 1800 1198 1839 vere
1254 1783 1308 1836 in
1373 1784 1507 1853 ipsis
1547 1784 1721 1839 eﬂ'usa
1764 1792 1848 1839 est
1887 1785 2062 1855 gratia

477 1880 747 1936 donorum
780 1879 1022 1951 Spiritus
1049 1878 1247 1941 sancti,
1274 1892 1304 1931 a
1344 1894 1453 1947 quo
1484 1879 1628 1934 dona
1680 1880 1735 1933 in
1791 1896 1907 1946 eos,
1968 1881 2063 1950 qui
2094 1856 2135 1911 Β

477 1986 603 2026 cum
635 1972 838 2035 animo,
887 1979 1005 2025 tum
1048 1984 1282 2040 corpore
1313 1970 1498 2025 divine
1545 1972 1860 2043 perpurgati
1910 1979 2060 2035 sunt,

475 2066 929 2137 proﬁciscuntur,
981 2079 1105 2134 qua:
1135 2060 1375 2132 pontifex
1425 2062 1514 2116 hic
1566 2064 1952 2120 sanctissimus
1980 2072 2065 2120 est

474 2150 827 2213 consecutus.
863 2155 909 2211 0
938 2157 1195 2227 linguam
1249 2156 1417 2208 rebus
1449 2154 1654 2209 divinis
1701 2156 2061 2227 explicandis,

477 2250 763 2319 sacrisque
787 2249 1092 2319 pandeudis
1141 2246 1379 2302 maxime
1408 2248 1801 2311 necessariam,
1833 2264 1955 2318 qua:
1983 2263 2066 2304 reo

475 2344 698 2397 condita
731 2345 846 2397 haec
876 2350 931 2398 et
981 2357 1182 2397 arcana
1230 2341 1493 2413 mysteria
1535 2341 1852 2410 planissima
1901 2341 2063 2397 nobis

476 2436 690 2491 eﬂecitl
720 2433 860 2489 Vere
897 2436 981 2505 (ut
1011 2433 1259 2488 divinum
1292 2434 1457 2488 habet
1487 2434 1764 2503 eloquium
1772 2445 1789 2503 )
1821 2434 2064 2490 calamus

478 2529 675 2584 scriba:
706 2528 973 2582 velociter
1007 2528 1304 2583 scribentis
1337 2528 1606 2597 appellata
1652 2535 1756 2581 est.
1801 2526 1845 2581 Ο
1872 2528 2067 2583 claris-

479 2619 675 2672 simam
717 2626 954 2671 mentem
984 2631 1107 2685 qua;
1161 2616 1475 2685 huiusmodi
1503 2616 1891 2684 cogitationes,
1944 2632 2066 2687 quae

481 2708 728 2763 onmium
769 2722 993 2763 sensum
1018 2716 1184 2778 atque
1212 2724 1522 2764 sermonem
1547 2709 1900 2773 antecellunt,
1930 2709 2064 2765 edo-

480 2807 571 2855 cta
619 2811 705 2855 est
755 2808 810 2856 et
867 2800 1135 2857 divinitus
1191 2801 1503 2857 illustrata!
1540 2800 1672 2866 Qum
1723 2799 1871 2854 enim
1909 2814 2064 2854 mens

481 2894 801 2948 acutissime
827 2901 882 2949 et
921 2895 1107 2949 divine
1136 2895 1502 2965 perspiciens,
1535 2909 1644 2949 non
1698 2908 1913 2948 omnem
1955 2892 2067 2949 he-

479 2985 777 3041 reticorum
818 2985 1247 3043 infensissimam
1294 2995 1607 3043 contemnet
1636 2986 1830 3048 aciem,
1858 2985 1912 3039 in
1940 2984 2069 3040 bre-

477 3079 719 3135 vissimis
747 3078 1059 3134 divinorum
1088 3081 1284 3135 horum
1305 3081 1598 3134 verborum
1634 3077 1904 3148 praesidiis
1930 3092 2065 3148 pro-

479 3178 709 3226 stratam
732 3177 897 3238 atque
943 3179 1323 3242 consumptam
1349 3178 1611 3239 tanquam
1654 3167 2060 3224 multitudinem
2091 3202 2134 3262 Ο

481 3262 627 3318 inter
658 3263 1078 3320 molestissimas
1129 3263 1394 3334 quasdam
1433 3264 1845 3317 vulneratorum
1897 3276 2060 3318 voces

481 3355 751 3425 sanguine
791 3356 1127 3427 pulvercque
1175 3357 1476 3411 foedatam?
1510 3355 1675 3425 376
1702 3353 1828 3409 Haec
1855 3370 1987 3410 sane
2007 3362 2063 3410 et

480 3447 704 3515 quidem
742 3446 1034 3502 admodum
1067 3447 1264 3517 exigua
1299 3448 1353 3500 in
1379 3445 1527 3500 illius
1566 3446 1951 3515 pulcherrimis
1980 3446 2065 3501 di-

482 3541 623 3595 vinae
655 3539 922 3594 doctrinae
958 3540 1158 3605 hortis,
1190 3541 1351 3611 quasi
1410 3538 1595 3605 ﬂores,
1626 3555 1655 3592 a
1683 3538 1843 3594 nobis
1874 3554 2066 3595 excer-

482 3643 575 3705 pta
601 3638 751 3696 sunt,
786 3638 844 3685 ut
875 3632 1256 3687 excellentiam
1286 3631 1685 3686 cmlestissima:
1713 3630 1885 3700 ipsius
1907 3629 2065 3686 theo-

482 3723 661 3793 logia,
690 3727 744 3777 et
770 3721 1237 3791 incomparabilis,
1297 3735 1363 3775 ac
1413 3720 1739 3775 clarissimae
1778 3718 1976 3773 divinae
2007 3717 2068 3773 il-

482 3816 592 3872 lius
620 3814 946 3871 assertionis
1002 3812 1069 3869 de
1116 3828 1248 3869 vera
1299 3823 1354 3869 et
1385 3811 1927 3883 incomprehensibili
1962 3812 2067 3867 ﬁde

483 3908 788 3963 laudarem.
819 3905 991 3961 Porro
1018 3906 1345 3976 sapientiam
1381 3917 1545 3976 atque
1594 3905 1901 3970 scientiam,
1956 3918 2064 3974 qua

481 4017 609 4057 cum
659 4001 715 4055 in
763 3998 1145 4073 gubernando.
1185 4005 1299 4052 tum
1342 3997 1397 4053 in
1443 3996 1719 4069 pascendo
1758 4012 1920 4068 grege
1958 3996 2065 4052 sibi

482 4092 802 4148 cencredito
844 4107 981 4147 usus
1028 4099 1134 4155 est,
1164 4092 1365 4162 quibus
1417 4106 1518 4159 pro
1546 4090 1815 4161 dignitate
1866 4104 2068 4144 ornare

482 4183 745 4239 laudibus
791 4185 1052 4255 possem?
1093 4200 1159 4239 ex
1194 4200 1305 4253 quo
1332 4186 1477 4238 enim
1516 4185 1683 4254 puppi
1733 4183 2068 4253 gubernator

485 4273 710 4339 insedit,
740 4274 1086 4344 apprehenso
1139 4281 1359 4328 temone
1390 4274 1632 4342 undique
1674 4279 1962 4328 ventorum
1990 4272 2070 4326 in-

484 4376 684 4417 cursus
732 4361 1023 4432 vigilanter
1084 4363 1375 4433 explorat,
1447 4363 1827 4434 procellasque
1875 4362 2070 4434 procul

485 4452 705 4522 quidem
730 4467 795 4505 ac
825 4467 967 4522 saepe
992 4451 1156 4507 etiam
1191 4452 1437 4521 proxime
1468 4452 1745 4508 irruentes
1775 4457 2068 4522 praecavet,

2161 610 2270 647 σων
2304 593 2556 665 θεωρίαν,
2582 594 2716 666 ἐρεῖ·
2753 611 2772 644 ι
2803 591 3012 646 Οὐκοῦν
3032 594 3065 664 ὴ
3088 592 3340 664 θειοτάτη
3370 591 3483 646 τῶν
3517 592 3753 663 ὑπερου-

2159 685 2359 760 ρανίων
2391 686 2586 740 οὐσιῶν
2617 687 2770 752 τάξις
2802 688 2904 740 οὐκ
2940 688 3184 765 ῄγνόηκε
3231 686 3327 741 τὸν
3371 686 3751 759 θεαρχικώτα-

2156 794 2251 832 τον
2295 774 2502 849 Ἰησοῦν
2536 780 2616 844 είς
2660 776 2721 832 τὸ
2770 776 3094 848 άγιάζεσθαι
3143 778 3574 851 κατεληλυθότα.
3623 780 3753 833 Νοεῖ

2157 864 2214 921 δὲ
2246 869 2409 922 αὐτὸν
2443 870 2605 943 ίερῶς
2638 873 2697 923 ἐν
2730 873 2844 935 τοῖς
2878 870 3000 925 καθ’
3020 873 3169 942 ἡμᾶς
3195 870 3389 925 ἐαυτὸν
3423 871 3632 940 ὑφέντα
3660 870 3747 925 δια

2158 959 2309 1013 θείαν
2340 962 2435 1014 καὶ
2465 961 2701 1034 ἄρρητον
2734 963 3068 1035 ἀγαθότητα,
3104 963 3198 1017 καὶ
3231 963 3370 1037 πρὸς
3400 962 3499 1016 τοῦ
3534 963 3749 1036 Πατρδς

2158 1051 2355 1106 ἐαυτοῦ
2388 1070 2448 1106 τε
2483 1054 2576 1107 καὶ
2608 1053 2703 1107 τοῦ
2737 1054 3054 1126 Πνεύματος
3088 1054 3582 1129 ἀνθρωποπρεπῶς
3604 1056 3756 1125 ἁγια-

2160 1142 2386 1214 ζόμενον
2417 1144 2622 1217 ὁρῶσα,
2657 1146 2759 1217 τὴν
2802 1146 3012 1199 οἰκείαν
3044 1142 3184 1199 οἶδεν
3217 1146 3416 1218 ἀρχὴν,
3467 1147 3529 1199 ἐν
3563 1139 3647 1210 οἷς
3678 1145 3748 1200 ἂν

2160 1238 2467 1313 θεαρχικῶς
2496 1238 2600 1311 δρᾷ
2631 1235 2693 1291 τὸ
2741 1238 2862 1291 κατ’
2891 1237 3081 1290 οὐσίαν
3126 1235 3492 1290 ἀναλλοίωτον
3529 1235 3744 1307 ἔχουσα.

2162 1331 2325 1386 Ὅθεν
2356 1335 2390 1402 ἡ
2424 1330 2534 1384 τῶν
2568 1326 2729 1403 ἱερῶν
2756 1329 3039 1402 συμϐόλων
3073 1328 3371 1402 παράδοσις
3403 1326 3746 1398 άγιαζομένῳ

2159 1422 2239 1495 τῷ
2281 1420 2410 1494 θείῳ
2468 1422 2624 1494 μύρῳ
2657 1424 2784 1486 τοὺς
2820 1422 3063 1495 σεραφὶμ
3095 1422 3465 1493 περιίστησιν,
3501 1418 3748 1492 ἀπαράλο

2160 1516 2357 1570 λακτον
2407 1514 2578 1569 εἰδυῖα
2630 1516 2723 1569 καὶ
2772 1516 3143 1589 διαγράφουσα
3176 1514 3269 1567 τὸν
3322 1513 3564 1586 Χριστὸν
3596 1515 3656 1567 ἐν
3682 1515 3743 1585 τῇ

2161 1607 2284 1661 καθ’
2320 1608 2465 1678 ἡμᾶς
2498 1603 2652 1678 ύλικῇ
2700 1606 2837 1679 πρὸς
2872 1606 3125 1676 ἀλήθειαν
3160 1605 3598 1677 ἐνανθρωπήσει.
3629 1622 3649 1657 ι
3688 1600 3747 1656 Ὠ

2160 1701 2270 1755 τῶν
2324 1700 2762 1773 μακαριωτάτων
2807 1700 3029 1770 χειλέων
3074 1699 3184 1752 τῶν
3224 1697 3399 1751 ταῦτα
3433 1696 3746 1767 φθεγξαμέ-

2162 1793 2301 1847 νωνῑ
2337 1792 2413 1856 ώς
2445 1791 2659 1861 άληθῶς
2689 1794 2747 1845 ἐν
2779 1792 2961 1855 αὐτοῖς
2992 1791 3085 1845 τοῦ
3121 1789 3481 1862 Παρακλήτου
3515 1787 3628 1841 τῶν
3658 1806 3748 1859 χα-

2167 1885 2466 1957 ρισμάτων,
2520 1884 2642 1937 ὅθεν
2688 1887 2743 1937 αἱ
2791 1884 2992 1956 δωρεαὶ
3022 1887 3137 1946 τοῖς
3171 1881 3412 1945 θειωδῶς
3442 1880 3627 1951 ψυχὴν
3659 1879 3747 1934 καὶ

2168 1977 2327 2048 σῶμα
2359 1975 2809 2048 κεκαθαρμένοις,
2833 1971 2914 2040 οἷς
2930 1975 3227 2047 ἐτύγχανεν
3256 1973 3334 2027 ὢν
3363 1968 3526 2036 οὗτος
3558 1976 3588 2027 ὁ
3620 1990 3749 2025 παν-

2166 2070 2387 2139 άγιστος
2443 2069 2813 2141 ἱεροφάντωρ,
2867 2069 2900 2138 ή
2952 2069 3110 2140 χάρις
3168 2066 3498 2137 ἐκκέχυταιί
3546 2066 3615 2117 Ὢ
3655 2063 3747 2134 τῆς

2167 2161 2611 2232 ἐπιτηδειοτάτης
2671 2159 2812 2232 πρὸς
2865 2159 3173 2232 ὑπηρεσίαν
3242 2158 3346 2227 τῆς
3400 2154 3749 2226 θεοφθεγξίας

2168 2250 2534 2324 ἱεροφάντιδος
2553 2248 2935 2320 γλάνττης,τῆς
2966 2250 3143 2303 τοιάδε
3177 2248 3288 2302 τῶν
3324 2245 3748 2321 κρυφιομύστων

2171 2344 2472 2415 μυημάτων
2510 2340 3022 2413 ἐκφαντορικώτατα
3044 2341 3517 2414 διατρανωσάσηςί
3545 2340 3747 2401 Ὄντως

2167 2432 2500 2505 ὀξυγράφου,
2535 2432 2676 2487 κατὰ
2713 2433 2774 2486 τὸ
2822 2432 3022 2501 λόγιον,
3077 2430 3456 2503 γραμματέως
3507 2427 3745 2501 ἐχρημά·

2165 2542 2283 2579 τισε
2319 2526 2583 2597 κάλαμος.
2607 2526 2671 2577 Ὠ
2687 2524 2786 2594 τῆς
2828 2523 3131 2594 φανοτάτης
3153 2522 3351 2594 φρενὸς
3382 2522 3485 2593 τῆς
3523 2519 3747 2574 τοιαῦτα

2165 2618 2259 2672 τὸν
2296 2618 2436 2689 ὑπὲρ
2485 2618 2664 2671 πάντα
2712 2615 2837 2669 νοῦν
2876 2614 2968 2669 καὶ
2999 2613 3160 2684 λόγον
3193 2612 3601 2684 ἐλλαμφθείσης
3632 2615 3747 2682 v01;-

2170 2709 2347 2781 μαται
2389 2708 2484 2771 Τίς
2521 2706 2630 2781 γὰρ
2653 2706 2800 2770 νοῦς,
2826 2704 3259 2777 ὀξυδερκέστατα
3292 2704 3386 2758 καὶ
3406 2703 3571 2767 θείως
3588 2701 3743 2774 ὀρῶν,

2165 2801 2266 2872 ούχ
2297 2800 2486 2871 ὥσπερ
2524 2798 2581 2853 ἐν
2627 2814 2771 2852 τισιν
2826 2797 3272 2871 ἀργαλεωτάταις
3323 2798 3531 2865 φωναῖς
3584 2810 3746 2867 τραυει

2171 2895 2379 2966 ματιῶν
2432 2894 2633 2966 πλῆθος
2699 2895 2892 2965 αἵματι
2944 2894 3036 2947 κού⁷
3086 2893 3299 2965 κονίῃσι
3362 2890 3742 2963 πεφυρμένον,

2168 2987 2313 3043 ἅπαν
2339 2987 2401 3040 τὸ
2449 2986 2561 3040 τῶν
2608 2985 2946 3059 αἱρεσιιιγτῶν
2993 2985 3426 3056 δυσμενέστατον
3466 2986 3655 3051 στῖφος
3689 2983 3748 3035 ἐν

2166 3082 2287 3143 ταῖς
2324 3078 2687 3151 βραχυτάταις
2723 3078 2832 3131 τῶν
2866 3077 3217 3149 θεοφράστων
3251 3076 3520 3147 ῥημάτων
3546 3074 3747 3128 τούτων

2167 3175 2450 3245 περιοχαῖς
2485 3171 2858 3244 κατερηριπός
2900 3189 2961 3224 τε
3000 3169 3093 3224 καὶ
3125 3167 3375 3232 διολωλὸς
3414 3165 3743 3236 κατόψεταις

2165 3263 2348 3317 Ταῦτα
2388 3263 2486 3334 μὲν
2518 3264 2581 3335 δὴ
2618 3263 2711 3316 καὶ
2756 3262 2876 3316 λίαν
2911 3261 3069 3330 ὀλίγα
3112 3259 3223 3314 τῶν
3270 3258 3625 3331 ὡραιοτάτων
3656 3258 3749 3310 αύ-

2162 3355 2255 3409 τοῦ
2308 3356 2651 3426 δογματικῶν
2703 3357 2834 3427 ἡμῖν
2889 3354 3219 3427 ἀπήνθισται
3269 3350 3577 3423 λειμώνων,
3630 3351 3750 3403 ὅσον

2163 3444 2503 3500 καλλωπίσαι
2549 3445 2650 3516 τὴν
2702 3447 2978 3517 εὐφημίαν
3032 3445 3132 3515 τῆς
3185 3442 3535 3516 ὑψηλοτάτης
3590 3439 3750 3495 αὐτοῦ

2164 3535 2461 3606 θεολογίας,
2503 3538 2595 3591 καὶ
2628 3538 2728 3609 τῆς
2784 3536 3174 3610 ἀπαραὸλήτου
3212 3536 3305 3589 καὶ
3354 3535 3745 3604 διαυγεστάτης

2164 3628 2475 3703 ὀρθοδοξίας
2526 3631 2626 3702 τῆς
2664 3630 2899 3702 ἀληθοῦς
2935 3631 3028 3685 καὶ
3084 3630 3330 3701 ἀλήπτου
3373 3628 3634 3691 πίστεως.
3669 3626 3744 3696 Τῇ

2163 3726 2223 3779 δέ
2258 3744 2322 3795 γε
2351 3725 2718 3797 κυϐερνητικῇ
2759 3722 2923 3795 σοφίᾳ
2940 3723 3034 3777 καὶ
3073 3723 3404 3793 ποιμαντικῇ
3446 3720 3743 3791 ἐπιστήμῃ,

2170 3818 2285 3891 μεθ’
2307 3812 2375 3888 ἧς
2418 3817 2481 3870 τὸ
2532 3816 2892 3887 ἐμπιπευθέν
2926 3816 3100 3869 διεῖπε
3134 3813 3409 3884 ποίμνιον,
3465 3812 3653 3873 ποίους
3682 3809 3746 3865 ἂν

2167 3910 2424 3977 ἐπαξίους
2489 3907 2795 3981 ἐφαρμόσαι
2850 3908 3078 3981 κρότους
3135 3905 3462 3976 ίσχύσαιμις
3515 3904 3593 3967 ὡς
3643 3901 3747 3973 γάρ

2166 4001 2505 4075 κυϐερνήτης
2553 4001 2653 4072 τῆς
2706 3999 2961 4073 πρύμνης
3018 3997 3441 4070 ἐπικαθήμενος,
3500 3996 3596 4051 καὶ
3643 3994 3744 4048 τῶν

2166 4090 2366 4145 οἰάκων
2396 4089 2797 4162 ἐπειλημμένος
2834 4087 3150 4160 ἐγρηγόρως
3187 4084 3460 4139 πάντοθεν
3492 4098 3742 4158 περισκο-

2167 4187 2261 4237 πεῖ
2294 4183 2395 4246 τὰς
2430 4182 2540 4236 τῶν
2576 4182 2794 4251 ἀνέμων
2840 4179 3093 4248 ἐφόδους’
3133 4176 3384 4240 καὶτοὺς
3423 4176 3523 4248 μὲν
3560 4190 3742 4230 καται-

2166 4274 2409 4344 γιδώδεις
2462 4271 2897 4345 προφυλάττεται
2959 4268 3306 4340 πόρρωθενῆ
3347 4267 3599 4339 σχεδόθεν
3649 4267 3742 4320 ίόν-

2166 4384 2267 4431 τας
2313 4366 2589 4431 πολλάκις,
2632 4364 2725 4419 καὶ
2760 4364 2888 4427 τοὺς
2923 4357 3217 4434 πλωτῆρας
3268 4360 3738 4432 προασφαλίζεται,

2168 4460 2262 4514 καὶ
2310 4458 2409 4531 τὴν
2445 4458 2546 4529 τῆς
2594 4457 2790 4529 ἀέλλης
2846 4454 3389 4528 προκαταλαμϐάνων
3448 4453 3739 4525 ἔμπτωσιν,

484 4553 850 4615 vectoresque
880 4551 1030 4601 tutos
1059 4544 1258 4607 reddit,
1317 4544 1552 4600 turbinis
1588 4544 1934 4601 incursiones
1966 4560 2061 4599 an-

2169 4550 2415 4623 προχαλᾷ
2490 4552 2603 4613 τοῖς
2672 4548 2954 4622 προτόνοις
3020 4548 3083 4601 τὸ
3150 4548 3319 4601 ἱστίον
3383 4548 3479 4602 καὶ
3543 4547 3737 4618 ὑφίησι.

484 4638 705 4694 tevertit
729 4677 745 4702 ,
779 4636 1105 4692 rudentibus
1133 4638 1250 4692 vela
1282 4638 1542 4693 subducit
1569 4678 1584 4702 ,
1618 4646 1784 4709 atque
1813 4638 2067 4693 remittit.

556 4727 826 4784 Caeterum
856 4728 922 4782 ad
952 4727 1222 4783 secundos
1263 4737 1455 4784 ventos
1491 4730 1720 4792 attollit,
1740 4735 2073 4800 ‘rursusque

485 4822 637 4878 velut
667 4827 973 4890 opportune
1000 4821 1273 4890 aperiens,
1306 4823 1490 4876 navim
1522 4823 1680 4876 clavo
1710 4821 1935 4891 subigit,
1968 4836 2069 4875 na-

483 4913 930 4986 vigationemque
981 4906 1170 4967 carina
1222 4915 1365 4971 unda
1412 4922 1767 4986 personante,
1796 4914 2071 4969 secundo—

483 5021 595 5076 aue
635 5005 696 5059 in
741 5003 966 5073 puppim
1025 5013 1188 5065 vento
1248 5008 1591 5069 exsufﬂante,
1630 5008 1788 5062 laetus
1834 5006 2064 5076 perlicit.

488 5093 646 5162 Quod
674 5093 723 5149 si
742 5093 950 5149 alicubi
974 5096 1283 5166 procellosa
1326 5104 1631 5167 tempestas
1680 5097 1921 5167 ingruat,
1969 5112 2069 5152 na-

487 5187 598 5241 vim
623 5194 742 5241 arte
764 5186 996 5256 quadam
1021 5189 1286 5260 singulari
1315 5192 1651 5260 superiorem
1677 5189 1841 5247 undis
1860 5190 2071 5247 consti-

490 5278 597 5332 tuit
618 5289 672 5333 et
701 5278 1035 5334 incolumem
1059 5288 1264 5337 servat.
1290 5281 1359 5336 At
1378 5283 1425 5337 si
1453 5282 1673 5352 quando
1691 5285 1842 5339 venti
1873 5283 2073 5338 rcﬂare

490 5370 777 5434 desierint,
813 5371 1032 5443 altaque
1064 5374 1438 5443 tranquillitas
1487 5378 1800 5431 universam
1842 5375 2070 5432 sedave-

491 5464 563 5517 rit
587 5467 989 5535 tempestatem.
1023 5482 1201 5535 neque
1229 5466 1304 5520 ita
1336 5467 1506 5536 quieti
1548 5484 1607 5523 sc
1639 5476 1733 5523 aut
1760 5469 1944 5539 sopori
1972 5469 2070 5524 de-

493 5550 594 5615 dit,
626 5555 721 5609 sed
748 5556 1049 5625 remigibus
1091 5555 1271 5608 navim
1318 5555 1486 5609 remis
1540 5557 2065 5628 subigereimperat,

496 5650 851 5715 hortaturque
876 5646 1101 5702 omnino
1142 5647 1368 5717 vigilare
1391 5688 1406 5713 ,
1447 5654 1506 5702 ut
1534 5663 1658 5703 cum
1694 5650 1939 5719 pericula
1967 5666 2067 5705 na-

490 5742 743 5794 vigantcs
765 5734 1072 5807 eﬂ'ugerint,
1100 5745 1325 5807 peracta
1357 5739 1705 5809 navigatione
1745 5755 1869 5795 cum
1918 5757 2067 5797 merc

492 5822 650 5882 cibus
672 5832 891 5897 portum
943 5829 1150 5886 intrare
1179 5828 1411 5886 feliciter
1460 5834 1696 5904 possint.
1729 5832 1848 5891 Non
1906 5849 2067 5891 secus

2250 4732 2394 4805 Πρὸς
2425 4732 2482 4786 δέ
2524 4734 2652 4797 τοὺς
2687 4734 2903 4807 ούρίους
2937 4732 3301 4797 διανίσταται,
3350 4732 3446 4787 καὶ
3480 4732 3545 4786 τὸ
3579 4733 3739 4807 ἄρμε-

2168 4841 2257 4879 νον
2289 4822 2444 4889 αὖθις
2480 4825 2812 4890 ἐκπετάσας,
2858 4824 3093 4888 εὐθέτως
3138 4823 3495 4897 πηδαλιουχεῖ
3531 4823 3629 4896 τὴν
3660 4822 3739 4878 ολ-

2169 4913 2326 4978 κάδα,
2367 4915 2460 4968 καὶ
2498 4914 2591 4967 τὸν
2621 4914 2792 4968 πλοῦν
2837 4913 3202 4984 ἀγαλλόμενος
3240 4912 3471 4979 διανύει,
3524 4913 3619 4968 τοῦ
3651 4911 3736 4966 κύ-

2172 5023 2340 5077 ματος
2379 4984 2768 5079 περιηχοῦντος
2799 5009 2866 5077 τῇ
2887 5006 3118 5079 τρόπιδι,
3158 5006 3259 5061 καὶ
3288 5006 3383 5060 τοῦ
3426 5006 3597 5079 φοροῦ
3613 5003 3736 5060 κατὰ

2169 5096 2426 5170 πρύμνης
2465 5098 2748 5168 φυσῶντος
2786 5098 3116 5169 πνεύματος.
3167 5098 3231 5151 Et
3275 5096 3335 5151 δέ
3391 5116 3496 5153 που
3534 5099 3624 5153 καὶ
3654 5114 3738 5152 κυ-

2172 5190 2423 5263 ματώδης
2460 5192 2817 5246 ἐπανίσταται
2851 5191 3007 5262 ζάλη,
3068 5190 3214 5243 ἔστιν
3263 5190 3353 5244 ὅτε
3388 5194 3458 5264 τῇ
3495 5194 3627 5265 σοφῇ
3660 5189 3737 5243 τέ-

2169 5298 2272 5354 χνῃ
2305 5282 2366 5336 τὸ
2407 5284 2614 5351 σκάφος
2650 5282 2834 5352 τίθησι
2864 5280 2975 5335 τῶν
3010 5280 3271 5351 κυμάτων
3323 5280 3618 5355 ἀνώτερον,
3655 5277 3731 5333 καὶ

2168 5375 2512 5445 ἁναυάγητον
2545 5374 2827 5439 διασώζει·
2871 5374 2965 5428 καὶ
3001 5372 3054 5427 εἴ
3085 5390 3216 5426 ποτε
3253 5374 3489 5445 νηνεμία
3528 5372 3619 5427 καὶ⁵
3650 5388 3738 5439 γα·

2168 5465 2304 5536 λήνη
2345 5465 2534 5536 βαθεῖα
2588 5466 2849 5520 παντοίαν
2904 5466 3224 5520 κατευνάσοι
3276 5465 3596 5537 τρικυμίαν,
3638 5460 3736 5517 οὐδ’

2168 5557 2342 5621 οὕτως
2392 5561 2591 5632 ἠρεμεῖ
2654 5560 2750 5614 καὶ
2817 5558 3104 5622 καθεύδει,
3162 5557 3299 5612 ἀλλὰ
3352 5562 3470 5623 τοῖς
3535 5558 3730 5629 ἐρέταις

2169 5650 2513 5719 ἐγκελεύεται
2548 5651 2646 5723 τὴν
2683 5651 2817 5705 ναῦν
2875 5650 3118 5705 ἐλαύνειν
3168 5652 3282 5714 τοῖς
3335 5652 3607 5723 ἐρετμοῖς,
3650 5645 3726 5701 κα)

2169 5745 2425 5813 παραινεῖ
2468 5745 2657 5816 νήφειν
2706 5743 2793 5798 διά
2848 5744 3047 5808 παντὸς
3069 5784 3084 5808 ,
3148 5743 3237 5797 ἵνα
3290 5745 3419 5807 τοὺς
3474 5741 3725 5800 κινδύνους

2167 5834 2486 5909 διαδράντας
2523 5837 2650 5900 τοὺς
2681 5834 3128 5906 ναυτιλλομένους
3163 5834 3261 5887 σὺν
3296 5834 3413 5896 τοῖς
3448 5831 3723 5917 ἀγωγὶῥοιε
