3886 6556
157 420 250 476 645

1121 413 1294 473 VflA,
1332 417 1660 465 AUL'IUnb
1694 418 2044 466 MiLhAhLb
2079 419 2411 473 δῖΝὺΙελΙιΟ.

3274 431 3380 488 646

158 537 496 598 εὐτλοοῦντας
540 529 620 601 τῷ
670 528 848 601 λιμένι
899 530 1318 602 προσορμίσειεν
1345 546 1360 561 ο
1400 529 1536 584 ἀλλὰ
1596 529 1702 601 μὴν

1808 533 1969 586 etiam
2021 550 2084 589 ac
2133 539 2418 606 caprarius
2472 537 2673 610 aliquis
2733 538 2880 595 feras
2939 545 3276 612 perniciosas
3326 555 3381 603 et

159 631 388 699 milipr
421 643 504 690 τις
542 623 760 686 αἰπόλος
790 621 930 684 ,τοὺς
985 620 1084 692 μὲν
1131 620 1492 692 λυμαντικοὺς
1529 623 1701 697 θῆρας

157 720 493 792 ἐφορμῶντας
532 717 752 787 αἰχμαῖς
785 714 997 786 ἀμύνει,
1031 714 1122 767 καὶ
1159 715 1436 788 σφενδόνῃ,
1475 717 1567 769 καὶ
1603 735 1702 770 κα-

157 815 400 886 λαύροπι,
457 809 546 863 καὶ
600 808 776 879 μέσων
815 805 1022 859 νυκτῶν
1055 807 1102 859 εί
1140 807 1446 877 πειραθεῖεν
1482 807 1705 879 ἐπιδρα-

159 908 282 976 μεῖν,
319 903 564 974 λαμπάσι
596 900 688 953 καὶ
727 898 897 970 πυρὸς
935 896 1202 960 ἀκοντίοις
1238 897 1562 952 δεδίττεται·
1604 916 1702 952 πε-

155 999 420 1071 ριφρουρεῖ
453 995 508 1048 δὲ
556 993 623 1046 τὰ
681 991 930 1064 πρόϐατα
984 992 1160 1062 πάντη
1216 991 1542 1062 περιπολῶν,
1595 991 1704 1045 τῶν

156 1089 242 1159 μὲν
275 1084 612 1160 φθοροποιῶν
647 1083 740 1138 καὶ
771 1081 1011 1154 νοσερῶν
1039 1082 1266 1152 ἀπάγων
1305 1083 1506 1154 νομῶν,
1539 1084 1628 1137 ἐπὶ
1649 1084 1703 1137 δὲ

149 1180 236 1242 τὰς
274 1177 630 1248 όνησιφόρους
679 1174 770 1228 καὶ
807 1172 1098 1237 καλλίστας
1135 1174 1311 1242 ἄγων·
1367 1173 1459 1227 καὶ
1507 1173 1568 1226 τὸ
1607 1175 1704 1245 μὲν

150 1270 304 1332 ἑστὼς
324 1269 414 1322 καὶ
433 1267 600 1336 ὐγιῶς
622 1266 742 1337 ἐχον
758 1265 1040 1333 φυλάττων
1059 1267 1258 1329 ἀσινὲς,
1282 1264 1343 1318 τὸ
1379 1265 1436 1318 δὲ
1476 1282 1699 1320 πεπτω-

149 1366 251 1429 κὸς,
271 1365 302 1436 ἢ
323 1363 631 1434 νενοσηκὸς,
652 1359 685 1433 ἢ
705 1360 1064 1432 τεθλασμένον
1080 1403 1092 1424 ,
1113 1361 1145 1432 ἢ
1167 1362 1702 1434 τετραυματισμένον

147 1456 394 1528 ἀνορθῶν,
419 1455 514 1509 καὶ
553 1455 948 1526 περισφίγγων,
971 1453 1204 1523 ἀλείφων
1232 1471 1291 1506 τε
1327 1453 1418 1508 καὶ
1445 1453 1668 1524 ἰώμενος
1686 1471 1698 1482 ·

147 1549 388 1613 πολλάκις
425 1550 482 1602 δὲ
519 1547 610 1602 καὶ
645 1546 754 1600 τῶν
789 1546 994 1617 ὀνύχων
1031 1546 1123 1600 καὶ
1159 1546 1442 1616 στομάτων
1473 1542 1582 1598 τῶν
1604 1547 1703 1616 ἁρ-

147 1641 412 1696 πακτικῶν
448 1640 652 1712 Θηρίων
699 1636 761 1692 τὸ
816 1639 1062 1709 ἁρπαγὲν
1098 1639 1333 1708 ἐμπνέον
1365 1638 1446 1690 ἐτι
1482 1638 1574 1691 καὶ
1605 1655 1702 1690 πε-

147 1736 418 1805 ρισπαῖρον
453 1729 867 1802 ἀποσπώμενος,
907 1731 999 1783 καὶ
1037 1728 1430 1800 άναζωπυρῶν,
1472 1730 1564 1782 καὶ
1592 1723 1702 1782 οἷον

144 1826 199 1876 ἐκ
234 1824 463 1878 Θανάτου
515 1823 652 1895 πρὸς
705 1821 851 1894 ζωὴν
889 1819 1256 1892 ἀνακομίζωνο
1307 1821 1398 1874 τὸν
1438 1821 1600 1875 αὐτὸν
1635 1820 1700 1892 δὴ

141 1915 326 1989 τρόπον
345 1916 374 1967 ό
395 1914 708 1984 σοφώτατος
749 1915 1088 1985 κυϐερνήτης
1123 1908 1294 1977 οὗτος,
1330 1913 1489 1966 οἱονεὶ
1519 1912 1700 1966 πλοῖον

140 2008 226 2079 τὴν
273 2008 574 2077 νεόπηκτον
607 2005 866 2070 οἰακίζειν
918 2005 1241 2075 Ἐκκλησίαν
1280 2004 1571 2076 προαχθεὶς
1594 2045 1608 2068 ,
1645 2007 1702 2058 ἐν

143 2101 278 2171 μέσῳ
315 2101 592 2168 πελάγους
647 2099 916 2162 κλύδωνος
965 2098 1300 2169 πανταχόθεν
1346 2097 1700 2168 ἐπεγειρομέ-

140 2210 248 2256 νου,
298 2193 392 2246 καὶ
461 2193 698 2264 ποίμνης
766 2191 988 2261 λογικῆς
1048 2190 1326 2259 νεογενοῦς
1385 2189 1702 2244 ἐπιστασίαν

139 2283 553 2355 ἐμπιστευθεὶς,
608 2286 708 2355 τῆς
744 2283 1130 2354 είδωλομανίας
1184 2282 1416 2355 ἰσχυρῶς
1469 2285 1700 2354 ἐπικραο

136 2377 340 2448 τούεης,
375 2378 477 2432 τοῦ
517 2395 576 2430 τε
624 2377 888 2448 τυράννου
941 2377 1033 2429 καὶ
1085 2375 1192 2428 τῶν
1228 2376 1322 2428 τοῦ
1361 2375 1560 2446 κόσμου
1598 2393 1701 2446 μα-

139 2469 286 2521 ταίων
327 2469 534 2539 σοφῶν,
588 2471 679 2522 καὶ
733 2470 976 2541 ρητόρων
999 2510 1013 2533 ,
1065 2469 1248 2542 θηρῶν
1295 2469 1701 2542 ἐμμανέστερον

138 2559 261 2610 κατά
294 2559 404 2612 τῶν
446 2559 506 2624 ἐξ
575 2559 868 2629 Ἰουδαῖκῆς
921 2558 1178 2622 σκιώδους
1226 2559 1630 2631 νομολατρείας,
1668 2555 1700 2628 ἢ

136 2650 222 2719 τῆς
263 2651 589 2722 Ἑλληνικῆς
634 2650 819 2714 ἀθεῖας
863 2651 954 2704 ἐπὶ
988 2651 1086 2722 τὴν
1135 2652 1213 2714 είς
1246 2651 1480 2722 Χριστὸν
1528 2649 1698 2721 εὐαγῆ

138 2742 301 2796 πίστιν
355 2741 837 2815 μεταφοιτώντων,
882 2742 1235 2813 μαινομένων,
1271 2739 1700 2811 εὐδοκιμώτατος

136 2838 455 2906 προστάτης,
515 2835 609 2888 καὶ
642 2834 1016 2904 γνησιώτατος
1068 2834 1163 2887 τοῦ
1198 2833 1436 2906 Χριστοῦ
1475 2834 1696 2906 ποιμὴν,

136 2925 344 2995 καὶτῆς
391 2922 766 2992 ἀποστολικῆς
819 2921 1137 2995 προεδρείας
1187 2920 1262 2984 ώς
1295 2919 1508 2992 άληθῶς
1553 2918 1700 2982 ἄξιος

135 3017 422 3088 ἀνεδείχθη,
480 3015 576 3068 τὸν
622 3014 901 3068 θεόλεκτον
951 3015 1076 3068 λαὸν
1129 3012 1466 3086 κηδεμονικῷ
1514 3028 1573 3065 τε
1608 3010 1700 3065 καὶ

135 3107 483 3178 φιλαγρύπνῳ
520 3105 613 3158 καὶ
648 3103 927 3182 θαρσαλέῳ
961 3102 1234 3176 περιέπων
1256 3104 1582 3175 φρονήματι,
1608 3101 1698 3156 καὶ

133 3196 219 3266 τὴν
267 3199 364 3268 μὲν
397 3197 514 3250 τῶν
555 3197 846 3268 προφανῶν
876 3194 974 3265 τῆς
1009 3195 1242 3257 πίστεως
1275 3192 1584 3265 ἀλλοτρίων,
1608 3193 1700 3247 καὶ

132 3291 214 3343 τοῦ
247 3291 388 3344 Θείου
424 3289 788 3362 κηρύγματος
839 3287 1094 3341 ἐναντίων
1142 3286 1478 3349 λυσσωδίαν,
1527 3289 1594 3358 τῇ
1642 3304 1703 3340 τε

130 3382 228 3434 τῶν
272 3382 689 3454 καθαρωτάτων
723 3380 812 3432 καὶ
851 3379 1342 3450 εὐπαρῤησιάστων
1389 3377 1705 3450 προσευχῶν

132 3472 349 3546 εὐτονίᾳ,
389 3475 488 3528 καὶ
521 3475 643 3536 ταῖς
676 3471 782 3525 τῶν
813 3471 976 3524 ὁσίων
1023 3470 1220 3542 χειρῶν
1253 3469 1390 3542 πρὸς
1421 3469 1514 3522 τὸν
1551 3469 1706 3523 δυνά-

135 3581 279 3633 μενον
327 3566 559 3640 θραύειν
613 3563 783 3634 αὐτὴν
835 3563 968 3616 Θεὸν
1032 3562 1290 3616 ἐκτάσεσι
1337 3561 1429 3615 καὶ
1463 3562 1704 3616 ἐκτενέσι

129 3654 362 3728 δεήσεσιν
412 3656 887 3728 ἀποτρεπόμενος.

193 3749 301 3820 Τὴν
332 3750 391 3802 δὲ
423 3747 541 3801 τῶν
591 3745 939 3818 προσχήματι
1003 3744 1098 3815 μὲν
1143 3743 1376 3804 οἰκείων,
1411 3741 1618 3814 ἐχθρῶν
1648 3740 1705 3794 δὲ

131 3842 396 3894 κακίστων
427 3838 590 3892 οὐδὲν
623 3839 845 3908 ἄμεινον
900 3836 1276 3907 διακειμένων,
1311 3835 1400 3888 καὶ
1435 3834 1704 3906 προϐάτου

133 3933 218 4001 μὲν
248 3933 413 4005 δορὰν
450 3931 675 3984 ἔκτοθεν
733 3929 1228 4000 περιϐεϐλημένων,
1284 3926 1395 3990 ἕξιν
1425 3926 1479 3979 δέ
1519 3925 1703 3988 λύκου,

130 4024 212 4075 καὶ
262 4024 501 4096 γνώμην
573 4021 780 4075 ἔνδοθεν
843 4020 1334 4092 βυσσοδομούντων,
1395 4018 1706 4089 εὐφώρατον

128 4117 252 4170 πᾶσι
283 4117 465 4180 τιθεὶς
500 4113 875 4184 κακορῤαφίαν
907 4131 966 4165 τε
1002 4113 1092 4166 καὶ
1113 4111 1410 4182 δολιότητα.
1448 4110 1558 4173 Τάς
1591 4109 1706 4180 μέν·

126 4225 201 4263 τοι
231 4208 341 4262 τῶν
374 4207 653 4277 σοφιστῶν
687 4206 776 4259 καὶ
812 4205 1056 4276 ρητόρων
1093 4203 1203 4256 τῶν
1233 4203 1372 4256 κατά
1399 4201 1493 4256 τοῦ
1531 4217 1705 4270 σωτη-

131 4303 235 4372 ρίου
268 4302 548 4372 δόγματος
598 4297 983 4368 σοφιζομένων,
1019 4297 1110 4350 καὶ
1141 4295 1501 4358 διαλεκτικαῖς
1552 4295 1708 4366 μεθό-

126 4393 246 4460 δοις,
285 4393 642 4464 σοφιστικαῖς
661 4408 722 4443 τε
772 4391 864 4442 καὶ
919 4391 1234 4461 ρητορικαῖς
1263 4387 1526 4458 δεινότησι
1560 4405 1701 4458 χρω-

131 4487 322 4556 μένων,
360 4486 684 4558 προτάσεις,
716 4483 992 4546 ἐνστάσεις
1021 4499 1081 4535 τε
1117 4483 1209 4535 καὶ
1241 4481 1538 4544 ἀντιθέσεις
1570 4481 1705 4552 ἀρά-

1804 636 2142 694 grassantes,
2173 631 2422 700 cuspide,
2452 630 2644 698 funda,
2682 631 2943 703 virgaque
2976 639 3234 706 pastorali
3285 655 3378 692 ar-

1805 733 1958 782 cens,
1984 719 2028 774 si
2053 721 2244 775 mediis
2271 723 2524 778 noctibus
2549 723 2893 780 incursiones
2918 725 3095 783 facere
3144 738 3378 795 tentent,

1805 809 2016 866 facibus
2037 813 2269 883 telisque
2296 815 2467 884 igneis
2513 818 2744 878 territat,
2777 819 3016 872 custodit
3041 829 3220 875 autem
3249 841 3384 880 oves

1805 902 2006 970 ubique
2026 903 2352 965 obcrrando,
2371 907 2492 961 illas
2516 923 2544 960 a
2574 909 2754 963 noxiis
2777 911 2997 979 pascuis
3023 912 3376 980 submovens,

1803 999 1858 1044 et
1877 991 2106 1048 utilibus
2134 1003 2295 1065 atque
2324 999 2711 1053 amoenissimis
2755 1000 3022 1057 inducens
3051 1023 3064 1060 :
3100 1007 3244 1074 quod
3287 1008 3380 1061 fir-

1804 1100 1952 1138 mum
1999 1094 2084 1140 est
2131 1095 2292 1157 atque
2343 1104 2560 1154 sanum,
2608 1101 2896 1146 conservat
2944 1094 3234 1161 incolume,
3264 1101 3382 1154 col-

1805 1177 2016 1248 lapsqu
2040 1195 2189 1244 vero,
2215 1188 2268 1233 et
2293 1189 2584 1252 aegrotans,
2623 1191 2714 1236 aut
2743 1184 2974 1238 fractum
3010 1195 3102 1240 aut
3125 1191 3379 1245 vulnera-

1805 1277 1921 1326 tum
1951 1271 2160 1342 dirigit,
2192 1274 2538 1343 constringit,
2586 1275 2741 1344 ungit
2786 1284 2838 1329 et
2864 1288 3100 1347 reparat.
3130 1280 3379 1336 Plerum-

1805 1379 1910 1432 que
1947 1362 2091 1417 enim
2145 1365 2212 1418 ab
2257 1366 2532 1434 unguibus
2555 1374 2610 1419 et
2664 1382 2756 1421 ore
2784 1366 3020 1423 ferarum
3073 1375 3374 1442 rapacium,

1806 1454 1952 1524 quod
2001 1463 2216 1524 raptum
2269 1467 2376 1520 est,
2432 1472 2609 1525 neque
2638 1460 2857 1526 penitus
2885 1473 2968 1515 est
3014 1474 3375 1534 peremptum,

1807 1549 1901 1604 sed
1935 1547 2112 1602 adhuc
2167 1550 2338 1618 spirat
2397 1558 2450 1603 et
2485 1551 2731 1620 palpitat,
2784 1555 2986 1616 avellit,
3037 1565 3274 1620 recreat,
3326 1569 3379 1614 et

1809 1653 2064 1713 tanquam
2099 1643 2165 1697 de
2215 1652 2393 1698 morte
2441 1645 2507 1697 ad
2543 1646 2707 1700 vitam
2774 1655 3012 1701 revocat.
3059 1647 3173 1704 Hoc
3217 1650 3382 1704 modo

1808 1734 2253 1804 sapientissimus
2281 1733 2385 1786 iste
2429 1734 2760 1802 gubernator
2793 1735 3091 1792 Ecclesiam
3138 1749 3196 1792 ut
3225 1741 3381 1794 navi-

1807 1827 1952 1893 gium
1984 1841 2156 1894 nuper
2189 1836 2530 1894 compactum
2555 1827 2608 1881 in
2632 1830 2809 1884 medio
2838 1832 2972 1883 mari
3002 1830 3254 1886 fluctibus
3283 1849 3382 1886 un-

1804 1917 1968 1986 dique
2001 1915 2384 1986 ingruentibus
2409 1932 2598 1987 rcgere
2629 1934 2918 1990 aggressus
2944 1931 3062 1986 est,
3111 1933 3163 1977 et
3199 1925 3382 1995 gregis

1803 2024 1977 2079 nuper
2014 2008 2125 2062 nati
2170 2009 2262 2077 qui
2315 2023 2546 2077 compos
2598 2019 2683 2064 cst
2717 2014 2966 2076 rationis,
2999 2014 3381 2083 praefecturam

1802 2101 1990 2171 gessit.
2067 2099 2505 2156 Simulacrorum
2567 2103 2694 2158 item
2761 2105 2974 2160 insania
3030 2107 3384 2163 vehementer

1803 2191 2233 2262 ingravescente,
2266 2206 2389 2245 cum
2441 2195 2677 2264 tyranni,
2718 2202 2831 2248 tum
2862 2197 3155 2250 stultorum
3190 2198 3380 2252 mundi

1803 2283 2134 2354 sapientum,
2184 2299 2246 2338 ac
2297 2283 2602 2350 rhetorum,
2653 2287 2745 2356 qui
2797 2296 2989 2342 contra
3031 2306 3126 2344 eos
3176 2289 3289 2360 (qui
3316 2307 3384 2346 ex

1803 2371 2028 2428 Iudaica
2063 2382 2119 2428 et
2143 2375 2424 2429 umbratili
2470 2377 2607 2447 legis
2648 2379 3052 2441 observatione,
3085 2382 3386 2452 gentilique

1803 2464 2104 2534 impietate,
2150 2465 2218 2518 ad
2274 2475 2520 2519 sanctam
2560 2466 2763 2521 Christi
2829 2468 2988 2522 fidem
3037 2471 3382 2540 trasplantati

1802 2556 1952 2624 sunt)
1986 2557 2264 2613 crudelius
2309 2573 2472 2626 quam
2534 2557 2660 2614 ferte
2705 2559 3044 2629 desaeviunt,
3091 2563 3384 2632 prwfcctus

1801 2650 1964 2720 377
2019 2650 2474 2716 laudatissimus,
2543 2659 2597 2706 et
2656 2655 3115 2724 generosissimus
3174 2656 3382 2712 Christi

1801 2750 2010 2811 pastor.
2049 2750 2103 2796 et
2162 2743 2466 2812 apostolica
2524 2744 2849 2813 prchectura
2913 2761 3044 2801 sane
3103 2763 3265 2816 quam
3300 2748 3388 2803 di-

1807 2848 1947 2902 gnus
2005 2833 2314 2889 declaratus
2372 2842 2493 2896 est,
2560 2842 2613 2888 et
2673 2836 2906 2889 electum
2971 2835 3063 2892 Dei
3124 2841 3382 2908 populor

1811 2923 2140 2994 perspicaci,
2193 2924 2341 2994 vigili
2381 2939 2445 2977 ac
2486 2925 2760 2994 intrepido
2797 2927 2980 2979 animo
3020 2929 3178 2991 rexit,
3219 2936 3272 2983 et
3313 2929 3388 2983 fe-

1801 3015 2016 3070 ritatem
2068 3030 2258 3070 eorum
2322 3016 2415 3085 qui
2454 3015 2670 3086 profani
2719 3024 2772 3071 et
2812 3017 2972 3072 alieni
3022 3033 3052 3071 a
3105 3018 3207 3075 fide
3244 3036 3386 3090 pra:-

1803 3109 2067 3164 dicationi
2128 3108 2506 3173 adversantur,
2566 3110 2988 3180 purissimarum
3027 3128 3252 3182 precum
3292 3130 3385 3169 ce-

1729 3236 1772 3294 ς
1805 3202 2078 3265 lebritate,
2122 3215 2185 3254 ac
2223 3201 2480 3271 loquendi
2521 3202 2790 3264 libertate,
2824 3213 3245 3272 sanctarumque
3269 3219 3385 3257 ma-

1808 3313 1980 3351 nuum
2022 3296 2362 3358 extensione.
2405 3309 2506 3349 nec
2546 3311 2654 3348 non
2712 3294 2952 3350 assiduis
3009 3310 3138 3366 erga
3191 3294 3386 3362 Deum,

1807 3390 1901 3459 qui
1935 3387 2110 3459 ipsam
2153 3388 2406 3458 frangere
2447 3386 2718 3442 feritatem
2780 3394 2983 3456 potest,
3025 3386 3388 3456 supplicatio-

1807 3483 1970 3538 nibus
2007 3482 2383 3537 commutavit.

1876 3746 2048 3803 Porro
2076 3761 2265 3803 eorum
2297 3745 2391 3817 qui
2439 3744 2738 3799 amicitiam
2782 3748 3114 3815 praetexunt,
3147 3753 3272 3793 cum
3304 3736 3391 3791 ni-

1808 3840 1920 3895 hilo
1968 3856 2089 3895 sese
2140 3839 2396 3909 pessimis
2462 3837 2715 3893 hostibus
2772 3836 2972 3890 melius
3030 3833 3289 3893 habeant,
3337 3835 3394 3884 et

1807 3933 1990 3987 ovium
2019 3932 2236 4003 quidem
2271 3931 2466 4002 pellem
2497 3930 2765 3994 exterius,
2823 3928 2935 3997 lupi
2966 3941 3099 3982 vero
3145 3921 3391 3976 habitum

1808 4025 2038 4078 interius
2072 4021 2457 4076 circumcincti
2505 4021 2740 4076 insidias
2776 4020 2962 4075 animo
2991 4023 3236 4079 struunt,
3267 4029 3393 4084 per-

1807 4115 2056 4185 spicuum
2089 4113 2346 4168 omnibus
2378 4111 2562 4167 dolum
2589 4119 2644 4165 et
2676 4112 2926 4167 fraudem
2957 4111 3107 4167 fecit.
3136 4105 3390 4176 Proposi-

1808 4207 1984 4260 tiones
2014 4220 2164 4270 vero,
2201 4204 2536 4260 intentiones
2577 4219 2641 4257 ac
2678 4205 3059 4276 oppositiones
3112 4201 3390 4272 sophista-

1807 4315 1928 4353 rum
1955 4296 2343 4367 rhetorumque
2367 4305 2559 4352 contra
2593 4295 2904 4354 Servatoris
2934 4295 3239 4353 doctrinam
3270 4293 3390 4350 dis-

1809 4389 2131 4453 serentium,
2166 4405 2230 4444 ac
2259 4389 2559 4444 dialecticis
2607 4388 2826 4446 dicendi
2859 4389 3165 4444 rationibus
3201 4387 3389 4458 sophi‘

1809 4480 2070 4550 sticisque
2114 4496 2179 4535 ac
2231 4480 2522 4535 rhetoricis
2564 4482 2905 4552 argumentis
2944 4480 3230 4548 utentium,
3262 4495 3388 4536 ara-

127 4595 252 4649 χνης
319 4579 477 4631 ἱστὸν
529 4575 838 4629 εὐδιάλυτον
904 4577 1090 4644 ἡγεῖτο
1151 4573 1242 4626 καὶ⁵
1293 4573 1702 4641 εὐδιάθρυπτον,

1809 4589 1926 4628 nea:
1961 4575 2147 4637 telam,
2199 4589 2318 4644 quae
2375 4573 2603 4627 dissolvi
2649 4588 2712 4626 ac
2771 4571 2949 4643 frangi
2988 4573 3147 4629 facile
3184 4573 3383 4644 possit,

126 4671 293 4739 ῥᾷστα
356 4667 786 4738 διασπαράττων
819 4666 911 4720 καὶ
949 4665 1175 4719 διαλύων
1233 4665 1440 4719 ἕκαστα
1469 4663 1536 4717 τὰ
1570 4665 1705 4736 πρὸς

126 4759 300 4813 αὐτῶν
352 4757 618 4828 κλεψίνοα
653 4755 1062 4827 σοφιστεύματά
1091 4773 1151 4808 τε
1186 4755 1279 4809 καὶ
1310 4755 1666 4827 προϐλήματα
1687 4770 1701 4784 ·

125 4850 253 4904 ἀλλά
290 4850 398 4924 μὴν
422 4849 562 4920 πρὸς
592 4850 718 4910 τοὺς
750 4846 1043 4917 πολεμίους
1073 4845 1175 4916 τῆς
1195 4846 1440 4917 ἀτραποῦ
1474 4846 1575 4916 τῆς
1610 4863 1708 4899 σω-

123 4942 313 5012 τηρίας
380 4937 704 5011 ἐγρηγορὼς
761 4936 1005 5000 διετέλει,
1039 4939 1106 5007 τῇ
1159 4935 1550 5006 παντοδυνάμῳ
1610 4933 1705 4988 τοῦ

124 5033 254 5087 Θεοῦ
291 5034 388 5087 καὶ
445 5029 710 5102 βασιλέως
739 5029 895 5100 ήμῶν
930 5027 1164 5099 Χριστοῦ
1197 5027 1500 5098 δυναστείᾳ,
1535 5045 1706 5082 κατα-

127 5125 358 5178 στέλλων
413 5120 598 5176 αὐτῶν
650 5119 710 5172 τὸ
760 5119 1041 5190 φρύαγμα,
1097 5118 1188 5172 καὶ
1230 5117 1332 5190 τὴν
1360 5117 1709 5190 ψευδώνυμον

125 5217 323 5275 γνῶσιν
355 5212 672 5282 διελέγχων.
698 5211 808 5264 Καὶ¹
844 5211 966 5281 περὶ
995 5208 1188 5262 πολλοῦ
1226 5210 1322 5280 μὲν
1345 5211 1576 5263 ἐποιεῖτο
1600 5209 1708 5264 τῶν

131 5305 592 5379 μαθητευομένων
630 5303 816 5373 ψυχῶν
852 5302 1152 5370 ἐξαλείφειν
1192 5301 1263 5354 τά
1299 5301 1488 5372 πρῴην
1522 5301 1708 5366 κακῶς

129 5400 540 5474 ἐνσημανθέντα
571 5399 670 5468 τῆς
701 5397 982 5466 ἀθεότητος
1021 5395 1113 5448 καὶ
1149 5394 1471 5466 βδελυγμίας
1499 5395 1709 5465 χαράγ-

131 5511 304 5562 ματαο
343 5487 754 5564 μετεγγράφειν
801 5488 858 5541 δὲ
891 5487 961 5540 τὰ
1008 5488 1107 5557 τῆς
1153 5485 1461 5550 θεοσεϐείας
1493 5487 1710 5557 καὶτῆς

128 5581 510 5656 ὐπερκοσμίου
547 5579 734 5648 σοφίας
759 5579 1080 5649 διδάγματα.
1113 5577 1202 5649 Μὴ
1225 5579 1350 5641 τοὺς
1375 5579 1619 5650 καρποὺς
1651 5579 1709 5630 δὲ

127 5675 288 5729 τῶνά
315 5671 613 5745 παρεδίδου
668 5671 758 5723 καὶ
803 5670 1139 5735 ἐξεδίδασκεν
1201 5670 1470 5736 ἀπαιτεῖν,
1517 5671 1592 5734 ώς
1644 5670 1711 5723 ἂν

128 5765 336 5835 οἰηθείη
364 5780 476 5824 τις,
502 5757 723 5831 ἠμέλει·
767 5759 826 5811 οὐ
859 5759 955 5830 μὲν
999 5754 1111 5820 οῦν,
1143 5758 1275 5812 άλλά
1305 5759 1426 5829 δίχα
1459 5757 1713 5830 πράξεων

129 5860 220 5920 τὰς
244 5857 355 5910 τῶν
385 5853 550 5908 θείων
581 5851 754 5919 λόγων
809 5853 1032 5923 μυήσεις
1075 5849 1422 5921 ὑπαρχούσας
1451 5851 1706 5922 δένδροις,

1807 4667 2178 4730 existimabat,
2214 4672 2266 4720 et
2296 4681 2486 4720 eorum
2537 4665 2751 4732 noxias,
2779 4666 3158 4722 cavillationes
3219 4676 3386 4738 atque

1807 4758 2144 4827 problemata
2207 4756 2421 4826 singula
2471 4757 2828 4820 dilacerabat,
2881 4765 2935 4813 et
2983 4758 3242 4813 facillime
3267 4758 3386 4815 dis-

1809 4849 2073 4905 solvebat.
2106 4846 2248 4913 Quin
2278 4847 2439 4902 etiam
2473 4847 2736 4904 adversus
2772 4850 2894 4903 vitae
2929 4849 3123 4904 salutis
3175 4849 3382 4914 hostes,

1808 4938 1906 4995 Dei
1926 4947 1980 4994 et
2018 4940 2161 5010 regis
2191 4938 2366 4992 nostri
2389 4937 2593 4992 Christi
2613 4941 2876 5010 potentia,
2909 4959 3031 5012 qua:
3063 4945 3243 4997 omnia
3285 4957 3385 5012 po-

1810 5039 1937 5096 test,
1969 5030 2204 5100 vigilans
2221 5031 2574 5100 perdurabat,
2609 5031 2860 5088 fremitus
2899 5036 3114 5089 illorum
3145 5035 3384 5104 compri-

1810 5137 1988 5184 mens,
2014 5129 2068 5176 et
2097 5118 2220 5174 falsi
2254 5121 2494 5177 nominis
2550 5123 2836 5177 scientiam
2876 5125 3150 5180 refellens.
3205 5124 3383 5195 Atque

1811 5212 2033 5268 maximi
2083 5212 2304 5281 quidem
2357 5211 2563 5267 referre
2615 5213 2982 5280 existimabat,
3018 5216 3064 5270 si
3095 5216 3383 5272 cicatrices

1812 5305 2106 5374 impietatis
2148 5310 2202 5358 et
2234 5304 2683 5371 abominationis,
2728 5323 2850 5377 quae
2882 5321 3168 5378 perperam
3220 5315 3380 5363 antea

1812 5398 2010 5450 inustas
2037 5394 2272 5459 fuerant,
2320 5410 2350 5448 a
2379 5395 2773 5465 discipulorum
2809 5397 3008 5451 animis
3040 5397 3303 5458 aboleret,
3329 5409 3384 5453 et

1813 5488 2011 5542 divina:
2041 5485 2281 5556 pietatis,
2331 5487 2678 5558 cmlestisque
2709 5489 2990 5557 sapientia:
3024 5495 3292 5557 praecepta
3317 5489 3378 5542 il-

1813 5581 1988 5633 larum
2013 5580 2134 5634 loco
2157 5580 2513 5651 imprimeret.
2540 5581 2725 5651 Neque
2751 5595 2878 5634 vero
2905 5595 3091 5635 eorum
3121 5595 3241 5648 quae
3266 5588 3384 5636 tra-

1813 5670 2029 5726 diderat
2056 5679 2223 5742 atque
2269 5672 2550 5734 docuerat,
2604 5671 2817 5724 fructus
2849 5669 2931 5741 (ut
2963 5672 3161 5741 aliquis
3184 5672 3384 5727 existi-

1813 5777 1966 5817 mare
2013 5768 2221 5833 posset)
2274 5770 2521 5834 repetere
2566 5761 2904 5832 negligebat;
2953 5762 3180 5817 minime
3227 5779 3379 5828 vero,

1816 5855 1948 5925 quin
1980 5854 2290 5912 divinorum
2337 5868 2651 5911 sermonum
2697 5854 2979 5924 mysteria,
3012 5872 3131 5927 quae
3153 5871 3262 5912 non
3294 5874 3382 5914 re.
