3886 6542
523 379 626 434 667

1707 369 1770 428 s.
1809 345 2116 424 DlONYSll
2149 365 2627 427 AREOPAGI'I'IE‘

3679 368 3787 423 648

523 497 612 544 cte
643 487 799 546 laetis
855 486 1179 547 niterentur,
1228 481 1520 536 arboribus
1568 479 1825 535 foliorum
1876 480 2094 550 quidem

2201 473 2414 550 φύλλων
2445 481 2542 551 μὲν
2571 475 2825 552 εὐθαλεία
2847 478 3113 550 κομῶσιν,
3129 473 3408 552 ἀκαρπίαν
3429 473 3488 534 δὲ
3512 479 3783 544 νοσιῦσιν,

524 580 772 635 ubertate
801 577 1032 640 ornatis,
1083 579 1345 629 caeterum
1377 572 1670 628 sterilitate
1712 572 2096 626 laborantibus

522 672 721 727 similia
770 684 894 724 esse
947 663 1317 732 asseverabat,
1347 673 1402 719 et
1451 663 1607 719 ﬁdem
1661 663 1783 718 sine
1839 663 2097 734 operibus

523 770 793 818 mortuam
827 774 951 815 esse
986 758 1247 820 ducebat,
1287 756 1546 827 istudque
1581 756 1636 810 in
1672 755 1865 828 primis
1891 755 2099 810 doctri-

522 869 592 908 na
613 853 761 910 illius
781 851 1085 922 spectabat,
1116 849 1193 903 uti
1226 848 1412 904 ﬁdeles
1444 848 1826 902 mandatorum
1849 861 1970 902 sese
2000 847 2099 902 ob—

521 944 923 1000 servationibus
957 943 1317 1006 decorarent;
1348 957 1526 1011 neque
1577 940 1748 993 ullum
1803 937 1952 992 aliud
1977 955 2098 993 cer-

521 1039 630 1092 tius
673 1043 1056 1108 argumentum
1105 1034 1337 1090 sincera:
1371 1039 1426 1087 et
1458 1031 1672 1088 stabilis
1704 1031 1760 1084 in
1815 1030 2098 1085 Christum

521 1131 644 1186 ﬁdei
681 1129 1080 1202 etgdilectionis
1123 1128 1361 1184 existere
1416 1124 1654 1187 dicebat,
1706 1121 2010 1177 admonens
2038 1125 2098 1175 ut

519 1219 858 1276 horrendum
908 1218 1157 1273 futurum
1210 1216 1481 1286 judicium
1533 1212 2005 1284 pertimescerent,
2040 1210 2097 1264 in

519 1329 629 1385 quo
668 1313 904 1382 quisque
939 1317 1105 1381 prout
1142 1308 1341 1362 vixerit
1373 1314 1465 1360 aut
1488 1306 1682 1375 egerit,
1711 1304 1980 1357 rationem
2012 1309 2098 1357 est

519 1404 875 1461 redditurus:
919 1411 972 1458 et
1003 1417 1126 1457 eum
1169 1400 1386 1470 quidem
1422 1397 1516 1468 qui
1567 1403 1774 1451 rectam
1810 1394 1970 1448 ﬁdem
1999 1408 2097 1448 cu-

520 1494 795 1556 stodierit,
847 1501 900 1548 et
943 1491 1111 1544 vitam
1153 1488 1469 1543 Christiano
1499 1486 1620 1539 viro
1669 1491 2096 1538 consentaneum

519 1587 714 1658 egerit,
747 1593 910 1655 atque
944 1584 1262 1651 incorrupto
1299 1577 1471 1649 judici
1503 1584 1652 1632 recte
1683 1574 1842 1629 factis
1873 1574 2097 1644 placue-

520 1679 615 1741 rit,
647 1685 966 1747 perpetuam
1003 1675 1270 1727 bonorum
1298 1684 1422 1724 vere
1445 1669 1731 1722 beatorum
1757 1664 2096 1734 voluptatem

521 1778 928 1842 percepturum.
987 1768 1092 1833 Qui
1131 1780 1260 1820 vero
1305 1763 1511 1834 Optima
1549 1763 1674 1815 vita!
1722 1759 1994 1821 instituta,
2044 1764 2098 1812 et

2199 570 2432 624 ἐοικέναι
2477 568 2857 641 διισχυρίζετο·
2897 570 2989 622 καὶ
3025 569 3124 642 τὴν
3169 570 3352 624 πίστιν
3392 571 3566 644 χωρὶς
3614 568 3788 643 ἔργων

2198 659 2336 716 εἶναι
2362 661 2560 733 νεκράν
2602 662 2964 728 ὲξεπαίδευεν,
3011 658 3397 734 ὑποτιθέμενος
3440 664 3641 734 χρῆναι
3661 663 3788 728 τοὺς

2199 752 2423 814 πιστοὺς
2449 754 2672 822 κοσμεῖν
2704 751 2930 814 ἑαυτοὺς
2955 752 3073 814 ταῖς
3094 750 3201 804 τῶν
3226 750 3456 804 ἐντολῶν
3499 769 3567 823 τη
3578 753 3782 822 ρήσεσι,
3818 746 3820 748 ⁷

2199 844 2291 898 καὶ
2335 843 2500 916 μηδὲν
2545 843 2934 914 ἐναργέστερον
2966 842 3093 897 ἀλλο
3122 839 3339 913 ἢτοῦτο
3385 841 3784 912 καθεστηκέναι

2196 936 2295 1007 τῆς
2322 934 2656 1008 ἀκραιφνοῦς
2681 935 2774 988 καὶ
2803 934 3121 1005 βεϐαίαςείς
3148 933 3385 1004 Χριστὸν
3424 933 3665 998 πίστεως
3695 936 3786 988 καὶ

2198 1025 2419 1097 ἀγάπης
2442 1025 2748 1096 γνώρισμα,
2784 1025 2879 1079 xul.
2900 1023 3127 1080 δεδιέναι
3156 1024 3422 1079 νουθετῶν
3456 1025 3545 1077 ἀεὶ
3569 1024 3630 1078 τὸ
3667 1024 3785 1096 μέλ-

2199 1119 2289 1172 λον
2327 1117 2596 1188 φρικῶδες
2625 1117 3026 1188 δικαιωτήριον,
3077 1117 3198 1171 καθ’
3227 1117 3254 1170 ὃ
3284 1117 3393 1170 τῶν
3436 1116 3784 1189 βεϐιωμένων

2197 1227 2257 1262 τε
2287 1209 2380 1262 καὶ
2424 1209 2828 1281 πεπραγμένων
2862 1209 3294 1282 ἀπαιτηθήσεται
3335 1207 3494 1279 λόγον
3526 1210 3780 1273 ἕκαστος’

2199 1303 2294 1355 καὶ
2313 1301 2372 1365 ὃς
2408 1301 2507 1371 μὲν
2552 1301 2714 1373 ὀρθὴν
2771 1300 2952 1354 πίστιν
3003 1300 3259 1370 φυλάξας,
3314 1301 3781 1372 χριστιανοπρεπῆ

2204 1389 2528 1461 μετελήλυθε
2569 1389 2702 1460 βίον,
2729 1389 2823 1443 καὶ
2848 1390 2927 1461 τῷ
2958 1390 3238 1462 ἀδεκάστῳ
3276 1394 3437 1463 κριτῇ
3471 1394 3587 1454 τοῖς
3609 1391 3784 1462 ἔργοις

2201 1482 2558 1556 εὐηρέστησε,
2587 1484 2687 1553 τὴν
2710 1481 2818 1535 τῶν
2848 1483 3016 1545 ὅντως
3049 1482 3333 1553 μακαρίων
3364 1482 3587 1550 ἀγαθῶν
3608 1482 3781 1536 διαιω-

2200 1576 2451 1640 νίζουσαν
2479 1577 2660 1649 χλιδὴν
2699 1577 3064 1650 ἀπολήψεται·
3100 1577 3159 1641 ὃς
3186 1577 3243 1630 δὲ
3269 1577 3343 1649 μὴ
3372 1581 3440 1648 τῇ
3469 1577 3655 1630 πίστει
3685 1578 3780 1647 τήν

2198 1669 2425 1742 ἀρίστην
2448 1670 2718 1724 πολιτείαν
2751 1669 2846 1723 xui.
2869 1669 3064 1741 πρᾶξιν
3097 1668 3456 1741 προσέθηκεν,
3485 1668 3626 1722 ἀλλὰ
3657 1669 3780 1722 ταύ-

2197 1780 2297 1834 την
2316 1766 2381 1834 τῇ
2421 1761 2589 1834 κακίᾳ
2618 1762 2940 1833 κατέχρανε,
2995 1761 3092 1832 τὴν
3131 1761 3290 1827 ἀξίαν
3326 1761 3426 1832 τῆς
3459 1761 3597 1824 ἰδίας
3631 1761 3780 1814 ἀϐελ-

521 1877 685 1932 opera
709 1859 828 1914 ﬁdei
858 1873 968 1912 non
997 1854 1328 1926 adjuuxerit,
1354 1853 1448 1908 sed
1482 1851 1625 1905 hanc
1658 1850 1784 1904 vita:
1804 1843 1970 1920 3‘78
1995 1855 2097 1900 tur-

2200 1853 2397 1926 τηρίας
2441 1853 2904 1924 εἰσπραχθήσεται
2931 1852 3106 1923 δίκην,
3147 1846 3401 1906 ἀνένδοτά
3431 1870 3492 1906 τε
3522 1855 3618 1906 καὶ
3654 1855 3779 1907 ἀπέ-

521 1952 768 2024 pitudine
804 1949 1212 2011 contaminarit,
1240 1947 1419 2017 justas
1453 1946 1601 1999 hunc
1633 1943 1866 2014 propria:
1911 1956 2101 1995 amen-

521 2045 612 2098 tia:
655 2058 847 2114 pinnas
902 2042 1180 2104 daturum,
1227 2046 1282 2092 et
1329 2035 1684 2092 severissimo
1728 2049 1791 2088 ac
1835 2039 2100 2103 perpetuo

521 2138 772 2193 cruciatu
818 2134 1184 2206 torquendum
1216 2131 1418 2185 aiebat.
1469 2127 1673 2183 Omnes
1703 2124 1908 2180 docens
1943 2124 2100 2177 instie

521 2241 790 2300 tuensque
815 2229 971 2297 juxta
1001 2223 1370 2295 evangelicam
1413 2221 1578 2275 vitam
1625 2228 1680 2273 et
1725 2216 2098 2287 apostolorum

519 2321 870 2376 traditionem
898 2318 1180 2372 ambulare
1209 2323 1374 2384 atque
1403 2313 1588 2368 vivere
1625 2317 1932 2381 opportune
1962 2323 2102 2379 pra:-

517 2413 811 2469 dieationis
841 2426 1157 2468 mensuram
1183 2410 1238 2464 in
1265 2407 1474 2480 judicio
1509 2400 1983 2476 disponens.Nam
2018 2401 2100 2455 in~

520 2507 698 2563 tantes
728 2505 919 2560 habitu
966 2518 1271 2574 recensque
1315 2510 1476 2556 natos
1526 2501 1687 2565 laete,
1717 2497 1822 2551 hoc
1851 2502 1935 2550 est
1963 2494 2099 2548 sim-

519 2596 841 2666 plicioribus
893 2601 948 2650 et
1005 2593 1198 2665 primis
1256 2594 1653 2648 elementorum
1723 2586 2096 2643 rudimentis:

518 2695 676 2743 aetate
703 2703 830 2744 vero
857 2685 1264 2758 perfectos,qui
1293 2684 1469 2741 virilis
1498 2683 1606 2738 cibi
1635 2695 1866 2751 capaces
1893 2684 2097 2744 essent,

521 2787 707 2852 utpote
739 2779 833 2850 qui
883 2793 1116 2848 corpore
1155 2775 1321 2833 simul
1349 2782 1402 2832 et
1432 2776 1614 2831 animo
1649 2774 1817 2844 probe
1864 2780 1990 2826 ante
2011 2786 2102 2826 es-

519 2878 642 2927 sent
663 2873 899 2941 purgati,
943 2869 1189 2940 perfecta
1209 2876 1263 2924 et
1293 2882 1495 2922 arcana
1527 2866 1792 2936 sapientia
1825 2862 2101 2917 nutriebat

518 2962 642 3032 plus
669 2962 915 3016 moribus
949 2976 1089 3030 quos
1121 2961 1176 3014 in
1207 2959 1391 3030 seipso
1434 2954 1911 3028 praemonstrabat,
1936 2968 2098 3023 quam

517 3068 773 3109 sermone
821 3053 1050 3115 docens,
1099 3053 1303 3121 optima
1349 3050 1570 3106 virtutis
1618 3048 1793 3103 forma
1829 3047 1978 3117 gregi
2013 3044 2096 3097 fa-

519 3155 661 3200 ctus.
701 3145 1007 3199 Commune
1034 3144 1180 3198 enim
1230 3141 1489 3195 Ecclesite
1521 3155 1743 3208 corpus,
1780 3136 1923 3208 quod
1958 3136 2099 3189 mul—

518 3237 591 3292 tis
619 3236 896 3305 variisque
930 3250 1055 3288 eum
1100 3235 1353 3303 gentibus
1388 3240 1442 3286 et
1475 3233 1740 3296 moribus,
1789 3237 1904 3284 tum
1941 3229 2098 3284 insti-

521 3328 656 3381 tutis
690 3336 744 3380 et
783 3325 992 3395 legibus
1044 3332 1284 3387 constat,
1341 3325 1458 3392 ipse
1493 3323 1752 3394 simplex,
1788 3321 2095 3391 multiplex,

520 3425 573 3473 et
607 3418 793 3471 varius
827 3416 1186 3487 gubernabat.
1235 3413 1478 3484 Simplex
1511 3415 1731 3485 quidem
1769 3412 2098 3469 rectitudine

520 3515 573 3562 et
609 3507 861 3568 veritate,
921 3505 991 3558 ab
1051 3505 1200 3558 omni
1256 3505 1502 3558 versutia
1559 3513 1612 3559 et
1660 3504 1850 3558 fraude
1885 3505 2098 3559 alienus

520 3599 818 3654 exsistens.
870 3596 1070 3652 Varius
1106 3605 1286 3652 autem
1321 3597 1472 3650 omni
1530 3605 1695 3653 rectae
1750 3596 2100 3651 administra-

522 3695 690 3748 tionis
719 3700 774 3747 et
804 3691 1142 3762 praefecturae
1178 3691 1411 3746 artiﬁcio
1461 3699 1640 3762 aptam
1675 3692 1909 3764 singulis
1940 3708 2100 3746 cura-

525 3783 726 3838 tionem
749 3791 801 3838 et
827 3783 1041 3840 vivendi
1081 3783 1348 3837 rationem
1385 3783 1652 3852 aﬁ‘erens;
1680 3791 1734 3840 et
1763 3785 1855 3838 uni
1881 3784 2100 3853 quidem

520 3876 902 3944 mgrotantium
956 3891 1140 3943 unam,
1190 3877 1347 3931 alteri
1401 3892 1532 3932 vero
1563 3877 1791 3932 alteram
1824 3877 2099 3931 salubrem

519 3966 844 4021 medicinam
912 3969 1189 4038 sapienter
1251 3970 1674 4040 necessarioque
1753 3967 2095 4022 admovebat.

520 4055 654 4109 Nam
687 4067 739 4112 et
764 4066 1052 4114 currentes
1104 4061 1448 4124 hortabatur,
1481 4067 1540 4115 ut
1572 4075 1763 4116 eorum
1798 4075 1919 4128 quae
1948 4068 2099 4112 retro

522 4157 650 4204 sunt
679 4151 855 4219 obliti,
887 4151 955 4205 ad
979 4153 1251 4207 anteriora
1291 4153 1745 4218 extenderentur;
1772 4166 1967 4206 rursus
1994 4160 2098 4204 tor-

523 4250 715 4311 pentes
763 4245 1100 4315 ignavosque
1132 4245 1200 4301 ad
1252 4247 1614 4302 imitationem
1673 4246 1841 4317 probe
1873 4261 2100 4300 curren-

522 4333 659 4387 tium
719 4334 1050 4406 impellebat.
1085 4337 1237 4404 Quod
1275 4339 1322 4393 si
1349 4339 1468 4394 ovis
1492 4339 1562 4393 ab
1588 4338 1718 4392 ovili
1773 4338 1954 4412 aliqua
1984 4337 2100 4392 exi-

521 4426 697 4493 lisset,
735 4430 1000 4501 longeque
1063 4432 1398 4496 aberrasset,
1449 4434 1507 4486 in
1561 4430 1952 4487 solitudinibus
1991 4431 2100 4487 cir-

2205 1962 2371 2017 ραντα
2414 1944 2828 2016 κολασθήσεται.
2889 1944 3104 2007 Πάντας
3151 1945 3258 2016 γὰρ
3288 1944 3662 2014 ἐπαιδαγώγει
3694 1947 3778 1998 καὶ

2201 2035 2497 2108 ὲρῤύθμιζε
2518 2034 2660 2088 κατά
2685 2035 2784 2106 τὴν
2812 2033 3170 2105 εὐαγγελικὴν
3190 2032 3424 2104 βαδίζειν
3457 2033 3668 2105 τρίϐον,
3694 2034 3777 2087 καὶ

2200 2127 2342 2182 κατὰ
2369 2129 2469 2200 τὴν
2499 2126 2860 2198 άποστολικὴν
2884 2125 3120 2180 διαϐιοῦν
3147 2126 3465 2199 παράδοσιν,
3502 2126 3645 2180 κατὰ
3669 2145 3776 2180 και

2205 2221 2295 2294 ρὸν
2334 2219 2630 2290 οἰκονομῶν
2673 2220 2730 2272 ὲν
2770 2219 2948 2290 κρίσει
2974 2217 3067 2272 τοῦ
3107 2215 3269 2287 λόγου
3307 2219 3370 2272 τὸ
3401 2220 3771 2292 σιτομέτριον

2199 2313 2327 2375 τοὺς
2355 2311 2452 2382 μὲν
2482 2310 2591 2381 γὰρ
2634 2309 2714 2363 ἔτι
2765 2311 2863 2382 τὴν
2913 2309 3024 2376 ἕξιν
3076 2311 3303 2382 νηπίους
3333 2311 3428 2364 καὶ
3457 2311 3776 2383 ἀρτιπαγεῖς

2201 2404 2396 2478 ἔτρεφε
2431 2404 2684 2473 γάλακτι,
2726 2407 2841 2467 τοῖς
2891 2403 3285 2476 ἁπλουστέροις
3332 2404 3478 2475 φημὶ
3510 2405 3606 2458 καὶ
3645 2422 3776 2458 στοι-

2201 2496 2608 2569 χειωδεστέροις
2652 2495 2974 2568 διδάγμασι⁴
3014 2497 3141 2559 τοὺς
3165 2496 3220 2548 δὲ
3249 2495 3489 2560 τελείους
3522 2499 3625 2569 τὴν
3670 2499 3774 2569 ἡλι-

2202 2589 2350 2652 κίαν,
2381 2590 2476 2642 καὶ
2493 2589 2593 2661 τὴν
2621 2587 2842 2660 ἀνδρίαν
2869 2588 3086 2650 ἱκανοὺς
3115 2586 3526 2659 προσφέρεσθαι
3553 2590 3771 2659 τροφὴν,

2202 2681 2296 2735 ἆτε
2328 2680 2392 2752 δὴ
2425 2679 2604 2744 καλῶς
2647 2680 2806 2751 σῶμά
2840 2697 2900 2733 τε
2957 2678 3048 2732 καὶ
3101 2678 3276 2751 ψυχὴν
3327 2679 3773 2751 προκεκαθαρμέσ

2201 2788 2344 2839 νους,
2372 2774 2439 2843 τῇ
2463 2772 2643 2843 τελείᾳ
2675 2771 2769 2825 καὶ
2806 2773 3042 2842 μυστικῇ
3066 2771 3247 2842 σοφίᾳ,
3280 2769 3358 2841 τῷ
3390 2771 3581 2843 τρόπῳ
3621 2772 3773 2824 πλέον

2199 2865 2295 2929 ὢν,
2318 2867 2374 2918 ὲν
2403 2864 2580 2934 ἑαυτῷ
2611 2863 2947 2934 προεδείκνυ,
2989 2862 3274 2935 χαρακτὴρ
3307 2863 3531 2934 ἀριστος
3577 2863 3772 2935 ἀρετῆς

2198 2961 2312 3022 τοῖς
2339 2957 2773 3030 ποιμαινομένοις
2798 2956 3136 3028 γιγνόμενος,
3161 2956 3194 3028 ἦ
3225 2956 3302 3027 τῷ
3321 2957 3466 3028 λόγῳ
3486 2957 3767 3011 διδάσκων·

2198 3049 2294 3103 τοῦ
2329 3049 2438 3122 γὰρ
2479 3046 2656 3102 κοινοῦ
2698 3048 2797 3118 τῆς
2837 3046 3159 3119 Ἑκκλησίας
3200 3045 3451 3118 σώματος
3475 3050 3540 3101 ὲκ
3572 3047 3771 3101 πολλῶν

2201 3143 2296 3196 καὶ
2320 3141 2592 3212 διαφόρων
2626 3139 2815 3204 ἐθνῶν,
2850 3141 2943 3193 καὶ
2974 3138 3141 3209 ἠθῶν,
3189 3140 3282 3192 καὶ
3308 3139 3528 3210 τρόπων
3559 3141 3653 3194 καὶ
3693 3139 3770 3192 λό-

2200 3251 2311 3304 γων
2353 3231 2730 3304 συγκειμένου,
2777 3230 3028 3302 κηδεμὼν
3076 3228 3280 3293 ἁπλοῦς
3312 3227 3378 3302 ἦν
3409 3233 3438 3285 ὁ
3466 3231 3651 3296 αὐτὸς,
3685 3232 3770 3284 καὶ

2202 3325 2568 3388 παντοδαπὸς,
2597 3325 2690 3378 καὶ
2714 3323 2954 3386 ποικίλος
2975 3339 2987 3352 ·
3034 3321 3238 3385 ἁπλοῦς
3279 3323 3376 3393 μὲν
3402 3326 3472 3395 τῇ
3505 3323 3768 3396 ὀρθότητι,

2199 3419 2293 3472 καὶ
2321 3417 2546 3489 ἀληθείᾳ
2577 3416 2757 3487 πάσης
2787 3415 3148 3486 ὑπουλότητος
3190 3415 3283 3470 καὶ
3331 3415 3556 3486 διπλόης
3609 3415 3769 3486 ἀπηλ-

2199 3510 2500 3581 λαγμένοςο
2543 3509 2783 3572 ποικίλος
2810 3508 2868 3562 δὲ
2904 3511 2968 3580 τῇ
3013 3507 3114 3578 τῆς
3156 3507 3412 3577 εύστόχου
3464 3507 3768 3578 διοικήσεως

2200 3606 2293 3658 καὶ
2340 3603 2674 3674 προστασίας
2720 3601 3026 3673 εὐμηχανίᾳ
3051 3601 3151 3672 τὴν
3196 3600 3532 3671 κατάλληλον
3567 3601 3767 3670 ἑκάστῳ

2200 3695 2524 3766 προσφέρων
2580 3693 2893 3765 θεραπείαν,
2955 3693 3048 3746 καὶ
3090 3693 3320 3760 δίαιταν,
3355 3695 3451 3747 καὶ
3479 3694 3588 3746 τῶν
3614 3693 3765 3762 ψυχι-

2200 3787 2311 3851 κῶς
2340 3787 2729 3851 ἀσθενούντων,
2763 3785 2840 3857 τῷ
2890 3787 2986 3858 μὲν
3015 3786 3192 3852 τοῦτο,
3223 3787 3299 3858 τῷ
3329 3788 3386 3840 δὲ
3439 3789 3635 3854 έκεῖνο,
3691 3804 3766 3839 σο-

2201 3879 2315 3948 φῶς
2347 3881 2438 3932 καὶ
2471 3879 2788 3950 ἐπιτηδείως
2839 3879 3159 3950 προσνέμων
3187 3879 3526 3933 ἀκεσώδυνον
3558 3880 3762 3950 φάρμα-

2200 3988 2292 4024 κον
2314 3989 2326 4001 ο
2362 3970 2489 4035 τούς
2523 3989 2584 4025 τε
2606 3971 2714 4043 γὰρ
2743 3971 3136 4042 εὐδρομοῦντας
3178 3971 3502 4035 ὲπέσπευδε,
3532 3972 3637 4024 τῶν
3659 3971 3764 4024 6m-

2202 4064 2323 4117 σθεν
2381 4064 2899 4136 ἐπιλανθανομένους
2949 4066 3060 4127 τοῖς
3107 4063 3418 4135 ἔμπροσθεν
3475 4065 3762 4118 ἐπεκτείνε-

2201 4157 2349 4212 σθαι·
2379 4161 2506 4223 τοὺς
2533 4156 2646 4214 δάὖ
2679 4159 2865 4223 νωθείς
2891 4177 2949 4212 τε
2977 4159 3072 4212 καὶ
3097 4159 3350 4230 νωχελεῖς
3380 4162 3520 4232 πρὸς
3551 4163 3760 4233 μίμησιν

2197 4251 2306 4304 τῶν
2349 4250 2526 4314 καλῶς
2580 4253 2880 4324 τρεχόντων
2940 4250 3315 4323 παρώτρυνεν.
3378 4255 3447 4306 Εἴ
3487 4272 3541 4307 τι
3583 4255 3634 4306 δὲ
3665 4253 3758 4304 τῶν

2201 4345 2488 4416 προϐάτων
2550 4345 2652 4416 τῆς
2718 4347 2958 4418 μάνδρας
3020 4347 3396 4418 ἀποσκιρτῴη,
3433 4350 3528 4403 καὶ
3563 4347 3757 4421 μακρὰν

2200 4436 2578 4509 ἀποπλανῷτο,
2627 4440 2722 4492 ἐπὶ
2761 4439 2860 4502 τὰς
2892 4439 3129 4510 ἐρήμους
3161 4437 3442 4508 ἀνίχνευεν
3475 4442 3569 4496 καὶ
3600 4455 3757 4513 περιεο

521 4522 829 4577 cumeundo
880 4525 1265 4595 investigabat,
1314 4533 1369 4580 et
1403 4525 1582 4580 ﬁstula
1615 4541 1680 4580 ac
1731 4525 2097 4596 pastoralibus

2202 4529 2399 4594 νόστει,
2445 4535 2515 4603 τῇ
2561 4548 2622 4584 τε
2668 4531 2908 4600 σύριγγι,
2959 4533 3049 4585 καὶ
3112 4533 3227 4597 τοῖς
3287 4535 3497 4605 νομίοις
3562 4535 3755 4606 μέλεσιν

523 4612 873 4668 cautionibus
921 4616 1237 4679 revocabat,
1281 4615 1576 4686 omniaque
1604 4615 1894 4686 peragebat
1921 4622 1975 4669 et
2005 4629 2098 4684 pa-

524 4702 782 4770 tiebatur,
841 4715 902 4761 ut
944 4722 1067 4776 quae
1120 4714 1426 4772 erraverat,
1492 4714 1823 4762 servaretur.
1879 4705 2097 4761 Manum

521 4810 654 4852 vero
681 4797 747 4852 iis
775 4799 868 4869 qui
899 4815 929 4852 a
968 4807 1117 4854 recta
1146 4801 1234 4854 via
1268 4799 1636 4866 deﬂexissent,
1673 4801 2009 4872 porrigebat,
2046 4808 2101 4854 et

521 4888 672 4944 humi
692 4890 939 4960 jacentes
981 4893 1249 4963 erigebat.

591 4980 860 5036 Caeterum
881 4999 1045 5053 quam
1077 4984 1226 5052 juste
1258 4985 1664 5055 delinquentes,
1693 4984 2099 5055 insolentesque

520 5078 576 5130 et
605 5087 828 5129 aversos
861 5089 893 5127 a
919 5073 1212 5144 disciplina
1245 5076 1686 5146 reprehenderet,
1718 5076 2099 5147 quomodoque

522 5180 619 5220 eos
650 5166 742 5235 qui
777 5181 806 5219 a
841 5167 1110 5236 proximis
1170 5167 1370 5238 injuria
1428 5168 1776 5224 allicerentur
1823 5169 2097 5239 opprime-

522 5265 818 5327 renturque
847 5257 1179 5324 vindicaret,
1231 5268 1545 5330 quantaque
1603 5262 1660 5314 in
1717 5261 2094 5330 delinquentes

521 5349 810 5402 clementia
846 5355 1114 5412 uteretur,
1146 5351 1359 5406 cunctis
1385 5351 1716 5421 pcenitentize
1741 5360 1930 5420 portas
1961 5366 2096 5422 pan-

521 5438 721 5502 dendo,
749 5438 878 5493 dum
909 5454 1007 5496 eos
1042 5440 1136 5510 qui
1169 5449 1619 5496 converterentur
1647 5441 1881 5497 libenter
1906 5443 2096 5496 hilari-

457 5528 463 5534 ’
521 5539 712 5601 terque
743 5539 1001 5602 tanquam
1030 5533 1234 5588 Christi
1267 5534 1511 5587 imitator
1537 5533 1867 5597 admitteret,
1899 5544 1952 5589 et
1986 5535 2093 5590 No-

521 5625 629 5676 vati
656 5625 913 5678 duritiem
951 5641 1015 5678 ac
1061 5627 1351 5695 superbam
1384 5626 1696 5690 elationem,
1732 5627 1824 5680 ubi
1855 5629 2091 5697 primum

521 5717 746 5770 verbum
777 5717 874 5775 Dci
918 5717 1214 5787 prazdicare
1235 5733 1524 5786 aggressus
1559 5727 1662 5783 est,
1697 5736 1725 5772 a
1755 5722 1927 5776 sacris
1958 5737 2095 5777 nite—

522 5806 686 5862 nibus
733 5809 1038 5872 ablegaret;
1073 5810 1246 5863 oratio
1281 5809 1648 5865 narrationem
1693 5827 1881 5869 eorum
1913 5830 2033 5883 quae
2061 5829 2092 5868 a

2202 4621 2536 4688 ἀνεκαλεῖτο,
2572 4624 2664 4677 καὶ
2696 4623 2826 4695 ἔδρα
2857 4624 3052 4691 πάντα,
3088 4625 3185 4679 καὶ
3217 4627 3455 4698 ἔπασχεν
3487 4628 3590 4691 ἕως
3618 4625 3677 4680 ἂν
3706 4624 3754 4676 τὺ

2202 4713 2552 4788 πλανώμενον
2594 4716 2958 4788 ἀνασώσηται.
2984 4718 3159 4789 Χεῖρα
3191 4717 3249 4770 δὲ
3281 4721 3395 4783 τοῖς
3437 4719 3539 4790 τῆς
3569 4717 3751 4780 εὐθείας

2201 4808 2674 4864 ἀπολισθαίνουσιν
2716 4808 2912 4883 ῶρεγε,
2947 4811 3039 4864 καὶ
3083 4812 3211 4876 τοὺς
3270 4814 3447 4884 χαμαὶ
3495 4813 3752 4884 κειμένους

2199 4899 2468 4973 ἀνώρθου.

2269 4995 2401 5048 Οἴαν
2447 4995 2505 5049 δὲ
2565 4996 2700 5068 πρὸς
2755 4997 2882 5060 τοὺς
2937 4996 3255 5061 ἀδικοῦντας
3299 4998 3395 5052 καὶ
3447 4994 3750 5070 θρασυνομέ-

2198 5102 2344 5156 νους,
2390 5089 2484 5142 καὶ
2526 5089 2625 5160 τῆς
2661 5088 2914 5155 εὐταξίας
2969 5089 3298 5156 ἀποθέοντας
3329 5092 3519 5162 ἐνιπὴν
3571 5089 3747 5143 ἔνδικον

2197 5179 2452 5245 ἐποιεῖτο,
2518 5181 2610 5234 καὶ
2640 5182 2788 5244 ὅπως
2841 5183 2967 5244 τοὺς
3029 5181 3134 5234 ὑπὸ
3194 5181 3302 5235 τῶν
3351 5182 3519 5245 πέλας
3562 5182 3745 5235 ἀδικου-

2199 5271 2396 5339 μένους
2455 5289 2514 5324 τε
2587 5274 2680 5325 καὶ
2753 5272 3271 5344 πλεονεκτουμένους
3346 5274 3602 5338 ἐξεδέκει,
3670 5269 3744 5323 καὶ

2194 5357 2255 5410 τὸ
2287 5361 2666 5434 φιλάνθρωπον
2710 5363 2831 5414 ὅσον
2865 5362 2991 5432 περὶ
3027 5363 3151 5424 τοὺς
3184 5364 3567 5433 ἡμαρτηκότας
3603 5356 3742 5429 εἶχεν.

2196 5451 2398 5507 ἅπασιν
2442 5455 2773 5517 ὲκπεταννὺς
2835 5456 2931 5518 τὰς
2971 5454 3070 5524 τῆς
3106 5456 3393 5524 μετανοίας
3435 5455 3618 5518 πύλας,
3664 5452 3740 5509 καὶ

2193 5545 2324 5608 τοὺς
2382 5546 2807 5618 ἐπιστρέφοντας
2867 5545 3148 5609 ἀσπασίως
3205 5547 3298 5600 καὶ
3364 5549 3623 5618 φαιδρῶς,
3679 5545 3740 5604 ὡς

2193 5635 2430 5706 Χριστοῦ
2498 5640 2756 5710 μιμητὴς,
2805 5639 3141 5708 προϊέμενος,
3192 5637 3440 5690 Nouus-ou
3474 5638 3566 5707 τὴν
3596 5636 3739 5687 ἀπαν-

2196 5724 2440 5798 θρωπίαν
2505 5730 2598 5782 καὶ
2669 5729 2982 5792 ἀλαζονείαν
3057 5730 3150 5782 ἀπ’
3216 5729 3391 5799 ἀρχῆς
3460 5727 3549 5781 τοῦ
3615 5723 3736 5776 θείου

2196 5816 2549 5888 κηρύγματος
2603 5819 2710 5873 τῶν
2776 5820 2934 5890 ἱερῶν
2994 5819 3288 5890 περιϐόλων
3341 5818 3732 5892 ὲξοστρακίξων,
