3886 6544
134 356 232 413 σω

1097 347 1282 415 V'JTA,
1319 346 1644 404 AUCTORE
1679 343 2029 407 MlCllAELE
2063 343 2404 401 SYNGELO.

3293 349 3400 407 θθθ

130 468 356 544 δηλώσει
388 468 506 530 τοῖς
549 465 850 537 ἀκροαταῖς
879 464 909 518 6
938 462 1114 532 λόγος,
1146 463 1248 533 τῆς
1275 462 1388 516 τῶν
1431 460 1714 534 Δημοφίλῳ

1823 457 2140 529 Demopltilo
2193 458 2453 514 audacter
2497 457 2646 515 dicta
2696 467 2849 524 sunt,
2899 461 3092 517 leviter
3122 465 3399 536 attingens

129 557 554 630 τετολμημένων
573 555 877 627 διηγήσεως
899 551 1208 622 ἀκροθιγιῖκ
1237 551 1531 623 ἁψάμενος,
1565 549 1724 636 ἀφεὶς

133 649 513 721 ἐντελὲστερον
563 645 829 718 μαθήσειν
884 643 1301 715 ἐντευξομένους
1343 646 1457 707 τοῖς
1501 641 1538 697 ἃ
1586 642 1726 714 πρὸς

131 741 335 798 ἐκεῖνον
367 740 400 792 6
437 737 892 809 θαυμασιώτατος
921 734 1127 807 ποιμὴν
1157 734 1524 809 γεγράφηκεν.
1555 728 1724 799 Οὗτος

133 835 161 888 6
186 830 505 906 Δημόφιλος
536 831 754 904 ὑπῆρχε
784 830 892 884 τῶν
924 831 1031 886 ὑπὸ
1061 830 1141 903 τῷ
1175 828 1397 901 μεγάλῳ
1427 819 1724 883 τελούντων

133 922 377 996 ίεροθέτῃ
413 921 680 992 Διονυσίῳ
708 921 1074 992 θεραπευτῶν,
1109 923 1174 976 ἐκ
1203 913 1304 994 τῆς
1335 923 1426 976 ὑπ’
1473 915 1725 994 Ἀθήναις

133 1014 401 1086 ἐπαρχίας
434 1012 792 1085 ὁρμώμενος,
823 1012 913 1067 διὰ
943 1012 1046 1084 τῆς
1089 1013 1517 1087 ἱερατελεστικῆς
1555 1012 1722 1068 αὐτοῦ

134 1107 390 1162 πανοσίου
410 1099 754 1178 χειροθεσίας
767 1106 1106 1180 θεραπευτής
1118 1105 1448 1178 τεταγμένος
1465 1117 1478 1137 δ
1501 1106 1724 1178 μοναχοὶ

133 1198 186 1253 δὲ
215 1199 368 1252 τουτὶ
387 1197 456 1252 τὸ
473 1197 661 1270 τάγμα
675 1197 1093 1269 χρηματίξουσι,
1109 1200 1176 1270 τῇ
1200 1186 1722 1271 προσηγορίᾳταύτῃ

134 1292 246 1345 κατ’
260 1292 447 1344 ἐκεῖνο
466 1290 662 1362 καιροῦ
686 1290 920 1360 μάλιστα
941 1281 1284 1362 καλούμενοι,
1308 1293 1430 1354 ταῖς
1443 1290 1539 1344 τοῦ
1573 1292 1722 1363 lepa-

131 1382 266 1435 τείου
283 1381 491 1446 πύλαις
503 1383 789 1452 ἐφεστάναι
802 1380 1140 1453 ταττόμενοι.
1159 1379 1261 1436 Τὸν
1274 1383 1472 1436 οἰκεῖον
1481 1378 1574 1436 οὖν
1589 1389 1722 1455 πρε-

135 1467 387 1541 σδύτερον
410 1470 605 1524 οὐτοσὶ
619 1469 1054 1543 τετυραννηκὼς,
1077 1470 1496 1543 εἰσπεπηδηκὼς
1526 1473 1584 1526 ἐν
1606 1475 1721 1536 τοῖς

133 1559 360 1623 ἀδύτοις,
395 1553 463 1614 οὗ
497 1561 696 1631 χωρεῖν
727 1550 828 1613 οὐκ
872 1555 941 1631 ἦν
988 1557 1138 1629 αὐτῷ
1183 1559 1426 1630 θεμιτὸν,
1471 1555 1578 1612 ἀπὸ
1622 1558 1719 1612 τοῦ

133 1650 523 1722 θυσιαστηρίου
555 1669 617 1704 τε
651 1651 977 1714 συνέστειλε,
1013 1650 1107 1705 καὶ
1137 1649 1232 1704 τοῦ
1279 1649 1457 1722 χώρου
1498 1651 1605 1703 τῶν
1639 1652 1717 1703 ἱε-

136 1743 388 1815 ρωμένων
450 1745 550 1798 σὺν
583 1744 829 1815 ἀτιμίαις
860 1744 952 1796 καὶ
986 1741 1461 1814 προπηλακισμοῖς
1494 1741 1712 1808 ἐξέωσε,

133 1835 373 1906 ζηλώσας
437 1835 626 1907 δῆθεν,
689 1835 782 1889 καὶ
843 1835 1171 1907 χαλεπήνας,
1232 1833 1307 1898 ὼς
1351 1837 1379 1888 6
1431 1835 1716 1906 χριστομί.
1748 1815 1791 1874 Β

136 1945 294 1999 μητος
351 1929 548 1999 ίερεὺς
602 1925 712 1982 ἀπὸ
754 1927 1169 2000 ἁμαρτημάτων
1223 1926 1347 1980 τινὰ
1391 1926 1718 1997 μετανοοῦν-

133 2034 194 2072 τα
247 2021 606 2092 προσήκατο,
665 2019 724 2074 ὃν
782 2019 913 2072 ὡσεί
981 2036 1104 2072 τινα
1159 2018 1394 2090 ’δυσσεϐῆ
1457 2019 1550 2072 καὶ
1608 2017 1718 2072 ἀλι-

133 2110 308 2182 τήριον
359 2111 718 2182 ἡγησάμενος
748 2110 778 2163 6
810 2111 1115 2183 Δημόφιλος
1163 2109 1552 2172 ἀπελάκτισεν,
1585 2112 1717 2180 ὁμο-

133 2206 386 2276 λογοῦντα
425 2209 548 2279 μετ’
582 2209 766 2272 αἰδοῦς
799 2210 933 2280 πρὸς
993 2210 1234 2281 ἰατρείαν
1298 2209 1483 2264 κακῶν
1536 2211 1712 2281 ἥκειν,

135 2300 219 2354 καὶ
240 2302 430 2370 τυχεῖν
486 2299 673 2364 ἐλέους
703 2300 977 2371 δεόμενον.
1012 2301 1123 2354 Καὶ
1154 2301 1386 2371 πάμπαν
1419 2302 1717 2372 ἀπωσάμε-

133 2409 231 2455 νος,
266 2391 417 2457 ἐδοξὲ
465 2409 522 2445 τι
560 2391 704 2462 μέγα
754 2385 1205 2464 κατωρθωκέναι·
1241 2393 1312 2446 δι’
1341 2392 1371 2445 6
1419 2391 1513 2446 καὶ
1548 2408 1717 2463 μεγα-

133 2484 336 2556 λαὀχῶν
401 2483 699 2555 ἀνατίθησι
732 2484 811 2555 τῷ
846 2486 1087 2556 μεγίστῳ
1114 2487 1331 2556 ποιμένι
1363 2485 1432 2539 τὰ
1466 2503 1717 2557 πεπραγ-

138 2577 284 2646 μένα,
317 2577 462 2649 πρὸς
514 2576 574 2630 6v
601 2577 702 2648 τὴν
734 2576 1026 2649 πανωφελῆ
1060 2595 1118 2631 τε
1153 2578 1247 2631 καὶ
1282 2579 1555 2648 πάνσοφον
1586 2578 1713 2631 ἐπι-

137 2669 316 2741 στολὴν
346 2670 575 2741 ἐκείνην
619 2670 956 2741 ἀντέγραψεν
988 2672 1018 2724 6
1045 2669 1336 2734 θειότατος,
1389 2669 1488 2742 τὴν
1533 2669 1717 2742 πάσης

136 2761 325 2833 ἀρετῆς
357 2763 459 2816 καὶ
498 2762 754 2828 εὐταξίας
784 2761 1117 2834 διδακτικὴν,
1150 2762 1218 2816 δι’
1245 2757 1314 2835 ἦς
1342 2761 1440 2834 τὴν
1472 2762 1716 2835 ἀνεκδιη-

139 2855 295 2924 γητόν
345 2871 410 2908 τε
471 2854 572 2908 τοῦ
625 2853 1007 2926 φιλανθρώπου
1058 2855 1264 2928 Κυρίου
1317 2855 1475 2927 ήμῶν
1538 2853 1714 2926 Ἰησοῦ

137 2945 359 3018 Χριστοῦ
394 2947 534 3020 περὶ
559 2949 728 3019 ἡμᾶς,
772 2947 866 3002 καὶ
913 2947 1148 3020 μάλιστα
1182 2947 1590 3018 μετανοοῦντας,
1625 2948 1716 3002 εύ-

140 3041 494 3112 σπλαγχνίαν,
531 3043 626 3095 καὶ
656 3040 756 3112 τὴν
792 3041 986 3095 ἐαυτοῦ
1017 3041 1343 3113 θεομίμητον
1373 3042 1716 3114 συμπάθειαν

139 3132 476 3204 διεσήμανεν,
537 3132 833 3202 ἐπαγαγὼν
881 3132 1120 3206 ἱστορίαν
1173 3135 1427 3208 φρικτὴν,
1461 3135 1528 3207 ἣν
1562 3137 1711 3206 ὑμῖν,
1740 3155 1785 3212 C

137 3221 177 3282 ὢ
205 3229 532 3302 θερμότατοι
587 3229 686 3300 τῆς
747 3227 857 3282 τῶν
923 3229 1192 3300 μεγίστων
1245 3228 1340 3282 τοῦ
1399 3229 1712 3297 ἀξιεπαίνου

138 3319 329 3391 πατρὸς
389 3317 728 3389 αὐχημάτων
769 3317 1083 3388 ἀκροάσεως
1140 3319 1386 3388 ἐρασταὶ,
1449 3319 1715 3392 προθήσο-

141 3427 249 3482 μαι.

201 3585 259 3640 Εί
293 3586 505 3658 βούλει,
568 3589 721 3658 φησι,
756 3589 852 3641 καὶ
893 3583 1044 3651 θείας
1085 3587 1330 3659 ὁράσεως
1388 3587 1544 3658 ἁγίου
1569 3587 1715 3654 τινὸς

138 3675 318 3748 ἀνδρὸς
367 3677 876 3751 ἐπιμνησθήσομαι,
929 3678 1021 3733 καὶ
1087 3678 1161 3750 μὴ
1211 3678 1476 3751 γελάσης⁸
1537 3680 1712 3754 ἀληθῆ

139 3765 238 3838 γὰρ
266 3768 396 3841 ἐρῶ.
433 3769 737 3840 Γενόμενόν
769 3766 838 3840 μέ
873 3786 1002 3822 ποτε
1035 3769 1176 3823 κατά
1205 3770 1304 3840 τὴν
1345 3771 1568 3840 Κρήτην
1595 3773 1625 3825 6
1649 3772 1718 3824 ίεο

141 3858 225 3929 ρος
271 3859 655 3933 ἐξεηγὼγησε
687 3863 932 3934 Κάρπος,
991 3860 1150 3932 ἀνὴρ,
1211 3862 1303 3914 καὶ
1336 3860 1390 3913 εἴ
1416 3875 1500 3925 τις
1532 3861 1715 3927 ἄλλος,

139 3951 218 4006 διὰ
248 3953 450 4026 πολλὴν
504 3952 852 4025 καθαρότητα
883 3953 976 4007 νοῦ
1028 3953 1165 4024 πρὸς
1214 3953 1468 4008 θεοπτίαν
1521 3956 1714 4026 ἐπιτη-

140 4043 430 4111 δειότατος·
472 4045 568 4100 καὶ
600 4043 732 4113 γοῦν
763 4045 887 4098 οὐδὲ
917 4047 1040 4109 ταῖς
1091 4043 1275 4114 ἁγίαις
1333 4043 1441 4097 τῶν
1504 4062 1712 4116 μυστηει

143 4136 264 4208 ρίων
311 4139 565 4201 τελεταῖς
605 4137 888 4208 ἐνεχείρει,
941 4135 1016 4208 μὴ
1059 4128 1320 4208 πρότερον
1367 4135 1516 4205 αὐτῷ
1570 4135 1712 4189 κατὰ

139 4229 232 4294 τὰς
259 4229 612 4302 προτελείους
642 4227 810 4300 εύχάς
852 4229 1004 4300 ἱερᾶς
1037 4228 1130 4282 καὶ
1173 4226 1439 4298 εὐμενοῦς
1467 4225 1712 4299 ὁράσεως

141 4321 577 4396 ἐπιφαινομένης.
618 4321 841 4391 Ἔλεγεν
885 4317 999 4384 οὖν,
1041 4321 1122 4374 ὅτι
1158 4319 1516 4390 λελυπηκότος
1547 4319 1710 4373 αὐτόν

142 4428 258 4466 ποτε
275 4415 386 4468 τῶν
423 4411 673 4469 ἀπίστων
697 4411 843 4474 τινός
863 4429 876 4441 ·
905 4409 961 4483 (ἡ
984 4409 1128 4481 λύπη
1148 4407 1207 4464 δὲ
1229 4405 1318 4480 ἦν,
1341 4410 1422 4462 ὅτι
1448 4398 1550 4480 τ’ἧς
1581 4409 1709 4462 ‘Ex-

1825 549 2172 607 auditoribus
2220 550 2537 615 declarabit,
2587 551 2911 620 permittens
2954 559 3017 614 ut
3065 567 3133 610 ex
3166 555 3400 614 lectione

1823 656 2016 701 eorum
2042 657 2165 714 quae
2198 651 2384 714 pastor
2436 641 2795 699 admirandus
2843 644 2913 700 ad
2946 643 3101 700 illum
3145 648 3398 722 scripsit.

1824 733 2042 804 plenius
2083 733 2450 790 instruantur.
2481 731 2838 804 Demophilus
2869 735 2994 802 iste,
3031 753 3178 795 unus
3204 755 3272 797 ex
3293 742 3402 798 ml-

1823 824 2016 881 nistris
2043 824 2175 889 illis,
2197 825 2292 896 qui
2322 839 2352 877 a
2377 823 2640 896 Dionysio
2667 825 2853 882 divino
2881 828 3196 887 institutore
3223 833 3400 891 sacris

1823 915 2028 972 initiati
2059 924 2240 982 erant,
2271 932 2337 973 ex
2367 917 2649 988 provincia
2678 918 2908 982 Athenis
2938 921 3186 992 subjecta
3208 924 3400 980 oriun-

1821 1009 1927 1065 dus
1972 1024 2070 1078 per
2113 1021 2326 1065 sacram
2376 1012 2498 1084 ejus
2537 1021 2897 1083 sanctamque
2936 1013 3102 1085 379
3134 1029 3399 1078 manuum

1822 1102 2227 1174 impositionem
2248 1105 2504 1162 minister
2535 1107 2826 1163 ordinatus
2852 1105 2976 1162 fuit.
3000 1107 3270 1163 Caeterum
3299 1110 3398 1180 qui

1820 1201 2119 1249 censentur
2167 1195 2273 1250 hoc
2323 1197 2535 1266 ordine,
2589 1197 2850 1253 monachi
2895 1198 3258 1270 appellantur,
3292 1199 3398 1255 hoc

1819 1285 2170 1354 cognomine,
2223 1285 2318 1340 illo
2364 1288 2606 1344 maxime
2655 1295 2902 1359 tempore
2933 1289 3269 1358 nuncupati,
3300 1290 3398 1362 qui

1819 1373 1888 1429 ad
1917 1384 2106 1446 portas
2139 1378 2326 1448 templi
2373 1377 2712 1448 jubebantur
2740 1379 3020 1436 assistere.
3059 1377 3231 1451 Igitur
3270 1397 3399 1438 cum

1818 1466 2101 1536 proprium
2133 1467 2222 1522 hic
2255 1470 2636 1542 presbyterum
2669 1472 2959 1542 tyrannice
3006 1473 3396 1543 oppressisset,

1817 1556 1872 1611 in
1897 1557 2168 1630 adytaque
2201 1575 2312 1630 quo
2340 1561 2636 1631 procedere
2671 1561 2748 1616 illi
2769 1577 2879 1616 non
2901 1562 3121 1626 licebat,
3148 1563 3398 1620 insiluis-

1819 1657 1926 1716 set,
1957 1651 2026 1706 ab
2056 1652 2216 1704 altari
2242 1667 2462 1723 quoque
2491 1669 2556 1708 ac
2611 1653 2893 1709 hominum
2948 1665 3399 1716 consecratorum

1816 1741 1939 1796 loco
1968 1741 2122 1796 illum
2163 1744 2471 1813 submovit;
2511 1760 2613 1801 nec
2641 1747 2763 1802 sine
2795 1747 3060 1804 conviciis
3103 1764 3168 1805 ac
3194 1760 3397 1806 contu-

1817 1833 1996 1888 meliis
2025 1836 2256 1905 expulit,
2289 1838 2449 1907 quasi
2482 1853 2624 1909 aegre
2651 1853 2716 1894 ac
2745 1840 2974 1896 moleste
3000 1839 3182 1897 ferens
3212 1859 3401 1899 sacer-

1817 1923 2004 1980 dotem
2034 1925 2366 1984 imitatorem
2417 1929 2647 1995 Christi,
2678 1936 2804 2001 post
2832 1941 3056 2003 peccata
3103 1935 3402 2004 quemdam

1818 2017 2200 2087 paenitentiam
2227 2027 2478 2090 agentem
2512 2021 2826 2088 admisisse,
2865 2040 3028 2096 quem
3062 2027 3139 2080 uti
3169 2026 3398 2097 impium

1818 2110 2055 2180 aliquem
2080 2126 2144 2167 ac
2161 2113 2496 2168 scelerosum
2528 2112 2880 2185 Demophilus
2896 2117 3218 2185 arbitratus,
3249 2121 3402 2176 calce

1819 2202 2124 2270 expulerat,
2158 2209 2439 2272 utcunque
2485 2203 2575 2260 ille
2621 2205 2821 2261 rubore
2847 2207 3105 2277 perfusus
3136 2209 3400 2266 fateretur

1819 2293 1885 2346 ad
1902 2291 2224 2347 medicinam
2242 2309 2300 2349 sc
2316 2295 2583 2350 malorum
2607 2297 2928 2366 accessisse,
2943 2299 3158 2370 sibique
3185 2302 3399 2373 ignosci

1818 2391 2072 2454 rogaret;
2104 2401 2339 2454 cumque
2371 2388 2770 2458 prorsusil‘lum
2791 2391 3102 2460 repulisset,
3137 2409 3397 2464 magnum

1817 2475 2080 2546 quiddam
2110 2477 2215 2532 sibi
2248 2479 2404 2535 visus
2445 2487 2532 2536 est
2567 2482 2912 2551 praestitisse.
2966 2485 3156 2554 Itaque
3186 2488 3398 2557 magni-

1820 2567 1921 2622 lice
1951 2569 2197 2639 glorians
2245 2571 2487 2626 maximo
2533 2573 2742 2642 pastori
2775 2590 2896 2646 qua:
2943 2584 3165 2646 peracta
3209 2587 3398 2634 essent

1818 2658 2210 2723 communicat,
2243 2659 2310 2714 ad
2339 2674 2502 2730 quem
2531 2663 2818 2734 epistolam
2849 2665 2996 2721 illam
3026 2668 3263 2724 maxime
3291 2669 3404 2724 utia

1818 2747 1948 2813 lem,
1971 2764 2036 2805 ac
2064 2751 2550 2820 sapientissimam,
2597 2756 2746 2810 omni
2778 2757 2978 2815 virtute
3015 2773 3081 2814 ac
3107 2759 3397 2832 disciplina

1817 2837 2076 2893 refertam
2101 2839 2187 2893 vir
2225 2840 2608 2899 divinissimus
2635 2844 2880 2915 scripsit,
2913 2861 3019 2916 qua
3047 2847 3396 2906 inenarrabi-

1818 2931 1925 2988 lem
1955 2934 2339 3006 benignissimi
2390 2935 2606 2993 Domini
2634 2941 2810 2995 nostri
2841 2938 2970 2996 Jesu
2999 2939 3205 2997 Christi
3247 2942 3396 2998 circa

1817 3038 1942 3086 nos,
1982 3026 2285 3095 prmsertim
2335 3027 2717 3096 pmnitentiam
2770 3037 3018 3102 agentes,
3070 3031 3394 3086 misericor-

1819 3119 1988 3182 diam,
2017 3127 2072 3174 et
2103 3134 2257 3174 suam
2287 3120 2458 3191 ipsius
2498 3121 2610 3178 Deo
2664 3123 2900 3179 similem
2957 3125 3396 3180 commiseratio-

1819 3225 1945 3267 nem
1970 3211 2292 3279 declaravit,
2329 3213 2602 3270 horrenda
2644 3215 2877 3271 historia
2909 3215 2964 3270 in
2990 3214 3229 3271 medium
3260 3217 3397 3271 allauv

1817 3311 1895 3371 ta,
1919 3319 2084 3376 quam
2108 3306 2288 3372 vobis,
2320 3307 2415 3379 qui
2441 3307 2647 3380 ingenti
2677 3309 2844 3363 animi
2875 3309 3250 3389 ardoregesta
3275 3309 3397 3365 leue

1818 3397 2089 3455 datissimi
2130 3398 2307 3455 Patris
2357 3401 2594 3472 gloriosa
2625 3400 2858 3457 libenter
2885 3401 3077 3457 audire
3105 3403 3396 3472 consuevi-

1817 3490 1940 3554 stis,
1972 3503 2294 3561 proponam.

1891 3578 1949 3633 Si
1979 3579 2111 3635 libet
2160 3579 2382 3651 (inquit)
2440 3582 2681 3638 divinam
2735 3583 2912 3638 sancti
2969 3583 3257 3655 cujusdam
3287 3583 3395 3639 viri

1816 3671 2084 3728 visionem
2133 3673 2470 3739 memorabo,
2503 3687 2681 3745 neque
2738 3673 3060 3730 irriseritis:
3087 3690 3217 3730 vera
3245 3674 3395 3730 enim

1816 3765 2017 3822 dicam.
2051 3763 2190 3822 Cum
2221 3765 2517 3835 aliquando
2541 3765 2758 3822 Cretam
2789 3766 3148 3836 appulissem,
3178 3764 3236 3821 S.
3264 3765 3397 3822 Car-

1815 3870 1920 3926 pus
1933 3855 2170 3926 hospitio
2189 3871 2274 3910 me
2287 3857 2554 3928 suscepit,
2581 3859 2688 3922 vir,
2732 3859 2780 3914 si
2810 3858 3100 3928 quisquam
3131 3857 3292 3924 allus,
3313 3858 3396 3918 .oh

1817 3947 2092 4019 ingentem
2125 3947 2297 4002 animi
2331 3949 2628 4020 puritatem
2671 3950 2874 4006 divinis
2922 3950 3394 4020 speculationibus

1817 4039 2173 4109 aptissimus:
2210 4039 2302 4110 qui
2350 4054 2450 4096 nec
2499 4055 2632 4096 sane
2681 4042 2832 4112 prius
2878 4049 3070 4098 sancta
3101 4041 3394 4113 mysterio—

1814 4147 1936 4187 rum
1981 4132 2255 4188 sacrillcia
2303 4129 2742 4204 aggrediebatur,
2793 4145 2956 4204 quam
3002 4133 3144 4189 inter
3183 4135 3394 4206 primas

1814 4239 2025 4293 preces,
2058 4240 2180 4296 qua:
2213 4235 2340 4282 ante
2379 4227 2708 4282 sacriﬁcium
2741 4234 3098 4296 peraguntur,
3125 4243 3278 4282 sacra
3312 4226 3391 4285 illi

1813 4329 1878 4372 ac
1903 4318 2141 4389 propitia
2159 4319 2300 4373 visio
2321 4318 2684 4388 apparuisset.
2721 4315 2906 4388 ipsum
2939 4318 3108 4388 igitur
3130 4318 3213 4391 (ut
3245 4319 3392 4375 idem

1814 4409 2015 4481 aiebat)
2048 4411 2283 4466 inﬁdelis
2311 4409 2531 4481 quidam
2562 4409 2786 4464 tristitia
2827 4406 3124 4464 aliecerat:
3166 4410 3393 4466 tristitia

143 4502 357 4574 κλησίας
403 4499 614 4569 ἐκεῖνός
659 4521 782 4559 τινα
809 4497 946 4575 πρὸς
983 4503 1044 4558 τὸ
1092 4502 1248 4559 ἀθεον
1281 4501 1708 4572 ἀπεπλάνησεν·)

1817 4510 1995 4557 autem
2031 4503 2145 4558 haec
2169 4510 2309 4566 erat,
2343 4499 2492 4572 quod
2511 4501 2602 4556 ille
2632 4500 2921 4570 quemdam
2949 4501 3020 4558 ab
3042 4501 3289 4558 Ecclesia
3321 4511 3394 4561 ad

145 4595 216 4651 ιτι
235 4599 342 4653 τῶν
365 4596 594 4670 ίλαρίων
619 4595 839 4669 ἡμερῶν
882 4594 1031 4666 αὐτῷ
1074 4586 1432 4665 τελουμένων,
1459 4593 1577 4647 δέον
1599 4594 1709 4665 άμ-

146 4691 376 4763 φοτέρων
408 4687 817 4761 ἀγαθοπρεπῶς
849 4687 1274 4760 ὑπερεύξασθαι,
1303 4686 1399 4740 καὶ
1434 4677 1567 4740 Θεὸν
1597 4687 1710 4740 Eu»

145 4781 276 4854 τῆρα
326 4783 676 4854 συλλήπτορα
711 4777 962 4844 λαϐόντα,
1004 4776 1097 4833 τὸν
1126 4779 1224 4851 μὲν
1250 4777 1592 4850 ἐπιστρέψαι,
1618 4779 1709 4832 τὸν

145 4871 196 4925 δὲ
229 4876 525 4947 άγαθότητι
554 4874 794 4945 νικῆσαι,
817 4873 913 4927 καί⁵
951 4871 1025 4944 μὴ
1065 4871 1330 4926 διαλιπεῐν
1360 4871 1710 4926 νουθετοῦντα

145 4963 226 5019 διὰ
257 4967 371 5038 βίου
405 4965 629 5031 παντὸς,
669 4967 829 5038 ἄχρις
854 4959 916 5019 οῦ
963 4964 1026 5018 τὸ
1079 4965 1337 5036 σήμερον,
1398 4963 1487 5019 καὶ
1538 4962 1710 5027 οὕτως

147 5055 232 5111 ἐπὶ
259 5059 358 5131 τὴν
381 5059 533 5115 θείαν
560 5054 758 5122 αὐτοὺς
791 5057 1017 5126 ἀγαγεῖν
1048 5055 1269 5126 γνῶσιν,
1301 5054 1376 5120 ὡς
1402 5057 1468 5110 ἂν
1490 5053 1588 5128 ήδη
1613 5055 1710 5109 καὶ

147 5149 248 5203 τῶν
287 5149 786 5224 ἀμφισϐητησίμων
833 5150 1015 5214 αὐτοῖς
1061 5149 1416 5220 κρινομένων,
1465 5149 1562 5202 καὶ
1600 5148 1708 5202 τῶν

153 5239 346 5311 ἀλόγως
371 5241 787 5316 θρασυνομένων
812 5240 1020 5310 ἐννόμῳ
1050 5239 1171 5311 δίκῃ
1216 5241 1510 5310 σωφρονεῖν
1538 5239 1709 5308 ἀναγι-

153 5332 452 5404 καζομὲνων
470 5351 484 5366 ο
520 5333 636 5387 ἀλλ’
670 5333 730 5386 ὲν
778 5330 959 5401 ἑαυτῷ
994 5331 1068 5403 μὴ
1101 5331 1366 5403 πρότερον
1402 5330 1561 5384 τοῦτο
1600 5348 1707 5384 παι·-

155 5419 269 5488 θὼν,
298 5427 398 5481 οὐκ
421 5422 518 5481 οἵδ’
543 5427 692 5489 ὅπως
723 5423 842 5478 τότε
875 5424 1081 5496 πολλήν
1107 5441 1230 5480 τινα
1264 5424 1363 5496 τὴν
1381 5422 1709 5494 δυσμένειαν

154 5517 238 5568 καὶ
255 5517 350 5590 τήν
381 5517 606 5590 πικρίαν
628 5515 876 5590 ἐκτήξας,
901 5517 1202 5589 κατεδάρθη
1230 5517 1328 5588 μὲν
1349 5515 1491 5569 οὕτω
1523 5515 1707 5580 κακῶς

157 5603 313 5675 ἔχων·
339 5609 568 5682 (ἑσπέρα
591 5609 700 5680 γὰρ
730 5604 797 5680 ἦν
889 5609 1017 5680 περὶ
1041 5608 1100 5662 δὲ
1145 5606 1314 5680 μέσας
1339 5605 1541 5670 νύκτας
1566 5606 1710 5679 (εἰώ-

158 5693 228 5749 θει
257 5701 360 5774 γάρ
383 5704 464 5767 είς
483 5701 635 5756 τόνδε
679 5701 769 5755 τὸν
812 5700 1002 5774 καιρὸν
1045 5700 1206 5766 αὐτὸς
1230 5701 1315 5772 ἐφ’
1350 5699 1544 5754 ἑαυτοῦ
1575 5703 1710 5774 πρὸς

157 5788 271 5852 τοὺς
297 5793 470 5857 θείους
495 5791 700 5862 ῦμνους
749 5792 1105 5867 ἐγρηγορέναι
1125 5792 1165 5865 ·)
1205 5791 1540 5848 διανίσταται
1586 5793 1706 5862 μὲν,

416 5887 691 5948 Ρλτιιοι.
751 5884 868 5950 Gn.
903 5885 1008 5947 IV.

1814 4594 2152 4665 impietatem
2200 4593 2522 4650 abduxerat.
2578 4592 2719 4649 Dum
2765 4593 2944 4652 adhuc
2977 4596 3048 4651 ab
3091 4595 3212 4667 ipso
3264 4596 3390 4656 festi

1810 4686 1927 4742 dies
1956 4686 2286 4742 Hilariorum
2311 4693 2624 4758 agerentur,
2666 4694 2719 4742 et
2751 4701 2851 4758 pro
2882 4688 3173 4760 utriusque
3200 4690 3286 4762 (ut
3309 4693 3392 4747 vi-

1810 4793 1933 4834 rum
1961 4779 2166 4834 bonum
2215 4778 2463 4850 decebat)
2504 4789 2698 4848 preces
2752 4778 3056 4846 eli‘undere,
3107 4781 3392 4853 Deumque

1813 4869 2161 4928 Servatorem
2211 4872 2268 4928 in
2297 4871 2563 4927 auxilium
2596 4872 2849 4942 accipere
2883 4873 3188 4941 debuisset,
3219 4883 3279 4930 ut
3309 4877 3390 4930 al-

1811 4971 1987 5020 terum
2017 4964 2236 5034 quidem
2261 4964 2331 5020 ab
2370 4978 2560 5021 errore
2597 4975 2963 5032 converteret,
2996 4967 3228 5023 alterum
3257 4982 3388 5024 vero

1808 5054 2144 5126 benignitate
2197 5061 2506 5126 superaret,
2562 5070 2666 5112 nec
2713 5058 2864 5114 omni
2890 5058 3022 5115 vitae
3043 5069 3286 5131 tempore
3315 5061 3388 5116 ab

1809 5147 2155 5204 admonendo
2181 5148 2468 5212 desistere,
2493 5156 2553 5203 ut
2584 5163 2681 5205 eos
2702 5149 2807 5206 hac
2835 5151 3046 5208 ratione
3074 5153 3144 5208 ad
3174 5151 3268 5207 Dei
3289 5165 3386 5208 co-

1810 5238 2106 5309 gnitionem
2155 5238 2469 5304 adduceret,
2509 5245 2565 5295 et
2615 5256 2738 5311 qua:
2759 5242 2815 5298 in
2837 5245 3268 5301 controversiam
3291 5261 3384 5302 νος

1811 5341 2024 5395 nerant,
2065 5331 2283 5386 tandem
2311 5329 2608 5402 aliquando
2635 5332 3036 5404 judicarentur,
3069 5345 3122 5393 et
3150 5352 3272 5407 qua:
3301 5326 3385 5392 te;

1809 5437 1958 5477 mere
2003 5437 2100 5493 per
2134 5423 2419 5478 audaciam
2470 5431 2685 5496 patrata
2731 5433 2937 5491 essent,
2966 5427 3093 5496 jure
3141 5427 3386 5498 legitimo

1809 5513 2101 5571 emendare
2155 5525 2512 5586 cogerentur;
2545 5518 2712 5589 380
2748 5519 2796 5574 is
2845 5517 2994 5590 (cum
3051 5520 3156 5576 sibi
3185 5521 3240 5576 id
3271 5537 3384 5579 non

1811 5605 1964 5676 prius
2006 5605 2348 5680 contigisset)
2415 5610 2604 5664 nescio
2651 5624 2762 5681 quo
2816 5619 2976 5679 pacto
3012 5618 3126 5666 tum
3183 5628 3385 5684 magno

1811 5697 2042 5768 quodam
2089 5699 2217 5756 odio
2245 5715 2310 5756 ac
2348 5701 2732 5765 amaritudine,
2779 5702 2962 5759 animo
2996 5703 3250 5766 intabuit.
3277 5705 3383 5760 ita-

1811 5805 1916 5861 que
1965 5790 2106 5848 male
2153 5791 2381 5852 allectus
2425 5795 2567 5865 (erat
2595 5793 2742 5852 enim
2788 5794 3037 5867 vespera)
3065 5796 3384 5853 obdormiit.

3027 5889 3102 5948 21
