3886 6560
518 349 618 402 651

1712 347 1768 404 S.
1808 349 2108 407 DIONYSII
2143 347 2606 410 ΑΒΕΟΡΑΟΙΤᾸΞ
3367 375 3388 417 I

3652 369 3746 426 652

512 461 784 515 Caeterum
835 457 1009 513 media
1061 465 1218 513 nocte
1260 458 1399 530 (ipse
1446 474 1683 530 namque
1733 478 2074 522 consueveraw

2196 468 2316 521 οὐδὲ
2365 469 2474 522 τῶν
2530 469 2712 523 ὕπνων
2747 469 2926 524 αὐτῶν
2973 471 3179 526 πολλῶν
3209 491 3273 542 γε
3314 475 3503 543 όντων,
3546 481 3632 534 καὶ
3667 484 3748 536 ἀεὶ

515 553 624 609 hoc
652 562 894 621 tempore
932 551 1002 605 ad
1045 550 1262 606 divinas
1317 551 1510 608 laudes
1560 555 1703 626 apud
1741 572 1801 612 se
1840 559 2094 632 vigilare)

513 645 777 706 surrexit.
810 658 934 697 cum
981 656 1159 713 neque
1208 658 1434 701 somnos
1462 647 1636 717 ipsos,
1666 663 1794 702 nam
1831 659 1886 704 et
1907 650 2086 718 multi,

512 745 571 794 et
597 737 792 792 crebro
841 735 1133 806 interrupti
1180 734 1418 803 fuerant,
1447 740 1654 810 absque
1678 743 2089 812 perturbatione

510 831 775 900 cepisset,
831 828 1004 883 nihilo
1035 829 1220 885 secius
1259 830 1329 886 ad
1377 830 1620 887 divinam
1667 835 2086 893 collocutionem

511 930 686 985 stans,
725 921 948 993 indigne
979 922 1328 987 tristabatur,
1360 932 1417 979 et
1451 925 1680 981 moleste
1712 925 1941 992 ferebat,
1972 945 2086 985 non

508 1029 633 1070 esse
656 1015 868 1085 justum
912 1029 1190 1080 asserens,
1216 1017 1263 1071 si
1301 1016 1406 1071 viri
1431 1017 1604 1087 impii,
1631 1018 1836 1089 quique
1865 1036 2087 1090 perver-

508 1115 689 1163 terent
713 1106 833 1163 vias
880 1105 1093 1162 Domini
1127 1113 1331 1173 rectas,
1383 1108 1651 1166 viverent.
1710 1107 1776 1163 Et
1807 1125 1933 1166 cum
1970 1112 2086 1168 hare

509 1201 737 1262 diceret,
776 1199 946 1255 Deum
978 1201 1322 1268 obsecrabat,
1345 1209 1405 1256 ut
1428 1201 1656 1258 fulmine
1683 1201 1867 1273 aliquo
1897 1207 2088 1261 ambo-

507 1309 629 1348 rum
652 1293 797 1348 vitas
823 1293 944 1348 sine
971 1292 1078 1348 ulla
1108 1293 1490 1350 misericordia
1521 1308 1753 1364 prorsus
1793 1295 2085 1367 abrumpe-

506 1393 611 1441 ret.
638 1384 771 1453 Quae
815 1400 942 1439 cum
973 1385 1228 1451 dixisset,
1273 1384 1564 1442 confestim
1602 1384 1710 1441 sibi
1737 1386 1917 1442 visum
1959 1403 2084 1444 esse

506 1476 696 1533 videre
756 1475 1051 1544 referebat,
1100 1477 1347 1541 domum,
1385 1477 1440 1532 in
1478 1493 1586 1548 qua
1651 1489 1791 1548 erat,
1843 1483 2083 1552 primum

506 1568 726 1638 quidem
763 1583 795 1622 a
822 1583 1038 1625 summo
1077 1569 1316 1625 culmine
1340 1578 1664 1641 permotam,
1697 1573 1750 1628 in
1774 1573 1912 1628 duas
1942 1587 2075 1644 par-

504 1670 590 1718 tes
617 1662 852 1718 mediam
901 1661 1094 1728 dividi,
1129 1676 1194 1716 ac
1237 1679 1428 1735 rogum
1462 1673 1589 1721 ante
1613 1679 1672 1721 se
1705 1665 1889 1738 magni
1912 1666 2078 1720 lumi-

505 1755 615 1819 nis,
642 1762 698 1810 et
727 1754 876 1810 hunc
924 1755 1104 1826 (locus
1132 1755 1277 1811 enim
1297 1756 1556 1828 deinceps
1601 1753 1704 1814 sub
1733 1759 1824 1814 dio
1856 1773 1981 1815 esse
2001 1758 2084 1811 vi-

504 1844 971 1916 debatur)ecoelo
999 1844 1067 1900 ad
1109 1860 1169 1901 se
1211 1862 1386 1917 usque
1435 1848 1662 1915 deferri,
1701 1850 1902 1906 malum
1952 1865 2083 1906 vero

504 1933 682 2002 ipsum
721 1942 992 2004 apertum,
1041 1943 1097 1990 et
1152 1950 1318 2006 super
1368 1936 1535 1993 dorso
1573 1938 1698 1993 coeli
1747 1937 1960 2004 Jesum,
1990 1941 2082 1995 cui

505 2027 923 2084 innumerabilis
949 2029 1269 2098 angelorum
1314 2030 1607 2085 multitudo
1655 2031 1948 2086 humanam
1971 2031 2085 2087 elli-

502 2119 646 2190 giem
671 2134 786 2189 pra:
819 2135 880 2175 se
926 2119 1217 2176 ferentium
1276 2123 1571 2178 assistebat
1596 2143 1610 2177 :
1641 2131 1695 2177 et
1720 2125 1834 2180 haec
1860 2125 2080 2196 quidem

501 2226 743 2283 superne
765 2212 992 2281 vidisse,
1028 2215 1472 2285 admiratumque
1499 2231 1620 2271 esse
1648 2215 1858 2285 Carpus
1879 2217 2077 2272 aiebat.

499 2304 638 2358 Cum
660 2318 791 2360 vero
813 2303 869 2358 in
893 2311 1104 2360 terram
1130 2306 1322 2360 oculos
1343 2305 1669 2374 deflexisset,
1693 2309 1871 2363 solum
1901 2309 2079 2378 ipsum

499 2395 676 2451 instar
703 2396 959 2452 immensi
1004 2409 1070 2450 ac
1122 2395 1379 2467 profundi
1437 2397 1725 2467 cujusdam
1758 2399 1941 2455 hiatus
1959 2399 2078 2454 dis-

497 2488 705 2543 cissum
750 2503 812 2544 se
861 2487 1069 2544 vidisse
1102 2487 1260 2551 dixit,
1294 2496 1349 2543 et
1397 2488 1647 2546 homines
1680 2491 1900 2561 quidem
1932 2492 2078 2558 illos,

497 2580 701 2649 quibus
749 2579 893 2634 male
948 2579 1282 2649 imprecatus
1334 2578 1537 2644 fuerat,
1573 2589 1700 2638 ante
1733 2598 1792 2638 se
1833 2583 1990 2653 juxta
2015 2598 2079 2639 us

497 2673 685 2730 hiatus
732 2673 884 2729 illius
916 2675 1225 2729 consistere
1269 2679 1567 2730 trementes
1601 2690 1666 2730 ac
1710 2675 2075 2743 miserabiles,

499 2773 560 2820 ut
586 2781 780 2838 parum
813 2766 1049 2830 abesset,
1099 2765 1232 2836 quin
1262 2781 1374 2836 prae
1400 2765 1601 2836 pedum
1631 2781 1851 2822 suorum
1884 2769 2075 2822 incon-

497 2856 703 2912 stantia
751 2854 980 2926 jamjam
1034 2854 1330 2926 dejiciendi
1359 2855 1695 2911 viderentur.
1743 2855 1944 2912 Verum
1974 2858 2078 2913 sub

496 2948 651 3003 hiatu
689 2957 972 3018 serpentes
1003 2963 1224 3002 sursum
1271 2962 1483 3018 repere,
1515 2955 1570 3003 et
1599 2948 1746 3002 circa
1768 2947 1936 3019 pedes
1956 2948 2080 3004 illo—

497 3054 620 3094 rum
670 3054 794 3094 sese
845 3047 1130 3094 moventes
1183 3040 1459 3095 interdum
1519 3041 1739 3111 quidem
1772 3042 1828 3096 in
1869 3043 2076 3112 spiram

494 3137 832 3194 contractos,
888 3130 1052 3185 simul
1087 3129 1378 3200 ingravare
1407 3139 1572 3200 atque
1605 3132 1955 3203 pertrahere;
1987 3134 2074 3188 in-
2102 3151 2145 3209 ο

493 3229 518 3275 t
580 3220 713 3276 dum
741 3235 874 3276 vero
912 3219 1172 3276 dentibus
1217 3221 1306 3276 vel
1369 3222 1566 3278 caudis
1633 3222 1992 3281 incendentes
2019 3234 2074 3281 et

493 3315 895 3380 demulcentes,
928 3321 990 3368 ut
1015 3315 1109 3384 qui
1145 3314 1200 3369 in
1235 3315 1549 3384 voraginem
1580 3315 1708 3370 illos
1733 3315 2074 3386 praecipitare

495 3407 724 3461 omnino
761 3406 1106 3461 molirentur.
1157 3403 1352 3460 Fuisse
1381 3406 1547 3460 etiam
1593 3407 1744 3461 viros
1783 3407 2069 3477 quosdam,

493 3497 590 3569 qui
640 3498 699 3556 in
752 3497 934 3554 medio
966 3511 1067 3568 pro
1115 3497 1462 3566 serpentibus
1491 3507 1683 3553 contra
1717 3499 1868 3556 viros
1909 3500 2072 3556 simul

491 3591 798 3652 irruerent,
831 3588 1241 3660 perturbarent,
1283 3587 1546 3657 impetum
1605 3587 1770 3644 simul
1832 3588 2072 3646 facerent

492 3697 559 3737 ac
610 3681 858 3737 ferirent.
906 3679 1080 3736 Porro
1114 3681 1191 3734 illi
1228 3680 1454 3750 jamjam
1504 3681 1685 3735 casuri
1724 3680 2068 3745 videbantur,

492 3775 693 3846 partim
719 3772 940 3844 quidem
968 3772 1362 3842 inviti,partim
1393 3786 1524 3828 vero
1557 3773 1872 3842 voluntarii,
1895 3789 2017 3830 cum
2038 3789 2068 3828 a

489 3866 638 3921 malo
684 3866 888 3921 sensim
936 3872 1267 3936 cogerentur
1332 3865 1604 3935 simulque
1659 3864 2070 3924 inducerentur.

489 3956 594 4014 Hic
633 3957 848 4030 Carpus
874 3957 1007 4013 dum
1062 3957 1324 4013 inferiora
1357 3958 1649 4028 aspiceret,
1685 3957 1978 4028 plurimum
2010 3975 2070 4015 se

495 4049 767 4112 lanatum,
794 4062 857 4102 ac
887 4047 1174 4119 superiora
1223 4047 1530 4118 neglexisse
1567 4047 1804 4112 dicebat,
1842 4049 2069 4104 moleste

487 4155 624 4195 vero
645 4141 996 4212 graviterque
1011 4140 1234 4205 tulisse,
1265 4141 1414 4211 quod
1456 4140 1690 4197 necdum
1713 4141 2064 4205 cecidissent,

493 4245 749 4301 saepeque
789 4246 913 4286 cum
946 4232 1000 4286 in
1027 4231 1134 4286 hoc
1183 4233 1463 4302 negotium
1511 4232 1878 4296 incumberet,
1931 4233 2082 4287 nihil'

485 4322 812 4394 profecisse,
853 4339 916 4380 ac
942 4333 1236 4396 propterea
1271 4324 1649 4396 indignatione
1671 4323 1926 4380 allectum
1956 4324 2065 4380 illis

488 4416 849 4484 imprecatum
875 4432 1018 4473 esse.
1051 4415 1302 4487 Cumque
1321 4417 1415 4470 vix
1437 4415 1654 4471 tandem
1687 4431 1907 4472 sursum
1931 4431 2066 4471 ocu-

2190 560 2624 631 ἐγκοπτομένων,
2675 561 2781 628 ἔξω
2809 563 3058 634 ταραχῆς
3091 553 3554 636 ’παραπολαύσαςο
3592 572 3747 638 ἑστὼς

2187 651 2245 705 δέ
2277 652 2426 722 ὅμως
2450 654 2534 716 εἰς
2551 654 2651 724 τὴν
2677 654 2829 708 θείαν
2853 655 3068 726 ὁμιλίαν
3098 657 3198 711 οὐκ
3220 657 3432 727 εὐαγῶς
3461 662 3640 730 ἠνιᾶτο
3659 666 3746 718 καὶ

2188 743 2581 814 ἐδυσχέραινεν,
2615 744 2716 797 οὐκ
2757 740 2893 797 εἶναι
2933 744 3141 798 δίκαιον
3185 745 3379 814 λέγων,
3425 748 3475 800 εί
3512 747 3640 819 ζῷεν
3661 753 3745 806 ἀν-

2186 833 2312 906 δρες
2364 833 2515 889 ἄθεοι
2546 835 2642 888 καὶ
2672 835 3086 906 διαστρέφοντες
3120 837 3221 901 τάς
3244 837 3395 902 ὁδοὺς
3422 839 3519 892 τοῦ
3560 841 3744 912 Κυρίου

2186 925 2288 988 τάς
2322 925 2556 988 εὐθείας.
2590 927 2701 978 Καὶ
2732 926 2904 979 ταῦτα
2946 927 3117 996 λέγων
3140 929 3308 982 ἐδεῖτο
3334 929 3429 984 τοῦ
3461 931 3592 985 Θεοῦ
3617 951 3742 1004 πρη-

2189 1015 2346 1087 στῆρί
2376 1033 2480 1069 τινι
2514 1016 2614 1080 τάς
2637 1017 2960 1090 ἀμφοτέρων
2991 1019 3222 1087 εἰσάπαξ
3255 1021 3501 1092 ἀνηλεῶς
3525 1024 3745 1079 ἀποπαῦ-

2188 1125 2277 1160 σαι
2316 1107 2478 1172 ζωάς.
2536 1108 2719 1162 Ταῦτα
2749 1110 2806 1163 δὲ
2843 1110 3030 1176 εἰπὼν,
3064 1111 3216 1181 ἔλεγε
3247 1112 3394 1179 δόξαι
3442 1114 3569 1168 ἰδεῖν
3608 1116 3744 1184 davni

2185 1198 2276 1251 τὸν
2308 1193 2477 1264 οἷκον,
2495 1200 2553 1252 ἐν
2579 1193 2733 1270 ᾧπερ
2761 1203 3022 1273 εἱστήκει,
3067 1203 3466 1272 διαδονηθέντα,
3501 1205 3744 1276 πρότερον

2185 1291 2248 1344 ἐκ
2284 1293 2382 1364 τῆς
2412 1293 2617 1364 ὀροφῆς
2663 1295 2745 1356 είς
2775 1293 2870 1346 δύο
2916 1293 3078 1363 μέσον
3132 1293 3495 1366 διαιρεθέντα,
3524 1297 3615 1348 καί
3633 1313 3744 1349 τινα

2183 1384 2364 1455 πυρὰν
2422 1384 2737 1453 πολύφωτον
2791 1384 3118 1456 ἐπίπροσθεν
3169 1385 3386 1448 ἐαυτοῦ,
3434 1388 3530 1441 καὶ
3558 1389 3744 1459 ταύτην

2184 1473 2379 1546 (ἐδόκει
2420 1475 2528 1546 γάρ
2560 1475 2748 1528 λοιπὸν
2777 1473 3041 1547 ὕπαιθρος
3073 1479 3102 1530 ὁ
3135 1477 3336 1548 τόπος)
3379 1479 3445 1532 ἐκ
3473 1479 3569 1532 τοῦ
3596 1481 3742 1551 οὐρα-

2185 1565 2296 1618 νίου
2324 1565 2503 1638 χώρου
2536 1567 2729 1638 μέχρις
2760 1567 2924 1621 αὐτοῦ
2962 1569 3409 1641 καταφερομένην
3426 1587 3443 1602 ο
3465 1572 3559 1625 τὸν
3587 1573 3640 1626 δὲ
3663 1575 3745 1626 οὺ-

2185 1658 2346 1727 ρανὸν
2389 1657 2551 1710 αὑτὸν
2610 1659 3080 1730 ἀναπεπταμένον,
3126 1662 3219 1715 καὶ
3251 1662 3344 1713 ἐπὶ
3391 1661 3744 1735 τῷνὼτῳτοῦ

2183 1747 2413 1820 οὐρανοῦ
2456 1748 2547 1802 τὸν
2587 1749 2813 1820 Ἰησοῦν,
2846 1751 3090 1822 ἀπείρων
3136 1751 3553 1823 ἀνθρωποειδῶν
3613 1756 3747 1826 αὐτῷ

2113 1816 2156 1870 Β
2184 1816 2604 1911 παρεστηκότων
2638 1816 2884 1911 ἀγγέλων
2902 1859 2916 1872 ο
2945 1816 3042 1896 καὶ
3071 1816 3254 1896 ταῦτα*
3274 1845 3373 1915 μὲν
3400 1844 3608 1900 ἄνωθεν
3630 1816 3747 1918 ὁρᾶξ

2185 1933 2308 1987 σθαι
2328 1935 2422 1986 καὶ
2454 1932 2773 2004 θαυμάζειν.
2810 1936 2977 1989 Κάτω
3010 1935 3068 1989 δὲ
3099 1935 3276 2006 κύψας
3297 1940 3329 1992 ό
3352 1939 3600 2009 Κάρπος,
3633 1939 3747 1993 ἰδεῖν

2180 2023 2284 2095 ἔφη
2319 2023 2413 2077 καὶ
2453 2023 2717 2093 τοῦδαφος
2748 2024 2880 2078 αὐτὸ
2911 2027 3048 2097 πρὸς
3100 2027 3301 2098 ἀχανές
3336 2046 3390 2082 τι
3432 2030 3620 2101 χάσμα
3663 2033 3747 2086 καὶ

2183 2115 2454 2169 σκοτεινὸν
2502 2114 2924 2187 διερρηγμένονο
2954 2119 3197 2181 καὶτοὺς
3223 2119 3322 2190 μὲν
3371 2120 3573 2191 ἄνδρας
3620 2119 3747 2175 ἐκεί-

2180 2223 2324 2272 νους,
2349 2200 2430 2268 οἷς
2455 2206 2723 2276 ἐπηρᾶτο,
2757 2207 2864 2278 πρὸ
2897 2209 3060 2261 αὐτοῦ
3094 2208 3234 2262 κατά
3264 2210 3326 2262 τὸ
3355 2211 3580 2281 στόμιον
3603 2211 3746 2283 ἐστηο

2179 2297 2334 2350 κέναι
2372 2297 2467 2351 τοῦ
2515 2299 2815 2369 χάσματος,
2889 2299 3248 2369 ὑποτρόμους,
3296 2300 3588 2367 ἐλεεινοὺς,
3635 2303 3748 2355 ὅσον

2180 2387 2330 2441 οὔπω
2371 2389 2849 2460 καταφερομένους
2898 2391 3005 2443 ὑπὸ
3048 2391 3145 2461 τῆς
3184 2390 3292 2444 τῶν
3333 2393 3555 2446 οἰκείων
3586 2393 3746 2446 ποδῶν

2179 2479 2469 2544 ἀστασίας·
2499 2481 2740 2535 κάτωθεν
2772 2481 2828 2534 δὲ
2859 2481 2968 2535 ἀπὸ
2989 2481 3080 2535 τοῦ
3107 2483 3387 2553 χάσματος
3411 2483 3568 2552 ὄφεις
3602 2485 3748 2556 ἀνέρ-

2179 2589 2322 2637 πειν,
2369 2574 2463 2627 καὶ
2503 2574 2632 2644 περὶ
2663 2574 2791 2637 τοὺς
2833 2573 2999 2636 πόδας
3045 2574 3224 2627 αὐτῶν
3275 2575 3745 2646 ὑποκινουμένους,

2179 2664 2310 2716 ποτὲ
2345 2665 2446 2735 μὲν
2465 2664 2763 2736 ἀποσύρειν
2785 2665 3264 2737 ἐπανειλουμένους
3293 2669 3410 2738 ἅμα
3440 2672 3537 2724 καὶ
3569 2671 3751 2725 ἐπιϐα-

2180 2755 2428 2828 ροῦντας,
2458 2758 2552 2810 καὶ
2571 2755 2826 2821 ἐλκοντας
2844 2775 2858 2789 ο
2882 2759 3012 2812 ποτὲ
3033 2759 3088 2813 δὲ
3113 2762 3225 2823 τοῖς
3243 2759 3443 2827 ὀδοῦσι,
3479 2762 3514 2833 ἦ
3546 2766 3656 2825 τοῖς
3674 2765 3750 2817 οὐ-

2182 2847 2352 2920 ραίοις
2411 2847 2806 2917 ῦποτύφοντας,
2837 2849 2872 2920 ἢ
2913 2849 3470 2922 ὑπογαργαλίζοντας,
3523 2855 3618 2906 καὶ
3668 2855 3749 2908 διά

2185 2940 2390 3004 παντὸς
2411 2942 2490 3004 είς
2507 2939 2574 2994 τὸ
2604 2941 2803 3012 ἀχανὲς
2840 2943 3128 3013 ἐμϐάλλειν
3175 2946 3624 3015 μηχανωμένους.
3667 2945 3748 3002 Εἶ-

2176 3047 2263 3085 ναι
2296 3031 2354 3084 δὲ
2387 3033 2482 3085 καὶ
2513 3033 2711 3105 ἄνδρας
2739 3033 2891 3097 τινὰς
2922 3035 2978 3086 ἐν
3029 3035 3197 3106 μέσῳ,
3240 3039 3352 3099 τοῖς
3399 3037 3559 3106 ὄφεσι
3615 3039 3747 3092 κατά

2177 3121 2286 3175 τῶν
2317 3122 2526 3194 ἀνδρῶν
2561 3123 3085 3195 συνεπιτιθεμένους,
3110 3125 3488 3190 διαδονοῦντας
3522 3128 3638 3197 ἆμα
3661 3129 3748 3182 καὶ

2180 3213 2551 3278 ὑπωθοῦντας,
2602 3216 2695 3268 καὶ
2751 3216 3182 3279 καταπαίοντας·
3235 3216 3450 3270 ἐδόκουν
3507 3219 3566 3272 δὲ
3617 3216 3746 3273 εἶναι

2185 3305 2324 3377 πρὸς
2379 3305 2441 3359 τὸ
2486 3307 2672 3358 πεσεῖν
2732 3305 2931 3359 ἐκεῖνοι
2981 3305 3052 3359 τά
3111 3306 3212 3377 μὲν
3267 3308 3528 3372 ἄκοντες,
3579 3311 3648 3363 τὰ
3694 3309 3746 3362 δὲ

2175 3397 2269 3449 καὶ
2327 3397 2544 3460 ἑκόντες
2567 3436 2582 3460 ,
2648 3396 2754 3450 ὑπὸ
2821 3397 2916 3450 τοῦ
2978 3397 3146 3453 κακοῦ
3208 3399 3327 3470 ἅμα
3393 3405 3516 3454 κατ’
3577 3402 3746 3470 ὀλίγον

2186 3487 2492 3558 βιαζόμενοι
2548 3489 2644 3542 καὶ
2707 3487 3037 3559 πειθόμενοι.
3088 3489 3281 3560 Ἔλεγε
3333 3491 3392 3544 δὲ
3450 3495 3480 3547 ό
3527 3494 3745 3565 Κάρπος

2173 3579 2365 3632 ἑαυτὸν
2387 3578 2606 3650 ἣδεσθαι
2649 3579 2800 3633 κάτω
2833 3579 3114 3650 βλέποντα,
3147 3581 3256 3635 τῶν
3292 3582 3407 3636 ἀνω
3430 3583 3488 3636 δέ
3510 3583 3744 3656 ἀμελεῖν,

2171 3684 2540 3756 δυσχεραίνειν
2569 3685 2630 3738 δὲ
2661 3687 2756 3739 καὶ
2801 3685 3102 3758 ὀλιγωρεῖν,
3135 3687 3217 3741 ὅτι
3269 3689 3344 3761 μὴ
3396 3690 3746 3746 πεπτώκασιν

2171 3779 2270 3851 ήδη
2289 3795 2303 3809 ο
2338 3779 2432 3833 καὶ
2457 3778 2536 3850 τῷ
2566 3780 2852 3851 πράγματι
2877 3779 3135 3844 πολλάκις
3171 3781 3480 3853 ἐνθέμενον,
3514 3786 3611 3839 καὶ
3628 3785 3735 3838 ἀδυ-

2169 3871 2500 3941 νατήσαντα,
2532 3871 2630 3927 καὶ
2673 3871 3024 3942 ἀχθεσθῆναι,
3068 3873 3162 3926 καὶ
3213 3874 3628 3945 ἐπαράσασθαι·
3659 3875 3744 3929 καὶ

2170 3961 2541 4016 ἀνανεύσαντα
2589 3962 2760 4033 μόλις,
2818 3963 2942 4015 ίδεῐν
3002 3964 3098 4034 μὲν
3156 3961 3312 4028 αὖθις
3355 3966 3450 4020 τὸν
3499 3967 3740 4041 οὐρανὸν,

2171 4050 2360 4124 ὥσπερ
2383 4053 2445 4106 τὸ
2481 4054 2745 4125 πρότερον
2787 4054 3041 4124 ἑωράκει,
3072 4053 3165 4106 τὸν
3212 4055 3271 4108 δὲ
3315 4056 3548 4127 Ἰησοῦν,
3591 4059 3740 4128 ἐλεή-

2173 4157 2341 4193 σαντα
2382 4141 2444 4194 τὸ
2481 4143 2782 4212 γινόμενον,
2811 4141 3165 4213 ἐξαναστῆναι
3211 4143 3307 4198 τοῦ
3355 4146 3739 4220 ὑπερουρανίου

2171 4232 2382 4304 θρόνου,
2426 4233 2522 4288 καὶ
2560 4232 2665 4297 ἕως
2721 4233 2901 4287 αὐτῶν
2946 4233 3280 4300 καταϐάντα,
3329 4240 3490 4308 χεῖρα
3538 4239 3740 4309 ἀγαθὴν

2169 4324 2382 4395 όρέγειν
2402 4367 2416 4388 ,
2453 4325 2545 4378 καὶ
2569 4327 2696 4389 τοὺς
2725 4325 2990 4395 ἀγγέλους
3023 4327 3172 4398 αῦτῷ
3207 4329 3742 4401 συνεπιλαμϐανομέ-

2170 4431 2313 4481 νους,
2350 4415 2505 4470 ἀλλον
2533 4416 2756 4470 ἄλλοθεν
2800 4416 3117 4487 ἀντέχεσθαι
3147 4421 3259 4472 τοῖν
3284 4419 3519 4490 ἀνδροῖν,
3546 4421 3638 4475 καὶ
3668 4422 3734 4473 εί-

485 4506 572 4561 los
635 4507 927 4573 elevasset,
991 4508 1196 4564 vidisse
1250 4521 1446 4563 rursus
1496 4507 1716 4564 dicebat
1746 4508 1948 4564 caelum
1985 4515 2065 4563 .ut

2179 4509 2296 4560 πεῖν
2339 4506 2418 4578 τῷ
2441 4509 2652 4578 Κάρπῳ
2675 4509 2766 4562 τὸν
2807 4508 3034 4580 Ἰησοῦν,
3063 4508 3164 4580 τῆς
3187 4508 3370 4581 χειρὸς
3387 4487 3498 4582 -ῆδη
3549 4528 3735 4585 προτεο

487 4599 643 4666 prius
671 4597 906 4662 viderat,
961 4599 1260 4670 Jesumque
1318 4601 1521 4656 factum
1553 4600 1690 4654 illud
1737 4601 2060 4656 miseratum

486 4690 556 4744 de
585 4689 832 4745 excelsa-
864 4691 1024 4761 381
1066 4691 1158 4746 illa
1201 4691 1336 4748 sede
1386 4692 1719 4756 surrexisse,
1769 4706 1837 4747 ac
1873 4691 1942 4746 ad
1964 4706 2060 4747 eos

485 4794 667 4849 usque
703 4781 994 4850 benignam
1025 4783 1134 4838 illis
1177 4798 1397 4838 manum
1434 4784 1801 4856 porrigentem
1830 4783 2061 4839 descen-

484 4871 658 4928 disse.
688 4871 924 4943 Angelos
956 4873 1086 4929 item
1115 4889 1240 4929 cum
1275 4874 1398 4945 ipso
1417 4875 1602 4940 simul,
1634 4875 1798 4929 alium
1841 4874 2062 4930 aliunde

483 4971 857 5026 assumentes,
902 4979 1004 5034 pro
1049 4965 1185 5020 viris
1247 4966 1358 5022 illis
1415 4965 1707 5034 restitisse,
1763 4964 2062 5038 Jesumque

482 5052 662 5122 Carpo
691 5068 856 5108 manu
895 5054 1075 5110 adhuc
1096 5061 1318 5110 extenta
1351 5054 1555 5112 dixisse
1589 5073 1602 5110 :
1635 5073 1655 5107 ι
1684 5054 2060 5128 Deincepsme

484 5143 762 5200 hostiliter
792 5155 1037 5216 percute,
1079 5155 1310 5216 paratus
1338 5147 1488 5202 enim
1537 5161 1662 5203 sum
1693 5161 1794 5217 pro
1825 5147 2062 5202 homini-

484 5239 590 5294 bus
613 5239 812 5294 iterum
843 5239 1131 5296 servandis
1165 5248 1399 5295 mortem
1452 5247 1732 5310 oppetere.
1766 5238 1882 5295 Hoc
1926 5241 2059 5296 mihi

2169 4598 2410 4671 ταμένης
2429 4616 2442 4629 ο
2487 4619 2508 4650 ι
2536 4601 2670 4653 Παῖε
2697 4601 2817 4654 κατ’
2845 4599 2980 4671 ἐμοῦ
3017 4600 3200 4655 λοιπόν
3218 4618 3232 4631 ·
3259 4601 3480 4672 ἕτοιμος
3499 4602 3607 4674 γάρ
3629 4601 3734 4666 εἰμι

2169 4690 2264 4744 καὶ
2289 4684 2444 4753 αὖθις
2459 4690 2599 4761 ὑπὲρ
2631 4689 2931 4761 ἀνθρώπων
2961 4691 3390 4763 ἀνασωζομένων
3412 4693 3623 4756 παθεῖν,
3650 4692 3735 4745 καὶ

2171 4780 2465 4852 προσφιλές
2500 4798 2589 4852 μοι
2635 4781 2812 4846 τοῦτο,
2859 4784 2935 4855 μὴ
2983 4783 3156 4838 ἀλλων
3198 4785 3619 4856 ἁμαρτανόντων
3645 4786 3731 4838 ἀν-

2171 4870 2425 4940 θρώπων,
2469 4872 2615 4944 Πλὴν
2629 4873 2818 4944 ὃρα,εἰ
2850 4873 3030 4937 καλῶς
3060 4873 3174 4944 ἔχει
3214 4891 3295 4928 σοι
3336 4876 3436 4947 τὴν
3468 4877 3525 4930 ἐν
3543 4876 3620 4944 τῷ
3644 4877 3730 4946 χά-

2171 4979 2336 5033 σματι
2393 4965 2487 5018 καὶ
2535 4964 2672 5035 μετά
2724 4963 2834 5018 τῶν
2875 4965 3056 5035 όφεων
3098 4964 3262 5035 μονὴν
3309 4965 3730 5032 ἀνταλλάξασθαι

2167 5052 2268 5122 τῆς
2293 5115 2298 5120 ε
2323 5052 2458 5123 μετά
2499 5053 2633 5107 Θεοῦ
2666 5054 2760 5107 καὶ⁵
2805 5053 2915 5108 τῶν
2967 5053 3187 5123 ἀγαθῶν
3221 5055 3314 5108 καὶ
3348 5055 3731 5127 φιλανθρώπων

2166 5143 2432 5212 ἀγγέλων.
2462 5162 2479 5194 ι
2516 5143 2698 5197 Ταῦτά
2719 5145 2864 5197 ἐστιν
2879 5144 2916 5198 ὃ.
2934 5143 3044 5212 ἐγὼ
3064 5144 3337 5215 ἀκηκοὼς,
3357 5146 3593 5199 πιστεύω
3613 5143 3730 5210 άλη-

2165 5243 2233 5314 θῆ
2273 5241 2431 5298 εἶναι.

482 5339 796 5402 pergratum
847 5333 1031 5397 fuerit,
1062 5333 1194 5388 dum
1231 5347 1298 5386 ne
1320 5332 1501 5386 caeteri
1531 5331 1781 5387 homines
1801 5341 2050 5402 peccent.
2085 5333 2297 5392 Intuere
2323 5344 2580 5406 praeterea
2615 5352 2740 5391 num
2767 5337 2890 5392 usui
2936 5337 3031 5392 tibi
3077 5336 3316 5390 futurum
3379 5339 3470 5400 sit,
3519 5336 3618 5388 hoc
3673 5330 3725 5382 in

481 5419 588 5476 hac
622 5423 880 5494 voragine
911 5432 1120 5480 etcum
1156 5424 1502 5494 serpentibus
1553 5423 2066 5488 domicilium,acum
2111 5427 2205 5482 Dei
2239 5445 2302 5484 ac
2327 5431 2616 5494 bonorum,
2674 5438 2728 5485 et
2785 5431 3008 5484 humani
3054 5431 3268 5501 generis
3328 5427 3718 5502 peramantium

482 5512 800 5582 angelorum
838 5515 1117 5571 consortio
1148 5522 1479 5584 permutare.
1505 5533 1524 5568 ›
1560 5514 1685 5570 Hec
1709 5523 1838 5570 sunt
1866 5532 1988 5588 qua
2005 5533 2105 5588 ego
2128 5520 2333 5584 audivi,
2358 5537 2597 5592 veraque
2626 5538 2750 5578 esse
2772 5523 2956 5578 credo.

551 5674 787 5734 Omnino
826 5694 959 5738 sane
1008 5684 1063 5738 in
1111 5682 1430 5737 admiranda
1474 5665 1565 5738 illa
1595 5685 1808 5742 visione
1843 5685 2051 5752 divina,

483 5767 802 5836 amplissimi
841 5775 1516 5831 sacerdotis-clementiam
1552 5775 1713 5834 circa.
1742 5793 1913 5848 genus
1943 5779 2047 5848 hu:

2242 5690 2544 5761 Ἠγὰσθητε
2580 5690 2643 5762 δὴ
2677 5689 2901 5753 πάντως
2931 5689 3024 5742 τοῦ
3062 5689 3305 5756 ἀξιοθέου
3339 5687 3628 5762 ἀρχιερέως
3664 5677 3723 5728 τδ

2155 5783 2282 5855 περὶ
2305 5783 2364 5835 τὸ
2393 5783 2662 5854 ὁμόφυλον
2697 5781 2977 5854 συμπαθὲς
3007 5782 3104 5852 οὐχ
3125 5777 3287 5854 ἧττον
3316 5783 3350 5853 ἣ
3383 5782 3476 5852 τὴν
3505 5775 3597 5832 τοῦ
3628 5773 3717 5827 ὅνο
