3886 6548
1109 204 1193 234 vu-

177 320 274 376 653

1082 317 1267 387 VITA,
1301 318 1630 379 AUCTORE
1662 318 2014 376 MICHAELE
2047 320 2391 380 SYNGELO.

3313 325 3420 382 654

174 455 275 501 τως
322 435 535 506 ἀγαθοῦ
577 436 671 490 καὶ
725 434 1166 508 θεαρχικωτάτου
1216 435 1468 510 ἱεράρχου
1509 434 1732 510 Χριστοῐ

1849 450 2073 490 manum
2120 452 2229 492 non
2261 436 2446 492 minus
2491 433 2743 491 admirati
2777 435 2912 494 estis
2932 479 2948 505 ,
2979 453 3143 510 quam
3172 439 3417 498 clemen-

174 531 294 602 περὶ
325 531 478 600 ἡμᾶς
519 528 864 599 ἀγαθότητα,
895 528 996 598 τῆς
1028 527 1457 599 ἀξιοθαυμάστου
1487 527 1738 592 θεοπτίας

173 620 370 692 ταύτης
402 619 702 691 πυθόμενοι
721 635 736 648 ·
768 619 862 673 καὶ
905 621 988 676 ἑτι
1023 617 1284 690 μειζόνως
1327 615 1702 688 ἀγασθήσεσθε
1721 655 1738 682 ,

175 715 222 768 τί
262 712 370 766 τῶν
396 710 778 766 ἀποστολικῶν
821 710 1067 780 ἀγώνων,
1117 709 1212 764 καὶ
1256 708 1471 782 δρόμων
1514 709 1608 764 καὶ
1639 726 1738 779 χα-

176 805 448 878 ρισμάτων
493 803 792 859 ἀκούσεσθε
817 843 832 868 ,
874 798 956 868 οἷς
1000 801 1419 872 καταγλαῖσθεὶς
1459 801 1580 855 καθ’
1611 801 1740 868 ὅλην

172 895 264 967 τὴν
307 895 640 967 οἰκουμένην
681 894 990 976 διέλαμψεν.
1058 893 1130 948 Οὐ
1176 893 1284 966 γὰρ
1330 893 1622 964 Ἀθηναίων
1671 886 1742 964 ἦν

175 986 365 1058 ποιμὴν
398 988 496 1041 καὶ
535 986 854 1050 διδάσκαλος
889 985 1049 1058 μόνον
1067 1024 1083 1050 ,
1130 985 1266 1038 ἀλλά
1299 983 1393 1038 καὶ
1423 983 1738 1047 δ.δάσκαλος

171 1079 524 1148 διδασκάλων,
545 1080 638 1135 καὶ
672 1078 872 1151 ποιμὴν
904 1077 1192 1150 ποιμένων,
1224 1078 1317 1131 καὶ
1347 1077 1624 1149 διαιτητὴς
1647 1075 1738 1131 καὶ

173 1171 528 1243 θεσμοθέτης·
579 1171 701 1224 οὐδὲ
749 1170 941 1243 μέχρις
986 1169 1233 1232 Ἑλλάδος
1277 1170 1306 1222 ὁ
1349 1169 1546 1241 δρόμος
1591 1167 1740 1239 αύτῷ

173 1264 519 1336 περιώριστο,
548 1260 689 1316 ἀλλά
712 1261 805 1316 καὶ
840 1261 1004 1334 μέχρι
1035 1260 1128 1315 τοῦ
1163 1259 1475 1333 Ἰλλυρικοῦ,
1493 1259 1586 1313 τοῦ
1603 1259 1738 1313 καθ-

170 1356 430 1427 ηγεμόνος
493 1353 660 1408 αὐτοῦ
725 1352 818 1407 καὶ
869 1353 1140 1425 ἱεροθέτου
1183 1350 1400 1404 Παύλου
1447 1350 1738 1423 παραπλή-

171 1465 292 1511 σιος.
333 1444 727 1517 Ἀποστολικὴν
759 1444 870 1518 γὰρ
903 1445 1061 1516 χάριν
1107 1442 1201 1496 καὶ
1238 1442 1480 1514 σημείων
1510 1440 1738 1512 δύναμιν

171 1537 414 1609 εἰληφὼς,
450 1532 850 1600 ἀποστολικῶς,
885 1530 972 1590 οἷά
1002 1553 1087 1599 τις
1118 1533 1342 1606 πτηνὸς,
1377 1534 1610 1587 πάντοσε
1641 1533 1740 1586 διέ-

166 1631 317 1702 τρεχέ
347 1647 432 1695 τε,
486 1629 582 1683 καὶ
611 1628 671 1684 τὸ
718 1627 818 1698 τῆς
865 1627 1036 1690 ὅντως
1067 1626 1212 1697 ζωῆς
1248 1625 1576 1695 Εύαγγέλιον
1611 1627 1739 1698 ἐκή-

171 1741 350 1796 ρυττεν
367 1764 382 1789 ,
411 1721 796 1784 ἀποστολικαῖς
829 1721 1088 1792 σαγήναις
1116 1719 1209 1774 καὶ
1242 1720 1542 1792 πανάγροις
1571 1719 1736 1783 λίνοις

1840 525 2041 581 tissimi
2101 543 2231 598 erga
2281 541 2384 584 uos
2446 526 2646 582 summi
2719 541 2783 582 ac
2842 530 3064 585 maximi
3115 533 3418 592 sacerdotis

1839 617 2042 674 Christi
2071 618 2483 689 benignitatem.
2503 617 2617 673 Hac
2645 619 2828 688 audita
2852 620 3230 680 vehementius
3250 626 3417 683 etiam

1838 705 2278 770 admirabimini,
2339 707 2385 762 si
2431 707 2731 777 apostolica
2772 710 3070 764 certamina
3110 727 3419 786 cursusque

1838 803 2003 865 atque
2033 795 2175 849 dona
2204 798 2450 852 cmlestia
2479 795 2769 853 audieritis
2789 838 2804 862 ,
2833 799 3033 869 quibus
3065 801 3298 861 illustris
3332 806 3417 861 fa-

1837 893 1960 941 ctus
1986 901 2086 956 per
2114 893 2290 942 totum
2324 888 2512 942 orbem
2544 894 2818 943 terrarum
2844 891 3088 948 emicuit.
3123 893 3243 950 Non
3264 899 3412 954 enim

1837 976 2250 1033 Atheniensium
2287 981 2463 1034 solum
2516 987 2705 1049 pastor
2742 989 2797 1037 et
2837 985 3096 1053 magister
3145 986 3281 1053 fuit,
3315 991 3415 1045 sed

1836 1071 2094 1141 magister
2127 1071 2535 1142 magistrorum,
2565 1080 2753 1144 pastor
2783 1085 3086 1144 pastorum,
3117 1093 3412 1136 causarum

1837 1159 2116 1230 cognitor,
2149 1165 2203 1215 et
2231 1161 2409 1231 legum
2439 1159 2580 1214 lator
2611 1160 2734 1216 fuit.
2768 1161 2956 1234 Neque
2989 1166 3046 1224 in
3072 1164 3297 1224 Graecia:
3343 1172 3408 1224 ii-

1835 1250 1998 1305 nibus
2026 1266 2224 1307 cursus
2261 1251 2338 1305 illi
2365 1253 2689 1308 terminatus
2717 1260 2832 1319 est,
2879 1256 2978 1312 sed
3013 1272 3188 1328 usque
3235 1259 3412 1332 illyri-

1833 1355 1959 1396 cum
1976 1340 2202 1396 Paulum
2221 1341 2414 1398 ducem
2447 1359 2605 1399 suum
2633 1355 2688 1401 et
2716 1361 3000 1403 sacrorum
3032 1350 3405 1408 institutorem

1835 1432 2082 1502 proxime
2129 1442 2350 1490 secutus
2379 1443 2486 1491 est.
2532 1437 2670 1493 Cum
2704 1439 2850 1494 enim
2894 1443 3249 1510 apostolicam
3291 1462 3411 1517 gra-

1834 1524 1968 1577 tiam
2019 1531 2072 1578 et
2124 1526 2403 1596 signorum
2460 1536 2792 1599 potestatem
2839 1533 3180 1602 accepisset,
3233 1536 3410 1592 instar

1834 1613 2081 1683 Apostoli
2120 1617 2324 1688 ubique
2351 1625 2614 1690 tanquam
2647 1622 2764 1678 avis
2806 1625 3191 1693 percurrebat,
3238 1627 3410 1683 Evan—

1835 1706 2031 1776 gelium
2073 1724 2217 1763 verze
2261 1710 2384 1764 vitm
2438 1712 2801 1780 praedicabat,
2834 1716 3052 1786 sagenis
3087 1719 3408 1787 apostolicis

169 1814 386 1886 ζωγρῶν
427 1814 525 1866 καὶ
557 1811 971 1884 αἰχμαλωτίζων
1003 1813 1068 1865 ὲκ
1115 1809 1211 1865 τοῦ
1241 1811 1340 1882 τῆς
1379 1811 1603 1880 ἀγνοίας
1637 1810 1732 1881 βυ-

1835 1801 2179 1871 retibusque,
2229 1803 2432 1872 quibus
2475 1804 2584 1860 vivi
2633 1805 2883 1862 homines
2935 1817 3294 1878 caperentur,
3339 1826 3410 1867 ex

169 1906 254 1961 θοῦ
289 1907 428 1978 πρὸς
469 1906 534 1959 τὸ
566 1905 667 1976 τῆς
713 1903 970 1974 ἀληθείας
1013 1902 1127 1972 φῶς
1159 1903 1287 1966 τοὺς
1319 1903 1496 1973 σκότῳ
1528 1902 1735 1975 πλάνης

168 1997 625 2070 κεκρατημένους.
657 1997 778 2050 Ὅτι
825 1996 922 2066 μὲν
954 1993 1064 2068 γὰρ
1105 1997 1220 2058 τοῖς
1262 1993 1402 2049 κατὰ
1447 1993 1735 2069 διαφόρους

168 2091 364 2164 χώρους
409 2092 512 2146 καὶ
554 2091 751 2161 νήσους
802 2087 1108 2161 ἐκκλησιῶν
1165 2087 1458 2159 ἠγεμονίαν
1508 2088 1601 2142 καὶ
1656 2088 1736 2142 δι-

166 2182 451 2237 δασκαλίαν
483 2181 955 2252 πεπιστευμένοις,
994 2180 1070 2244 ὡς
1100 2178 1414 2242 διδάσκαλος
1443 2179 1540 2232 καὶ
1568 2196 1733 2251 κορυ-

167 2276 311 2345 φαῐός
349 2292 434 2339 τις
485 2273 645 2337 ἄλλος
676 2271 997 2337 ἀπόστολος,
1046 2270 1322 2343 ὑποθήκας
1354 2270 1734 2349 διδασκαλικάς

167 2366 250 2419 καὶ
272 2365 548 2438 μυστικὰς
574 2364 791 2436 διδαχὴ
823 2364 1126 2430 ὑπετίθετο,
1150 2365 1337 2434 σαφῶς
1362 2363 1732 2434 διαγγέλλουσι

163 2457 225 2511 τὰ
256 2458 390 2531 πρὸς
435 2458 572 2521 τοὺς
605 2455 900 2526 Ἐφεσίων,
937 2455 1030 2509 καὶ
1064 2457 1418 2528 Σμυρναίων,
1455 2455 1549 2508 καὶ
1580 2457 1733 2527 Κρη-

163 2549 261 2604 τῶν
292 2547 742 2621 πανιερωτάτους
782 2547 874 2601 καὶ
907 2548 1043 2620 πρὸς
1076 2547 1254 2602 αὐτῶν
1285 2547 1394 2600 τῶν
1435 2547 1536 2617 τῆς
1565 2547 1732 2615 ἁγιω-

162 2642 320 2714 τάτης
356 2641 688 2712 Ἐκκλησίας
720 2640 1011 2712 θεμελίων,
1059 2640 1167 2694 τῶν
1198 2622 1509 2694 ἀποστόλων
1553 2639 1726 2710 λέγω,

166 2733 813 2806 προκεχειροτοντῃιὲνους
877 2731 1169 2804 προέδρους
1197 2770 1211 2796 ,
1277 2730 1538 2802 Τιμόθεον
1557 2771 1572 2797 ,
1636 2731 1730 2785 καὶ

166 2826 551 2900 Πολύκαρπον,
605 2825 698 2879 καὶ
744 2824 932 2891 Τίτον,
983 2821 1133 2894 αύτῷ
1178 2823 1571 2895 διηγορευμὲνα
1603 2822 1727 2891 δόγ-

170 2935 323 2988 ματα,
358 2919 455 2972 καὶ
497 2917 1001 2989 μυσταγωγήματα,
1029 2915 1122 2968 καὶ
1150 2915 1520 2986 διατάγματα·
1556 2913 1639 2968 δτι
1670 2913 1726 2968 δὲ

167 3013 248 3066 καὶ
289 3013 496 3087 δρόμον
528 3010 882 3064 ἀποστολικὸν
927 3009 1208 3074 τετέλεκε,
1261 3008 1354 3062 καὶ
1403 3007 1726 3084 παραδόξοις

167 3103 624 3176 θαυματουργίαις
673 3101 855 3156 θεόθεν
899 3100 1240 3167 δεδόξασται,
1294 3098 1460 3153 πολλὰ
1495 3100 1595 3170 μὲν
1631 3101 1726 3154 καὶ
1754 3133 1800 3196 c

165 3195 286 3249 ἄλλα
325 3194 689 3263 πιστώσεται,
719 3193 840 3248 καθ’
863 3193 900 3248 ἃ
931 3191 1134 3267 προῖὼν
1164 3194 1193 3245 ό
1223 3191 1400 3260 λόγος,
1432 3191 1558 3256 τοὺς
1593 3209 1730 3264 μαρ-

165 3288 429 3359 τυρικοὺς,
465 3284 564 3348 οὓς
597 3283 1044 3357 καρτερικώτατα
1074 3284 1340 3354 διήνυκεν,
1364 3282 1556 3346 ἄθλους
1589 3283 1728 3336 ύπα-

164 3380 392 3453 γορεύων
423 3378 852 3443 διεξελεύσεται·
892 3374 1126 3448 μάλιστα
1157 3374 1214 3428 δὲ
1246 3376 1280 3446 ἡ
1316 3373 1607 3447 μετάρσιον
1627 3373 1729 3428 αὐ-

165 3472 246 3526 τὸν
290 3473 391 3542 τῆς
443 3469 706 3543 ἑσπερίου
755 3467 958 3540 λήξεως
995 3466 1369 3539 ἀφαρπάσασα
1408 3463 1604 3536 νεφέλη
1637 3463 1731 3518 καὶ

169 3565 542 3638 μετεωρίσασα
565 3602 581 3628 ,
615 3561 708 3616 καὶ
736 3561 1054 3633 ἀεροπόρον,
1076 3559 1158 3623 ὡς
1201 3560 1294 3612 καὶ
1332 3558 1459 3622 τοὺς
1490 3557 1730 3629 ἀκροτάυ

165 3675 280 3722 τους
310 3659 549 3721 θεόπτας
581 3655 674 3710 καὶ
707 3652 987 3722 θεολόγους
1019 3652 1367 3715 ἀποστόλους,
1391 3651 1548 3705 ἄλλον
1579 3649 1732 3704 ἀλλο-

166 3751 249 3806 θεν
276 3752 386 3806 τῶν
416 3751 524 3822 τῆς
563 3750 664 3819 γῆς
697 3746 951 3818 περάτων
977 3742 1302 3809 ἐξαπιναίως
1333 3742 1427 3795 ἐπὶ
1454 3740 1554 3813 τὴν
1593 3756 1732 3794 παν-

167 3843 450 3915 σεϐάσμιον
509 3837 864 3912 Ἰερουσαλὴμ
925 3832 1284 3904 ἀπαγαγοῦσα
1342 3831 1441 3904 τὴν
1510 3832 1731 3886 πάντων

165 3935 496 4009 Χριστιανῶν
531 3931 927 4002 κοινομήτορα,
950 3929 1051 3982 κάν
1076 3928 1144 3998 τῇ
1177 3924 1287 3978 τῶν
1319 3923 1478 3977 θείων
1521 3940 1729 3995 μυστη-

167 4027 290 4099 ρίων
321 4023 622 4100 ἀκροπόλει
653 4021 792 4075 Σιὼν
820 4023 887 4092 τῇ
933 4018 1100 4092 μητρὶ
1131 4016 1241 4070 τῶν
1279 4012 1585 4085 ἐκκλησιῶν
1615 4016 1729 4078 τοῖς

165 4117 391 4188 Χριστοῦ
419 4116 705 4186 φοιτηταῖς
739 4111 1051 4181 συνάψασα,
1093 4109 1182 4162 ὅτε
1214 4107 1274 4161 τὸ
1305 4108 1405 4178 τῆς
1453 4106 1727 4175 πανάγνου

165 4207 498 4282 Θεομήτορος
533 4204 821 4276 ἐκηδεύετο
848 4203 1118 4273 λείψανον,
1151 4203 1218 4272 τῇ
1246 4199 1341 4253 τοῦ
1367 4199 1536 4270 αὐτῆς
1560 4198 1733 4270 ἀφράο

168 4317 300 4366 στως
321 4296 746 4375 σεσαρκωμένου
769 4314 831 4350 τε
863 4296 956 4349 καὶ
975 4291 1368 4365 γεγεννημένου
1391 4289 1527 4344 Θεοῦ
1555 4291 1730 4360 Λόγου

167 4393 550 4463 καταφοιτήσει
606 4389 700 4442 καὶ
749 4387 1104 4460 περιπολήσει
1150 4383 1570 4456 γεραιρόμενον,
1637 4381 1732 4436 καὶ

165 4485 277 4547 ταῖς
325 4481 761 4556 οὐρανοϐἀμοσιν
812 4479 1125 4548 ἀγγελικαῖς
1172 4473 1357 4541 τάξεσι
1403 4473 1730 4547 δορυφορούσ-
1758 4471 1804 4527 D

171 4593 342 4646 μενον,
361 4577 474 4630 κάκ
505 4574 606 4645 τῆς
641 4571 780 4625 Σιὼν
803 4573 894 4625 ἐπὶ
915 4569 1242 4640 Γεθσημανῆ
1273 4567 1334 4621 τὸ
1361 4565 1730 4639 ούρανομίμη-

166 4685 253 4724 τον
281 4669 452 4740 αὐτῆς
479 4667 706 4738 τέμενος
736 4665 858 4726 ταῖς
891 4661 1159 4730 παναγέσι
1184 4659 1276 4714 καὶ
1297 4658 1466 4721 θείαις
1493 4657 1728 4710 ἀποστο-

166 4757 335 4824 λικαίς
368 4760 567 4832 κάραις
589 4775 650 4811 τε
675 4756 768 4810 καὶ
799 4753 1022 4817 ὠλέναις
1048 4751 1455 4824 μεταιρόμενον,
1486 4748 1578 4802 καὶ
1609 4750 1731 4811 ταῖς

169 4850 684 4923 πνευματοκινήτοις
730 4845 1034 4917 πυροειδέσι
1055 4883 1069 4908 ,
1102 4842 1196 4896 καὶ
1244 4839 1726 4908 θεολογικωτάταις

170 4944 430 5013 γλώτταις
483 4939 816 5014 ὑμνούμενόν
859 4955 920 4991 τε
961 4936 1054 4990 καὶ
1101 4929 1577 5002 δοξολογούμενονο
1608 4928 1731 4982 ὅθεν

171 5035 453 5110 ὁλόκληρος
489 5032 627 5107 μετά
667 5031 769 5102 τὴν
815 5030 873 5083 ὲν
917 5028 1156 5100 μνήματι
1188 5023 1480 5078 κατάθεσιν
1515 5021 1594 5084 είς
1631 5017 1729 5090 τὴν

173 5127 555 5201 ύπερουράνιον
604 5121 878 5200 ἀνελήφθη
916 5117 1069 5190 λῆξιν
1098 5119 1132 5190 ἠ
1167 5116 1382 5170 πάντων
1414 5112 1524 5166 τῶν
1564 5111 1729 5183 ούρα-

173 5219 292 5272 νίων
344 5217 625 5291 ὑπερτέρα
665 5214 982 5285 δυνάμεων,
1024 5210 1118 5266 καὶ
1168 5208 1346 5280 πάσης
1397 5203 1728 5268 δεσπόζουσα

173 5309 414 5375 κτίσεως.

238 5567 578 5627 “sui
598 5568 951 5642 W
974 5565 1266 5622 ἀκουστέον
1284 5562 1691 5636 διαγορεύοντος
1711 5579 1724 5593 ·

177 5659 351 5734 ἕτερος
375 5663 485 5735 γάρ
514 5661 617 5715 οὐκ
644 5659 709 5714 ἃν
745 5659 831 5731 εῐη
877 5660 1087 5732 μάρτυς
1126 5656 1562 5728 ἀξιοπιστότερος
1595 5655 1726 5727 περὶ

157 5733 273 5822 Ra:
315 5733 758 5826 ἀγγελοπρεποῢς
786 5753 884 5826 τῆς
932 5751 1212 5824 ίσαγγέλου
1257 5748 1471 5823 χορείας
1517 5747 1730 5820 ἐκείνης

1839 1889 2197 1961 ignorationis
2237 1891 2540 1962 profundo,
2583 1895 2790 1950 erroris
2836 1896 3070 1968 caligine
3110 1913 3410 1971 Oppressos

1836 1980 1905 2034 ad
1934 1981 2181 2039 veritatis
2231 1983 2408 2038 lucem
2443 1985 2791 2054 provebebat.
2837 1985 2973 2042 Nam
3003 1989 3149 2060 quod
3181 1991 3252 2047 iis
3281 1991 3409 2062 qui-

1834 2069 1938 2125 bus
1966 2087 2064 2140 per
2094 2073 2276 2130 varias
2308 2075 2562 2146 regiones
2597 2082 2760 2146 atque
2792 2068 3407 2138 insulas‘Ecclesiarum

1832 2159 2155 2228 praefectura
2186 2162 2534 2233 olliciumque
2562 2165 2935 2220 concreditum
2964 2176 3114 2233 erat,
3143 2176 3402 2241 tanquam

1833 2253 2026 2307 doctor
2071 2263 2125 2310 et
2174 2254 2313 2310 alius
2342 2257 2563 2326 quidam
2595 2271 2843 2313 summus
2872 2262 3182 2328 apostolus,
3217 2278 3404 2318 exem-

1832 2343 2004 2415 plaria
2035 2343 2330 2409 doctrinae,
2376 2354 2431 2402 et
2476 2347 2682 2400 monita
2725 2349 3004 2404 recondita
3044 2362 3398 2422 proponeret,

1830 2443 2018 2506 aperte
2062 2436 2344 2492 declarant
2384 2437 2475 2492 illa
2526 2436 2710 2492 divina
2750 2446 2806 2493 et
2851 2441 3079 2512 mystica
3128 2455 3399 2514 praecepta

1829 2544 1950 2600 quae
1979 2528 2046 2582 ab
2079 2528 2199 2600 ipso
2231 2528 2432 2584 tradita
2462 2530 2712 2601 leguntur
2742 2533 3110 2590 sanctissimis
3135 2533 3402 2606 Ephesio-

1828 2634 1974 2684 rum,
2001 2617 2420 2691 Smyrnensium
2478 2627 2640 2691 atque
2672 2619 3016 2678 Cretensium
3049 2627 3398 2694 praasulibus,

1828 2707 2143 2774 Timotheo,
2188 2707 2489 2781 Polycarpo
2536 2718 2593 2767 et
2641 2709 2797 2777 Tito,
2846 2729 2985 2783 quos
3037 2715 3155 2785 ipsa
3210 2732 3400 2772 sacro-

1828 2805 2030 2854 sanctae
2061 2797 2320 2854 Ecclesia:
2348 2798 2732 2866 fundamenta,
2778 2805 3054 2873 apostolos
3091 2807 3302 2876 loquor,
3341 2809 3400 2862 in

1826 2890 2116 2960 episcopos
2159 2889 2530 2962 designarant.
2577 2889 2734 2956 Quod
2782 2907 2911 2946 vero
2957 2908 3180 2949 cursum
3229 2898 3398 2950 etiam

1826 2981 2184 3051 apostolicum
2233 2981 2558 3052 perfecerit,
2587 2988 2642 3036 et
2667 2981 3002 3038 admirandis
3038 2983 3200 3040 editis
3230 2985 3399 3039 mira-

1829 3071 1968 3125 culis
1993 3070 2257 3126 divinitus
2287 3071 2557 3142 gloriosus
2594 3072 2942 3142 apparuerit,
2976 3073 3146 3127 multa
3173 3075 3394 3144 quidem

1829 3169 1883 3217 et
1915 3161 2021 3215 alia
2049 3160 2208 3217 ﬁdem
2233 3161 2468 3226 facient,
2496 3162 2696 3233 quibus
2726 3178 2964 3234 sequens
2996 3165 3203 3229 oratio,
3235 3168 3395 3236 quasi

1830 3251 1887 3307 in
1913 3261 2255 3318 transcursu,
2284 3253 2684 3310 manifestando
2720 3262 3001 3326 percurret
3045 3257 3234 3327 gravia
3268 3274 3395 3314 cer-

1830 3343 2033 3399 tamina
2061 3359 2184 3414 quae
2211 3345 2303 3400 ille
2329 3344 2630 3401 fortissime
2649 3345 2950 3402 dimicavit.
2985 3345 3090 3402 Sed
3123 3348 3179 3402 in
3203 3349 3395 3418 primis

1828 3434 2004 3490 nubes
2053 3435 2146 3488 illa
2175 3452 2296 3506 qua!
2342 3437 2412 3492 ab
2442 3435 2740 3492 occidentis
2790 3438 3034 3508 partibus
3078 3440 3395 3510 subreptum

1829 3525 2116 3582 sublimem
2146 3526 2310 3599 382
2343 3529 2522 3597 ipsum
2553 3529 2804 3593 abstulit,
2832 3545 3036 3600 perque
3069 3545 3250 3586 aerem
3277 3545 3396 3584 am-

1827 3615 2104 3671 bulantem
2128 3625 2182 3672 et
2207 3619 2410 3672 elatum
2440 3618 2690 3681 abduxit,
2714 3619 2790 3673 uti
2822 3619 2985 3673 etiam
3014 3633 3262 3675 summos
3293 3619 3391 3675 Dei

1828 3708 2168 3780 inspectores
2212 3717 2268 3764 et
2309 3709 2590 3780 theologos
2632 3710 2945 3780 apostolos,
2978 3712 3145 3764 alium
3175 3711 3402 3766 aliunde

1826 3807 2051 3872 repente
2075 3816 2106 3856 e
2132 3800 2332 3855 ﬁnibus
2357 3807 2517 3854 term
2545 3800 2600 3854 in
2630 3800 3039 3854 celeberrimam
3070 3807 3124 3854 et
3145 3814 3396 3853 commu-

1827 3908 1952 3949 nem
1987 3892 2229 3948 omnium
2270 3891 2705 3948 Christianorum
2765 3901 2991 3946 matrem
3049 3890 3392 3946 Hierusalem

1827 3983 2166 4054 asportavit,
2217 3983 2359 4038 etin
2402 3983 2617 4038 excelsa
2646 3981 2956 4036 divinorum
3005 3982 3394 4052 mysteriorum

1828 4089 1954 4130 arce
1993 4073 2125 4130 Sion
2155 4073 2520 4129 Ecclesiarum
2554 4080 2729 4126 matre
2757 4071 2970 4126 ueteris
2998 4072 3201 4126 Christi
3226 4074 3393 4128 disci-1

1827 4167 1972 4237 pulis
2014 4167 2318 4238 copulavit,
2367 4181 2491 4221 cum
2547 4163 2642 4219 Dei
2696 4161 2884 4217 Matris
2932 4163 3401 4220 innocentissimae

1827 4260 2043 4330 corpori
2070 4261 2218 4330 justa
2247 4259 2722 4331 persolverentur,
2752 4253 2896 4324 quod
2938 4255 3010 4310 ob
3033 4256 3240 4312 editum
3271 4256 3396 4313 Filii

1827 4350 1924 4406 Dei
1951 4358 2168 4422 partum
2187 4392 2204 4418 ,
2239 4350 2333 4421 qui
2364 4364 2431 4404 ex
2459 4349 2578 4418 ipsa
2605 4354 2769 4401 natus
2800 4352 2886 4400 est
2909 4353 2964 4401 et
2995 4354 3177 4401 ortum
3209 4348 3405 4403 carnis

1831 4441 2177 4496 ineﬂ‘abiliter
2205 4441 2442 4510 accepit,
2487 4453 2611 4493 cum
2661 4451 2833 4505 eaque
2868 4435 3210 4493 familiariter
3235 4439 3406 4504 vixit,

1829 4532 2006 4602 magis
2049 4532 2348 4587 honoribus
2378 4536 2598 4586 auctum
2643 4542 2674 4581 a
2709 4526 3031 4583 cmlestibus
3074 4527 3402 4598 angelorum

1828 4626 2114 4682 ordinibus
2136 4625 2366 4696 plurima
2387 4637 2512 4677 cum
2541 4634 2736 4692 pompa
2761 4619 2965 4674 elatum
2989 4627 3094 4676 est.
3122 4619 3188 4674 Et
3220 4621 3405 4690 ipsius.

1829 4717 2113 4774 delubrum
2161 4715 2470 4770 mirandum
2521 4714 2579 4769 in
2621 4713 2842 4767 modum
2876 4721 3214 4768 exstructum
3263 4727 3394 4768 san-

1829 4811 2092 4868 ctissimis
2127 4809 2432 4878 divinisque
2473 4806 2847 4876 apostolorum
2895 4805 3169 4875 capitibus
3197 4813 3251 4861 et
3284 4821 3402 4861 ma-

1830 4903 1994 4958 nibus
2018 4917 2085 4956 ex
2115 4900 2247 4954 Sion
2268 4902 2326 4957 in
2339 4896 2688 4958 Gethsemani
2706 4896 3058 4962 translatum,
3087 4897 3288 4968 linguis
3309 4897 3401 4963 di-_

1829 4996 1958 5049 vino
1993 4988 2201 5063 Spiritu
2233 4991 2479 5062 percitis,
2512 4988 2690 5060 igneis
2713 5001 2779 5042 ac
2814 4987 3174 5044 divinissimis
3202 4987 3396 5044 lauda-

1829 5093 1944 5139 tum
1974 5091 2028 5138 et
2057 5083 2227 5154 gloria
2262 5081 2597 5137 cumulatum
2637 5085 2740 5133 est.
2774 5076 2920 5134 Hinc
2950 5078 3116 5151 Virgo
3155 5080 3394 5151 integer-

1828 5173 1987 5239 rima,
2031 5187 2153 5242 quae
2181 5171 2436 5226 omnibus
2470 5169 2799 5227 caelestibus.
2826 5172 3191 5242 potestatibus
3218 5172 3393 5228 subli-

1830 5266 1972 5319 mior
2013 5269 2131 5327 est,
2179 5271 2234 5318 et
2257 5261 2405 5315 omni
2431 5261 2699 5317 creationi
2737 5260 3072 5327 dominatur,
3102 5269 3226 5332 post
3254 5262 3394 5318 cele-

1829 5358 2039 5413 bratam
2083 5353 2203 5424 ejus
2255 5353 2573 5410 memoriam
2625 5357 2695 5413 ad
2731 5355 3106 5412 sublimiorem
3140 5353 3264 5409 coeli
3299 5368 3392 5409 re-

1831 5449 2009 5522 quiem
2037 5453 2120 5502 est
2140 5453 2439 5517 assumpta.

1899 5562 1968 5617 At
1997 5560 2165 5614 divini
2195 5559 2370 5630 ipsius
2409 5564 2681 5631 praeconis
2718 5560 2901 5617 verba‘
2929 5557 3196 5614 audienda
3223 5565 3404 5644 sunt;

1829 5665 2004 5722 neque
2032 5650 2175 5705 enim
2206 5651 2274 5706 de
2310 5651 2554 5721 angelico
2582 5666 2646 5705 ac
2677 5649 3058 5704 decentissimo
3081 5647 3293 5702 chorea
3321 5646 3396 5700 il-

1830 5746 1936 5802 lius
1982 5757 2299 5825 peruaerem
2340 5744 2606 5800 evolantis
2637 5742 2869 5799 adventu
2912 5740 3072 5798 testis
3114 5738 3258 5796 alius
3283 5736 3394 5797 ﬁda

3489 1751 3501 1773 ι
