3886 6550
479 337 585 397 655

1646 331 1704 389 S.
1739 329 2042 388 DIONYSII
2075 324 2545 386 AREOPAGITE

3638 336 3736 393 656

478 458 699 530 dignior
727 453 964 511 inveniri
1000 457 1212 524 posset.
1245 447 1313 504 Et
1339 463 1472 504 sane
1498 447 1604 503 hoc
1634 449 1814 520 ipsum
1837 462 2044 519 quoque

2159 443 2556 520 νεφελοδρόμου
2591 444 2978 511 συνελεύσεως.
3032 447 3226 503 Καίτοι
3270 447 3362 502 καὶ
3407 447 3570 504 τοῦτο
3615 453 3739 523 ἡμῖν

479 562 742 621 perquam
785 550 1042 599 accurate
1074 555 1105 594 a
1133 539 1293 595 nobis
1325 539 1675 594 observatum
1706 545 1812 602 est,
1838 545 1901 593 ut
1934 552 2056 608 quae

478 649 781 713 praceptor
813 637 930 707 ipse
969 634 1192 689 divinus
1241 631 1538 688 manifesta
1584 630 2056 687 demonstratione

476 734 726 797 tradidit,
758 746 860 786 nos
884 744 992 785 non
1016 729 1387 800 attingamus,
1422 742 1492 782 ne
1521 725 1759 797 idipsum
1789 731 2056 779 tractare-

476 843 624 889 mus,
656 821 873 895 eloquia
909 837 1032 893 qua:
1062 821 1130 876 ab
1153 821 1273 891 ipso
1302 819 1582 890 proposita
1621 824 1772 881 sunt,
1804 823 2057 888 repeten-

475 931 577 978 tes.
616 916 897 988 Siquidem
926 912 1072 985 apud
1105 911 1369 984 praesides
1410 917 1632 966 nostros
1661 907 1886 964 numine
1909 907 2056 962 ama-

469 1021 582 1076 tos,
617 1017 673 1066 et
700 1023 803 1065 nos
835 1008 919 1080 (ut
960 1006 1079 1078 ipse
1127 1003 1296 1074 nosti)
1343 1009 1398 1058 et
1449 1002 1694 1074 plerique
1735 1017 1802 1056 ex
1847 1000 2055 1055 sanctis

474 1102 742 1158 fratribus
772 1097 982 1155 nostris
1030 1097 1099 1152 ad
1133 1094 1426 1151 visendum
1473 1107 1674 1164 corpus
1706 1092 1839 1146 illud
1859 1131 1874 1156 ,
1906 1089 2054 1162 quod

472 1197 597 1253 vitae
646 1192 807 1249 nobis
857 1190 1194 1261 principium
1231 1187 1413 1242 attulit
1461 1184 1742 1255 Deumque
1789 1183 2052 1253 suscepit,

471 1286 852 1345 convenimus.
881 1283 1126 1339 Aderant
1157 1291 1418 1353 praeterea
1456 1277 1715 1340 Jacobus,
1750 1275 1918 1331 frater
1945 1275 2054 1327 Do-

470 1377 650 1442 mini,
701 1383 756 1431 et
799 1374 1000 1432 Petrus
1050 1373 1296 1445 (summa
1343 1376 1399 1425 et
1453 1367 1691 1423 maxime
1737 1363 2052 1422 veneranda

470 1471 854 1542 theologorum
916 1466 1235 1537 maiestas).
1315 1462 1521 1518 Deinde
1568 1459 1749 1516 visum
1806 1466 1924 1526 est,
1992 1464 2053 1511 ut

470 1579 666 1620 omnes
699 1561 846 1618 sacri
876 1559 1140 1632 praesules
1169 1564 1296 1630 post
1323 1556 1593 1613 visionem
1623 1554 1771 1608 illam
1794 1595 1808 1618 ,
1837 1565 2052 1623 praepo-

471 1663 678 1712 tentem
700 1653 900 1710 divinae
933 1651 1327 1706 imbecillitatis
1358 1646 1750 1718 benignitatem
1785 1658 1883 1713 pro
1921 1643 2054 1698 viri-

471 1751 578 1808 bus
610 1747 843 1820 quisque
874 1745 990 1800 suis
1019 1743 1340 1820 celebraret.
1389 1737 1563 1792 Porro
1591 1742 1714 1807 post
1743 1734 2046 1803 theologos,

2159 537 2556 610 ἐπιτετήρηται
2600 537 2722 592 λίαν
2767 538 3059 610 ἐμμελῶς,
3119 539 3264 594 ὥστε
3309 543 3422 605 τοῖς
3470 541 3621 614 αὑτῷ
3664 544 3740 615 τῷ

2160 627 2290 699 θείῳ
2315 628 2650 701 καθηγεμόνι
2695 631 2836 684 κατὰ
2875 631 3136 701 ἐκφανσιν
3175 632 3323 704 σαφῆ
3355 633 3738 707 διηυκρινημέ-

2156 737 2268 785 νοις
2312 721 2433 792 μηδ’
2466 720 2605 786 ὅλως
2641 723 3090 795 ἐγκεχειρηκέναι
3123 725 3259 778 ποτέ
3303 725 3444 797 πρὸς
3488 727 3742 780 ταυτολο-

2156 811 2322 881 γίαν,
2371 812 2450 878 εἰς
2495 812 2597 885 τὴν
2637 813 2806 885 αὑτὴν
2838 815 2934 869 τοῦ
2981 817 3341 888 προτεθέντος
3379 817 3528 888 αὑτῷ
3565 817 3739 888 λογίου

2155 904 2484 975 διασάφησιν
2509 921 2524 935 ’
2580 905 2704 959 ἐπεὶ
2742 906 2836 959 καὶ
2874 909 3007 980 παρ’
3043 907 3231 972 αὑτοῖς
3279 911 3392 972 τοῖς
3426 908 3740 981 θεολήπτοις

2155 995 2312 1067 ἡμῶν
2346 997 2625 1076 ἰεράρχααις
2657 996 2842 1068 (ἡνίκα
2872 999 2966 1053 καὶ
2999 1002 3178 1070 ἡμεῖς,
3200 1000 3278 1064 ὠς
3315 995 3474 1055 οἶσθα
3528 1003 3623 1056 καὶ
3647 1005 3739 1057 αὑ-

2153 1087 2246 1152 τὸς
2267 1129 2281 1152 ,
2335 1088 2430 1142 καί
2465 1089 2648 1142 πολλοί
2679 1090 2792 1144 τῶν
2827 1091 2988 1163 ἰερῶν
3033 1092 3192 1163 ἡμῶν
3229 1092 3475 1162 ἀδελφῶν
3507 1093 3604 1146 ἐπὶ
3644 1094 3740 1167 τὴν

2156 1179 2285 1234 θέαν
2315 1180 2410 1234 τοῦ
2454 1178 2761 1253 ζωαρχικοῦ
2802 1183 2896 1236 καὶ
2929 1183 3178 1256 θεοδὸχου
3227 1184 3481 1256 σώματος
3526 1187 3741 1259 συνεληο

2153 1271 2428 1344 λύθαμεψ
2454 1273 2640 1346 παρῆν
2688 1274 2744 1328 δέ
2788 1276 2881 1329 καὶ
2914 1275 2942 1328 ὀ
2975 1277 3297 1347 ἀδελφόθεος
3347 1277 3608 1344 Ἰάκωϐος
3651 1281 3739 1334 καὶ

2153 1365 2382 1437 Πέτρος,
2417 1368 2452 1437 ὴ
2488 1367 2762 1438 κορυφαία
2813 1368 2906 1422 καὶ
2946 1369 3302 1442 πρεσϐυτάτη
3331 1371 3444 1425 τῶν
3476 1371 3738 1441 θεολόγων

2153 1458 2424 1530 ἀκρότης·
2461 1454 2578 1511 εἶτα
2625 1458 2799 1513 ἐδόκει
2851 1459 2988 1530 μετὰ
3016 1461 3116 1532 τὴν
3162 1461 3313 1527 θέαν,
3345 1463 3591 1534 ὑμνῆσαι
3617 1467 3738 1530 τοὺς

2157 1550 2416 1622 ίεράρχας
2449 1551 2713 1616 ἅπαντας,
2746 1552 2821 1616 ὡς
2841 1552 3071 1618 ἕκαστος
3100 1550 3170 1626 ἧν
3205 1556 3410 1620 ἱκανὸς,
3447 1557 3552 1627 τὴν
3589 1559 3739 1612 άπι-

2155 1642 2450 1714 ροδύναμον
2480 1643 2794 1716 ἁγαθότητα
2815 1645 2914 1717 τῆς
2930 1646 3226 1718 θεαρχικῆς
3252 1649 3590 1721 ἀσθενείας),
3611 1652 3739 1706 πάν-

2152 1753 2260 1789 των
2309 1736 2532 1808 ἐκράτει
2583 1737 2722 1807 μετά
2752 1740 2879 1803 τοὺς
2909 1738 3190 1808 θεολόγους
3214 1781 3228 1805 ,
3264 1741 3342 1806 ὡς
3385 1738 3547 1797 οἶσθα
3569 1783 3584 1809 ,
3633 1744 3742 1801 τῶν

471 1809 666 1896 omnes
695 1809 794 1908 (ut
831 1834 1008 1904 nosti)
1035 1813 1244 1888 sacros
1279 1830 1534 1886 doctores
1586 1826 1864 1899 superavit
1901 1831 2044 1880 totus

2152 1827 2326 1882 ἄλλων
2363 1829 2726 1901 ἰερομυστῶν,
2760 1831 2878 1894 ὅλος
2912 1832 3185 1903 ἐκδημῶν,
3219 1834 3341 1898 ὅλος
3387 1834 3739 1907 ἐξιστάμενος

473 1929 839 1987 admiratione
880 1927 1077 1998 plenus
1111 1931 1164 1979 et
1203 1937 1316 1994 prae
1359 1929 1581 1986 stupore
1623 1928 1778 1976 extra
1808 1935 1866 1977 se
1910 1920 2050 1990 posi-

467 2032 584 2088 tus,
615 2029 670 2078 et
698 2034 890 2076 eorum
919 2032 1042 2088 qua:
1067 2015 1342 2077 laudabat,
1386 2013 1769 2068 communione
1797 2010 2044 2067 affectus.

469 2114 682 2170 Idcirco
732 2111 805 2166 ob
847 2123 911 2166 ea
954 2108 1171 2171 omnia,
1203 2120 1324 2176 quae
1353 2103 1536 2158 audita
1582 2111 1740 2165 sunt,
1785 2111 1838 2158 et
1873 2103 2048 2158 oculis

469 2210 786 2277 perspecta,
821 2201 936 2257 sive
978 2199 1252 2254 intellecta
1275 2237 1289 2262 ,
1341 2212 1436 2252 seu
1470 2211 1581 2250 non
1615 2195 1909 2258 intellecta,
1942 2211 2048 2248 nn-

466 2298 618 2366 mine
643 2295 856 2350 afflatus
887 2307 1030 2358 esse,
1058 2301 1112 2346 et
1144 2290 1365 2344 divinus
1398 2287 1651 2343 laudandi
1679 2288 1938 2358 magister
1963 2297 2049 2341 est

462 2391 766 2461 judicatus.
796 2386 941 2454 Quid
975 2386 1021 2441 si
1063 2401 1129 2440 ea
1160 2384 1259 2438 tibi
1293 2399 1413 2452 quae
1460 2383 1571 2436 illic
1613 2381 1796 2435 divina
1837 2381 2048 2434 ratione

465 2487 700 2536 tractata
749 2485 915 2542 sunt,
949 2475 1212 2546 eloquar?
1258 2474 1470 2528 Etenim
1519 2473 1628 2528 nisi
1675 2473 1780 2527 mei
1829 2473 2046 2541 penitus

464 2575 570 2629 sim
606 2573 844 2635 oblitus,
894 2570 1011 2625 scio
1061 2585 1147 2622 me
1195 2576 1380 2638 partes
1428 2565 1693 2636 quasdam
1737 2565 2045 2619 divinarum

463 2664 628 2736 383
668 2664 886 2718 illarum
914 2661 1290 2715 laudationum
1323 2658 1422 2715 abs
1460 2667 1512 2713 te
1553 2659 1753 2727 saepius
1781 2657 2041 2712 audiisse.

463 2758 835 2826 Quamobrem
866 2753 1073 2817 nullus,
1098 2751 1464 2816 dilectissimi,
1492 2750 1726 2805 orationi
1757 2749 1915 2804 fidem
1943 2749 2043 2802 ba-

461 2851 594 2908 bere
621 2850 912 2913 detrectet,
945 2861 1070 2902 cum
1094 2861 1188 2900 eos
1217 2845 1313 2915 qui
1345 2845 1491 2898 circa
1517 2841 1829 2898 Cornelium
1866 2840 2041 2904 fuere,

463 2946 650 3001 animo
696 2939 1068 3013 reputaverit;
1110 2953 1237 2993 nam
1278 2945 1334 2992 et
1382 2937 1460 2990 illi
1511 2950 1620 2990 non
1658 2935 1817 2989 aliter
1855 2948 1920 2988 ac
1950 2933 2044 3003 qui

461 3051 588 3090 cum
615 3035 799 3101 Petro,
828 3032 1042 3089 Joanne
1069 3041 1122 3089 et
1150 3030 1358 3086 Jacobo
1398 3029 1638 3094 fuerunt,
1660 3029 1835 3100 gratia
1865 3027 2043 3084 sancti

2154 1920 2348 1996 ἐαυτοῦ
2369 1960 2383 1985 ,
2418 1921 2509 1976 καὶ
2549 1921 2649 1994 τὴν
2685 1923 2822 1996 πρὸς
2849 1922 2919 1977 τά
2959 1923 3273 1996 ὑμνούμενα
3306 1928 3599 1982 κοινωνίαν
3635 1929 3737 1982 πά-

2154 1995 2320 2084 σχων,
2353 2015 2613 2089 καὶπρὸς
2645 1995 2866 2070 πάντων
2899 2010 2975 2071 ὧν
3005 1995 3255 2087 ⁴ἠκούετο,
3287 2019 3381 2084 καὶ
3414 2021 3628 2094 ἐωρᾶτο
3649 2021 3736 2074 καὶ

2152 2107 2501 2176 ἐγινώσκετο,
2531 2109 2624 2163 καὶ
2657 2109 2758 2163 οὑκ
2787 2107 3136 2178 ἐγινώσκετο,
3161 2109 3461 2181 θεόληπτος
3485 2108 3624 2166 εἷναι
3649 2113 3735 2166 καὶ

2153 2200 2295 2264 θεῖος
2327 2201 2624 2271 ὑμνολόγος
2657 2200 2995 2274 κρινόμενος.
3031 2202 3140 2254 Καὶ
3170 2203 3226 2256 τί
3257 2203 3324 2259 άν
3363 2220 3447 2256 σοι
3477 2204 3738 2278 περὶτῶν

2151 2294 2271 2346 ἐκεῖ
2311 2292 2746 2363 θεολογηθέντων
2796 2293 3048 2364 λέγοιμι;
3101 2295 3211 2347 Καὶ
3262 2294 3374 2368 γὰρ
3425 2297 3474 2348 εἰ
3525 2295 3601 2367 μὴ
3649 2297 3737 2350 καὶ

2150 2384 2390 2455 ἐμαυτοῦ
2420 2385 2815 2457 ἐπιλέλησμαι,
2862 2385 3120 2450 πολλάκις
3163 2382 3278 2439 οἶδα
3322 2386 3476 2459 παρά
3511 2387 3607 2440 σοῦ
3650 2388 3736 2441 καὶ

2153 2477 2292 2549 μέρη
2357 2476 2478 2530 τινὰ
2551 2477 2662 2530 τῶν
2722 2478 3088 2532 ἐνθεαστικῶν
3159 2479 3384 2532 ἐκείνων
3457 2479 3735 2551 ὑμνῳδιῶν

2149 2566 2481 2633 ἐπακούσας.
2534 2569 2742 2640 Μηδεὶς
2790 2566 2916 2634 οὖν,
2961 2571 3272 2641 ἀγαπητοὶ,
3322 2572 3401 2643 τῷ
3435 2573 3582 2645 λόγῳ
3625 2575 3732 2627 δια-

2150 2660 2433 2723 πιστείτω,
2472 2661 2601 2726 τοὺς
2631 2661 2773 2732 ἀμφὶ
2805 2663 3104 2736 Κορνήλιον
3137 2664 3633 2737 ἀναλογισάμενος,
3658 2669 3733 2720 ὅτι

2148 2754 2387 2806 κάκεῖνοι
2415 2756 2526 2816 τοῖς
2559 2755 2700 2824 ἀμφὶ
2730 2754 2955 2826 Πέτρον,
2991 2755 3084 2809 καὶ
3113 2755 3385 2829 Ἰωάννην,
3429 2759 3527 2811 καὶ
3561 2759 3734 2812 Ἰάκω-

2149 2843 2240 2899 ϐον
2273 2846 2474 2916 ὁμοίως
2517 2846 2864 2919 ἐπλήσθησαν
2896 2848 2995 2918 τῆς
3041 2849 3387 2920 πυρφόρφου
3435 2849 3535 2904 τοῦ
3571 2869 3734 2906 πανα-

2146 2937 2265 3008 γίου
2318 2939 2637 3011 Πνεύματος
2681 2941 2942 3012 χάριτος,
2978 2941 3072 2994 καὶ
3115 2942 3392 3010 γλώσσαις
3443 2943 3730 3015 ἐλάλησαν,

2147 3031 2238 3083 καὶ
2270 3032 2706 3102 τερατουργικῆς
2750 3031 2935 3102 ἰσχύος
2984 3034 3434 3105 μετειλήχεισαν·
3479 3036 3600 3100 πῶς
3629 3037 3732 3110 γὰρ

465 3128 705 3198 Spiritus
755 3127 859 3183 sub
909 3125 1084 3180 forma
1135 3124 1277 3196 ignis
1329 3122 1568 3192 impleti,
1621 3122 1822 3192 linguis
1872 3121 2041 3174 locuti

2149 3123 2195 3175 οἰ
2232 3123 2410 3192 πάντη
2444 3123 2835 3196 διεσπαρμένοι
2863 3163 2877 3188 ,
2926 3125 3020 3178 καὶ
3051 3125 3210 3189 ἄλλος
3241 3125 3507 3199 ἀλλαχόσε
3542 3146 3729 3202 παροι-

462 3227 616 3286 sunt,
649 3227 704 3276 et
731 3217 1070 3273 edendorum
1105 3215 1500 3270 miraculorum
1527 3221 1853 3284 potestatem
1885 3227 2044 3265 acce-

460 3317 682 3384 perunt.
722 3308 1010 3375 Quomodo
1051 3307 1197 3362 enim
1245 3305 1341 3375 qui
1387 3318 1830 3374 quoquoversum
1888 3310 2044 3358 erant

461 3401 732 3475 dispersi,
787 3409 952 3470 atque
994 3398 1136 3453 alius
1167 3397 1276 3451 alio
1324 3396 1624 3466 hospitium
1674 3394 1944 3464 dirigere,
1989 3405 2046 3450 et

458 3510 666 3552 munus
690 3491 1052 3565 apostolicum
1084 3489 1312 3558 exsequi
1344 3485 1660 3541 mandatum
1703 3486 2041 3552 habuerant,

461 3589 546 3646 sic
587 3585 920 3643 brevissimo
961 3593 1208 3653 tempore
1259 3580 1424 3636 simul
1474 3579 1892 3644 convenissent,
1936 3578 2043 3633 nisi

459 3677 717 3735 vehiculo
745 3675 934 3731 divino
963 3673 1097 3728 nubi
1133 3671 1302 3727 simili
1331 3671 1564 3742 quisque
1595 3670 1796 3740 dignus
1823 3669 2044 3725 habitus

459 3771 649 3828 esset?
678 3769 746 3822 Et
772 3767 997 3839 quidem
1040 3764 1298 3821 omnibus
1345 3763 1439 3834 qui
1485 3763 1543 3818 in
1583 3762 1742 3819 initio
1784 3761 2044 3817 salutaris

457 3863 870 3938 praedicationis
902 3862 958 3916 in
981 3873 1111 3914 vera
1135 3857 1238 3912 ﬁde
1259 3857 1605 3912 ambulantes
1627 3855 1696 3910 ab
1719 3855 1838 3926 ipsa
1857 3843 2044 3910 divina

457 3959 582 4014 luce
614 3953 904 4010 illuminati
952 3956 1100 4014 sunt,
1131 3963 1331 4020 genera
1363 3947 1670 4018 linguarum
1692 3984 1708 4011 ,
1742 3945 2042 4000 sanitatum

458 4049 605 4103 dona
630 4087 645 4112 ,
678 4046 1024 4101 diversarum
1071 4040 1338 4094 virtutum
1382 4037 1727 4108 operationes
1756 4035 1970 4090 abunde
2009 4049 2044 4088 a

459 4140 668 4210 Spiritu
700 4135 1010 4192 cdelestium
1027 4131 1300 4187 donorum
1325 4128 1606 4200 largitore,
1631 4136 1687 4182 et
1711 4126 1840 4182 boni
1871 4127 2042 4182 totius

458 4232 610 4288 fonte
633 4269 647 4296 ,
678 4229 881 4285 nedum
912 4241 1112 4297 magno
1143 4224 1221 4278 illi
1252 4222 1514 4294 Dionysio
1541 4221 1914 4291 apostolorum
1944 4233 2040 4272 co-

457 4339 573 4378 aevo
604 4329 734 4379 sunt
759 4319 1056 4391 impertita.
1087 4316 1158 4370 At
1187 4331 1344 4372 sacra
1375 4315 1563 4369 invicti
1593 4313 1768 4383 ipsius
1793 4310 2040 4381 martyrii

458 4415 588 4471 tuba
613 4453 628 4478 ,
663 4420 974 4484 Opportune
1022 4423 1227 4465 sonans
1248 4447 1264 4472 ,
1295 4407 1481 4462 divina
1530 4407 1704 4476 ipsius
1737 4405 2039 4460 certamina

2146 3212 2270 3268 κίαν
2307 3214 2527 3280 ίθύνειν,
2552 3215 2643 3268 καὶ
2665 3216 2971 3288 ἀποστολὴν
3001 3217 3242 3270 ἐκτελεῖν
3277 3221 3733 3294 προκεχειρισμέι

2145 3323 2258 3372 νοι,
2293 3305 2468 3372 οὑτως
2514 3306 2713 3380 ἀθρόον
2745 3311 2803 3361 ἐν
2836 3308 3109 3382 ἀκαριαίῳ
3141 3309 3318 3383 καιρῷ
3355 3311 3728 3382 συνεληλύθει-

2147 3414 2280 3461 σαν,
2316 3398 2364 3450 εἰ
2411 3397 2484 3469 μὴ
2517 3397 2660 3451 θείου
2697 3400 3001 3468 νεφοειδοῦς
3032 3401 3263 3467 ἕκαστος
3295 3403 3614 3477 ἠξιώθησαν
3640 3407 3731 3478 ἂρ·-

2148 3506 2348 3560 ματος;
2385 3489 2494 3542 Καὶ
2531 3489 2636 3561 μὴν
2670 3493 2802 3545 πᾶσι
2831 3494 2943 3556 τοῖς
2975 3492 3115 3546 κατά
3143 3493 3244 3566 τὴν
3277 3496 3451 3567 ἀρχὴν
3485 3496 3582 3551 τοῦ
3634 3516 3730 3551 σωσ

2143 3582 2334 3655 τηρίου
2370 3583 2725 3654 κηρύγματος
2754 3587 2821 3655 τῇ
2857 3584 3082 3657 ἀληθινῇ
3119 3587 3496 3659 προσφοιτῶσι
3531 3589 3724 3652 πίστει,

2145 3675 2237 3729 καὶ
2271 3675 2660 3746 φωτιζομένοις
2711 3677 2807 3730 ἀπ’
2842 3677 3006 3731 αὑτοῦ
3042 3678 3136 3731 τοῦ
3173 3678 3316 3732 θείου
3355 3681 3721 3751 φωτίσματος,

2143 3767 2275 3838 γένη
2309 3785 2367 3820 τε
2396 3767 2675 3836 γλωσσῶν,
2708 3770 2800 3822 καὶ
2848 3768 3092 3840 ἰαμάτων
3123 3771 3461 3844 χαρίσματα,
3499 3775 3590 3827 καί
3613 3792 3716 3827 ποια

2144 3859 2308 3914 κίλων
2332 3861 2616 3932 δυνάμεων
2649 3862 3002 3933 ἐνεργήματα
3031 3861 3299 3926 πλουσίως
3333 3864 3474 3935 πρὸς
3505 3865 3601 3918 τοῦ
3625 3866 3724 3918 τῶν

2145 3951 2439 4025 ὑπερφυῶν
2481 3953 2825 4026 δωρημάτων
2859 3954 3193 4026 παρεκτικοῦ
3227 3955 3322 4008 καὶ
3355 3957 3722 4029 ἀγαθαρχικοῦ

2143 4046 2465 4117 Πνεὺματος
2497 4046 2780 4110 διεδίὸοτο,
2821 4047 2948 4117 μήτι
2985 4063 3048 4114 γε
3082 4049 3196 4110 τοῖς
3230 4046 3368 4100 κατὰ
3418 4048 3513 4102 τὸν
3563 4050 3722 4121 μέγαν

2143 4138 2498 4193 άποστολικὸν
2531 4138 2823 4192 Διονύσιον.
2855 4139 2992 4191 Ἀλλ’
3027 4141 3059 4210 ὴ
3097 4141 3199 4211 τῆς
3231 4141 3534 4214 ἀθλητικῆς
3565 4142 3719 4197 αὑτοῦ

2145 4231 2448 4303 μαρτυρίας
2483 4231 2603 4303 ἱερὰ
2626 4229 2877 4299 σάλπιγξ,
2898 4232 2988 4284 ἐπὶ
3020 4232 3212 4304 καιροῦ
3249 4234 3582 4300 σαλπίσασα,
3603 4238 3718 4298 τοὺς

2142 4321 2306 4376 αὑτοῦ
2340 4322 2516 4385 θείους
2549 4322 2766 4390 ἀγῶνας
2792 4322 3029 4375 εἰσδῦναι
3053 4323 3146 4376 καὶ
3181 4325 3558 4380 κατοπτεῦσαι
3593 4344 3716 4399 προ-

2140 4416 2436 4487 τρέπεται,
2474 4415 2566 4469 καὶ
2598 4416 2692 4468 τὸν
2737 4415 2896 4484 λόγον
2943 4413 3034 4468 ἐπί
3082 4415 3183 4486 τὴν
3213 4416 3326 4470 τῶν
3365 4419 3710 4486 ἐνδοξοτάτων

459 4507 674 4576 ingredi
724 4518 790 4559 ac
829 4503 1030 4558 intueri
1067 4501 1343 4565 hortatur,
1375 4499 1791 4568 orationemque
1823 4495 1890 4553 ad
1921 4495 2038 4567 glo-

2148 4504 2303 4558 αὑτοῦ
2390 4506 2709 4578 μεθίστησιν
2780 4506 3200 4578 ἀριστευμάτων
3274 4511 3710 4582 ἐγκωμιαστικὴν

460 4598 606 4652 riosa
644 4595 820 4666 ipsius
848 4594 1094 4649 facinora
1122 4591 1452 4649 celebranda
1478 4589 1800 4647 transferre.

529 4687 922 4744 Verumtamen
967 4692 1258 4755 antequam
1307 4683 1375 4738 de
1403 4683 1653 4754 martyrii
1697 4681 1873 4752 ipsius
1910 4694 2037 4750 pro«

460 4779 746 4853 gressibus
776 4777 962 4832 dicere
992 4775 1341 4846 incipiamus,
1369 4772 1504 4828 illud
1528 4772 1794 4843 benignos
1819 4771 2036 4826 audito-

457 4889 552 4929 res
599 4871 746 4927 scire
788 4874 1038 4939 oportet,
1087 4864 1234 4937 quod
1265 4865 1472 4936 scripta
1516 4863 1628 4919 Deo
1673 4863 1833 4934 plena
1861 4863 2034 4930 divini

457 4964 731 5038 praeconis
779 4961 1034 5032 sacrique
1087 4958 1381 5032 martyris,
1421 4958 1581 5029 cujus
1628 4957 1820 5014 laudes
1874 4957 2035 5015 nobis

455 5056 874 5131 proposuimus,
925 5060 1247 5125 sequentes,
1299 5051 1521 5108 beatum
1564 5050 1686 5122 ejus
1717 5065 1945 5122 agonem
1979 5050 2035 5104 in

455 5148 754 5221 postremis
791 5145 1014 5217 Traiani
1051 5145 1204 5217 regni
1255 5144 1450 5201 diebus
1495 5143 1667 5200 fuisse
1699 5144 2065 5221 accepimus;

458 5241 596 5296 Nam
643 5241 702 5296 in
741 5245 941 5309 quarto
983 5237 1318 5293 narrationis
1367 5237 1445 5292 De
1493 5237 1686 5293 divinis
1735 5238 2032 5295 nominibus

457 5337 666 5409 capite,
691 5334 785 5391 ubi
814 5333 1019 5389 amoris
1045 5332 1461 5404 appellationem
1491 5331 1698 5396 laudat,
1727 5331 1890 5388 dicit:
1914 5331 2033 5388 Jam

457 5444 591 5485 vero
621 5427 948 5499 quibusdam
978 5440 1047 5481 ex
1071 5424 1276 5480 nostris
1310 5439 1592 5479 sacrorum
1639 5425 2034 5482 tractatoribus

459 5521 637 5577 visum
662 5527 768 5584 est,
803 5520 1010 5574 amoris
1040 5506 1238 5574 nomen
1268 5531 1432 5586 quam
1453 5517 1765 5573 dilectionis
1794 5533 1917 5573 esse
1949 5518 2036 5572 di-

459 5613 665 5668 vinius.
718 5610 922 5665 Scribit
961 5610 1107 5666 enim
1147 5619 1203 5666 et
1249 5609 1468 5665 divinus
1522 5610 1764 5680 lgnatius
1808 5612 2033 5666 :Amor

461 5714 607 5753 meus
647 5700 790 5753 cruci
828 5700 1042 5768 sic/ﬁxus
1072 5707 1170 5754 est.
1204 5696 1318 5753 Hoc
1353 5699 1499 5753 enim
1543 5699 1770 5754 verbum
1810 5701 2031 5758 divinus

462 5790 704 5860 ignauus
735 5797 976 5846 extremo
1014 5791 1281 5862 supplicio
1327 5789 1514 5847 Romae
1555 5789 1936 5864 dimicaturus,
1969 5813 2032 5854 ac

2041 5205 2077 5244 ἢ

2141 4597 2432 4669 ὑφήγησιν.

2207 4699 2354 4770 Πλήν
2411 4716 2475 4767 γε
2545 4701 2675 4773 πρὶν
2725 4701 2979 4772 ἐπιϐῆναι
3041 4699 3137 4754 τοῦ
3194 4701 3306 4756 τῶν
3373 4703 3712 4778 μαρτυρικῶν

2140 4790 2482 4862 σκαμμάτων
2522 4792 2708 4856 οὑδοῦ,
2755 4793 2868 4846 δεῖν
2917 4793 3112 4847 εἰδέναι
3158 4796 3310 4848 τουτὶ
3359 4796 3422 4849 τὸ
3474 4798 3710 4868 et“;wa

2137 4885 2520 4956 ἀκροατήριον,
2555 4882 2650 4949 ὡς,
2685 4887 2798 4949 τοῖς
2819 4885 2914 4940 τοῦ
2940 4888 3186 4958 εὑφημου
3195 4889 3357 4960 μένου
3392 4889 3707 4962 θεοκήρυκός

2135 4994 2196 5029 τε
2243 4977 2335 5031 καὶ
2402 4977 2799 5051 ἰερομάρτυρος
2851 4974 3230 5045 θεοπνεύστοις
3294 4985 3706 5056 συγγράμμασιν

2137 5068 2414 5139 ἑπόμενοι,
2435 5070 2538 5142 τὴν
2571 5069 2735 5123 αὑτοῦ
2764 5072 3038 5142 μακαρίαν
3061 5072 3286 5143 ἄθλησιν
3315 5076 3376 5128 ἐν
3406 5078 3521 5138 τοῖς
3554 5074 3703 5126 ὑστά-

2135 5177 2248 5223 τοις
2284 5161 2385 5232 τῆς
2421 5161 2514 5214 τοῦ
2551 5161 2819 5234 Τραϊανοῦ
2856 5149 3131 5234 βασιλείας
3159 5165 3440 5234 γεγονέναι
3476 5163 3703 5232 κοιτειλή⁴

2079 5295 2082 5298 .
2137 5269 2352 5324 φαμεν·
2389 5255 2447 5308 ἐν
2499 5253 2597 5324 μὲν
2655 5254 2736 5325 τῷ
2776 5254 3022 5327 τετάρτῳ
3064 5255 3159 5308 τοῦ
3204 5257 3346 5325 Περί
3386 5260 3555 5312 θείων
3583 5258 3700 5309 ἐνο-

2131 5341 2334 5412 μάτων
2377 5344 2536 5414 λόγου
2581 5346 2863 5418 κεφαλαίῳ
2908 5348 3209 5416 φάσκοντος
3232 5389 3247 5415 ,
3297 5349 3427 5402 ἔνθα
3475 5349 3569 5420 τὴν
3612 5343 3698 5398 τοῦ

2137 5435 2337 5507 ἔρωτος
2369 5436 2686 5507 ἐπωνυμίαν
2729 5436 2980 5508 ἐξυμνεῖ·
3030 5440 3223 5492 Καίτοι
3257 5440 3403 5506 ἔδοξέ
3448 5459 3553 5495 τισι
3597 5438 3696 5492 τῶν

2137 5526 2257 5579 καθ’
2282 5527 2428 5598 ἡμᾶς
2454 5527 2763 5600 ίερολόγων,
2787 5530 2879 5583 καὶ
2907 5530 3180 5602 θειότερον
3213 5530 3350 5587 εἶναι
3378 5534 3439 5588 τὸ
3470 5533 3560 5588 τοῦ
3578 5532 3696 5604 ἐρω-

2135 5635 2226 5680 τος
2261 5618 2435 5690 ὄνομα
2474 5620 2568 5673 τοῦ
2616 5622 2718 5692 τῆς
2768 5623 3006 5692 ἀγάπης.
3047 5624 3252 5696 Γράφει
3285 5625 3340 5678 δὲ
3375 5628 3466 5680 καὶ
3498 5625 3524 5679 6
3565 5625 3694 5685 θεῖος

2149 5711 2424 5780 Ἰγνάτιος,
2473 5716 2534 5766 '0
2548 5715 2689 5783 ἐμὸς
2704 5716 2851 5783 ἔρως
2871 5717 3231 5785 ἐσταύρωται
3252 5737 3266 5750 ·
3314 5721 3472 5774 τοῦτο
3502 5719 3599 5792 γὰρ
3635 5714 3690 5767 τὸ

2136 5805 2298 5875 ῥητὸν
2325 5807 2353 5858 ὁ
2386 5805 2641 5879 θεοφόρος
2688 5807 2972 5878 Ἰγνάτιος,
3012 5810 3216 5882 μέλλων
3250 5815 3308 5866 ἐν
3344 5815 3522 5886 Ῥώμῃ
3556 5827 3686 5882 pap-
