3886 6546
191 519 299 578 657

1115 524 1298 597 VITA,
1332 527 1658 586 AUCTORE
1691 526 2040 587 MICHAELE
2072 531 2410 592 SYNGELO.

3331 537 3437 596 658

193 636 434 711 τυρικῶς
467 637 756 709 ἀθλήσεινμ,
805 639 897 694 καὶ
929 643 1044 706 τοῖς
1090 641 1270 698 λέουσι
1321 644 1455 718 βορά
1489 645 1629 701 κατά
1669 646 1750 718 τὴε

1875 648 2128 704 leonibus
2162 650 2392 722 imperio
2423 647 2642 720 Traiani
2675 649 2823 721 regis
2852 650 3012 708 cibus
3042 650 3437 723 projiciendus,

193 731 286 784 τοῦ
313 732 586 803 τυράννου
608 731 883 803 Τραϊανοῦ,
908 734 1202 807 πρόσταξιν
1235 737 1768 810 παραϐληθήσεσθαι,

189 824 319 896 περὶ
341 822 406 876 τὸ
426 824 531 895 τῆς
563 824 726 878 αὐτοῦ
756 826 1045 899 τυραννίας
1072 827 1287 882 ἔννατον
1317 829 1456 897 ἔτος,
1492 829 1634 884 κατά
1657 829 1768 888 τῶν

189 916 605 972 εὐσεϐεστάτων
631 919 972 992 Χριστιανῶν
1000 921 1246 994 διωγμὸνς
1265 923 1597 997 ἐγείραντος,
1631 925 1767 979 Ῥω-

193 1010 372 1080 μαίοις
404 1010 740 1065 ἐπιστέλλων
771 1012 1079 1084 γέγραφενο
1103 1016 1180 1080 ὡς
1211 1019 1276 1070 ἐκ
1296 1017 1488 1070 τούτου
1523 1017 1769 1090 παραδηη

188 1101 447 1169 λοῦσθαι,
500 1104 640 1177 πρὸς
667 1104 748 1175 τῷ
791 1104 885 1159 τοῦ
933 1105 1160 1160 διώκτου
1191 1109 1500 1180 τυραννίδος
1531 1111 1762 1182 πέρατι,

192 1195 378 1260 καθὼς
423 1195 672 1268 ἔφθημεν
703 1198 1020 1269 είρηκότες,
1067 1198 1159 1254 τὸν
1195 1201 1514 1273 ἱεροφάντην
1549 1219 1765 1274 μεμαρς

186 1287 494 1360 τυρηκέναι
540 1288 831 1343 Διονύσιον.
874 1290 1020 1363 Πρὸς
1048 1290 1105 1345 δὲ
1145 1291 1238 1346 τὸν
1265 1293 1364 1364 τῆς
1395 1293 1622 1366 βροντῆς
1652 1296 1766 1350 υἱὸν

186 1380 277 1434 τὸν
319 1380 642 1451 ὑψηλότατα
688 1382 781 1437 καὶ
824 1383 961 1455 ὑπὲρ
999 1383 1177 1438 πάντα
1224 1385 1350 1439 νοῦν
1383 1387 1672 1458 ἐγκόσμιόν
1703 1404 1763 1442 τε

187 1472 277 1525 καὶ
310 1472 686 1543 ὑπερκόσμιον
721 1473 1096 1546 βροντήσαντά
1125 1491 1186 1529 τε
1227 1477 1319 1530 καὶ
1370 1477 1765 1551 θεολογήσαντα

182 1563 657 1636 τρισμακάριστον
694 1565 919 1637 γράφων
967 1566 1239 1640 Ἰωάννην,
1284 1570 1344 1622 ἐν
1376 1569 1582 1641 Πάτμῳ
1614 1588 1765 1642 περιτ

179 1657 488 1729 ωρισμένον
520 1657 791 1726 ἀποφάσει
819 1659 1166 1729 Δομετιανοῦ,
1198 1659 1294 1713 τοῦ
1330 1661 1467 1732 μετὰ
1489 1663 1645 1717 Τίτον
1671 1663 1762 1719 τὸν

129 1802 132 1804 ν
180 1746 411 1815 ἀδελφὸν
445 1747 613 1800 αὑτοῦ
653 1747 1126 1817 βεϐασιλευκότος,
1163 1751 1348 1824 (άμφω
1375 1752 1482 1824 γὰρ
1513 1755 1761 1809 Οὐεσπα-

181 1839 367 1892 σιανοῦ
401 1840 592 1904 παῖδες
611 1840 782 1913 ἤστην
803 1859 815 1872 ·
839 1842 856 1912 )
879 1843 1007 1914 περὶ
1037 1844 1130 1897 τὸν
1160 1845 1262 1914 τῆς
1292 1845 1456 1898 αὑτοῦ
1488 1846 1762 1916 βασιλείας

181 1930 408 2002 ἔσχατον
459 1933 706 1986 ἐνιαυτὸν
752 1933 892 1988 κατὰ
949 1935 1060 1990 τῶν
1109 1937 1316 1991 πιστῶν
1362 1938 1756 2011 λυττήσαντος,

1871 741 2020 795 circa
2053 757 2254 796 nonum
2281 742 2432 813 regni
2465 741 2636 812 ipsius
2669 756 2896 808 annum,
2919 743 3275 802 desaevientis
3304 760 3440 801 con-

1869 839 1955 886 tra
1979 833 2328 889 Christianos
2358 834 2578 904 pietatis
2603 834 3034 907 amantissimos,
3060 833 3320 894 Romanis
3341 853 3442 909 per

1868 919 2155 990 epistolam
2191 921 2430 992 scripsit.
2473 921 2539 976 Ut
2581 921 2710 976 hinc
2757 922 2993 992 liqueat,
3022 924 3125 980 sub
3163 923 3322 981 linem
3353 936 3440 998 ty-

1867 1013 2109 1069 rannicae
2150 1013 2373 1069 saevitia:
2425 1014 2519 1084 (ut
2561 1013 2769 1084 pridem
2812 1014 3082 1086 diximus)
3117 1013 3438 1087 Dionysium

1868 1118 2150 1160 sacrorum
2204 1105 2554 1175 interpretem
2595 1114 2824 1160 mortem
2853 1106 3199 1162 occubuisse.
3231 1105 3436 1164 Verum

1866 1208 1991 1249 cum
2019 1193 2087 1247 ad
2111 1193 2490 1250 beatissimum
2522 1190 2787 1250 Joannem
2819 1197 3087 1253 scriberet
3111 1197 3338 1253 tonitrui
3369 1199 3436 1253 li-

1867 1286 2021 1351 lium,
2054 1301 2118 1346 ac
2146 1285 2402 1343 omnibus
2429 1301 2552 1342 cum
2586 1290 2843 1356 terrenis,
2869 1298 2983 1346 tum
3013 1293 3329 1350 ctelestibus
3349 1310 3440 1350 su-

1865 1375 2202 1443 blimiorem,
2233 1377 2327 1448 qui
2352 1377 2418 1432 de
2450 1379 2613 1434 rebus
2645 1378 2848 1437 divinis
2873 1383 3048 1438 instar
3086 1385 3310 1440 tonitrui
3349 1386 3436 1442 lo-

1865 1474 2027 1519 cutus
2051 1476 2162 1531 est,
2193 1469 2399 1538 quique
2444 1469 2498 1523 in
2532 1468 2744 1536 Patmo,
2778 1471 2958 1527 edicto
2987 1473 3276 1530 Domitiani
3309 1481 3438 1548 post

1862 1553 2046 1624 fl‘itum
2087 1556 2311 1614 fratrem
2359 1559 2478 1629 ejus
2534 1579 2764 1634 regnum
2818 1565 3000 1636 adepti
3057 1566 3250 1638 (ambo
3289 1570 3438 1625 enim

1864 1644 2182 1717 Vespasiani
2211 1649 2310 1704 ﬁlii
2328 1651 2522 1724 fuere),
2549 1655 2840 1720 exsulavit,
2859 1671 2984 1711 cum
3009 1658 3156 1713 circa
3184 1659 3439 1716 ultimum

1864 1741 2015 1809 regni
2037 1741 2156 1810 ejus
2183 1757 2386 1796 annum
2416 1753 2610 1798 contra
2645 1745 2830 1802 ﬁdeles
2861 1747 3169 1816 desaeviret,
3196 1750 3437 1821 prophe-

1863 1830 1968 1885 tice
2014 1835 2119 1888 hoc
2168 1833 2316 1904 (cum
2364 1835 2673 1891 futurorum
2722 1839 3196 1908 praedicendorum
3259 1842 3437 1914 gratia

1864 1923 2154 1995 insignitus
2197 1930 2374 1996 esset)
2405 1929 2824 1999 prwnuntiando
2853 1931 2991 1985 dixit
3029 1947 3042 1983 :
3085 1931 3251 2004 384
3279 1952 3297 1985 ι
3324 1932 3438 1990 Nos

180 1996 312 2092 φήὰι
350 2023 708 2096 προφητικῶς
734 2026 1115 2098 προαγορεύων
1134 2027 1248 2097 (καὶ
1261 1996 1604 2102 πῳφητιέῆς

1862 2023 2011 2072 certe
2057 2017 2267 2073 nullum
2319 2019 2680 2076 infortunium
2728 2024 2967 2094 privabit
3000 2023 3230 2082 Joannis
3280 2025 3439 2083 radio

179 2112 379 2184 ἔσχηκε
414 2114 689 2190 χάριτος)⁶
719 2134 737 2168 ‹
775 2117 949 2187 Ήμᾶς
991 2117 1046 2170 δὲ
1083 2119 1238 2172 οὐθὲν
1270 2121 1577 2175 τούναντίον
1619 2123 1756 2176 ἁπο-

179 2205 438 2277 στερήσει
485 2206 585 2276 τῆς
633 2206 880 2260 Ἰωάννου
910 2207 1206 2279 παμφαοῦς
1237 2210 1483 2277 ἀκτῖνος,
1521 2211 1616 2266 νῦν
1660 2211 1758 2282 μὲν

178 2293 598 2365 ἐντευξομένους
627 2299 693 2367 τῇ
731 2299 918 2371 μνήμῃ
941 2299 1033 2352 καὶ
1060 2299 1352 2355 ἀνανεώσει
1374 2302 1475 2372 τῆς
1510 2301 1610 2374 σῆς
1628 2304 1759 2375 ἀλη-

175 2385 303 2450 θοῦς
336 2385 648 2450 θεολογίας·
690 2389 884 2461 μικρὸν
915 2389 970 2443 δὲ
1003 2389 1230 2462 ὕστερον
1265 2394 1397 2465 (ἐρῶ
1428 2394 1558 2468 γὰρ,
1592 2397 1640 2448 εί
1664 2397 1756 2450 καὶ

171 2477 478 2549 τολμηρόν)
515 2480 645 2549 ὑμῖν
690 2481 872 2544 αὺτοῖς
925 2482 1378 2554 ὲνωθησομένους.
1427 2486 1757 2552 Ἀξιόπιστος

170 2570 231 2623 δὲ
267 2571 489 2636 πάντως
524 2573 671 2642 είμὶ,
721 2573 790 2627 τά
835 2576 1261 2647 προεγνωσμένα
1304 2578 1490 2648 μαθὼν
1523 2583 1588 2635 ἐκ
1619 2580 1754 2635 Θεοῦ

173 2660 266 2712 καὶ
296 2661 492 2729 λέγων,
528 2663 612 2714 ὅτι
639 2663 733 2716 καὶ
763 2664 863 2734 τῆς
896 2667 953 2718 ἐν
987 2665 1194 2737 Πάτμῳ
1219 2667 1465 2741 φυλακῆς
1483 2671 1753 2744 ἀφεθήσῃ,

172 2754 266 2811 καὶ
297 2756 381 2817 είς
419 2755 523 2826 τὴν
563 2755 841 2810 Ἀσιάτιδα
885 2757 990 2828 γῆν
1023 2758 1345 2829 ἐπανήξεις,
1395 2762 1489 2814 καὶ
1533 2761 1756 2833 δράσεις

170 2843 288 2895 ἐκεῖ
308 2842 406 2896 τοῦ
448 2843 655 2911 ἀγαθοῦ
693 2846 1006 2916 μιμήματα,
1045 2847 1136 2900 καὶ
1167 2850 1280 2912 τοῖς
1311 2849 1447 2922 μετά
1474 2851 1532 2904 σὲ
1570 2869 1755 2925 παρα-

168 2929 379 2994 δώσεις.
415 2950 434 2982 ι
461 2931 568 2984 Τοῦ
601 2932 924 3002 Δομετιανοῦ
957 2934 1244 3006 τοιγαροῦν
1279 2937 1470 3006 μετόὑ
1497 2936 1629 2990 πολὺ
1662 2955 1754 2992 τε-

167 3022 560 3094 τελευτηκότος
589 3023 728 3077 κατά
760 3024 858 3096 τὴν
890 3023 986 3078 τοῦ
1017 3026 1346 3098 χαρίσμασιν
1377 3028 1755 3095 ἀποστολικοῖς

167 3132 229 3168 τε
264 3116 356 3169 καὶ
392 3119 748 3188 προφητικοῖς
777 3117 1171 3190 διαπρέψαντος
1210 3118 1502 3174 θεσπεσίου
1538 3121 1754 3194 Πατρός

167 3207 480 3278 πρόρρησιν
503 3246 517 3270 ,
551 3207 796 3278 Νερούας
819 3248 833 3274 ,
864 3207 963 3279 τήν
1011 3207 1285 3280 βασιλείαν
1331 3209 1714 3282 διαδεξάμενος
1733 3250 1749 3276 ,

1859 2108 2045 2163 omnia
2076 2109 2457 2177 collustrante,
2488 2130 2637 2169 nunc
2666 2115 2888 2184 quidem
2919 2118 3237 2172 memoriam
3269 2125 3324 2173 et
3352 2119 3439 2174 in-

1857 2201 2206 2256 novationem
2273 2211 2380 2260 tua:
2431 2221 2574 2262 verae
2633 2207 2919 2278 theologia:
2987 2218 3432 2265 consecuturos:

1856 2293 2019 2363 paulo
2041 2308 2173 2349 vero
2219 2304 2341 2364 post
2373 2295 2572 2365 (dicam
2600 2298 2744 2354 enim
2763 2337 2778 2363 ,
2812 2299 2918 2355 etsi
2949 2298 3053 2353 hoc
3083 2299 3434 2354 temerarium

1855 2383 2149 2458 videatur)
2200 2387 2357 2445 vobis
2404 2388 2539 2458 ipsis
2581 2389 3014 2460 conjungeudos.
3069 2387 3201 2444 Sum
3251 2399 3435 2445 autem

1855 2475 2081 2530 omnino
2113 2478 2217 2534 [ide
2247 2478 2484 2550 dignior,
2536 2478 2584 2536 si
2617 2496 2681 2536 ea
2708 2496 2830 2551 qua:
2852 2497 2883 2536 a
2915 2479 3024 2536 Deo
3061 2480 3251 2545 didici,
3283 2497 3434 2552 qua:-

1855 2584 1962 2641 que
2005 2569 2105 2624 tibi
2148 2571 2480 2642 przecognita
2519 2579 2670 2637 sunt,
2711 2572 2878 2629 etiam
2922 2572 3136 2636 dixero,
3172 2571 3317 2643 quod
3365 2587 3436 2627 ex

1855 2657 2030 2714 Patmi
2061 2676 2284 2717 carcere
2310 2662 2448 2718 liber
2476 2662 2790 2727 dimitteris,
2820 2671 2874 2718 et
2902 2663 2958 2718 in
2983 2661 3126 2718 Asia:
3153 2663 3432 2734 regionem

1857 2754 2166 2816 reverteris,
2222 2754 2296 2808 ibi
2346 2754 2608 2809 imitanda
2642 2755 2984 2810 rectitudinis
3013 2757 3258 2826 exempla
3309 2772 3434 2828 per-

1855 2852 2172 2910 acturus,et
2193 2861 2255 2901 ea
2275 2847 2508 2915 posteris
2537 2847 2857 2902 traditurus.
2889 2867 2908 2899 ι
2932 2846 3243 2902 Domitiano
3261 2849 3428 2920 igitur

1855 2950 1964 2990 non
1995 2937 2166 2990 multo
2188 2945 2312 3006 post
2342 2937 2452 2990 vita
2481 2934 2692 3000 functo,
2717 2937 2892 3007 juxta
2907 2937 3191 2992 oraculum
3227 2938 3432 2993 summi

1849 3033 2028 3092 Patris
2066 3037 2383 3108 apostolicis
2443 3044 2497 3093 et
2551 3038 2888 3109 propheticis
2934 3038 3094 3099 donis
3144 3039 3427 3111 insigniti;

1851 3126 2296 3199 Nerva,regnum
2326 3130 2577 3200 adeptus,
2601 3145 2696 3184 eos
2727 3133 2820 3200 qui
2853 3132 2907 3186 in
2934 3131 3128 3187 exsilio
3154 3140 3312 3187 erant
3342 3147 3431 3187 re-

1853 3221 2088 3278 vocavit.
2119 3221 2257 3280 Tum
2281 3237 2414 3279 vero
2439 3223 2786 3294 Evangelista
2814 3241 3032 3296 quoque
3072 3225 3348 3281 maximus
3373 3215 3430 3282 in

163 3300 294 3364 τοὺς
326 3302 384 3354 ἐν
434 3301 754 3373 ὑπερορίαις
785 3299 1164 3358 ἀνεκαλέσατο.
1215 3303 1528 3373 Τηνικαῦτα
1562 3304 1618 3359 δὲ
1659 3307 1750 3360 καὶ

1854 3312 2213 3385 Ephesiorum
2243 3315 2592 3386 metropolim
2620 3316 2898 3372 civitatem
2954 3333 3210 3380 reversus
3233 3326 3318 3374 est
3337 3358 3351 3384 ,
3376 3326 3439 3382 et.

163 3393 194 3447 ὸ
229 3394 486 3463 μέγιστος
519 3393 906 3466 εὐαγγελιστὴς
941 3395 1020 3458 είς
1051 3393 1148 3466 τὴν
1187 3396 1446 3465 Ἐφεσίων
1479 3395 1750 3468 ἐπανῆλθε

1855 3407 2140 3464 oraculum
2172 3407 2252 3463 rei
2283 3415 2514 3464 eventus
2541 3409 2942 3480 comprobavit.

167 3487 540 3560 μητρόπολιν,
600 3487 694 3542 καὶ
751 3487 820 3542 τά
879 3489 980 3560 τῆς
1042 3490 1496 3562 προαγορεύσεως
1553 3489 1748 3562 εἴληφε

163 3579 361 3650 πέρας.

236 3671 340 3724 Τοῦ
362 3671 582 3744 Νεροῦα
604 3671 695 3724 τὸν
717 3671 830 3742 βίον
863 3673 1283 3746 μετηλλαχότος,
1308 3675 1401 3729 ἐπὶ
1427 3675 1620 3748 χρόνον
1652 3674 1752 3730 ἕνα

161 3763 262 3828 τὰς
293 3764 400 3835 τῆς
443 3766 757 3836 Ῥωμαῖκῆς
798 3765 976 3839 ἀρχῆς
1004 3769 1162 3840 ήνίας
1193 3771 1594 3840 κεκρατηκότος
1617 3809 1632 3835 ,
1669 3771 1752 3834 είς

162 3857 438 3929 Τραϊανὸν
487 3855 580 3909 τὸν
628 3857 893 3927 τύραννον
938 3858 1000 3910 τὸ
1047 3859 1246 3931 κράτος
1281 3861 1746 3931 μεταπέπτωκεν,

159 3949 222 4012 ὃς
263 3949 388 4002 λίαν
438 3950 508 4019 τῇ
547 3948 687 4002 κατὰ
727 3949 949 4005 Σκυθῶν
979 3968 1040 4003 τε
1080 3951 1173 4005 καὶ
1212 3950 1475 4023 Θρᾳκῶν,
1511 3951 1602 4006 καὶ
1632 3951 1748 4006 δια-

162 4042 349 4112 φόρων
382 4041 466 4094 ὅτι
501 4040 767 4096 πλείστων
798 4042 969 4097 ἐθνῶν
996 4043 1254 4116 ἐπαρθεὶς
1280 4043 1435 4117 νίκῃ,
1465 4043 1557 4097 καὶ
1589 4041 1748 4110 δόξας

165 4125 399 4198 μηδενὸς
438 4127 658 4200 ἄρχειν,
705 4131 754 4182 εἰ
783 4130 857 4202 μὴ
893 4131 986 4185 καὶ
1015 4131 1077 4185 τὸ
1110 4132 1437 4196 πανευσεὸἐς
1466 4133 1574 4186 τῶν
1604 4133 1745 4205 Χρι-

164 4222 402 4275 στιανῶν
451 4219 704 4293 σύστημα
751 4225 817 4295 τῇ
862 4223 971 4277 τῶν
1002 4224 1269 4294 δαιμόνων
1316 4224 1408 4277 καὶ
1443 4223 1741 4294 βδελυκτῶν

163 4313 371 4378 ξοάνων
422 4314 650 4388 λατρεία
704 4316 798 4370 καὶ
849 4319 1216 4390 προσκυνήσει
1279 4317 1704 4384 καθυποτάξειεν
1727 4362 1742 4387 ,

161 4405 450 4477 ὠμότατον
493 4407 813 4480 ἁνερῤίπισε
845 4407 1119 4480 διωγμὸν,
1162 4409 1256 4464 καὶ
1296 4410 1479 4464 πᾶσαν
1517 4409 1616 4481 τὴν
1650 4413 1745 4466 ὑπ’

161 4496 311 4568 αὐτῷ
343 4497 604 4552 τελοῦσαν
645 4497 754 4552 τῶν
807 4502 1158 4574 μαρτυρικῶν
1203 4501 1450 4572 αἱμάτων
1483 4500 1739 4571 ἐμέθυσε,

163 4591 400 4645 πάντοσε
431 4591 876 4664 διαπεμψάμενος
923 4594 1335 4665 ἀπηνεστάτους
1376 4592 1609 4656 διώκτας
1641 4596 1740 4648 αὐ-

1919 3667 2093 3724 Porro
2122 3683 2247 3723 cum
2279 3668 2392 3738 jam
2427 3668 2605 3724 Nerva
2651 3671 2768 3742 ipse
2813 3686 3033 3742 quoque
3074 3671 3424 3738 decessisset,

1849 3762 1944 3832 qui
1979 3775 2088 3814 uno
2126 3775 2270 3813 anno
2299 3759 2539 3816 habenas
2571 3759 2800 3816 Romani
2843 3761 3186 3833 principatus
3224 3762 3415 3817 modo-

1850 3864 2002 3910 ratus
2033 3855 2142 3916 est,
2170 3851 2456 3919 imperium
2490 3850 2555 3904 ad
2578 3849 2873 3919 Trajanum
2893 3866 3072 3922 regem
3104 3850 3422 3905 devolutum

1848 3956 1960 4011 est,
1996 3947 2090 4018 qui
2143 3952 2337 4002 contra
2387 3941 2620 4014 Scythas
2651 3940 3001 4012 Thracesque
3039 3956 3104 3995 ac
3133 3942 3424 4011 quamplu-

1845 4037 2014 4093 rimas
2043 4037 2178 4090 alias
2207 4042 2396 4106 gentes
2437 4042 2595 4103 parta
2627 4033 2857 4088 victoria
2894 4035 3072 4089 elatus
3097 4075 3112 4101 ,
3141 4035 3424 4090 existinm-

1847 4129 1924 4184 vit
1948 4128 2154 4184 nemini
2179 4126 2451 4196 imperare
2482 4139 2643 4194 posse
2666 4165 2682 4190 ,
2721 4123 2830 4177 nisi
2862 4124 3024 4177 etiam
3054 4116 3421 4181 venerandam

1846 4233 1910 4274 ac
1950 4218 2095 4290 piam
2135 4215 2576 4272 Christianorum
2628 4215 3108 4285 congregationem
3154 4217 3326 4269 cultui
3367 4224 3422 4271 et

1845 4311 2151 4368 adorationi
2176 4313 2504 4374 dzemonum,
2536 4311 2630 4382 qui
2663 4317 2790 4366 sunt
2834 4309 3154 4365 detestanda
3192 4311 3422 4366 simula-

1844 4420 1970 4471 cra,
2008 4403 2286 4460 subdcret.
2323 4403 2563 4458 Proinde
2592 4411 2750 4457 atrox
2800 4402 2910 4457 illis
2957 4402 3162 4458 bellum
3198 4402 3418 4469 indixit,

1841 4503 1896 4550 et
1944 4489 2256 4550 universam
2303 4494 2422 4564 ejus
2474 4492 2737 4548 ditionem
2812 4509 3007 4549 cruore
3065 4501 3372 4566 martyrum
3402 4535 3418 4561 ,

1841 4597 2280 4654 quoquoversum
2351 4582 2672 4638 sazvissimis
2727 4583 3117 4654 quaasitoribus
3175 4584 3421 4642 dimissis

160 4684 288 4745 τοὺς
352 4680 566 4752 ἰταμῶς
615 4682 827 4747 πάντας
884 4685 1246 4755 Χριστιανοὺς
1308 4683 1742 4754 καταναγκάζειν

1853 4678 2137 4736 inebriavit
2159 4719 2174 4743 ,
2205 4677 2492 4743 mandans,
2528 4687 2586 4733 ut
2613 4677 2717 4748 ipsi
2750 4693 2944 4734 omnes
2964 4677 3310 4736 Christianos
3341 4682 3418 4736 si-

161 4773 310 4828 θύειν
351 4778 469 4837 τοῖς
500 4774 737 4839 εἰδώλοις
759 4815 774 4840 ,
807 4777 840 4847 ἢ
884 4778 958 4848 μὴ
992 4777 1346 4848 πειθομένους
1379 4776 1741 4842 παντοδαποῖς

161 4869 509 4924 ἀποκτείνειν
553 4869 800 4938 βασάνων
849 4869 1067 4925 εἴδεσιν.
1116 4871 1174 4925 '0
1210 4872 1479 4943 μακάριος
1523 4869 1738 4937 τοίνυν,

163 4962 255 5014 καὶ
288 4961 415 5033 τρὶς
447 4959 605 5013 τοῦτο
649 4961 742 5015 καὶ
782 4961 1042 5025 πολλάκις
1086 4962 1360 5026 Διονύσιος
1392 4963 1482 5016 ἐπὶ
1515 4962 1742 5036 ἑϐδομη-

163 5053 434 5122 κονταετῆ
467 5053 656 5124 χρόνον
702 5052 789 5106 διὰ
826 5053 1036 5124 μυρίων
1067 5053 1418 5124 ὀνειδισμῶν,
1454 5055 1547 5110 καὶ
1580 5057 1740 5110 πολέ-

164 5159 281 5213 μων
302 5183 319 5208 ,
353 5142 447 5195 καὶ
477 5142 732 5196 κινδύνων
768 5143 875 5196 ὑπό
897 5143 1100 5198 τε’τῶν
1130 5145 1407 5216 ὁμογενῶν
1427 5185 1443 5211 ,
1483 5147 1576 5200 καί
1608 5165 1739 5201 ποτε

168 5234 535 5309 όμοθρήσκων
577 5236 802 5290 καὶτῶν
836 5238 1173 5309 συντρόφων,
1203 5238 1402 5310 μᾶλλον
1433 5239 1491 5293 δέ
1523 5240 1738 5310 ἀσόφων

160 5323 489 5397 διεληλυθὼς
510 5366 526 5390 ,
570 5326 661 5379 καὶ
702 5325 841 5399 πρὸς
869 5327 1108 5382 τοσαῦτα
1138 5328 1317 5402 πλήθη
1349 5328 1642 5404 βαρϐάρων
1677 5347 1739 5384 τε

162 5417 255 5471 καὶ
296 5416 567 5488 Ἑλλήνων
603 5417 1009 5490 είδωλομανῶν,
1055 5421 1148 5475 κα)⁹
1180 5421 1317 5494 πρὸς
1343 5421 1443 5495 τὴν
1471 5421 1580 5476 τῶν
1611 5423 1740 5479 ἀνό-

166 5526 280 5578 μων
315 5509 411 5564 καὶ
446 5508 728 5579 δυσμενῶν
770 5510 1036 5582 Ἐὕραὶων
1063 5513 1410 5586 ἀγριωτάτην
1440 5512 1740 5590 διασπορὰν

163 5599 776 5672 ἀντιπαραταξάμενος,
812 5602 906 5656 καὶ
945 5602 1166 5674 δραμὼν
1197 5605 1396 5677 δρόμον
1423 5607 1740 5665 διπλασίονα

162 5689 254 5742 τοῦ
277 5691 339 5744 ὃν
373 5690 586 5754 Παῦλος
619 5692 648 5742 ὁ
681 5691 976 5756 πολύαθλος
1007 5692 1099 5746 καὶ
1129 5693 1522 5768 οὑρανοδρόμος
1551 5697 1741 5770 δεδρά-

169 5797 340 5852 μηκεν
359 5821 375 5847 ,
409 5782 535 5836 ὅσον
561 5799 625 5852 γε
658 5783 799 5837 κατά
823 5783 924 5855 τὴν
959 5783 1212 5856 χρονικήν
1254 5787 1564 5858 παράτασιν
1587 5829 1604 5855 ,
1645 5789 1738 5844 καὶ

167 5869 322 5937 λαοὺς
353 5873 648 5944 ἀπείρους,
671 5873 760 5927 διά
798 5873 908 5928 τῶν
937 5875 1030 5929 ὑπ’
1056 5874 1218 5929 αὐτοῦ
1248 5879 1316 5948 τῇ
1347 5872 1443 5931 τοῦ
1471 5880 1736 5949 παναγίαυ

170 5962 480 6034 Πνεύματος
538 5965 786 6038 ἐνεργείᾳ
831 5966 1166 6039 τελουμένων
1220 5968 1462 6041 σημείων
1509 5973 1602 6026 καὶ
1651 5990 1737 6028 τε-

1846 4772 2106 4827 mulacris
2155 4772 2424 4826 sacrificia
2470 4769 2647 4826 facere
2686 4772 2936 4843 improbe
2985 4784 3276 4843 cogerent,
3309 4790 3419 4828 non

1844 4865 2284 4935 obtemperantes
2343 4872 2523 4920 autem
2576 4865 2725 4919 omni
2783 4865 3176 4935 suppliciorum
3220 4880 3420 4936 genere

1843 4953 2238 5010 interimerent.
2269 4953 2467 5010 Beatus
2525 4953 2691 5024 igitur
2727 4946 2920 5026 terque
2951 4955 3261 5024 szepiusque
3291 4953 3420 5008 bea-

1843 5053 1933 5101 tus
1962 5045 2255 5117 Dionysius
2274 5089 2288 5114 ,
2317 5045 2381 5099 ad
2416 5046 2876 5116 septuagesimum
2911 5063 3115 5101 annum
3146 5061 3242 5115 per
3269 5043 3418 5098 mille

1843 5139 2156 5212 opprobria,
2186 5146 2476 5202 tormenta,
2503 5139 2644 5193 bella
2678 5147 2731 5194 et
2757 5139 3000 5210 pericula
3033 5137 3223 5193 mortis
3242 5178 3254 5199 ,
3289 5152 3413 5192 cum

1842 5245 1874 5286 a
1914 5245 2027 5287 sua:
2068 5232 2247 5300 gentis
2298 5227 2643 5294 hominibus,
2675 5235 2795 5286 tum
2837 5227 3122 5284 interdum
3153 5242 3185 5280 a
3226 5225 3335 5281 ﬁde
3361 5235 3418 5282 et

1841 5323 2104 5394 religione
2146 5320 2486 5390 conjunctis,
2545 5320 2974 5392 domesticisque
3041 5319 3412 5392 philosophis,

1841 5415 2143 5488 praesertim
2176 5413 2567 5486 insipientibus
2598 5430 2943 5486 progressus,
2973 5421 3028 5468 et
3051 5420 3160 5466 tam
3208 5411 3415 5482 ingenti

1841 5508 2200 5564 barbarorum
2225 5546 2241 5573 ,
2280 5520 2345 5562 ac
2388 5507 2673 5578 gentilium
2723 5506 2781 5561 in
2829 5503 3072 5561 colendis
3103 5502 3416 5560 simulacris

1841 5599 2234 5664 insanientium
2265 5598 2624 5663 multitudini,
2653 5613 2755 5654 nec
2783 5612 2896 5652 non
2925 5595 3280 5652 ferocissimae
3310 5597 3416 5650 im-

1841 5697 2058 5770 piorum
2103 5711 2169 5752 ac
2197 5696 2501 5752 crudelium
2550 5695 2900 5751 Hebraeorum
2949 5690 3278 5762 dispersioni
3319 5707 3415 5746 ex-

1840 5787 2074 5860 positus,
2099 5803 2324 5844 cursum
2349 5787 2574 5857 duplum
2601 5784 2830 5856 peregit,
2859 5783 2982 5854 ejus
3013 5799 3176 5854 quem
3208 5780 3413 5838 Paulus

1841 5881 1934 5952 qui
1963 5880 2194 5935 multum
2228 5879 2550 5942 decertavit,
2575 5877 2780 5948 quique
2803 5877 2959 5933 cwlis
2992 5877 3178 5933 illatus
3205 5884 3311 5940 est,
3334 5875 3412 5930 fe-

1841 5980 1988 6030 cerat
2013 6012 2027 6039 ,
2071 5980 2341 6044 quatenus
2375 5971 2677 6042 praesertim
2724 5970 2791 6026 ad
2822 5973 3084 6044 temporis
3113 5967 3411 6043 longitudi-
