3874 6562
483 341 590 400 655

1651 335 1709 393 S.
1744 333 2047 393 DIONYSII
2081 329 2549 390 AREOPAGITE

3642 339 3739 396 656

483 461 702 532 dignior
731 456 969 513 inveniri
1005 461 1217 528 posset.
1249 451 1318 508 Et
1345 467 1477 509 sane
1502 452 1610 508 hoc
1639 453 1819 525 ipsum
1842 466 2049 523 quoque

2164 447 2560 524 νεφελοδρόμου
2596 440 2983 514 συνελεύσεως.
3037 445 3231 506 Καίτοι
3273 451 3368 506 καὶ
3411 451 3574 508 τοῦτο
3619 456 3743 526 ἡμῖν

485 565 746 624 perquam
790 554 1047 602 accurate
1079 560 1110 598 a
1138 543 1299 599 nobis
1331 543 1681 598 observatum
1711 550 1817 606 est,
1843 549 1906 597 ut
1940 556 2061 612 quae

482 652 786 716 praeceptor
818 640 936 711 ipse
975 638 1197 694 divinus
1246 635 1543 692 manifesta
1590 634 2061 691 demonstratione

481 737 731 800 tradidit,
762 750 866 790 nos
889 749 997 789 non
1023 733 1392 804 attingamus,
1427 746 1498 785 ne
1527 729 1764 801 idipsum
1794 735 2061 783 tractare-

481 846 628 893 mus,
661 826 879 900 eloquia
915 841 1037 898 quae
1068 826 1136 881 ab
1159 825 1279 896 ipso
1307 823 1588 894 proposita
1626 828 1778 885 sunt,
1810 827 2062 892 repeten—

480 935 583 982 tes.
622 921 904 994 Siquidem
933 917 1084 990 apud.
1112 915 1374 989 praesides
1417 921 1638 970 nostros
1667 912 1892 968 numine
1914 912 2061 966 ama-

370 1086 371 1090 η
474 1026 588 1081 tos,
623 1022 680 1071 et
706 1029 810 1070 nos
843 1013 926 1086 (ut
967 1012 1085 1083 ipse
1133 1007 1302 1078 nosti)
1349 1014 1404 1062 et
1454 1007 1700 1078 plerique
1741 1021 1808 1060 ex
1853 1005 2060 1059 sanctis

480 1107 750 1163 fratribus
779 1102 989 1160 nostris
1036 1101 1105 1157 ad
1139 1099 1433 1156 visendum
1479 1111 1679 1168 corpus
1711 1096 1844 1151 illud
1864 1136 1880 1161 ,
1911 1093 2058 1167 quod

474 1201 605 1258 vitae
653 1198 814 1254 nobis
865 1194 1200 1266 principium
1238 1192 1419 1250 attulit
1467 1189 1747 1260 Deumque
1795 1187 2057 1258 suscepit,

478 1292 858 1351 convenimus.
887 1287 1133 1344 Aderant
1162 1296 1426 1358 praeterea
1461 1281 1721 1346 Jacobus,
1755 1280 1924 1335 frater
1951 1280 2059 1332 Do-

476 1382 656 1447 mini,
707 1389 763 1436 et
805 1379 1004 1436 Petrus
1055 1378 1302 1449 (summa
1349 1381 1405 1429 et
1458 1372 1696 1428 maxime
1742 1368 2058 1426 veneranda

477 1476 860 1547 theologorum
921 1470 1240 1542 majestas).
1321 1467 1525 1524 Deinde
1573 1465 1755 1521 visum
1811 1471 1930 1532 est,
1998 1469 2059 1516 ut

477 1584 672 1624 omnes
705 1566 851 1623 sacri
881 1565 1143 1637 praesules
1174 1569 1300 1634 post
1327 1561 1598 1617 visionem
1628 1559 1776 1612 illam
1799 1599 1814 1623 ,
1843 1570 2057 1628 praepo-

477 1668 683 1716 tentem
705 1657 904 1714 divinae
938 1655 1332 1730 imbecillitatis
1363 1651 1755 1722 benignitatem
1790 1663 1889 1718 pro
1926 1648 2059 1703 viri-

476 1756 583 1812 bus
615 1752 847 1826 quisque
878 1749 994 1804 suis
1023 1747 1344 1824 celebraret.
1393 1742 1567 1797 Porro
1596 1747 1719 1812 post
1748 1739 2052 1809 theologos,

2165 541 2560 614 ἐπιτετήρηται
2605 540 2727 595 λίαν
2772 541 3025 614 ἐμμελῶς
3049 583 3064 608 ,
3125 542 3269 597 ὥστε
3314 547 3426 608 τοῖς
3475 545 3626 616 αὑτῷ
3671 547 3743 618 τῷ

2165 632 2296 704 θείῳ
2320 632 2656 705 καθηγεμόνι
2699 634 2841 689 κατά
2881 635 3142 704 ἕκφανσιν
3182 636 3328 707 σαφῆ
3361 637 3744 711 διηυκρινημέ-

2161 740 2274 790 νοις
2317 725 2439 796 μηδ’
2471 724 2610 790 ὅλως
2646 727 3096 799 ἐγκεχειρηκέναι
3130 729 3263 782 ποτέ
3307 728 3449 801 πρὸς
3494 731 3746 784 ταυτολο-

2161 816 2326 885 γίαν,
2375 816 2456 882 εἰς
2499 817 2602 889 τὴν
2643 818 2812 890 αὑτὴν
2843 819 2940 873 τοῦ
2986 820 3346 892 προτεθέντος
3383 821 3534 892 αὑτῷ
3570 819 3744 890 λογίου

2159 908 2489 980 διασάφησιν
2514 925 2529 939 ⁸
2585 909 2709 964 ἐπεὶ⁵
2747 911 2842 964 καὶ
2880 913 3012 984 παρ’
3049 911 3236 976 αὑτοῖς
3283 915 3397 976 τοῖς
3431 911 3745 984 θεολήπτοις

2160 1000 2317 1072 ὴμῶν
2351 1001 2630 1080 ἱεράρχαις
2663 1001 2846 1072 (ἡνίκα
2877 1003 2971 1056 καὶ
3004 1005 3184 1074 ἡμεῖς,
3206 1004 3283 1068 ὡς
3320 999 3481 1058 οἶσθα
3533 1006 3632 1059 καὶ
3657 1008 3744 1060 αὑ-

2158 1091 2251 1156 τὸς
2271 1133 2286 1157 ,
2341 1093 2435 1147 καὶ
2470 1093 2652 1147 πολλοί
2685 1094 2798 1149 τῶν
2833 1096 2993 1167 ἱερῶν
3039 1096 3199 1167 ἡμῶν
3235 1096 3481 1165 ἀδελφῶν
3513 1097 3612 1150 ἐπὶ
3654 1097 3746 1171 τὴν

2161 1183 2289 1239 θέαν
2320 1184 2414 1239 τοῦ
2459 1183 2766 1258 ζωαρχικοῦ
2807 1188 2902 1241 καὶ
2935 1187 3185 1260 θεοδόχου
3233 1187 3489 1260 σώματος
3532 1191 3746 1262 συνελη-

2158 1276 2432 1350 λύθαμεν·
2459 1278 2646 1352 παρῆν
2693 1279 2749 1332 δὲ
2793 1279 2886 1334 καὶ
2919 1280 2948 1333 ὁ
2979 1281 3302 1351 ἀδελφόθεος
3352 1281 3617 1347 Ἰάκωϐος
3662 1284 3743 1339 καὶ

2158 1370 2387 1442 Πέτρος,
2422 1373 2456 1442 ἡ
2493 1372 2768 1443 κορυφαία
2818 1373 2911 1426 καὶ
2951 1373 3307 1446 πρεσϐυτάτη
3336 1375 3451 1429 τῶν
3483 1375 3744 1445 θεολόγων

2158 1463 2428 1535 ἀκρότης·
2466 1459 2583 1516 εἶτα
2630 1463 2804 1518 ἐδόκει
2855 1464 2994 1536 μετά
3022 1465 3122 1537 τὴν
3169 1466 3318 1532 θέαν,
3351 1465 3600 1539 ὑμνῆσαι
3627 1472 3744 1533 τοὺς

2162 1555 2420 1628 ἱεράρχας
2453 1556 2718 1621 ἅπαντας,
2751 1557 2826 1621 ὡς
2845 1557 3076 1622 ἕκαστος
3106 1555 3176 1630 ἦν
3211 1560 3416 1624 ἱκανὸς,
3453 1561 3560 1631 τὴν
3597 1563 3745 1616 ἀπει-

2160 1647 2455 1719 ροδύναμον
2485 1648 2798 1722 ἀγαθότητα
2819 1651 2918 1722 τῆς
2935 1651 3232 1723 θεαρχικῆς
3257 1653 3600 1726 ἀσθενείας),
3621 1657 3744 1710 πάν-

2158 1759 2266 1795 των
2313 1741 2536 1814 ἐκράτει
2587 1741 2726 1813 μετά
2757 1745 2884 1808 τοὺς
2913 1743 3196 1814 θεολόγους
3220 1785 3234 1810 ,
3271 1745 3348 1810 ὡς
3391 1743 3555 1802 οἶσθα
3577 1788 3594 1813 ,
3645 1749 3748 1804 τῶν

477 1814 670 1902 omnes
700 1841 802 1913 (ut,
833 1823 1012 1909 nosti)
1039 1817 1247 1892 “sacros
1283 1835 1538 1890 doctores
1590 1831 1869 1904 superavit
1907 1836 2049 1884 lotus

2157 1833 2331 1887 ἄλλων
2367 1834 2730 1907 ἰερομυστῶν,
2764 1836 2883 1900 ὅλος
2917 1836 3192 1908 ἐκδημῶν,
3225 1839 3347 1903 ὅλος
3393 1838 3746 1912 semesam;

477 1933 843 2008 admiratione
883 1932 1081 2003 plenus
1114 1937 1167 1984 et
1206 1942 1319 1999 pra:
1363 1934 1585 1990 stupore
1627 1933 1782 1981 extra
1813 1941 1871 1982 se
1915 1925 2056 1995 posi-

470 2037 589 2093 tus,
619 2033 675 2082 et
703 2040 893 2081 eorum
923 2037 1046 2094 quae
1070 2020 1345 2082 laudabat,
1390 2019 1774 2073 communione
1802 2015 2049 2076 allectus.

474 2119 686 2174 Idcirco
736 2115 809 2171 ob
851 2128 915 2170 ea
958 2113 1175 2176 omnia,
1207 2126 1328 2182 quae
1357 2109 1540 2163 audita
1586 2115 1744 2171 sunt,
1789 2116 1843 2163 et
1878 2108 2054 2163 oculis

473 2215 791 2283 perspecta,
826 2207 941 2262 sive
983 2204 1256 2259 intellecta
1279 2243 1293 2267 ,
1345 2217 1440 2258 seu
1473 2217 1585 2256 non
1619 2201 1914 2263 intellecta,
1947 2217 2053 2254 nu-

472 2303 623 2370 mine
648 2300 861 2355 afﬂatus
891 2312 1034 2363 esse,
1062 2307 1116 2351 et
1147 2295 1369 2350 divinus
1401 2293 1656 2349 laudandi
1683 2293 1944 2364 magister
1969 2302 2054 2347 cst

467 2395 771 2467 judicatus.
802 2391 946 2459 Quid
980 2391 1026 2446 si
1067 2407 1133 2446 ea
1164 2390 1263 2444 tibi
1297 2404 1417 2458 quae
1464 2388 1575 2442 illic
1617 2386 1802 2440 divina
1842 2386 2054 2439 ratione

470 2493 706 2542 tractata
754 2490 920 2547 sunt,
953 2481 1217 2552 eloquar?
1263 2479 1475 2534 Etenim
1523 2478 1634 2534 nisi
1679 2478 1785 2533 mei
1834 2478 2052 2547 penitus

469 2580 576 2646 sim
611 2578 850 2640 oblitus,
899 2575 1015 2630 scio
1066 2590 1152 2628 me
1199 2582 1385 2642 partes
1433 2570 1698 2641 quasdam
1742 2570 2051 2625 divinarum

468 2669 634 2741 383
674 2669 891 2723 illarum
918 2666 1296 2720 laudationum
1328 2664 1426 2720 abs
1465 2673 1517 2718 te
1558 2663 1758 2732 szepius
1786 2662 2046 2718 audiisse.

469 2763 841 2831 Quamobrem
872 2757 1078 2822 nullus,
1103 2756 1468 2821 dilectissimi,
1497 2755 1731 2810 orationi
1763 2754 1920 2810 fidem
1948 2755 2048 2808 ha-

466 2857 600 2914 bere
626 2856 916 2917 detrectet,
950 2867 1075 2907 cum
1099 2865 1193 2906 eos
1221 2850 1317 2921 qui
1348 2850 1495 2903 circa
1521 2846 1834 2904 Cornelium
1871 2845 2046 2909 fuere,

468 2951 656 3007 animo
701 2945 1073 3018 reputaverit;
1113 2959 1241 2998 nam
1282 2951 1337 2998 et
1386 2943 1464 2996 illi
1515 2956 1625 2995 non
1663 2941 1822 2995 aliter
1860 2954 1926 2994 ac
1955 2938 2049 3009 qui

466 3057 593 3096 cum
620 3040 803 3107 Petro,
833 3037 1046 3094 Joanne
1073 3046 1127 3094 et
1155 3035 1362 3092 Jacobo
1403 3035 1643 3100 fuerunt,
1665 3035 1840 3106 gratia
1870 3032 2048 3090 sancti

2159 1925 2353 2016 ἑαυτοῦ
2374 1965 2388 1992 ,
2423 1926 2514 1981 καὶ
2553 1927 2654 1999 τὴν
2690 1929 2827 2002 πρὸς
2854 1927 2923 1982 τά
2964 1928 3278 2001 ὑμνούμενα
3313 1933 3609 1986 κοινωνίαν
3647 1934 3745 1987 πά-

2159 2015 2326 2090 σχων,
2359 2020 2451 2074 καὶ
2476 2020 2618 2095 πρὸς
2651 2022 2871 2076 πάντων
2903 2015 2980 2076 ὧν
3011 2022 3262 2093 ἠκούετο,
3293 2025 3387 2088 καὶ
3419 2026 3639 2099 ἑωρᾶτο
3661 2027 3745 2079 καὶ

2157 2113 2506 2182 ἐγινώσκετο,
2535 2114 2629 2168 καὶ
2663 2115 2763 2168 οὑκ
2792 2113 3142 2183 ἐγινώσκετο,
3168 2115 3469 2186 θεόληπτος
3492 2114 3635 2170 εἶναι
3659 2119 3744 2172 καὶ

2159 2205 2301 2270 θεῖος
2332 2206 2629 2276 ὑμνολόγος
2662 2206 3000 2279 κρινόμενος.
3037 2207 3147 2260 Καὶ
3177 2208 3232 2261 τί
3263 2209 3329 2264 ἄν
3369 2225 3453 2261 σοι
3485 2209 3620 2283 περὶ
3644 2209 3746 2264 τῶν

2157 2299 2276 2351 ἐκεῖ
2317 2297 2750 2368 θεολογηθέντων
2801 2298 3054 2370 λέγοιμι;
3108 2299 3218 2353 Καὶ
3268 2299 3380 2373 γάρ
3430 2303 3482 2354 εἰ
3531 2301 3612 2372 μὴ
3659 2302 3744 2355 καὶ

2156 2390 2395 2460 ἐμαυτοῦ
2425 2390 2820 2462 ἐπιλέλησμαι,
2868 2390 3126 2455 πολλάκις
3169 2387 3285 2444 οἴδα
3328 2392 3484 2464 παρά
3516 2393 3616 2446 σοῦ
3659 2395 3742 2446 καὶ

2158 2482 2298 2554 μέρη
2361 2482 2484 2535 τινὰ
2556 2483 2667 2536 τῶν
2727 2483 3093 2537 ἐνθεαπικῶν
3165 2484 3390 2538 ἐκείνων
3463 2485 3740 2556 opma"

2154 2571 2486 2638 ἐπακούσας.
2539 2575 2747 2646 Μηδεὶς
2795 2573 2921 2639 οὖν,
2966 2577 3278 2647 ἀγαπητοὶ,
3327 2577 3406 2648 τῷ
3439 2578 3590 2650 λόγῳ
3633 2581 3737 2632 δια-

2155 2665 2438 2728 πιστείτω,
2477 2667 2606 2731 τοὺς
2636 2667 2778 2738 ἀμφὶ
2811 2668 3110 2742 Κορνήλιον
3144 2669 3641 2742 ἀναλογισάμενος,
3665 2674 3737 2726 ὅτι

2153 2759 2392 2812 κάκεῖνοι
2420 2762 2530 2823 τοῖς
2564 2760 2706 2830 ἀμφὶ
2735 2759 2960 2832 Πέτρον,
2997 2761 3090 2814 καὶ
3119 2761 3392 2834 Ἰωάννην,
3435 2764 3533 2817 καὶ
3568 2765 3739 2818 Ἰάκω-

2154 2848 2246 2904 ϐον
2278 2851 2479 2922 ὁμοίως
2522 2851 2870 2924 ἐπλήσθησαν
2901 2854 3001 2925 τῆς
3047 2855 3393 2926 πυριμόρφου
3440 2855 3541 2909 τοῦ
3577 2875 3738 2911 πανα-

2151 2943 2270 3013 γίου
2323 2945 2643 3016 Πνεύματος
2686 2945 2910 3017 χάριτος
2935 2986 2948 3010 ,
2983 2946 3078 3000 καὶ
3121 2948 3397 3016 γλώσσαις
3449 2949 3734 3021 ἐλάλησαν,

2153 3035 2243 3089 καὶ
2275 3038 2710 3108 τερατουργικῆς
2755 3037 2941 3107 ἰσχύος
2990 3040 3439 3112 μετειλήχεισαν·
3485 3042 3608 3106 πῶς
3636 3043 3735 3116 γὰρ

469 3133 709 3204 Spiritus
759 3133 862 3188 sub
912 3130 1088 3186 forma
1139 3131 1280 3202 ignis
1333 3128 1572 3199 impleti,
1625 3128 1826 3198 linguis
1876 3126 2047 3181 locuti

2154 3129 2200 3180 οἱ
2237 3129 2415 3197 πάντη
2450 3128 2841 3203 διεσπαρμένοι
2868 3168 2883 3195 ,
2931 3131 3026 3184 καὶ
3057 3131 3216 3195 ἄλλος
3247 3131 3512 3205 ἀλλαχόσε
3548 3152 3733 3209 παροι-

467 3233 621 3291 sunt,
654 3233 708 3282 et
735 3223 1074 3279 edendorum
1109 3221 1504 3276 miraculorum
1531 3227 1858 3290 potestatem
1889 3233 2048 3271 acce-

465 3323 687 3389 perunt.
726 3314 1013 3381 Quomodo
1054 3313 1200 3368 enim
1249 3311 1344 3382 qui
1391 3324 1834 3382 quoquoversum
1893 3315 2048 3363 erant

466 3407 736 3480 dispersi,
790 3415 956 3476 atque
998 3404 1139 3459 alius
1170 3404 1278 3458 alio
1326 3402 1629 3473 hospitium
1678 3400 1948 3471 dirigere,
1993 3411 2050 3456 et

462 3516 671 3558 munus
694 3499 1054 3571 apostolicum
1087 3496 1315 3564 exsequi
1347 3492 1664 3548 mandatum
1707 3492 2045 3558 habuerant,

466 3594 550 3652 sic
591 3591 923 3649 brevissimo
963 3600 1212 3660 tempore
1261 3587 1427 3642 simul
1477 3586 1895 3650 convenissent,
1940 3584 2048 3639 nisi

463 3684 720 3740 vehiculo
748 3681 938 3738 divino
966 3679 1100 3735 nubi
1136 3678 1305 3734 simili
1333 3678 1568 3749 quisque
1598 3676 1800 3746 dignus
1827 3675 2048 3731 habitus

463 3777 654 3834 esset?
682 3775 750 3829 Et
776 3774 1000 3845 quidem
1043 3771 1300 3827 omnibus
1348 3770 1443 3840 qui
1490 3770 1546 3824 in
1587 3768 1746 3825 initio
1788 3767 2048 3823 salutaris

463 3869 873 3944 praedicationis
905 3868 961 3922 in
985 3879 1115 3920 vera
1138 3863 1241 3918 ﬁde
1263 3863 1609 3918 ambulantes
1631 3861 1700 3916 ab
1723 3861 1842 3932 ipsa
1862 3859 2048 3916 divina

462 3964 587 4019 luce
619 3959 908 4016 illuminati
955 3963 1104 4020 sunt,
1135 3969 1335 4026 genera
1366 3953 1674 4024 linguarum
1697 3990 1713 4016 ,
1747 3951 2046 4006 sanitatum

463 4054 611 4109 dona
636 4091 651 4117 ,
684 4051 1028 4106 diversarum
1076 4045 1342 4100 virtutum
1385 4043 1732 4114 operationes
1761 4040 1974 4095 abunde
2014 4054 2048 4094 a

465 4145 675 4215 Spiritu
705 4141 1014 4198 caelestium
1032 4137 1303 4193 donorum
1329 4135 1610 4205 largitore,
1636 4141 1692 4189 et
1715 4132 1846 4188 boni
1876 4133 2050 4187 totius

464 4237 616 4292 fonte
639 4274 654 4300 ,
685 4235 886 4290 nedum
916 4245 1116 4302 magno
1148 4229 1225 4284 illi
1257 4227 1518 4298 Dionysio
1546 4226 1919 4297 apostolorum
1949 4238 2045 4278 co-

463 4343 579 4383 mvo
610 4333 740 4384 sunt
764 4324 1062 4395 impertita.
1092 4320 1163 4374 At
1191 4337 1349 4377 sacra
1379 4320 1566 4374 invicti
1597 4318 1772 4389 ipsius
1797 4315 2044 4387 martyrii

465 4420 594 4474 tuba
619 4457 634 4483 ,
670 4424 978 4488 opportune
1027 4428 1232 4470 sonans
1253 4453 1270 4477 ,
1300 4412 1486 4467 divina
1534 4412 1709 4481 ipsius
1743 4410 2044 4466 certamina

2151 3217 2275 3274 κίαν
2312 3219 2532 3286 ἰθύνειν,
2557 3221 2648 3274 καὶ
2670 3222 2977 3294 ἀποστολὴν
3007 3223 3249 3277 ἐκτελεῖν
3283 3227 3737 3300 προκεχειρισμὲέ

2149 3328 2263 3377 νοι,
2299 3311 2474 3377 οὑτως
2519 3312 2718 3386 ἀθρόον
2751 3317 2808 3366 ἐν
2842 3314 3116 3388 ἀκαριαίῳ
3148 3316 3324 3390 καιρῷ
3361 3317 3734 3389 συνεληλύθει-

2152 3419 2285 3466 σαν,
2321 3403 2369 3455 εἰ
2416 3402 2488 3474 μὴ
2522 3403 2666 3457 θείου
2703 3406 3007 3474 νεφοειδοῦς
3038 3408 3269 3474 ἕκαστος
3300 3409 3622 3482 ⁴ίγξιώθτμταν
3647 3414 3738 3485 ἆρ-

2153 3512 2353 3566 ματος;
2390 3495 2498 3547 Καὶ
2537 3495 2642 3566 μὴν
2674 3498 2808 3550 πᾶσι
2836 3500 2949 3562 τοῖς
2981 3499 3122 3552 κατά
3151 3500 3251 3572 τὴν
3282 3502 3458 3573 ἀρχὴν
3490 3503 3589 3557 τοῦ
3642 3522 3739 3557 σω-

2148 3587 2338 3661 τηρίου
2375 3587 2730 3660 κηρύγματος
2759 3593 2826 3661 τῇ
2862 3591 3088 3664 ἀληθινῇ
3126 3594 3502 3666 προσφοιτῶσι
3538 3597 3735 3660 πίστει,

2149 3680 2242 3734 καὶ
2275 3680 2665 3752 φωτιζομένοις
2716 3683 2812 3736 ἀπ’
2847 3683 3011 3738 αὑτοῦ
3047 3683 3142 3738 τοῦ
3179 3685 3321 3738 θείου
3361 3687 3733 3758 φωτίσματος,

2148 3772 2280 3844 γένη
2313 3789 2372 3826 τε
2400 3773 2680 3842 γλωσσῶν,
2713 3775 2805 3829 καὶ
2853 3775 3098 3847 ἰαμάτων
3130 3777 3468 3851 χαρίσματα,
3505 3782 3600 3834 καὶ
3623 3799 3728 3834 mro

2149 3864 2312 3919 κίλων
2337 3866 2620 3937 δυνάμεων
2654 3868 3008 3940 ἐνεργήματα
3037 3867 3305 3933 πλουσίως
3339 3871 3479 3942 πρὸς
3511 3872 3612 3926 τοῦ
3637 3874 3739 3926 τῶν

2149 3956 2444 4030 ὑπερφυῶν
2486 3959 2830 4032 δωρημάτων
2863 3961 3199 4032 παρεκτικοῦ
3232 3962 3326 4015 καὶ
3360 3964 3738 4037 ἀγαθαρχικοῦ

2148 4051 2470 4123 Πνεύματος
2502 4051 2785 4115 διεδίδοτο,
2826 4054 2953 4123 μήτι
2990 4069 3054 4120 γε
3089 4056 3202 4117 τοῖς
3235 4054 3374 4107 κατά
3424 4056 3519 4109 τὸν
3572 4059 3739 4129 μέγαν

2147 4144 2503 4198 ἀποστολικδν
2535 4145 2828 4199 Διονύσιον.
2859 4146 2998 4198 Ἀλλ’
3033 4149 3065 4217 ὴ
3103 4148 3206 4218 τῆς
3237 4148 3542 4221 ἀθλητικῆς
3575 4152 3737 4207 αὑτοῦ

2149 4237 2453 4308 μαρτυρίας
2487 4236 2608 4309 ἱερά
2631 4236 2881 4306 σάλπιγξ,
2903 4239 2994 4291 ἐπὶ
3025 4239 3218 4312 καιροῦ
3254 4241 3593 4308 σαλπίσασα,
3615 4247 3737 4308 τοὺς

2147 4327 2310 4382 αὑτοῦ
2345 4327 2520 4392 θείους
2554 4329 2771 4396 ἀγῶνας
2797 4329 3034 4382 εἰσδῦναι
3058 4331 3152 4383 καὶ
3187 4332 3568 4387 κατοπτεῦσαι
3605 4354 3734 4407 προ-

2145 4421 2441 4493 τρέπεται,
2478 4421 2571 4474 καί⁵
2603 4422 2696 4475 τὸν
2741 4422 2900 4491 λόγον
2948 4418 3040 4476 ἐπὶ
3089 4423 3189 4494 τὴν
3219 4424 3330 4478 τῶν
3369 4426 3728 4493 ἐνδοξοτάτων

464 4511 681 4581 ingredi
730 4523 795 4564 ac
834 4507 1035 4563 intueri
1073 4505 1348 4570 hortatur,
1381 4505 1796 4573 orationemque
1827 4501 1895 4558 ad
1925 4501 2042 4573 glo-

2153 4510 2308 4565 αὑτοῦ
2395 4512 2713 4585 μεθίστησιν
2785 4513 3206 4585 ἀριστευμάτων
3279 4519 3728 4590 ἐγκωμιαστικὴν

465 4602 613 4656 riosa
650 4600 825 4670 ipsius
853 4599 1099 4654 facinora
1128 4596 1456 4653 celebranda
1483 4594 1805 4653 transferre.

535 4690 927 4747 Verumtamen
971 4697 1262 4759 antequam
1313 4687 1381 4742 de
1408 4688 1658 4758 martyrii
1703 4686 1878 4756 ipsius
1915 4701 2042 4756 pro«

467 4782 752 4857 gressibus
781 4780 967 4836 dicere
997 4779 1346 4850 incipiamus,
1376 4776 1510 4832 illud
1533 4776 1800 4848 benignos
1825 4776 2040 4830 audito-

464 4891 558 4932 res
605 4874 751 4930 scire
794 4879 1043 4942 oportet,
1093 4868 1240 4941 quod
1271 4869 1478 4941 scripta
1522 4867 1634 4923 Deo
1678 4868 1838 4939 plena
1867 4868 2038 4935 divini

463 4968 738 5042 praeconis
785 4964 1040 5036 sacrique
1092 4962 1386 5036 martyris,
1427 4961 1586 5033 cujus
1634 4962 1825 5018 laudes
1879 4962 2040 5020 nobis

461 5059 879 5134 proposuimus,
931 5065 1252 5129 sequentes,
1304 5057 1526 5113 beatum
1570 5055 1691 5127 ejus
1722 5069 1950 5127 agonem
1983 5055 2039 5110 in

461 5152 760 5225 postremis
797 5149 1033 5221 Traiani.
1057 5149 1211 5221 regni
1260 5149 1455 5206 diebus
1499 5148 1672 5206 fuisse
1703 5149 2070 5225 accepimus;

464 5245 603 5301 Nam
649 5246 710 5300 in
747 5250 947 5314 quarto
989 5242 1323 5298 narrationis
1373 5243 1450 5298 De
1497 5242 1691 5299 divinis
1739 5244 2036 5302 nominibus

2044 5211 2082 5251 ἦ

2146 4602 2436 4676 ὑφήγησιν.

2212 4705 2359 4777 Πλήν
2415 4723 2479 4774 γε
2549 4707 2680 4779 πρὶν
2729 4708 2985 4779 ἐπιϐῆναι
3048 4707 3143 4762 τοῦ
3199 4709 3309 4762 τῶν
3376 4713 3731 4786 μαρτυρικῶν

2145 4797 2486 4868 σκαμμάτων
2526 4799 2712 4863 οὑδοῦ,
2759 4801 2872 4853 δεῖν
2922 4801 3118 4854 εἰδέναι
3163 4804 3314 4855 τουτὶ
3363 4803 3425 4856 τὸ
3479 4806 3730 4876 φιλήκοον

2143 4890 2524 4963 ἀκροατήριον,
2560 4889 2654 4957 ὡς,
2689 4895 2802 4956 τοῖς
2824 4892 2918 4947 τοῦ
2945 4896 3085 4965 εὑφη
3093 4913 3191 4966 μου
3201 4897 3361 4967 μένου
3396 4897 3728 4971 θεοκήρυκὸς

2141 4999 2202 5035 τε
2249 4984 2340 5037 καὶ
2407 4985 2804 5058 ἰερομάρτυρος
2856 4981 3236 5052 θεοπνεύστοις
3299 4991 3728 5064 συγγράμμασιν

2142 5073 2420 5144 ἑπόμενοι,
2440 5077 2542 5148 τὴν
2575 5077 2740 5130 αὑτοῦ
2767 5079 3044 5150 μακαρίαν
3067 5079 3291 5151 ἄθλησιν
3319 5083 3380 5134 ἐν
3409 5085 3531 5146 τοῖς
3565 5083 3728 5136 ὑστά-

2139 5181 2253 5229 τοις
2289 5166 2390 5238 τῆς
2425 5167 2519 5220 τοῦ
2555 5167 2823 5241 Τραϊανοῦ
2860 5156 3137 5240 βασιλείας
3165 5173 3445 5241 γεγονέναι
3482 5173 3729 5244 κατειλή-

2084 5300 2088 5304 .
2141 5274 2356 5330 φαμεν⁶
2393 5261 2452 5314 ἐν
2504 5261 2602 5331 μὲν
2660 5261 2740 5332 τῷ
2780 5261 3027 5335 τετάρτῳ
3069 5262 3164 5316 τοῦ
3209 5264 3350 5333 Περί
3390 5267 3569 5320 θείων
3599 5269 3726 5319 ἐνε-

463 5341 672 5414 capite,
697 5339 791 5396 ubi
820 5338 1026 5394 amoris
1052 5337 1466 5408 appellationem
1495 5337 1702 5402 laudat,
1730 5338 1895 5394 dicit:
1918 5337 2037 5394 Jam

2153 5348 2339 5404 μάτων
2381 5350 2540 5420 λόγου
2585 5352 2867 5426 κεφαλαίῳ
2912 5355 3214 5423 φάσκοντος
3237 5397 3253 5422 ,
3302 5356 3433 5410 ἔνθα
3482 5359 3585 5429 τὴν
3634 5355 3726 5410 τοῦ

462 5449 597 5490 ’νειο
627 5431 955 5504 quibusdam
985 5444 1052 5487 ex
1077 5429 1281 5484 nostris
1316 5443 1596 5484 sacrorum
1643 5431 2038 5488 traetatoribus

464 5527 643 5583 visum
667 5532 772 5590 est,
809 5525 1016 5580 amoris
1046 5512 1244 5580 nomen
1273 5536 1437 5592 quam
1458 5522 1769 5579 dilectionis
1798 5539 1920 5580 esse
1953 5524 2040 5578 di-

464 5619 670 5675 vinius.
723 5616 927 5672 Scribit
966 5616 1112 5673 enim
1153 5624 1208 5672 et
1254 5615 1474 5671 divinus
1527 5616 1768 5687 lgnatius
1812 5634 1826 5670 :
1871 5620 2037 5673 Amor

466 5722 611 5760 meus
651 5707 794 5759 cruci
832 5707 1048 5776 sufﬁxus
1076 5714 1174 5761 est.
1208 5703 1323 5760 Hoc
1357 5705 1504 5760 enim
1547 5706 1774 5762 verbum
1813 5709 2034 5766 divinus

465 5797 708 5868 Ignatius
738 5805 980 5854 extremo
1018 5799 1286 5870 supplicio
1332 5795 1518 5855 Romae
1559 5797 1940 5872 dimicaturus,
1973 5821 2035 5862 ac

2141 5441 2342 5514 ἔρωτος
2375 5443 2690 5514 ἐπωνυμίαν
2733 5443 2985 5516 ἐξυμνεῖ·
3036 5448 3228 5501 Καίτοι
3263 5447 3408 5513 ἔδοξέ
3455 5468 3568 5503 τισι
3618 5450 3724 5503 τῶν

2142 5533 2262 5587 καθ’
2286 5535 2433 5606 ἡμᾶς
2459 5535 2767 5607 ἰερολόγων,
2792 5537 2883 5590 καὶ
2911 5537 3188 5610 θειότερον
3217 5538 3355 5595 εἶναι
3383 5541 3445 5595 τὺ
3478 5542 3576 5597 τοῦ
3597 5543 3726 5615 ἔρω-

2139 5642 2229 5688 τος
2266 5626 2439 5697 ὄνομα
2478 5627 2572 5681 τοῦ
2620 5629 2722 5699 τῆς
2772 5629 3011 5700 ἀγάπης.
3053 5632 3256 5704 Γράφει
3290 5633 3345 5687 δὲ
3381 5636 3473 5688 καὶ
3507 5635 3537 5688 6
3583 5636 3724 5698 θεῖος

2154 5720 2428 5788 Ἰγνάτιος,
2478 5722 2538 5773 '0
2552 5722 2693 5790 ἐμὸς
2708 5723 2855 5791 ἔρως
2875 5724 3236 5793 ἐσταύρωται
3257 5744 3272 5758 ’
3319 5729 3481 5782 τοῦτο
3513 5730 3623 5803 γὰρ
3659 5728 3718 5781 τὸ

2139 5813 2303 5883 ﬁt)”
2330 5814 2358 5865 ὁ
2390 5812 2645 5885 θεοφόρος
2692 5814 2976 5884 Ἰγνάτιος,
3016 5818 3221 5890 μέελλων
3255 5823 3314 5874 ἐν
3349 5823 3537 5894 Ῥώμῃ
3576 5841 3714 5894 pap-
