3874 6546
147 511 246 569 657

1056 516 1240 588 VITA,
1275 519 1602 578 AUCTORE
1634 517 1983 578 HICHAELE
2016 523 2354 584 SYNGELO.

3276 529 3382 590 658

147 627 379 702 τυρικῶς
409 627 697 701 ἀθλήσειν,
746 631 838 686 καὶ
869 635 985 697 τοῖς
1032 633 1213 689 λέουσι
1263 635 1398 709 βορά
1433 636 1573 692 κατά
1614 637 1694 710 τὴς

1820 639 2072 697 leonibus
2106 642 2336 714 imperio
2367 641 2587 713 Trajani
2620 642 2768 715 regis
2797 643 2956 702 cibus
2987 643 3382 716 projiciendus,

148 721 236 776 τοῦ
262 723 524 794 τυράννου
547 723 824 795 Τραϊανοῦ.
849 725 1144 800 πρόσταξιν
1177 729 1711 802 παραϐληθήσεσθαι,

145 815 268 888 περὶ
291 813 352 867 τὸ
371 815 472 887 τῆς
503 815 666 870 αὐτοῦ
697 818 988 891 τυραννίας
1014 819 1230 875 ἔννατον
1260 821 1400 889 ἔτος,
1435 821 1578 876 κατά
1600 821 1711 880 τῶν

143 908 546 964 εὐσεϐεστάτων
572 911 914 984 Χριστιανῶν
941 913 1189 986 διωγμὸν..
1208 915 1540 989 ἐγείραντος,
1574 917 1715 971 Ῥωσι.

147 1001 320 1072 μαίοις
351 1001 681 1057 ἐπιστέλλων
712 1004 1021 1076 γέγραφενο
1045 1008 1124 1072 ὡς
1154 1011 1218 1062 ἐκ
1239 1009 1431 1062 τούτου
1467 1009 1714 1082 παραδηφ,

144 1093 390 1161 λοῦσθαι,
441 1096 581 1169 πρὸς
609 1096 690 1168 τῷ
733 1097 827 1152 τοῦ
876 1097 1102 1152 διώκτου
1134 1101 1444 1172 τυραννίδος
1475 1102 1709 1174 πέρατι,

148 1187 326 1252 καθὼς
368 1187 614 1260 ἔφθημεν
645 1190 962 1262 εἰρηκότες,
1009 1191 1102 1246 τὸν
1138 1193 1458 1265 ἱεροφάντην
1493 1210 1708 1266 μεμαρτ

142 1279 436 1351 τυρηκέναι
481 1280 774 1335 Διονύσιον.
817 1283 962 1355 Πρὸς
991 1282 1048 1338 δὲ
1087 1284 1181 1338 τὸν
1207 1286 1306 1356 τῆς
1337 1285 1566 1358 βροντῆς
1596 1289 1709 1342 υίὸν

142 1373 230 1425 τὸν
269 1373 583 1444 ὑψηλότατα
630 1375 723 1429 καὶ
766 1375 903 1448 ὑπὲρ
942 1376 1120 1430 πάντα
1167 1377 1293 1431 νοῦν
1326 1379 1616 1451 ὲγκόσμιόν
1647 1396 1707 1434 τε

143 1465 229 1517 καὶ
260 1465 628 1536 ὑπερκόσμιον
663 1465 1038 1538 βροντήσαντά
1068 1484 1128 1522 τε
1170 1469 1262 1522 καὶ
1313 1469 1709 1544 θεολογήσαντα

139 1555 599 1629 τρισμακάριστον
637 1559 862 1630 γράφων
911 1559 1182 1632 Ἰωάννην,
1227 1563 1286 1615 ὲν
1318 1561 1526 1634 Πάτμῳ
1557 1581 1709 1636 περιτ

137 1649 433 1721 ωρισμὲνον
464 1649 734 1719 ἀποφάσει
761 1652 1108 1722 Δομετιανοῦ,
1141 1652 1237 1706 τοῦ
1273 1653 1409 1725 μετά
1432 1656 1589 1710 Τίτον
1615 1656 1706 1712 τὸν

139 1739 356 1808 ἀδελφὸν
390 1740 555 1793 αὑτοῦ
595 1740 1069 1810 βεϐασιλευκότος,
1106 1743 1291 1816 (ἄμφω
1319 1745 1426 1818 γάρ
1457 1748 1706 1802 Οὐεσπα-

140 1831 313 1885 σιανοῦ
345 1833 535 1897 παῖδες
554 1833 725 1907 ἤστην
745 1852 758 1864 ο
782 1835 800 1906 )
822 1836 950 1908 περὶ
980 1838 1073 1890 τὸν
1103 1837 1204 1908 τῆς
1235 1837 1400 1892 αὑτοῦ
1432 1839 1707 1910 βασιλείας

139 1923 352 1994 ἔσχατον
404 1927 648 1979 ἐνιαυτὸν
695 1927 836 1982 κατά
891 1929 1002 1983 τῶν
1051 1930 1259 1984 πιστῶν
1305 1931 1702 2004 λυττήσαντος,

139 2015 261 2084 φησὶ
296 2015 651 2089 προφητικῶς
676 2019 1058 2091 προαγορεύων
1077 2021 1191 2090 (καὶ
1204 2023 1548 2095 προφητικῆς
1571 2041 1702 2096 μετ-

138 2104 324 2177 έσχηκε
357 2107 631 2179 χάριτος)ο
662 2129 680 2161 ι
717 2110 891 2180 Ἡμᾶς
933 2111 990 2164 δὲ
1027 2113 1181 2166 οὐθὲν
1213 2114 1521 2168 τούναντίον
1563 2117 1702 2169 ἀπο-

138 2183 390 2270 στερήσει
429 2200 528 2268 τῆς
576 2199 823 2254 Ἰωάννου
853 2201 1149 2272 παμφαοῦς
1179 2203 1426 2270 ἀκτῖνος,
1463 2205 1560 2260 νῦν
1604 2205 1703 2277 μὲν

137 2287 541 2358 ἐντευξομένους
570 2293 636 2360 τῇ
673 2292 862 2366 μνήμῃ
885 2293 976 2346 καὶ
1003 2292 1295 2348 ἀνανεώσει
1317 2296 1419 2366 τῆς
1454 2295 1555 2369 σῆς
1572 2298 1704 2369 ἀλη-

136 2377 250 2442 θοῦς
281 2379 591 2444 θεολογίας’
633 2383 828 2455 μικρὸν
859 2383 914 2437 δὲ
947 2382 1174 2456 ὕστερον
1209 2388 1342 2459 (ἐρῶ
1372 2388 1502 2462 γὰρ,
1537 2391 1585 2442 εί
1609 2391 1701 2444 καὶ

132 2470 424 2543 τολμηρόν)
459 2473 588 2543 ύμῖν
633 2474 816 2537 αὐτοῖς
869 2475 1322 2548 ὲνωθησομένους,
1371 2480 1701 2548 Ἀξιόπιστος

132 2562 183 2615 δὲ
216 2565 433 2629 πάντως
468 2567 614 2637 είμὶ,
664 2567 734 2621 τά
779 2570 1206 2641 προεγνωσμένα
1248 2572 1434 2642 μαθὼν
1467 2577 1534 2630 ὲκ
1565 2575 1698 2630 Θεοῦ

135 2653 214 2704 καὶ
243 2654 436 2723 λέγων,
471 2657 555 2709 ὅτι
582 2657 676 2710 καὶ
706 2658 807 2728 τῆς
839 2661 896 2712 ἐν
930 2659 1139 2732 Πάτμῳ
1163 2662 1410 2735 φυλακῆς
1428 2665 1696 2739 ἀφεθήσῃ,

133 2747 216 2803 καὶ
243 2749 323 2810 είς
358 2749 466 2819 τὴν
507 2750 784 2804 Ἀσιάτιδα
829 2751 934 2822 γῆν
967 2752 1290 2824 ἐπανήξεις,
1340 2757 1434 2809 καὶ
1479 2757 1699 2828 δράσεις

133 2835 236 2887 ἐκεῖ
255 2835 347 2888 τοῦ
393 2837 598 2905 ἀγαθοῦ
636 2840 950 2910 μιμήματα,
989 2841 1080 2894 καὶ
1111 2845 1225 2906 τοῖς
1255 2844 1392 2917 μετά
1420 2846 1478 2899 σὲ
1515 2865 1697 2920 παρα-

132 2921 324 2988 δώσεις.
356 2943 377 2976 »
405 2925 511 2978 Τοῦ
544 2927 868 2996 Δομετιανοῦ
900 2928 1188 3000 τοιγαροῦν
1223 2931 1415 3001 μετ’ού
1442 2931 1575 2984 πολὺ
1607 2950 1696 2986 τε-

133 3014 504 3088 τελευτηκότος
533 3018 671 3071 κατά
703 3019 802 3090 τὴν
833 3018 929 3072 τοῦ
961 3019 1290 3093 χαρίσμασιν
1323 3022 1698 3089 ἀποστολικοϊς

131 3124 183 3159 τε
216 3109 302 3162 καὶ
335 3114 691 3182 προφητικοῖς
719 3111 1114 3184 διας-τρέψαντος
1154 3113 1446 3168 θεσπεσίου
1482 3116 1696 3189 Πατρὸς

132 3199 422 3272 πρόρρησιν
444 3240 460 3265 ,
494 3201 739 3273 Νερούας
762 3242 777 3267 ,
807 3201 906 3273 τὴν
953 3202 1228 3274 βασιλείαν
1275 3203 1657 3276 διαδεξάμενος
1677 3244 1692 3270 ,

1815 732 1964 786 circa
1996 749 2199 788 nonum
2225 734 2376 806 regni
2409 734 2581 804 ipsius
2614 750 2841 802 annum,
2865 737 3220 794 desaevientis
3249 753 3386 794 con-

1813 830 1900 878 tra
1922 824 2272 881 Christianos
2302 827 2523 896 pietatis
2547 828 2978 901 amantissimos,
3006 827 3266 887 Romanis
3286 846 3387 902 per

1812 912 2100 982 epistolam
2135 914 2374 985 scripsit.
2417 913 2484 968 Ut
2526 914 2655 969 hinc
2702 915 2939 986 liqueat,
2968 918 3071 974 sub
3110 917 3268 975 linem
3299 929 3386 992 ty-

1811 1005 2053 1062 rannica:
2094 1005 2317 1061 saevitiae
2369 1007 2464 1076 (ut
2506 1006 2714 1076 pridem
2757 1008 3028 1080 diximus)
3061 1008 3383 1082 Dionysium

1812 1111 2096 1152 sacrorum
2149 1097 2500 1167 interpretem
2541 1106 2770 1153 mortem
2799 1099 3145 1156 occubuisse.
3177 1099 3382 1158 Verum

1810 1201 1936 1241 cum
1964 1185 2032 1240 ad
2055 1185 2435 1242 beatissimum
2467 1183 2734 1243 Joannem
2765 1190 3033 1248 scriberet
3057 1191 3283 1246 tonitrui
3315 1192 3382 1246 li-

1811 1278 1966 1344 lium,
1999 1293 2063 1338 ac
2091 1279 2348 1336 omnibus
2373 1295 2498 1336 cum
2532 1283 2789 1349 terrenis,
2815 1291 2929 1338 tum
2959 1286 3276 1344 coelestibus
3295 1304 3386 1344 su-

1809 1367 2146 1436 blimiorem,
2179 1371 2272 1441 qui
2297 1370 2364 1426 de
2395 1372 2559 1428 rebus
2591 1371 2794 1430 divinis
2819 1376 2994 1431 instar
3031 1379 3256 1434 tonitrui
3295 1380 3382 1435 lo-

1809 1467 1972 1513 cutus
1996 1469 2108 1525 εει,
2138 1463 2344 1532 quique
2389 1463 2443 1517 in
2477 1462 2690 1530 Patmo,
2723 1465 2904 1521 edicto
2931 1465 3223 1524 Domitiani
3255 1473 3384 1542 post

1807 1546 1991 1618 fi‘itum
2032 1549 2257 1608 fratrem
2305 1553 2423 1623 eius
2479 1572 2710 1627 regnum
2764 1559 2945 1630 adepti
3002 1560 3196 1632 (ambo
3235 1563 3384 1618 enim

1809 1637 2127 1711 Vespasiani
2156 1643 2256 1699 ﬁlii
2273 1645 2467 1718 fuere),
2495 1649 2785 1714 exsulavit,
2804 1665 2928 1704 eum
2954 1651 3101 1707 circa
3130 1653 3385 1709 ultimum

1809 1734 1960 1803 regni
1982 1735 2102 1804 ejus
2128 1751 2331 1790 annum
2362 1746 2554 1792 contra
2590 1739 2775 1796 ﬁdeles
2807 1741 3114 1808 desaeviret,
3141 1744 3383 1814 prophe-

1807 1824 1914 1880 tice
1959 1829 2064 1882 hoc
2113 1827 2261 1898 (cum
2309 1828 2618 1884 futurorum
2669 1833 3142 1902 przedicendorum
3203 1835 3382 1908 gratia

1809 1916 2099 1989 insignitus
2142 1924 2319 1989 esset)
2350 1923 2768 1993 praenuntiando
2797 1925 2936 1979 dixit
2974 1941 2986 1977 :
3030 1925 3196 1998 384
3225 1946 3242 1978 ‹
3269 1925 3384 1984 Nos

1737 1990 1779 2050 Β
1807 2018 1956 2066 certe
2001 2011 2212 2068 nullum
2263 1990 2625 2070 infortunium
2674 2017 2911 2088 privabit
2945 1990 3186 2076 ,ιοαῖιῆίὲ
3225 2020 3384 2076 radio

1804 2102 1990 2158 omnia
2020 2103 2402 2171 collustrante,
2433 2124 2582 2164 nunc
2611 2109 2833 2179 quidem
2863 2112 3182 2165 memoriam
3215 2119 3269 2166 et
3297 2113 3385 2167 iu-

1802 2195 2151 2251 novationem
2217 2206 2325 2254 tua:
2375 2215 2518 2256 verte
2578 2201 2863 2272 theologia:
2932 2211 3377 2259 consecuturos:

1801 2287 1964 2358 paulo
1987 2302 2116 2344 vero
2162 2298 2285 2358 post
2316 2289 2516 2360 (dicam
2544 2291 2723 2357 enim,
2757 2293 2862 2349 etsi
2894 2292 2997 2348 hoc
3028 2293 3380 2349 temerarium

1800 2378 2093 2452 videatur)
2143 2381 2301 2440 vobis
2347 2382 2483 2452 ipsis
2525 2384 2959 2454 conjungendos.
3013 2382 3146 2438 Sum
3196 2393 3380 2440 autem

1799 2471 2024 2526 omnino
2057 2473 2160 2528 [ide
2190 2472 2428 2545 dignior,
2480 2472 2528 2530 si
2561 2490 2626 2530 ea
2653 2491 2774 2545 qua:
2797 2490 2828 2531 ε
2859 2474 2969 2531 Deo
3005 2475 3196 2540 didici,
3229 2491 3379 2547 quaa-

1799 2579 1906 2635 que
1949 2564 2048 2618 tibi
2091 2566 2423 2636 praecognita
2463 2573 2614 2632 sunt,
2656 2567 2822 2624 etiam
2867 2566 3081 2632 dixero,
3117 2567 3263 2638 quod
3310 2582 3380 2622 ex

1798 2652 1973 2708 Patmi
2004 2670 2227 2710 carcere
2253 2656 2391 2711 liber
2419 2656 2734 2722 dimitteris,
2764 2665 2818 2713 et
2847 2657 2903 2712 in
2927 2655 3070 2712 Asiae
3099 2657 3402 2729 regionem,

1800 2748 2109 2810 reverteris,
2165 2748 2239 2802 ibi
2289 2748 2552 2803 imitanda
2585 2749 2928 2805 rectitudinis
2957 2751 3204 2820 exempla
3255 2766 3379 2822 pa“-

1798 2847 2044 2904 aeturus,
2061 2846 2115 2894 et
2136 2855 2198 2895 ea
2218 2841 2452 2910 posteris
2481 2841 2802 2898 traditurus.
2833 2862 2852 2893 ι
2877 2841 3188 2897 Domitiano
3207 2843 3373 2914 igitur

1798 2943 1906 2984 non
1937 2932 2108 2985 multo
2131 2940 2255 3001 post
2285 2931 2396 2985 vita
2425 2929 2637 2996 functo,
2661 2932 3136 3002 juxtaoraculum
3173 2933 3377 2988 summi

1792 3027 1970 3087 Patris
2009 3032 2326 3102 apostolicis
2385 3041 2442 3088 et
2494 3033 2833 3104 propheticis
2879 3033 3039 3093 donis
3089 3035 3372 3106 insigniti;

1794 3120 2240 3194 Nerva,regnum
2270 3125 2522 3196 adeptus,
2545 3141 2641 3180 eos
2671 3128 2764 3195 qui
2798 3127 2852 3180 in
2879 3127 3073 3182 exsilio
3099 3135 3257 3182 erant
3288 3143 3376 3182 re-

1795 3216 2032 3272 vocavit.
2063 3215 2201 3274 Tum
2225 3232 2358 3273 vero
2383 3218 2730 3289 Evangelista
2758 3235 2978 3291 quoque
3017 3220 3292 3275 maximus
3317 3209 3375 3276 in

130 3292 244 3356 τοὺς
273 3295 328 3347 ἐν
375 3295 696 3368 ύπερορίαις
727 3294 1107 3352 ἀνεκαλέσατο.
1159 3297 1473 3368 Τηνικαῦτα
1507 3299 1564 3354 δὲ
1605 3301 1694 3354 καὶ

1797 3307 2156 3379 Ephesiorum
2186 3310 2535 3380 metropolim
2563 3310 2842 3366 civitatem
2898 3327 3154 3372 reversus
3179 3321 3296 3377 εει,
3321 3319 3385 3376 et,

130 3384 156 3438 ὀ
183 3387 427 3456 μέγιστος
462 3387 849 3461 εύαγγελιστὴς
884 3389 964 3452 είς
994 3388 1092 3462 τὴν
1130 3390 1390 3459 Ἐφεσίων
1423 3390 1694 3464 ἐπανῆλθε

1797 3401 2084 3458 oraculum
2115 3402 2196 3458 rei
2226 3409 2457 3458 eventus
2485 3402 2887 3474 comprobavit.

134 3481 482 3552 μητρόπολιν,
543 3481 637 3536 καὶ
693 3482 763 3536 τὰ
821 3483 923 3554 τῆς
985 3485 1440 3557 προαγορεύσεως
1496 3484 1691 3557 εἴληφε

130 3570 306 3643 πέρας.

189 3663 286 3717 Τοῦ
307 3665 524 3739 Νερούα
546 3666 638 3719 τὸν
660 3666 773 3738 βίον
805 3667 1226 3740 μετηλλαχότος,
1251 3671 1344 3724 ἐπὶ
1369 3670 1565 3743 χρόνον
1597 3670 1694 3724 ἕνα

128 3753 217 3820 τὰς
243 3757 341 3828 τῆς
384 3760 700 3831 Ῥωμαῖκῆς
741 3760 919 3834 ἀρχῆς
947 3763 1105 3834 ήνίας
1136 3766 1538 3835 κεκρατηκότος
1561 3805 1577 3830 ,
1613 3766 1694 3828 είς

129 3847 378 3919 Τραϊανὸν
427 3849 522 3904 τὸν
571 3850 836 3921 τύραννον
881 3853 942 3905 τὸ
989 3854 1190 3927 κράτος
1225 3856 1653 3926 μεταπέπτωκεν
1672 3893 1687 3919 ,

127 3937 180 4002 ὃς
217 3940 330 3995 λίαν
378 3945 450 4014 τῇ
490 3943 630 3997 κατά
670 3944 892 4000 Σκυθῶν
922 3962 984 3998 τε
1023 3946 1116 4000 καὶ
1155 3945 1418 4018 Θρᾳκῶν,
1455 3947 1546 4002 καὶ
1577 3947 1690 4000 δια-

129 4033 294 4103 φόρων
323 4035 406 4088 ὅτι
441 4035 710 4091 πλείστων
741 4037 912 4092 ἐθνῶν
939 4038 1197 4111 ἐπαρθεὶς
1223 4039 1380 4112 νίκῃ,
1409 4039 1501 4093 καὶ
1533 4036 1690 4104 δόξας

131 4118 341 4187 μηδενὸς
377 4122 600 4195 ἄρχειν,
648 4125 697 4177 εί
725 4125 799 4197 μὴ
835 4125 928 4180 καὶ
959 4126 1020 4180 τὸ
1053 4128 1381 4192 πανευσεϐὲς
1409 4129 1519 4184 τῶν
1548 4130 1687 4201 Χρι-

131 4215 342 4269 στιανῶν
391 4214 646 4287 σύστημα
694 4221 759 4290 τῇ
805 4218 914 4272 τῶν
944 4219 1214 4289 δαιμόνων
1260 4220 1353 4272 καὶ
1387 4219 1684 4291 βδελυκτῶν

130 4301 314 4366 ξοάνων
363 4309 592 4382 λατρεία
646 4311 740 4364 καὶ
790 4314 1160 4385 προσκυνήσει
1223 4313 1684 4382 καθυποτάξειεν,

127 4394 390 4466 ὠμότατον
433 4402 756 4474 ἀνερῤίπισε
787 4401 1062 4474 διωγμὸν,
1105 4405 1200 4460 καὶ
1240 4406 1424 4461 πᾶσαν
1462 4406 1562 4479 τὴν
1595 4409 1686 4461 ὑπ’

128 4488 260 4560 αὐτῷ
288 4491 546 4546 τελοῦσαν
586 4492 696 4547 τῶν
750 4497 1102 4570 μαρτυρικῶν
1147 4497 1394 4568 αἱμάτων
1427 4497 1682 4568 ὲμέθυσε,

129 4581 342 4638 πάντοσε
372 4586 818 4658 διαπεμψάμενος
866 4589 1278 4660 ἀπηνεστάτους
1320 4589 1554 4653 διώκτας
1585 4592 1684 4644 αὐ-

1862 3662 2036 3718 Porro
2065 3677 2190 3718 cum
2223 3663 2336 3733 jam
2370 3663 2549 3719 Nerva
2595 3666 2712 3736 ipse
2757 3681 2978 3736 quoque
3019 3665 3368 3733 decessisset,

1791 3756 1886 3826 qui
1922 3770 2030 3809 uno
2069 3769 2213 3808 anno
2241 3754 2482 3811 habenas
2514 3753 2744 3810 Romani
2788 3747 3360 3828 principatusmodo4

1792 3858 1944 3905 ratus
1975 3849 2084 3910 est,
2112 3846 2400 3914 imperium
2434 3845 2499 3900 ad
2522 3844 2817 3914 Trajanum
2836 3861 3017 3916 regem
3049 3845 3367 3900 devolutum

1790 3949 1903 4005 est,
1938 3941 2032 4012 qui
2086 3946 2280 3995 contra
2331 3936 2564 4009 Scythas
2595 3935 2945 4006 Thracesque
2984 3951 3049 3990 ac
3078 3937 3369 4006 quamplu-

1788 4032 1956 4087 rimas
1985 4031 2121 4084 alias
2149 4036 2339 4099 gentes
2380 4037 2538 4096 parta
2572 4027 2801 4083 victoria
2839 4029 3016 4084 elatus
3042 4069 3057 4096 ,
3086 4031 3368 4084 existima-

1790 4123 1866 4178 vit
1891 4121 2096 4177 nemini
2122 4120 2394 4190 imperare
2425 4133 2588 4187 posse
2609 4159 2626 4184 ,
2665 4118 2774 4171 nisi
2807 4119 2969 4172 etiam
2999 4111 3366 4175 venerandam

1787 4227 1852 4267 ac
1893 4212 2036 4283 piam
2077 4209 2520 4266 Christianorum
2572 4209 3054 4279 congregationem
3099 4211 3272 4264 cultui
3313 4218 3367 4265 et

1787 4305 2092 4361 adorationi
2118 4306 2448 4368 daemonum,
2479 4306 2573 4376 qui
2607 4313 2735 4361 sunt
2779 4304 3100 4360 detestanda
3138 4306 3368 4360 simula-

1786 4413 1912 4465 cra,
1951 4397 2230 4454 subderet.
2266 4396 2507 4453 Proinde
2537 4405 2694 4452 atrox
2745 4397 2855 4452 illis
2903 4397 3108 4453 bellum
3144 4397 3364 4463 indixit,

1784 4498 1838 4545 et
1887 4483 2200 4545 universam
2246 4488 2366 4559 ejus
2418 4487 2682 4544 ditionem
2757 4504 2953 4544 cruore
3009 4496 3317 4561 martyrum
3347 4529 3364 4554 ,

1784 4593 2224 4650 quoquoversum
2295 4577 2617 4634 saevissimis
2672 4577 3062 4650 qmesitoribus
3120 4579 3366 4636 dimissis

128 4674 239 4735 τοὺς
297 4675 508 4746 ἰταμῶς
557 4677 769 4742 πάντας
826 4680 1190 4750 Χριστιανοὺς
1251 4680 1685 4749 καταναγκάζειν

1797 4674 2081 4733 inebriavit
2102 4715 2117 4739 ,
2148 4673 2437 4738 mandans,
2471 4683 2531 4729 ut
2557 4673 2662 4742 ipsi
2694 4688 2889 4729 omnes
2909 4672 3255 4730 Christianos
3286 4675 3364 4730 si-

129 4761 258 4820 θύειν
295 4773 410 4832 τοῖς
442 4769 679 4834 εἰδώλοις
702 4810 716 4836 ,
749 4771 782 4842 ἢ
827 4773 901 4842 μὴ
935 4772 1289 4843 πειθομένους
1322 4773 1685 4839 παντοδαποῖς

128 4859 450 4917 ἀποκτείνειν
495 4863 743 4934 βασάνων
791 4865 1009 4920 εἴδεσιν.
1059 4867 1116 4920 '0
1153 4867 1423 4938 μακάριος
1467 4866 1682 4934 τοίνυν,

129 4951 210 5003 καὶ
238 4954 356 5026 τρὶς
388 4954 547 5008 τοῦτο
590 4956 684 5010 καὶ
724 4956 984 5021 πολλάκις
1028 4957 1302 5022 Διονύσιος
1334 4959 1426 5012 ἐπὶ
1457 4959 1686 5033 ἑϐδομη-

129 5047 374 5116 κονταετῆ
408 5049 597 5118 χρόνον
643 5047 731 5102 διὰ
768 5049 978 5120 μυρίων
1009 5048 1327 5120 ὀνειδισμῶν
1345 5091 1361 5118 ,
1396 5052 1490 5106 καὶ
1523 5053 1684 5106 πολέ-

130 5146 232 5199 μων
251 5174 266 5199 ,
297 5137 387 5189 καί⁵
418 5137 674 5192 κινδύνων
711 5139 817 5192 ὑπό
840 5138 1042 5193 τε’τῶν
1072 5140 1349 5212 ὁμογενῶν
1370 5181 1385 5206 ,
1426 5142 1518 5195 καί
1551 5160 1682 5197 ποτε

133 5223 476 5300 ὁμοθρήσκων
518 5231 744 5285 καὶτῶν
778 5233 1114 5304 συντρόφων,
1145 5233 1344 5304 μᾶλλον
1376 5235 1434 5288 δὲ
1465 5235 1682 5305 ἀσόφων

126 5309 430 5388 διεληλυθὼς
452 5361 466 5386 ,
511 5322 603 5375 καὶ
643 5321 782 5394 πρὸς
810 5322 1050 5376 τοσαῦτα
1079 5323 1258 5396 πλήθη
1291 5323 1585 5398 βαρϐάρων
1619 5343 1682 5379 τε

129 5406 210 5458 καὶ
246 5409 508 5484 Ἑλλήνων
544 5413 951 5485 είδωλομανῶν,
995 5416 1090 5470 καὶ
1122 5416 1258 5490 πρὸς
1284 5416 1385 5490 τὴν
1413 5417 1523 5471 τῶν
1554 5419 1683 5474 ἀνό-

131 5512 232 5564 μων
263 5502 354 5557 καὶ
387 5504 668 5576 δυσμενῶν
711 5506 978 5578 Ἐϐραίων
1005 5508 1351 5582 ἀγριωτάτην
1382 5507 1684 5584 διασπορὰν

128 5584 717 5668 ἀντιπαραταξάμενος,
753 5598 846 5652 καὶ
885 5598 1107 5670 δραμὼν
1139 5600 1337 5673 δρόμον
1365 5602 1682 5660 διπλασίονα

127 5677 209 5730 τοῦ
229 5681 286 5734 δν
317 5684 526 5750 Παῦλος
559 5688 588 5739 ὁ
621 5687 916 5752 πολύαθλος
949 5688 1040 5742 καὶ
1071 5689 1463 5764 ούρανοδρόμος
1486 5693 1684 5765 ’δεδρά-

134 5783 320 5840 μηκεν,
352 5777 476 5832 ὅσον
502 5796 566 5848 γε
599 5780 739 5834 κατά
763 5780 864 5852 τὴν
899 5779 1153 5852 χρονικὴν
1196 5783 1506 5854 παράτασιν
1529 5824 1546 5851 ,
1587 5783 1681 5838 καὶ

131 5854 271 5928 λαως
300 5867 588 5940 ἀπείρους,
611 5871 700 5925 διὰ
737 5871 848 5928 τῶν
878 5872 971 5926 ὑπ’
997 5870 1159 5926 αὐτοῦ
1189 5875 1257 5944 τῇ
1287 5867 1384 5926 τοῦ
1413 5875 1678 5944 παναγίου

135 5948 424 6025 homo;
479 5962 726 6036 ἐνεργείᾳ
771 5964 1107 6038 τελουμένων
1161 5965 1403 6038 ωλμείων
1451 5967 1544 6021 καὶ
1593 5985 1680 6024 τε-

1789 4768 2049 4823 mulacris
2099 4767 2367 4822 sacriﬁcia
2414 4766 2592 4822 facere
2630 4767 2881 4838 improbe
2929 4779 3220 4838 cogerent,
3254 4785 3365 4822 non

1787 4860 2227 4930 obtemperantes
2286 4868 2466 4915 autem
2520 4860 2669 4914 omni
2727 4861 3120 4930 suppliciorum
3165 4875 3366 4931 genere

1786 4949 2182 5005 interimerent.
2213 4948 2411 5005 Beatus
2469 4949 2635 5019 igitur
2670 4941 2865 5021 teriiue
2895 4949 3206 5020 saepiusque
3236 4948 3366 5003 beao

1787 5048 1876 5096 tus
1904 5039 2232 5112 Dionysius,
2261 5040 2325 5093 ad
2360 5041 2820 5111 septuagesimum
2855 5057 3059 5098 annum
3091 5056 3187 5110 per
3213 5039 3363 5094 mille

1786 5134 2100 5207 opprobria,
2129 5141 2420 5197 tormenta,
2447 5133 2587 5188 bella
2621 5141 2675 5188 et
2701 5135 2944 5205 pericula
2977 5133 3200 5194 mortis,
3234 5148 3359 5187 cum

1786 5241 1818 5281 a
1857 5240 1970 5282 sua:
2011 5226 2190 5296 gentis
2242 5222 2587 5289 hominibus,
2618 5230 2739 5282 tum
2791 5223 3066 5279 interdum
3098 5237 3130 5276 a
3170 5221 3280 5277 ﬁde
3306 5229 3363 5278 et

1784 5317 2047 5388 religione
2089 5315 2430 5385 conjunctis,
2489 5315 2918 5387 domesticisque
2986 5315 3358 5387 philosophis,

1784 5410 2086 5482 praesertim
2119 5408 2511 5480 insipientibus
2542 5425 2887 5480 progressus,
2917 5416 2973 5464 et
2995 5416 3105 5462 tam
3153 5407 3360 5477 ingenti

1783 5503 2143 5558 barbarorum
2169 5540 2184 5568 ,
2223 5515 2288 5556 ac
2332 5502 2617 5572 gentilium
2667 5500 2725 5556 in
2773 5499 3017 5556 colendis
3047 5497 3361 5556 simulacris

1784 5593 2176 5656 insanientium
2208 5593 2568 5658 multitudini,
2597 5608 2699 5648 nec
2727 5607 2841 5647 non
2869 5590 3224 5648 ferocissimae
3254 5593 3361 5646 im-

1783 5692 2000 5764 piorum
2047 5706 2112 5747 ac
2141 5691 2445 5747 crudelium
2494 5690 2844 5746 Hebraeorum
2894 5686 3223 5759 dispersioni
3264 5703 3360 5742 ex-

1782 5781 2017 5854 positus,
2043 5797 2267 5839 cursum
2293 5781 2518 5852 duplum
2545 5779 2775 5851 peregit,
2804 5779 2926 5849 ejus
2957 5795 3120 5850 quem
3153 5777 3358 5832 Paulus

1783 5875 1877 5946 qui
1905 5875 2136 5930 multum
2171 5874 2493 5938 deeertavit,
2519 5873 2725 5944 quique
2748 5873 2904 5929 cmlis
2936 5873 3123 5928 illatus
3149 5880 3255 5935 est,
3278 5870 3356 5925 l'e-

1784 5975 1931 6025 cerat
1957 6007 1970 6034 ,
2014 5975 2284 6038 quatenus
2319 5967 2622 6038 praesertim
2669 5965 2736 6023 ad
2767 5968 3030 6040 temporis
3057 5963 3356 6038 longitudi-
