3874 6578
499 514 605 609 οδο

1619 521 1631 527 ’
1663 549 1724 607 s.
1758 545 2054 606 DIONYSII
2085 544 2549 606 AREOPAGITE

3640 554 3744 612 660

499 685 624 726 nem
655 676 879 740 spectat,
903 677 956 723 et
979 669 1160 722 varios
1186 666 1419 738 populos
1438 705 1454 730 ,
1476 678 1617 736 quos
1654 665 1827 737 signis
1857 672 1911 720 et
1937 645 2057 734 pro?

2167 663 2432 737 ραστείων
2466 665 2810 738 σαγηνεύσας
2843 650 2980 739 πρὸς
3012 665 3112 740 τὴν
3145 665 3233 732 είς·
3256 654 3498 741 Χριστδν
3529 669 3740 736 πίστιν,

498 762 660 833 digiis
697 761 766 816 ab
800 760 920 832 ipso
945 760 1151 816 virtute
1195 758 1372 816 sancti
1411 756 1649 828 Spiritus
1677 756 1838 813 editis
1859 798 1876 826 ,
1922 755 2066 822 ﬁdei,

497 870 619 924 qua!
647 854 703 907 in
732 852 1015 908 Christum
1044 861 1150 920 est,
1183 850 1532 917 conciliavit;
1561 849 1692 904 dum
1720 849 1911 920 primae
1939 863 2067 918 per-

496 932 798 1002 eecutionis
857 944 1213 1015 longissimos
1268 956 1334 996 ac
1387 941 1808 997 molestissimos
1867 955 2068 996 cursus

495 1045 803 1112 perageret,
835 1051 976 1108 quos
1011 1043 1423 1106 persecutorum
1451 1033 1662 1104 primus
1685 1071 1701 1098 ,
1734 1041 1790 1088 et
1823 1032 2068 1086 omnium

494 1137 762 1200 quotquot
793 1128 956 1200 385
993 1142 1234 1199 unquam
1266 1133 1652 1197 regnaverunt,
1677 1124 1948 1194 pessimus
1983 1129 2068 1176 at-

495 1237 602 1291 que
632 1221 1042 1292 impurissimus
1074 1217 1216 1275 Nero
1262 1225 1456 1274 contra
1486 1215 1862 1272 Christianum
1893 1230 2067 1286 popu-

493 1314 608 1370 lum
641 1313 921 1379 excitavit,
949 1313 1043 1379 qui
1077 1321 1133 1369 et
1160 1327 1404 1369 summos
1436 1309 1644 1369 Christi
1676 1308 1976 1379 discipulos
1998 1307 2068 1365 de

492 1405 675 1462 medio
705 1405 948 1462 sustulit.
978 1401 1238 1474 Reliquas
1258 1417 1387 1459 vero
1419 1409 1770 1472 tempestates
1790 1416 1912 1472 quat
1933 1400 2067 1456 sui»

491 1507 696 1556 secutae
727 1507 888 1567 sunt,
921 1512 1058 1568 quas
1090 1495 1300 1550 insania
1328 1493 1622 1550 Domitiani
1653 1501 1844 1549 contra
1879 1492 2064 1548 ﬁdeles

492 1589 762 1656 adduxit,
798 1604 921 1644 eum
953 1588 1166 1644 fortiter
1192 1587 1546 1658 pertulisset,
1594 1587 1652 1642 in
1697 1585 2065 1656 omnibusque

490 1681 756 1755 probatus
781 1681 1156 1753 apparuisset,
1191 1679 1602 1735 celeberrimam
1641 1678 1871 1750 gloriam
1914 1685 2064 1732 retu-

490 1773 578 1828 lit.
609 1771 789 1839 Quare
823 1772 966 1827 fama
995 1772 1154 1828 velox
1184 1786 1513 1842 quocunque
1545 1785 1832 1841 permeans
1862 1768 2061 1826 claris-

491 1863 692 1919 simum
726 1862 846 1934 ejus
879 1877 1081 1918 nomen
1113 1861 1431 1933 asperrimis
1461 1859 1686 1931 Traiani
1719 1861 1944 1917 auribus
1972 1859 2059 1914 in-

490 1954 700 2019 sonuit,
741 1953 1102 2024 apostolicum
1135 1953 1255 2023 ejus
1283 1968 1505 2009 cursum
1553 1969 1713 2024 quem
1744 1953 1944 2023 ubique
1970 1969 2062 2008 ve-

489 2045 666 2100 locem
698 2046 982 2108 ambierat,
1013 2044 1188 2100 instar
1217 2044 1445 2099 tonitrui
1471 2043 1804 2098 annuntians
1829 2042 2059 2097 multum
2089 2019 2134 2076 Β

489 2136 620 2193 item
647 2137 926 2200 sudorem,
956 2137 1221 2204 laborem,
1253 2143 1601 2206 potestatem,
1626 2150 1751 2190 cum
1775 2135 1830 2188 in
1855 2134 2059 2200 verbis,

490 2236 608 2282 tum
639 2227 693 2281 in
724 2227 880 2284 factis
911 2227 1112 2297 quibus
1155 2226 1501 2282 divinissima
1535 2233 1591 2282 et
1632 2225 1893 2283 salutaris
1927 2224 2061 2281 ﬁdes

483 2309 784 2391 praedicata
814 2319 987 2390 signis
1015 2326 1181 2389 atque
1212 2318 1495 2376 miraculis
1524 2318 1593 2374 ab
1619 2317 1742 2389 ipso
1765 2316 2063 2372 admirabi-

487 2415 614 2468 liter
647 2414 809 2468 editis
840 2412 1280 2481 conﬁrmaretur,
1329 2420 1493 2482 atque
1535 2403 1900 2476 dilataretur;
1929 2425 2061 2480 gen-

487 2505 664 2558 tilium
724 2517 853 2559 vero
903 2502 1222 2573 Superstitio
1279 2508 1336 2557 et
1392 2500 1576 2556 cultus
1637 2498 2060 2555 simulacrorum

487 2596 840 2650 vehementer
895 2593 1268 2648 inﬁrmaretur
1328 2607 1393 2647 ac
1454 2591 1858 2650 dissolveretur.
1912 2589 2060 2657 Quas

489 2689 560 2742 ob
585 2703 672 2741 res
696 2695 965 2759 tyrannus
992 2685 1250 2740 turbatus
1281 2699 1346 2740 ac
1369 2683 1557 2739 furens
1585 2681 1851 2753 quosdam
1874 2681 2060 2736 animo

433 2781 440 2794 ‘
487 2778 651 2848 plane
683 2775 894 2842 ferino,
939 2774 1032 2846 qui
1063 2773 1341 2829 Phalarim
1392 2772 1766 2842 Ecbetumque
1812 2771 2056 2838 szevitia,

487 2866 834 2922 immanitate
872 2880 936 2920 ac
958 2864 1285 2921 crudelitate
1323 2877 1588 2936 superare
1625 2861 1959 2925 dicerentur,
1990 2860 2059 2915 ad

477 2957 679 3032 partes
731 2958 1044 3016 Occidentis
1081 2958 1407 3024 destinavit,
1449 2955 1704 3027 iniuncto
1757 2953 1867 3009 illis
1894 2967 2061 3010 onere

486 3051 856 3124 investigandi
905 3065 970 3106 ac
1015 3048 1379 3122 persequendi
1436 3047 1606 3104 divini
1656 3046 1952 3118 praeconis;
2003 3050 2058 3100 ct

486 3141 666 3199 sicubi
706 3141 858 3196 illum
891 3140 1125 3196 decretis
1150 3139 1315 3210 regiis
1344 3136 1560 3201 cedere,
1605 3135 1945 3191 daemonibus
1973 3133 2059 3188 in-

486 3236 695 3294 servire
725 3249 789 3288 ac
817 3232 1128 3289 sacriﬁcare
1156 3231 1520 3302 reperissent,
1568 3227 1867 3283 honoribus
1897 3224 2061 3280 deco-

2167 755 2295 820 τούς
2323 774 2386 811 τε
2420 758 2796 831 μακροτάτους
2826 759 2919 814 καὶ
2955 759 3372 830 χαλεπωτάτους
3391 759 3489 814 τοῦ
3507 779 3571 815 τε
3603 762 3745 835 πρώ-

2167 859 2262 896 του
2293 844 2531 916 διωγμοῦ
2550 846 2796 912 διαύλους
2813 847 3167 921 διαπεράσας,
3200 849 3296 915 οὒς
3323 850 3356 904 δ
3386 850 3611 924 πρῶτος
3638 852 3744 906 τῶν

2167 931 2428 1001 διωκτῶν,
2463 937 2554 990 καὶ
2583 937 2802 993 πάντων
2832 939 3090 1003 κάκιστος
3130 939 3240 995 τῶν
3274 941 3495 997 πώποτε
3526 943 3743 1012 βεϐασιο

2167 1022 2458 1091 λευκότων,
2492 1027 2586 1082 καί⁸
2607 1027 2966 1102 βεϐηλότατος
2993 1031 3187 1105 Νέρων
3214 1033 3355 1088 κατὰ
3376 1033 3475 1088 τοῦ
3503 1036 3744 1106 Χριστω-

2167 1112 2338 1188 νύμου
2373 1116 2740 1190 πληρώματος
2781 1119 3021 1194 διήγειρε
3042 1160 3058 1188 ,
3100 1123 3196 1177 καὶ
3239 1124 3368 1188 τοὺς
3410 1125 3744 1197 κορυφαίους

2165 1206 2276 1262 τῶν
2305 1208 2544 1280 Χριστοῦ
2570 1210 2831 1283 μαθητῶν
2855 1213 3051 1268 ἀνεῖλε.
3081 1213 3223 1280 Τοὺς
3256 1215 3303 1269 δ’
3351 1211 3418 1270 αὖ
3446 1219 3742 1290 μετέπειτα

2166 1299 2458 1372 χειμῶνας,
2492 1301 2586 1367 οὒς
2616 1305 2649 1377 ή
2675 1305 3002 1377 Δομετιανοῦ
3035 1307 3200 1379 μανία
3228 1308 3368 1364 κατὰ
3395 1310 3510 1364 τῶν
3541 1314 3742 1366 πιστῶν

2166 1393 2466 1464 ἐπήγαγεν,
2501 1395 2760 1469 ἀνδρείως
2791 1398 3111 1472 ὑπομείνας,
3147 1401 3238 1456 καὶ
3269 1400 3495 1474 δόκιμος
3516 1405 3590 1457 ὲν·
3616 1406 3742 1458 πᾶσι

2165 1486 2354 1557 φανεὶς
2375 1528 2392 1555 ,
2439 1487 2725 1562 διαϐόητον
2764 1492 3113 1564 ἀπηνέγκατο
3145 1493 3335 1559 κλέος·
3384 1495 3510 1550 ὅθεν
3546 1497 3585 1568 ἡ
3619 1497 3743 1551 ὑπό-

2164 1597 2364 1653 πτερος
2409 1583 2564 1654 φήμη
2585 1624 2601 1649 ,
2645 1586 2951 1657 πανταχόσε
2985 1586 3216 1653 θέουσα,
3248 1588 3350 1660 την
3382 1589 3742 1660 πανεύφημον

2162 1671 2324 1726 αὐτοῦ
2373 1674 2745 1749 προσηγορίαν
2775 1679 2897 1740 ταῖς
2929 1675 3026 1731 τοῦ
3071 1677 3341 1749 Τραϊανοῦ
3373 1683 3743 1754 τραχυτάταις

2163 1765 2354 1829 ἀκοαῖς
2386 1767 2620 1838 ὲνήχησε
2640 1808 2655 1834 ,
2704 1768 2990 1842 βροντηδὸν
3021 1770 3427 1840 άναγγέλλουσα
3471 1773 3574 1827 τὸν
3619 1775 3742 1829 ἀπο-

2164 1857 2404 1912 στολικὸν
2434 1860 2493 1914 ὃν
2524 1861 2811 1932 ἅπανταχῆ
2843 1864 3030 1936 μετῄει
3055 1867 3353 1939 πτερόεντα
3382 1867 3630 1940 δρόμον,
3659 1872 3740 1922 καὶ

2161 1949 2254 2004 τὸν
2278 1951 2446 2006 πολὺν
2479 1951 2680 2023 ἱδρῶτα
2704 1992 2719 2018 ,
2757 1955 2849 2008 καὶ
2886 1956 3082 2027 μόχθον
3105 1997 3122 2023 ,
3155 1958 3250 2012 καὶ
3277 1958 3375 2028 τὴν
3407 1962 3472 2013 ὲν
3504 1960 3659 2034 ἔργῳ
3686 1979 3741 2015 τε

2162 2043 2254 2098 καὶ
2288 2043 2432 2115 λόγῳ
2462 2044 2692 2116 δύναμιν
2712 2085 2727 2112 ,
2761 2045 2830 2101 δι’
2872 2041 2948 2101 ὧν
2985 2049 3019 2120 ἡ
3071 2050 3450 2124 κηρυττομένη
3487 2052 3740 2126 θειοτάτη

2163 2133 2257 2188 καὶ
2289 2135 2556 2208 σωτήριος
2586 2136 2771 2200 πίστις
2801 2139 3048 2210 σημείοις
3079 2141 3173 2195 καὶ
3195 2141 3418 2215 τέρασιν
3453 2143 3551 2196 ὑπ’
3581 2145 3740 2198 αύτοὸ

2161 2223 2481 2298 παραδόξως
2527 2227 2938 2302 ὲνεργουμὲνοις
2981 2229 3296 2287 ὲϐεϐαιοῦτο
3349 2234 3446 2287 καὶ
3505 2235 3740 2291 ἐπλατύ-

2160 2332 2313 2383 νετο,
2347 2316 2440 2371 καὶ
2463 2316 2537 2380 ώς
2562 2320 2597 2390 ἡ
2633 2319 2745 2374 τῶν
2775 2319 3041 2393 Ἑλλήνων
3070 2323 3459 2396 δεισιδαιμονία
3480 2367 3496 2391 ,
3527 2329 3627 2382 καὶ
3668 2330 3742 2382 εἰ-

2161 2405 2362 2480 δωλικὴ
2410 2408 2676 2482 θρησκεία
2721 2409 2862 2465 κατὰ
2934 2414 3137 2485 κράτος
3196 2416 3582 2488 ὲστηλιτεύετο
3657 2421 3742 2473 καὶ

2161 2499 2473 2555 κατελύετο.
2511 2501 2628 2572 Ἐφ’
2652 2495 2735 2567 οἷς
2765 2501 2906 2572 ἄγαν
2940 2507 3240 2578 ταραχθεὶς
3271 2510 3299 2562 ὁ
3329 2509 3621 2582 λυσσώδης
3649 2512 3741 2565 τύ-

2163 2609 2372 2665 ραννος,
2397 2591 2681 2665 θηριώδεις
2712 2595 2864 2662 τινὰς
2892 2596 2993 2670 τὴν
3022 2597 3268 2671 γνώμην,
3291 2599 3531 2673 ⁴Φάλαρίν
3561 2620 3624 2656 τε
3652 2605 3740 2657 καὶ

2162 2684 2388 2756 Ἔχετον
2406 2684 2536 2747 τοὺς
2560 2684 2653 2738 ἐπὶ
2673 2685 2938 2760 θηριωδίᾳ
2967 2688 3061 2742 καὶ
3100 2689 3445 2764 άσπλαγχνίᾳ
3474 2693 3570 2745 καὶ
3599 2692 3743 2762 ὠμό-

2157 2793 2282 2846 τητι
2335 2776 2640 2849 βοωμένους
2687 2777 3112 2852 ὑπεραίροντας,
3161 2780 3471 2853 ἐξέπεμψεν
3520 2787 3584 2838 ὲν
3632 2788 3742 2848 τοῖς

2161 2866 2300 2938 πρὸς
2329 2867 2481 2938 ἥλιον
2505 2867 2733 2920 δύνοντα
2765 2867 2989 2939 μέρεσιν
3013 2869 3320 2940 ίχνηλατεῖν
3349 2871 3443 2924 καὶ
3478 2870 3744 2924 καταδιώ-

2160 2975 2276 3012 κειν
2323 2958 2416 3013 τόν
2447 2960 2788 3034 θεοκήρυκα,
2822 2963 2914 3016 καί¹
2959 2960 3014 3015 εί
3041 2979 3144 3016 που
3175 2959 3368 3016 τοῦτον
3398 2961 3634 3035 εῦροιεν,
3669 2964 3742 3017 εί-

2159 3067 2325 3105 κοντα
2370 3052 2467 3123 μὲν
2498 3056 2614 3118 τοῖς
2659 3052 2962 3125 βασιλικοῖς
2999 3052 3266 3124 δόγμασι,
3314 3053 3408 3106 καὶ
3455 3053 3743 3126 λατρεύειν

2152 3139 2272 3208 ’τοῖς
2301 3144 2539 3216 δαίμοσι,
2577 3145 2670 3201 καὶ
2702 3144 2850 3200 θύειν
2876 3146 3226 3217 ἀνεχόμενον,
3266 3148 3459 3217 τιμαῖς
3501 3164 3738 3217 καταγεο

2160 3235 2369 3309 ραίρειν
2391 3278 2406 3302 ,
2442 3237 2535 3291 καὶ
2579 3237 2656 3302 ὡς
2699 3238 2862 3292 αὐτὸν
2905 3237 3373 3311 δορυφορούμενον
3403 3238 3630 3306 ἀνάγειν
3652 3280 3668 3304 ,
3708 3238 3739 3309 ἢ

486 3333 708 3390 rarent,
744 3326 1036 3396 ipsumque
1066 3323 1348 3377 hominum
1378 3334 1582 3377 corona
1615 3320 1874 3389 stipatum
1905 3317 1972 3372 ad
1997 3332 2057 3373 se

2163 3328 2237 3400 μὴ
2281 3329 2600 3402 πειθόμενον
2644 3330 2828 3385 αὐτόθι
2875 3333 2944 3402 τῇ
2989 3330 3086 3385 τοῦ
3140 3329 3328 3402 ξίφους
3379 3332 3739 3404 τιμωρεῖσθαι

486 3417 846 3484 deducerent;
881 3416 970 3472 sin
1005 3415 1190 3469 minus
1218 3418 1453 3484 pareret,
1489 3411 1692 3468 ibidem
1723 3410 1918 3481 capitis
1957 3413 2057 3465 ob-

486 3507 837 3564 truncatione
865 3507 1170 3578 puniretur.

557 3600 730 3673 igitur
776 3599 1040 3668 ministri,
1073 3597 1276 3654 diaboli
1312 3595 1614 3654 savissima
1655 3594 1875 3665 tyranni
1920 3608 2058 3663 pm-

486 3703 647 3765 cepta
690 3693 1002 3764 implentes,
1051 3698 1309 3762 tanquam
1357 3689 1487 3760 equi
1545 3686 1768 3758 quidam
1815 3685 2057 3742 stimulis

485 3785 697 3856 agitati,
737 3783 822 3840 vel
848 3782 1112 3838 famelica:
1141 3781 1270 3837 ferre
1303 3779 1375 3835 ad'
1401 3781 1746 3834 venationem
1784 3777 2053 3844 excitatae,

465 3876 544 3949 in
568 3875 830 3945 Gallicam
879 3876 1158 3947 regionem
1213 3881 1612 3938 cucurrerunt,
1633 3861 1846 3941 'ibique
1871 3883 2057 3940 grega-

485 3969 599 4025 rios
647 3969 915 4040 quosdam
952 3968 1225 4040 simulque
1271 3965 1516 4038 plebeios
1557 3963 1953 4027 sollicitabant,
1995 3967 2056 4015 ut

483 4062 904 4119 celeberrimum
931 4061 1178 4117 divinum
1211 4074 1515 4131 praeconem
1556 4058 1920 4128 inquirerent.
1949 4054 2056 4120 Qui

485 4170 620 4211 sane
651 4171 777 4210 cum
805 4154 1032 4210 Parisiis
1069 4168 1239 4224 parvo
1265 4151 1548 4225 oppidulo,
1575 4149 1722 4221 quod
1761 4147 1843 4204 sic
1869 4147 2057 4217 appel-

484 4248 655 4312 latur,
687 4263 811 4303 cum
865 4247 1270 4318 inquirentibus
1319 4251 1468 4302 esset
1496 4251 1774 4306 ostensus,
1813 4255 1880 4295 eo
1909 4240 2053 4296 cele-

484 4339 622 4396 riter
646 4346 1032 4411 properarunt;
1057 4339 1344 4410 ipsumque
1371 4337 1662 4408 caliginem
1691 4349 1757 4390 ac
1787 4335 1843 4389 in
1872 4333 2057 4389 colen-

482 4432 570 4488 dis
601 4431 913 4488 simulacris
941 4447 1186 4488 errorem
1231 4438 1286 4486 et
1329 4430 1623 4494 insaniam,
1658 4435 1773 4483 tum
1807 4427 2053 4483 veritatis

484 4523 776 4591 praeconio,
802 4529 916 4576 tum
939 4521 1138 4577 divina:
1157 4521 1420 4577 doctrina:
1454 4519 1762 4591 splendore,
1793 4533 1857 4573 ac
1885 4519 2053 4573 mira-

485 4613 734 4666 culorum
755 4613 1021 4684 prodigiis
1049 4613 1445 4687 propellentem
1475 4612 1838 4668 oll'enderunt.
1866 4610 2052 4666 Oculis

2156 3424 2318 3494 τομῇ.

2230 3611 2355 3674 Τοῖς
2386 3604 2478 3664 οῦν
2509 3613 2852 3684 τυραννικοῖς
2885 3612 2934 3665 oi
2979 3611 3075 3666 τοῦ
3111 3610 3356 3666 διαϐόλου
3403 3611 3740 3685 θεράποντες

2149 3694 2486 3769 ’ἀθεωτάτοις
2517 3722 2592 3758 πα
2598 3721 2690 3776 ροτ
2697 3703 2980 3777 ρυνθέντες
2994 3704 3430 3775 προστάγμασιν,
3447 3699 3565 3758 οἷον
3578 3704 3738 3756 ἵπποι

2154 3795 2306 3859 τινὲς
2329 3795 2858 3867 οἰστρηλατούμενοι,
2893 3795 2928 3867 ἢ
2963 3795 3232 3850 πειναλέοι
3283 3795 3452 3868 θῆρες
3503 3798 3600 3851 ἐπὶ
3647 3785 3738 3867 θῆ-

2159 3905 2255 3960 ραν
2288 3889 2650 3960 ἐπειγόμενοι,
2685 3889 2824 3944 κατὰ
2869 3889 2968 3961 τὴν
3011 3873 3278 3961 Γαλλικὴν
3327 3889 3483 3943 ἔθεον
3535 3891 3735 3962 χώραν,

2156 3978 2409 4032 κάκεῖθεν
2476 3978 2961 4052 ὀχλαγωγῆσαντες
3005 3980 3290 4050 ἀγελαίους
3333 3981 3492 4046 τινάς
3525 3984 3622 4036 καὶ
3651 3983 3738 4053 δη-

2158 4071 2312 4142 μίους
2345 4071 2479 4141 ἅμα,
2499 4071 2826 4144 κατεζήτουν
2857 4073 2948 4127 τὸν
2979 4071 3483 4144 παναοιδιμώτατον
3517 4074 3739 4144 θεοφάν-

2153 4180 2308 4234 τορα.
2343 4163 2451 4216 Καὶ
2493 4163 2556 4234 δὴ
2604 4165 3076 4236 καταμηνυθέντος
3107 4164 3272 4219 αὐτοῦ
3319 4167 3438 4230 τοῖς
3483 4166 3737 4228 διώκταις

2155 4257 2416 4328 ὑπάρχειν
2430 4259 2487 4310 ὲν
2501 4257 2775 4329 Παρισίοις
2805 4257 3053 4331 (πολίχνῃ
3073 4257 3215 4312 οὕτω
3239 4257 3602 4332 καλουμένῃ),
3625 4259 3738 4330 δρο-

2158 4345 2332 4417 μαίως
2381 4347 2789 4411 εἰσελάσαντες,
2825 4349 3002 4401 ἐκεῖσε
3048 4348 3344 4402 κατέλαϐον
3391 4350 3568 4407 αὑτὸν
3618 4351 3738 4403 άπε-

2154 4437 2416 4492 λαύνοντα
2430 4439 2520 4492 τόν
2534 4456 2593 4491 τε
2608 4439 2710 4509 τῆς
2723 4438 3108 4511 είδωλομανίας
3126 4438 3323 4493 πλάνον
3343 4440 3439 4492 καὶ
3469 4439 3634 4508 ζόφον
3663 4436 3739 4508 τῷ

2152 4549 2214 4586 τε
2229 4532 2326 4603 τῆς
2344 4531 2598 4602 ἀληθείας
2613 4532 2946 4606 κηρύγματι,
2972 4532 3064 4586 καὶ
3083 4531 3162 4602 τῷ
3187 4531 3288 4600 τῆς
3311 4529 3466 4595 θείας
3485 4531 3736 4584 διδασκα-

2151 4622 2269 4688 λίας
2291 4623 2676 4693 διαυγὰσματι,
2694 4624 2786 4677 καὶ
2803 4625 2914 4686 τοῖς
2930 4623 3037 4676 τῶν
3057 4621 3348 4692 θαυμάτων
3365 4622 3736 4694 τερατουργή·

484 4703 632 4758 enim
661 4718 926 4759 caacorum
966 4705 1062 4760 lux
1108 4705 1522 4767 restituebatur,
1557 4705 1848 4759 surdorum
1887 4719 2048 4759 aures

2159 4731 2336 4786 μασιν.
2373 4714 2668 4786 Ὀφθαλμοὶ
2686 4714 2794 4787 γάρ
2815 4713 3028 4783 τυφλῶν
3043 4713 3360 4784 ἀνέϐλεπον,
3378 4715 3478 4767 καί⁵
3492 4707 3610 4768 ὦτα
3630 4731 3737 4767 κω-

487 4797 893 4867 aperiebantur,
928 4797 1126 4869 linguae
1155 4805 1432 4852 mutorum
1470 4798 1844 4857 solvebantur,
1872 4799 2054 4850 inces-

487 4904 584 4946 sus
629 4888 951 4944 claudorum
1007 4889 1562 4962 constringebantur,
1611 4888 1784 4945 variis
1847 4887 2053 4943 morbis

483 4982 757 5048 obstricti,
789 4981 1077 5052 implorato
1122 4981 1432 5040 Servatoris
1470 4982 1860 5055 omnipotentis
1899 4982 2054 5036 auxi-

485 5073 582 5139 lio,
611 5089 709 5145 per
736 5072 1069 5131 admiranda:
1093 5077 1404 5132 sanctitatis
1430 5075 1551 5146 ejus
1579 5075 1889 5131 ministrum
1914 5073 2052 5128 mira

486 5162 776 5221 iacientem
801 5203 818 5231 ,
856 5179 922 5220 ae
969 5165 1026 5220 in
1068 5166 1314 5223 tenebris
1362 5166 1690 5239 ignorantiae
1731 5163 1945 5236 positos
1983 5163 2050 5219 ad

483 5249 816 5326 cegnitionis
861 5263 916 5313 et
959 5257 1157 5314 salutis
1200 5258 1379 5313 lucem
1431 5257 1817 5323 adducentem,
1850 5256 2053 5312 libera-

484 5350 709 5406 bantur.
739 5351 964 5408 Interim
1004 5351 1153 5406 enim
1198 5349 1438 5406 ﬁdelium
1480 5351 1778 5406 multitudo
1812 5349 2050 5420 augeba-

483 5447 595 5506 tur,
644 5440 864 5512 Deoque
900 5458 998 5513 per
1039 5440 1292 5508 Galliam,
1326 5455 1391 5495 ac
1434 5440 1782 5497 Germaniam
1823 5439 2048 5510 provin-

481 5531 621 5585 ciam
646 5531 939 5585 maximam
963 5530 1166 5600 templa
1191 5528 1600 5597 excitabantur;
1635 5545 1895 5586 numerus
1919 5545 2050 5586 vero

482 5622 991 5691 superstitiosorum
1050 5621 1443 5685 decrescebat,
1516 5629 1570 5676 et
1627 5622 2048 5677 simulacrorum

487 5712 655 5785 383
685 5715 886 5785 templa
938 5715 1320 5779 diruebantur,
1361 5712 1640 5784 Belialque
1676 5714 1851 5769 hostis
1893 5720 2048 5784 pote-

480 5812 598 5860 stas
631 5813 685 5859 et
720 5806 871 5862 fraus
911 5807 1396 5870 conculcabantur,
1431 5806 1586 5877 isque
1619 5805 1676 5860 in
1707 5807 2042 5878 triumphum

386 5965 390 5970 δ
477 5897 802 5952 ducebatur.
834 5899 1201 5966 Quamobrem
1231 5899 1402 5956 miser
1440 5915 1550 5954 non
1600 5900 1780 5955 ferens
1816 5915 2045 5955 cernere

479 5990 852 6077 suamipsius
879 5993 1174 6079 potentiam
1181 5993 1453 6081 fissolvi,
1490 5993 2041 6081 obedientesﬂetgmi-

2154 4804 2268 4873 φῶν
2284 4803 2579 4875 ὴνοίγοντο,
2600 4804 2692 4858 καὶ
2707 4803 2948 4872 γλῶσσαι
2967 4801 3265 4873 μογιλάλων
3280 4802 3629 4872 ἐτρανοῦντο,
3645 4801 3738 4855 καὶ

2154 4895 2340 4966 βάσεις
2355 4895 2540 4967 χωλῶν
2557 4895 2996 4964 συνεσφίγγοντο,
3015 4894 3108 4948 καὶ
3136 4894 3395 4948 ποικίλων
3414 4896 3738 4966 νοσημάτων

2152 4985 2504 5051 ἀσθενοῦντες
2517 4986 2924 5059 ἠλευθεροῦντο,
2941 4990 3006 5059 τῇ
3022 4986 3117 5041 τοῦ
3139 4985 3439 5040 παντοδυνά
3445 5005 3550 5058 μου
3569 4987 3740 5055 Σωτῆ-

2156 5095 2245 5150 ρος
2278 5078 2583 5150 ἐπικλήσει,
2615 5077 2704 5131 διὰ
2718 5078 2811 5132 τοῦ
2830 5078 3276 5150 θαυμασιωτάτου
3297 5077 3633 5149 θεράποντος
3643 5078 3740 5130 αύ-

2150 5171 2245 5225 τοῦ
2268 5169 2835 5244 παραδοξοποιοῦντος,
2858 5171 3095 5242 καὶτοὺς
3115 5173 3175 5224 ὲν
3189 5170 3372 5224 σκότει
3390 5167 3737 5247 τῆςάγνοίας

2151 5262 2495 5334 καθημένους
2507 5262 2980 5334 προσκαλουμένου
3026 5263 3164 5334 πρὸς
3204 5259 3274 5315 τὸ
3314 5261 3434 5330 φῶς
3464 5261 3571 5331 τῆς
3600 5257 3738 5328 γνώ-

2153 5372 2292 5418 σεως
2353 5354 2446 5408 καὶ
2480 5353 2785 5425 σωτηρίας·
2822 5355 2914 5409 ἐπὶ
2961 5354 3172 5418 τούτοις
3214 5353 3323 5425 γὰρ
3370 5353 3486 5406 τῶν
3531 5350 3738 5405 πιστῶν

2151 5448 2186 5518 η
2220 5445 2431 5517 πληθὺς
2461 5445 2742 5517 ηὐξάνετο,
2779 5445 2871 5500 καὶ
2903 5446 3020 5501 ναοὶ
3053 5446 3132 5518 τῷ
3152 5445 3270 5516 Θεῷ
3303 5445 3449 5500 κατὰ
3483 5443 3736 5505 Γαλλίαν,

2152 5535 2244 5588 καὶ
2274 5535 2604 5606 Γερμανίαν,
2636 5535 2734 5607 τὴν
2789 5535 3052 5608 μεγίστην
3086 5533 3373 5606 ἐπαρχίαν,
3410 5535 3733 5608 ἠγείροντο·

2147 5627 2177 5679 ό
2208 5625 2264 5679 δὲ
2293 5625 2404 5679 τῶν
2435 5626 2840 5698 δεισιδαιμόνων
2871 5627 3102 5700 ἀριθμὸς
3144 5626 3465 5698 ἠλαττοῦτο,
3501 5626 3596 5680 καὶ
3623 5625 3738 5678 τῶν

2124 5728 2129 5733 “
2147 5717 2379 5772 εἰδώλων
2409 5719 2457 5771 οἱ
2479 5719 2635 5790 σηκοὶ
2661 5737 2789 5772 κατε
2797 5720 3136 5792 ῤῥιπτοῦντο,
3155 5717 3286 5790 καὶὴ
3303 5717 3400 5771 τοῦ
3419 5718 3618 5789 Βελίαρ
3635 5715 3737 5770 τοῦ

2146 5809 2444 5880 δυσμενοῦς
2491 5810 2780 5865 δυναστεία
2840 5813 2933 5866 καὶ
2993 5812 3174 5883 ἀπάτη
3221 5813 3592 5866 κατεπατεῖτο
3638 5809 3739 5862 καὶ

2147 5900 2560 5973 ὲθριαμϐεύετο.
2577 5903 2654 5954 Δι’
2670 5901 2698 5955 ὃ
2717 5901 2792 5974 μὴ
2817 5904 2998 5976 φέρων
3035 5902 3446 5974 καταλυομένην
3469 5903 3606 5975 όρᾷν
3634 5901 3737 5973 τὴν

2147 5993 2338 6081 ἑαυτοῦ
2352 5994 2578 6067 δύναμιν
2593 5994 2623 6049 ὁ
2635 5993 2881 6080 δείλαιος,
2898 5996 3024 6060 τοὺς
3037 5993 3307 6064 ὑπηκόους
3317 5995 3739 6067 καὶ-ὑπουργοὺς
