3874 6580
159 462 253 518 661

1090 455 1275 523 VITA,
1312 457 1641 515 AL'CTORE
1677 457 2031 515 MICHAELE
2065 459 2396 518 SYNGIZLO.

3292 461 3397 517 662

157 577 292 634 κατά
323 573 419 629 τοῦ
456 573 606 644 ἁγίου
649 572 744 626 τοῦ
788 568 1196 644 καθαιροῦντος
1229 573 1394 627 αὐτοῦ
1433 575 1534 646 τὴν
1570 573 1722 639 ἐξου-

1828 576 2035 632 nistros
2072 585 2263 632 contra
2293 579 2469 632 virum
2500 569 2750 633 sanctum
2777 576 3035 646 potentia:
3059 575 3209 631 illius
3244 576 3400 630 inva’o

158 671 294 733 σίαν,
327 667 419 721 καὶ
459 665 556 736 τὴν
606 665 864 738 αἰσχύνην
908 665 1499 738 παραδειγματίζοντος
1533 667 1722 739 ἐξέμη-

153 781 269 822 per
292 763 513 825 οἵτινες,
548 761 711 816 αὐτὸν
745 761 1004 833 ὲμμανῶς
1031 762 1393 828 συλλαϐόντες
1426 764 1524 818 σὺν
1569 765 1720 817 Ῥου-

157 857 318 926 στίκῳ
349 854 443 908 καὶ
470 850 811 925 Ἐλευθερίῳ,
845 857 958 919 τοῖς
990 855 1371 924 εὐαγεστάτοις
1402 854 1568 909 αὑτοῦ
1601 872 1720 926 φοι-

157 952 336 1020 τηταῖς
370 947 465 1001 καὶ
497 950 884 1018 πνευματικοῖς
921 949 1089 1002 υἱέσιν
1123 942 1219 1019 (ὧν
1249 949 1342 1003 τὸν
1377 950 1473 1021 μὲν
1508 951 1722 1021 ίερουρ-

160 1045 264 1112 γὸν,
297 1043 387 1095 τὸν
419 1040 478 1094 δὲ
510 1040 821 1111 λειτουργὸν
869 1041 1200 1114 καθιέρωσεν
1219 1060 1232 1074 ·
1261 1041 1429 1113 ἄμφω
1458 1041 1568 1114 γὰρ
1600 1060 1723 1097 συν-

159 1132 522 1207 ηγωνιζέσθην
572 1133 665 1187 καί
714 1133 1103 1206 συνετρεχέτην
1151 1133 1232 1206 τῷ
1272 1134 1457 1205 οἰκείῳ
1488 1133 1724 1204 καθηγε-

165 1229 273 1300 μόνι
306 1227 400 1280 καὶ
433 1225 776 1296 φωταγωγῷ,
814 1226 1063 1300 καθάπερ
1083 1228 1280 1299 Παύλῳ
1309 1225 1388 1298 τῷ
1417 1226 1519 1297 τῆς
1548 1227 1723 1280 οἰκου-

165 1321 320 1390 μένης
351 1319 600 1390 φωστῆρι
634 1317 899 1383 Συλυανὸς
955 1319 1046 1373 καὶ
1077 1319 1382 1391 Τιμόθεος),
1432 1319 1526 1373 καὶ
1567 1318 1724 1372 καθε-

164 1409 366 1472 σθέντες
413 1409 507 1463 ἐπὶ
551 1409 858 1481 τυραννικῷ
908 1409 1131 1482 βήματι,
1183 1410 1554 1484 ἐμϐλέψαντες
1596 1411 1724 1484 δρα-

164 1501 374 1570 κοντείῳ
408 1499 700 1572 βλέμματι,
737 1500 829 1554 καὶ
878 1501 1129 1574 λεοντείῳ
1175 1502 1487 1575 βρυχήματι
1531 1520 1727 1574 κεκρα-

162 1592 336 1659 γότες,
371 1592 569 1662 ἤροντο
615 1590 894 1658 λέγοντεςο
949 1609 967 1643 ι
995 1588 1066 1644 Ὦ
1110 1590 1338 1662 δύστηνε
1385 1591 1607 1663 γεραιὲ,
1657 1592 1722 1644 σὺ

160 1683 438 1752 τυγχάνεις
486 1682 562 1735 ῶν
593 1683 621 1735 ὁ
661 1682 770 1736 τῶν
822 1682 960 1736 θεῶν
1006 1682 1167 1755 ἡμῶν
1209 1683 1271 1737 τὸ
1318 1683 1480 1746 σέϐας
1524 1683 1726 1751 ἀπαγο-

166 1775 343 1845 ρεύων,
386 1775 481 1828 καὶ
525 1776 653 1839 τοὺς
694 1774 856 1839 λαοὺς
893 1779 1097 1848 μαγικῇ
1143 1776 1326 1848 τέχνῃ,
1363 1775 1454 1829 καὶ
1499 1774 1726 1843 εὐγλωτ-

161 1866 262 1936 τίξι,
309 1864 648 1937 γοητεύμασί
691 1883 752 1920 τε
800 1861 1001 1920 πείθων
1065 1867 1138 1938 μὴ
1188 1865 1470 1938 λατρεύειν
1519 1868 1722 1931 αὐτοῖς,

1824 681 2028 732 sorem,
2058 675 2114 721 et
2145 665 2432 723 dedecoris
2467 667 2702 723 indicem
2733 666 2981 736 impulit;
3011 665 3103 735 qui
3145 664 3398 720 furibun-

1822 755 1878 810 di
1924 771 2050 811 cum
2093 756 2273 827 ipsum
2314 758 2859 828 comprehendissent
2899 771 3026 811 cum
3067 754 3296 811 Rustico
3345 762 3400 810 et

1820 847 2138 905 Eleutherio
2194 849 2562 906 sanctissimis
2611 850 2733 920 ejus
2789 847 3111 920 discipulis,
3163 848 3400 918 ﬁliisque

1823 941 2022 1013 Spiritu
2065 941 2172 998 sibi
2216 942 2554 1013 conjunctis,
2593 956 2826 1013 quorum
2871 941 3023 995 illum
3058 941 3276 1010 quidem
3310 957 3400 994 sa-

1822 1035 2090 1101 criﬁcum,
2122 1035 2270 1090 hunc
2306 1051 2436 1091 vero
2461 1051 2745 1092 sacrorum
2768 1033 3075 1088 ministrum
3106 1048 3399 1088 consecra-

1821 1137 1930 1191 rat,
1957 1129 2023 1184 ad
2044 1130 2262 1201 tyranni
2295 1127 2542 1184 tribunal
2568 1126 2797 1183 sistunt.
2835 1125 3011 1181 Simul
3041 1127 3208 1183 etiam
3239 1128 3402 1182 ambo

1823 1220 2197 1283 decertabant.
2227 1235 2291 1275 ac
2313 1218 2558 1275 ductoris
2589 1225 2644 1275 et
2681 1217 3034 1287 praeceptoris
3075 1217 3181 1280 sui,
3206 1233 3401 1288 quem-

1824 1313 2119 1368 admodum
2149 1313 2314 1368 etiam
2345 1311 2504 1368 Pauli
2531 1312 2682 1368 orbis
2730 1319 2892 1366 terra:
2937 1310 3161 1366 luminis
3212 1309 3403 1382 Sylva-

1824 1424 1929 1462 nus
1945 1415 1998 1463 et
2018 1405 2364 1471 Timotheus,
2397 1405 2722 1461 certaminis
2747 1413 2802 1460 et
2828 1420 3030 1459 cursus
3064 1404 3197 1458 socii
3221 1412 3398 1459 erant.

1825 1497 1892 1551 Et
1953 1498 2242 1568 tyrannico
2288 1496 2554 1552 tribunali
2611 1495 2938 1563 insidentes,
2983 1495 3085 1550 hos
3137 1505 3290 1551 torvo
3337 1509 3404 1550 ac

1826 1589 2081 1645 draconis
2130 1597 2357 1660 aspectu
2400 1588 2680 1642 intuentes
2721 1585 2900 1641 leonis
2939 1585 3119 1655 rugitu
3163 1583 3400 1638 interro-

1825 1684 2050 1756 gabant,
2084 1683 2367 1738 dicentes:
2399 1700 2417 1732 ι
2443 1681 2486 1736 υ
2517 1679 2798 1750 despicate
2831 1693 3020 1741 senex,
3051 1685 3185 1731 tune
3209 1691 3269 1731 es
3289 1674 3401 1737 ille,

1827 1776 1926 1848 qui
1959 1776 2168 1832 cultum
2199 1775 2427 1830 deorum
2474 1780 2794 1828 nostrorum
2849 1779 3025 1834 vetas,
3059 1767 3406 1839 populosque

1829 1875 1950 1922 arte
1973 1866 2210 1936 magica,
2237 1861 2539 1918 etdicendi
2571 1862 2828 1927 artiﬁcio,
2853 1877 2916 1918 ac
2946 1860 3237 1932 praestigiis
3272 1873 3409 1914 con-

165 1955 247 2008 καὶ
289 1959 399 2020 τοῖς
447 1957 730 2027 ἀνικήτοις
763 1955 1112 2010 ἀντιπίπτωνι-
1136 1955 1441 2026 βασιλεῦσι,
1488 1957 1580 2010 καὶ
1625 1957 1722 2028 τὴν

1826 1953 1985 2018 ﬁsus,
2026 1951 2453 2016 illosvenerari,
2486 1959 2542 2006 et
2587 1951 2808 2007 invictis
2841 1954 3038 2022 parer’e
3066 1949 3286 2021 regibus
3317 1965 3405 2004 re-

163 2047 261 2100 τῶν
306 2047 590 2117 δογμάτων
642 2048 820 2101 αὐτῶν
881 2049 1034 2119 ἰσχὺν
1093 2047 1562 2119 ἁποϐαλλόμενος;
1609 2050 1726 2104 Τίνι

167 2138 372 2192 σεαυτὸν
406 2139 700 2213 ἐπιγράψῃΔ
723 2139 815 2192 καὶ
851 2139 1013 2203 ποίας
1045 2139 1342 2210 θρησκείας
1373 2135 1442 2204 εἴ,
1479 2139 1728 2196 καί,τίνα

166 2230 437 2302 κηρύττεις
471 2231 628 2297 θεόν;
656 2251 672 2282 ι
724 2231 780 2284 '0
812 2230 889 2296 δὲ,
926 2231 1048 2285 κατ’
1077 2232 1228 2285 οὐδὲν
1260 2231 1442 2296 δείσας
1488 2231 1588 2302 τὴν
1636 2232 1728 2286 αὑ-

163 2322 259 2374 τῶν
290 2321 634 2392 θρασυτάτην
667 2321 959 2385 ἀπόνοιαν,
997 2321 1280 2394 εὐθαρσῶς
1327 2321 1445 2375 λίαν
1495 2322 1729 2396 ἀντέφη-

166 2429 274 2465 σεν·
299 2430 315 2463 ι
351 2411 491 2482 Ἐγώ
518 2416 632 2484 εἰμι
664 2415 692 2467 ὁ
722 2413 823 2484 τῆς
855 2413 1010 2485 ὑμῶν
1041 2414 1598 2487 ἀθεῖαςεκαθαιρέτης,
1635 2418 1726 2470 καὶ

164 2505 252 2573 τῆς
281 2505 563 2576 εἰδωλικῆς
599 2506 974 2578 μυσαρὸτητος
1024 2507 1351 2579 καταλυτὴς,
1402 2508 1496 2561 καὶ
1545 2508 1728 2580 πάσης

174 2593 472 2666 Ἑλληνικῆς
509 2596 715 2667 πλάνης
748 2596 1116 2670 στηλιτευτὴς,
1137 2601 1204 2670 τῇ
1236 2599 1332 2652 τοῦ
1363 2597 1602 2670 Χριστοῦ
1631 2599 1726 2653 τοῦ

169 2688 470 2756 μονογενοῦς
506 2687 637 2740 Υἰοῧ
687 2687 783 2741 τοῦ
833 2687 967 2741 Θεοῦ
1018 2688 1254 2759 δυνάμει.
1277 2689 1650 2762 καθεστηκὼς,
1683 2685 1727 2759 ᾧ

167 2777 248 2832 καί
279 2778 508 2848 ἐμαυτὸν
542 2779 784 2850 ἀνέθηκα
815 2778 1018 2844 δοῦλον,
1051 2772 1096 2848 ᾧ
1128 2781 1219 2834 καὶ
1250 2781 1498 2854 λατρεύω
1547 2785 1604 2836 ὲν
1649 2781 1727 2854 τῷ

168 2870 417 2941 πνεύματί
467 2889 596 2942 μου,
631 2872 709 2942 τῷ
745 2873 851 2943 πρὸ
885 2873 1101 2926 πάντων
1137 2875 1236 2944 μὲν
1278 2874 1388 2928 τῶν
1420 2874 1631 2930 αἰώνων
1663 2879 1728 2930 ὲκ

170 2962 363 3033 [ἰατρὸς
408 2963 729 3034 γεννηθέντι
773 2963 1001 3027 ἀπαθῶς
1049 2964 1554 3036 κα⁸ιάχρόνως,,ὲπί
1585 2965 1726 3020 τέλει

169 3055 216 3111 δὲ
243 3055 342 3109 τῶν
372 3055 586 3110 αἰώνων
620 3059 684 3110 ὲκ
710 3057 984 3129 Παρθένου
1019 3057 1236 3128 Μαρίας
1268 3057 1393 3112 ἄνευ
1429 3060 1635 3131 σπορᾶς
1665 3076 1726 3112 τε

169 3148 249 3200 καὶ
279 3148 477 3220 φθορᾶς
514 3149 858 3221 σαρκωθέντι
915 3149 1008 3203 καί
1040 3149 1307 3220 τεχθέντι,
1343 3150 1482 3204 κατὰ
1525 3152 1724 3216 πάντα,

1828 2047 2001 2111 sistis,
2028 2046 2244 2116 vimque
2273 2042 2655 2102 mandatorum
2687 2043 2907 2098 illorum
2935 2042 3154 2113 rejicis?
3173 2040 3407 2095 Cuinam

1827 2150 1995 2199 temet
2042 2140 2339 2198 addixisti?
2380 2139 2490 2196 Aut
2531 2154 2642 2208 qua
2687 2137 2953 2208 religione
2989 2135 3290 2191 obstrictus
3321 2149 3404 2198 es,

1829 2243 1882 2290 et
1909 2247 2069 2304 quem
2094 2232 2256 2288 deum
2295 2229 2600 2301 praedicas?
2627 2249 2644 2280 ι
2665 2228 2760 2283 Ille
2793 2243 2944 2292 vero,
2980 2227 3403 2282 audacissimam

1829 2324 2048 2379 illorum
2093 2321 2495 2380 contumaciam
2540 2320 2680 2374 nihil
2718 2319 2946 2383 veritus,
2981 2317 3226 2374 animose
3252 2316 3408 2374 valde

1828 2415 2114 2488 respondit
2145 2434 2160 2470 :
2197 2433 2214 2466 ι
2239 2412 2448 2470 Vestrae
2490 2427 2592 2483 ego
2633 2411 2936 2482 impietatis
2982 2417 3230 2465 vastator
3257 2424 3405 2474 sum,

1827 2510 2164 2584 impuritatis
2193 2510 2615 2566 simulacrorum
2639 2523 2890 2574 eversor,
2923 2522 2990 2562 ac
3011 2508 3193 2563 omnis
3225 2508 3407 2579 genti,

1830 2603 1960 2656 lium
2002 2602 2214 2657 erroris
2250 2601 2595 2663 dilfamator;
2626 2600 2884 2669 potentiae
2905 2597 3110 2654 Christi
3142 2597 3409 2668 unigeniti

1829 2693 1925 2750 Dei
1954 2693 2078 2749 Filii
2125 2693 2399 2760 addictus,
2429 2694 2518 2748 cui
2557 2693 2828 2763 meipsum
2868 2705 3088 2747 servum
3118 2689 3407 2756 constitui,

1829 2788 1916 2842 cui
1953 2786 2335 2842 etiamservio
2378 2787 2434 2839 in
2477 2784 2678 2855 spiritu
2726 2798 2871 2848 meo,
2901 2783 2999 2853 qui
3030 2789 3158 2837 ante
3185 2782 3409 2853 quidem

1829 2878 2012 2932 omnia
2064 2877 2264 2932 saecula
2307 2877 2430 2932 sine
2469 2876 2782 2940 affectione,
2823 2882 2880 2931 et
2921 2882 3077 2930 extra
3121 2883 3337 2944 tempus
3377 2889 3410 2930 a

1828 2969 1990 3025 Patre
2044 2970 2260 3038 genitus
2318 2967 2443 3033 fuit,
2483 2972 2539 3023 in
2595 2969 2701 3024 ﬁne
2743 2975 2928 3024 autem
2974 2967 3300 3023 saeculorum
3330 2978 3407 3022 'ex

1830 3060 1998 3114 Maria
2029 3061 2262 3131 virgine,
2300 3061 2421 3116 sine
2462 3059 2672 3115 semine
2709 3073 2773 3114 ac
2801 3058 3158 3128 corruptione
3186 3073 3408 3114 carnem

1829 3157 2150 3224 assumpsit,
2177 3163 2232 3210 et
2262 3155 2319 3209 in
2351 3155 2530 3210 lucem
2562 3153 2766 3217 editus,
2798 3153 2856 3208 in
2891 3153 3173 3219 omnibus,
3208 3161 3409 3224 praeter

169 3237 289 3309 πλὴν
320 3239 415 3310 τῆς
450 3239 746 3311 ἁμαρτίας,
770 3237 946 3310 βροτῷ
967 3237 1087 3292 καθ’
1109 3239 1254 3310 ἡμᾶς
1292 3240 1722 3311 χρηματίσαντι,

1829 3260 2137 3320 peccatum,
2172 3251 2393 3305 mortali
2430 3250 2639 3305 homini
2688 3252 2771 3321 (ut
2811 3265 2914 3305 nos
2952 3249 3165 3318 sumus)
3210 3248 3409 3330 similis

170 3328 249 3380 καὶ
276 3328 338 3381 δι’
369 3329 572 3382 οἰκείου
607 3327 843 3400 σταυροῦ
879 3329 970 3381 καὶ
1003 3327 1236 3382 θανάτου
1300 3328 1364 3381 τὸ
1397 3330 1595 3400 κράτος
1627 3330 1722 3383 τοῦ

1828 3342 2034 3406 factus,
2073 3349 2126 3398 et
2161 3358 2328 3398 cruce
2369 3358 2469 3399 sua
2519 3358 2584 3398 ac
2629 3351 2809 3399 morte
2853 3343 3058 3400 diaboli
3093 3327 3407 3413 imperium,

167 3421 388 3480 διαϐόλου
423 3429 857 3499 καταργήσαντι,
895 3426 987 3480 καὶ
1019 3425 1111 3478 τὸν
1163 3424 1393 3478 θάνατον
1425 3424 1727 3496 νεκρώσαν-

167 3531 230 3579 τι,
261 3518 346 3570 καὶ
381 3518 572 3590 μέχρις
605 3517 730 3589 ᾅδου
765 3517 860 3570 τοῦ
894 3516 1209 3588 δυσείμονΟς
1258 3516 1596 3581 κατελθόντι,
1633 3518 1725 3571 καί

169 3606 218 3658 τὸ
248 3611 412 3664 ἐκεῖσε
470 3611 664 3674 σκότος
713 3609 960 3675 λύσαντι,
997 3611 1090 3664 καὶ
1136 3613 1203 3683 τῇ
1249 3610 1534 3682 τριημέρῳ
1559 3609 1724 3665 αὐτοῦ

170 3700 224 3752 ἐκ
253 3702 450 3774 νεκρῶν
482 3703 778 3756 ἀναστάσει
813 3702 930 3771 φῶς
963 3701 1042 3774 τῷ
1074 3702 1264 3775 κόσμῳ
1295 3703 1596 3773 λάμψαντι,
1633 3701 1725 3756 καὶ

169 3788 295 3862 ζωὴν
350 3794 439 3848 καὶ
471 3793 781 3866 ἀφθαρσίαν
815 3793 1103 3864 βλύσαντιο
1140 3794 1198 3858 ὃς
1245 3792 1512 3860 ἐξεδίδαξε
1548 3793 1724 3848 σέϐειν

167 3878 254 3935 ἕνα
281 3883 406 3938 Θεὸν
438 3889 496 3939 ὲν
529 3886 706 3957 τρισὶν
741 3886 1072 3941 ὑποστάσεσι
1117 3883 1520 3955 διαιρουμέναις
1564 3885 1726 3952 ἀσυγ-

170 3971 344 4043 χῦτως,
381 3978 546 4048 ἠγουν
596 3980 654 4031 ὲν
698 3977 895 4049 Πατρί,
931 3977 1024 4030 καὶ
1074 3974 1206 4045 Υἰῷ,
1242 3975 1335 4028 καὶ
1385 3976 1526 4046 ἁγίῳ
1558 3973 1726 4031 Ilvati-

173 4083 303 4136 ματι,
324 4070 478 4134 αὐτὸς
513 4068 773 4141 ὑπάρχων
805 4065 886 4132 εἷς
908 4069 1006 4139 τῆς
1041 4068 1300 4125 ἀκτίστου
1323 4067 1571 4141 Τριάδος,
1601 4084 1724 4121 συν-

170 4155 335 4221 ατδιος,
368 4159 460 4213 καὶ
527 4161 884 4231 συνάναρχος,
935 4159 1028 4212 καὶ
1077 4157 1363 4230 ὁμοούσιος
1398 4157 1476 4229 τῷ
1523 4158 1721 4230 Πατρί,

171 4249 249 4301 καί
277 4250 348 4321 τῷ
383 4251 522 4324 ἁγίῳ
567 4251 867 4324 Πνεύματι.
904 4250 1105 4304 Τοῦτον
1135 4251 1228 4305 τὸν
1275 4252 1529 4324 ἀληθινὸν
1591 4251 1724 4306 Θεὸν

159 4337 514 4414 ’κηρύττομεψ
565 4344 771 4415 ταύτην
813 4344 910 4416 τὴν
955 4344 1204 4416 καθαρὰν
1261 4345 1356 4399 καὶ
1422 4343 1723 4416 ἀμώμητον

169 4429 263 4483 τῶν
302 4433 634 4504 Χριστιανῶν
679 4435 860 4489 πίστιν
911 4436 1380 4508 καταγγέλλομεν·
1418 4436 1557 4506 ὑπὲρ
1588 4435 1722 4489 ταύ-

171 4536 255 4592 της
284 4527 453 4580 πάντα
502 4527 695 4580 παθεῖν
745 4529 979 4600 ἑτοίμως
1023 4528 1239 4599 ἔχομεν,
1273 4527 1334 4581 οὐ
1382 4527 1514 4600 πῦρ,
1550 4528 1610 4581 οὒ
1645 4526 1724 4594 ξί-

1825 3443 2105 3506 perempta
2141 3443 2337 3500 morte,
2383 3435 2598 3491 irritum
2648 3434 2798 3499 fecit,
2842 3435 2911 3489 ad
2958 3435 3274 3504 inferosque
3318 3433 3410 3487 in-

1825 3525 2004 3580 cultos
2033 3533 2090 3580 et
2115 3525 2708 3589 horridosdescendit,
2739 3533 2796 3580 et
2817 3525 2890 3580 ibi
2928 3525 3184 3580 tenebras
3209 3523 3410 3579 dissol-p

1825 3614 1924 3680 vit,
1942 3629 2010 3668 ac
2040 3614 2162 3684 ejus
2193 3615 2620 3680 resurrectione,
2649 3630 2771 3686 quae
2799 3615 2960 3669 tertio
2989 3615 3077 3670 die
3107 3629 3137 3668 a
3174 3613 3409 3670 mortuis

1825 3704 2104 3769 factaest,
2137 3705 2228 3760 lux
2259 3706 2465 3762 mundo
2501 3707 2698 3766 illuxit.
2744 3709 3026 3778 vitamque
3061 3717 3117 3762 et
3156 3708 3412 3762 incorru-

1826 3797 2066 3867 ptionem
2099 3798 2318 3865 attulit;
2352 3799 2458 3869 qui.
2481 3815 2648 3854 unum
2672 3798 2842 3854 Deum
2874 3800 2932 3854 in
2954 3801 3133 3856 tribus
3156 3800 3408 3870 personis

1825 3888 2116 3946 inconfuse
2144 3891 2363 3955 divisis,
2404 3907 2600 3962 nempe
2629 3892 2684 3946 in
2708 3891 2894 3956 Patre,
2924 3900 2979 3948 et
3008 3891 3170 3957 Filio,
3203 3900 3258 3948 et
3288 3893 3412 3964 Spie

1825 3982 1935 4036 ritu
1955 3994 2169 4044 saneto,
2199 3981 2386 4036 docuit
2412 3980 2684 4046 venerari,
2719 3998 2846 4038 cum
2879 3987 2997 4052 ipse
3023 3982 3227 4052 alioqui
3261 3999 3408 4040 unus

1824 4073 2083 4130 increata:
2119 4071 2410 4131 Trinitatis
2448 4076 2759 4139 exsistens,
2809 4076 2978 4132 simul
3025 4089 3151 4130 cum
3205 4075 3403 4141 Patre,

1825 4173 2129 4234 sanctoque
2183 4163 2392 4236 Spiritu
2445 4167 2854 4238 sempiternus,
2909 4166 3030 4222 sine
3094 4166 3405 4238 principio,

1824 4254 2183 4325 ejusdemque
2236 4255 2562 4311 substantiae
2609 4256 2704 4312 sit.
2768 4254 2929 4312 Hunc
2986 4269 3179 4310 verum
3232 4254 3408 4314 Deum

1824 4347 2190 4418 pragdicamus
2213 4389 2229 4415 ,
2285 4347 2431 4404 hanc
2477 4362 2674 4418 puram
2733 4355 2790 4404 et
2866 4347 3407 4418 irreprehensibilem

1825 4438 1984 4494 ﬁdem
2025 4438 2444 4504 annuntiamus,
2476 4454 2578 4510 pro
2602 4439 2706 4494 hac
2732 4439 2920 4495 omnia
2957 4439 3072 4510 pati
3103 4439 3408 4510 parati.su«.-

1824 4546 1969 4598 mus,
1996 4545 2106 4585 non
2129 4533 2333 4601 ignem,
2370 4546 2479 4586 non
2509 4531 2775 4602 gladium,
2804 4547 2916 4586 non
2949 4531 3242 4587 immanem
3265 4531 3408 4591 fera:

173 4630 274 4681 φος,
315 4619 370 4670 οὐ
420 4621 590 4693 θυμὸν
640 4621 848 4693 ἀγρίων
894 4621 1111 4693 θηρῶν,
1163 4619 1278 4674 οὗθ’
1311 4619 1530 4674 οἰανοῦν
1583 4620 1720 4692 πρὸς

1828 4635 1948 4674 rum
1977 4620 2275 4692 agrestium
2327 4619 2602 4676 feritatem
2626 4661 2643 4686 ,
2683 4632 2864 4694 neque
2906 4621 3348 4694 qualemcunque
3373 4638 3408 4679 ει

174 4705 304 4777 ὑμῶν
334 4714 719 4786 ὲπινοουμένην
737 4713 984 4786 βασάνων
1015 4715 1155 4770 ἰδέαν
1175 4715 1560 4787 δειμαίνοντες.
1590 4732 1609 4766 ι

231 4890 329 4964 Τὴν
373 4897 659 4970 εὐτολμίαν
700 4893 792 4952 οὖν
825 4898 918 4952 τοῦ
971 4899 1347 4971 ἀνδρειοτάτου
1381 4899 1475 4956 καὶ
1507 4900 1720 4954 πολυει-

173 4974 373 5049 δήμονος
403 4986 654 5059 γέροντος
690 4988 1133 5057 καταπλαγέντες
1165 4993 1213 5043 οἱ
1246 4990 1518 5062 τύραννοι,
1558 4991 1718 5045 πάλιν

173 5071 291 5141 πρὸς
319 5076 474 5131 αὐτὸν
507 5079 601 5134 καὶ
643 5081 772 5144 τοὺς
816 5079 979 5134 αὐτοῦ
1028 5081 1321 5148 συνάθλους
1370 5082 1618 5154 μαθητὰς
1651 5079 1721 5136 εἷ-

176 5177 278 5233 πον,
309 5169 526 5245 ἀπειλήν
556 5191 617 5228 τε
649 5173 903 5240 πνέοντες
936 5176 1029 5230 καὶ⁹
1065 5175 1488 5248 μαργαίνοντες⁹
1530 5194 1550 5228 ι
1574 5177 1718 5249 Πρὸς

175 5251 307 5323 ὖμῶν
336 5262 439 5333 ἄρα
468 5264 535 5319 τὰ
565 5264 675 5319 τῶν
710 5265 971 5336 βασιλέων
996 5266 1152 5338 ἡμῶν
1187 5267 1279 5322 καὶ
1311 5267 1589 5340 ἀρχόντων
1622 5286 1718 5324 κατ

177 5353 485 5417 ταφρονεῖται
515 5354 761 5426 δόγματα
787 5373 850 5409 τε
881 5357 972 5410 καὶ
987 5357 1404 5428 προστάγματα,
1439 5357 1583 5431 καὶὴ
1604 5358 1717 5413 τῶν

174 5431 427 5522 ἀηττήτων
453 5446 608 5518 ἡμῶν
637 5446 776 5502 θεῶν
801 5449 936 5520 τιμὴ
967 5449 1060 5502 καὶ
1090 5449 1310 5516 ἐξουσία
1340 5451 1711 5522 παρορᾶται;›

186 5521 235 5578 ὐ
258 5529 309 5584 δὲ
337 5533 471 5602 θεῖος
509 5540 789 5613 ἰεράρχης,
817 5542 910 5595 καί
937 5541 1104 5618 λόγῳ,
1139 5542 1231 5596 καὶ
1268 5521 1543 5615 ἔργῳῗτῆς
1575 5562 1716 5618 μαρ-

176 5625 374 5711 τνρικῆς
412 5633 765 5703 παρατάξεως
811 5635 1242 5707 προηγούμενος,
1278 5637 1718 5711 θαρσαλεώτερον

179 5705 308 5778 αὖθις
333 5717 738 5793 ἀντεφθέγξατο·
779 5745 799 5778 ι
832 5705 1044 5780 Ὅλοιτο
1065 5705 1473 5798 βασιλέωννκαί
1517 5705 1714 5804 ἀρχόν-

307 5807 440 5865 ἆπαν
484 5816 675 5882 ἀσεϐές
713 5836 774 5871 τε
817 5819 910 5872 καὶ
956 5819 1198 5874 ἀντίθεον
1243 5822 1592 5894 πρόσταγμα,
1625 5826 1716 5879 καὶ

183 5887 275 5944 θ,εοί
301 5896 344 5950 οἳ
371 5899 459 5956 τὸν
486 5905 710 5979 οὐρανὸν
749 5906 838 5962 καὶ
861 5907 958 5982 τὴν
991 5910 1096 5982 γῆν
1131 5912 1229 5965 οὐκ
1263 5887 1550 5986 ἐποίησαν¹
1580 5887 1716 5972 ἀπο-

1825 4713 1983 4769 vobis
2017 4721 2418 4770 tormentorum
2453 4713 2648 4770 faciem
2666 4713 3033 4786 excogitatam
3061 4714 3406 4786 pertimesci-

1826 4820 1971 4859 mus.
2002 4825 2022 4858 ι

1892 4897 2055 4970 387
2089 4895 2242 4951 Hanc
2271 4897 2437 4966 igitur
2469 4897 2759 4956 fortissimi
2790 4913 2856 4953 ac
2893 4899 3288 4970 sapientissimi
3317 4914 3406 4954 se-

1823 4987 1910 5041 nis
1957 4987 2125 5041 animi
2173 4987 2552 5046 fortitudinem
2591 4990 2814 5060 tyranni
2868 4989 3165 5053 admirati,
3225 4988 3406 5045 eidem

1821 5095 2018 5135 rursus
2056 5081 2287 5150 ejusque
2327 5081 2651 5137 certaminis
2690 5081 2863 5141 sociis
2896 5081 3190 5153 discipulis
3224 5081 3404 5137 minas

1821 5173 2096 5244 spirantes
2140 5179 2196 5228 et
2237 5173 2576 5230 insanientes
2607 5173 2907 5230 dixerunt:
2945 5175 3171 5246 «Itaque
3210 5188 3403 5245 regum

1819 5273 2134 5320 nostrorum
2155 5263 2466 5336 principum
2484 5264 2644 5336 jussa
2665 5266 3054 5338 decretaquea
3081 5265 3238 5321 vobis
3267 5279 3402 5321 con-

1819 5364 2162 5422 temnuntur,
2193 5364 2248 5412 et
2287 5355 2466 5412 honor
2494 5356 2725 5413 deorum
2758 5364 3081 5414 nostrorum
3111 5357 3402 5429 insupera-

1817 5449 2009 5504 bilium
2050 5455 2106 5504 et
2135 5453 2380 5520 potestas
2414 5449 2764 5520 despicitur?
2793 5467 2815 5502 ι
2847 5447 2918 5503 At
2953 5447 3178 5504 divinus
3212 5451 3402 5520 ponti-

1819 5542 1908 5600 fex
1947 5550 2249 5615 martyrum
2272 5583 2274 5586 μ
2297 5543 2456 5610 aciei,
2493 5558 2621 5599 cum
2661 5542 2733 5600 ob
2762 5542 3073 5608 verborum,
3103 5550 3220 5600 tum
3269 5559 3401 5614 ope-

1817 5652 1942 5692 rum
1983 5636 2381 5720 excellentiam,
2405 5638 2824 5708 antesignanus,
2865 5637 3161 5695 audentius
3202 5652 3402 5694 rursus

1819 5728 2103 5800 respondit
2148 5748 2213 5784 τι
2241 5727 2500 5786 Facessat
2551 5729 2698 5801 regis
2744 5744 2810 5784 ac
2854 5729 3168 5802 principum
3215 5730 3398 5787 omnis

1819 5822 2093 5894 impietas,
2124 5832 2180 5879 et
2210 5823 2452 5880 edictum
2481 5823 2593 5878 Deo
2634 5824 3000 5890 contrarium,
3024 5832 3081 5882 et
3109 5827 3280 5882 vestri
3315 5824 3394 5880 dii

1821 5915 1914 5988 qui
1945 5932 2045 5975 nec
2073 5917 2276 5976 coelum
2307 5932 2406 5976 nec
2437 5926 2640 5976 terram
2677 5915 2949 5986 fecerunt,
2983 5926 3041 5974 ut
3068 5917 3393 5984 imbecilles,
