3874 6542
101 507 212 563 665

1042 505 1228 574 νιτΑ,
1265 502 1599 563 AUCTORE
1631 504 1982 564 MICHAELE
2015 505 2354 566 SYNGELO.

3272 505 3378 564 666

103 639 430 695 σπειραντα,
465 623 560 678 καὶ
591 622 857 705 πολύχουν
891 623 1248 696 ἀμησάμενον
1295 623 1560 696 ἀσταχυν,
1597 623 1686 678 καὶ

1793 623 2071 694 copiosam
2101 624 2310 696 spicam
2339 624 2654 686 messuerit,
2681 630 2738 680 et
2767 622 2982 679 l‘ructns
3003 623 3252 694 apprime
3277 638 3380 678 no-

99 716 368 787 γνησίους
403 715 550 788 μάλα
581 717 676 773 καὶ
705 716 922 788 τιμίους
953 715 1349 788 ὲναποθὲμενον
1367 719 1490 781 ταῖς
1521 716 1697 788 ίεραῖς

101 809 420 881 ἀποθήκαις
453 809 723 881 καρποὺς,
755 808 922 878 ἀξίως
955 808 1325 882 θαυμάσειεν;
1359 809 1458 873 Τίς
1487 808 1580 864 τὸν
1603 807 1696 864 ἐπὶ

99 901 364 955 τοσοῦτον
394 899 590 972 χρόνου
627 902 800 973 μῆκος
847 901 1220 971 εύαγγελικῶς
1273 901 1694 975 ἀριστεύσαντα,

103 996 203 1050 καὶ
235 994 532 1066 νικηφόρον
560 992 1005 1065 ἀναδεδειγμὲνον
1037 995 1096 1047 ὲν
1131 993 1282 1066 μέσῳ
1315 994 1696 1066 χριστομάχων

99 1090 412 1162 τυράννων,
449 1088 543 1142 καὶ⁸
591 1088 655 1159 δή
665 1105 766 1160 μου
814 1088 1246 1164 θηριωδεστέρου
1295 1090 1528 1145 λεόντων
1600 1092 1696 1146 καὶ

100 1181 290 1235 λύκων
310 1181 703 1252 ἀντικειμένων
751 1180 1088 1236 ἐπαινέσειεν
1119 1183 1243 1236 ὅσον
1275 1185 1526 1236 ἐπαινεῖν
1568 1184 1696 1237 ὲπο-

99 1272 389 1342 φείλεταις
427 1271 564 1326 Ποία
610 1271 828 1341 γλῶττα
861 1271 999 1344 πρὸς
1032 1271 1285 1344 διήγησιν
1322 1259 1433 1328 τῶν
1483 1273 1694 1347 ἀρετῶν

98 1364 294 1430 αὐτοῦ,
317 1365 780 1437 κατορθωμάτων,
819 1366 910 1420 καὶ
943 1365 1277 1438 ἀθλημάτων
1308 1367 1596 1439 ἀρκέσειεν
1620 1384 1635 1435 ;
1657 1366 1695 1423 ἃ.

98 1458 210 1528 γῆς
244 1458 346 1530 μὲν
378 1459 436 1513 αἱ
470 1458 633 1528 φυλαὶ
667 1458 1111 1530 κατεπλάγησαν,
1134 1461 1188 1521 αι
1220 1460 1278 1522 δὲ
1308 1459 1418 1516 τῶν
1449 1460 1695 1532 οὐρανῶν

99 1549 290 1615 τάξεις
330 1550 664 1618 ὲξεθείασαν,
701 1551 794 1606 καὶ
845 1551 1082 1622 Χριστὸς
1111 1554 1141 1606 ὁ
1173 1553 1552 1624 παμϐασιλεὺς
1599 1555 1692 1608 καὶ

99 1642 214 1695 τῶν
250 1642 521 1714 βραδείων
551 1643 843 1716 διανομεῦς
881 1646 1181 1714 ἀπεδέξατο
1205 1685 1219 1710 ,
1256 1646 1348 1701 καὶ
1381 1647 1689 1719 ἀναρρήσε-

101 1749 188 1785 σιν
222 1733 533 1797 ἐπινικίοις,
567 1734 658 1788 καὶ
692 1736 976 1804 στεφάνων
1008 1735 1419 1808 ὑπερλάμπρων
1437 1737 1693 1809 ἀμοιϐαῖς

95 1822 194 1878 τὸν
235 1824 644 1898 κατωρθωκότα
676 1826 770 1879 καὶ
802 1826 1127 1898 διηθληκότα
1157 1826 1453 1897 διέστεψεν.
1495 1829 1559 1880 Ὢ
1588 1827 1691 1898 τῆς

95 1919 268 1986 ἁγίας
312 1917 405 1972 καὶ
447 1916 742 1981 θεσπεσίας
790 1919 1051 1991 κεφαλῆς,
1095 1919 1196 1992 τῆς
1246 1919 1388 1992 ὑπὲρ
1447 1919 1688 1992 Χριστοῦ

1800 715 1947 772 biles
1991 724 2048 773 et
2097 717 2398 772 honoratos
2446 716 2504 771 in
2545 716 2762 775 horreis
2814 716 2991 774 sacris
3045 717 3376 787 reposuerit,

1795 805 1958 876 digne
2001 805 2259 860 admirari
2320 806 2546 878 posset?
2571 807 2706 874 Quis
2762 822 2887 863 eum
2917 806 3014 878 qni
3062 806 3171 862 huc
3204 822 3380 881 usque

1795 896 2062 968 temporis
2105 897 2432 968 evangelico
2479 897 2591 953 ritu
2645 904 2873 954 strenue
2921 913 2983 955 se
3025 899 3279 970 gesserit,
3311 913 3377 954 ac

1797 986 1941 1042 inter
1981 995 2249 1060 tyrannos
2279 987 2583 1056 Christum,
2615 1005 2680 1048 ac
2708 991 2966 1061 populum
3012 991 3264 1048 leonibus
3310 1005 3378 1046 ac

1795 1078 1939 1148 lupis
1962 1081 2234 1151 oppositis
2275 1079 2626 1148 ferociorem,
2661 1081 2955 1137 victoriam
2981 1082 3254 1148 retulerit,
3285 1097 3378 1138 sa-

1793 1171 1867 1226 tis
1896 1186 1998 1242 pro
2036 1173 2301 1244 dignitate
2329 1172 2611 1230 laudaret?
2636 1173 2770 1241 Quae
2801 1175 2988 1247 lingua
3018 1174 3086 1230 ad
3116 1176 3239 1247 ejus
3264 1177 3376 1231 vir.

1793 1271 1964 1331 tntes,
1998 1277 2148 1323 recte
2175 1267 2339 1334 facta,
2372 1279 2426 1326 et
2455 1271 2757 1327 certamina
2791 1271 3120 1328 celebranda
3149 1273 3373 1330 sufﬁce-

1792 1357 1916 1412 ret?
1943 1355 2076 1423 Quae
2107 1359 2332 1429 quidem
2369 1361 2548 1419 tribus
2587 1368 2750 1420 terrae
2774 1360 3058 1420 admirata:
3087 1374 3236 1434 sunt,
3262 1381 3376 1422 (ιω-

1793 1447 1973 1504 lorum
2016 1451 2239 1507 ordines
2279 1452 2441 1509 beata
2478 1455 2940 1525 praedicaverunt,
2973 1456 3229 1515 Christus
3276 1474 3371 1514 rex

1794 1542 2064 1608 omnium,
2091 1551 2147 1598 et
2176 1547 2527 1615 praemiorum
2569 1546 2899 1606 distributor
2939 1550 3284 1624 approbavit,
3320 1559 3377 1606 et

1793 1634 2083 1703 praeconiis
2109 1636 2311 1706 quibus
2339 1637 2574 1694 victores
2604 1642 2792 1696 ornari
2817 1642 3015 1707 solent,
3046 1642 3377 1713 coronisque

1794 1725 2128 1793 illustribus,
2180 1733 2290 1780 tam
2340 1736 2490 1784 recte
2542 1746 2744 1788 munus
2796 1731 3174 1789 Christianum
3218 1748 3377 1790 exse-

1790 1822 1980 1871 cntum
2027 1832 2091 1872 ac
2133 1815 2506 1876 decertantem
2582 1825 2892 1880 coronavit.
2930 1825 2976 1880 0
3011 1834 3288 1892 sanctum,
3320 1836 3378 1882 et

1792 1904 2040 1962 divinum
2069 1918 2259 1979 caput,
2291 1925 2391 1980 pro
2426 1927 2558 1969 vero
2595 1914 2805 1972 Christi
2844 1931 3030 1974 amore
3059 1918 3374 1989 praecisum!

91 2011 200 2083 τῆς
243 2010 418 2072 ὅντως
450 2010 672 2082 ἀγάπης
713 2010 1051 2083 τμηθείσηςί
1089 2012 1154 2064 Ὠ
1184 2011 1285 2084 τῆς
1335 2012 1563 2066 πλεῖστα
1596 2014 1686 2068 καὶ

1789 1995 1835 2052 0
1872 1999 2093 2068 plenum
2136 2002 2389 2071 plurimis
2443 2019 2508 2058 ac
2549 2007 2807 2065 maximis
2847 2010 3014 2065 rebus
3068 2010 3273 2067 divinis
3320 2020 3378 2068 et

95 2103 339 2174 μέγιστα
370 2101 490 2156 θεῖα
512 2101 606 2157 καὶ
641 2102 927 2176 ἀπόρρητα
947 2104 1309 2178 χωρησάσης,
1339 2104 1376 2159 ἃ
1409 2104 1483 2179 μὴ
1519 2105 1691 2178 κεχώη

91 2211 240 2267 ρηκε
279 2193 504 2265 κόσμος,
540 2195 957 2266 πανιερωτάτης
1002 2195 1278 2270 κορυφῆς,
1330 2195 1429 2267 τῆς
1465 2197 1690 2268 μυρίους

90 2287 193 2340 καὶ
235 2288 484 2359 μακροὺς
505 2287 875 2360 διαθλησάσης
905 2288 1046 2360 ὑπὲρ
1078 2288 1174 2342 τοῦ
1215 2287 1361 2342 θείου
1400 2289 1690 2362 κηρύγμα-

85 2396 187 2444 τος
254 2379 509 2449 ἀγῶναςὶ
547 2380 610 2433 Ὠ
677 2381 778 2451 τῆς
824 2380 1243 2452 ὲμ6ατευσάσης
1291 2383 1406 2445 τοῖς
1453 2383 1687 2454 ύπερου-

92 2471 307 2545 ρανίοις
346 2471 683 2543 διακόσμοις,
719 2472 814 2526 καὶ
845 2471 914 2526 τὰ
946 2472 1105 2541 λόγου
1137 2489 1200 2526 τε
1242 2472 1443 2536 παντὸς
1473 2472 1688 2544 πέρατα

89 2566 189 2619 καὶ
224 2565 348 2628 νοὸς
379 2563 772 2636 νοησάσης·καὶ
807 2563 1214 2636 φθεγξαμένηςί
1259 2565 1325 2616 Ὢ
1341 2564 1443 2635 τῆς
1477 2565 1686 2619 θειοτά-

83 2675 194 2730 της
227 2656 413 2729 ψυχῆς
445 2657 680 2729 ἐκείνης,
715 2656 817 2728 τῆς
849 2655 907 2710 δὲ
945 2656 1010 2709 δι’
1034 2656 1330 2727 ἀγγελικῆς
1361 2657 1687 2729 δορυφορίας

88 2753 173 2815 είς
220 2749 326 2814 τὰς
372 2749 655 2821 οὐρανίους
703 2731 1025 2820 ἀναπτάσης
1056 2748 1288 2818 ἀψίδαςῐ
1335 2750 1425 2821 ἢν,
1459 2749 1684 2816 ἐνδόξως

89 2844 237 2916 πρὸς
257 2843 355 2896 τὸν
371 2841 475 2912 τῆς
492 2841 649 2912 δόξης
682 2840 888 2914 Κύριον
923 2841 1014 2897 καὶ
1048 2841 1445 2912 στεφανοδότην
1477 2841 1684 2912 Ἰησοῦν

86 2933 359 2988 ἀνιοῦσαν
375 2932 487 2987 τῶν
505 2933 741 2989 εὐκλεῶν
761 2932 940 2987 πόνων
969 2933 1263 3005 τάπίχειρα
1295 2951 1484 3005 κομιου
1492 2933 1681 3004 μένην,

87 3028 346 3100 ὕμνησεν
366 3027 573 3099 ὲκάστη
592 3027 701 3083 τῶν
730 3028 1115 3101 ὑπερκατμίων
1137 3028 1436 3099 δυνάμεων,
1457 3027 1555 3101 τὴν
1588 3029 1685 3082 αύ-

86 3121 196 3192 τῆς
229 3119 460 3190 ἄθλησιν
491 3120 848 3192 γεραίρουσα,
882 3121 976 3175 καὶ⁹
1008 3119 1342 3192 ἀμειϐομένη
1377 3120 1476 3192 τῆς
1519 3120 1685 3190 ἀγγει-

86 3207 408 3282 λοπρεποῦς
449 3209 758 3281 ὑμνήσεως,
805 3209 870 3282 ἣν
901 3211 930 3264 ὁ
973 3209 1149 3274 κοινὸς
1204 3209 1385 3265 αὐτῶν
1423 3209 1683 3283 ύμνήτωρ

85 3298 464 3364 ὲνθεαστικῶς
493 3318 553 3354 τε
587 3300 680 3354 καὶ
727 3302 1112 3374 παναρμονίως
1145 3304 1516 3375 συνήρμοσεν
1554 3303 1620 3374 ἢν
1643 3305 1676 3373 η

83 3392 210 3446 ἀνω
249 3391 631 3463 Ἰερουσαλὴμ,
665 3391 766 3456 τὰς
808 3391 1010 3464 ἑαυτῆς
1051 3391 1313 3456 ἀνοίξασα
1346 3391 1540 3456 πύλας,
1573 3393 1681 3444 ὲνε-

88 3480 449 3536 κολπὼσατο·
473 3483 538 3553 ἢν
564 3485 598 3554 ἡ
631 3481 926 3554 Ἐκκλησία
945 3483 1306 3555 πρωτοτόκων
1334 3482 1684 3554 ἀπογεγραμ-

89 3573 281 3646 μένων
315 3574 375 3627 ἐν
407 3575 654 3646 οὐρανοῖς
687 3574 1130 3649 προσεπτύξατο⁸
1168 3576 1234 3648 ἢν
1264 3574 1554 3649 πνεύματα
1588 3573 1682 3628 καὶ

83 3667 267 3738 ψυχαὶ
299 3667 526 3722 δικαίων
546 3667 709 3725 ὁσίων
734 3668 828 3722 καὶ
852 3668 1124 3721 ταπεινῶν
1144 3671 1209 3740 τῇ
1245 3668 1462 3740 καρδίᾳ,
1491 3666 1591 3740 τὴν
1623 3670 1682 3722 ἐν

82 3757 421 3831 δικαιοσύνῃ
452 3759 547 3813 καὶ
579 3760 842 3832 ὁσιότητι,
878 3760 973 3820 καὶ
1009 3759 1236 3834 μετρίῳ,
1281 3760 1377 3814 καὶ
1422 3760 1552 3832 θείῳ
1594 3778 1685 3830 φι-

83 3850 472 3922 λοφρονήματι
489 3849 976 3924 πολιτευσαμένην,
1001 3851 1094 3906 καὶ
1113 3852 1305 3925 μέχρις
1325 3851 1552 3923 αἵματος
1582 3852 1683 3922 τὴν

84 3944 283 3996 πίστιν
335 3942 883 4015 παρρησιασαμένην,
919 3943 1014 3999 καὶ
1060 3944 1201 4016 ὑπὲρ
1247 3945 1416 4016 αὐτῆς
1453 3945 1684 4001 πυκτεύ-

84 4053 277 4091 σασαν
318 4035 747 4106 ὲνηγκαλίσατο·
783 4030 819 4110 ᾖ
852 4036 962 4090 τῶν
993 4035 1310 4091 ἀποστόλων
1341 4039 1374 4110 ἠ
1420 4055 1683 4111 χοροστα-

83 4129 185 4182 σία
218 4125 528 4198 πρεπωδῶς
560 4128 996 4198 ὲνεκαυχήσατο·
1028 4127 1114 4197 ἐφ’
1146 4120 1181 4202 ᾖ
1212 4127 1322 4182 τῶν
1341 4127 1636 4202 προφητῶν
1655 4129 1684 4184 ὁ

83 4219 256 4292 χορὸς
298 4217 686 4288 ἠγαλλιάσατο,
724 4217 842 4290 μεθ’
874 4213 942 4292 ἧς
977 4220 1226 4292 ἑορτάζει
1257 4220 1352 4275 καὶ
1394 4220 1684 4292 εὐφραίνε-

82 4333 206 4376 ται,
241 4311 346 4383 τὴν
362 4309 423 4375 ἐξ
447 4311 663 4368 οίκείων
692 4310 918 4382 ἀγώνων
939 4312 1030 4367 καὶ
1074 4313 1320 4384 αἱμάτων
1355 4314 1683 4384 ὑφανθεῖσαν

85 4407 184 4462 καὶ
205 4404 474 4474 βαφεῖσαν
495 4398 777 4477 βασιλικὴν
801 4403 1084 4476 πορφύραν
1119 4405 1555 4478 περιϐεϐλημένη
1588 4406 1683 4462 καὶ

83 4495 496 4567 πεποικιλμένη
514 4493 624 4548 τῶν
651 4494 966 4568 ἀθλοφόρων
984 4496 1276 4570 μαρτύρων
1297 4499 1330 4569 ἠ
1352 4497 1678 4571 πανήγυρις.

157 4587 548 4660 Μακαριστέον
575 4587 752 4639 τοίνυν
781 4587 878 4659 τὴν
911 4587 1063 4642 πόλιν
1094 4589 1192 4660 τὴν
1217 4590 1680 4661 ταμιευσαμένην,

1792 2091 2159 2152 ineli‘abilibus
2185 2105 2348 2166 caput
2379 2101 2838 2168 sacratissimum,
2871 2117 3108 2174 quarum
3136 2103 3378 2160 mundus

1789 2198 1899 2239 non
1950 2185 2054 2240 fuit
2111 2205 2304 2260 capax,
2339 2191 2662 2250 innumeros
2697 2194 3004 2267 longosque
3047 2211 3150 2268 pro
3175 2195 3376 2252 divino

1789 2280 2066 2347 prmconio
2117 2279 2336 2336 labores
2375 2285 2722 2352 perpessum!
2753 2283 2798 2338 0
2827 2283 3006 2338 virum
3049 2300 3177 2339 cum
3206 2285 3376 2340 coele-

1789 2366 1969 2423 stibus
2013 2368 2305 2426 ordinibus
2357 2371 2727 2438 incedentem,
2760 2380 2815 2429 et
2861 2389 2927 2429 ea
2961 2375 3210 2429 locutum
3251 2390 3375 2446 qua:

1788 2459 2086 2529 quemlibet
2117 2475 2425 2520 sermonem
2467 2471 2523 2519 et
2561 2479 2785 2520 sensum
2813 2466 3124 2527 excellunt!
3161 2465 3206 2522 Ο
3239 2466 3374 2522 divi-

1786 2551 2074 2606 nissimam
2095 2555 2332 2612 animam
2351 2557 2523 2623 illam,
2555 2572 2678 2629 quae
2705 2573 2911 2614 corona
2931 2561 3133 2632 stipata
3149 2562 3376 2633 angelo-

1786 2657 1911 2697 rum
1975 2645 2044 2700 ad
2095 2647 2344 2703 ccelestia
2400 2650 2642 2706 culmina
2708 2652 2964 2719 evolavit,
3027 2669 3194 2725 quam
3241 2655 3373 2710 dum

1786 2739 2073 2810 magniﬁce
2100 2741 2167 2795 ad
2197 2743 2385 2812 gloriae
2399 2733 2690 2800 Dominum
2711 2755 2766 2802 et
2787 2755 3169 2803 coronatorem
3184 2747 3373 2804 Jesum

1787 2829 2131 2897 ascenderet,
2163 2848 2265 2903 pro
2295 2834 2553 2904 gloriosis
2576 2835 2857 2892 laboribus
2883 2837 3123 2906 praemiis
3155 2843 3374 2892 auctam

1786 2921 1989 2992 singuli
2027 2923 2347 2994 angelorum
2378 2925 2604 2982 ordines
2644 2927 2959 2996 laudarunt,
2994 2944 3059 2984 ac
3091 2937 3374 2986 certamen

1785 3009 1962 3080 ipsius
2007 3013 2250 3083 praemiis
2285 3014 2453 3088 389
2498 3032 2560 3072 ac
2601 3017 2939 3088 laudatione,
2986 3037 3111 3093 qua:
3148 3023 3374 3093 angelos

1785 3103 1980 3169 decet,
2012 3107 2288 3162 munerati
2339 3114 2501 3175 sunt;
2561 3127 2726 3181 quam
2761 3115 3072 3171 communis
3121 3114 3374 3186 ipsorum

1784 3194 2038 3251 laudator
2060 3197 2244 3253 divine
2265 3215 2330 3254 ac
2356 3201 2640 3271 aptissime
2658 3205 3041 3275 concinnavit;
3067 3221 3233 3279 quam
3258 3223 3374 3264 ccc-

1785 3289 1940 3345 lestis
1969 3288 2336 3358 Hierusalem,
2369 3310 2500 3350 suas
2532 3296 2708 3366 ipsius
2735 3306 2923 3367 portas
2941 3302 3213 3370 aperiens,
3246 3302 3373 3358 sinu

1785 3383 2030 3452 suscepit
2060 3398 2184 3448 suo,
2214 3401 2379 3454 quam
2411 3384 2657 3444 Ecclesia
2698 3390 3219 3462 primogenitorum,
3251 3409 3375 3464 quae

1784 3470 1842 3526 in
1871 3474 2031 3530 caelis
2075 3476 2302 3547 ascripti
2342 3486 2490 3542 sunt,
2528 3481 2835 3551 amplexata
2864 3491 2979 3553 est;
3013 3500 3178 3556 quam
3208 3487 3374 3556 spiri-

1782 3572 1877 3622 tus
1900 3576 1955 3622 et
2003 3567 2200 3623 animae
2225 3569 2526 3641 justorum,
2553 3574 2769 3644 piorum
2799 3584 2853 3630 et
2890 3575 3180 3632 humilium
3208 3579 3374 3636 corde

1783 3659 1842 3714 in
1878 3660 2098 3731 justitia
2131 3670 2186 3718 et
2219 3665 2533 3732 sanctitate,
2575 3667 2859 3724 moderata
2889 3683 2953 3724 ac
2985 3669 3171 3726 divina
3201 3673 3374 3728 animi

1783 3755 2097 3825 aequalitate
2134 3754 2191 3811 in
2219 3757 2426 3814 mundo
2460 3767 2755 3826 versatam,
2784 3769 2840 3817 et
2869 3761 3030 3818 fidem
3057 3764 3127 3819 ad
3149 3766 3374 3836 sangui-

1783 3861 1908 3900 nem
1931 3861 2108 3916 usque
2140 3847 2387 3904 animose
2409 3849 2739 3920 professam,
2771 3859 2829 3906 et
2865 3868 2964 3922 pro
3001 3854 3121 3923 ipsa
3161 3863 3371 3927 marty-

1784 3936 1869 3991 rio
1894 3936 2158 4002 functam,
2185 3939 2240 3993 in
2270 3941 2452 3996 sinum
2477 3944 2754 4013 suscepit!
2790 3943 2874 3999 0b
2904 3962 3068 4015 quam
3093 3947 3372 4016 apostolo-

1784 4042 1908 4083 rnm
1942 4029 2146 4086 chorus
2178 4031 2437 4088 decenter
2479 4035 2746 4105 gloriatus
2791 4043 2896 4093 est.
2952 4035 3011 4090 In
3038 4053 3145 4106 qna
3183 4045 3370 4093 vatum

1785 4135 2072 4176 sacrorum
2130 4132 2309 4180 coetus
2359 4127 2601 4196 gestiens
2657 4128 2974 4195 exsultavit,
3019 4138 3075 4185 et
3125 4130 3371 4186 celebres

1785 4225 2091 4270 conventus
2122 4215 2254 4286 agit,
2287 4223 2453 4287 atque
2491 4218 2742 4273 laetatur:
2776 4229 2830 4275 et
2866 4235 2987 4275 eam
3035 4220 3211 4278 elluso
3242 4237 3372 4293 pro-

1783 4304 1922 4374 priis
1975 4306 2032 4362 in
2082 4310 2480 4366 certaminibus
2529 4312 2798 4383 sanguine
2852 4311 3256 4378 ﬂorescentem,
3304 4328 3371 4370 ac

1785 4396 1944 4467 quasi
1975 4399 2123 4469 regia
2154 4414 2399 4469 purpura
2427 4401 2654 4457 tinctam
2695 4404 2802 4460 laeti
2833 4413 3102 4478 martyres
3129 4405 3371 4478 praanriis

1784 4489 2046 4543 cumulati
2071 4491 2320 4545 ambiunt
2348 4499 2402 4548 et
2429 4503 2718 4552 exornant.

1857 4582 2020 4639 Beata
2062 4584 2230 4655 igitur
2271 4586 2619 4657 praedicanda
2669 4589 2862 4646 civitas
2895 4597 3000 4657 est,
3045 4607 3169 4663 quae
3213 4599 3371 4650 tuum

82 4685 192 4756 τήν
223 4699 283 4735 τε
313 4680 584 4752 θεοστεφῆ
618 4679 713 4735 καὶ
749 4680 1161 4753 πανσεὸασμίαν
1197 4698 1291 4736 σου
1326 4682 1568 4755 κεφαλὴν
1591 4685 1682 4738 καὶ

1788 4677 2025 4732 maxime
2072 4681 2451 4737 venerandum
2488 4690 2654 4752 caput
2697 4699 2728 4737 a
2773 4683 2885 4740 Deo
2921 4695 3270 4752 coronatum,
3316 4696 3372 4743 et

79 4777 148 4830 τὸ
183 4776 370 4845 τίμιον
399 4773 670 4844 λείψανον,
693 4774 786 4827 κα)⁸
815 4773 948 4840 τῶν,
983 4773 1076 4838 οὓς
1103 4775 1180 4838 ὡς
1213 4777 1384 4849 ἱερεῖα
1417 4777 1684 4848 πανάμω-

86 4885 170 4938 μα
235 4865 334 4920 καὶ
365 4863 675 4929 Μνευῶδες
702 4864 951 4938 θυμίαμα
996 4865 1074 4940 τῷ
1105 4866 1226 4939 Θεῷ
1256 4869 1680 4940 προσενήνοχας,

87 4955 481 5031 συμφοιτητῶν
500 4996 516 5022 ,
545 4947 592 5008 ὧ
614 4954 964 5028 θεοκηρύκων
996 4957 1093 5014 καὶ
1124 4957 1396 5032 ἱεραρχῶν
1426 4960 1686 5032 καὶ,μαρ-

82 5053 275 5124 τύρων
307 5049 610 5122 πανάριστε
631 5066 645 5081 ⁶
673 5051 768 5104 καὶ
791 5052 904 5115 τοῖς
931 5050 1106 5122 ἁγίοις
1137 5053 1291 5126 ὑμῶν
1321 5053 1684 5127 φοινιχθεῖσαν

84 5147 344 5216 αῖμασιν,
377 5140 440 5207 ἐξ
467 5134 542 5195 ὧν
576 5140 716 5213 ίαμά
753 5158 807 5196 τι
839 5141 934 5197 καὶ
963 5143 1162 5216 κρῆναι
1191 5145 1412 5202 νάουσιν
1456 5146 1543 5200 ἀεὶ
1569 5148 1685 5211 τοῖς

85 5236 279 5289 πίστει
312 5231 742 5304 προσφεύγουσι,
776 5231 872 5286 καὶ
900 5232 1000 5305 τὴν
1020 5233 1127 5288 τῶν
1147 5233 1487 5304 ἀλγυνόντων
1518 5253 1680 5306 νοση-

89 5327 286 5398 μάτων
319 5322 621 5389 ἑξαιτοῦσιν
655 5323 819 5378 ῐασιν.
875 5323 962 5388 Ὧς
1012 5325 1228 5395 ἀληθῶς
1275 5326 1683 5398 μεμακάρισται

87 5417 360 5493 Παρισία,
380 5421 414 5488 ἡ
447 5419 516 5489 τῇ
551 5415 651 5489 μὲν
680 5416 1000 5490 πηλικότητι
1031 5417 1140 5472 τῶν
1167 5417 1306 5472 κατά
1335 5418 1561 5474 Γαλλίαν
1596 5437 1684 5492 μι-

87 5507 334 5580 κροτέρα
365 5506 596 5572 πόλεων,
625 5506 705 5580 τῷ
749 5507 1130 5580 κεκληρῶσθαι
1167 5507 1224 5562 δέ
1257 5526 1338 5576 σε,
1365 5509 1476 5564 τῶν
1534 5511 1682 5570 διδα-

91 5600 316 5656 σκάλων
361 5593 409 5654 ὦ
465 5600 727 5674 πρόκριτε
748 5640 764 5667 ,
799 5599 1152 5673 θησαύρισμα
1190 5603 1389 5667 παντὸς
1421 5602 1680 5676 αἰσθητοῦ

89 5693 333 5747 ⁴ιιιλούτου
364 5692 800 5766 τιμαλφέστερον
865 5693 960 5749 καὶ
1020 5693 1302 5765 πολιοῦχον
1357 5695 1680 5767 κεκτῆσθαι,

88 5787 191 5840 καὶ
262 5785 615 5858 φρούραρχον
660 5785 1015 5860 λαμπροτέρα
1059 5787 1478 5860 χρηματίσασα·
1507 5790 1681 5859 ,ἁγια-

89 5878 235 5948 σμὸς
285 5878 398 5951 γὰρ
417 5878 554 5950 αὐτῇ
591 5877 775 5933 θεόθεν
803 5878 1011 5951 ὲδόοης,
1049 5881 1149 5953 τὴν
1180 5879 1291 5934 τῶν
1319 5880 1550 5936 πολιτῶν
1588 5885 1682 5936 καί

88 5971 376 6046 ἐπηλύδων
427 5971 776 6055 καθαγιάζων
833 5973 1175 6061 φιλόχριστον
1237 5975 1517 6049 ἄθροισιν·
1588 5979 1680 6033 καὶ

1787 4769 2060 4841 pretiosas
2091 4772 2354 4844 reliquias
2388 4776 2894 4850 asservavit,atque
2933 4778 3170 4834 duorum
3199 4779 3368 4835 etiam

1785 4863 2318 4936 condiscipulorum,
2335 4884 2476 4940 quos
2499 4876 2762 4942 tanquam
2777 4872 3033 4929 victimas
3057 4873 3370 4928 immacula-

1782 4961 1871 5012 tas
1899 4965 1954 5012 ct
1987 4960 2302 5015 suavissimi
2344 4962 2530 5018 odoris
2572 4965 2882 5031 incensum,
2936 4965 3050 5023 Deo
3097 4966 3366 5023 obtulisti.

1785 5045 1830 5103 0
1859 5048 2169 5105 divinorum
2206 5067 2520 5122 prazconum
2568 5069 2635 5110 ac
2681 5071 3023 5115 summorum
3071 5059 3368 5130 praesulum

1783 5148 1840 5195 et
1868 5149 2170 5214 martyrum
2231 5145 2598 5216 amplissime!
2628 5146 2697 5203 Et
2748 5165 2909 5207 sacro
2947 5160 3130 5208 vestro
3168 5165 3368 5210 cruore

1784 5232 2036 5302 tinctam,
2067 5251 2134 5291 ex
2165 5253 2276 5308 quo
2308 5239 2580 5294 medicina
2611 5243 2861 5313 quaedam
2898 5259 2962 5299 ac
2990 5245 3168 5301 fontes
3203 5243 3271 5300 ad
3303 5245 3368 5300 li-

1783 5324 1906 5381 dem
1937 5327 2405 5400 confugientibus,
2434 5340 2489 5388 et
2517 5334 2861 5391 curationem
2882 5343 3072 5391 contra
3102 5336 3366 5392 molestas

1782 5419 2137 5490 aegritudines
2196 5424 2622 5495 exposcentibus
2689 5428 3004 5499 perenniter
3063 5429 3364 5499 proﬂuunt.

1785 5511 1961 5579 Quam
1983 5529 2110 5570 vere
2138 5514 2295 5571 beata
2321 5516 2571 5574 Parisina
2599 5519 2816 5585 civitas,
2841 5536 2964 5591 qua:
2983 5522 3364 5593 magnitudine

1785 5607 2006 5677 quidem
2033 5607 2222 5665 Galliae
2244 5611 2558 5668 civitatibus
2590 5614 2755 5677 cedit,
2781 5613 2910 5668 dum
2940 5630 3072 5670 vero
3094 5623 3167 5680 te,
3201 5631 3237 5672 o
3265 5617 3368 5674 do-

1783 5710 1996 5756 ctorum
2037 5705 2515 5772 praestantissime,
2536 5705 2855 5762 thesaurum
2888 5697 3364 5768 omnibus'mundi

1787 5791 1995 5848 divitiis
2022 5794 2426 5863 pretiosiorem,
2468 5796 2524 5851 in
2578 5796 2949 5854 haereditatcm
2995 5801 3226 5873 accepit,
3263 5819 3362 5874 pa-

1786 5893 2117 5956 tronumque
2159 5897 2214 5942 et
2261 5889 2646 5943 excubatorem
2676 5891 2989 5960 acquisivit,
3023 5895 3362 5966 splendidior

1783 5979 2000 6038 cunctis
2036 5988 2098 6077 et
2113 5979 2326 6070 heatjpr
2356 5981 2624 6058 appellata
2662 5985 2774 6047 est!
2802 5984 2864 6041 Ei
2899 5987 3042 6044 enim
3071 5995 3130 6048 ut
3154 5990 3358 6045 sancti.
