3874 6538
521 472 662 528 ·667

1743 477 1797 533 S.
1839 474 2147 533 DIONYSII
2191 474 2659 539 AREOPAGITIE

3714 487 3805 543 668

558 587 694 646 tudo
720 587 959 644 cmlcstls
984 586 1146 643 datus
1172 601 1255 652 es,
1283 587 1377 658 qui
1407 596 1609 645 emtum
1650 590 1852 646 civium
1887 601 1942 648 et
1972 591 2132 649 adve-

2240 599 2606 668 πνευματικὸς
2656 597 2831 662 ὄλϐος,
2863 597 3073 669 τρυφὴν
3102 597 3360 668 πορίζων,
3377 597 3440 651 οὐ
3468 599 3570 670 τὴν
3600 599 3692 656 ὼ
3717 618 3808 657 .-

558 695 754 736 narum
804 679 1007 734 Christi
1059 679 1328 736 colentem
1385 690 1636 738 sanctum
1674 682 1942 740 efﬁceres.
1967 683 2137 740 Datus

547 786 618 828 es
639 772 693 826 ei
719 770 887 827 etiam
919 777 978 825 ut
1005 772 1260 828 cmlestes
1287 771 1523 838 divitiae,
1555 789 1678 846 qua:
1723 774 1949 831 delicias
1996 790 2138 846 prae-

553 954 878 1026 dulcemque
925 954 994 1010 ad
1037 956 1202 1011 breve
1247 960 1462 1026 tempus
1492 964 1714 1028 gustum
1766 958 2046 1026 exhibent,
2080 966 2137 1014 et

554 1047 806 1102 celeriter
848 1046 1110 1102 labuntur
1155 1055 1317 1116 atque
1377 1046 1658 1116 deﬁciunt,
1701 1064 1837 1120 quas
1882 1057 2030 1106 terra
2078 1056 2136 1106 et

556 1152 710 1193 mare
746 1137 1086 1208 producunt,
1111 1145 1166 1196 et
1195 1141 1351 1196 sinus
1376 1154 1534 1198 sacer
1558 1157 1622 1198 ac
1645 1140 1843 1198 ﬂuvius
1881 1142 2134 1214 piscosus

553 1231 970 1303 profundusque
1012 1233 1362 1291 circumdans
1405 1243 1460 1291 et
1502 1235 1922 1292 circumsonans
1960 1237 2134 1292 altum

555 1323 872 1380 tenentibus
902 1323 1126 1382 Niliacis
1170 1325 1399 1383 aemulus
1426 1324 1666 1383 ﬂuentis.
1717 1325 1918 1384 Murus.
1953 1327 2134 1384 muni-

557 1415 810 1470 tissimus
843 1415 1150 1487 oppositus,
1175 1433 1286 1472 non
1312 1417 1622 1474 labentibus
1655 1424 1708 1474 et
1731 1419 1915 1489 politis
1945 1419 2134 1476 electis

553 1505 826 1576 lapidibus
878 1509 1238 1578 compositus,
1288 1509 1738 1581 propugnaculis,
1788 1509 2036 1565 turribus
2079 1517 2135 1565 et

493 1597 502 1664 ἕ
559 1611 842 1651 murorum
871 1595 1104 1669 fastigiis
1141 1607 1199 1655 ut
1227 1599 1469 1656 ferreum
1505 1608 1718 1672 septum
1749 1602 2005 1666 innixus,
2035 1601 2134 1657 sed

555 1699 649 1743 tua
679 1697 1007 1761 tuorumque
1035 1691 1466 1748 commilitonum
1493 1693 1906 1748 consecratione
1937 1692 2133 1748 funda-

555 1786 668 1844 tus,
701 1780 1008 1852 vestrisque
1029 1797 1157 1852 erga
1180 1781 1350 1837 Deum
1383 1782 1635 1855 benignis
1661 1782 1926 1853 precibus.
1950 1783 2129 1854 ignem

550 1888 582 1928 e
619 1873 759 1928 coelo
789 1873 1189 1931 deducentibus
1232 1873 1512 1940 fundatus,
1544 1890 1667 1946 quae
1719 1875 2131 1948 quinquagena-

556 1964 692 2027 rios,
724 1964 892 2035 390
913 1972 967 2019 et
999 1961 1372 2030 centuriones,
1390 1981 1454 2021 ac
1478 1943 1812 2027 millenarios
1839 1943 1989 2024 cum-
2005 1968 2131 2024 bar-
2160 1943 2204 2000 Β

549 2055 752 2112 baricis
807 2057 1026 2112 illorum
1096 2059 1429 2114 exercitibus
1490 2059 1802 2118 absumant.
1863 2060 2132 2120 Salutaris

547 2156 744 2219 portus
791 2149 1104 2220 propositus
1157 2166 1240 2216 es,
1272 2151 1581 2222 suscipiens
1627 2167 1724 2210 eos
1769 2153 1864 2223 qui
1911 2170 1980 2210 ex
2007 2155 2133 2212 vita:

547 2238 716 2309 hujus
749 2246 1074 2310 tempestate
1107 2241 1174 2295 ad
1203 2248 1424 2312 portum
1445 2243 1696 2310 tendunt,
1721 2251 1777 2300 et
1803 2252 2020 2314 pratum
2042 2262 2133 2302 ra-

549 2331 753 2388 tionale
785 2331 928 2405 quod
970 2332 1311 2404 amnigenam
1341 2334 1818 2406 circumjacentem
1853 2337 2134 2394 temerita-

551 2431 682 2488 tem,
714 2433 974 2496 tanquam
1012 2426 1206 2484 hortus
1237 2425 1328 2483 ille
1361 2427 1457 2500 qui
1490 2435 1608 2482 erat
1634 2427 1692 2482 in
1719 2426 1894 2493 Eden,
1923 2437 2127 2487 arceat.

547 2515 607 2570 in
638 2517 741 2572 hac
790 2526 942 2572 tuum
986 2519 1396 2576 sanctissimum
1426 2521 1688 2591 templum
1732 2529 1976 2578 erectum
2021 2528 2128 2590 est,

547 2607 696 2678 quod
727 2624 890 2666 omne
921 2611 1190 2683 singulari
1238 2611 1573 2683 benignitate
1608 2612 1860 2670 ﬁdelibus
1894 2614 2129 2686 refrige-

543 2699 698 2755 rium.
744 2709 988 2772 praestat,
1043 2717 1108 2758 ac
1163 2703 1504 2774 quibuslibet
1563 2703 1790 2776 spiritus
1851 2706 2130 2766 alimentis

548 2793 856 2862 oppositam
893 2809 1137 2850 mensam
1186 2795 1394 2866 implet,
1429 2811 1550 2867 qua:
1578 2797 1799 2853 animas
1821 2798 2008 2863 satiat,
2037 2797 2133 2854 llo-

542 2896 666 2937 rere
696 2885 994 2954 compellit,
1020 2893 1184 2957 atque
1221 2886 1596 2959 incorruptam
1624 2889 1790 2943 vitam
1844 2890 2126 2961 elargitur.

542 2972 686 3046 Ergo
717 2975 863 3032 sicut
911 2976 1139 3034 Parisiis
1167 2979 1354 3037 divino
1381 2986 1436 3036 et
1483 2979 1698 3038 caelesti
1751 2991 1918 3052 atque
1967 2981 2132 3053 spiri-

545 3066 681 3121 tuali
705 3069 867 3124 altari
904 3068 1190 3139 insistens,
1222 3071 1364 3127 inter
1390 3086 1486 3128 eos
1513 3071 1609 3143 qui
1659 3080 1840 3128 tecum
1877 3073 2128 3129 coronati

545 3165 675 3212 sunt
733 3159 946 3216 medius
1003 3161 1299 3233 benignum
1355 3160 1571 3231 Jesum,
1611 3162 1869 3219 universo
1923 3164 2128 3220 mundo

546 3250 843 3319 propitium
875 3251 1133 3318 reddens,
1165 3268 1327 3324 quem
1355 3253 1618 3322 dilexisti,
1654 3269 1817 3325 quem
1864 3256 2128 3326 praedica-
2153 3281 2196 3342 ο

517 3347 522 3354 ’
547 3345 639 3406 sti,
677 3358 774 3413 per
800 3358 963 3414 quem
994 3344 1172 3414 capite
1203 3352 1488 3402 truncatus
1513 3361 1774 3402 coronam
1795 3347 1958 3419 digne
1982 3357 2129 3404 retu-

545 3434 681 3499 listi,
717 3449 866 3489 nunc
895 3449 991 3489 eos
1020 3434 1114 3505 qui
1154 3434 1212 3490 in
1246 3451 1457 3491 sacram
1485 3451 1551 3492 ac
1593 3437 1961 3494 venerandam
1991 3438 2132 3493 hanc

548 3536 699 3582 tuam
728 3526 1101 3582 celebrhatem
1129 3534 1182 3582 et
1209 3528 1612 3599 optatissimam
1640 3529 1960 3586 memoriam
1991 3529 2134 3585 cele-

543 3623 673 3678 bres
721 3625 1027 3676 conventus
1079 3628 1284 3692 agunt,
1333 3620 1643 3687 laudantes,
1677 3635 1744 3676 ac
1801 3621 2133 3693 martyrium

548 3711 775 3784 praemio
805 3708 1192 3782 dignissimum
1235 3709 1594 3777 honorantes,
1620 3710 1889 3781 aspicere,
1923 3710 2131 3780 ample-

475 3838 495 3860 ι
546 3804 688 3872 xari,
724 3811 890 3874 atque
937 3802 1004 3858 iis
1039 3801 1177 3858 bene
1220 3802 1456 3873 precari,
1495 3817 1561 3858 ac
1609 3801 1908 3873 benignum
1961 3801 2133 3858 Deum

545 3897 842 3968 propitium
882 3895 1131 3962 reddere,
1163 3903 1218 3952 et
1247 3895 1506 3966 precibus
1537 3893 1868 3965 compellare
1899 3893 2054 3960 velis,
2080 3901 2135 3950 te

550 3989 786 4044 maxime
818 4002 883 4043 ac
911 3987 1252 4046 divinissime
1281 3987 1501 4059 praesul,
1534 3994 1838 4059 martyrum
1873 3985 2134 4042 illustris-

547 4079 706 4140 sime,
734 4079 1088 4136 obsecramus
1114 4087 1230 4135 uta
1263 4080 1512 4136 molestia
1539 4079 1682 4146 vitae,
1735 4092 1858 4150 quae
1896 4093 1998 4135 nos
2025 4079 2136 4134 cir-

548 4176 808 4235 cumstat,
838 4169 1104 4238 liberare;
1132 4169 1476 4242 tyrannidem
1505 4183 1627 4240 qua
1654 4183 1759 4226 nos
1792 4169 2136 4240 ingrassatur

549 4260 777 4326 tollere;
843 4276 1135 4318 mmrorem
1208 4276 1317 4331 quo
1367 4261 1534 4316 obsiti
1581 4275 1774 4317 sumus
1834 4261 2132 4331 repellere;

549 4352 1001 4422 tranquillitatem
1024 4367 1088 4408 ac
1113 4351 1442 4424 profundam
1471 4350 1796 4423 requietem,
1837 4361 1894 4410 et
1931 4361 2135 4410 statum

551 4446 964 4516 perturbatione
986 4461 1222 4502 vacuum
1253 4445 1522 4503 Ecclesiis
1558 4445 1826 4518 impertiri
1854 4446 2132 4517 dignetur,

553 4544 611 4589 ut
639 4552 768 4606 pace
798 4539 1116 4604 constituta,
1147 4545 1204 4594 et
1234 4554 1342 4593 una
1362 4538 1559 4594 divinae
1580 4538 1862 4610 religionis
1892 4554 2129 4594 concor-

2242 689 2468 762 ματικὸν
2499 690 2660 760 ὃγκον
2687 691 3043 758 αὐξάνουσαν,
3083 693 3185 746 καὶ
3215 690 3352 764 πρὸς
3383 691 3566 763 ﬂuxi:
3587 692 3687 746 τὴν
3715 695 3808 762 φά-

2239 797 2418 852 ρυγγα
2455 781 2887 851 γλυκαίνουσιν,
2919 781 3020 838 ω
3049 781 3248 836 Oh“
3277 781 3664 855 ἀπολλυμένην
3685 823 3701 846 ,
3727 787 3806 840 καὶ

2229 868 2550 939 φθίνοιεν,
2579 871 2650 942 ἢν
2695 871 2774 942 γῆ
2817 869 2912 924 καὶ
2960 869 3201 925 θάλασσα
3246 871 3424 943 φέρει,
3480 873 3579 927 καὶ
3622 874 3806 939 κόλπος

2235 958 2453 1032 ἱέρειος,
2509 962 2606 1016 καὶ¹
2644 961 2889 1034 ποταμὸς
2943 961 3262 1034 ίχθυοφόρος
3307 964 3402 1018 καὶ
3436 963 3807 1036 pauescas“

2235 1049 2578 1120 περικυκλῶν
2605 1051 2701 1106 καὶ
2731 1051 3009 1124 περιηχῶν
3038 1054 3151 1118 τοῖς
3184 1051 3533 1122 πελαγίζουσι
3581 1055 3804 1126 νειλῴοις

2233 1131 2609 1212 ἁμιλλώμενος
2640 1139 2896 1212 χεύμασι.
2932 1138 3122 1212 Τεῖχος
3145 1139 3488 1212 ὀχυρώτατον
3509 1141 3805 1212 προϐέϐλη-

2235 1245 2349 1295 σαι,
2381 1231 2468 1301 κού.
2499 1233 2683 1303 ῥυτοῖς
2720 1249 2781 1285 τε
2833 1229 2926 1286 καὶ
2960 1228 3169 1296 ξεστοῖς
3207 1230 3605 1302 ἐξειλεγμένοις
3654 1233 3806 1296 λίθοις

2233 1319 2510 1391 ήρμολογη
2517 1320 2677 1392 μένον
2699 1337 2760 1373 τε
2793 1319 2888 1374 καὶ⁸
2915 1319 3299 1392 δεδομημένον,
3338 1322 3432 1375 καὶ
3465 1323 3802 1396 προμαχῶσι,

2235 1411 2329 1466 καὶ
2361 1410 2612 1484 πύργοις,
2639 1413 2734 1466 καὶ
2761 1411 3049 1478 ἐπάλξεσιν
3077 1412 3497 1484 ἐρηρεισμένην,
3517 1411 3636 1467 οἷον
3659 1415 3803 1488 ἕρκος

2235 1502 2480 1575 σιδήρεον
2498 1543 2514 1568 ,
2545 1503 2680 1558 ἀλλὰ
2727 1505 2792 1576 τῇ
2829 1505 2896 1576 σῇ
2930 1520 2992 1559 τε
3039 1504 3133 1557 καὶ
3165 1503 3277 1558 τῶν
3310 1505 3421 1559 σῶν
3469 1504 3803 1576 συναθλητῶν

2231 1593 2690 1666 τεθεμελιωμένον
2707 1594 2972 1667 ἁγιστείᾳ,
2991 1594 3084 1648 καὶ
3095 1597 3213 1658 ταῖς
3227 1595 3519 1669 ὑμετέραις
3534 1597 3678 1670 πρὸς
3687 1598 3802 1650 Θεὸν

2232 1685 2605 1760 εὐπροσώποις
2625 1686 3051 1759 πεπυργωμένον
3079 1686 3370 1753 ἐντεύξεσι,
3393 1687 3505 1760 πῦρ
3525 1689 3804 1762 οὐρανόθεν

2234 1775 2619 1846 καταγούσαις,
2641 1777 3147 1850 πεντηκοντάρχους
3170 1794 3228 1832 τε
3261 1779 3353 1832 καὶ
3385 1775 3804 1851 ἑκατοντάρχους

2235 1867 2330 1922 καὶ
2380 1867 2690 1941 χιλιάρχους
2733 1867 3011 1933 ἀντιθέους
3050 1868 3148 1922 σὺν
3173 1871 3286 1934 τοῖς
3322 1869 3502 1924 αὐτῶν
3555 1870 3803 1942 βαρὸαρι-

2233 1963 2347 2024 κοτς
2417 1959 2809 2014 καταναλίσκον
2861 1959 3253 2031 στρατεύμασι.
3307 1961 3487 2033 Λιμὴν
3526 1962 3805 2033 πρόκεισαι

2233 2052 2666 2124 σωτήριος,ςτοὺς
2687 2054 2751 2106 ἐκ
2783 2051 3043 2124 βιωτικῆς
3080 2053 3620 2126 προσορμιζομένους
3652 2054 3804 2124 ζάλης

2231 2152 2640 2226 ὑποδεχόμενος,
2671 2153 2764 2206 καὶ
2807 2153 3068 2208 παντοίαν
3113 2153 3507 2226 περιστατικὴν
3538 2153 3803 2227 ἀπείργων

2230 2248 2581 2321 περιπέτειαν
2605 2265 2620 2279 ο
2675 2245 2878 2319 λειμὼν
2909 2246 3118 2319 νοητὸς,
3151 2247 3228 2311 ὡς
3263 2249 3292 2301 ὁ
3317 2247 3382 2300 ἐν
3419 2247 3590 2318 Ἐδὲμ
3636 2247 3801 2322 παράν-

2228 2340 2423 2406 δεισος,
2471 2341 2564 2394 καὶ
2580 2339 2641 2393 τὸ
2691 2339 2782 2393 σὸν
2816 2338 3103 2412 ἱερώτατον
3145 2337 3233 2392 ἐπ’
3287 2339 3426 2412 αὐτῇ
3479 2341 3801 2408 πεφύτευται

2228 2432 2453 2504 τέμενος
2485 2434 2665 2489 πᾶσαν
2715 2430 2806 2485 διὰ
2833 2431 2936 2502 τῆς
2966 2430 3174 2484 ἐνοίκου
3203 2430 3422 2502 χάριτος
3461 2434 3579 2495 τοῖς
3608 2435 3800 2496 πιστοῖς

2229 2520 2581 2593 ψυχαγωγίαν
2624 2522 3016 2594 παρεχόμενον,
3059 2521 3153 2576 καὶ
3186 2521 3556 2586 παντοδαπαῖς
3583 2541 3802 2595 πνευμα-

2228 2617 2407 2680 τικαῖς
2440 2615 2662 2679 ἐδωδαῖς
2707 2614 3016 2686 πλήθουσαν
3049 2613 3479 2686 παρατιθέμενον
3509 2615 3795 2686 τράπεζαν,

2227 2701 2403 2772 ψυχὰς
2422 2701 2706 2766 ἑστιῶσαν,
2721 2702 2813 2755 καὶ
2827 2699 3037 2756 θάλλειν
3054 2701 3331 2767 ποιοῦσαν,
3349 2704 3445 2756 καὶ
3465 2700 3617 2775 ζωὴν
3635 2704 3798 2776 προξεο

2227 2795 2420 2848 νοῦσαν
2459 2795 2556 2865 τὴν
2589 2794 2883 2866 ἄφθαρτον.
2936 2794 3022 2857 Ὠς
3049 2788 3142 2847 οὖν
3171 2795 3230 2848 ἐν
3288 2795 3529 2868 Παρισίᾳ
3578 2795 3659 2867 τῷ
3687 2797 3798 2869 θείῳ

2219 2886 2323 2966 ’καὶ
2355 2886 2678 2958 ἐπουρανίῳ,
2706 2886 2802 2940 καὶ
2822 2885 2992 2958 νοερῷ
3016 2885 3384 2959 θυσιαστηρίῳ
3406 2889 3797 2958 παριστάμενος

2227 2974 2336 3028 τῶν
2371 2974 2478 3028 σῶν
2525 2976 2927 3046 συστεφανιτῶν
2963 2976 3316 3048 μεσούμενος,
3349 2977 3442 3030 τὸν
3473 2977 3800 3048 εὐμείλικτττ

2228 3066 2368 3141 ὑπὲρ
2393 3067 2485 3121 τοῦ
2517 3069 2722 3138 κόσμου
2740 3068 2939 3132 παντὸς
2955 3068 3428 3140 ἐκμειλισσόμενος
3461 3069 3691 3139 Ἰησοῦν,
3721 3070 3799 3122 τὸν

2226 3159 2475 3230 ἀληθινὸν
2504 3159 2656 3225 Θεὸν,
2690 3161 2786 3213 καὶ
2817 3159 3078 3233 ίεράρχην
3101 3201 3116 3225 ,
3151 3161 3246 3214 καὶ
3281 3161 3698 3233 στεφανοδότην,
3720 3161 3801 3214 καὶ

2228 3247 2406 3320 πάσης
2415 3247 2582 3303 αἴτιόν
2600 3267 2660 3302 τε
2675 3249 2768 3303 καὶ
2784 3251 3018 3323 πάροχον
3031 3250 3408 3322 ἀγαθωσύνης,
3421 3251 3482 3306 δν
3495 3252 3799 3322 ἠγάπηκαῆ

2231 3336 2289 3390 ὃν
2304 3339 2635 3410 κεκήρυχας,
2669 3339 2736 3393 δι’
2753 3339 2812 3393 ὃν
2841 3340 3045 3410 αὐχένα
3075 3340 3301 3412 τμηθεὶς
3333 3340 3501 3406 ἀξίως
3527 3341 3594 3394 τὸ
3627 3341 3800 3410 στέφος

2232 3429 2558 3500 ἀπείληφας,
2571 3433 2698 3496 τοὺς
2721 3431 2817 3485 νῦν
2843 3433 3358 3505 συναγηγερμένους
3395 3434 3478 3496 είς
3496 3433 3705 3505 ταύτην
3720 3450 3799 3486 σου

2229 3522 2330 3594 τήν
2365 3521 2516 3594 ἱερὰν
2543 3523 2636 3577 καὶ
2677 3524 2880 3595 σεπτὴν
2913 3528 3240 3599 πανήγυριν,
3282 3525 3378 3580 καὶ
3427 3525 3529 3598 τὴν
3579 3526 3802 3601 πανερά-

2233 3612 2392 3684 σμιόν
2423 3630 2515 3666 σου
2545 3614 2761 3686 μνήμην
2793 3616 3156 3688 ἐορταστικῶς
3183 3617 3559 3683 ἐκτελοῦντας,
3577 3619 3672 3673 καὶ
3718 3617 3801 3689 τήν

2231 3703 2618 3774 ἀξιογέραστον
2651 3707 2954 3778 ύμνοῦντάς
3005 3726 3066 3762 τε
3101 3709 3194 3763 καὶ
3237 3707 3516 3780 τιμῶντας
3567 3709 3801 3781 ἄθλησιν,

2233 3795 2572 3864 ἐποπτεύοις,
2625 3799 2719 3852 καὶ¹
2766 3800 3084 3872 περιέποις,
3120 3801 3214 3856 καὶ
3257 3800 3538 3874 εύλογοίης
3561 3843 3578 3868 ,
3612 3802 3704 3856 τὸν
3732 3803 3798 3855 oi-

2234 3886 2502 3958 κτίρμονα
2533 3887 2665 3942 Θεὸν
2699 3887 3066 3962 ἐξιλεούμενος
3081 3893 3176 3946 καὶ⁵
3196 3892 3538 3964 πρεσϐεύων,
3558 3891 3801 3965 ἀρχιερεῦ

2235 3980 2476 4036 θειότατε
2528 3983 2620 4037 καὶ
2681 3985 2974 4059 μαρτύρων
3025 3986 3494 4058 περιφανέστατε,
3561 3989 3666 4059 τὴν
3719 3987 3802 4058 μὲν

2232 4071 2335 4142 τῆς
2379 4071 2880 4147 περιστοιχιζούσης
2947 4074 3068 4146 βίας
3126 4074 3422 4146 ἐπάχθειαν
3479 4075 3801 4146 ἀποστῆσαι,

2235 4163 2328 4216 καὶ
2358 4163 2456 4235 τὴν
2488 4164 2610 4218 καθ’
2645 4164 2801 4236 ήμῶν
2833 4166 3122 4238 τυραννίδα
3153 4166 3509 4222 καταπαῦσαι
3528 4207 3547 4234 ,
3598 4170 3694 4222 καὶ
3719 4167 3803 4237 τὴν

2235 4252 2644 4324 ἐπαχλύζουσαν
2677 4255 2953 4328 ἐπαμῦναι
2986 4259 3317 4330 κατήφειαν·
3347 4258 3597 4331 γαλήνην
3629 4259 3685 4313 δὲ
3718 4260 3797 4311 καὶ

2235 4344 2457 4417 βαθεῖαν
2499 4345 2800 4420 ἀταραξίαν
2841 4349 2964 4412 ταῖς
3021 4348 3340 4419 ἐκκλησίαις
3388 4349 3792 4420 ἐπὸραὸεὖσαι,

2235 4436 2514 4510 εἰρηναίαν
2556 4438 2907 4503 κατάστασιν,
2924 4438 3090 4505 ὅπως,
3123 4439 3344 4510 εἰρήνης
3377 4438 3794 4511 βραϐευομένης,

2235 4529 2330 4582 καὶ
2357 4529 2486 4600 μιᾶς
2501 4529 2646 4582 θείου
2671 4529 2937 4602 δόγματος
2957 4529 3274 4601 συμφωνίας
3297 4531 3390 4583 καὶ
3404 4533 3660 4602 ὁμονοίας
3680 4549 3797 4603 κραο

551 4627 662 4693 dia,
694 4638 748 4684 et
776 4630 1005 4700 paritate
1032 4630 1252 4687 consilii
1271 4631 1782 4696 dominante,verus
1805 4638 1860 4686 ct
1885 4645 2132 4686 summus

2235 4619 2456 4691 τούσης,
2475 4622 2504 4673 ὁ
2535 4619 2702 4685 ὅντως
2733 4618 3067 4700 ἀρχιποιμὴν
3100 4620 3195 4674 καὶ
3226 4621 3562 4693 είρηνάρχης
3583 4623 3798 4694 Χριστὸς

550 4719 643 4775 ille
673 4728 880 4790 pastor,
912 4729 966 4777 et
1016 4724 1272 4793 princeps
1311 4723 1462 4794 pacis
1492 4720 1748 4777 Christus
1780 4721 1850 4775 ab
1876 4722 2132 4778 omnibus

553 4813 886 4868 unaninntcr
913 4814 1266 4886 gloriticetur.
1293 4813 1468 4881 Quem
1488 4813 1646 4869 decet
1671 4813 1850 4868 omnis
1877 4813 2049 4884 gloria
2078 4821 2134 4869 et

553 4905 750 4971 honor,
788 4905 1075 4976 imperium
1135 4921 1260 4961 cum
1322 4905 1442 4977 ejus
1493 4904 1810 4988 Patre,qui
1858 4904 2132 4976 principio

553 5007 725 5062 caret,
758 4997 1002 5068 ejusdem
1033 4998 1378 5064 substantiae,
1409 5006 1464 5056 et
1496 4997 1705 5069 Spiritu
1749 5005 1942 5054 sancto
1975 4996 2132 5052 beni-

555 5103 682 5159 gno,
718 5089 950 5160 vitaeque
994 5090 1206 5157 datore,
1230 5106 1380 5148 nunc
1419 5098 1473 5148 et
1502 5105 1740 5163 semper,
1757 5097 1814 5149 et
1857 5090 1915 5148 in
1938 5104 2129 5162 perpe-

555 5187 679 5237 tuas
708 5181 1031 5239 saeculorum
1062 5183 1414 5242 teter-uitales.
1437 5180 1633 5241 Amen.

2240 4712 2393 4786 παρὰ
2425 4712 2643 4766 πάντων
2673 4713 2988 4784 ὁμοφρόνως
3019 4710 3311 4776 δοξάζοιτο,
3348 4705 3394 4780 ᾧ
3425 4713 3632 4785 πρέπει
3665 4715 3795 4765 πᾶσι

2231 4803 2380 4870 δόξα,
2415 4805 2510 4858 καὶ
2539 4802 2709 4876 τιμὴ,
2744 4804 2838 4858 καὶ
2869 4804 3071 4877 κράτος
3115 4805 3213 4858 σὺν
3260 4803 3339 4876 τῷ
3389 4805 3616 4877 ἀνάρχῳ
3647 4802 3793 4858 αὑτοῦ

2234 4899 2327 4951 καὶ
2357 4897 2629 4969 ὁμοουσίῳ
2659 4897 2966 4969 Γεννήτορι,
2997 4897 3092 4952 καὶ
3122 4895 3200 4968 τῷ
3232 4896 3484 4968 παναγίῳ
3529 4899 3624 4952 καὶ
3677 4897 3793 4963 ἁγα-

2233 4988 2344 5060 θῷ,
2379 4989 2476 5044 καὶ
2523 4988 2770 5060 ζωοποιῷ
2815 4988 2980 5043 αὐτοῦ
3026 4988 3305 5060 Πνεύματι
3340 5029 3356 5055 ,
3408 4987 3507 5042 νῦν
3558 4988 3653 5042 καὶ
3699 4985 3790 5044 ἀεὶ.

2234 5085 2330 5138 καὶ
2361 5085 2441 5149 είς
2471 5083 2598 5147 τοὺς
2629 5081 2966 5156 ἀπεράντους
2997 5080 3199 5148 αἰῶνας
3221 5080 3330 5136 τῶν
3347 5077 3583 5136 αἰώνων.
3617 5077 3789 5150 Ἀμήν.
