3874 6546
78 520 198 577 εδει

1083 519 1549 588 ΜᾹΙὶΊὙΒΙυΜ,
1602 518 1936 579 ΛυΟΤΟΙῐΕ
1988 520 2364 580 METHODiO.

3245 520 3357 578 ατο

710 653 1722 1014 Hii—131:

1799 657 2507 1015 Fet—(ﬁ

522 1104 752 1197 ΤΟΥ
791 1099 1135 1198 ᾹΓΙΟΥ
1188 1104 1792 1199 ΔΙΟΝΥΣΙοΥ
1843 1113 1915 1197 Τ
1919 1109 2073 1199 ΟΥ
2120 1102 2787 1201 ΑΡΕΙΟΠᾹΓΙΤ
2790 1111 2944 1201 ΟΥ

1099 1289 1260 1349 Κατά
1285 1290 1568 1363 Μεθόδιον,
1600 1288 1639 1362 ἢ
1687 1291 1764 1359 ὡς
1784 1290 1955 1362 ἄλλοι,
1984 1293 2370 1367 Μητρόδωρον.

1141 1629 2319 1794 MARTYRIUM

631 1916 1061 2037 ΒΕΑΤΙ
1141 1920 1805 2041 DIONYSII
1883 1922 2850 2044 AREOPAGITZE

981 2145 1260 2210 Auctore
1295 2144 1652 2251 Methodio,
1691 2147 1917 2230 vel,_ut
1944 2148 2081 2228 alii,
2102 2116 2495 2215 Metrodoro.

94 2308 292 2366 Petrus
341 2305 674 2375 Latiaseﬁus,
724 2306 1165 2382 Gravelinganus,
1218 2309 1666 2436 Societatt's‘desu
1711 2313 2008 2439 pltl'esbyter,
2064 2313 2555 2384 interpretationem
2610 2313 2794 2371 Gra'co
2835 2315 3070 2373 sermoni
3105 2316 3378 2387 adaptarit

1442 2399 1511 2439 no
1540 2398 1729 2439 ιεηιιει
1778 2396 2031 2439 «strauit.

1442 2396 1688 2455 nomth
1712 2396 2031 2441 utustrautt.

1686 2570 1757 2587 -ν

124 2660 128 2664 ’
161 2674 329 2729 Μετά
390 2674 491 2748 τὴν
554 2676 831 2752 μακαρίαν
863 2679 958 2734 καὶ
1002 2677 1355 2754 ἐνδοξοτάτην
1387 2680 1687 2737 ἀνάστασιν
1715 2733 1722 2745 ,

1859 2680 2216 2755 391-394
2249 2679 2379 2737 l'ost
2419 2680 2635 2737 beatam
2683 2680 3252 2756 gloriosissimamth
3279 2682 3386 2741 υο·

91 2767 186 2821 τοῦ
207 2770 423 2843 Κυρίου
457 2771 551 2825 καὶ
581 2770 717 2825 Θεοῦ
742 2771 899 2845 ἡμῶν
944 2774 1119 2845 Ἰησοῦ
1152 2774 1395 2850 Χριστοῦ
1417 2816 1433 2841 ,
1468 2779 1563 2832 καὶ
1593 2775 1692 2849 τὴν

92 2864 186 2918 τοῦ
222 2863 481 2937 ἀληθινοῦ
514 2864 649 2919 Θεοῦ
682 2865 937 2938 ἀνδρικοῦ
970 2867 1137 2923 αὐτοῦ
1210 2869 1341 2924 ναοῦ
1393 2870 1499 2925 ὑπὸ
1559 2870 1693 2926 ’1ου-

92 2956 293 3030 ὼῖκῆς
328 2959 695 3032 παρανομίας,
729 2959 805 3024 ὡς
838 2960 1000 3026 αὐτὸς
1036 2957 1179 3029 εἷπε,
1214 2962 1477 3019 διάλυσιν.
1513 2962 1694 3029 καθὼς

93 3052 161 3122 τῇ
205 3048 411 3104 ἑαυτοῦ
462 3049 582 3122 θείᾳ
614 3050 835 3124 ἐξουσίᾳ
882 3053 1183 3125 τριήμερος
1215 3056 1281 3109 ἐκ
1312 3054 1524 3128 νεκρῶν
1574 3058 1697 3130 ὲγῆ.

93 3154 329 3213 γερται·
367 3140 448 3195 ἔτι
489 3141 545 3195 δὲ
578 3142 674 3196 καὶ
724 3141 861 3214 μετά
892 3142 992 3215 τὴν
1038 3146 1103 3198 ἐκ
1134 3144 1236 3216 τῆς
1280 3145 1558 3224 ἡμετέρας
1599 3165 1696 3202 τα-

95 3230 419 3295 πεινώσεως
450 3230 629 3304 ἑαυτῷ
661 3231 805 3287 κατά
836 3230 1019 3304 σάρκα
1067 3232 1326 3307 ὑπεράνω
1372 3236 1558 3309 πάσης
1601 3237 1696 3292 οὐ-

98 3327 290 3398 ρανίου
329 3327 590 3399 στρατιᾶς
612 3366 627 3390 ,
663 3325 758 3380 καὶ
806 3324 993 3380 ἐπάνω
1043 3326 1229 3400 πάσης
1274 3330 1571 3403 ἀγγελικῆς
1601 3332 1697 3387 τά-

96 3416 234 3483 ξεωις
271 3415 484 3487 ’ὑψωσιν
517 3418 611 3471 καὶ
632 3414 919 3483 ἀνάϐασιν,
956 3417 1161 3493 καθέῆν
1192 3417 1271 3491 τῷ
1302 3421 1422 3493 Θεῷ
1459 3422 1553 3476 καὶ
1588 3422 1699 3476 [lam

95 3511 186 3582 τρὶ
234 3508 435 3563 ἑαυτὸν
485 3508 598 3579 ἰδίῳ
650 3508 916 3581 θελήματι
962 3508 1341 3583 προσήνεγκε·
1398 3513 1537 3585 μετά
1597 3512 1698 3585 τὴν

102 3602 219 3674 μεθ’
271 3602 495 3674 ἡμέρας,
526 3601 569 3655 ν’
601 3601 690 3673 διὰ
730 3602 833 3673 τῆς
879 3603 1043 3673 ἁγίας
1086 3603 1250 3658 αὐτοῦ
1278 3604 1603 3677 ἀναλήψεως
1636 3607 1694 3661 ὲν

96 3698 210 3759 τοῖς
242 3696 428 3765 ἁγίοις
459 3695 778 3759 ἀποστόλοις
798 3695 892 3749 τοῦ
912 3696 1069 3765 ἁγίου
1092 3695 1256 3751 αὐτοῦ
1274 3696 1591 3769 Πνεῦματος
1609 3696 1703 3752 ἕκ-

97 3807 278 3861 χυσιν,
299 3788 423 3843 καθ’
440 3789 505 3861 ἣν
528 3789 779 3855 ἐξουσίαν
805 3789 1058 3863 εἰλήφασι
1086 3789 1245 3861 δῆσαι
1265 3790 1360 3845 καὶ
1374 3789 1534 3846 λῦσαι
1559 3791 1694 3863 (54),

98 3884 190 3937 καὶ
240 3885 371 3946 ταῖς
424 3883 609 3951 ἁγίαις
645 3881 809 3937 αὐτοῦ
860 3881 1179 3955 ἐκκλησίαις
1243 3882 1512 3955 ἄρχοντας
1573 3901 1700 3957 προ-

100 3975 295 4048 έδρους
329 3972 758 4046 προστήσασθαι,
777 3970 961 4037 καθὼς
992 3970 1269 4045 προώρισε
1301 3971 1409 4045 πρὸ
1458 3971 1553 4027 τοῦ
1604 3974 1701 4029 τὸν

1791 2772 1927 2828 mini
1959 2787 2023 2827 ac
2076 2772 2172 2828 Dei
2228 2773 2401 2828 nostri
2452 2769 2582 2830 Jcsu
2640 2772 2848 2831 Christi
2902 2777 3383 2839 resurrectionem.

1792 2866 2019 2937 verique
2071 2865 2246 2937 ipsius
2278 2866 2489 2938 templi,
2540 2864 2856 2922 Judarorum
2902 2869 3134 2935 scelere,
3173 2879 3229 2925 ut
3272 2870 3389 2942 ipse

1792 2958 2144 3031 prtedixerat,
2179 2968 2526 3029 procuratam
2594 2957 3060 3024 dissolutionem.
3122 2961 3388 3032 quemado

1793 3050 2021 3107 modum
2049 3049 2233 3106 divina
2268 3064 2368 3105 sua
2410 3058 2683 3120 potestate
2737 3033 2899 3108 tertio
2927 3050 3017 3107 die
3066 3066 3097 3105 a
3157 3051 3389 3107 mortuis

1794 3144 2063 3200 excitatus
2091 3153 2179 3199 est
2213 3159 2227 3196 :
2266 3151 2390 3214 post
2418 3143 2712 3200 elationem
2743 3159 2811 3200 ex
2848 3153 3037 3200 nostra
3082 3142 3390 3213 humilitate.

1795 3246 1962 3303 quam
2010 3232 2116 3292 sibi
2166 3248 2335 3290 carne
2361 3243 2761 3306 assumpserat,
2792 3245 2847 3292 ct
2885 3249 3177 3291 ascensum
3223 3250 3392 3306 super

1796 3342 2017 3383 omnem
2051 3328 2332 3383 cazlestetn
2364 3327 2693 3393 exercitum,
2736 3341 3041 3399 omnesque
3070 3326 3391 3399 angelorum

1797 3418 2044 3485 ordines,
2069 3434 2180 3489 quo
2214 3416 2327 3475 Deo
2356 3428 2412 3475 cl.
2458 3416 2607 3473 Patri
2654 3433 2715 3475 sc
2748 3417 2928 3489 ipsum
2980 3433 3080 3477 sua
3112 3418 3393 3476 voluntate

1799 3510 2033 3565 obtulit:
2069 3519 2193 3581 post
2250 3508 2427 3566 sancti
2484 3509 2608 3581 ejus
2659 3508 2895 3581 Spiritus
2929 3509 2984 3566 in
3020 3521 3244 3568 sanctos
3267 3525 3373 3583 apo

1799 3603 1973 3699 Stolos
2003 3600 2328 3658 eiIusionem
2355 3604 2501 3673 (qua:
2549 3612 2675 3675 post
2708 3603 3107 3675 quinquaginta
3147 3603 3266 3659 dies
3299 3618 3394 3674 per

1801 3695 2050 3753 sanctam
2071 3696 2191 3767 ejus
2219 3695 2655 3768 assumptionem
2679 3697 2878 3753 collata
2906 3696 3029 3767 fuit)
3050 3710 3157 3769 qua
3189 3697 3392 3769 ligandi
3491 3714 3500 3727 ·

1800 3798 1964 3860 atque
2012 3786 2259 3844 solvendi
2291 3799 2620 3860 acceperunt
2660 3798 3025 3860 potestatem,
3076 3790 3396 3860 sanctisque

1800 3880 1922 3950 ejus
1949 3880 2200 3937 ecclesiis
2224 3880 2504 3953 principes
2548 3880 2902 3952 prccliciendt,
2934 3880 3095 3938 sicuti
3126 3894 3253 3938 ante
3303 3896 3396 3936 or-

1802 3970 1929 4027 bem
1963 3971 2248 4026 conditum
2293 3972 2698 4041 constituerat;
2739 3987 2885 4028 anno
2913 3981 3109 4029 octavo
3135 3982 3189 4027 ct
3217 3972 3394 4028 octin-

101 4054 312 4139 κόσμον
343 4064 627 4136 γενέσθαι’
655 4063 794 4138 μετά
826 4064 1051 4136 καιροὺς
1074 4063 1177 4133 τῆς
1208 4063 1478 4132 γενέσεως
1505 4064 1709 4130 πόλεως

1811 4063 2119 4136 gcutcsimo
2147 4073 2270 4134 post
2298 4074 2482 4119 natam
2516 4064 2771 4131 Romam,
2798 4080 2925 4121 cum
2955 4064 3242 4134 imperiam
3272 4064 3395 4119 adc-

111 4158 340 4233 Ῥὡμης
388 4160 447 4213 ὲν
489 4156 599 4215 ἔτει
654 4155 1002 4230 ὀγδοηκοστῷ
1055 4155 1225 4227 ὀγδόῳ
1263 4154 1400 4227 (55),
1444 4156 1699 4211 ἐπιλαθο-

105 4256 268 4327 μένου
305 4253 406 4323 τὴν
438 4252 613 4326 ἀρχὴν
645 4252 901 4327 Νέρωνος
932 4250 1235 4321 Καίσαρος,
1254 4248 1508 4322 πέμπτου
1531 4250 1699 4307 αὑτοῦ

102 4352 255 4418 ὄντος
290 4350 401 4405 ἀπὸ
431 4347 765 4418 Αὐγούστου,
801 4346 829 4399 ὁ
865 4341 1137 4416 μακάριος
1169 4341 1377 4418 Πέτρος
1408 4344 1437 4396 ὁ
1469 4342 1701 4399 ἀπόστο-

103 4443 190 4509 λος
220 4442 366 4515 μετά
400 4442 494 4496 καὶ
522 4439 633 4493 τῶν
679 4437 882 4510 ἑτέρων
928 4433 1247 4489 ἀποστόλων
1297 4434 1701 4499 ἀποσταλέντες

104 4537 343 4611 κηρύξαι
379 4534 493 4607 (56)
526 4533 587 4586 τὸ
608 4528 942 4600 Εὑαγγὲλιον
976 4526 1130 4600 πάσῃ
1160 4528 1226 4597 τῇ
1261 4526 1697 4601 οἰκουμὲνίι,αὺ-

103 4631 192 4695 τὸς
229 4630 354 4702 μεθ’
390 4626 551 4681 ἱκανὰ
582 4625 677 4696 ἔτη
711 4623 806 4677 τοῦ
840 4620 1008 4676 αὑτοῦ
1043 4618 1397 4692 κηρύγματος
1428 4620 1528 4691 τὴν
1562 4622 1701 4694 ὑψη-

104 4721 338 4793 λοτάτην
414 4719 701 4790 Ῥωμαίων
748 4711 1137 4787 βασιλεύουσαν
1180 4707 1401 4781 Ῥώμην
1464 4714 1701 4768 καταλα-

106 4815 234 4881 ϐὼν,
261 4814 487 4869 κάκεῖσε
509 4809 743 4885 κηρύξαι
760 4805 1052 4880 οὐρανόθεν
1085 4802 1464 4873 ἐνεπιστεύθη,
1490 4805 1597 4869 ἵνα,
1624 4806 1699 4872 ὡς

105 4908 404 4979 κορυφαῖος
444 4903 555 4959 τῶν
603 4901 777 4971 ἁγίων
823 4896 1138 4953 ἀποστόλων
1182 4891 1243 4944 ἐν
1282 4894 1351 4964 τῇ
1398 4895 1551 4961 τάξει
1598 4896 1701 4969 τῆς

106 5000 413 5069 ἀποστολῆς
444 4996 718 5067 γεγονὼς,
772 4995 990 5069 πρῶτος
1036 4994 1095 5047 ἐν
1139 4995 1334 5068 Ῥώμῃ
1375 4990 1595 5062 γίνηται
1638 4990 1700 5043 ἐν

105 5097 218 5160 τοῖς
249 5092 431 5162 ἀγῶσι
483 5088 828 5161 συμμέτοχος
869 5086 980 5140 τῶν
1020 5087 1119 5142 τοῦ
1152 5087 1392 5162 Χριστοῦ
1436 5083 1697 5155 παθημά-

106 5203 212 5240 των
235 5203 249 5216 ο
284 5183 381 5238 καὶ
401 5182 509 5253 γὰρ
540 5182 573 5251 ἡ
607 5181 783 5244 πόλις,
803 5179 880 5243 ὠς
903 5178 1160 5250 μεγάλοις
1184 5176 1516 5250 συνεχομένη
1538 5176 1702 5247 σφάλ-

113 5294 266 5348 μασι,
305 5274 546 5347 μείζοσιν
578 5269 779 5344 ἔχρῃζε
818 5269 1039 5343 τρόποις
1084 5270 1463 5343 διορθωθῆναι,
1492 5269 1608 5332 ἵνα,
1633 5266 1698 5323 οῦ

107 5365 173 5441 ἦν
202 5372 239 5441 ή
296 5367 476 5437 πλάνη
529 5365 831 5438 βαρυτάτη,
882 5363 1000 5417 ἐκεῖ
1030 5364 1257 5435 γένηται
1321 5363 1416 5419 καὶ
1461 5364 1496 5434 ή
1541 5363 1701 5434 χάρις

114 5435 540 5533 hamata;
567 5435 752 5521 x'aoc‘o;
782 5454 1020 5530 εἴρηταιν
1037 5457 1066 5510 ὁ
1087 5456 1350 5528 τύραννος
1380 5455 1477 5510 καὶ
1504 5454 1707 5526 ἀηδὴς
1733 5435 1776 5495 (³

110 5556 302 5626 Νέρων
332 5553 435 5625 τὴν
467 5553 570 5625 γῆν
605 5551 701 5606 καὶ
731 5549 831 5622 τὴν
874 5550 1152 5605 θάλασσαν
1182 5550 1427 5617 οἰόμενος
1458 5548 1700 5604 καθυπο-

110 5649 269 5716 τάξαι
288 5648 354 5718 τῇ
379 5645 575 5701 ἑαυτοῦ
612 5641 1061 5717 τυραννίδι,ὀργῇ
1094 5641 1357 5713 ἁπηνείας
1380 5639 1572 5695 ἑαυτοῦ
1605 5642 1701 5695 καὶ

115 5742 400 5814 ίταμότητι
436 5739 635 5813 μανίας
667 5737 946 5808 λυσσήσας
968 5773 988 5799 ,
1052 5738 1195 5791 κατά
1230 5734 1339 5789 τῶν
1371 5734 1575 5789 δούλων
1606 5734 1700 5789 τοῦ

113 5833 346 5904 Χριστοῦ
388 5833 620 5904 ἐξήφθη,
650 5831 747 5886 καὶ
767 5831 824 5883 ὲν
860 5828 936 5900 τῷ
978 5827 1559 5899 τεσσαρεσκαιδεκάτῳ
1591 5828 1701 5881 ἔτει

113 5929 209 5997 τῇς
243 5926 409 5983 αὑτοῦ
430 5926 757 5999 τυραννικῆς
779 5923 1212 5994 αὐτοκρατορίας
1244 5922 1369 5986 τοὺς
1397 5921 1701 5994 μακαρίους

1801 4167 1929 4228 plus
1945 4165 2095 4214 esset
2122 4155 2268 4213 Nero
2292 4156 2501 4220 Caesar,
2534 4156 2765 4227 quintus
2796 4156 2865 4210 ab
2894 4158 3166 4227 Augusto,
3202 4156 3393 4211 beatus

1800 4249 1964 4321 395
1997 4249 2191 4306 Petrus
2223 4248 2506 4319 apostolus
2553 4263 2681 4305 cunt
2738 4249 2863 4305 alits
2918 4251 3083 4303 etiam
3129 4248 3394 4319 apostolis

1803 4341 2030 4405 missus,
2054 4340 2148 4409 qui
2184 4337 2534 4412 Evangelium
2588 4338 2847 4395 universo
2894 4338 3012 4396 orbi
3048 4338 3391 4409 praedicaret.

1803 4432 1852 4491 ls
1886 4443 2007 4505 post
2058 4434 2259 4489 multos
2289 4446 2466 4489 annos
2498 4432 2908 4504 praedicationis
2964 4448 3102 4496 sure,
3135 4448 3393 4504 suprema

1802 4528 1938 4583 urbe
1969 4525 2141 4582 ltoma
2178 4536 2445 4597 occupata
2476 4536 2531 4582 ct
2560 4527 2769 4586 delecta
2795 4566 2814 4594 ,
2860 4527 2933 4582 ibi
2965 4526 3233 4584 divinitus
3259 4543 3395 4598 prae-

1801 4618 2019 4675 dicandi
2046 4633 2248 4674 munus
2275 4617 2515 4689 accepit,
2548 4626 2608 4673 ut
2642 4618 2801 4688 quasi
2832 4630 3018 4674 vertex
3064 4629 3116 4675 et
3140 4618 3396 4690 princeps

1802 4727 2119 4773 sanctorum
2144 4714 2518 4787 apostolorum
2543 4713 2597 4770 in
2618 4714 2812 4772 ordine
2836 4713 3083 4771 muneris
3104 4714 3392 4786 apostolici

1805 4809 2005 4871 iactus.
2036 4808 2251 4878 primus
2301 4805 2491 4865 Roma:
2521 4808 2575 4863 in
2623 4808 3026 4865 certamin-ibus
3051 4822 3243 4865 eorum
3273 4822 3396 4880 qua:

1800 4904 2059 4960 Christus
2136 4917 2434 4975 perpessus
2517 4912 2638 4959 erat
2680 4942 2698 4968 ,
2756 4903 2945 4960 socius
3000 4918 3066 4959 ac
3120 4904 3396 4974 particeps

1803 4996 1974 5053 ﬁeret.
2006 4995 2149 5054 Urbs
2195 4995 2342 5052 enim
2407 4995 2499 5051 illa
2533 4995 3041 5066 ,quemadmodum
3086 4995 3139 5050 in
3182 4994 3396 5067 magnis

1799 5087 2081 5145 erroribus
2123 5086 2474 5153 versabatur,
2504 5085 2588 5144 sic
2640 5086 2946 5158 majoribus
2984 5086 3240 5144 remediis
3268 5101 3397 5158 cge-

1802 5177 1895 5233 bat
1926 5186 1984 5232 ut
2012 5176 2417 5248 corrigeretur;
2449 5186 2507 5231 ut
2539 5176 2630 5231 ubi
2658 5176 3022 5248 gravissimus
3050 5187 3169 5232 erat
3215 5188 3392 5242 error,

1802 5267 1875 5322 ibi
1902 5265 2066 5322 etiam
2104 5266 2344 5320 maxima
2386 5265 2561 5337 gratia
2593 5266 2920 5324 abundaret.
2963 5264 3165 5321 Deinde
3203 5281 3394 5337 quent-

1803 5359 2096 5415 admodum
2127 5358 2333 5414 dictum
2367 5368 2474 5423 est,
2508 5368 2782 5431 tyrannus
2806 5369 2859 5417 et
2891 5359 3093 5430 impius
3121 5356 3391 5430 Nero,qui

1807 5467 1868 5511 se
1887 5451 2162 5527 tyrannidi
2192 5465 2306 5508 sum
2334 5460 2535 5507 terram
2556 5462 2611 5509 et
2636 5469 2784 5510 mare
2806 5454 3166 5509 subacturum
3201 5464 3398 5523 spera-

1807 5559 1909 5613 ret,
1959 5547 2146 5603 turorc
2194 5546 2539 5603 crudelitatis
2579 5562 2714 5610 sua},
2794 5545 2957 5617 vique
3030 5548 3285 5601 amentiae
3334 5546 3389 5602 in

1803 5638 2009 5696 rabiem
2044 5639 2273 5695 adactus
2306 5638 2358 5693 in
2389 5639 2595 5694 (thristi
2618 5652 2809 5695 servos
2837 5638 3068 5699 exarsit.
3096 5652 3160 5692 ac
3189 5648 3392 5708 quarto

1801 5732 2016 5788 decimo
2051 5731 2323 5803 tyrannici
2362 5731 2575 5804 imperii
2630 5729 2714 5787 sui
2752 5744 2918 5791 anno.
2942 5729 3131 5787 beatos
3166 5729 3389 5788 l’etrum

1801 5837 1857 5884 ct
1904 5824 2133 5882 Paulum
2183 5826 2370 5897 iniqua
2406 5836 2583 5880 morte
2639 5824 3063 5887 condemnavit,
3093 5839 3190 5895 per
3244 5824 3389 5882 beati

1803 5936 1992 5978 ..οι-ιιιιι
2027 5920 2312 5992 sanguinis
2340 5918 2662 5976 eﬂusionem
2686 5961 2706 5984 ,
2726 5928 2780 5975 et
2812 5931 2907 5988 per
2950 5916 3194 5989 martyrii
3225 5915 3390 5971 victo

121 6021 319 6092 Πέτρον
352 6024 444 6080 καὶ
496 6018 707 6077 Παῦλον
758 6016 930 6091 ἀδίκῳ
974 6015 1188 6099 θανάτῳ
1238 6014 1556 6075 κατεδίκασε
1583 6056 1601 6091 ,
1635 6015 1703 6073 δι’

1807 6016 1944 6073 riam
1977 6028 2075 6086 pro
2104 6013 2336 6085 meritis,
2360 6009 2464 6071 ctsi
2512 6010 2735 6084 invitus,
2769 6024 2864 6069 eos
2922 6010 2987 6066 ad
3022 6023 3248 6081 regnum
3275 6021 3391 6065 CG)-

1711 6112 1815 6136 ἀτ-

3284 2108 3754 2259 δεμ.
