3874 6540
565 491 664 549 671

1730 500 1788 556 S.
1828 497 2124 556 DIONYSII
2158 495 2620 556 AREOPAGITIE

3695 497 3786 562 δη

568 610 744 663 lorum
775 609 1130 680 praemittens.
1175 609 1565 669 Verumtamen
1606 617 1899 683 antequam
1943 613 2108 668 beatu

2236 610 2512 683 ἐκχύσεως
2537 611 2652 684 (57)
2685 612 2781 666 τοῦ
2815 612 3086 684 μακαρίου
3118 613 3297 668 αὐτῶν
3325 612 3688 685 αῖματος,καὶ
3711 615 3781 669 διὰ

565 701 758 758 Petrus
789 702 1014 760 victoria
1043 707 1291 778 martyrii
1322 707 1488 763 vitam
1529 723 1650 778 qua:
1673 707 1729 762 in
1769 721 1937 777 regno
1965 705 2133 760 caelo-

563 807 686 849 rum
714 782 947 866 degitur,
964 798 1194 854 meritus
1219 807 1387 866 esset,
1404 795 1564 856 beato
1583 798 1851 856 Clementi
1880 796 2135 854 Ecclesiae

562 892 886 954 potestatem
925 889 1117 944 tribuit
1155 890 1242 947 his
1262 892 1444 947 verbis
1477 910 1490 947 :
1523 911 1541 944 ι
1561 890 1632 947 Ut
1661 907 1692 947 a
1730 890 1961 946 Domino
2010 901 2132 944 meo

555 977 687 1035 Jesu
715 978 934 1037 Christo
978 982 1185 1054 ligandi
1212 990 1376 1056 atque
1415 971 1660 1040 solvendi
1705 985 1838 1040 mihi
1867 995 2131 1038 concessa

555 1077 640 1124 est
687 1077 966 1140 potestas,
1013 1074 1101 1130 sic
1137 1076 1383 1132 eamdem
1432 1091 1648 1148 quoque
1695 1083 2023 1148 potestatem
2072 1075 2130 1134 in

555 1168 876 1232 perpetuum
903 1163 1004 1219 tibi
1028 1163 1099 1221 do
1125 1174 1179 1222 et
1197 1165 1392 1233 tribuo,
1409 1175 1468 1224 ut
1494 1169 1879 1238 quemcunque
1907 1168 2130 1225 interra

552 1252 806 1321 ligaveris
831 1295 847 1322 ,
906 1256 963 1311 in
994 1258 1152 1314 ccelis
1208 1259 1409 1330 ligatus
1441 1261 1568 1317 sit.»
1622 1260 1774 1316 Hanc
1801 1265 2127 1329 potestatem

550 1341 764 1409 plenam
795 1352 849 1398 et
893 1346 1190 1413 perfectam
1241 1349 1476 1419 posteris
1508 1353 1601 1425 qui
1632 1351 1857 1424 perfecti
1895 1362 1950 1409 et
1974 1354 2127 1428 digni

549 1441 735 1488 essent
761 1435 817 1490 in
846 1435 1108 1495 Ecclesiis
1131 1442 1322 1510 praeire
1346 1483 1361 1508 ,
1394 1452 1596 1500 sortem
1620 1446 1706 1501 vel
1751 1445 2126 1504 hzereditatem

549 1527 790 1597 reliquit.
824 1528 901 1584 Ac
924 1529 992 1585 de
1023 1532 1108 1587 his
1137 1534 1377 1604 quidem,
1403 1537 1660 1606 quoniam
1697 1554 1764 1594 ex
1787 1541 2126 1596 connexione

547 1621 1044 1694 consecutioueque
1070 1626 1216 1682 illius
1241 1629 1556 1698 apostolicze
1579 1627 1838 1686 Ecclesiae
1866 1631 2125 1703 temporis

461 1697 483 1762 ἒ
547 1725 720 1779 pauca
743 1712 1004 1783 diximus,
1054 1717 1123 1773 ad
1180 1719 1326 1776 beati
1358 1720 1604 1793 Dionysii
1643 1723 1945 1778 certamina
1993 1716 2128 1778 con-

546 1800 809 1856 vertimus
853 1805 1181 1874 orationem,
1215 1821 1297 1875 ut,
1325 1811 1468 1865 sicut
1493 1811 1700 1866 dictum
1750 1819 1853 1877 est,
1888 1827 1956 1868 ex
1989 1821 2125 1869 tem-

545 1904 739 1958 porum
779 1899 1170 1967 consequentia
1197 1901 1264 1956 de
1298 1916 1363 1956 eo
1394 1917 1566 1972 pauca
1597 1919 1906 1963 narremus.

2233 705 2390 776 νίκης
2452 706 2752 778 μαρτυρίου
2809 706 2974 774 ἀξίως
2996 746 3012 772 ,
3058 706 3154 760 καὶ
3184 707 3260 771 ὡς
3291 706 3440 760 ἄκων
3471 707 3780 779 προπέμψας

2236 795 2433 862 αὐτοὺς
2462 797 2542 861 είς
2572 797 2670 869 τὴν
2701 796 2809 852 τῶν
2860 797 3104 870 οὐρανῶν
3153 797 3446 869 βασιλείαν.
3474 800 3670 870 Ὅμως
3693 798 3779 870 πρὸ

2231 888 2329 943 τοῦ
2359 889 2450 943 τὸν
2483 890 2750 962 μακάριον
2777 890 2979 964 Πέτρον
3021 889 3110 944 διὰ
3142 891 3240 962 τῆς
3264 890 3421 963 νίκης
3452 890 3555 945 τοῦ
3598 909 3779 964 μαργο.

2235 979 2350 1052 ρίου
2384 981 2782 1054 καταξιωθῆναι
2815 983 2915 1054 τῆς
2948 985 3004 1037 ἐν
3035 986 3102 1055 τῇ
3135 983 3243 1037 τῶν
3267 984 3517 1056 οὐρανῶν
3564 985 3779 1058 βασιλείᾳ

2233 1073 2618 1146 συνδιαγωγῆς,
2662 1075 2742 1146 τῷ
2791 1075 3044 1149 μακαρίῳ
3098 1077 3376 1149 Κλήμεντι
3425 1077 3532 1150 τὴν
3561 1076 3778 1142 ἐξουσίαν

2227 1165 2329 1238 τῆς
2363 1167 2690 1240 Ἐκκλησίας
2708 1164 2972 1240 παρέθετο
2999 1158 3170 1237 λέγων
3188 1185 3202 1202 ·
3232 1188 3250 1221 ι
3286 1163 3498 1242 Ὠσπερ
3531 1171 3682 1241 παρὰ
3703 1171 3778 1223 τοῦ

2227 1257 2456 1329 Κυρίου
2481 1275 2583 1332 μου
2632 1257 2806 1330 Ἰησοῦ
2864 1259 3100 1332 Χριστοῦ
3154 1260 3314 1314 λῦσαι
3355 1262 3448 1315 καὶ
3487 1261 3651 1333 δῆσαι
3680 1261 3777 1331 ἐμοὶ

2226 1348 2522 1423 δεδώρηται
2555 1351 2791 1417 ἐξουσία,
2830 1351 2972 1407 οὕτω
2997 1352 3090 1406 καὶ
3115 1353 3212 1425 τήν
3243 1353 3410 1426 αὐτὴν
3430 1353 3681 1420 ἐξουσίαν
3709 1357 3778 1408 αξ.

2225 1443 2400 1506 ωνίως
2418 1443 2692 1515 δωροῦμαι
2725 1461 2806 1497 σοι
2829 1445 2922 1498 καὶ
2942 1443 3130 1516 δίδωμι
3153 1445 3284 1518 (58),
3306 1446 3394 1500 ῐνα
3421 1446 3483 1500 ὃν
3514 1446 3681 1521 δήσῃς
3706 1447 3777 1499 ἐπὶ

2225 1533 2326 1604 τῆς
2362 1533 2485 1603 γῆς,
2507 1532 2657 1588 ἔσται
2688 1533 2964 1605 δεδεμένος
2996 1535 3054 1589 ἐν
3085 1537 3200 1599 τοῖς
3230 1536 3500 1608 οὐρανοῖς.
3529 1554 3558 1590 ι
3590 1537 3778 1606 Ταύτην

2225 1623 2322 1696 τὴν
2353 1623 2600 1693 ἐξουσίαν
2635 1625 3067 1702 πεπληρωμένην
3109 1632 3222 1692 τοῖς
3255 1628 3555 1697 μετέπειτα
3581 1627 3778 1692 τελείοις

2226 1717 2320 1771 καὶ
2348 1716 2519 1784 ἀξίοις
2549 1718 2606 1771 ἐν
2658 1718 2780 1783 ταῖς
2824 1718 3143 1791 ἐκκλησίαις
3176 1719 3453 1791 προελθεῖν
3491 1721 3778 1776 καταλέλοι-

2225 1827 2295 1864 πε
2320 1811 2536 1882 κλῆρον.
2573 1810 2708 1881 Περὶ⁵
2757 1810 2854 1882 μὲν
2885 1810 3088 1866 τούτων
3136 1813 3202 1864 ἐκ
3231 1811 3331 1882 τῆς
3363 1811 3682 1876 ἀκολουθίας
3701 1810 3776 1864 τοῦ

2225 1907 2344 1960 κατ’
2392 1905 2568 1959 ἐκεῖνο
2609 1903 2804 1975 καιροῦ
2837 1903 2939 1974 ﬁ};
2988 1919 3050 1958 τε
3099 1903 3457 1976 ἀποπολικῆς
3509 1905 3776 1976 ἐκκλησίας

542 1979 598 2031 ἒ]
630 1982 793 2055 ὀλίγῳ
826 1987 1234 2060 διηγησάμενοι,
1275 1993 1367 2046 ἐπὶ
1392 1996 1516 2058 τοὺς
1563 1997 1657 2050 τοῦ
1720 2000 1989 2073 μακαρίου
2039 1997 2312 2055 Διονυσίου
2359 1996 2577 2066 ἀγῶνας
2617 1995 2927 2067 μετενέγκω
2970 1994 3064 2050 τὸν
3105 1995 3280 2065 λόγον,
3325 1997 3432 2063 ἵνα,
3467 1996 3656 2062 καθὼς
3703 1996 3774 2050 λέ-

540 2072 743 2140 λεκται,
775 2078 839 2130 ἐκ
855 2079 956 2150 τῆς
996 2080 1104 2134 τῶν
1148 2083 1354 2156 χρόνων
1401 2086 1719 2155 ἀκολουθίας
1768 2072 1894 2164 περὶ
1935 2090 2097 2145 αὐτοῦ
2118 2089 2276 2158 ὀλίγα
2303 2086 2676 2156 διεξέλθωμεν.

611 2249 743 2306 Post
794 2253 1166 2312 clarissimum
1226 2257 1442 2320 Domini
1499 2271 1554 2320 et
1608 2264 1706 2322 Dei
1756 2269 1936 2324 nostri
1984 2267 2118 2326 Jesu

537 2340 742 2397 Christi
771 2345 827 2398 in
880 2349 1050 2404 caelos
1099 2365 1390 2409 ascensum
1415 2394 1430 2422 ,
1467 2357 1659 2414 beatus
1705 2358 1950 2429 Paulus,
1995 2360 2118 2432 Spi-

536 2434 679 2487 ritus
708 2436 887 2489 sancti
912 2453 1182 2495 concessu
1214 2451 1269 2498 et
1299 2461 1546 2515 munere,
1575 2451 1644 2506 ab
1665 2466 1852 2508 errore
1881 2453 2120 2524 perﬁdiae

536 2517 593 2573 in
624 2522 768 2576 viam
814 2525 1011 2582 salutis
1053 2529 1236 2599 rediit,
1269 2534 1344 2588 ita
1388 2543 1450 2590 ut
1501 2539 1662 2594 iidem
1692 2548 1746 2596 et
1774 2542 2115 2613 religionem,

534 2626 699 2682 quam
739 2615 901 2683 paulo
929 2625 1055 2674 ante
1092 2625 1542 2694 Oppugnavisset,
1565 2631 1782 2687 tandem
1821 2633 2113 2702 expletam,

534 2718 662 2758 cum
713 2706 873 2764 laude
908 2716 962 2764 et
985 2711 1156 2782 gloria
1184 2717 1578 2786 prmdicaverit,
1610 2721 1932 2800 Dominique
1954 2727 2118 2782 insti-

531 2803 655 2851 tuto
678 2797 733 2851 in
764 2800 1018 2870 gentibus
1041 2803 1218 2862 factus
1237 2808 1309 2864 sit
1337 2825 1432 2866 vas
1461 2797 1762 2871 electionis.
1806 2815 1943 2872 Tum
1970 2818 2116 2884 enim

531 2900 647 2945 tun
682 2890 899 2948 Domini
924 2897 1098 2952 nostri
1124 2897 1255 2955 Jesu
1285 2902 1492 2962 Christi
1521 2921 1725 2964 nomen
1747 2909 1953 2980 ignaris
1982 2926 2115 2982 gen-

526 2979 678 3038 tibus
711 2983 1037 3055 praedicans,
1066 2988 1310 3048 Athenas
1340 2996 1508 3062 venit,
1541 3005 1706 3069 atque
1744 2979 1819 3056 ibi
1861 2979 2112 3058 sanctum

527 3071 694 3126 etiam
720 3075 898 3132 virum
930 3077 1080 3134 hunc
1103 3079 1457 3154 Dionysium,
1488 3087 1735 3158 gentium
1765 3091 2014 3147 moribus
2058 3099 2114 3148 et

527 3159 798 3219 institutis
825 3165 987 3235 paulo
1028 3176 1154 3225 ante
1204 3170 1573 3243 implicatum,
1608 3177 1676 3232 ad
1727 3179 1872 3233 viam
1916 3181 2112 3240 salutis

528 3251 696 3307 ductu
726 3269 828 3311 suo
855 3256 1022 3330 396
1058 3263 1350 3327 convertit,
1376 3279 1610 3338 eumque
1635 3281 1986 3327 sacrosancto
2014 3273 2112 3328 ba-

527 3343 752 3413 ptismo,
786 3353 847 3401 ut
876 3350 954 3404 ita
987 3351 1166 3407 dicam
1188 3351 1216 3422 ,'
1243 3366 1621 3426 regeneratum
1656 3369 1707 3418 et
1742 3349 1996 3420 renatum
2026 3367 2112 3422 di-

525 3431 656 3486 vina
707 3437 1000 3495 sanctitate
1037 3455 1232 3498 rursus
1278 3441 1642 3505 conﬁrmavit.
1676 3448 1817 3506 Tum
1871 3453 2106 3523 scilicet,

2292 2267 2447 2323 Μετὰ
2468 2265 2566 2340 τὴν
2602 2267 2695 2322 τοῦ
2728 2267 2934 2339 Κυρίου
2975 2268 3070 2322 καὶ
3099 2267 3235 2323 Θεοῦ
3268 2269 3423 2342 ήμῶν
3451 2269 3632 2346 Ἰησοῦ
3660 2274 3773 2346 X9:-

2221 2360 2347 2416 σποῦ
2372 2359 2715 2432 ἐνδοξοτάτην
2752 2359 3038 2432 ἀνάληψιν,
3070 2361 3163 2414 ὅτε
3194 2361 3223 2416 6
3269 2361 3542 2438 μακάριος
3571 2364 3774 2418 ἀπόστο-

2219 2452 2310 2517 λος
2334 2452 2546 2515 Παῦλος
2576 2451 2664 2504 διά
2708 2452 2806 2523 τῆς
2855 2453 3077 2525 χάριτος
3125 2453 3220 2507 τοῦ
3274 2453 3431 2523 ἁγίου
3482 2457 3773 2528 meum

2219 2544 2326 2598 ἀπὸ
2355 2545 2455 2616 τῆς
2484 2543 2691 2615 πλάνης
2714 2545 2815 2616 τῆς
2845 2543 3102 2609 ἀπιστίας
3122 2546 3203 2610 είς
3239 2545 3356 2601 ὁδὸν
3385 2547 3660 2620 σωτηρίας
3677 2549 3774 2601 ἐπέ-

2220 2636 2470 2708 στρεψεν,
2488 2635 2628 2691 ὥστε
2657 2637 2858 2703 πίστιν,
2881 2638 2948 2708 ἢν
2975 2636 3165 2711 πρώην
3189 2637 3552 2712 ἐπολέμησεν,
3575 2641 3771 2710 svia-1&-

2215 2744 2328 2790 τοις
2363 2727 2798 2801 πεπληρωμένην
2848 2731 2906 2784 ἐν
2929 2729 3054 2803 δόξῃ
3089 2730 3324 2804 κηρύξαι
3345 2773 3362 2801 ,
3396 2733 3492 2787 καὶ
3518 2733 3656 2788 κατά
3691 2734 3771 2804 τὴν

2215 2819 2312 2874 τοῦ
2362 2821 2570 2893 Κυρίου
2611 2820 2852 2889 διάταξιν
2879 2821 3082 2888 σκεῦος
3116 2822 3348 2896 ἐκλογῆς
3405 2827 3693 2899 γεγένηται
3724 2828 3770 2880 ἐν

2213 2915 2327 2978 τοῖς
2358 2912 2568 2967 ἔθνεσιν
2602 2912 2728 2968 τότε
2783 2912 2892 2986 γὰρ
2923 2913 3046 2968 τότε
3092 2914 3377 2987 κηρύττων
3405 2916 3466 2970 τὸ
3500 2917 3668 2988 ὄνομα
3693 2915 3768 2970 τοῦ

2213 3005 2422 3082 Κυρίου
2453 3008 2486 3078 ή
2497 3004 2614 3078 μῶν
2657 3005 2830 3077 Ἰησοῦ
2860 3005 3096 3078 Χριστοῦ
3129 3009 3243 3071 τοῖς
3266 3007 3561 3077 ἀγνοοῦσιν
3599 3008 3768 3074 ἔθνεσι,

2214 3099 2544 3170 παρεγένετο
2577 3101 2635 3154 ἐν
2682 3098 2936 3172 Ἀθήναις
2957 3116 2972 3132 ο
3021 3099 3246 3156 κάκεῖσε
3290 3099 3383 3156 τὸν
3427 3102 3585 3173 ᾰγιον
3627 3102 3769 3174 ἄνδρα

2211 3190 2421 3246 τουτονὶ
2451 3189 2746 3255 Διονύσιον,
2783 3189 3013 3255 ἐθνικοῖς
3059 3189 3203 3247 ἔθεσι
3235 3191 3424 3264 πρώην
3469 3193 3767 3266 ἐμπεριεχό-

2214 3299 2395 3353 μενον,
2429 3283 2509 3347 είς
2556 3282 2674 3338 ὁδὸν
2709 3282 2983 3356 σωτηρίας
3012 3283 3287 3355 όδηγήσας
3334 3285 3664 3357 ἐπέστρεψε,
3694 3287 3772 3340 καὶ

2210 3373 2289 3445 τῷ
2345 3373 2472 3446 ἱερῷ
2526 3373 2857 3447 βαπτίσματι
2907 3377 3296 3449 ἀναγεννήσας,
3353 3377 3474 3451 θείᾳ
3517 3379 3768 3450 ἁγιωσύνῃ

2211 3461 2368 3530 αὖθις
2400 3467 2699 3539 ἐστερέωσε
2725 3485 2740 3499 ο
2769 3468 2890 3522 τότε
2922 3468 2988 3540 δὴ
3018 3469 3108 3523 ὅτε
3137 3468 3238 3535 τὰς
3268 3468 3511 3535 ἀκάνθας
3555 3470 3664 3542 (59)
3693 3471 3768 3523 καὶ

527 3537 656 3577 cum
685 3525 876 3596 spinas
905 3538 959 3584 et
991 3533 1227 3589 carduos
1255 3537 1463 3594 erroris
1511 3554 1581 3595 ex
1623 3541 1895 3611 profundo
1922 3549 2106 3606 cordis

530 3613 648 3634 Λη-
699 3614 901 3634 mut.
1114 3623 1146 3634 ,.
1185 3623 1199 3634 .
1331 3626 1354 3634 -
1396 3628 1407 3634 -
1708 3633 1713 3634 κ

2212 3525 2488 3632 τριϐόλους
2515 3525 2617 3631 τῆς
2649 3558 2860 3631 πλάνης
2890 3560 2956 3614 ἐκ
2975 3525 3075 3614 ἶτοῦ
3111 3525 3278 3630 βυθοῦ
3303 3561 3403 3633 τῆς
3434 3525 3660 3634 καρδίας
3686 3561 3766 3621 ai»

524 3613 672 3682 ejus,
699 3614 940 3686 Spiritus
971 3623 1148 3677 sancti
1183 3623 1447 3683 beneﬁcio
1475 3637 1530 3685 et
1579 3633 1758 3703 gratia
1804 3637 1989 3694 evellit
2039 3653 2106 3694 ac

523 3708 818 3777 praecidit,
877 3711 1228 3788 fructumque
1283 3725 1337 3774 et
1394 3735 1592 3800 novam
1659 3741 1931 3796 gemmam
1992 3729 2109 3787 sive

521 3813 770 3869 germen,
801 3810 863 3858 ut
893 3805 951 3861 in
989 3806 1133 3864 bona
1183 3817 1327 3864 terra
1380 3807 1668 3886 irrigatum
1713 3817 1900 3874 divino
1940 3823 2107 3877 verbo

521 3889 690 3964 at'que
720 3892 851 3949 hinc
880 3899 1341 3970 contemplatione
1368 3903 1558 3961 edidit.
1588 3906 1727 3964 Cum
1766 3926 1896 3966 vero
1938 3913 2104 3969 etiam

523 3979 732 4038 Christi
765 3984 969 4042 milites
1011 3988 1255 4057 quotidie
1297 3990 1483 4049 divino
1522 4009 1711 4052 amore
1755 3997 2101 4067 inﬂammati,

520 4072 577 4128 in
606 4090 800 4132 omnes
854 4085 1040 4150 partes
1092 4080 1274 4137 divina
1320 4085 1496 4156 gratia
1547 4101 1784 4160 superne
1831 4106 1940 4145 una
1977 4108 2101 4148 cum

520 4165 659 4237 ipsis
691 4178 972 4239 praeeunte
1001 4184 1288 4231 currerent
1320 4195 1335 4246 ;
1364 4185 1478 4233 tum
1506 4181 1702 4238 beatus
1752 4199 1972 4254 quoque
2013 4184 2102 4241 hic

522 4258 837 4334 Dionysius,
869 4266 1055 4322 crucis
1085 4275 1271 4324 aratro
1307 4285 1459 4326 mare
1503 4271 1827 4342 difﬁndens,
1871 4276 2100 4338 Athenis

515 4347 746 4406 Romam
777 4368 808 4409 a
829 4353 1040 4412 cmlesti
1072 4355 1365 4430 divinaque
1386 4361 1668 4419 voluntate
1686 4405 1701 4431 ,
1725 4374 1786 4420 ut
1815 4382 1845 4421 a
1878 4366 1988 4424 Deo
2016 4371 2101 4426 di.

513 4439 710 4508 lectus,
741 4459 839 4514 per
891 4446 1036 4501 viam
1088 4447 1356 4518 deductus
1415 4454 1586 4513 venit.
1617 4455 1902 4528 Ingressus
1924 4501 1939 4527 ,
1972 4477 2097 4518 cum

513 4532 734 4590 beatum
755 4537 1091 4622 Clementem
1120 4541 1572 4619 invenisset,qui,
1605 4557 1663 4604 ut
1691 4567 1858 4622 supra
1888 4551 2095 4610 dictum

513 4630 623 4690 est,
650 4629 966 4695 apostolicae
995 4619 1142 4689 sedis
1164 4643 1487 4704 potestatem
1509 4619 1860 4708 habebam—ab
1879 4661 1946 4701 eo
1969 4663 2094 4702 cum

513 4715 680 4787 digno
710 4717 917 4776 honore
948 4725 1156 4793 statim,
1177 4735 1237 4782 ut
1265 4728 1411 4783 vires
1440 4734 1817 4802 suppetebant,
1841 4747 2095 4809 receptus

511 4814 617 4864 est.
642 4805 831 4879 quue
863 4819 1108 4884 tempore
1157 4831 1282 4872 cum
1327 4819 1521 4877 beatus
1549 4824 1632 4878 vir
1676 4805 1992 4899 Dionysius—,6
2024 4831 2092 4886 ad

509 4988 740 5074 licaeque
777 4996 1062 5052 sanctitati
1110 5015 1170 5057 se
1216 5002 1551 5074 insinuavit,
1603 5014 1720 5064 tum
1767 5011 1886 5080 ipse
1904 4988 2088 5068 etiam

504 5071 771 5154 magister
809 5085 1121 5148 declaratus
1145 5130 1161 5159 ,
1208 5103 1262 5151 et
1291 5113 1443 5155 more
1469 5102 1733 5173 magistro
1763 5103 2091 5177 dignissimo

507 5188 543 5229 α
589 5185 782 5235 sancto
827 5180 1110 5241 Clemente
1151 5186 1479 5260 honoratus,
1525 5193 1960 5272 dignitatemque
2012 5203 2084 5260 ab

510 5284 579 5324 eo
612 5278 668 5327 et
699 5273 1044 5344 aptissimum
1072 5279 1358 5349 honorem,
1392 5295 1453 5341 ut
1492 5302 1523 5342 a
1548 5285 1660 5346 Deo
1691 5294 1922 5364 gratiam
1956 5296 2087 5352 ade-

511 5369 642 5431 ptus
687 5369 1006 5436 reportavit,
1029 5379 1084 5427 et
1128 5371 1348 5430 interim
1403 5377 1547 5436 Deus
1601 5398 1784 5438 rerum
1840 5378 2088 5442 omnium

513 5464 823 5526 prapotens
880 5459 1042 5516 beato
1086 5461 1348 5537 Dionysio
1401 5477 1661 5540 praeterea
1722 5475 1916 5532 tribuit
1963 5478 2090 5533 vita!

511 5548 847 5606 seminandae
871 5551 1124 5612 ideneam
1164 5557 1501 5631 facultatem,
1532 5565 1625 5635 qui
1663 5566 1730 5622 ad
1768 5585 1870 5626 nos
1915 5586 2089 5643 usque

506 5639 790 5711 religionis
820 5640 987 5703 cauSa
1013 5651 1268 5708 omnibus
1301 5656 1572 5725 apparuit.
1604 5655 1743 5713 Tum
1767 5661 1931 5715 etiam
1961 5639 2090 5718 san-

510 5740 634 5786 ctus
657 5733 910 5794 Clemens
934 5738 1243 5814 Philippum
1272 5746 1560 5820 quemdam
1588 5746 1862 5820 Hispaniae
1881 5754 2089 5824 episco-

509 5831 640 5891 pum
667 5827 911 5896 praefecit
939 5872 955 5898 ,
1000 5843 1330 5905 potestatem
1379 5855 1620 5912 quoque,
1645 5859 1809 5913 quam
1854 5845 1971 5916 ipse
2001 5847 2086 5901 di-

2205 3647 2300 3702 τοῦ
2330 3648 2418 3702 διὰ
2443 3649 2544 3720 τῆς
2575 3649 2797 3724 χάριτος
2824 3648 2919 3704 τοῦ
2953 3649 3108 3721 ἁγίου
3159 3650 3474 3723 Πνεῦματος
3521 3653 3760 3724 ἀπέτεμε,

2207 3741 2303 3796 καὶ
2360 3742 2572 3813 καρπὸν
2606 3742 2702 3798 καὶ
2733 3742 2853 3796 νέον
2887 3740 3176 3815 βλάστημα
3208 3745 3283 3808 ὼς
3314 3747 3372 3799 ἐν
3404 3748 3471 3819 τῇ
3507 3745 3679 3817 ἀγαθῇ
3707 3746 3762 3815 τῇ

2207 3831 2566 3904 ἀρδευόμενον
2593 3832 2722 3905 θείῳ
2751 3832 2895 3905 λόγῳ
2925 3835 3022 3888 καὶ
3053 3837 3121 3906 τῇ
3155 3835 3404 3892 ἐντεῦθεν
3437 3837 3640 3911 θεωρίᾳ
3663 3836 3762 3891 ἀνέ-

2203 3922 2406 3989 δειξενο
2441 3923 2530 3976 ὅτε
2561 3921 2620 3976 δέ
2651 3923 2743 3980 καὶ
2777 3924 2826 3976 οἱ
2852 3923 3088 3995 Χριστοῦ
3113 3925 3460 3998 στρατιῶται,
3485 3927 3758 3998 ὁσημέραι,

2203 4012 2283 4086 τῷ
2336 4012 2466 4082 θείῳ
2530 4013 2693 4086 ἔρωτι
2735 4013 3090 4086 φλεγόμενοι,
3128 4017 3438 4088 πανταχόσε
3477 4018 3650 4084 ἔθεον,
3679 4017 3760 4084 τῆς

2204 4103 2354 4167 θείας
2369 4104 2588 4175 χάριτος
2607 4103 2810 4160 ἄνωθεν
2830 4105 3013 4170 αὐτοῖς
3037 4109 3630 4181 συμπροπορευομένης
3647 4106 3755 4177 (60)·

2201 4195 2324 4249 τότε
2359 4197 2454 4248 καὶ
2485 4195 2514 4250 6
2549 4195 2815 4268 μακάριος
2846 4197 3027 4252 οὑτοσὶ
3059 4199 3350 4270 Διονύσιος,
3383 4201 3464 4273 τῷ
3494 4201 3590 4255 τοῦ
3623 4217 3758 4254 σταυ·

2207 4285 2299 4360 ροῦ
2331 4286 2547 4359 ἀρότρῳ
2592 4286 2691 4358 τὴν
2725 4287 2997 4344 θάλασσαν
3047 4289 3340 4363 διατεμὼν,
3392 4293 3503 4346 ἀπὸ
3547 4289 3755 4364 Ἀθηνῶν

2198 4377 2296 4449 τὴν
2342 4377 2562 4450 Ῥώμην
2596 4379 2893 4451 κατέλαϐεν
2923 4380 3160 4455 οὐρανίῳ
3207 4383 3304 4438 καὶ
3336 4383 3464 4456 θείῳ
3498 4384 3754 4457 θελήματι,

2197 4467 2274 4532 ὡς
2307 4469 2413 4524 ὑπὸ
2443 4470 2578 4524 Θεοῦ
2610 4470 2988 4544 ἠγαπημένοις,
3024 4473 3388 4548 ὁδηγούμενος
3421 4476 3557 4549 (61).
3591 4474 3752 4530 Εἰσελ-

2199 4556 2308 4612 θὼν
2339 4556 2524 4614 δὲκαὶ
2556 4560 2731 4632 εὑρὼν
2761 4561 2854 4616 τὸν
2896 4561 3165 4634 μακάριον
3190 4564 3503 4636 Κλήμεντα,
3539 4565 3612 4628 ὡς
3633 4564 3751 4617 ἀνω-

2196 4651 2341 4724 τέρω
2372 4637 2607 4725 εἴρηται,
2641 4653 2740 4725 τήν
2770 4655 2870 4726 τῆς
2895 4647 3262 4727 ἀποστολικῆς
3293 4656 3562 4730 καθέδρας
3592 4657 3752 4723 ἔχοντα

2197 4739 2463 4807 ἐξουσίαν,
2493 4742 2630 4814 μετὰ
2650 4745 2750 4816 τῆς
2782 4745 3130 4821 καθηκούσης
3153 4747 3319 4819 τιμῆς
3334 4747 3554 4813 εὐθέως,
3575 4749 3643 4812 ὡς,
3661 4740 3752 4800 οἶόν

2195 4852 2254 4888 τε
2286 4831 2376 4908 ἦν,
2412 4836 2785 4893 ὑποδέδεκται.
2832 4840 2943 4893 Καὶ
2987 4842 3046 4894 ἐν
3093 4839 3243 4912 αὑτῷ
3287 4839 3366 4911 τῷ
3421 4839 3597 4912 καιριῖ)
3625 4837 3751 4893 ὅτεὸ

510 4897 656 4976 beati
685 4900 984 4962 Clementis
1013 4909 1242 4982 vestigia
1272 4919 1327 4967 et
1358 4914 1526 4984 pedes
1571 4897 1832 4985 accessit,
1869 4897 2092 4992 aposto-

2212 4897 2467 5000 ιακάριος
2500 4929 2638 5002 ἀνὴρ
2692 4931 2963 4997 Διονύσιος
3009 4931 3104 4986 τοῦ
3159 4897 3429 5004 μακαρίου
3462 4897 3749 5003 Κλήμεντος

2193 5021 2307 5084 τοῖς
2340 5022 2508 5091 ἴχνεσι
2542 5024 3010 5094 προσήγγισε,κα”ί
3039 5027 3106 5098 τῇ
3131 5025 3461 5096 ἀποστολικῇ
3496 5021 3748 5094 ἁγιωσύνῃ

2194 5114 2387 5168 ἑαυτὸν
2419 5115 2761 5187 ἐμπαρέθετο
2789 5116 3126 5182 διδάσκαλος,
3173 5120 3270 5174 καὶ
3307 5119 3470 5212 αῦτδς

2194 5203 2328 5271 θεὶς,
2363 5206 2457 5261 καὶ
2502 5207 2691 5280 τρόπῳ
2721 5207 2802 5280 τῷ
2852 5208 3116 5281 πρέποντι
3159 5209 3467 5281 διδασκάλῳ
3521 5208 3623 5262 ὑπὸ
3665 5203 3745 5258 τοῦ

2193 5295 2352 5367 ἁγίου
2394 5296 2712 5372 Κλήμεντος
2763 5301 3035 5374 τιμηθεὶς,
3084 5304 3180 5358 καὶ
3219 5303 3376 5370 ἀξίαν
3417 5302 3553 5374 παρ’
3602 5294 3746 5353 αὐτοῦ

2193 5387 2290 5443 καὶ
2319 5390 2662 5463 οἰκειοτάτην
2692 5391 2878 5463 τιμὴν,
2912 5391 2988 5456 ώς
3020 5392 3174 5466 παρὰ
3188 5393 3324 5448 Θεοῦ
3341 5391 3575 5464 εἰληφὼς
3585 5390 3740 5462 χάριν.

2193 5479 2505 5552 ἐκομίσατο,
2539 5482 2634 5536 καὶ
2664 5484 2726 5537 ἐν
2755 5483 2866 5556 ὅσῳ
2895 5484 3028 5548 Θεὸς
3057 5485 3087 5538 6
3115 5485 3523 5556 παντοδύναμος
3552 5482 3627 5554 τῷ
3659 5496 3744 5553 μα’

2194 5573 2372 5646 καρίῳ
2396 5575 2656 5649 Διονυσίῳ
2682 5577 2950 5648 ζωαρκεῖν
2981 5577 3313 5650 ἐδωρήσατο,
3345 5578 3453 5642 ἕως
3484 5575 3634 5648 ήμιῖιν
3662 5571 3743 5628 a6-

2191 5667 2300 5719 τῶν
2332 5668 2496 5720 πᾶσιν
2520 5669 2606 5720 ἐπ’
2627 5667 2877 5741 εὐσεϐείᾳ
2892 5667 3236 5742 φανερώσας·
3270 5668 3366 5722 καὶ
3395 5671 3426 5722 6
3445 5668 3593 5737 ἅγιος
3615 5663 3741 5732 Κλή·

2193 5774 2300 5828 μης
2311 5757 2434 5810 τότε
2448 5757 2710 5813 Φίλιππόν
2729 5777 2851 5814 τινα
2885 5761 3155 5826 Ἱσπανίας
3180 5760 3478 5815 ἐπίσκοπον
3503 5756 3739 5830 προεστή-

2191 5866 2340 5914 σατο,
2367 5849 2460 5902 καὶ
2490 5849 2588 5920 τὴν
2621 5849 2866 5916 ἐξουσίαν
2891 5853 2957 5924 ἢν
2983 5852 3147 5916 αὐτὸς
3173 5855 3201 5907 6
3225 5853 3366 5918 θεῖος
3395 5853 3620 5924 Κλήμης
3647 5844 3738 5899 ἀπὸ

509 5915 672 5974 vinus
701 5918 953 5980 Clemens
1002 5937 1031 5977 a
1077 5927 1238 5987 beato
1269 5929 1429 5989 Petro
1463 5932 1784 6010 [acceperat,
1832 5915 1887 5994 ei
1932 5939 2083 5996 dedit

2212 5940 2278 5996 ὀῦ
2320 5915 2591 6016 μακαρίου
2641 5943 2848 6017 Πέτρου
2894 5915 3075 6013 ἔλαϐε,
3107 5915 3532 6017 δέδωκενναΰτιῖίξ
3562 5915 3732 6012 λέγων·
