3874 6580
73 375 177 434 επ

1093 362 1537 431 MARTYRIUM,
1574 363 1906 422 AUCTORE
1939 363 2318 422 ΜΕΊἮΟΟΙΟ.

3237 364 3344 422 674

80 461 404 560 «Πορευθιεὶς
435 480 496 537 ὲν
532 481 646 546 τοῖς
681 480 873 553 μέρεσι
903 479 1005 550 τῆς
1046 477 1270 544 δύσεως,
1305 477 1544 551 κήρυξον
1593 477 1656 532 τὸ

1771 477 1863 535 bis
1915 477 2142 534 verbis:
2203 496 2223 531 ι
2260 476 2622 534 Proﬁciscere
2669 477 2737 533 ad
2787 483 2973 550 partes
3009 475 3347 541 Occidentis.

78 578 410 649 Εύαγγέλιον
425 578 530 646 τῆς
545 572 821 645 βασιλείας
841 571 951 626 τῶν
970 572 1238 643 οὐρανῶν,
1259 569 1354 624 καὶ
1383 570 1542 641 δῆσαι
1565 574 1660 630 καὶ

73 675 234 729 λῦσαι
283 671 419 724 ἔστω
448 685 536 736 ,σοι
567 665 806 732 ἐξουσία,
847 665 933 719 ἵνα
967 663 1061 718 τοῦ
1088 661 1326 736 Χριστοῦ
1347 663 1410 716 τὸ
1431 662 1666 732 Εὐαγγέ-

78 767 187 819 λιον
211 762 310 819 καὶ
339 759 428 816 διὰ
461 757 556 814 σοῦ
583 761 664 822 είς
699 758 875 830 μῆκος
904 758 998 811 καὶ
1030 756 1230 820 πλάτος
1253 753 1479 826 ἐκχυθῇ,
1515 755 1666 818 ὅπως

79 854 230 928 παρὰ
260 852 359 907 τοῦ
392 851 598 922 Κυρίου
631 850 708 913 ὡς
722 849 911 914 πιστὸς
934 849 1118 912 δοῦλος
1142 845 1398 926 ἁξιωθῇς.
1411 845 1662 910 ἀκοῦσαι,

81 951 185 1013 Εὖ,
220 947 404 1002 δοῦλε
434 943 618 1016 ames
663 943 759 997 καὶ
794 941 990 1007 πιστέ,
1031 941 1130 997 ἐπὶ
1190 941 1411 1012 ὀλίγων
1465 938 1544 1009 ἧς
1577 952 1666 992 στι-

79 1041 242 1107 στὸς,
267 1039 366 1092 ἐπὶ
397 1035 648 1092 πολλῶν
669 1051 744 1088 σε
759 1035 1136 1101 καταστήσω.
1154 1033 1410 1088 Eranos
1437 1034 1524 1100 εις
1551 1030 1666 1100 τὴν

82 1134 269 1206 χαρὰν
295 1130 400 1184 τοῦ
451 1128 671 1197 Κυρίου
729 1141 866 1182 σου.
911 1146 933 1179 ι
972 1125 1243 1182 Κοινωνοὶ
1291 1126 1348 1180 δὲ
1379 1124 1475 1179 τοῦ
1507 1123 1662 1194 ἁγίου

82 1223 350 1280 Διονυσίου
382 1217 524 1294 ἦσαν
557 1219 1288 1293 Σατουρνῖνος,Μὰρκελλος,
1307 1217 1403 1274 καὶ
1433 1219 1666 1282 Λουκια-

82 1318 186 1380 νὸς,
223 1317 323 1369 σὺν
354 1311 504 1384 αὐτῷ
525 1311 696 1376 ὄντες,
731 1311 820 1365 ἶνα
854 1311 918 1364 ὲκ
952 1310 1216 1381 στόματος
1247 1308 1340 1364 δύο
1373 1312 1467 1364 καὶ
1495 1308 1664 1381 τριῶν

85 1407 372 1481 μαρτύρων
424 1407 458 1475 ή
494 1402 603 1458 τῶν
655 1401 994 1475 Χριστιανῶν
1031 1401 1213 1465 πίστις
1241 1403 1354 1466 τοῖς
1412 1399 1664 1470 ἀγνοοῦσι

87 1500 269 1571 μέρεσι
302 1495 605 1570 παραδοθῇ.
655 1493 873 1548 Τούτων
907 1494 964 1547 δὲ
995 1493 1130 1565 όμοῦ
1177 1493 1535 1547 συνελθόντων
1568 1492 1664 1546 καὶ

83 1590 479 1662 πορευομένων,
513 1584 677 1662 ἦλθον
711 1588 790 1651 εἰς
819 1582 1013 1658 λιμένα
1067 1585 1403 1658 Ἀριλαδιτῆς
1434 1583 1661 1648 πόλεως.

81 1657 206 1736 Τότε
238 1657 470 1751 όίᾶγιος
524 1657 836 1744 Διονύσιος,
882 1657 1218 1752 Μάρκελλον
1264 1679 1344 1743 είς
1389 1676 1664 1730 Ἱσπανίαν

83 1773 417 1838 ἀπέστειλεν,
454 1773 540 1826 ἵνα
570 1769 664 1826 τὸν
695 1771 850 1841 λόγον
882 1771 984 1841 τῆς
1018 1770 1164 1842 ζωῆς
1193 1772 1312 1834 ταῖς
1343 1767 1664 1839 ἐκκλησίαις

1767 569 1987 642 illicque
2013 569 2251 640 praedica
2275 569 2631 642 Evangelium
2653 578 2809 642 regnl
2827 571 3115 635 cmlorum,
3143 571 3351 643 tibique

1763 669 1886 718 esto
1915 663 2123 734 ligandi
2164 676 2232 719 ac
2258 663 2503 720 solvendi
2535 670 2814 735 potestas,
2846 671 2908 718 ut
2934 662 3142 720 Christi
3171 663 3352 718 Evanm

1765 757 1970 828 gelium
2004 771 2035 812 a
2061 764 2115 812 te
2141 756 2307 813 etiam
2347 757 2507 828 longe
2555 758 2772 828 lateque
2819 756 3181 821 diﬁ'undatur,
3226 765 3352 814 uta
3427 779 3440 796 -

1769 847 2005 902 Domino
2049 854 2310 918 tanquam
2364 847 2560 924 ﬁdelis
2586 861 2780 902 servus
2827 843 3021 904 audire
3079 861 3346 902 mereare.

1766 937 1914 1009 Euge
1945 979 1962 1003 ,
2025 954 2170 993 serve
2243 937 2372 993 bone
2419 946 2469 993 et
2546 937 2719 1008 ﬁdelis
2756 978 2772 1004 ,
2823 938 2950 1008 quia
3012 949 3168 1006 super
3209 952 3348 1006 pau-

1765 1047 1830 1086 ca
1898 1031 2051 1101 fuisti
2119 1028 2292 1100 ﬁdelis
2325 1067 2343 1096 ,
2407 1044 2568 1098 supra
2647 1029 2819 1082 multa
2898 1037 2946 1082 te
3005 1029 3346 1084 constituam.

1767 1121 1925 1178 Intra
1982 1124 2037 1178 in
2083 1121 2335 1194 gaudium
2398 1121 2609 1176 Domini
2676 1121 2753 1176 tui
2806 1131 2856 1176 ιι.
2898 1140 2916 1173 ι
2958 1119 3104 1176 Socii
3167 1130 3350 1175 autem

1764 1217 1914 1272 beati
1955 1215 2200 1287 Dionysii
2265 1213 2490 1270 fuerunt
2549 1213 2924 1277 Saturninus,
2957 1211 3249 1268 Marcellus
3296 1217 3352 1266 et

1764 1307 2082 1370 Lucianus,
2115 1307 2208 1378 qui
2259 1321 2383 1362 cum
2424 1322 2490 1362 eo
2528 1313 2710 1368 erant.
2760 1312 2819 1359 ut
2863 1319 2928 1360 ex
2977 1319 3074 1360 ore
3115 1303 3350 1358 duorum

1762 1401 1848 1455 vel
1893 1401 2061 1456 trium
2113 1399 2338 1454 testium
2365 1438 2384 1464 ,
2427 1398 2562 1455 ﬁdes
2612 1397 3057 1454 Christianorum
3104 1395 3351 1467 partibus

1763 1507 1886 1563 quae
1915 1507 2036 1547 eam
2073 1489 2424 1562 ignorabant,
2462 1490 2790 1545 traderetur.
2850 1487 2917 1542 lli
2969 1503 3093 1543 cum
3150 1502 3354 1542 conve—

1767 1583 2006 1651 nissent,
2037 1591 2092 1638 et
2123 1599 2232 1639 una
2276 1585 2381 1640 iter
2433 1583 2700 1648 iacerent,
2735 1589 3103 1654 pervenerunt
3125 1579 3192 1634 ad
3219 1595 3351 1650 por-

1765 1684 1880 1732 tum
1927 1676 2266 1734 Arelatensis
2309 1676 2486 1732 urbis.
2533 1675 2672 1731 Tum
2725 1683 2956 1731 sanctus
3005 1672 3302 1745 Dionysius
3332 1712 3349 1737 ,

1765 1767 2024 1825 Marcello
2053 1770 2225 1826 misso
2267 1770 2326 1825 in
2358 1765 2712 1840 Hispaniam,
2760 1777 2820 1823 ut
2846 1767 3055 1825 Christi
3088 1765 3353 1822 Ecclesiis

82 1864 167 1918 τοῦ
197 1863 439 1937 Χριστοῦ
473 1863 802 1936 παραθήσῃο
836 1860 1000 1927 αὐτὸς
1029 1861 1084 1915 δὲ
1117 1866 1147 1917 ό
1196 1862 1350 1931 ἅγιος
1388 1859 1661 1924 Διονύσιος

1764 1863 1994 1918 verbum
2023 1863 2149 1918 vita:
2178 1847 2531 1934 proponeret,
2556 1859 2674 1932 ipse
2693 1858 2934 1931 Spiritus
2960 1859 3138 1916 sancti
3170 1859 3354 1914 calore

83 1958 142 2028 τῇ
171 1955 263 2009 τοῦ
305 1955 463 2025 ἁγίου
490 1953 808 2026 Πνεύματος
841 1953 1018 2028 θέρμῃ
1051 1953 1332 2024 άναφθεὶς,
1373 1954 1467 2009 καὶ
1515 1953 1656 2006 ἁπο-

86 2047 291 2118 στολικῇ
330 2046 639 2119 πληρωθεὶς
704 2044 951 2116 ἐξουσία,
989 2045 1134 2117 άπερ
1180 2043 1332 2117 παρὰ
1374 2042 1470 2098 τοῦ
1499 2043 1656 2113 ἁγίου

85 2137 393 2208 ῙῘνεύματος
429 2129 525 2190 σὺν
556 2135 635 2207 τῷ
667 2136 809 2206 ἁγίῳ
837 2135 1115 2206 Κλήμεντι
1159 2134 1278 2190 θεῖα
1309 2135 1463 2204 λόγια
1495 2151 1660 2189 κατα-

89 2233 296 2302 σπεῖραι
349 2232 462 2293 τοῖς
497 2229 704 2283 ἔθνεσιν
736 2229 954 2296 ἐδέξατο
975 2270 990 2293 ,
1019 2228 1199 2282 πίστει
1245 2227 1479 2300 διένειμε
1525 2229 1661 2282 πᾶσι

86 2324 185 2386 τοῖς
218 2320 500 2394 ἑσπερίοις
542 2319 751 2394 μέρεσι.
781 2322 893 2394 Τὴν
923 2322 1264 2396 σκληρότητα
1295 2323 1352 2376 δὲ
1375 2321 1482 2376 τῶν
1501 2321 1661 2376 ἀπεί-

90 2431 186 2485 ρων
226 2412 406 2467 ἐκεῖσε
461 2413 630 2467 ὲθνῶν
666 2412 740 2484 μὴ
770 2412 1044 2479 δεδοικὼς,
1093 2413 1226 2486 μηδὲ
1268 2413 1368 2478 τὰς
1409 2413 1663 2478 ἀσεϐείας

88 2504 170 2557 τοῦ
201 2499 334 2558 λαοῦ
389 2504 665 2577 φοϐηθεὶς,
714 2505 986 2576 προῆλθεν
1016 2501 1112 2558 ὲπὶ
1156 2506 1218 2560 τὸ
1260 2507 1550 2578 κήρυγμα,
1583 2505 1664 2578 τῷ

90 2597 170 2649 τοῦ
204 2597 473 2669 μακαρίου
536 2596 780 2669 ἀρχηγοῦ
840 2597 948 2650 τῶν
995 2596 1304 2650 ἀποστόλων
1347 2596 1665 2668 στερεωθεὶς

93 2681 368 2756 πνεύματι,
400 2684 496 2739 τοῦ
525 2686 583 2738 ὲν
620 2684 807 2758 Ῥώμῃ
828 2683 1142 2756 γενομένου,
1168 2686 1263 2740 καὶ
1284 2681 1528 2750 δοθέντος
1551 2687 1664 2750 τοῖς

90 2776 323 2844 ἀπίστοις
358 2779 494 2850 πρὸς
539 2779 832 2850 τιμωρίαν.
877 2773 989 2832 Καὶ
1033 2780 1121 2831 ὅτε
1160 2781 1269 2834 ἀπὸ
1302 2780 1402 2850 τῆς
1436 2779 1665 2844 Γαλλίας

93 2868 426 2942 ὑποστρέψας
469 2869 562 2923 ἐπὶ
597 2871 767 2925 πλείω
793 2873 905 2936 τοῖς
937 2869 1170 2934 ὲθνικοῖς
1204 2871 1381 2925 ἔθεσιν
1413 2871 1666 2940 ἀναφθεῖο

95 2977 179 3014 σαν
211 2962 352 3030 ἔγνω
382 2962 479 3033 τὴν
517 2963 724 3033 πλάνην
752 2965 850 3034 τῆς
877 2962 1059 3035 χώρας
1105 2963 1341 3034 ἐκείνης,
1360 2963 1506 3029 τότε,
1543 2963 1664 3036 θείᾳ

97 3052 254 3126 σκέπῃ
281 3054 700 3126 χρηματισθεὶς,
734 3055 956 3119 δυνατὸς
995 3057 1089 3110 καὶ
1133 3055 1382 3127 ἀληθινὸς
1431 3055 1668 3128 ἀθλητὴς

93 3145 367 3218 ἀπεδείχθη
387 3186 402 3212 ,
449 3148 746 3219 ὲπιρρίψας
794 3148 986 3203 ἑαυτὸν
1034 3152 1145 3214 τοῖς
1183 3149 1390 3218 ἀγῶσιν
1414 3193 1428 3218 ,
1455 3151 1564 3213 ἵνα,
1589 3149 1666 3213 ὡς

94 3234 223 3303 lito;
254 3210 520 3310 ﬁ‘xapxmv
547 3210 843 3311 ομολογίας
877 3242 971 3294 καὶ
1003 3210 1340 3313 πληρώσεως
1360 3281 1375 3307 ,
1411 3210 1663 3312 γενέσθαί
1691 3210 1737 3272 C

97 3329 158 3400 μὴ
189 3331 396 3403 φοόηθῇ
443 3331 536 3384 καὶ
590 3333 818 3404 μάρτυς.
870 3334 1203 3398 Ἀκοιτανίας
1247 3335 1302 3388 δὲ
1335 3339 1446 3399 τοῖς
1475 3331 1665 3407 μέρεσι

94 3421 172 3472 τὸν
203 3423 355 3490 ἆγιον
409 3424 689 3477 Ἀντώνιον
716 3425 828 3495 (62)
860 3424 1209 3490 ἀποστείλας,
1245 3428 1408 3491 αὐτὸς
1449 3430 1544 3482 σὺν
1587 3427 1666 3499 τῷ

97 3511 216 3583 ἁγίῳ
234 3515 541 3586 Λουκιανῷ,
567 3514 756 3589 καὶτῷ
784 3519 924 3588 ἁγίῳ
968 3519 1266 3591 Ῥουστίκῳ
1297 3521 1394 3574 καὶ
1421 3521 1498 3591 τῷ
1526 3522 1666 3592 ἁγίῳ

103 3600 404 3678 Ἐλευθερίῳ
438 3608 494 3660 ὲν
531 3609 812 3680 Παρισίοις
853 3609 920 3682 τῇ
951 3610 1101 3664 πόλει
1121 3611 1390 3684 ἐπορεύθη
1427 3609 1559 3682 (65).
1608 3613 1700 3686 ’οέ

96 3693 228 3761 ἅγιος
259 3697 313 3752 δὲ
351 3700 664 3765 Λουκιανὸς,
692 3702 1092 3777 πρεσϐυτερικῇ
1116 3708 1247 3776 τιμῇ
1280 3704 1660 3778 τετιμημένος,

96 3787 161 3850 εἰς
187 3789 278 3862 τὴν
312 3791 704 3848 Βελουακένσιν
737 3796 1020 3869 ἀπεστάλη
1055 3798 1228 3865 πόλιν,
1259 3799 1346 3852 ἵνα
1381 3796 1474 3853 καὶ
1497 3797 1664 3863 αὐτὸς

96 3876 272 3946 ὁμοίως
292 3887 409 3948 τοῖς
443 3885 692 3950 ἀπίστοις
742 3886 894 3952 λαοῖς
938 3889 998 3942 τὸ
1031 3890 1364 3960 Εὑαγγέλιον
1401 3893 1500 3963 τῆς
1533 3892 1664 3963 ἀλη-

100 3965 228 4034 θείας
257 3975 569 4048 παραθήσῃ.
619 3977 792 4041 Αὐτὸς
823 3978 880 4030 δὲ
922 3981 950 4032 ό
995 3979 1148 4048 ἅγιος
1204 3981 1476 4046 Διονύσιος
1507 3985 1564 4036 ὲν
1593 3987 1659 4056 τῇ

101 4057 310 4134 Παρισίᾳ
339 4065 607 4133 διέμεινεν
624 4084 637 4097 ο
662 4067 784 4138 ἥτις
796 4069 967 4133 πόλις,
998 4070 1102 4123 κᾶν
1128 4073 1298 4142 μικρὰ
1314 4069 1402 4144 ῆν,
1421 4074 1536 4126 ἀλλ’
1567 4072 1662 4129 οὖν

100 4150 291 4226 ἑθνικῆς
323 4157 534 4224 πλάνης
559 4161 963 4236 πεπληρωμένη
992 4166 1086 4218 καὶ
1128 4168 1470 4239 μεμιασμένη
1489 4186 1500 4198 ·
1526 4168 1663 4222 ἀλλὰ

101 4247 419 4330 καρποφόμ
451 4244 519 4320 ῆν
553 4251 647 4303 καὶ
671 4249 907 4324 δένδροις
927 4259 1311 4330 κεκοσμημένη
1337 4275 1350 4288 ·
1395 4258 1663 4329 ἀμπέλοις

100 4328 236 4386 δὲκαὶ
257 4336 506 4408 βότρυσιν
521 4340 596 4405 ὡς
627 4343 690 4394 ἐκ
703 4345 894 4413 πηγῶν
914 4345 1110 4418 ῥέουσα
1126 4346 1260 4420 (64),
1281 4328 1373 4404 καὶ
1419 4328 1660 4423 προσφέ-

105 4438 245 4491 ρουσα
277 4432 389 4492 τοῖς
432 4431 652 4494 οἰκείοις
681 4435 977 4508 διέλαμπεν
1004 4457 1017 4470 ο
1057 4441 1114 4492 ὲν
1145 4436 1226 4504 οἷς
1273 4443 1366 4496 καὶ
1399 4459 1660 4514 πραγμα-

101 4517 246 4582 τείαις
266 4523 604 4594 τραπεζιτῶν
637 4525 842 4582 ἅπασαι
865 4531 1019 4598 γοναὶ
1049 4533 1151 4603 τῆς
1184 4529 1411 4598 πόλεως,
1431 4538 1524 4590 καὶ
1550 4537 1658 4590 τῶν

105 4605 239 4699 πέριξ
285 4619 787 4690 περιτετειχισμένη
839 4617 1008 4694 γύρου
1045 4623 1180 4694 (65),
1217 4627 1308 4679 καὶ
1341 4625 1656 4699 περισσείαν

108 4697 276 4793 ἰχθύων
302 4706 439 4778 πρὸς
463 4708 672 4773 τούτοις
703 4712 810 4764 ἀπὸ
834 4713 928 4766 τοῦ
961 4713 1317 4788 ποταμοῦ,ὼς
1349 4697 1458 4773 ἀπὸ
1491 4737 1657 4793 προσο

107 4787 232 4844 ώπου
261 4796 358 4867 τῆς
403 4798 671 4870 θαλάττης
743 4804 1003 4874 κυμάτων
1035 4787 1211 4878 δίκην,
1249 4787 1654 4883 προσφέρουσα,

106 4889 352 4974 παρεῖχεν.
389 4892 502 4944 υύκ
533 4893 720 4966 ὀλίγην
751 4895 807 4948 δὲ
843 4899 936 4951 καὶ
966 4899 994 4952 ὁ
1027 4895 1268 4971 ποταμὸς
1320 4902 1415 4956 τοῦ
1447 4904 1658 4974 τείχους

107 4969 403 5066 ἐγινώσκετο
451 4985 705 5056 παρέχων
756 4986 1036 5059 βοήθειαν
1073 4969 1180 5044 καὶ
1215 4992 1377 5056 αὐτὸς
1432 4969 1658 5066 γὰρ-τῷ

107 5063 270 5160 πλάτει
290 5073 386 5144 τῆς
419 5071 644 5141 πόλεως,
671 5077 748 5150 τῷ
777 5079 891 5150 ἰδίῳ
916 5079 1132 5146 πλάτει,
1158 5077 1346 5157 ὥσπερ
1374 5063 1554 5157 νῆσον,
1577 5063 1654 5160 τῷ

106 5147 234 5212 ὕδατι
251 5164 413 5236 αὐτὴν
446 5166 824 5239 περιεκύκλου.

165 5245 346 5308 Τοῦτον
389 5251 484 5310 οὖν
511 5257 603 5310 τὸν
626 5258 792 5314 τόπον
822 5263 850 5315 ό
875 5262 1011 5316 Θεοῦ
1041 5263 1226 5328 δοῦλος
1255 5268 1611 5338 περιοδεύσας
1634 5307 1648 5335 ,

108 5339 184 5390 καὶ
210 5343 281 5413 τῷ
310 5347 514 5420 στερεῷ
552 5351 655 5422 τῆς
697 5353 933 5418 πίστεως
973 5356 1372 5428 ὁπλισάμενος,
1410 5360 1531 5432 Θεῷ
1569 5363 1649 5434 τῷ

110 5436 464 5512 παντοδυνάμῳ
513 5445 788 5514 πανταχοῦ
842 5445 1125 5517 βοηθοῦντι
1175 5450 1266 5502 καὶ
1315 5453 1649 5507 συνοδεύοντι

110 5524 248 5597 αὐτῷ,
288 5534 582 5608 ἐκκλησίαν
628 5541 804 5592 ἐκεῖσε
860 5542 1000 5596 κατὰ
1043 5543 1142 5616 τὴν
1182 5545 1411 5618 δύναμιν
1454 5547 1641 5615 αὑτοῦ,

112 5616 267 5674 καθότι
317 5626 429 5692 νέος
473 5629 658 5704 ἀκμὴν
708 5632 1046 5703 προσήλυτος
1075 5616 1420 5710 ὑπῆρχε,ήτῷ
1449 5640 1641 5712 Κυρίῳ

168 5831 192 5860 τί
214 5825 392 5887 Matth.
429 5850 553 5900 ιη,
582 5833 673 5890 τι.

1763 1952 2045 2018 incensus,
2087 1961 2144 2009 et
2207 1952 2524 2024 apostolicae
2583 1952 2870 2026 potestatis
2919 1953 3137 2026 plenus,
3168 1967 3289 2024 qua:
3321 1965 3352 2004 a

1765 2042 1976 2117 Spiritu
2006 2053 2201 2101 sancto
2232 2061 2360 2101 cum
2405 2051 2600 2101 sancto
2639 2043 2923 2100 Clemente
2974 2043 3148 2098 divini
3197 2041 3350 2097 verbi

1760 2152 1973 2195 semina
2005 2139 2315 2211 spargenda
2345 2148 2400 2196 et
2450 2137 2682 2195 serenda
2709 2134 2873 2210 397
2903 2137 3161 2210 gentibus
3193 2151 3354 2192 acce-

1758 2231 1954 2302 pisset,
1986 2231 2246 2287 omnibus
2278 2230 2536 2302 partibus
2572 2245 2693 2300 quas
2746 2230 2813 2284 ad
2847 2229 3188 2285 occidentem
3217 2243 3347 2299 pcr-

1761 2322 1964 2386 tinent,
1992 2320 2300 2377 distribuit.
2356 2319 2626 2378 Duritiam
2672 2327 2856 2376 autem
2900 2328 2956 2376 et
3010 2318 3353 2374 ferocitatem

1762 2413 2142 2484 imperitarum
2191 2412 2666 2484 barbararumque
2716 2412 2999 2484 gentium,
3064 2428 3187 2483 quae
3239 2412 3353 2466 illic

1762 2514 1938 2570 erant,
1964 2521 2076 2562 non
2098 2507 2328 2566 veritus.
2345 2522 2446 2562 nec
2474 2507 2660 2578 impiis
2689 2507 2993 2565 sceleribus
3031 2507 3349 2572 deterritus,

1763 2599 1910 2656 beati
1959 2601 2227 2673 principis
2279 2600 2657 2671 apostolorum
2695 2599 2790 2671 qui
2839 2599 3026 2654 Romae
3065 2599 3266 2664 fuerat,
3299 2609 3354 2654 et

1765 2693 1992 2766 perﬁdis
2047 2695 2117 2749 ad
2165 2693 2498 2765 supplicium
2525 2693 2690 2750 datus
2734 2702 2886 2758 erat,
2920 2693 3117 2763 spiritu
3153 2692 3350 2757 fretus,

1765 2788 1832 2842 ad
1869 2788 2204 2858 praeconium
2236 2803 2296 2845 se
2327 2787 2582 2843 contulit.
2610 2785 2857 2858 Cumque
2883 2801 2913 2841 a
2944 2785 3119 2842 Gallia
3146 2788 3352 2842 sensim

1768 2878 2084 2934 subducens
2120 2879 2244 2948 plus
2267 2879 2566 2949 gentilibus
2607 2879 2877 2937 institutis
2909 2893 3148 2935 errorem
3174 2878 3354 2949 regio-

1766 2971 1853 3024 nis
1896 2970 2045 3026 illius
2097 2971 2309 3027 fervere
2347 2971 2742 3043 comperisset,
2791 2979 2907 3027 tum
2954 2972 3140 3027 divino
3193 2981 3352 3028 scuto

1766 3071 2069 3134 protectus,
2104 3072 2309 3136 potens
2330 3078 2394 3118 ac
2446 3079 2609 3119 verus
2637 3065 2785 3136 pugil
2826 3065 3088 3134 probatus
3118 3072 3202 3120 est
3222 3107 3236 3131 ,
3265 3082 3352 3120 se-

1767 3133 1874 3226 que
1928 3133 2325 3210 certaminibus
2375 3133 2736 3224 objecit,iut'
2765 3133 2858 3225 qui
2902 3155 3245 3224 professione
3296 3162 3353 3208 et

1769 3244 2104 3316 perfectione
2133 3245 2334 3316 dignus
2363 3253 2531 3310 esset,
2554 3252 2764 3315 martyr
2793 3245 2956 3300 etiam
2985 3244 3100 3300 ﬁeri
3127 3245 3352 3302 minime

1765 3337 2060 3392 dubitaret.
2099 3336 2412 3407 Aquitaniae
2462 3353 2592 3393 vero
2643 3336 2894 3406 partibus
2944 3335 3117 3392 misso
3161 3346 3353 3392 sancto

1767 3427 2090 3494 Saturnino,
2117 3431 2234 3499 ipse
2259 3444 2384 3484 cum
2415 3437 2610 3484 sancto
2639 3428 2909 3490 Luciano,
2941 3438 2994 3483 et
3027 3437 3220 3485 sancto
3250 3427 3354 3483 Ru-

1765 3520 1926 3585 stico,
1975 3530 2030 3576 et
2061 3532 2253 3577 sancto
2307 3521 2658 3585 Eleutherio,
2697 3519 2967 3576 Lutetiam
3012 3517 3350 3576 Parisiorum

1766 3611 1932 3663 venit.
1993 3609 2230 3664 Sanctus
2292 3620 2473 3665 autem
2543 3611 2840 3679 Lucianus,
2888 3611 3213 3682 presbyterii
3261 3611 3354 3664 lio-

1766 3717 1901 3756 nore
1984 3711 2256 3765 ornatus,
2327 3702 2394 3756 ad
2459 3702 2806 3758 Bellovacum
2877 3704 3066 3760 urbem
3145 3705 3350 3760 missus

1763 3798 1880 3854 est,
1907 3791 1999 3860 qui
2030 3792 2193 3845 etiam
2222 3791 2533 3848 inﬁdelibus
2566 3795 2784 3865 populis
2816 3795 3063 3852 veritatis
3099 3776 3349 3866 Evange-

1763 3881 1896 3934 lium
1949 3881 2291 3952 pradicaret.
2359 3882 2479 3952 Ipse
2540 3901 2704 3954 porro
2753 3894 2978 3940 sanctus
3054 3884 3349 3958 Dionysius

1762 3973 1994 4029 Lutetiae
2052 3973 2390 4030 Parisiorum
2443 3977 2855 4048 mansit:quod
2910 3977 3194 4049 oppidum,
3244 3981 3347 4034 etsi

1763 4081 1994 4136 parvum
2047 4074 2102 4121 et
2164 4067 2457 4136 exiguum,
2520 4075 2702 4124 tamen
2761 4070 2981 4140 gentilis
3027 4074 3234 4124 erroris
3295 4080 3349 4125 et

1763 4158 2164 4228 inquinationis
2212 4160 2432 4229 plenum
2481 4169 2620 4215 erat.
2666 4161 2771 4216 Sed
2837 4173 2956 4217 erat
2992 4162 3170 4219 fertile
3214 4180 3349 4220 con-

1771 4252 2046 4321 situmque
2104 4261 2158 4306 et
2207 4263 2461 4307 ornatum
2527 4255 2839 4312 arboribus.
2891 4253 3110 4312 Vitibus
3165 4265 3346 4312 autem

1769 4352 1824 4400 et
1875 4345 2040 4410 uvis,
2101 4353 2364 4416 tanquam
2435 4361 2502 4401 ex
2551 4345 2798 4402 fontibus
2872 4348 3061 4403 vinum
3120 4349 3348 4422 profun-

1761 4435 1920 4498 dens,
1953 4447 2007 4491 et
2052 4438 2170 4492 suis
2226 4437 2586 4507 suppeditans
2644 4447 2764 4494 erat
2799 4439 3018 4506 nobile;
3053 4440 3107 4494 in
3143 4441 3346 4511 quibus

1761 4539 1815 4584 et
1845 4530 2244 4585 mensariorum
2284 4531 2518 4601 negotiis
2545 4531 2819 4586 universa:
2849 4531 3090 4588 civitatis
3125 4533 3346 4589 familiae

1759 4627 1813 4675 et
1843 4636 2031 4676 eorum
2085 4623 2177 4692 qui
2221 4623 2578 4678 circumcirca
2618 4624 2832 4678 vallata:
2873 4623 3134 4696 ambitum
3189 4625 3344 4681 inco-

1757 4712 1964 4781 lebant,
1989 4713 2233 4770 studium
2293 4723 2348 4770 et
2391 4730 2616 4787 Operam
2675 4716 3042 4772 collocabant.
3101 4715 3342 4774 Piscium

1760 4812 2022 4876 praeterea
2054 4809 2269 4878 copiam
2311 4823 2378 4864 ex
2417 4823 2577 4864 amne
2603 4808 2762 4879 quasi
2803 4825 2870 4864 ex
2901 4809 3070 4864 maris
3099 4824 3196 4866 ore
3242 4828 3345 4865 un-

1760 4899 1956 4954 darum
2007 4900 2186 4956 instar
2237 4901 2552 4972 proferens,
2587 4901 2885 4973 prmbebat.
2930 4900 3043 4957 Nec
3073 4914 3204 4959 vero
3233 4905 3343 4959 exi.

1759 5005 1926 5060 guum
1956 4992 2271 5060 praesidium
2297 4993 2476 5049 amnis
2501 4993 2616 5063 ipse
2649 4993 2926 5049 moenibus
2966 4991 3109 5048 ferre
3138 4993 3343 5048 intelli-

1761 5084 2011 5155 gebatur.
2056 5085 2107 5142 ls
2152 5091 2298 5142 enim
2344 5088 2688 5142 latitudinem
2725 5087 2881 5143 urbis
2921 5086 3210 5143 latitudine
3239 5103 3340 5144 sua

1733 5176 1954 5234 insulae
1983 5180 2169 5248 specie
2199 5195 2337 5249 aqua
2367 5179 2768 5238 circumdabat.

1830 5267 1990 5324 Hunc
2019 5269 2184 5341 igitur
2229 5269 2323 5325 Dei
2369 5285 2562 5328 servus
2590 5287 2715 5328 cum
2748 5279 3094 5346 peragrasset
3115 5271 3296 5327 locum
3317 5311 3334 5336 ,

1757 5360 1882 5418 ﬁdei
1921 5363 2116 5418 robore
2153 5370 2400 5421 armatus
2426 5403 2442 5429 ,
2483 5362 2596 5420 Deo
2635 5380 2819 5434 rerum
2855 5365 3096 5422 omnium
3127 5379 3338 5435 praepo-

1755 5456 1928 5520 tenti,
1965 5457 2060 5526 qui
2097 5456 2298 5527 ubique
2336 5457 2441 5527 ipsi
2475 5457 2738 5514 auxilium
2777 5473 3044 5530 Opemque
3083 5459 3332 5521 tulisset,

1757 5554 1812 5603 et
1850 5563 2036 5605 comes
2072 5549 2286 5607 itineris
2328 5549 2558 5616 fuisset,
2600 5550 2713 5606 illic
2751 5550 3016 5619 templum
3053 5564 3151 5620 pro
3177 5548 3332 5603 virili

1758 5658 1889 5708 sua,
1921 5643 2066 5714 quod
2096 5658 2270 5702 novus
2302 5645 2594 5702 admodum
2625 5642 2834 5699 advena
2863 5650 3037 5712 esset,
3087 5641 3333 5701 Domini-
