3874 6538
497 347 600 407 675

499 477 608 535 que
654 457 829 514 nostri
868 452 1001 510 Iesu
1047 446 1256 506 Christi
1298 440 1527 500 honoris
1568 451 1738 494 causa
1778 431 2035 490 excitavit
2060 470 2075 495 ,
2108 442 2152 498 Α

503 524 815 616 novumque
843 542 1101 616 populum
1131 540 1188 594 in
1216 533 1499 605 Evangelii
1532 529 1761 584 veritate
1802 524 2078 581 eruditum

503 651 695 699 sancto
723 614 998 707 baptismo
1027 637 1216 702 postea
1241 626 1357 682 illic
1384 617 1733 677 illuminavit.
1766 614 1869 668 Diu
1898 618 2078 666 autem

448 720 461 737 ’
505 733 699 788 beatus
728 701 813 783 vir
850 724 1094 781 interdiu
1139 724 1416 787 noctuque
1458 710 1762 781 disciplina:
1802 701 2082 775 religionis

508 840 571 881 ac
602 820 816 894 pietatis
869 811 1275 873 multitudinem
1324 802 1582 870 instituit,
1624 796 1943 866 Christique
1981 807 2084 863 po-

509 922 672 994 pulus
713 934 781 973 ex
827 912 1033 971 veteris
1076 907 1257 965 hostis
1304 902 1557 958 faucibus
1609 901 1830 966 ereptus
1872 896 1998 956 est;
2032 895 2086 942 et

506 1028 645 1085 quos
687 1008 841 1081 prius
884 1004 1100 1060 daemon
1147 993 1491 1053 distrahebat
1541 997 1597 1044 et
1642 983 1943 1046 avocabat,
1990 992 2115 1034 eos.

508 1066 639 1177 ipse
675 1066 839 1173 digne
886 1111 984 1169 per
1033 1092 1199 1149 ﬁdem
1246 1090 1303 1145 in
1346 1085 1517 1141 caelos
1558 1076 1811 1137 studebat
1849 1066 2085 1127 mittere.

508 1203 642 1273 Ejus
672 1213 804 1254 vero
851 1187 1164 1250 sanctitatis
1206 1183 1350 1238 fama
1379 1176 1547 1249 398
1576 1178 1765 1243 postea
1808 1166 1967 1234 longe
2002 1160 2088 1215 la-

507 1253 671 1366 teque
700 1294 992 1364 pervagata
1019 1290 1128 1339 est.
1171 1277 1362 1347 Itaque
1389 1287 1502 1328 non
1540 1266 1739 1337 exigua
1781 1258 1967 1332 populi
1996 1253 2090 1327 qui

512 1350 836 1444 ﬁdelis‘erat
864 1350 1158 1435 multitudo
1205 1370 1431 1441 dignum
1473 1377 1634 1422 eum.
1674 1369 1835 1428 quem
1877 1350 2092 1422 episco-

510 1441 925 1553 pumﬁhaberet,
958 1466 1204 1539 putabat.
1244 1460 1337 1514 Sic
1380 1469 1512 1526 ergo
1552 1450 1809 1517 deinceps
1832 1441 2094 1499 ecclesia-

515 1573 638 1629 stici
667 1566 871 1641 gradus
900 1560 1103 1618 divinis
1132 1551 1418 1623 obsequiis
1452 1562 1517 1603 ac
1552 1541 1877 1600 muneribus
1908 1534 2096 1591 distri-

514 1663 749 1721 buendis
781 1660 1049 1719 intentus,
1081 1658 1134 1708 et
1161 1655 1499 1704 consecrans
1531 1636 1792 1711 probatos
1821 1628 2093 1691 homines,

1692 323 1757 381 S.
1792 316 2093 379 DIONYSZI
2128 308 2595 373 AREOPAGITJE
2622 354 2627 357 .

3652 298 3752 353 676

2181 426 2339 499 ἡμῶν
2376 422 2551 494 Ἰησοῦ
2581 415 2803 492 Χριστῷ
2838 416 2919 482 εἰς
2954 413 3121 487 τιμὴν
3142 412 3445 482 ἀνέστησε*
3492 409 3587 463 καὶ
3634 408 3755 462 λαὸν

2179 517 2298 569 νέον
2327 517 2385 568 ἐν
2410 516 2480 583 τῇ
2511 508 2740 581 ἀληθείᾳ
2775 507 2872 561 τοῦ
2898 503 3235 576 Εὐαγγελίου
3277 502 3663 579 δεδιδαγμένον
3686 502 3757 570 τῷ

2181 607 2321 678 ἁγίῳ
2360 574 2515 668 αὖθις
2557 574 2673 658 ἐκεῖ
2713 574 3055 673 βαπτίσματι
3070 574 3455 663 Ἵκατεφώτισεν
3486 574 3623 663 (66).
3675 589 3758 644 Ἔν

2180 699 2295 769 ὅσῳ
2316 697 2373 750 δὲ
2403 696 2433 747 6
2464 693 2731 767 μακάριος
2759 688 2898 761 ἀνὴρ
2920 686 3137 759 ἡμέρας
3162 683 3256 739 καὶ
3288 682 3482 746 νυκτὸς
3512 680 3760 733 διδασκα-

2182 790 2361 853 λικαῖς
2393 786 2761 875 συνεστήσατο
2787 779 3092 842 εὐσεϐείαις
3119 776 3219 848 τὴν
3252 772 3461 849 πληθὺν
3481 811 3497 837 ,
3532 771 3632 825 καὶ
3672 769 3759 823 τοῦ

2185 880 2422 954 Χριστοῦ
2452 865 2638 942 δ’λαὸς
2666 879 2733 930 ἐκ
2762 872 2858 928 τοῦ
2881 871 3110 944 ἀρχαίου
3140 866 3334 940 ἐχθροῦ
3364 865 3460 921 τοῦ
3489 865 3762 935 φάρυγγος

2188 975 2469 1048 ἐλυτρὼθη
2488 1012 2504 1039 ,
2531 971 2626 1036 οὒς
2654 968 2923 1040 κατέσυρε
2947 964 3012 1021 τὸ
3059 964 3191 1037 πρὶν
3214 966 3243 1019 6
3273 962 3477 1033 Βελίαρ
3496 1001 3514 1026 ,
3542 959 3763 1020 τούτους

2188 1343 2293 1397 οὐκ
2321 1338 2475 1410 ὀλίγη
2505 1334 2615 1390 τῶν
2642 1331 2851 1387 πιστῶν
2877 1328 2973 1383 τοῦ
3002 1326 3133 1381 λαοῦ
3163 1326 3407 1396 ἄθροισις
3435 1321 3590 1388 ἀξιον
3616 1319 3769 1373 αὑτὸν

2192 1432 2442 1498 ἐδόξασεν
2474 1428 2769 1483 ἐπίσκοπον
2797 1424 2959 1495 ἔχειν.
2983 1419 3169 1484 Οῦτως
3197 1414 3291 1472 οὖν
3318 1415 3455 1488 μετά
3480 1413 3664 1468 ταῦτα
3686 1412 3767 1465 τοῦ

2193 1520 2470 1597 ἱερατικοῦ
2504 1517 2713 1590 βαθμοῦ
2755 1517 2877 1578 ταῖς
2925 1511 3099 1575 θείαις
3148 1507 3475 1579 ὑπουργίαις
3524 1502 3766 1571 διαδότης

2196 1595 2290 1673 καὶ
2334 1614 2573 1686 ἁγιάζων
2620 1606 3058 1679 δεδοκιμασμένα
3108 1602 3411 1675 πρόσωπα,
3462 1598 3539 1661 ὡς
3593 1595 3769 1659 ἀξίους

516 1688 749 1721 nummis
782 1688 1049 1719 Ιιιιῦιιιυθ,
1081 1688 1134 1708 νυ
1162 1688 1497 1704 cunmm.-."
1533 1688 1587 1711 ι.-
1607 1688 1687 1692 ,π
1714 1688 1747 1689 η
2079 1688 2088 1691 _

516 1765 579 1812 ut
611 1756 808 1826 dignos
836 1757 889 1806 et
916 1747 1144 1803 idoneos
1188 1738 1258 1795 ad
1302 1733 1531 1808 gradum
1566 1722 1944 1801 promovebat.
1990 1714 2096 1774 Sed

2221 1710 2521 1781 τενομένους
2535 1703 2711 1775 ἐαυτῷ
2740 1704 2819 1766 είς
2848 1699 3057 1772 βαθμὸν
3085 1697 3308 1768 ἀνῆκεν.
3338 1691 3474 1745 Ἀλλ’
3506 1692 3535 1743 6
3570 1688 3769 1759 Κύριος

2412 1797 2621 1826 ἰηλε-
2663 1793 2900 1826 Vm...»
2970 1793 2999 1826 ,ι
3040 1788 3120 1826 ...τι
3176 1783 3583 1826 ..ηνηηρηηάηη
3630 1779 3769 1826 ἀνδρὶ

517 1843 783 1901 Dominus
814 1843 1002 1895 noster
1029 1831 1195 1887 Jesus

518 1929 855 1994 beatissimi,
906 1935 967 1981 ut
993 1922 1188 1995 positae
1234 1916 1294 1971 in
1323 1907 1655 1968 candelabro
1696 1903 1967 1961 lucernae,
2014 1892 2099 1948 ia-

519 2040 667 2082 mam
697 2024 869 2077 latere
899 2018 1062 2073 etiam
1089 2025 1201 2067 non
1229 2004 1565 2079 patiebatur,
1610 1996 1666 2050 in
1706 2004 1896 2048 eorum
1933 1985 2028 2058 qui
2070 1998 2102 2037 a

520 2116 786 2187 religione
812 2115 1005 2166 nostra
1033 2100 1402 2160 abhorrebant
1424 2090 1704 2149 mentibus
1724 2127 1739 2153 ,
1768 2086 1889 2156 ejus
1918 2082 2101 2136 lumen

522 2173 662 2264 radii
700 2202 885 2276 specie
917 2194 1169 2255 adhibuit
1189 2233 1205 2260 ,
1236 2196 1534 2256 tantasque
1568 2195 1668 2253 per
1704 2192 1829 2234 eum
1870 2173 2104 2228 virtutes

524 2299 641 2356 ﬁeri
686 2261 893 2357 voluit,
943 2297 1006 2345 ut
1053 2283 1383 2342 infestarum
1426 2272 1823 2338 rebelliumque
1863 2261 2105 2335 gentium

530 2390 700 2448 corda
718 2428 733 2453 ,
758 2402 872 2442 non
900 2382 1084 2438 minus
1116 2388 1282 2447 quam
1312 2382 1501 2427 earum
1521 2405 1537 2428 ,
1568 2362 1770 2435 quibus
1796 2355 2108 2412 nuntiatum

524 2499 644 2549 erat
681 2482 1058 2555 Evangelium,
1092 2468 1414 2530 instituerit.
1446 2464 1632 2534 Itaque
1661 2457 1783 2527 ejus
1811 2450 2109 2510 virtutibus

526 2600 591 2639 ac
604 2545 887 2637 miraculis
901 2570 1146 2645 quotidie
1166 2557 1669 2620 corroborabantur
1680 2558 1733 2607 et
1745 2545 2107 2604 addebantur,

529 2686 590 2730 ut
620 2687 685 2728 eo
719 2633 1000 2738 tempore,
1034 2674 1161 2718 cum
1187 2658 1305 2712 haec
1336 2653 1404 2707 ab
1432 2647 1590 2705 initio
1619 2643 1764 2698 facta
1792 2644 1939 2695 sunt.
1972 2633 2111 2689 Tum

531 2776 711 2822 autem
742 2759 918 2819 sancti
942 2754 1084 2820 viri,
1122 2759 1183 2807 ut
1209 2764 1316 2805 vox
1346 2738 1637 2801 clamantis
1659 2776 1674 2802 ,
1710 2735 1870 2803 longe
1898 2730 2114 2798 lateque

528 2861 824 2929 pervagata
853 2846 1093 2905 nominis
1126 2841 1246 2913 ejus
1276 2837 1423 2893 fama
1443 2875 1459 2901 ,
1497 2832 1571 2886 ita
1607 2826 1879 2883 celebrata
1908 2829 2024 2883 est,
2055 2826 2116 2872 ut

528 2953 692 3007 etiam
706 2943 1066 3003 Domitianus,
1085 2936 1180 3009 qui
1204 2927 1481 2989 secundus
1513 2931 1637 2995 post
1656 2917 1928 2973 Neronem
1950 2909 2116 2968 Chri-

530 3046 739 3104 stianos
758 3036 1072 3110 exagitavit,
1087 3045 1212 3088 eum
1228 3026 1296 3082 ad
1318 3041 1376 3081 se
1390 3024 1445 3078 in
1462 3015 1724 3092 palatium
1756 3023 1915 3066 suum
1930 3005 2119 3061 venire

527 3133 775 3207 jusserit.
823 3098 1078 3194 Idemque
1131 3125 1287 3174 tanta
1341 3107 1638 3168 iracundia:
1701 3098 2117 3165 atrocitatisque

535 3398 988 3473 laretinquinatis
1014 3389 1376 3451 daemonibus,
1393 3379 1818 3461 persuaderent,
1837 3372 1926 3425 vel
1954 3366 2123 3424 variis

538 3455 835 3555 tormentis
877 3491 1155 3560 obiectum
1201 3478 1369 3535 morti
1417 3455 1619 3547 gladiis
1667 3466 1968 3524 traderent.
2023 3455 2124 3511 His

538 3603 673 3646 vero
700 3586 914 3659 legibus
941 3594 1067 3637 cum
1100 3573 1207 3632 sibi
1241 3582 1439 3642 genera
1484 3562 1748 3619 inclinata
1784 3554 2121 3625 subegisset.

540 3695 743 3753 magna
791 3673 996 3733 Christi
1038 3666 1218 3727 servis
1265 3666 1458 3717 coorta
1501 3664 1587 3713 est
1630 3649 1974 3725 persecutio,
2006 3658 2128 3715 quae

544 3776 613 3830 ad
639 3743 759 3829 veos
805 3768 901 3840 qui
948 3764 1063 3821 illic
1105 3766 1303 3821 erant,
1349 3749 1704 3824 pertinebat:
1755 3743 1955 3813 quippe
2000 3749 2128 3791 cum

545 3866 698 3924 nulla
741 3874 974 3935 prorsus
1016 3848 1305 3925 praesentis
1349 3844 1475 3899 vitae
1514 3853 1721 3901 usura,
1770 3834 1841 3889 iis
1881 3830 1975 3901 qui
2028 3842 2128 3899 pro

544 3959 768 4018 Christo
800 3953 1113 4011 certarent,
1151 3937 1568 3998 concederetur.
1612 3929 1800 3999 Neque
1838 3923 1984 3978 enim
2031 3920 2132 3973 ali-'-

546 4065 656 4122 qua
705 4043 915 4102 sanctis
964 4032 1305 4106 martyribus
1348 4022 1677 4096 suppetebat
1710 4015 1976 4095 libertatis
2017 4010 2132 4067 sive

549 4100 655 4122 ‘1‘"
707 4100 726 4102 —
1116 4100 1132 4106 -

549 4140 836 4201 defensio,
889 4134 1006 4191 sive
1055 4122 1390 4199 deprecatio.
1442 4115 1755 4185 Quinetiam
1800 4121 1993 4163 omnes
2040 4100 2134 4175 qui

550 4232 718 4292 edicti
748 4228 929 4288 scelus
952 4234 1007 4281 et
1034 4194 1371 4290 impietatem
1393 4206 1799 4267 observabant,
1827 4197 1974 4270 quod
1998 4194 2134 4266 ipsis

554 4344 586 4384 a
614 4328 836 4383 Casare
862 4288 1245 4392 praescriptum
1272 4313 1420 4371 erat,
1452 4301 1603 4358 nulla
1634 4314 1700 4353 ex
1730 4300 1888 4366 parte
1930 4288 2136 4344 violare

556 4377 1056 4475 audebant..Misit
1094 4377 1384 4476 praeterea
1431 4394 1774 4450 delectorum
1826 4377 2138 4440 multitudi-

557 4526 718 4577 nem,
768 4520 894 4561 cum
944 4511 1145 4570 magna
1190 4506 1325 4549 voce
1374 4495 1429 4545 et
1465 4482 1788 4541 crudelitate
1831 4476 1896 4531 ad
1941 4484 2133 4529 omnes
2164 4483 2209 4540 ι)

560 4596 874 4657 Occidentis
901 4590 1187 4662 regiones,
1219 4582 1314 4654 qui
1342 4580 1489 4634 hunc
1517 4580 1771 4632 sanctum
1800 4568 1977 4622 virum
2008 4562 2139 4615 Dio-

562 4690 781 4763 nysium
807 4684 1134 4756 quaererent,
1166 4681 1243 4740 et,
1277 4671 1324 4728 si
1354 4673 1602 4742 possent,
1620 4658 1947 4720 invenirent,
1967 4661 2026 4707 ut
2055 4649 2141 4706 vel

564 4750 743 4842 edicto
772 4750 1121 4848 imperatoris
1151 4763 1337 4822 verbis
1378 4751 1434 4816 et
1474 4756 1641 4813 minis
1683 4750 1953 4806 adductus
1985 4759 2143 4815 pare-

566 4882 652 4932 ret
681 4914 697 4939 ,
732 4869 839 4933 vel,
874 4866 922 4921 si
948 4861 1157 4924 nollet,
1188 4850 1470 4927 suppliciis
1500 4842 1783 4902 immensis
1815 4840 2147 4906 discerpere-

567 4932 693 5030 tur,
712 4960 798 5018 vel
830 4954 993 5040 morti
1018 4947 1215 5022 capitis
1240 4941 1566 5017 praecisione
1595 4932 1966 4992 occumberet.

641 5153 759 5209 Hoc
797 5143 1067 5222 principis
1100 5139 1281 5198 edicto
1326 5131 1705 5208 promulgata,
1752 5125 1908 5197 plebs
1939 5120 2148 5178 Gallica

574 5242 851 5302 concessit
876 5236 1153 5306 suscipere
1177 5239 1459 5303 tyrannos,
1506 5231 1568 5278 ut
1592 5237 1688 5292 per
1712 5219 1849 5274 ﬁnes
1877 5230 2007 5272 suos
2034 5215 2150 5269 sive

573 5340 806 5399 vicinias
834 5339 1126 5408 penetrare
1151 5329 1398 5397 possent.
1432 5319 1500 5375 Et
1529 5332 1658 5373 mox
1682 5310 1827 5371 beati
1868 5311 2018 5365 illius
2045 5305 2150 5361 viri

578 5434 791 5490 celebre
835 5405 1035 5484 nomen
1084 5419 1223 5493 ipsis
1264 5416 1605 5471 declaratum
1644 5415 1755 5464 est.
1784 5405 1885 5461 Sic
1918 5417 2057 5474 ergo
2091 5408 2157 5459 ut

579 5525 662 5581 eis
707 5519 1089 5593 praescriptum
1128 5509 1351 5569 fuerat,
1383 5501 1677 5560 celerrimo
1713 5512 1917 5561 cursu,
1962 5502 2152 5563 parato

583 5615 801 5677 animo,
832 5606 999 5681 πω
1021 5602 1176 5659 vultu
1206 5598 1357 5655 varie
1402 5601 1635 5657 mutato,
1671 5589 1942 5645 Lutetiam
1999 5583 2155 5637 Pari-

584 5706 787 5759 siorum
820 5695 1088 5775 ingressi,
1126 5692 1239 5747 illic
1273 5693 1527 5745 sanctum
1560 5682 1739 5737 virum
1768 5680 1918 5733 hunc
1946 5674 2154 5745 Diony—

577 5794 721 5849 sium
773 5794 1097 5847 invenerunt
1156 5798 1281 5840 cum
1328 5777 1522 5835 alienis
1568 5790 1598 5830 a
1643 5772 1907 5844 religione
1965 5773 2153 5823 nostra

1233 1779 1524 1886 Choristus,
1568 1779 1665 1886 qui
1703 1804 1951 1879 Dionysii
1989 1801 2097 1859 viri

2221 1779 2355 1876 ιμῶν
2412 1797 2621 1871 Ἰησοῦς
2663 1793 2921 1868 Χριστὸς,
2970 1793 3000 1844 6
3040 1788 3120 1860 τῷ
3174 1783 3583 1859 μακαριωτάτῳ
3630 1779 3772 1850 ἀνδρὶ

2199 1872 2460 1964 Ᾰιονυσίῳ
2492 1890 2567 1963 μὴ
2598 1886 2894 1960 συγχωρῶν
2927 1883 3011 1937 ἐτι
3036 1882 3136 1953 τὴν
3163 1880 3355 1951 φήμην
3384 1872 3771 1945 κρύπτεσθαι,

2198 1986 2275 2051 ὡς
2299 1984 2508 2039 τεθέντι
2538 1980 2717 2052 λύχνῳ
2744 1977 2837 2031 ἐπὶ
2868 1974 3111 2046 λυχνίαν,
3143 1974 3200 2025 ἐν
3227 1972 3347 2031 ταῖς
3383 1966 3493 2020 τῶν
3536 1964 3774 2018 ἀπίστων

2201 2077 2459 2139 διανοίαις
2484 2073 2545 2127 τὸ
2580 2070 2697 2143 φῶς
2732 2066 2898 2124 αὐτοῦ
2929 2061 3276 2126 ἀκτινοειδῶς
3313 2057 3587 2130 παρέθετο
3622 2096 3639 2120 ,
3692 2053 3775 2106 καί

2201 2170 2469 2234 τοσαύτας
2502 2166 2568 2222 δι’
2610 2162 2776 2220 αὐτοῦ
2820 2158 3130 2230 κατηξίωσε
3194 2152 3447 2225 γενέσθαι
3494 2150 3593 2203 καὶ
3629 2147 3778 2201 δυνά-

2210 2281 2370 2338 μεις,
2414 2262 2499 2315 ὅτι
2549 2257 2661 2313 τῶν
2710 2252 2986 2325 πολεμίων
3037 2244 3208 2305 ἐθνῶν
3260 2244 3362 2308 τάς
3412 2240 3650 2313 καρδίας
3693 2239 3781 2291 οὐκ

2515 2350 2542 2364 κ

2207 2327 2425 2412 ἔλαττον
2474 2350 2585 2406 τῶν
2636 2341 3141 2417 εὐαγγελιζομένων
3186 2334 3488 2399 ἀνέδειξεν
3527 2330 3678 2384 ὥστε
3732 2327 3781 2390 ἐξ

2209 2544 2423 2616 ἡμέραν
2486 2532 2910 2607 ἐνδυναμοῦσθαι
2988 2527 3083 2583 καὶ
3166 2518 3562 2595 προστίθεσθαι
3639 2516 3781 2585 δίκην

2210 2607 2305 2689 τοῦ
2326 2607 2533 2705 ’καιροῦ
2557 2670 2572 2694 ,
2605 2629 2696 2682 ὅτε
2746 2623 2924 2679 ταῦτα
2958 2620 3018 2687 ἐξ
3050 2616 3307 2690 ὑπαρχῆς
3355 2612 3637 2682 ἐγένοντο.
3691 2607 3781 2661 Τοῦ

2214 2725 2369 2795 ἁγίου
2490 2720 2684 2792 ἀνδρὸς
2712 2758 2727 2783 ,
2772 2716 2848 2781 ὡς
2894 2712 3045 2784 φωνὴ
3077 2709 3328 2781 βοῶντος,
3365 2708 3442 2769 είς
3480 2704 3663 2776 μῆκος
3704 2702 3783 2754 καί

2216 2793 2419 2879 πλάτος
2473 2810 2795 2884 ἐκχυθείσης
2850 2807 2949 2877 τῆς
3004 2805 3193 2875 φήμης
3239 2798 3335 2852 τοῦ
3370 2798 3673 2868 ὀνόματος,
3707 2793 3785 2846 ἐπὶ

2215 2906 2467 2963 τοσοῦτον
2498 2899 2797 2973 διαλάμψαι
2841 2896 2967 2951 τότε
2991 2934 3005 2960 ,
3039 2894 3116 2957 ὡς
3148 2891 3242 2946 καὶ
3274 2888 3603 2961 Δομετιανὸν
3642 2885 3745 2955 (67)
3772 2924 3784 2945 ,

2216 3002 2309 3056 τὸν
2360 3000 2485 3054 τότε
2541 2997 2635 3050 τὸν
2692 2992 2946 3064 δεύτερον
2994 2986 3107 3041 τῶν
3163 2980 3505 3056 Χριστιανῶν
3561 2977 3788 3048 διωγμὸν

2220 3094 2525 3166 ποιήσαντα
2587 3086 2728 3159 μετά
2777 3084 3006 3155 Νέρωνα
3029 3119 3046 3145 ,
3112 3075 3366 3133 κελεῦσαι
3432 3072 3611 3126 ἐλθεῖν
3668 3070 3787 3140 πρὶς

2093 3162 2187 3226 -υ
2221 3185 2383 3240 αὐτὸν
2437 3184 2518 3246 είς
2570 3179 2671 3251 τὴν
2721 3175 2890 3248 αὐλὴν
2942 3169 3108 3226 αὐτοῦ
3145 3186 3158 3200 ·
3195 3170 3345 3231 ὅστις
3398 3166 3480 3229 είς
3529 3162 3789 3231 τοσαύτην

3661 3270 3789 3309 ωςτε

2223 3367 2555 3443 προστάξαι,
2596 3365 2716 3430 ἵνα,
2788 3364 2920 3416 ὅπου
2977 3359 3022 3412 δ’
3067 3358 3133 3412 ἂν
3179 3351 3501 3426 Χριστιανὸν
3546 3368 3676 3403 τινα
3715 3347 3790 3399 εῦ-

2228 3440 2408 3535 ροιεν,
2472 3454 2634 3521 αὐτὸς
2686 3454 2721 3526 ἢ
2779 3455 2829 3507 οί
2864 3448 3028 3506 αὐτοῦ
3061 3489 3076 3513 ,
3124 3445 3353 3518 ῆθῦσαι
3412 3440 3792 3513 μεμιασμένοις

2223 3531 2469 3608 πείσαιεν
2491 3591 2506 3616 ,
2540 3549 2574 3619 ἦ
2609 3545 2882 3609 ποικίλαις
2934 3540 3187 3613 βασάνοις
3238 3535 3616 3609 περιπεσόντα
3642 3574 3658 3598 ,
3708 3531 3792 3585 θα-

2226 3645 2372 3715 νάτῳ
2410 3640 2682 3714 μαχαίρας
2703 3634 3094 3709 παραδοθῆναι.
3142 3629 3365 3693 Τούτοις
3390 3628 3445 3681 δὲ
3477 3629 3595 3689 τοῖς
3626 3624 3795 3695 νόμοις

2229 3737 2500 3803 ὑποτάξας
2547 3731 2726 3803 ἐαυτῷ
2777 3728 2908 3800 γένη
2959 3724 3255 3796 κεκλιμένα
3298 3721 3451 3794 (68),
3492 3720 3670 3792 μέγας
3698 3718 3793 3777 τοῖς

2228 3828 2323 3883 τοῦ
2357 3823 2592 3899 Χριστοῦ
2624 3822 2831 3884 δούλοις
2870 3818 3086 3886 ἐγένετο
3120 3813 3359 3885 διωγμὸς
3394 3814 3450 3866 ἐν
3483 3812 3601 3873 τοῖς
3637 3810 3793 3863 ἐκεῖσε

2230 3920 2569 3994 περιτρέχων
2593 3956 2609 3981 ,
2642 3914 2897 3986 οὐδεμιᾶς
2929 3913 3043 3973 τοῖς
3075 3907 3163 3961 διά
3197 3904 3434 3977 Χριστὸν
3467 3898 3793 3970 ἀγωνιζομέ-

2231 3992 2343 4079 νοις
2376 4011 2522 4082 ζωῆς
2555 4002 3013 4078 συγχωρουμένης
3045 3998 3134 4054 διὰ
3173 3999 3353 4068 πάσης
3390 4012 3403 4025 ·
3440 3993 3671 4064 οὐδεμία
3704 3992 3794 4057 γὰρ

2232 4108 2343 4163 τῶν
2392 4103 2563 4174 ἁγίων
2619 4097 2913 4172 μαρτύρων
2964 4093 3178 4164 ὑπῆρχε
3224 4087 3562 4160 παραίτησις
3598 4083 3794 4139 ἐλευθε-

2240 4202 2359 4274 ρίας
2395 4214 2409 4228 ·
2446 4192 2581 4250 ἀλλὰ
2616 4191 2712 4246 καὶ
2746 4190 2947 4250 πάντες
2997 4187 3046 4239 οί
3092 4181 3258 4238 αὐτοῦ
3291 4180 3389 4250 τὴν
3422 4177 3679 4231 ἀσέϐειαν
3711 4191 3795 4243 φυ-

2235 4268 2521 4350 λάττοντες
2551 4284 2648 4337 τοῦ
2681 4282 2952 4352 δόγματος
2977 4318 2992 4343 ,
3028 4278 3169 4345 ὅπερ
3203 4269 3690 4345 προστεταγμένον
3721 4268 3797 4317 αὖ·

2236 4385 2350 4446 τοῖς
2384 4378 2490 4433 ὑπὸ
2522 4376 2618 4430 τοῦ
2653 4372 2933 4442 Καίσαρος
2967 4366 3051 4437 εἴη
3078 4405 3093 4430 ,
3141 4361 3447 4434 ὑπερϐῆναι
3489 4358 3579 4411 διὰ
3620 4355 3797 4415 παντὸς

2236 4475 2296 4529 οὐ
2320 4470 2682 4541 κατετόλμων.
2701 4464 2837 4517 Ἀλλ’
2857 4461 2936 4514 ἐτι
2949 4458 3042 4513 καὶ
3065 4455 3361 4510 ἐπιλέκτων
3387 4450 3666 4523 ἄθροισμα
3683 4445 3799 4519 μετὰ

2247 4565 2488 4640 μεγάλης
2525 4540 2652 4633 βοῆς
2704 4558 2798 4613 καὶ
2831 4553 3096 4626 άπηνείας
3129 4552 3242 4613 τοῖς
3279 4547 3503 4619 μέρεσιν
3537 4540 3798 4597 ἀπέστειλε

2240 4632 2561 4726 πάσηςντῆς
2594 4650 2801 4711 δύσεως
2826 4687 2841 4711 ,
2894 4646 3043 4707 ὅπως
3093 4641 3185 4694 τὸν
3221 4641 3375 4707 ἅγιον
3421 4636 3591 4707 ἄνδρα
3634 4632 3801 4687 τοῦτον

2241 4748 2516 4803 Διονύσιον
2549 4738 2944 4811 ἀναζητοῦντες
2978 4734 3211 4807 εῦροιεν,
3270 4732 3318 4783 εί
3357 4726 3661 4799 δυνηθῶσιν
3684 4767 3699 4789 ,
3731 4724 3802 4774 ἵνα

2241 4843 2277 4914 ἢ
2318 4840 2388 4894 τὰ
2420 4836 2819 4910 προστάγματα
2851 4828 2947 4884 τοῦ
2993 4824 3401 4893 ἐξουσιάζοντος
3452 4820 3566 4891 (69)
3622 4817 3801 4883 ἐκπλη-

2247 4910 2418 5007 ρῶσαι
2441 4930 2720 4993 πείσωσιν,
2744 4926 2778 4997 ἢ
2809 4922 3097 4995 τιμωρίαις
3119 4917 3193 4989 μὴ
3228 4914 3566 4987 βουλομένων
3591 4910 3805 4980 σπαράτ-

2245 5002 2432 5093 τεσθαι
2458 5020 2787 5091 ἀμετρήτοις
2813 5014 2945 5086 (70),
2970 5006 3001 5079 ἢ
3031 5010 3130 5080 τὴν
3155 5006 3394 5078 κεφαλὴν
3420 5002 3800 5075 ἀποτμηθῆναι.

2317 5089 2559 5173 Μετάδέ
2591 5089 2765 5164 ταῦτα
2806 5108 2874 5161 τὰ
2918 5102 3315 5178 προστάγματα
3345 5097 3441 5151 τοῦ
3490 5098 3741 5167 ἄρχοντος
3782 5089 3806 5137 ὁ

2248 5208 2402 5280 ὸχλος
2447 5201 2843 5279 προσδέξασθαι
2885 5199 2985 5270 τῆς
3016 5194 3287 5262 Γαλλικῆς
3342 5187 3661 5259 συναπήχθη
3700 5184 3805 5242 eos;

2249 5274 2571 5368 τῦράννους,
2603 5294 2699 5347 τοῦ
2733 5291 2959 5346 διελθεῖν
2984 5291 3042 5341 ἐν
3064 5289 3177 5349 τοῖς
3200 5280 3469 5355 συνορίοις
3492 5280 3671 5333 αὐτῶν
3690 5274 3785 5346 (7i)

2251 5363 2349 5447 καὶ
2378 5386 2657 5460 “meo;
2686 5384 2785 5438 τοῦ
2821 5381 3092 5454 μακαρίου
3125 5376 3347 5431 ἐκείνου
3376 5371 3579 5444 ἀνδρὸς
3606 5369 3671 5423 τι
3699 5363 3811 5420 ἑπό-

2256 5576 2439 5636 αὐτοῖς
2494 5572 2712 5641 ἐγένετο
2762 5561 3238 5638 προστεταγμένον
3263 5598 3277 5623 ,
3331 5555 3575 5626 ταχίστῳ
3608 5551 3808 5619 δρόμῳ.

2257 5638 2759 5739 προθύμῳήκαρδίᾳ
2792 5660 2884 5713 καὶ
2916 5651 3264 5727 ῆλλοιωμένῳ
3298 5647 3575 5720 προσώπῳ
3609 5642 3714 5715 (Ἰὸ)
3745 5638 3810 5698 εἰς

2260 5760 2528 5834 Παρισίοιν
2561 5755 2895 5817 εἰσελθόντες
2922 5794 2935 5817 ,
2973 5751 3150 5805 ἐκεῖσε
3182 5745 3278 5799 τὸν
3312 5744 3464 5811 ἅγιον
3500 5741 3663 5811 ἄνδρα
3707 5750 3809 5789 τοι·
