3874 6584
133 387 251 442 677

1177 383 1598 444 MARTYBIUM
1615 427 1631 456 ,
1667 385 1998 444 AUCTORE
2027 384 2429 449 METHOBIO.‘

3297 401 3408 460 οτθ

129 504 259 559 movi.
323 503 594 557 Διονύσιον
663 494 822 574 εῦρον
887 502 1029 558 κατὰ
1091 504 1202 560 τῶν
1261 507 1508 561 ἀπίστων
1565 507 1701 560 πολε‹

1829 506 2152 564 hominibus
2183 508 2476 566 bellantem
2499 549 2518 578 ,
2545 515 2603 565 et
2627 508 2882 567 doctnna
2921 512 3170 584 quotidie
3213 515 3404 571 multi-

131 597 376 671 μοῦντα,
404 598 498 652 καὶ
518 597 813 669 διδάγμασι
837 598 956 652 καθ’
981 599 1223 671 ἑκάστην
1255 599 1433 673 πλήθη
1466 599 1611 654 λαῶν
1641 601 1724 664 εἰς

127 692 239 764 τὴν
278 690 458 745 πίστιν
490 689 587 744 τοῦ
623 691 860 763 Χριστοῦ
897 692 1374 765 προσκαλούμενον
1410 710 1423 723 ·
1469 694 1587 765 μετ’
1620 694 1722 747 αὐ-

125 783 233 836 τοῦ
267 784 325 838 δέ
353 783 560 838 καὶτὸν
593 784 859 855 μακάριον
892 785 1062 856 ἀνδρα
1128 784 1439 839 Ῥούστικον
1469 786 1561 839 τὸν
1595 803 1724 858 πρε-

130 876 426 948 σϐύτερον,
454 875 547 929 καὶ
581 875 916 948 Ἐλευθέριον
947 877 1038 930 τὸν
1071 876 1339 942 διάκονον,
1374 876 1470 940 οὓς
1501 877 1662 940 αὐτὸς
1692 879 1722 930 ὁ

131 968 412 1039 μακάριος
459 966 598 1038 ἀνὴρ
632 968 710 1031 εἰς
740 967 868 1031 τοὺς
904 967 1067 1032 ἰδίους
1103 967 1346 1040 βαθμοὺς
1393 967 1716 1040 καθιέρωσε.

127 1057 269 1121 Τοῖς
327 1054 422 1112 οὖν
464 1058 788 1128 διδάγμασιν
823 1058 988 1113 αὑτοῦ
1023 1059 1312 1123 κοινωνοὺς
1345 1059 1437 1113 καὶ
1472 1057 1720 1130 μαθητὰς

124 1149 298 1212 ὄντας
352 1149 457 1203 τῶν
509 1150 753 1204 διωκτῶν
806 1152 840 1222 ὴ
897 1150 1204 1223 σκληρότης
1261 1148 1356 1204 καί
1406 1151 1440 1219 ὴ
1496 1147 1720 1202 ἀσέϐεια

125 1238 439 1293 κατέλαϐεν
493 1239 628 1311 ἅμα.
685 1235 846 1294 Οὗτοι
893 1239 1004 1312 γὰρ
1055 1240 1198 1309 ἅγιοι
1241 1241 1434 1312 ἀνδρες
1467 1239 1576 1292 ἀπὸ
1621 1237 1718 1292 τοῦ

130 1330 412 1402 μακαρίου
461 1333 740 1386 Διονυσίου
774 1331 1070 1404 ἀχώριστοι
1107 1333 1380 1405 ὑπῆρχον,
1419 1331 1515 1396 οὓς
1553 1331 1648 1386 καὶ⁸
1681 1331 1716 1402 ἡ

126 1422 252 1477 θεία
288 1424 540 1478 εὐσέϐεια
579 1425 990 1512 προεγιίνωσκεν
1043 1427 1312 1499 ὑπάρχειν
1351 1425 1719 1498 συγκληρονό-

131 1533 295 1587 μους.
356 1518 620 1590 Ἐχαιρεν
671 1513 764 1573 οῦν
807 1521 837 1572 ό
883 1519 1086 1589 ἀγαθὸς
1119 1520 1305 1592 πατὴρ
1339 1522 1396 1574 ἐν
1428 1519 1550 1574 δυσὶ
1584 1535 1718 1590 προ-

125 1609 426 1664 κόπτουσιν
481 1612 619 1675 υἰοῖς
643 1651 659 1675 ,
716 1612 802 1666 ὅτι
855 1611 996 1678 ἄξιοι
1044 1609 1184 1686 ἦσαν
1232 1613 1338 1666 υἰοί
1378 1611 1475 1666 τοῦ
1509 1611 1717 1684 πατρὸς

125 1702 187 1755 τὸ
222 1702 446 1776 φορτίον
479 1707 538 1758 ἐν
570 1703 847 1779 Πνεύματι
877 1709 991 1770 τοῖς
1025 1707 1200 1776 ἁγίοις
1236 1705 1470 1777 ἐλαφρὸν
1519 1704 1718 1776 βαστά-

126 1813 220 1850 σαι
242 1836 261 1860 ,
299 1797 410 1861 ἴνα,
436 1796 498 1849 τὸ
533 1796 700 1870 βάρος
739 1799 841 1871 τῆς
887 1799 1094 1871 σαρκὸς
1136 1798 1497 1870 ἀποθέμενοι,
1525 1800 1584 1851 ἐν
1611 1814 1712 1851 κα-

1824 597 2049 655 tudines
2077 600 2407 670 populorum
2432 599 2503 655 ad
2529 600 2692 657 ﬁdem
2726 602 2934 658 Christi
2952 603 3267 660 hortantem
3292 623 3307 672 ;
3337 621 3403 661 ac

1822 705 1950 745 cum
1977 707 2044 748 eo
2071 692 2293 748 beatum
2320 694 2500 748 virum
2541 693 2834 752 Rusticum
2877 697 3261 769 presbyterum
3281 737 3298 763 .
3343 707 3404 755 et

1823 780 2199 838 Eleutherium
2248 785 2582 853 diaconum,
2626 802 2769 858 quos
2811 787 2929 857 ipse
2978 789 3174 846 beatus
3223 792 3311 845 vir
3343 792 3402 847 in

1822 874 1941 930 suis
1972 875 2260 931 ordinibus
2289 886 2731 934 consecraverat.
2764 877 2871 936 Eos
2903 879 3122 949 quidem
3145 921 3161 946 ,
3201 881 3298 951 qui
3343 889 3402 938 et

1820 965 1942 1036 ejus
1969 965 2236 1021 doctrinae
2270 983 2334 1022 ac
2376 968 2686 1040 disciplina:
2741 970 3000 1043 discipuli
3043 979 3098 1028 et
3129 965 3398 1043 Vapersecu-

1818 1057 2034 1114 tionum
2083 1059 2222 1115 socii
2269 1068 2463 1126 erant,
2518 1061 2780 1117 ferocitas
2825 1071 2879 1119 et
2930 1063 3185 1134 impietas
3231 1066 3398 1122 simul

1820 1148 2054 1206 invenit.
2105 1149 2172 1205 Hi
2205 1152 2350 1207 enim
2379 1152 2557 1206 sancti
2584 1152 2690 1208 viri
2722 1167 2754 1206 a
2779 1153 2943 1209 beato
2969 1152 3230 1227 Dionysio
3275 1157 3397 1211 dis-

1811 1241 1969 1314 jungi
2021 1259 2132 1299 non
2159 1250 2450 1314 poterant.
2483 1259 2624 1315 quos
2657 1245 2824 1299 etiam
2875 1244 3059 1300 divina
3089 1247 3267 1317 pietas
3303 1262 3398 1301 co-

1816 1333 2065 1390 bazredes
2094 1333 2210 1391 fore
2240 1342 2602 1406 praenoverat.
2634 1334 2922 1391 Gaudebat
2953 1336 3122 1407 igitur
3149 1337 3395 1408 delecta-

1812 1427 2087 1499 baturque
2109 1429 2290 1485 bonus
2308 1443 2514 1500 parens
2536 1427 2752 1484 duobus
2777 1428 2967 1485 liberis
2985 1469 3001 1494 ,
3027 1430 3121 1500 qui
3146 1446 3397 1502 progres-

1817 1538 1919 1580 sus
1964 1523 2274 1588 faciebant,
2322 1523 2470 1594 quod
2511 1522 2664 1594 digni
2704 1529 2894 1578 essent
2922 1521 3055 1589 ﬁlii,
3083 1525 3182 1594 qui
3214 1523 3394 1580 Patris

1821 1630 1965 1672 onus
1995 1615 2142 1687 quod
2171 1629 2268 1686 per
2294 1614 2564 1685 Spiritum
2596 1615 2806 1671 sanctis
2837 1615 2954 1670 leve
2981 1623 3104 1680 est,
3139 1615 3394 1671 subleva-

1815 1718 1974 1774 rent,
2004 1716 2089 1776 ut,
2127 1710 2317 1765 carnis
2355 1710 2627 1782 gravitate
2649 1709 2932 1779 deposita,
2975 1707 3286 1779 adpurum
3328 1709 3396 1763 li—

1815 1801 2044 1874 quidum
2107 1817 2237 1858 aera
2279 1802 2498 1858 evolare
2541 1809 2813 1873 possent:
2861 1803 2919 1857 in
2959 1801 3162 1872 quibus
3226 1803 3393 1857 etiam

126 1888 284 1960 θαρῷ
303 1867 619 1962 δυνηθῶσιν*
633 1892 754 1964 ἀέρι
779 1867 1065 1958 πεπᾶσθαι,
1090 1886 1172 1957 οἷς
1199 1892 1292 1946 καί⁸
1314 1867 1430 1962 ipth
1448 1909 1501 1944 τι
1525 1891 1701 1962 συνῆν.

1817 1867 2002 1951 lumen
2043 1895 2318 1966 quoddam
2360 1900 2482 1950 erat
2531 1867 2781 1948 insitum.
2822 1867 2992 1949 Miror
3024 1901 3246 1960 autem,
3287 1893 3384 1964 qui

123 1983 408 2054 Θαυμάζω
429 1983 486 2036 δὲ
508 1983 624 2049 πῶς
649 1985 870 2050 ἀόπλοις
897 1986 1152 2056 ἀνδράσιν
1184 1985 1284 2039 ούκ
1314 1984 1546 2056 ἠδύνατο
1577 1983 1714 2056 πλη-

125 2075 222 2139 θὺς
269 2074 496 2143 ἔνοπλος
536 2078 875 2150 ἀντιστῆναι.
919 2079 1058 2132 Τότε
1091 2074 1184 2132 οὖν
1216 2079 1246 2131 δ
1280 2077 1584 2148 ἀρχέκακος
1623 2077 1714 2147 ἐχ-

122 2169 276 2241 Θρδς,
307 2169 534 2242 θεωρῶν
563 2173 666 2244 τὴν
699 2172 895 2227 ἑαυτοῦ
928 2172 1158 2244 δύναμιν
1185 2171 1582 2244 ἀπολλυμένην,
1617 2172 1712 2226 καί

120 2261 220 2334 τὴν
279 2261 379 2316 τοῦ
425 2264 634 2337 Κυρίου
695 2264 1101 2338 φυλαττομένην
1140 2266 1231 2319 καί
1282 2264 1521 2320 νικῶσαν
1542 2302 1558 2327 ,
1615 2262 1711 2317 καὶ

122 2354 244 2409 καθ’
297 2355 538 2427 ἑκάστην
583 2355 688 2428 τὴν
733 2355 830 2412 τοῦ
862 2357 994 2411 λαοῦ
1039 2355 1439 2430 προϐαίνουσαν
1490 2355 1708 2421 πίστιν,

121 2447 274 2520 πάσῃ
298 2451 368 2520 τῇ
417 2449 583 2524 τέχνῃ
606 2449 771 2504 αὐτοῦ
794 2451 871 2514 εἰς
898 2449 1096 2523 ἔχθραν
1118 2448 1442 2522 πολεμικὴν,
1485 2450 1610 2522 ἥτις
1640 2443 1709 2520 ἦν

120 2540 552 2612 καθωπλισμένη
583 2581 598 2605 ,
629 2542 752 2596 κατ’
780 2541 960 2595 αὐτῶν
994 2540 1296 2614 ἐπέστρεψε
1333 2557 1347 2570 ·
1386 2540 1479 2595 καὶ
1511 2541 1708 2604 αὐτοὺς

118 2631 243 2695 τοὺς
277 2633 364 2696 εἰς
395 2631 490 2684 ἕνα
525 2632 618 2685 καὶ
651 2631 904 2704 ἀληθινὸν
935 2631 1141 2704 Κύριον
1175 2631 1561 2696 πιστεύοντας,
1613 2631 1708 2686 καὶ

119 2721 194 2792 τῷ
227 2721 378 2794 ἀγίῳ
413 2721 756 2794 βαπτίσματι
789 2721 890 2795 ἤδη
927 2721 1391 2794 πεπληρωμένους
1434 2722 1534 2792 τῆς
1583 2720 1708 2774 τού-

117 2833 224 2869 των
257 2814 615 2879 διδασκαλίας
641 2857 656 2882 ,
705 2813 887 2886 ἐαυτῷ
923 2815 1212 2868 πιστεῦσαι
1244 2813 1332 2867 διὰ
1367 2813 1576 2868 πολλῶν
1611 2814 1707 2885 βα-

122 2911 297 2962 σάνων
355 2907 877 2979 ἐξομολογουμένους
931 2905 1159 2960 ἔσπευδε
1212 2908 1418 2960 πεῖσαι.
1483 2906 1622 2960 Ἀλλ’
1655 2908 1704 2960 οἱ

121 2999 262 3070 ἆγιοι
298 3001 514 3074 ἄνδρες,
545 2999 876 3073 ὁμολογηταὶ
912 2999 1006 3053 καὶ
1043 2999 1323 3071 μάρτυρες
1347 3039 1361 3064 ,
1397 2999 1494 3070 τὴν
1534 2998 1702 3054 αὐτοῦ

121 3091 210 3144 καί
241 3091 357 3146 τῶν
389 3091 602 3145 ἀσεϐῶν
633 3091 836 3144 λύσσαν
868 3093 935 3162 τῇ
969 3089 1100 3161 ἁγίᾳ
1157 3089 1477 3162 διδασκαλίᾳ
1525 3089 1704 3144 αὐτῶν

121 3181 209 3235 καὶ
243 3184 372 3245 ταῖς
407 3181 670 3253 μεγάλαις
704 3179 967 3252 δυνάμεσι
1021 3178 1329 3243 διαλύοντες
1352 3219 1368 3245 ,
1418 3179 1706 3252 ἐπεστήρι-
1730 3201 1777 3266 C

121 3273 206 3336 ζον
236 3273 373 3336 τοὺς
410 3272 689 3344 μαθητάς,
725 3271 1090 3336 συναντῶντες
1124 3274 1236 3336 τοίς
1263 3273 1505 3342 ἀνόμοις,
1527 3271 1704 3325 οὐδενὶ

119 3364 266 3436 φόϐῳ
311 3364 424 3418 τῶν
456 3365 669 3418 ἀσεϐῶν
721 3365 1122 3437 προσέχοντες,
1173 3364 1273 3435 τὴν
1321 3363 1418 3418 τοῦ
1466 3363 1702 3440 Χριστοῦ

131 3456 456 3528 Ἐκκλησίαν
484 3456 831 3530 καθ’ήμέραν
861 3456 1192 3529 εύθηνοῦσαν
1217 3455 1528 3528 ἐπροίκιξον
1557 3456 1698 3529 (74)·

120 3549 207 3602 καί
236 3550 331 3603 ὅτε
367 3551 399 3621 ἡ
447 3550 746 3621 Ἐκκλησία
777 3549 882 3604 ὑπὸ
913 3549 1022 3604 τῶν
1059 3547 1203 3603 ἰδίων
1243 3549 1578 3604 διδασκάλων
1618 3548 1700 3620 τῷ

107 3640 254 3714 λόγῳ
282 3642 504 3711 ἐγένετο
531 3641 970 3714 τεθεμελιωμένη
1010 3641 1212 3705 ἱκανῶς
1235 3679 1251 3705 ,
1282 3643 1332 3694 εἰ
1367 3641 1460 3695 καὶ
1487 3640 1556 3695 τά
1593 3641 1700 3712 μά-

118 3733 268 3789 λιστα
301 3735 676 3808 συνεταράχθη
704 3773 720 3799 ,
775 3734 866 3788 καὶ
913 3734 990 3798 ώς
1028 3733 1304 3802 καταιγίδι
1341 3731 1650 3805 ,συνεσχέθη
1682 3773 1699 3800 ,

119 3829 220 3882 τῶν
248 3827 498 3883 διωκτῶν
539 3829 662 3882 τότε
708 3827 1094 3898 αὐξανομένων
1133 3829 1200 3898 τῇ
1236 3825 1541 3897 τυραννίδι·
1578 3827 1700 3880 τότε

120 3921 206 3974 καὶ
261 3920 405 3993 αὑτὴ
470 3920 704 3992 μάλιστα
757 3919 1076 3991 Γερμανία,
1138 3920 1172 3990 ή
1239 3917 1450 3990 μεγάλη
1505 3916 1697 3990 χώρα,

121 4010 416 4083 θηριώδους
461 4012 827 4085 σκληρότητος
888 4011 983 4065 καὶ
1038 4009 1293 4074 ἀσεϐείας
1355 4010 1657 4081 μετέχουσα
1680 4051 1696 4076 ,

121 4103 528 4179 ὑποτεταγμένῃ
559 4103 755 4176 καρδίᾳ
789 4103 883 4158 καὶ
949 4101 1396 4174 κατανενυγμένῃ
1435 4101 1528 4155 τὸν
1565 4101 1698 4173 τρά-

120 4196 272 4268 χηλον
307 4198 510 4268 ἐαυτῆς
559 4197 637 4268 τῷ
670 4197 763 4249 τοῦ
797 4194 1036 4268 Χριστοῦ
1071 4193 1220 4265 ζυγῷ
1249 4193 1572 4266 ὑποθήσασα
1606 4193 1698 4246 καὶ

121 4287 695 4362 δεδιδαγμένη,ἕχαιρε
729 4291 795 4359 τῇ
828 4287 936 4341 τῶν
970 4287 1303 4341 διδασκάλων
1338 4288 1698 4360 στερεωθεῖσα

122 4379 309 4434 πίστει.
329 4380 439 4434 Καὶ
461 4377 615 4445 αὖθις
641 4382 1000 4453 κατέρῤιπτον
1026 4379 1095 4433 τὰ
1123 4379 1318 4434 εἴδωλα
1344 4379 1523 4434 αὐτῶν
1541 4381 1612 4434 τά
1633 4383 1699 4435 ἐκ

122 4471 211 4542 τῆς
230 4473 410 4527 αὐτῶν
434 4474 612 4540 ἐξόδου
635 4474 1053 4546 ᾠκοδομημένα,
1079 4474 1174 4527 καὶ
1197 4473 1391 4545 λιμένα
1421 4473 1694 4546 σωτηρίας

1815 1985 2124 2040 inermibus
2151 1984 2289 2040 viris
2319 1999 2433 2039 non
2458 1991 2675 2056 poterat
2703 1983 2998 2040 multitudo
3037 1994 3248 2040 armata
3290 1986 3392 2041 ob—

1813 2078 2030 2135 sistere.
2064 2077 2202 2132 Tum
2233 2077 2475 2150 denique
2503 2085 2697 2132 auctor
2735 2077 3006 2133 malorum
3045 2077 3250 2146 hostis,
3294 2079 3390 2148 qui

1811 2176 1866 2225 et
1894 2169 2194 2239 potentiam
2225 2185 2380 2229 suam
2412 2168 2674 2236 dissolvi,
2707 2176 2761 2225 et
2805 2169 2954 2224 illam
3000 2168 3218 2225 Domini
3256 2184 3391 2224 con-

1811 2261 2021 2317 servari
2049 2275 2114 2316 ac
2139 2262 2363 2321 vincere
2391 2260 2854 2316 animadverteret
2873 2299 2889 2323 ,
2923 2267 2981 2316 et
3011 2261 3196 2331 populi
3228 2260 3388 2316 ﬁdem

1821 2349 2071 2418 quotidie
2097 2347 2383 2420 progredi,
2437 2348 2589 2403 omni
2618 2358 2736 2404 arte
2777 2363 2878 2404 sua
2921 2349 3242 2406 inimicitias
3290 2351 3391 2406 ho-

1810 2440 1968 2495 stiles
1991 2481 2008 2508 ,
2041 2455 2164 2509 quae
2195 2446 2422 2493 armataa
2449 2446 2648 2504 erant,
2695 2439 2753 2494 in
2795 2454 2892 2494 eos
2936 2441 3208 2496 convertit
3234 2459 3248 2495 :
3277 2441 3390 2496 eis-

1808 2548 1916 2604 que
1963 2532 2058 2603 qui
2109 2547 2278 2586 unum
2321 2546 2386 2587 ac
2435 2546 2627 2587 verum
2671 2528 2959 2586 Dominum
3001 2547 3159 2600 esse,
3224 2543 3389 2604 atque

1810 2635 2064 2683 sanctum
2093 2625 2453 2696 baptismum,
2473 2626 2586 2698 jam
2611 2625 2810 2681 borum
2837 2625 3105 2682 doctrinae
3127 2641 3192 2681 ac
3216 2627 3389 2683 disci-

1809 2720 1971 2791 plina:
2005 2718 2155 2790 pleni
2183 2717 2486 2786 credebant
2506 2757 2522 2784 ,
2555 2719 2813 2774 studebat
2841 2720 3173 2790 persuadere
3200 2720 3389 2774 multis

1808 2811 2094 2882 suppliciis
2125 2823 2190 2865 ac
2224 2808 2544 2874 tormentis,
2577 2817 2638 2864 ut
2667 2809 2773 2866 sibi
2801 2809 3028 2866 credere
3063 2809 3385 2866 faterentur.

1805 2902 1877 2956 At
1923 2901 2105 2956 sancti
2146 2899 2290 2964 viri,
2336 2897 2691 2956 confessores
2739 2907 2908 2971 atque
2953 2909 3227 2972 martyres
3267 2903 3389 2970 ejus

1807 3003 1974 3066 atque
2026 2993 2321 3064 impiorum
2375 2992 2598 3048 illorum
2652 2993 2939 3048 hominum
2983 2993 3230 3050 furorem
3282 2993 3382 3048 do-

1805 3087 1984 3142 ctrina
2027 3100 2129 3142 sua
2182 3085 2509 3156 magnisque
2566 3085 2866 3142 virtutibus
2923 3086 3386 3157 comprimentes,

1806 3176 2112 3247 discipulos
2138 3175 2540 3231 conﬁrmabant
2563 3193 2578 3242 ;
2602 3183 3068 3248 occurrentesque
3091 3176 3344 3232 scelestis
3364 3212 3385 3241 ,

1809 3285 1914 3326 nec
1963 3269 2131 3326 ullius
2192 3269 2488 3339 impiorum
2535 3263 2716 3324 metus
2765 3269 3036 3329 rationem
3083 3268 3386 3332 habentes,

1803 3365 2110 3421 Ecclesiam
2141 3363 2350 3419 Christi
2379 3362 2629 3434 quotidie
2659 3363 2942 3419 florentem
2989 3369 3044 3416 et
3085 3377 3388 3433 augescen.

1802 3467 1913 3515 tem
1944 3459 2227 3515 dotabant.
2261 3457 2328 3512 Et
2355 3473 2484 3512 cum
2514 3457 2764 3524 Ecclesia
2809 3473 2840 3512 a
2893 3459 3012 3514 suis
3067 3458 3387 3517 doctoribus

1802 3548 1899 3606 Dei
1933 3550 2102 3606 verbo
2133 3550 2268 3606 satis
2300 3549 2524 3604 fundata
2560 3549 2698 3613 fuit,
2731 3549 2835 3604 etsi
2879 3549 3130 3608 maxime,
3161 3558 3386 3606 contur-

1801 3643 1931 3701 bata
1991 3653 2174 3712 esset,
2224 3651 2280 3701 et
2331 3644 2492 3716 quasi
2536 3651 2862 3714 tempestate
2909 3644 3180 3709 confusa,
3237 3646 3385 3717 quod

1803 3742 1921 3792 tum
1950 3744 2337 3807 persecutores
2369 3734 2663 3807 tyrannide
2695 3741 3053 3802 crescerent;
3102 3743 3220 3790 tum
3266 3736 3384 3806 ipsa

1806 3830 1973 3884 etiam
2007 3829 2299 3884 Germania
2333 3842 2530 3898 magna
2573 3827 2763 3899 regio,
2809 3843 2931 3898 qua:
2975 3827 3215 3882 ferarum
3257 3844 3384 3884 cru-

1800 3921 2024 3976 delitate
2069 3929 2126 3977 et
2179 3921 2460 3991 impietate
2506 3931 2626 3976 erat
2677 3919 2943 3990 praedita,
2975 3935 3100 3974 cum
3150 3919 3384 3975 subacto

1798 4022 2243 4084 compunctoque
2274 4013 2458 4067 animo
2493 4011 2768 4067 cervicem
2798 4025 2956 4066 suam
3005 4009 3210 4066 Christi
3248 4011 3381 4082 jugo

1801 4107 2189 4173 submisisset’,
2227 4121 2291 4161 ac
2319 4105 2526 4160 domita
2580 4111 2767 4168 esset,
2821 4110 3220 4173 praeceptorum
3275 4103 3380 4159 ﬁde

1799 4201 2122 4255 confirmata
2153 4197 2425 4268 gaudebat
2455 4214 2470 4262 ;
2500 4201 2556 4250 et
2604 4201 2797 4264 postea
2839 4192 3158 4263 deiecerunt
3205 4194 3381 4250 simu-

1799 4291 1946 4347 lacra
1963 4305 2086 4358 sua,
2107 4305 2229 4361 quae
2257 4289 2328 4344 ab
2347 4288 2591 4359 ipsorum
2614 4287 2866 4344 discessu
2887 4284 3154 4341 aediﬁcata
3179 4295 3337 4342 erant
3359 4327 3375 4350 ,

1799 4385 2133 4455 inventoque
2165 4390 2327 4453 portu
2366 4381 2586 4443 salutis,
2620 4385 2806 4450 partes
2836 4378 3080 4448 reliquas
3105 4379 3378 4450 naufragii

1800 4480 2244 4536 simulacrorum
2270 4475 2499 4546 periisse
2550 4472 2896 4527 laetabantur.
2946 4470 3379 4526 Lamentabatur

123 4565 384 4636 εὑρόντες,
420 4566 652 4620 εἰδώλων
669 4566 886 4639 ἔχαιρον
911 4565 1205 4618 ἀπολέσθαι
1232 4565 1298 4618 τὰ
1319 4564 1697 4635 ναυάγια(75).

1806 4583 1934 4638 ergo
1965 4576 2080 4620 tum
2114 4579 2242 4636 pars
2271 4563 2489 4620 sublata
2519 4561 2724 4616 diaboli
2749 4599 2766 4627 ,
2797 4575 2922 4645 cpm
2955 4560 3154 4616 victrix
3186 4560 3372 4617 Eccle-

133 4654 367 4730 Ἐθρήνει
386 4654 478 4712 οῦν
494 4659 613 4711 τότε
634 4661 666 4730 ἡ
699 4660 856 4730 μερὶς
886 4657 1165 4730 κινηθεῖσα
1191 4657 1286 4710 τοῦ
1315 4656 1580 4719 διαϐόλου,
1602 4657 1693 4709 ὅτε

121 4753 151 4820 ἡ
178 4753 426 4824 νικητικὴ
463 4753 759 4824 Ἐκκλησία
785 4752 992 4807 πιστῶν
1023 4751 1250 4822 λεγεῶνι
1280 4751 1608 4822 ἐξενίκησεν.

185 4845 290 4899 Καὶ
323 4848 409 4900 ὅτε
435 4846 610 4901 ταῦτα
659 4846 906 4914 ἐγένοντο
956 4843 1114 4915 θυμῷ
1155 4842 1430 4907 ἀσεϐείας,
1463 4845 1511 4896 οἰ
1547 4842 1689 4913 ὑπη-

127 4935 290 5005 ρέται,
325 4938 652 5010 σκληρότητι
701 4937 1056 5006 ἐξαφθέντες,
1083 4935 1188 5004 ,ἕνα
1234 4937 1298 4989 ἐκ
1345 4935 1552 4988 τούτων
1597 4932 1690 4988 τὸν

124 5029 263 5096 ᾰγιον
311 5031 478 5103 ἄνδρα
511 5032 784 5085 Διονύσιον
837 5030 972 5101 μετά
1029 5029 1270 5101 μεγάλης
1323 5028 1548 5100 καρδίας
1597 5029 1690 5081 καί

123 5121 343 5202 πίστεως
377 5125 869 5195 κατατολμήσαντα
903 5121 1036 5195 (76),
1072 5121 1236 5176 αὑτὸν
1270 5120 1488 5187 ἰδόντες,
1525 5139 1691 5191 προσ-

123 5213 350 5282 ελθόντες
396 5213 568 5271 εἰπονο
607 5237 625 5268 ι
655 5219 769 5271 Ούκ
818 5212 871 5270 εἴ
919 5215 983 5268 σὺ
1017 5217 1045 5268 ὁ
1083 5213 1364 5285 ἀνώνυμος
1413 5213 1618 5285 γέρων,
1659 5217 1688 5268 ό

123 5305 220 5360 τῶν
249 5308 385 5364 θεῶν
418 5310 575 5382 ἡμῶν
605 5310 667 5364 τὸ
704 5308 869 5374 σέϐας
915 5307 1180 5372 κενώσας,
1211 5307 1306 5361 καὶ
1346 5309 1461 5370 τοῖς
1493 5308 1685 5380 ἀκινή-

125 5409 224 5462 τοις
271 5401 527 5472 ἄρχουσιν
578 5401 936 5466 ἀντιπίπτων,
983 5398 1078 5454 καὶ
1107 5399 1177 5452 τὰ
1221 5399 1466 5469 δόγματα
1507 5397 1687 5452 αὐτῶν

126 5488 572 5565 ἀτωϐαλλόμενοςς
606 5494 741 5547 Εἰπὲ
790 5493 906 5558 νῦν,
940 5493 1086 5556 τίνος
1139 5491 1329 5544 ἐαυτὸν
1373 5489 1550 5559 λέγεις
1594 5490 1686 5543 τὸν

127 5580 316 5655 λάτριν,
357 5587 392 5658 ἣ
426 5587 584 5641 ποίαν
617 5587 1000 5658 ἐξομολόγησιν
1047 5585 1144 5656 τῆς
1194 5582 1389 5637 ἐαυτοῦ
1416 5579 1686 5649 ’ἐξουσίας

127 5677 472 5747 προγράφειςς
506 5697 523 5730 i
563 5677 694 5730 Τότε
723 5675 907 5730 λοιπὸν
939 5669 1085 5728 οῦτοι
1113 5676 1162 5727 οί
1185 5673 1569 5745 τρισμακάριοι
1594 5672 1686 5726 άν-

126 5761 252 5833 δρες,
300 5767 593 5830 Διονύσιος,
655 5767 966 5831 Ῥούστικος
1014 5767 1107 5821 καί¹
1171 5765 1522 5835 Ἐλευθέριος,
1573 5763 1684 5816 τῶν

130 5857 274 5924 τριῶν
307 5860 509 5914 παίδων
553 5859 661 5914 τῶν
711 5863 768 5914 ἐν
819 5861 1033 5932 καμίνῳ
1080 5859 1174 5914 τοῦ
1222 5858 1392 5929 πυρὸς
1445 5873 1682 5930 περιτα-

1795 4659 1877 4714 sia
1907 4657 2146 4712 ﬁdelium
2175 4655 2389 4726 legione
2419 4651 2640 4710 devicit.

1862 4836 2003 4894 Cum
2032 4835 2149 4891 haec
2175 4841 2328 4906 gesta
2356 4841 2488 4891 sunt
2526 4834 2712 4890 furore
2733 4834 2898 4907 ἀ,οο
2927 4834 3245 4906 impietatis,
3277 4837 3376 4892 mi-

1794 4930 1952 4987 nistri
1972 4929 2296 4985 crudelitate
2341 4924 2686 4990 inﬂammati,
2710 4941 2879 4982 unum
2909 4941 2976 4982 ex
2998 4926 3086 4982 his
3119 4935 3371 4982 sanctum

1793 5023 1970 5077 virum
2025 5019 2344 5089 Dionysium
2393 5017 2666 5081 videntes,
2697 5031 2823 5070 cum
2873 5031 3073 5088 magno
3105 5017 3287 5071 animo
3315 5025 3371 5070 et

1791 5112 1898 5167 ﬁde
1929 5117 2122 5164 contra
2155 5109 2474 5171 audentem,
2509 5107 2596 5162 his
2629 5107 2812 5162 verbis
2843 5123 2992 5172 eum,
3027 5121 3151 5168 cum
3183 5121 3370 5162 acces-

1790 5206 1986 5267 sisset,
2023 5206 2435 5257 convenerunt:
2465 5216 2485 5252 ι
2512 5196 2651 5252 Num
2687 5206 2745 5252 tu
2778 5214 2838 5254 es
2872 5198 3126 5269 ignobilis
3158 5197 3248 5254 ille
3280 5214 3368 5252 se-

1793 5307 1901 5349 nex
1931 5292 2026 5362 qui
2071 5290 2299 5346 deorum
2331 5295 2649 5343 nostrorum
2692 5288 2901 5343 cultum
2941 5287 3366 5362 religionemque

1788 5383 2082 5449 sustulisti,
2103 5390 2159 5438 et
2190 5380 2409 5437 invictis
2437 5379 2776 5452 principibus
2798 5380 3042 5446 obsistis,
3065 5395 3366 5450 eorumque

1787 5479 1967 5535 edicta
2001 5474 2345 5532 contemnis?
2391 5473 2487 5528 Dic
2527 5488 2697 5537 nunc,
2732 5473 2890 5541 cujus
2941 5480 2999 5526 tu
3043 5473 3119 5527 sis
3163 5473 3360 5534 cultor,

1787 5581 1882 5627 aut
1924 5585 2086 5642 quam
2132 5565 2418 5639 potestatis
2456 5573 2565 5620 tua:
2596 5563 2992 5637 professionem
3027 5562 3304 5634 praeferas.
3340 5583 3358 5614 ι

1787 5665 1925 5720 Τυηι
1967 5677 2099 5734 ergo
2131 5661 2186 5716 hi
2222 5670 2304 5717 ter
2333 5660 2476 5717 beati
2505 5658 2628 5723 viri,
2671 5657 2982 5728 Dionysius,
3014 5655 3277 5713 Rusticus
3310 5664 3364 5710 et

1786 5759 2152 5820 Eleutlierius,
2182 5756 2347 5809 trium
2373 5767 2662 5824 puerorum
2688 5751 2741 5804 in
2775 5749 2996 5807 fornace
3022 5750 3164 5822 ignis
3188 5750 3365 5804 inam-

1785 5851 2091 5913 bulantium
2145 5851 2339 5920 spiritu
2391 5846 2556 5918 pleni,
2591 5851 2647 5899 et
2684 5845 3022 5906 muneribus,
3060 5842 3219 5914 quasi
3253 5856 3363 5896 uno
