3874 6540
518 333 629 392 679

1695 332 1757 390 S.
1796 326 2100 390 DIONYSII
2132 323 2600 422 AREOPAGITE

3700 329 3802 386 680

517 467 617 510 ore
648 452 754 509 hoc
799 465 1129 524 responsum
1159 448 1542 524 rogationibus
1573 452 1848 510 dederunt
1875 472 1889 509 :
1922 472 1942 507 ι
1974 452 2099 510 Ser-

2206 451 2448 507 τούντων
2491 450 2573 524 τῷ
2621 451 2894 522 πνεύματι
2947 447 3361 522 ὲμπιπλώμενοι
3391 445 3549 504 "ut
3562 451 3679 514 τοῖς
3711 467 3803 520 χα-

515 543 665 600 vitus
697 551 885 600 nostra
933 541 1378 598 Christianorum
1420 542 1526 613 legi
1576 542 1809 598 subacta
1858 558 1984 600 esse
2011 557 2099 599 co-

2209 542 2505 616 ρίσμασιν,
2543 539 2622 606 ὡς
2655 540 2718 608 ἐξ
2755 541 2876 606 ἑνὸς
2934 542 3209 614 στόματος
3233 540 3496 614 τοιαύτην
3528 541 3644 595 τῶν
3675 543 3801 614 έρω-

515 634 824 708 gnoscitur.
859 633 1046 704 Itaque
1073 649 1234 705 quem
1269 634 1614 705 proﬁtemur,
1650 650 1776 692 eum
1807 635 1972 708 plane
2001 649 2107 690 au-

515 729 671 786 fibus
699 730 898 785 vestris
931 727 1282 784 insonamus.
1329 725 1672 784 Conﬁtemur
1701 728 1848 784 enim
1876 735 1932 784 et
1961 740 2106 800 pm.

515 821 766 878 dicamus
821 819 1076 886 Patrem,
1120 819 1324 876 Filium
1377 827 1433 877 et
1486 819 1751 892 Spiritum
1809 830 2102 878 sanctum:

514 912 730 970 Patrem
776 913 1104 984 ingenitum,
1153 910 1343 968 Jesum
1374 925 1406 966 a
1453 912 1576 967 solo
1622 908 1786 967 Patre
1837 910 2103 982 genitum,

513 1003 781 1078 Spiritum
811 1013 1085 1073 sanctum,
1111 1005 1208 1076 qui
1241 1019 1274 1059 a
1305 1002 1472 1059 Patre
1518 1003 1788 1075 procedit.
1813 1023 1833 1057 ι
1869 1001 1956 1059 Ad
1986 1003 2106 1059 hac

513 1099 666 1171 impii
693 1105 1076 1170 persecutores
1099 1104 1156 1153 et
1179 1096 1399 1168 tyranni
1431 1096 1629 1152 beatas
1658 1093 2100 1166 interrogabant,

510 1191 600 1248 his
649 1191 877 1246 verbis:
909 1207 928 1241 ι
958 1188 1102 1260 Ergo
1149 1187 1459 1258 principum
1491 1192 1811 1242 nostrorum
1861 1185 2104 1242 edictum

512 1298 544 1338 a
577 1283 732 1338 vobis
765 1282 1158 1346 contemnitur,
1184 1279 1503 1350 despicitur,
1529 1293 1634 1334 nec
1665 1289 1849 1334 vestra
1883 1278 2103 1335 confes-

513 1377 596 1433 sio
618 1377 948 1432 invlctorum
968 1373 1196 1430 deorum
1229 1372 1543 1428 auctoritati
1574 1373 1944 1443 potestatique
1970 1372 2102 1428 sub-

509 1468 722 1540 jicitur.
747 1487 767 1521 ι
801 1466 992 1522 Sancti
1044 1471 1253 1529 autem,
1284 1471 1347 1519 ut
1387 1479 1557 1535 supra
1589 1463 1798 1519 dictum
1849 1468 1955 1525 est.
1992 1478 2102 1520 uno

512 1560 698 1616 animo
735 1558 1139 1629 responderunt
1205 1557 1308 1613 hoc
1363 1557 1570 1614 modo:
1599 1575 1620 1609 ι
1650 1556 1721 1613 Ut
1763 1558 1928 1628 paulo
1973 1565 2104 1614 ante

511 1649 774 1714 diximus,
807 1648 1087 1704 Christum
1128 1645 1316 1712 Iesum
1348 1655 1540 1703 natum
1571 1663 1638 1703 ex
1672 1645 1843 1702 Maria
1879 1646 2103 1720 Virgine

511 1743 661 1796 omni
696 1743 895 1813 populo
924 1756 1053 1797 vere
1075 1738 1495 1804 annuntiantcs,
1516 1739 1881 1810 praedicantes
1907 1749 2099 1796 centra

2205 632 2430 690 τώντων
2452 633 2742 688 ⁶⁵⁶ἐδωκαν
2761 633 3071 706 ἀπόκρισιν·
3103 651 3124 687 ι
3159 633 3430 699 Δούλωσις
3459 633 3628 706 ἡμῶν
3674 633 3800 706 Χρι-

2209 725 2444 780 στιανῶν
2475 724 2628 797 νόμῳ
2657 721 2987 795 γινώσκεται
3016 723 3411 797 δεδουλωμένη.
3448 726 3681 780 Ὅντινα
3718 722 3800 780 οὖν

2207 806 2712 890 έξομολογούμεθα,
2755 815 3008 889 φανερῶς
3045 818 3161 882 τοῖς
3197 816 3330 872 ὠσὶν
3380 817 3410 871 ὑ
3418 817 3539 890 μῶν
3584 819 3799 891 ἐνηχοῦ-

2207 927 2328 982 μεν.
2377 906 2880 980 Ἐξομολογούμεθα
2919 907 3031 982 γὰρ
3083 909 3179 964 καὶ
3227 908 3622 982 κηρύσσομεν,
3676 911 3798 964 καθὸ

2206 1001 2300 1058 καὶ
2333 993 2683 1074 πιστεύομεν,
2706 993 2928 1074 Πατέρα
2959 999 3055 1056 καὶ
3089 993 3218 1056 Υἱδν
3243 1001 3338 1056 καὶ
3370 1002 3605 1074 Πνεῦμα
3632 1002 3798 1070 ᾶγιονο

2205 1093 2428 1167 Πατέρα
2474 1093 2792 1166 ἀγέννητον,
2826 1086 2959 1148 Υίδν
3009 1096 3075 1149 ἐκ
3128 1093 3294 1166 μόνου
3344 1092 3561 1167 Πατρὸς
3616 1111 3800 1167 γεννη-

2207 1187 2388 1253 θέντα,
2415 1188 2510 1244 καὶ
2534 1187 2762 1261 Πνεῦμα
2793 1188 2948 1259 ἅγιον
2977 1191 3042 1244 ὲκ
3066 1179 3282 1261 Πατρός
3307 1178 3794 1261 ἐκπορευόμενον.»

2205 1281 2352 1354 Πρὸς
2393 1281 2570 1336 ταῦτα
2614 1283 2664 1336 oi
2711 1281 2930 1348 ἀσεϐεῖς
2975 1282 3200 1336 διῶκται
3235 1281 3330 1336 καὶ
3375 1281 3636 1354 τύραννοι
3684 1284 3796 1345 τοὺς

2209 1373 2511 1448 μακαρίους
2563 1373 2866 1447 ἐπηρώτων
2889 1415 2904 1440 ,
2948 1371 3130 1447 ἁγίοις
3181 1374 3412 1429 τοιαῦτα
3456 1365 3794 1444 ἀποφθεγγό-

2209 1482 2379 1538 μενοι·
2420 1485 2440 1519 ‹
2469 1467 2578 1521 Καὶ
2625 1463 2812 1520 λοιπὸν
2849 1466 2960 1520 τῶν
3007 1456 3288 1539 ἀρχόντων
3334 1464 3495 1538 ἡμῶν
3534 1465 3599 1533 ἐξ
3655 1466 3795 1536 ὑμῶν

2205 1563 2625 1632 καταφρονεῖται
2663 1561 2696 1632 ἡ
2739 1560 3020 1625 κέλευσις,
3071 1559 3508 1632 παραϐλέπεται,
3561 1559 3665 1612 καὶ
3709 1560 3794 1627 οὐχ

2203 1648 2238 1721 ἡ
2274 1650 2516 1723 ὑελιετέραι
2550 1643 2939 1722 ἐξομολόγησις
2981 1649 3092 1704 τῶν
3123 1651 3396 1722 ἀνικήτων
3427 1649 3568 1703 θεῶν
3615 1653 3686 1720 τῇ
3716 1651 3794 1716 ἐξ-

2205 1741 2363 1814 ουσία
2391 1741 2700 1798 ὑπόκειται.
2725 1760 2743 1794 ι
2781 1742 2844 1796 Oi
2875 1737 2934 1796 δὲ
2967 1735 3134 1810 ἀγιοι,
3165 1739 3241 1807 ὡς
3273 1739 3530 1812 ἀνωτέρω
3559 1741 3791 1813 εῖρηται,

511 1831 773 1889 audentes
805 1841 860 1889 et
892 1831 1194 1896 credimus,
1219 1838 1274 1888 et
1299 1833 1642 1902 prolitemur,
1665 1840 1721 1887 et
1753 1847 1850 1886 ore
1879 1829 2099 1888 laudare

2206 1835 2265 1888 ὲν
2297 1833 2395 1904 μιᾷ
2425 1833 2571 1904 ψυχῇ
2615 1829 3033 1906 ἀποκριθέντες,
3071 1828 3246 1888 εἷπονο
3279 1851 3298 1884 ι
3336 1825 3424 1896 Ὧς
3455 1833 3791 1905 προέφημεν,

509 1939 622 1979 non
653 1923 994 1981 desistimus.
1029 1924 1088 1980 In
1123 1925 1231 1981 hac
1260 1931 1583 1982 sanctorum
1631 1924 1878 1980 virorum
1911 1923 2014 1981 [ide
2045 1933 2103 1981 et

509 2019 817 2089 apostolatu
855 2019 1056 2074 ﬁrmati
1089 2026 1528 2090 perseveremus.
1561 2036 1581 2072 ι
1618 2017 1688 2071 At
1719 2018 1870 2089 impii
1919 2028 2104 2088 perse-

509 2119 732 2166 cutores
767 2119 824 2167 et
855 2113 1074 2182 tyranni
1109 2127 1237 2166 cum
1269 2119 1496 2182 parvam
1542 2110 1932 2167 remissionem
1964 2125 2098 2164 con-

509 2202 832 2268 cessissent,
867 2203 1153 2259 beatarum
1183 2203 1486 2268 cervicum,
1515 2219 1638 2274 quae
1684 2211 1909 2274 propter
1939 2202 2105 2259 Chri-

510 2293 581 2348 sti
617 2292 775 2348 lidem
803 2297 1007 2363 paratae
1032 2301 1216 2359 erant,
1237 2293 1420 2365 gladio
1443 2293 1623 2366 capita
1654 2301 2099 2365 amputaverunt,

507 2385 799 2442 reddentes
825 2396 988 2443 terra!
1019 2401 1275 2460 corpora,
1303 2388 1481 2445 beatis
1514 2387 1715 2444 animis
1739 2388 1882 2444 caelo
1915 2387 2102 2444 reddi-

507 2478 616 2543 tis;
655 2477 933 2534 deelarata
971 2485 1155 2534 autem
1191 2487 1384 2534 sancta
1419 2479 1667 2534 bonitate
1699 2493 1796 2548 per
1829 2485 2100 2549 martyres

389 2559 391 2563 ’
507 2557 745 2640 quorum
796 2570 979 2624 anima
1033 2571 1200 2624 simul
1250 2586 1379 2626 cum
1430 2585 1663 2641 corpore
1717 2571 1922 2625 tradita
1973 2569 2097 2626 fuit.

508 2661 646 2716 Nam
681 2678 807 2717 cum
838 2673 1088 2733 corpore,
1139 2664 1432 2734 praecisum
1484 2670 1650 2734 caput
1695 2663 1967 2734 magistri,
1991 2665 2100 2721 illis

507 2754 604 2824 qui
635 2753 738 2810 nde
767 2754 955 2811 videre
987 2762 1278 2826 poterant,
1315 2771 1442 2811 cum
1491 2756 1675 2826 lingua
1712 2755 1942 2812 Domino
1967 2772 2102 2814 con-

509 2845 671 2914 ﬁteri,
715 2855 776 2902 ut
810 2847 992 2902 vivum
1035 2855 1091 2904 et
1123 2849 1506 2921 progrediens,
1540 2848 1856 2906 videbatur.
1895 2848 1941 2905 Ο
1973 2863 2101 2906 vere

507 2938 667 2994 beata
713 2938 1026 3004 multitudo,
1061 2948 1115 2996 et
1167 2939 1402 2996 Domino
1448 2949 1641 2996 nostro
1675 2940 1731 2996 in
1765 2941 1945 3012 gratia
1973 2958 2101 2997 rur-

508 3047 630 3087 sum
655 3031 985 3102 desponsata
1019 3035 1033 3087 l
1063 3047 1097 3087 ο
1119 3041 1311 3088 sancta
1345 3033 1746 3103 laudabilisque
1779 3033 2100 3090 fraternitas

505 3135 721 3187 eorum,
759 3124 814 3178 in
846 3123 1050 3194 quibus
1101 3139 1205 3180 nec
1253 3125 1466 3195 primus
1518 3125 1796 3182 secundus
1845 3141 1970 3182 esse
2003 3141 2100 3197 po-

507 3221 635 3281 test,
682 3229 786 3270 nec
838 3215 1072 3272 tertius!
1113 3216 1206 3271 sed
1268 3223 1474 3271 sanctae
1530 3213 1820 3273 Trinitatis
1870 3217 2098 3288 gloriam

509 3304 862 3374 proﬁtentes,
920 3318 1031 3361 uno
1088 3305 1318 3360 circiter
1349 3320 1380 3360 a
1415 3306 1636 3362 civitate
1689 3306 1981 3370 milliaria,
2041 3307 2097 3361 in

508 3411 679 3466 parvo
709 3397 850 3451 colle
890 3397 1156 3468 martyrio
1183 3397 1334 3468 digni
1381 3397 1587 3464 fuistis,
1629 3399 1810 3454 sancti
1852 3397 2031 3454 ell‘ccti
2063 3413 2096 3452 a

508 3495 701 3544 sancta
733 3484 1026 3544 Trinitate.
1515 3496 1526 3500 “

505 3597 599 3645 τος
620 3579 871 3652 δεύτερος
898 3580 1120 3635 δύναται
1150 3580 1424 3649 γενέσθαι,
1444 3581 1568 3636 οὔτε
1595 3581 1801 3654 τρίτος,
1857 3583 1994 3638 ἀλλὰ
2050 3585 2150 3657 τῆς

509 3673 737 3745 σημείου
771 3673 890 3738 ἐνὸς
913 3674 1016 3745 τῆς
1050 3673 1258 3738 πόλεως
1283 3673 1394 3746 (83)
1415 3677 1495 3739 εἰς
1543 3673 1736 3747 μικρὸν
1796 3675 1983 3746 βουνὸν
2013 3677 2153 3744 ἄξιοι

510 3768 749 3835 σθέντες.

575 3860 842 3918 Jacebant
871 3875 1001 3933 ergo
1032 3860 1090 3916 in
1133 3859 1292 3917 collis
1321 3860 1612 3918 cacumine
1647 3869 1838 3916 trunca
1866 3873 2098 3932 corpora

509 3956 631 4012 sine
653 3956 884 4020 honore,
909 3954 1181 4025 completa
1208 3970 1306 4011 seu
1333 3954 1548 4025 integra
1573 3953 1781 4010 Christi
1812 3954 2096 4025 martyrio,

506 4046 970 4118 quemadmodum
1000 4047 1070 4102 de
1102 4048 1270 4102 rebus
1301 4046 1504 4102 futuris
1544 4046 1918 4117 praedixerunt
1969 4060 2100 4116 pro~

508 4145 684 4215 phetae
721 4136 734 4199 ἑ
777 4143 936 4216 40],
975 4143 1219 4199 Pretiosa
1278 4145 1332 4200 in
1383 4155 1660 4214 conspectu
1705 4145 1918 4200 Domini
1954 4158 2097 4201 mors

509 4243 815 4289 sanctorum
844 4234 959 4304 ejus
996 4241 1044 4287 °.
1073 4234 1210 4288 Cum
1247 4234 1417 4306 igitur
1442 4235 1608 4290 etiam
1638 4235 1910 4290 declarata
1949 4245 2098 4293 esset

508 4335 809 4400 martyrum
845 4338 1008 4397 atque
1044 4327 1291 4397 episcopi
1321 4326 1559 4398 dignitas
1581 4335 1636 4383 et
1669 4329 1843 4398 gloria
1874 4336 2098 4399 propter

509 4422 805 4477 salutarem
851 4419 1103 4490 magistri
1140 4418 1323 4483 fidem,
1372 4433 1494 4491 quae
1526 4419 1862 4476 reﬂoruisset
1887 4440 1899 4476 :
1929 4421 2096 4492 coepit

510 4510 723 4566 fructus
755 4510 910 4576 oriri,
942 4517 1107 4582 atque
1139 4525 1237 4580 per
1271 4511 1424 4566 illum
1460 4512 1721 4582 majorem
1772 4511 1945 4568 fuisse
1972 4512 2092 4583 glo-

510 4601 649 4655 riam
689 4613 876 4653 eorum
910 4600 1002 4669 qui
1049 4614 1146 4670 per
1195 4600 1446 4672 martyrii
1479 4601 1566 4656 sui
1608 4600 1896 4658 victoriam
1931 4600 2095 4656 simul

2200 1919 2439 1996 Χριστὸν
2467 1922 2604 1978 Θεοῦ
2637 1919 2786 1989 Υίὸν,
2814 1916 3145 1996 γεννηθέντα
3171 1925 3238 1978 ὲκ
3255 1924 3534 1996 Παρθένου
3553 1925 3789 1996 Μαρίας.

2201 2015 2366 2070 παντὶ
2414 2015 2495 2088 τῷ
2545 2015 2658 2088 λαῷ
2703 2015 2921 2088 ἀληθῶς
2971 2015 3510 2090 προαναγγὲλλοντες
3560 2017 3662 2070 καὶ
3709 2034 3792 2086 κη-

2203 2107 2519 2182 ρύσσοντες,
2539 2107 2988 2180 κατατολμῶντες
3041 2107 3134 2164 καὶ
3179 2106 3509 2180 πιστεύομεν
3549 2106 3670 2178 (77)
3712 2108 3789 2161 καὶ

2199 2197 2707 2271 ἀξομολογούμεθα,
2758 2199 2852 2254 καὶ
2893 2193 3128 2272 στόματι
3165 2200 3228 2254 οὐ
3277 2194 3676 2270 καταπαύομεν
3722 2201 3791 2251 αἰ-

2200 2292 2438 2357 νοῦντες.
2486 2293 2575 2347 Ἑν
2602 2291 2776 2367 ταύτῃ
2797 2294 2864 2364 τῇ
2897 2290 3006 2346 τῶν
3037 2291 3210 2360 ἁγίων
3243 2291 3452 2363 ἀνδρῶν
3486 2288 3680 2344 πίστει
3709 2292 3789 2343 καὶ

2199 2385 2472 2458 ἀποστολῇ
2519 2384 2992 2458 ὲνδυναμωθέντες
3041 2383 3385 2456 διαμέυωμεν
3423 2382 3560 2454 (78).
3595 2402 3615 2435 ι
3656 2385 3715 2436 Οἱ
3742 2380 3788 2435 δὲ

2199 2478 2419 2542 ἀσεϐεῖς
2458 2477 2684 2532 διῶκται
2735 2477 2830 2532 καὶ
2871 2467 3148 2549 τύραννοι,
3185 2475 3388 2548 μικρὰν
3420 2475 3609 2529 ἀνεσιν
3638 2475 3788 2528 δεδω-

2201 2572 2358 2636 κότες
2391 2571 2524 2644 (79),
2555 2571 2665 2625 τῶν
2701 2571 2989 2643 μακαρίων
3017 2570 3327 2642 τραχήλων,
3351 2567 3443 2622 διὰ
3476 2567 3580 2640 τὴν
3619 2569 3788 2621 πίστιν

2199 2663 2298 2718 τοῦ
2329 2662 2565 2736 Χριστοῦ
2595 2662 3054 2734 ὲτοιμασθέντων,
3090 2654 3235 2732 ξίφει
3273 2659 3560 2731 ἀπέκοψαν
3582 2659 3687 2723 τὰς
3718 2676 3789 2711 κε-

2202 2755 2398 2826 φαλὰς,
2430 2754 2776 2818 ἀποδιδόντες
2803 2756 2870 2826 τῇ
2901 2756 2971 2826 γῇ
3001 2752 3071 2806 τὰ
3097 2750 3350 2824 σώματα,
3373 2751 3485 2805 τῶν
3511 2750 3788 2821 μακαρίων

2199 2850 2390 2921 ψυχῶν
2417 2850 2496 2921 τῷ
2519 2846 2734 2921 οὐρανῷ
2757 2845 3140 2902 ἀποδοθεισῶν.
3171 2835 3586 2918 Φανερωθείσης
3615 2844 3674 2897 δὲ
3704 2842 3789 2912 τῆς

2201 2941 2364 3011 ἁγίας
2408 2941 2744 3013 ἀγαθότητος
2791 2943 2906 3004 τοῖς
2943 2939 3236 3012 μάρτυσιν,
3284 2931 3359 2993 ὧν
3411 2933 3623 2992 δέδοται
3657 2939 3692 3008 ἡ
3722 2936 3789 2988 νί-

2202 3049 2272 3106 κη
2306 3036 2351 3068 "
2380 3033 2520 3107 μετά
2541 3034 2636 3088 τοῦ
2672 3029 2926 3105 σώματος
2951 3030 3089 3103 (80)ἰ
3113 3032 3496 3103 ἀποτμηθεῖσα
3523 3031 3557 3103 ἡ
3585 3028 3787 3100 κεφαλὴ

2200 3127 2296 3182 τοῦ
2323 3126 2644 3182 διδασκάλου
2677 3126 2748 3191 ⁷ο,
2781 3124 3044 3179 ὲδλέπετο
3073 3121 3301 3188 ἐκείνοις
3333 3125 3447 3187 τοῖς
3477 3121 3788 3193 δυναμένοις

2127 3260 2170 3320 c
2202 3220 2385 3274 πίστει
2417 3219 2548 3292 δρᾷν
2582 3217 2676 3273 καὶ
2707 3215 2929 3291 γλώσσῃ
2962 3213 3154 3289 Κυρίῳ
3194 3214 3478 3320 ὁμολογεῖν
3518 3213 3598 3278 ὡς
3651 3214 3787 3320 ζῶσα

2204 3312 2297 3366 καὶ
2331 3310 2719 3384 προϐαίνουσα.
2759 3310 2825 3363 Ὢ
2876 3309 3093 3379 ἀληθῶς
3143 3306 3388 3381 μακαρία
3429 3307 3675 3378 πληθὺς,
3704 3305 3788 3358 καὶ

2184 3403 2281 3475 τῷ
2312 3403 2504 3475 Κυρίῳ
2550 3402 2708 3475 ἡμῶν
2755 3405 2815 3456 ὲν
2854 3404 2921 3473 τῇ
2957 3402 3138 3473 χάριτι
3190 3399 3630 3474 ἀναμεμνημένη
3663 3395 3783 3468 (8W-

2207 3488 2271 3548 Ὢ
2303 3495 2433 3564 ἁγία
2476 3495 2568 3549 καὶ
2612 3493 2872 3565 ἐπαινετὴ
2922 3485 3250 3566 ἀδελφότης,
3289 3496 3346 3548 ὲν
3379 3488 3460 3557 οἷς
3495 3492 3624 3546 οὔτε
3658 3489 3788 3562 πρῶο

2210 3586 2372 3655 ἁγίας
2406 3586 2636 3658 Τριάδος
2684 3586 2785 3658 τὴν
2829 3586 2986 3652 δόξαν
3037 3585 3536 3658 ἐξομολογούμενοι,
3565 3583 3646 3648 ὡς
3692 3579 3786 3635 ἀπὸ

2205 3679 2468 3750 γεγόνατε
2521 3678 2822 3752 μαρτυρίου
2872 3678 2962 3734 διὰ
3005 3679 3106 3751 τῆς
3155 3674 3318 3748 ἁγίας
3364 3677 3595 3750 Τριάδος
3641 3677 3786 3744 ἀγια-

2282 3859 2530 3914 Ἔκειντο
2561 3857 2654 3915 οὖν
2695 3865 2776 3927 είς
2820 3863 2919 3935 τὴν
2967 3859 3209 3933 κορυφὴν
3256 3859 3350 3913 τοῦ
3420 3859 3615 3929 βουνοῦ
3665 3861 3783 3914 ἀπο-

2201 3952 2480 4025 τμηθέντα
2513 3953 2742 4026 σώματα
2773 3951 3039 4027 ἀτίμητα,
3076 3953 3486 4026 πεπληρωμένα
3530 3954 3613 4025 τῷ
3653 3972 3780 4027 μαρ-

2199 4043 2372 4115 τυρίῳ
2394 4044 2491 4098 τοῦ
2521 4047 2758 4118 Χριστοῦ
2793 4047 2929 4119 (85),
2966 4044 3148 4110 καθὼς
3181 4044 3564 4117 προελάλησαν
3594 4049 3643 4099 οἱ
3667 4064 3781 4118 προ-

2202 4137 2370 4208 φῆται
2417 4137 2545 4208 περὶ
2593 4137 2703 4192 τῶν
2751 4132 3072 4209 μελλόντων,
3123 4138 3207 4192 ὅτι
3266 4138 3462 4207 Τίμιος
3514 4140 3780 4194 ἐναντίω·

2200 4228 2422 4296 Κυρίου
2473 4232 2506 4282 ὀ
2557 4225 2811 4294 θάνατος
2854 4227 2974 4282 τῶν
3023 4230 3212 4283 ὁσίων
3259 4228 3470 4283 αὐτοῦ.
3529 4230 3651 4283 Ἔτι
3697 4226 3778 4283 οὖν

2204 4320 2609 4392 φανερωθείσης
2633 4320 2742 4374 τῶν
2779 4320 3072 4392 μαρτύρων
3123 4320 3215 4374 κα)⁵
3251 4321 3441 4392 ἱερέως
3464 4321 3508 4352 τί
3546 4321 3657 4395 (84)
3689 4322 3776 4390 τῆς

2201 4409 2360 4477 ἀξίας
2395 4411 2489 4465 καὶ
2511 4411 2610 4483 τῆς
2641 4411 2982 4483 ὲνδοξότητος
3015 4411 3101 4466 διὰ
3130 4411 3228 4483 τὴν
3263 4416 3669 4488 σωτηριοφόρον
3692 4414 3774 4466 τοῦ

2201 4503 2517 4558 διδασκάλου
2575 4503 2961 4577 ἐπανθὴσασαν
3019 4506 3228 4571 πίστιν,
3282 4507 3490 4579 ἤρξατο
3517 4510 3546 4561 ό
3581 4511 3774 4581 καρπ“ς

2200 4596 2496 4661 ἀνατεῖλαι,
2523 4597 2615 4651 καὶ
2666 4595 2858 4669 ἐκείνῳ
2895 4595 3055 4652 πλέον
3085 4598 3243 4666 δόξαν
3288 4601 3544 4669 γενέσθαι
3573 4603 3660 4656 διὰ
3690 4602 3773 4656 τοῦ

511 4699 688 4750 erant.
725 4691 876 4746 Beati
907 4701 1089 4746 autem
1116 4691 1361 4763 Dionysii
1388 4699 1442 4748 et
1465 4693 1738 4764 pontiﬁcis
1760 4693 2096 4748 honorantes

2203 4689 2504 4761 μαρτυρίου
2530 4688 2725 4742 ἑαυτοῦ
2757 4689 2860 4761 τὴν
2890 4688 3048 4761 νίκην
3071 4689 3180 4743 τῶν
3215 4692 3486 4745 συνόντων
3510 4693 3641 4764 (85).
3677 4693 3772 4747 τοῦ

512 4776 855 4853 martyrium,
894 4788 1148 4836 sanctum
1183 4781 1307 4851 ejus
1345 4781 1466 4837 sine
1497 4783 1682 4837 animo
1717 4796 1919 4852 corpus
1950 4782 2098 4837 exci-

515 4880 684 4928 tatum
705 4887 826 4927 esse
848 4871 1148 4927 credimus.
1186 4871 1399 4928 Etenim
1433 4872 1592 4930 beata
1615 4887 1781 4928 manu
1805 4888 1904 4928 sua
1934 4875 2098 4942 caput

511 4977 581 5018 ex
622 4977 852 5033 corpore
883 4975 914 5015 a
947 4962 1172 5020 nefariis
1218 4963 1536 5020 hominibus
1577 4963 1758 5036 gladio
1803 4963 2092 5035 prmcisum

514 5055 767 5125 sumpsit,
793 5061 848 5108 et
879 5069 1206 5126 suspensum
1228 5057 1458 5113 brachio
1489 5059 1773 5129 amplexus
1802 5066 1908 5122 est,
1929 5065 2094 5129 atque

515 5160 544 5198 a
579 5146 736 5202 collis
768 5146 974 5203 vertice
1005 5146 1114 5202 duo
1144 5149 1396 5204 milliaria
1431 5151 1587 5221 plena
1623 5150 1749 5205 forti
1783 5152 1970 5205 animo
2004 5164 2094 5220 pe-

513 5237 674 5294 dibus
690 5238 1002 5309 ingrediens
1023 5241 1279 5310 portavit.
1294 5241 1508 5298 Novum
1527 5236 1778 5314 profecto
1800 5257 1866 5298 ac
1897 5249 2090 5312 poste-

514 5331 594 5386 ris
606 5331 1082 5402 depraadicandum
1099 5347 1163 5388 ac
1181 5332 1321 5388 fama
1337 5335 1722 5392 celebrandum
1738 5335 2088 5399 miraculum,

570 5520 614 5554 (ο
638 5511 782 5570 Psal.
816 5531 922 5570 cxv
955 5557 971 5582 ,
1001 5517 1096 5572 .15.

2203 4783 2472 4855 μακαρίου
2517 4783 2574 4837 δὲ
2607 4781 2882 4838 Διονυσίου
2936 4782 3027 4836 καὶ
3073 4782 3374 4855 ἀρχιερέως
3421 4785 3692 4856 τιμῶντες
3723 4783 3774 4838 τὸ

2202 4869 2521 4949 μαρτύριον,
2555 4877 2616 4930 τὸ
2665 4877 2818 4947 ἅγιον
2867 4875 3034 4930 αὑτοῦ
3081 4877 3211 4931 ἄνευ
3261 4875 3441 4948 ψυχῆς
3495 4879 3656 4950 σῶμα
3702 4895 3774 4930 7.:-

2199 4966 2462 5039 στεύομεν
2495 4967 2811 5040 ὲγηγέρθαιδ
2849 4968 3072 5038 καὶγὰρ
3102 4970 3169 5039 τῇ
3207 4971 3456 5042 μακαρίᾳ
3487 4972 3629 5042 χειρὶ
3655 4972 3769 5023 ἐαυ-

2197 5058 2293 5112 τοῦ
2327 5059 2425 5131 τὴν
2458 5058 2699 5131 κεφαλὴν
2731 5059 2839 5113 ἀπὸ
2868 5058 2964 5112 τοῦ
3001 5057 3252 5131 σώματος
3286 5061 3393 5116 ὑπὸ
3424 5061 3535 5117 τῶν
3567 5064 3769 5133 ἀνόμων

2195 5149 2276 5222 τῷ
2315 5151 2458 5222 ξίφει
2507 5149 2914 5223 ἀποτμηθεῖσαν
2960 5151 3142 5216 ἔλαϐε,
3185 5153 3278 5208 καὶ
3321 5157 3674 5228 κρεμαμένην
3701 5151 3768 5222 τῷ

2199 5238 2442 5316 βραχίονι
2473 5241 2905 5314 ὲνηγκαλίσατο,
2925 5241 3017 5294 καὶ
3049 5242 3157 5296 ἀπὸ
3189 5243 3290 5314 τῆς
3321 5244 3418 5298 τοῦ
3463 5243 3648 5315 βουνοῦ
3684 5259 3765 5295 κο-

2201 5332 2376 5407 ρυφῆς
2407 5334 2500 5389 δύο
2547 5333 2700 5406 μίλια
2730 5333 2945 5406 πλήρης
2969 5333 3012 5368 ⁷³
3046 5336 3104 5388 ἐν
3139 5337 3283 5408 ίσχύῖ
3315 5338 3431 5403 τοῖς
3465 5337 3622 5392 ποσὶν
3654 5334 3767 5388 ἐσά-

1473 5623 1708 5686 VARIAS
1742 5622 2126 5688 LECTIONES
2162 5624 2250 5682 ET
2285 5625 2850 5688 CORRECTIONES.

623 5796 668 5830 ⁸⁸
694 5798 1103 5873 ἐμπιπλάμενοι,
1165 5802 1360 5869 σ”τοῖς
1393 5804 1656 5875 ἐρωτῶσι.
1735 5808 1776 5842 ⁸ο
1808 5807 1978 5880 ψυχή.
2058 5813 2103 5845 ⁷ο
2139 5813 2458 5886 ἀρχιερέως.

2568 5817 2609 5850 ⁷¹
2638 5817 2958 5890 ἀρχιερέως.
3081 5823 3125 5859 ἰ’
3162 5817 3362 5892 πλήρη.
