3874 6546
1185 427 1623 494 IARTYRIUM,
1659 429 1987 489 AUCTOBE
2021 431 2391 489 METHODIO.

3312 437 3422 494 682

149 569 357 615 mas,
385 549 506 604 νέαν
538 546 633 603 καὶ
657 548 882 621 ἀρχαῖον
915 547 1011 603 καὶ
1041 549 1153 613 τοῖς
1187 549 1483 620 μετέπειτα
1514 551 1723 617 ἐξάκουε

1838 566 2042 623 corpus
2086 568 2210 610 esse
2240 554 2361 609 sine
2406 554 2591 610 animo
2619 561 2682 610 et-
2711 553 2890 625 capite
2919 552 3067 624 quod
3102 551 3210 607 vivi
3243 553 3418 609 instar

153 661 285 699 στον
316 642 500 714 θαῦμα
527 640 639 716 (86)
670 641 800 695 ἄνευ
831 641 1010 712 ψυχῆς
1052 642 1144 695 καὶ
1178 641 1422 713 κεφαλῆς
1454 643 1631 714 σῶμα,
1660 645 1736 710 ὡς

149 734 267 801 ζῶν
297 734 516 806 τρέχειν
547 731 690 788 κατά
725 731 787 786 τὸ
817 732 959 796 ἔθος,
989 733 1084 786 καὶ
1120 733 1406 804 ἄνθρωπον
1435 732 1738 806 τεθνηκότα

151 828 399 900 ἰσχυροῖς
429 824 743 897 προϐαίνειν
767 824 956 896 ῐχνεσι.
993 824 1114 878 Τῶν
1143 825 1426 898 μακαρίων
1453 821 1546 879 οὖν
1576 826 1736 880 πάλιν

162 916 478 972 Ῥουστίκου
529 917 623 970 καὶ
668 916 999 989 Ἐλευθερίου
1033 917 1358 988 φοϐηθέντες
1397 917 1447 970 οἱ
1496 917 1734 984 ἀσεϐεῖς,

153 1011 232 1082 μή
267 1027 383 1073 πως
411 1007 754 1072 συνελθόντες
783 1008 901 1062 λαοὶ
933 1009 1115 1063 πίστει
1153 1009 1600 1082 δεδοκιμασμένοι
1641 1012 1733 1064 εὑ-

149 1101 299 1173 χητὰ
332 1099 561 1172 σώματα
592 1099 772 1155 αὐτῶν
793 1101 1009 1164 ἑαυτοῖς
1037 1103 1118 1164 είς
1148 1101 1430 1171 ἀντίληψιν
1451 1104 1509 1156 ἐν
1539 1104 1734 1175 σωροῖς

150 1193 553 1266 καταθήσονται
572 1233 588 1256 ,
632 1192 932 1265 γενομένης
975 1193 1171 1265 βουλῆς
1208 1197 1289 1259 εἰς
1319 1193 1544 1249 ἀκάτιον
1574 1197 1634 1250 ἐν
1664 1197 1733 1267 τῇ

148 1286 377 1358 ἀϐύσσῳ
414 1287 650 1341 συνεῖδον
682 1286 778 1340 τοῦ
825 1286 1016 1351 ὓδατος
1059 1286 1347 1342 ἀπολῦσαι.
1397 1287 1556 1342 Ἀλλά
1601 1289 1736 1356 Θεὸς

145 1381 179 1432 ὁ
212 1379 640 1451 παντοδύναμος,
682 1378 907 1449 ἀγαθὸς,
950 1378 1156 1444 δίκαιος
1187 1379 1281 1433 καὶ
1313 1379 1582 1452 ἐλεήμων,
1615 1382 1644 1434 ὁ
1673 1381 1736 1436 τὸ

147 1470 302 1536 ἔλεος
348 1470 513 1526 αὐτοῦ
555 1469 665 1525 ἀπὸ
711 1468 808 1524 τοῦ
851 1469 1190 1543 ἀνθρωπίνου
1242 1470 1432 1540 γένους
1477 1472 1733 1528 οὐδέποτε

147 1561 417 1634 παριδὼν,
449 1565 480 1616 ό
509 1562 605 1616 τοῦ
637 1559 837 1637 Φαραὼ
879 1561 980 1633 τὴν
1031 1561 1230 1634 βουλὴν
1260 1565 1328 1635 τῇ
1375 1563 1613 1638 Ἐρυθρᾷ
1645 1565 1736 1619 θα-

144 1651 326 1724 λάσσῃ
356 1651 747 1716 καταϐυθίσας,
783 1651 1000 1706 καὶτοῦ
1040 1651 1323 1722 ’Δχιτόφελ
1357 1654 1562 1728 ἀγχόνῃ
1597 1672 1734 1727 σχοι-

145 1743 265 1798 νίου
298 1744 388 1798 τὸν
419 1743 687 1816 τράχηλον
715 1743 1018 1815 ἀποκόψας,
1051 1743 1214 1808 αὐτὸς
1248 1745 1341 1799 καὶ
1372 1743 1471 1816 τὴν
1502 1745 1735 1800 ἀσύστα-

142 1854 240 1890 τον
263 1835 466 1890 τούτων
493 1835 686 1908 βουλὴν
716 1834 796 1906 τῷ
829 1835 968 1888 ἐλέει
1000 1834 1164 1888 αὐτοῦ
1200 1835 1517 1900 κατέϐαλεν,
1548 1837 1636 1891 ἴνα
1662 1836 1731 1891 τά

1839 658 1938 714 pro
1985 661 2138 702 more
2179 657 2396 710 currat.
2433 647 2818 717 hominemque
2857 646 2971 713 jam
3019 653 3298 702 mortuum
3333 648 3418 702 in-

1837 735 1990 808 gredi
2024 735 2196 792 ﬁrmis
2228 737 2491 808 vestigiis.
2525 736 2681 807 lmpii
2712 752 2841 809 ergo
2874 735 3124 791 homines
3150 737 3225 791 illi
3259 738 3416 794 veriti

1839 841 2052 890 rursus,
2094 843 2162 884 ne
2195 827 2336 884 forte
2369 829 2474 886 ﬁde
2505 829 2734 899 probata
2783 829 3017 898 populus
3050 831 3414 895 conveniens,

1835 919 2095 988 optabilia
2129 935 2360 991 corpora
2395 920 2604 978 Rustici
2637 928 2692 976 et
2724 919 3018 976 Eleutherii
3055 921 3298 991 praesidii
3332 930 3417 975 at-

1835 1027 1945 1082 que
1976 1012 2168 1068 auxilii
2202 1014 2287 1068 sui
2322 1028 2489 1069 causa
2523 1014 2580 1068 in
2611 1012 2878 1082 sepulcris
2909 1013 3248 1084 tumulisque
3278 1028 3414 1067 con-

1835 1104 2008 1169 deret,
2040 1119 2106 1160 ea
2135 1104 2190 1159 in
2223 1105 2530 1160 naviculam
2564 1103 2816 1174 imposita
2849 1104 2916 1159 de
2949 1105 3191 1159 omnium
3225 1105 3414 1161 consi-

1835 1197 1911 1252 lio
1945 1197 2000 1252 in
2031 1197 2363 1267 profundum
2397 1196 2638 1253 fluminis
2670 1198 2911 1267 dejicere
2943 1205 3270 1252 statuerant.
3305 1196 3413 1252 Sed

1835 1289 1980 1359 Deus
2009 1305 2190 1345 rerum
2224 1291 2468 1345 omnium
2501 1299 2810 1362 praepotens
2830 1330 2845 1353 ,
2878 1291 3056 1345 bonus
3077 1330 3090 1353 ,
3118 1289 3325 1360 justus.
3362 1300 3418 1344 et

1834 1380 2228 1438 misericordiae
2282 1382 2498 1452 plenus,
2543 1383 2638 1452 qui
2694 1381 3130 1438 misericordiam
3165 1398 3319 1438 suam
3358 1382 3412 1435 iu

1834 1474 2074 1530 humano
2105 1491 2306 1548 genere
2352 1491 2636 1546 nunquam
2683 1475 2945 1546 neglexit,
2980 1475 3074 1545 qui
3108 1473 3412 1528 Pharaonis

1832 1567 2132 1623 exercitum
2185 1569 2240 1624 in
2274 1583 2424 1624 mare
2475 1569 2720 1624 Rubrum
2771 1568 3054 1632 demersit,
3089 1573 3143 1621 et
3186 1566 3413 1621 Achito-

1831 1657 1956 1726 phel
1987 1659 2252 1717 cervicem
2291 1661 2485 1732 laqueo
2520 1661 2768 1732 praecidit
2797 1680 2810 1716 :
2839 1661 2885 1715 is
2921 1659 3087 1714 etiam
3136 1659 3414 1714 inﬁrmum

1833 1749 2065 1806 istorum
2117 1753 2406 1808 consilium
2461 1752 2836 1808 misericordia
2887 1765 2989 1805 sua
3030 1750 3320 1813 dissolvit,
3356 1761 3414 1802 ut

1831 1856 1902 1896 ne
1933 1842 2081 1898 clara
2132 1844 2526 1916 splendidaque
2558 1845 2668 1900 duo
2702 1844 2909 1899 lumina
2944 1842 3216 1914 profundo
3242 1857 3414 1912 aqua-

142 1925 380 1999 λαμπρά
411 1926 506 1981 δύο
537 1927 898 1998 φωτιστήρια,
931 1925 1006 1997 μὴ
1035 1924 1115 1997 τῷ
1148 1925 1296 1996 βυθῷ
1325 1926 1435 1980 τῶν
1466 1928 1723 1999 κυμάτων

1828 1950 1947 1990 rum
1979 1937 2484 2008 submergerentur,
2508 1937 2605 1993 sed
2637 1936 2842 1993 Christi
2874 1935 3119 1991 Ecclesia
3140 1949 3236 1990 eos
3266 1949 3412 1990 sem-

142 2018 664 2089 κατακαλυφθῶσιν,
690 2018 824 2073 ἀλλά
851 2018 946 2072 τοῦ
978 2019 1217 2090 Χριστοῦ
1247 2021 1284 2090 ἡ
1315 2019 1607 2093 Ἐκκλησία
1636 2020 1729 2074 δυο

139 2114 343 2176 νατοὺς
376 2113 476 2187 ἔχῃ
508 2113 594 2167 ἀεὶ
637 2111 992 2184 πολεμιστάς.
1042 2111 1129 2165 Ἐν
1173 2111 1387 2177 τούτοις
1419 2113 1558 2185 γυνὴ
1588 2113 1728 2169 ἐντι-

142 2223 248 2276 μος
298 2203 549 2259 Κατοῦλα
595 2204 838 2275 ὀνόματι,
880 2204 1003 2274 ἥτις
1035 2203 1267 2267 ἐθνικοῖς
1311 2203 1496 2274 φόϐοις
1545 2205 1730 2278 ἀκμὴν

139 2295 491 2368 κρατουμένη
526 2295 769 2367 ὑπῆρχεν
803 2293 937 2366 (87),
971 2295 1349 2367 ἐπιστρέψασα
1374 2297 1493 2350 τότε
1523 2299 1602 2361 είς
1628 2296 1728 2369 τὴν

137 2388 331 2442 πίστιν
352 2386 446 2441 τοῦ
466 2387 704 2459 Χριστοῦ
725 2386 813 2441 διὰ
830 2385 941 2440 τῶν
966 2386 1260 2459 θαυμάτων
1282 2387 1390 2442 τῶν
1411 2389 1726 2461 μαρτύρων,

137 2479 348 2552 ἐαυτὴν
390 2481 469 2544 είς
513 2479 812 2552 ἐπιθυμίαν
860 2477 1090 2545 ἐξέδωκε
1127 2479 1268 2552 (88),
1300 2481 1394 2535 καὶ
1425 2485 1492 2554 τῇ
1533 2481 1728 2556 γνώμῃ

137 2571 314 2638 ἔδειξε
358 2571 453 2626 καὶ
500 2575 614 2636 τοῖς
658 2571 840 2646 ἔργοις
872 2571 970 2625 τοῦ
1017 2571 1184 2626 πόθου
1214 2571 1316 2645 τὴν
1346 2573 1597 2646 δύναμιν·
1632 2577 1726 2632 καὶ

135 2667 284 2721 ἐλέει
329 2665 465 2720 Θεοῦ
513 2667 898 2735 κατανυγεῖσα,
951 2664 1287 2737 ἐπελθούσης
1335 2666 1472 2739 αὐτῇ
1521 2668 1726 2725 ἄνωθεν

135 2759 445 2830 δυνάμεως,
496 2757 822 2828 συμϐούλιον
867 2757 1048 2823 ἔλαϐε,
1083 2758 1177 2812 καὶ
1208 2759 1274 2832 δὴ
1305 2761 1386 2823 είς
1426 2761 1726 2832 συμπόσιον

135 2853 422 2909 ἱκέτευσεν
451 2851 628 2906 ἐλθεῖν
647 2853 773 2916 τοὺς
800 2850 1053 2915 διώκτας.
1087 2851 1197 2906 Καὶ
1229 2851 1318 2906 ὅτε
1343 2853 1528 2918 αὐτοῖς
1557 2853 1726 2910 πολλά

131 2945 290 3018 δῶρα
316 2945 707 3016 προσήνεγκεν,
732 2943 988 3008 ἐπιεικῶς
1020 2944 1121 3016 τὴν
1155 2945 1314 3016 μῆνιν
1339 2945 1442 3016 τῆς
1469 2946 1731 3001 κακοϐουο

134 3035 265 3100 λίας
295 3034 475 3090 αὐτῶν
503 3034 764 3106 ἐξήνεγκε
794 3034 936 3089 κατά
973 3034 1083 3088 τῶν
1119 3034 1414 3107 μαρτύρων
1447 3034 1578 3106 (89)·
1610 3039 1725 3102 τοῖς

133 3127 192 3182 δέ
226 3129 442 3192 πιστοῖς
471 3125 540 3180 τά
565 3127 861 3198 ἀπόκρυφα
890 3125 992 3196 τῆς
1024 3126 1250 3197 καρδίας
1277 3125 1446 3196 αὐτῆς
1479 3125 1726 3199 φανερώ-

135 3237 306 3284 σασα,
339 3216 694 3291 προσέταξεν,
735 3218 824 3272 ἵνα
850 3216 1124 3289 συλήσωσι
1158 3216 1415 3290 κρυπτῶς
1438 3217 1507 3270 τά
1529 3217 1723 3289 ἐντιμα

1833 2041 1930 2097 per
1955 2026 2128 2084 fortes
2157 2036 2591 2098 propugnatores
2613 2027 2858 2082 haberet.
2883 2026 3020 2082 Dum
3052 2025 3167 2080 haec
3187 2041 3415 2096 ageren-

1831 2128 1942 2184 tur,
1978 2121 2174 2176 mulier
2205 2121 2406 2176 nobilis
2452 2131 2508 2176 et
2554 2121 2726 2184 clara,
2760 2119 2957 2175 Catula
3011 2120 3254 2181 nomine,
3291 2134 3415 2188 quae

1829 2211 2018 2282 gentili
2071 2220 2218 2268 metu
2269 2212 2428 2268 valde
2479 2219 2731 2282 correpta
2778 2219 2918 2275 erat,
2955 2218 3071 2264 tum
3127 2209 3196 2263 ad
3250 2210 3409 2264 ﬁdem

1829 2301 2036 2358 Christi
2085 2313 2306 2373 propter
2351 2311 2654 2374 martyrum
2709 2303 2997 2366 miracula,
3030 2301 3278 2357 converti
3311 2299 3409 2355 de-

1829 2393 2110 2460 sideravit.
2154 2397 2374 2466 vimque
2405 2393 2662 2450 desiderii
2695 2402 2750 2450 et
2782 2395 3063 2450 voluntate
3101 2400 3158 2449 et
3210 2408 3270 2449 re
3319 2391 3413 2448 de-

1827 2490 2079 2552 claravit,
2109 2503 2176 2544 ae
2224 2487 2323 2545 Dei
2372 2487 2750 2545 misericordia
2781 2493 3132 2558 compuncta,
3176 2487 3411 2541 interve-

1828 2583 2013 2638 niente
2043 2581 2095 2637 ei
2125 2581 2180 2636 vi
2215 2581 2423 2646 divina,
2469 2580 2761 2636 consilium
2811 2582 2975 2651 cepit,
3012 2587 3072 2633 ut
3113 2579 3184 2634 ad
3217 2578 3410 2634 convi-

1826 2671 1975 2727 vium
2002 2679 2383 2742 persecutores
2407 2671 2633 2740 supplex
2657 2669 2935 2726 invitaret.
2957 2668 3208 2740 Cumque
3237 2670 3408 2724 multa

1825 2761 1908 2818 eis
1958 2776 2188 2817 munera
2239 2761 2566 2826 detulisset,
2621 2760 2920 2830 prudenter
2972 2759 3162 2816 odium
3211 2758 3407 2814 nefarii

1825 2853 2067 2917 consilii,
2101 2852 2249 2923 quod
2283 2853 2360 2907 illi
2393 2853 2662 2910 adversus
2689 2859 2962 2924 martyres
2993 2860 3274 2923 ceperant,
3309 2867 3409 2906 ex-

1825 2947 2032 3013 cussit;
2065 2946 2316 3016 exposito
2349 2953 2532 3000 autem
2565 2944 2774 3001 nostris
2807 2945 2978 3000 animi
3017 2945 3103 3001 sui
3147 2947 3405 3009 consilio,

1828 3035 2085 3110 praecepit
2127 3041 2186 3089 ut
2230 3034 2371 3089 clam
2405 3033 2644 3106 pretiosa
2688 3049 2920 3104 corpora
2970 3043 3272 3106 martyrum
3307 3053 3406 3091 au—

1825 3129 2033 3188 ferrent
2083 3129 2139 3184 in
2184 3141 2349 3183 unam
2399 3136 2608 3197 partem
2661 3127 2833 3191 urbis,
2874 3134 2934 3182 ut
2983 3128 3040 3182 in
3089 3144 3225 3185 saxo
3256 3131 3405 3200 quod

1825 3222 1992 3280 situm
2037 3228 2187 3277 esset
2219 3220 2275 3274 in
2310 3219 2484 3290 agello
2531 3221 2588 3273 in
2621 3219 2901 3290 sequentis
2934 3220 3063 3274 anni
3103 3227 3406 3277 sementem

135 3281 523 3384 adipata-1:th
568 3309 863 3384 μαρτύρων
892 3281 983 3374 είς⁷
1005 3309 1065 3364 ἓν
1096 3281 1211 3363 τῶν
1241 3309 1425 3382 μερῶν
1473 3310 1573 3381 τῆς
1617 3281 1720 3366 πό-

1825 3322 2018 3384 parato
2047 3319 2195 3366 terra
2227 3281 2428 3366 obruta
2474 3281 2717 3380 corpora
2748 3311 3108 3367 occultarent.
3163 3310 3246 3365 llli
3289 3313 3404 3366 dili-

133 3405 299 3469 λεως,
336 3407 394 3459 ἐν
422 3407 490 3476 τῇ
535 3405 711 3476 πέτρᾳ
739 3405 806 3474 τῇ
833 3405 914 3467 είς
943 3401 1138 3474 μικρὸν
1163 3402 1395 3476 κειμένῃ
1429 3401 1631 3468 πεδίον,
1660 3403 1722 3457 τὸ

132 3496 464 3568 ὲτοιμασθέν
511 3497 590 3561 είς
633 3494 843 3566 σποράν
891 3494 983 3548 ἐπὶ
1015 3492 1110 3547 τοῦ
1157 3493 1443 3564 μέλλοντος
1476 3493 1726 3567 καταχώ-

1827 3413 2018 3478 genter
2040 3405 2308 3474 imperata
2338 3403 2604 3458 fecerunt.
2630 3401 2674 3456 0
2707 3400 2912 3456 furtum
2936 3402 3230 3468 laudabile,
3253 3406 3404 3475 quod

1825 3497 2087 3553 damnum
2120 3513 2232 3553 non
2252 3495 2438 3571 dedit,
2475 3494 2571 3550 sed
2606 3494 2788 3565 potius
2819 3494 3047 3564 profuit.

132 3606 365 3654 σαντες,
397 3587 786 3662 ἀποκρύψωσιν
819 3585 947 3657 (90)’
993 3586 1208 3657 οἵτινες,
1235 3586 1306 3640 τά
1353 3585 1714 3642 κελευσθέντα
1749 3589 2157 3661 πληρώσαντες.
2184 3589 2488 3651 σπουδαίως
2547 3587 2610 3641 τὸ
2640 3589 2826 3650 αὐτοῖς
2890 3587 3226 3658 προσταχθὲν
3273 3591 3402 3643 ἐπε-

131 3683 381 3738 τέλεσαν.
415 3677 486 3734 Ὦ
513 3679 812 3751 κλεψοσύνη
851 3678 1128 3750 ἐπαινετὴ,
1158 3680 1279 3750 ἥτις
1307 3681 1368 3733 ού
1400 3681 1716 3753 προσήγαγε
1744 3682 1967 3754 ζημίαν,
2001 3683 2137 3738 ἀλλά
2173 3683 2370 3754 μᾶλλον
2403 3680 2682 3750 ἐπωφελές
2714 3679 2922 3751 κέρδος.

201 3773 366 3841 Εἶτα,
395 3776 472 3840 ὡς
520 3775 638 3839 ἔθος
687 3775 825 3838 ἐστὶ,
865 3778 980 3838 τοῖς
1031 3774 1344 3846 σπείρουσιν
1392 3775 1494 3846 τὴν
1539 3775 1724 3848 χώραν

131 3868 341 3931 αὐτῶν,
384 3867 594 3932 πώλους
626 3867 945 3938 ἐκδέχεσθαι
978 3866 1073 3920 τοῦ
1107 3867 1330 3936 ἐνέγκαι
1357 3867 1449 3920 τὸν
1483 3869 1713 3939 καρπόνο

130 3963 281 4018 οῦτω
317 3959 428 4014 τῶν
477 3959 760 4032 μακαρίων
813 3958 1104 4031 μαρτύρων
1153 3959 1301 4012 ἐστὶν
1351 3958 1502 4031 χώρα
1534 3960 1717 4032 ἐκείνη

131 4053 544 4126 πεπληρωμένη
596 4051 859 4125 προικὸς,
914 4051 1007 4106 καὶ
1059 4052 1280 4123 χάριτος
1325 4051 1716 4123 εύθηνουμένη,

131 4150 285 4212 ὅπως
314 4142 847 4200 ἑκατονταπλασίονα
866 4143 1077 4214 καρπὸν
1096 4145 1144 4197 οἱ
1165 4143 1512 4208 πιστεύοντες
1539 4162 1716 4216 γεωρ-

131 4242 218 4310 γοὶ
255 4240 606 4310 ἀμήσωνται,
640 4235 946 4308 ἀξιούμενοι
982 4236 1276 4306 σωτηρίας,
1300 4235 1393 4290 καὶ
1428 4237 1600 4307 μέγαν
1620 4237 1718 4308 θηη

134 4331 341 4403 σαυρὸν
371 4331 486 4394 τοῖς
519 4329 814 4401 μετέπειτα
845 4328 1246 4398 καταλείψωσιν
1277 4329 1604 4399 ἁγιωσύνης.
1653 4329 1718 4382 Ἦ

133 4421 510 4496 προῤῥηθεῖσα
552 4421 608 4474 δὲ
660 4418 1034 4490 κοσμιωτάτη,
1071 4421 1146 4490 μὴ
1193 4418 1555 4491 ἐπιλαθομένη
1607 4419 1716 4472 τῶν

137 4515 436 4590 μαρτύρων
467 4514 558 4568 τὸν
590 4514 890 4584 ἀγιασμὺν,
930 4511 1006 4575 ὡς
1037 4513 1138 4584 ἥδη
1171 4512 1282 4566 τῶν
1314 4513 1593 4584 τυράννων
1640 4513 1717 4564 εἰ·

1903 3776 2128 3840 Deinde,
2165 3763 2236 3832 ut.
2256 3778 2437 3832 solent
2457 3776 2493 3830 ii
2526 3775 2620 3845 qui
2645 3791 2808 3846 agros
2839 3776 3048 3838 colunt,
3071 3776 3249 3845 pullos
3271 3794 3412 3834 suos-

1823 3870 2136 3934 admittere,
2169 3879 2228 3924 ut
2265 3869 2503 3926 fructum
2540 3871 2716 3926 ferant
2758 3890 2770 3924 :
2805 3869 2886 3924 sic
2920 3883 3051 3938 ager
3090 3870 3182 3924 ille
3215 3871 3398 3926 beato-

1821 3978 1942 4016 rum
1969 3973 2268 4033 martyrum
2299 3971 2354 4016 et
2377 3962 2504 4016 dote
2525 3963 2828 4032 completus
2843 3961 3006 4033 502
3020 3970 3126 4017 est.
3150 3971 3200 4020 et
3221 3964 3400 4034 gratia

1820 4053 1990 4108 aliluit
2066 4061 2126 4107 ut
2178 4053 2496 4124 centuplum
2575 4051 2816 4108 fructum
2895 4053 3148 4124 agricolae
3215 4054 3402 4109 ﬁdeles

1818 4141 2146 4213 percipiant,
2172 4142 2428 4205 salutem,
2462 4148 2518 4196 et
2546 4155 2802 4213 magnum
2837 4141 3156 4198 thesaurum
3193 4143 3400 4198 sancti-

1815 4235 1946 4292 tatis
2008 4234 2246 4305 posteris
2308 4234 2646 4310 relinquant.
2710 4233 2906 4292 Mulier
2958 4234 3396 4299 honestissima,

1813 4342 1978 4398 quam
2009 4325 2146 4391 dixi,
2179 4342 2288 4382 non
2311 4327 2599 4382 immemor
2631 4327 2948 4388 sanctitatis
2975 4334 3303 4398 martyrum,
3340 4337 3408 4382 ut.

1814 4419 1952 4475 vidit
2001 4427 2364 4490 tyrannorum
2409 4420 2751 4476 iracundiam
2797 4415 3162 4479 deferbuisse,
3218 4418 3396 4473 locum

1812 4513 2069 4568 idoneum
2103 4512 2199 4582 qui
2245 4523 2562 4568 sanctorum
2615 4519 2917 4582 martyrum
2951 4525 3080 4565 ossa
3115 4511 3399 4566 custodire

129 4609 255 4663 δυῖα
302 4607 732 4662 καταπαύσασαν
779 4606 878 4678 τὴν
921 4605 1247 4679 φλεγμονὴν,
1281 4605 1446 4658 τόπον
1474 4602 1714 4668 εὔθετον,

1825 4607 2074 4670 debebat,
2109 4605 2258 4664 omni
2291 4603 2571 4672 diligentia
2601 4602 2883 4674 quasivit.
2922 4603 3253 4672 inventoque
3277 4617 3398 4656 ma-

133 4701 418 4770 όφείλοντα
447 4699 732 4769 φυλάττειν
767 4698 878 4753 τῶν
908 4700 1080 4770 ἁγίων
1116 4697 1408 4772 μαρτύρων
1445 4696 1515 4750 τὰ
1556 4697 1709 4759 ὀστᾶ,

134 4791 286 4863 πάσῃ
318 4789 604 4861 ἐπιμελείᾳ
630 4789 986 4861 κατεζήτησε’
1010 4789 1103 4843 καὶ
1132 4787 1367 4861 εὑροῦσα
1397 4788 1538 4858 μέγα
1557 4787 1714 4858 τροῦ-

133 4882 225 4937 λον
258 4883 392 4954 (91),
426 4881 710 4952 οἰκοδομὴν
759 4883 1110 4955 ἐσφράγισεν,
1148 4883 1213 4954 ἣν
1257 4881 1712 4952 θαυμασιωτάτην

134 4975 228 5028 καὶ
262 4973 708 5046 μητροφαμὴλιον
740 4975 974 5042 γυναῖκα
1000 4973 1061 5028 ού
1091 4973 1257 5045 χωρὶς
1279 4973 1434 5036 ἀξίας
1461 4971 1712 5025 πιστεύο-

138 5083 255 5135 μεν,
290 5064 422 5118 ἄνευ
472 5064 529 5118 δὲ
572 5063 760 5134 φόϐου,
794 5064 903 5118 τῶν
945 5065 1116 5132 ἁγίων
1163 5064 1457 5135 μαρτύρων
1506 5063 1712 5116 τούτων

71 5205 74 5207 .
133 5157 462 5229 ὁμοιωθῆναι
493 5158 629 5228 (9%),
662 5159 745 5211 ὅτι
793 5159 842 5212 εί
889 5158 962 5229 μὴ
1013 5157 1107 5211 καὶ
1155 5158 1326 5229 αὐτὴν
1356 5160 1385 5211 ό
1417 5158 1712 5230 Λυτρωτὴς

137 5249 360 5301 πάντων
382 5250 462 5311 είς
477 5249 659 5302 πίστιν
679 5248 776 5302 τοῦ
809 5249 938 5301 ίδίου
968 5249 1232 5320 ὀνόματος
1255 5247 1430 5301 ἐλθεῖν
1458 5247 1708 5317 ἠξίωσεν,

136 5337 388 5392 οὐδέποτε
424 5339 457 5408 ὴ
485 5337 682 5408 καρδία
713 5339 883 5408 αὐτῆς
923 5337 1252 5408 συμϐουλίαν
1295 5336 1551 5406 τοιαύτην
1584 5335 1710 5406 ἐξή-

135 5448 346 5500 νεγκεν.
395 5430 535 5483 Ἀλλ’
555 5433 619 5484 ἐκ
648 5430 840 5483 τούτου
875 5431 1044 5501 χωρὶς
1076 5431 1258 5501 πάσης
1290 5428 1597 5496 ἀντιλογίας
1630 5445 1714 5479 πι-

138 5523 420 5594 στεύομεν,
451 5523 532 5575 ὅτι
563 5522 672 5575 τῶν
709 5523 990 5594 μακαρίων
1028 5522 1317 5594 μαρτύρων
1346 5519 1415 5574 τὰ
1443 5521 1577 5573 ὀστᾶ
1600 5519 1709 5572 διε-

137 5611 339 5684 φύλαξε
362 5614 430 5668 δι’
450 5613 658 5685 ἀγαθῆς
693 5613 908 5685 βουλῆς,
940 5614 1015 5678 ὡς
1060 5614 1185 5680 ἀξία
1216 5612 1395 5665 αὐτῶν
1427 5611 1709 5682 γινομένη,

137 5706 226 5759 καὶ
257 5709 379 5770 ταῖς
413 5705 641 5769 ἱκεσίαις
673 5705 853 5759 αὐτῶν
880 5709 938 5759 ἐν
969 5708 1036 5777 τῇ
1082 5705 1264 5759 πίστει
1305 5703 1626 5776 προκόψασα
1653 5705 1711 5756 ἐν

137 5795 380 5869 ἀληθείᾳ.
420 5794 539 5850 Τῶν
593 5794 936 5868 Χριστιανῶν
967 5796 1025 5849 δὲ
1067 5798 1101 5867 ἡ
1153 5794 1378 5865 πληθὺς,
1412 5793 1488 5858 ὡς
1541 5791 1710 5861 πολλὴ

135 5883 268 5943 οὖσα
285 5888 420 5962 (93),
439 5887 527 5942 διά
553 5889 651 5960 τῆς
677 5887 787 5942 τῶν
822 5889 1108 5960 μακαρίων
1139 5888 1429 5961 μαρτύρων
1455 5886 1709 5942 διδασκα-

449 5984 723 6045 ΡΑτιιοι..
769 5984 886 6042 Gn.
932 5983 1036 6043 IV.

1815 4713 1923 4769 gno
1964 4689 2208 4760 fornice,
2243 4695 2534 4752 aedilicium
2575 4695 2820 4760 notavit;
2852 4709 3018 4765 quam
3052 4694 3398 4765 praestantis-

1777 4790 2008 4848 ‘simam
2075 4788 2333 4844 feminam
2393 4796 2452 4842 et
2510 4785 2982 4843 matremfamilias
3043 4802 3150 4843 non
3202 4795 3400 4856 praeter

1812 4882 2154 4952 dignitatem,
2187 4883 2322 4952 quin
2350 4885 2469 4940 sine
2499 4891 2644 4936 metu
2678 4879 2978 4944 credimus,
3013 4880 3222 4935 sanctis
3249 4896 3398 4935 mar.

1813 4975 2026 5045 tyribus
2057 4974 2210 5028 hisce
2244 4974 2476 5029 similem
2509 4972 2773 5035 evasisse,
2796 4981 3086 5043 propterea
3112 4972 3258 5041 quod
3287 4972 3394 5026 nisi

1811 5079 1931 5119 eam
1975 5065 2138 5118 etiam
2191 5061 2521 5131 Redemptor
2566 5062 2810 5116 omnium
2847 5063 2901 5116 in
2944 5062 3108 5116 ﬁdem
3155 5061 3396 5117 nominis

1812 5157 1898 5208 sui
1946 5153 2131 5208 venire
2169 5152 2455 5215 voluisset,
2490 5167 2772 5221 nunquam
2824 5151 2946 5219 ejus
2993 5153 3208 5207 animus
3241 5151 3393 5220 ejus-

1811 5247 1960 5302 modi
2009 5246 2300 5301 consilium
2352 5246 2679 5315 aperuisset.
2709 5244 2932 5301 'Verum
2985 5258 3053 5299 ex
3101 5245 3205 5300 hoc
3249 5243 3392 5299 citra

1811 5333 2240 5387 controversiam
2273 5347 2393 5387 eam
2427 5333 2706 5388 credimus
2749 5335 3030 5387 beatorum
3086 5342 3389 5403 martyrum

1811 5441 1936 5482 ossa
1992 5439 2352 5480 conservasse
2402 5425 2657 5494 prudenti
2710 5425 2979 5491 consilio,
3026 5430 3086 5477 ut
3141 5441 3262 5495 qua:
3305 5429 3389 5482 eis

1811 5517 1976 5588 digna
2023 5517 2216 5581 fuerit,
2253 5525 2415 5587 atque
2462 5517 2679 5572 illorum
2725 5516 2979 5587 precibus
3024 5531 3152 5572 vere
3191 5517 3248 5570 in
3285 5516 3389 5571 ﬁde

1812 5624 2138 5682 progressus
2164 5609 2372 5664 fecerit.
2401 5592 2838 5676 Christianorum
2877 5616 3058 5662 autem
3097 5608 3388 5666 multitudo

1813 5702 2286 5765 numerosissima,
2323 5701 2606 5756 beatorum
2641 5710 2940 5770 martyrum
2977 5699 3228 5755 doctrina
3254 5715 3390 5756 con-

1811 5806 1992 5855 versa,
2007 5791 2155 5845 omni
2178 5805 2343 5860 opera
2366 5798 2420 5845 et
2442 5789 2626 5844 studio
2643 5796 2698 5842 ut
2715 5799 2962 5858 poterant
2991 5805 3115 5844 cum
3133 5793 3389 5861 precibus

1814 5899 2118 5955 magnaque
2139 5883 2435 5952 cupiditate
2449 5896 2614 5950 supra
2641 5881 2795 5936 beata
2811 5895 3040 5950 corpora
3071 5895 3390 5940 sanctorum

2987 5977 3068 6034 22
