3874 6542
458 452 567 508 635

1650 439 1707 494 S.
1743 434 2044 494 DlONYSll
2078 432 2547 490 AREOPAGlT/E

3633 429 3744 489 681

464 577 767 641 martyrum
808 538 1100 624 ecclesiam
1133 561 1444 627 azdiﬁcavit,
1473 570 1527 616 et
1561 560 1615 614 in
1649 568 1841 614 sancta
1874 555 2047 628 gloria

2159 554 2268 617 lia;
2299 551 2695 625 ἐπιστρέψασα,
2728 551 2893 605 παντὶ
2931 549 3117 623 μόχθῳ
3142 548 3238 605 καὶ
3270 550 3530 622 καμάτῳ,
3562 550 3748 616 καθὼς

466 671 672 716 sancta:
705 657 991 714 Trinitatis
1044 656 1209 729 digne
1259 672 1382 712 cum
1433 652 1774 710 aromatibus
1815 650 1922 706 tria
1953 665 2052 704 nu-

466 770 619 810 mero
653 760 842 809 saneta
872 766 1111 823 corpora
1159 748 1526 804 condiderunt
1558 761 1623 801 ac
1653 746 2046 815 deposuerunt.

467 847 579 904 Deo
612 862 794 903 rerum
820 845 1065 901 omnium
1088 848 1451 915 praepotente,
1473 838 1569 911 qui
1591 838 1892 909 opitulatur
1917 850 2051 905 quo-

460 940 596 995 tidie
630 940 683 994 in
715 939 878 995 bonis
916 953 991 993 ac
1040 936 1239 1001 beatis,
1276 934 1371 1007 qui
1417 931 1715 989 virtutibus
1766 928 2051 999 signisque

464 1033 695 1088 clarent.
744 1031 879 1098 Quae
922 1030 1099 1100 igitur
1149 1027 1361 1087 oratio.
1397 1032 1491 1079 aut
1523 1037 1644 1096 qua:
1689 1022 1895 1092 lingua,
1936 1025 2050 1072 tam

461 1138 789 1195 magnorum
822 1120 1068 1175 virorum
1103 1120 1241 1173 mira
1275 1127 1329 1172 et
1377 1114 1635 1172 inusitata
1670 1126 1837 1184 opera
1873 1109 2050 1181 possit

463 1232 763 1287 exponere,
797 1229 923 1269 cum
958 1228 1027 1268 nc
1057 1212 1162 1284 ipsi
1186 1211 1404 1283 quidem
1426 1210 1667 1264 humana
1701 1205 1915 1261 ratione
1947 1216 2049 1258 sua

462 1309 767 1379 intelligere
797 1304 1048 1377 possint?
1090 1301 1337 1374 Egrotis
1368 1300 1516 1356 enim
1550 1298 1805 1359 salutem,
1837 1294 2049 1351 claudis

462 1405 765 1465 incessum,
799 1398 960 1453 cacis
993 1398 1201 1461 lumen,
1246 1394 1434 1450 surdis
1476 1392 1744 1454 auditum,
1780 1397 1835 1446 et
1875 1388 2048 1444 mutis

461 1508 775 1552 sermonem
826 1492 1042 1552 dantes,
1095 1486 1519 1557 i‘mmundosque
1568 1484 1799 1556 spiritus
1843 1482 1939 1553 qui
1990 1480 2046 1536 in

461 1585 787 1656 corporibus
831 1581 1070 1639 insident
1121 1579 1495 1650 exagitantcs,
1532 1574 1753 1633 assidue
1801 1573 2045 1630 remedia

463 1676 723 1732 all‘erunt.

528 1935 645 1993 Nos
676 1950 895 2007 quoque
929 1942 983 1990 et
1016 1933 1246 1991 salutari
1281 1938 1428 1999 voto,
1462 1939 1517 1986 et
1547 1931 1707 1986 beata
1739 1928 2049 1984 obedienlia
2082 1908 2123 1963 Β

461 2030 681 2095 divites,
713 2028 815 2083 etsi
849 2026 1087 2081 maxime
1119 2025 1396 2095 indignos,
1430 2038 1620 2079 eorum
1655 2031 1837 2078 tamen
1872 2022 2053 2094 preci-

460 2121 567 2176 bus
618 2118 868 2189 adiutos,
905 2116 1136 2172 salutem
1189 2122 1545 2170 assecuturos
1595 2109 1922 2177 credamus;
1958 2117 2053 2165 aut

461 2216 628 2270 etiam
681 2211 887 2267 deserti
938 2218 999 2265 ut
1047 2209 1280 2280 indigni,
1318 2207 1586 2263 faciamus
1628 2213 1689 2261 ut
1738 2205 1795 2260 in
1830 2204 2052 2258 illorum

462 2306 673 2361 meritis
703 2304 775 2360 sit
792 2303 953 2358 nobis
972 2301 1235 2357 auxilium
1256 2307 1311 2357 et
1333 2298 1649 2371 praesidium
1667 2298 2050 2355 constitutum.

460 2397 649 2469 Neque
695 2396 843 2451 enim
898 2410 929 2449 a
977 2393 1187 2450 nostris
1229 2392 1475 2448 moribus
1525 2390 1857 2455 habuimus,
1892 2396 1989 2445 aut
2022 2403 2055 2443 a

470 2500 663 2546 nostra
691 2487 1057 2560 praenotione,
1098 2484 1195 2542 sed
1230 2501 1299 2541 ex
1330 2485 1504 2541 veteri
1536 2483 1857 2539 narratione
1890 2481 2053 2539 nobis

461 2582 737 2649 perlatum
771 2583 893 2632 est:
918 2590 1150 2646 quaeque
1169 2588 1343 2645 pauca
1376 2589 1408 2629 a
1441 2581 1590 2629 certa
1615 2572 1881 2643 ﬁrmaque
1912 2572 2057 2627 anti-

462 2668 765 2739 quitate,et
782 2683 813 2721 a
828 2667 1010 2738 longis
1029 2666 1371 2738 temporibus
1387 2666 1719 2731 audivimus,
1732 2679 1795 2720 ea
1810 2672 1871 2719 ut
1886 2665 2058 2736 potui-

462 2776 588 2816 mus
616 2758 811 2823 litteris
842 2758 1190 2822 mandamus,
1206 2772 1317 2813 non
1334 2772 1433 2828 pro
1450 2756 1625 2812 lubitu
1648 2756 2056 2827 expositionem

466 2850 735 2923 aggressi,
770 2849 1291 2920 sed'utmagnorum
1312 2848 1599 2904 doctorum
1632 2863 1723 2904 res
1755 2854 1939 2919 gestas
1961 2862 2056 2902 coo

465 2944 649 3014 gnitas
681 2941 1183 3006 habuimus,-veriti
1210 2939 1406 3004 Deum,
1440 2940 1839 3011 charitatisque
1872 2939 2057 2995 studio

462 3035 711 3098 incensi,
748 3034 920 3089 multa
953 3042 1008 3089 et
1028 3034 1303 3105 praeclara
1326 3033 1613 3089 beatorum
1637 3035 1905 3097 virorum,
1935 3048 2058 3104 quae

461 3127 608 3182 mira
655 3135 806 3192 sunt,
846 3125 1017 3198 ‘m
1072 3126 1320 3182 facinora
1369 3128 1553 3181 conati
1607 3142 1824 3192 sumus,
1845 3125 2057 3183 Christi

467 3215 649 3273 laudis
689 3231 879 3280 causa,
911 3218 1207 3288 gloriaeque
1234 3224 1549 3288 martyrum
1591 3225 1646 3272 et
1689 3216 1968 3272 memoria;
1998 3216 2055 3270 in

465 3305 733 3362 extremis
766 3306 943 3363 sacris
989 3306 1197 3362 chartis
1222 3306 1489 3377 prodere;
1523 3322 1594 3362 ne
1635 3306 1683 3361 si
1717 3305 2057 3378 neglexisse-

468 3413 596 3454 mus
626 3413 692 3454 ac
720 3399 1290 3469 contempsissemus,
1334 3398 1616 3469 veterique
1649 3398 1793 3456 hosti
1840 3407 2054 3464 nostro,

466 3492 564 3563 qui
596 3492 655 3547 in
683 3491 986 3562 perniciem
1019 3497 1074 3546 et
1094 3491 1322 3547 exitium
1355 3498 1605 3547 nostrum
1639 3492 1850 3564 vigilat,
1884 3501 1939 3550 et
1970 3495 2058 3549 in-

466 3581 650 3645 videt,
681 3589 975 3652 parentes,
1020 3580 1439 3637 reticuissemus
1472 3580 1589 3636 haec
1621 3582 1828 3648 omnia,
1862 3583 2057 3639 eodem

468 3673 634 3729 modo
678 3688 790 3745 quo
824 3674 864 3729 ii
894 3673 1113 3728 ﬂamma
1145 3680 1200 3728 et
1235 3673 1360 3745 igne
1389 3687 1455 3729 ea
1480 3684 1604 3744 qua:
1634 3672 1705 3755 ab
1734 3674 1817 3730 eis
1848 3675 2058 3745 scripta

468 3774 650 3832 erant,
675 3766 1008 3838 dellagrasse
1033 3765 1248 3830 dicunt,
1280 3781 1471 3821 eorum
1498 3766 1675 3837 gratia
1708 3767 2058 3837 amicitiaque

466 3861 945 3932 privemunCum
980 3868 1161 3915 autem
1191 3860 1560 3933 cogitationes
1596 3870 1820 3923 nostraa,
1853 3867 1908 3916 et
1939 3861 2060 3917 illo-

462 3969 592 4009 rum
624 3953 1081 4025 gratiavigilent,
1103 3961 1158 4009 et
1190 3968 1258 4010 ex
1288 3952 1482 4024 paucis
1497 3953 1729 4025 scriptis
1753 3954 2056 4025 prodeant;

466 4062 534 4103 ea
567 4063 690 4119 quae
722 4047 960 4119 cogitata
978 4052 1121 4101 sunt
1148 4053 1205 4102 et
1229 4045 1402 4109 dicta,
1424 4060 1626 4117 magna
1650 4062 1775 4103 esse
1802 4054 2056 4118 possunt.

471 4138 601 4194 Haac
633 4155 764 4195 vero
795 4138 947 4208 ipsos
981 4139 1101 4193 sine
1132 4146 1307 4202 metu,
1338 4137 1652 4208 multosque
1681 4138 1821 4194 alios
1851 4137 2059 4194 Christi

470 4248 640 4288 causa
682 4240 736 4288 et
777 4230 1000 4287 nomine
1043 4230 1348 4286 certamina
1396 4231 1694 4302 pertulisse
1741 4229 2057 4297 credimus,

470 4340 597 4380 cum
631 4326 795 4379 etiam
824 4323 893 4377 ad
924 4323 1041 4379 haec
1069 4338 1247 4394 usque
1268 4330 1539 4394 tempora,
1572 4328 1654 4377 tot
1674 4328 1901 4394 tamque
1920 4323 2061 4379 mia

471 4424 723 4487 opera-et
746 4416 1013 4471 miracula
1045 4431 1141 4487 per
1172 4426 1269 4472 eos
1300 4414 1386 4471 vis
1419 4415 1607 4471 divina
1640 4415 1819 4486 palam
1848 4415 1935 4471 edi
1966 4431 2062 4472 ve-

472 4512 556 4577 lit,
593 4518 653 4564 ut
681 4524 874 4564 omnes
909 4510 1105 4564 incola:
1138 4518 1192 4565 et
1217 4509 1445 4565 advena:
1479 4509 1893 4579 obstupescant.
1918 4508 2062 4581 Ergo

2152 646 2437 717 ⁴ἢδύναντο,
2476 644 2618 717 μετά
2650 645 2833 716 πάσης
2864 642 3175 717 προσευχῆς
3207 642 3300 698 καὶ
3338 643 3587 716 μεγάλης
3629 647 3751 698 ἐπι-

2152 737 2355 811 θυμίας
2398 739 2584 794 ἐπάνω
2614 736 2723 791 τῶν
2770 736 3056 809 μακαρίων
3100 736 3371 808 σωμάτων
3412 734 3527 790 τῶν
3575 736 3748 805 ἁγίων

2156 830 2453 904 μαρτύρων
2485 829 2782 902 ἐκκλησίαν
2816 829 3218 901 οἱκοδομήσασα
3238 869 3253 893 ,
3291 827 3384 882 καὶ
3417 830 3478 882 ὲν
3511 830 3581 899 τῇ
3614 827 3751 899 ἁγίᾳ

2150 924 2281 997 δόξῃ
2310 925 2412 996 τῆς
2444 924 2607 994 ἁγίας
2639 922 2868 996 Τριάδος
2891 963 2906 987 ,
2940 923 3124 995 τρίτον
3156 921 3387 994 ἀριθμὸν
3421 920 3536 992 (94)
3583 919 3749 986 ἀξίως

2156 1017 2293 1091 μετά
2324 1017 2635 1090 ἀρωμάτων
2667 1015 2960 1070 κατέθεντο
2988 1013 3059 1068 τά
3092 1013 3217 1081 ἀξια
3250 1013 3485 1085 σώματα
3517 1012 3642 1083 Θεῷ
3670 1010 3750 1081 τῷ

2153 1107 2552 1180 παντοδυνάμῳ
2580 1104 2865 1178 βοηθοῦντι
2898 1108 2958 1160 ὲν
3002 1105 3227 1174 ἀγαθοῖς
3263 1105 3384 1159 καθ’
3404 1105 3625 1178 ἡμέραν
3657 1106 3750 1159 δυ-

2151 1201 2350 1273 νάμεσι
2383 1200 2476 1255 καὶ
2527 1198 2777 1271 σημείοις
2808 1196 3193 1269 διαλάμπουσι.
3243 1199 3403 1262 Ποῖος
3446 1195 3547 1253 οὖν
3594 1198 3749 1268 λόγος

2150 1294 2184 1367 ἦ
2221 1293 2352 1349 ποία
2381 1291 2604 1363 γλῶσσα
2639 1290 2912 1345 τοσούτων
2953 1290 3248 1363 μαρτύρων
3276 1290 3599 1362 ἐπαρκέσαι
3632 1291 3748 1363 διησ-

2150 1386 2425 1461 γήσασθαι
2455 1384 2557 1449 τὰς
2587 1383 2876 1456 δυνάμεις,
2905 1384 3108 1439 ὁπόταν
3139 1383 3261 1437 οὐδὲ
3299 1384 3451 1437 αὐτοὶ¹
3490 1383 3750 1439 δύνανται

2151 1478 2478 1553 ἀνθρωπίνῳ
2518 1476 2764 1549 λογισμῷ
2797 1476 3130 1549 κατανοῆσαι
3175 1476 3245 1530 τά
3278 1476 3520 1542 ὲαυτῶν;
3563 1477 3753 1532 Ἀσθε-

2149 1574 2301 1629 νοῦσι
2344 1572 2456 1645 γάρ
2501 1571 2800 1644 σωτηρίαν,
2828 1570 3021 1642 χωλοῖς
3049 1569 3112 1624 τὸ
3147 1573 3492 1642 περιπατεῖν,
3526 1573 3753 1641 τυφλοῖς

2149 1666 2288 1738 φῶς,
2324 1667 2529 1736 κωφοῖς
2559 1657 2629 1719 τδ
2653 1661 2895 1728 ἀκούειν,
2929 1665 3023 1718 καὶ
3057 1662 3273 1728 άλάλοις
3298 1663 3535 1727 διδόντες
3568 1664 3750 1735 λόγον.

2151 1760 2245 1814 καὶ
2277 1758 2567 1831 ἀκάθαρτα
2598 1754 2889 1829 πνεύματα
2911 1756 3322 1829 παρεδρεύοντα
3348 1760 3465 1821 τοῖς
3500 1757 3752 1829 σώμασιν

2150 1851 2526 1917 ἐκδιὼκοντες,
2559 1850 2856 1915 ἀπαύστως
2885 1850 3185 1923 παρέχουσι
3214 1849 3316 1913 τὰς
3352 1851 3543 1914 ίάσεις.

2224 1944 2336 1999 Καὶ
2370 1943 2548 2017 ἀγαθῇ
2585 1944 2719 2016 εὐχῇ
2755 1942 2848 1997 καὶ
2886 1942 3133 2016 μακαρίᾳ
3162 1941 3373 2015 ύπακοῇ
3409 1944 3754 2015 πιαινόμενοι

2153 2035 2335 2109 ἡμεῖς,
2372 2038 2420 2090 εἰ
2460 2035 2556 2090 καὶ
2594 2034 2665 2090 τά
2711 2035 2947 2108 μάλιστα
2978 2037 3028 2089 οἱ
3056 2036 3264 2102 ἀνάξιοι
3294 2039 3415 2102 ταῖς
3447 2037 3638 2092 αὐτῶν
3672 2057 3758 2091 πι-

2155 2128 2421 2200 στεύομεν
2468 2130 2801 2202 προσευχαῖς
2853 2129 3208 2203 βοηθούμενοι
3254 2129 3547 2198 σώζεσθαι,
3580 2135 3620 2204 ἢ
3668 2132 3757 2187 καὶ

2155 2219 2497 2293 ἐξιστάμενοι
2529 2220 2605 2286 ὡς
2634 2220 2844 2289 ἀνάξιοι
2875 2221 2977 2287 τὰς
3010 2220 3190 2277 αὐτῶν
3221 2223 3353 2295 ἡμῖν
3375 2224 3535 2289 ἀξίας
3571 2243 3754 2297 παρα-

2157 2313 2354 2384 στῆσαι
2386 2312 2728 2387 πειρώμεθα·
2765 2314 2887 2387 ούχὶ
2919 2314 3030 2388 γὰρ
3066 2317 3132 2370 ὲκ
3171 2315 3282 2370 τῶν
3313 2316 3608 2389 ἡμετέρων
3642 2321 3758 2391 τρό-

2156 2420 2275 2457 πων
2309 2396 2386 2457 ὦν
2412 2404 2752 2476 κεκτήμεθα,
2782 2404 2816 2473 ἢ
2841 2405 3021 2475 οἰκείᾳ
3052 2404 3379 2478 προγνώσει,
3415 2406 3533 2460 ἀλλ’
3556 2409 3629 2461 ὲκ
3660 2425 3758 2461 πι-

2155 2494 2312 2560 λανιᾶς
2330 2495 2642 2568 διηγήσεως
2679 2498 2812 2569 ἡμῖν
2854 2496 3137 2569 ἐξηνέχθη,
3162 2497 3256 2551 καὶ
3287 2497 3323 2552 ά
3355 2500 3421 2552 ὲκ
3454 2499 3668 2572 μέρους
3699 2504 3757 2554 ὲκ

2157 2588 2355 2659 παγίου
2401 2588 2630 2662 ἀρχαίου
2680 2588 2838 2659 ὀλίγα
2881 2587 3023 2644 καθά
3068 2589 3412 2663 ἠδυνήθημεν
3434 2630 3451 2655 ,
3506 2592 3609 2646 καὶ
3657 2594 3758 2647 ἀπὺ

2161 2679 2389 2753 μακρῶν
2440 2680 2649 2753 χρόνων
2699 2682 3043 2754 ἀκηκόαμεν,
3070 2684 3130 2737 ὲν
3175 2686 3465 2756 συγγραφῇ
3510 2684 3758 2756 παρεδώ-

2158 2787 2359 2841 καμεν,
2392 2769 2494 2824 οὐκ
2526 2768 3001 2842 αὐτομολήσαντες
3035 2769 3164 2841 περὶ
3187 2769 3288 2841 τὴν
3317 2768 3583 2841 ἐξήγησιν
3623 2771 3755 2843 (95),

2156 2860 2233 2926 ὠς
2260 2861 2497 2934 εἴρηται,
2521 2861 2635 2915 ἀλλ’
2651 2862 2728 2927 ὡς
2753 2862 2863 2917 τῶν
2887 2862 3140 2935 μεγάλων
3168 2862 3414 2933 ἔγνωμεν
3438 2863 3759 2935 διηγήματα

2158 2950 2516 3015 διδασκάλων,
2552 2951 2878 3023 φοϐούμενοι
2924 2951 3018 3007 τὸν
3058 2951 3212 3017 θεὸν,
3247 2953 3339 3007 καὶ
3388 2956 3456 3025 τῇ
3515 2955 3759 3029 μερίμνη

2157 3042 2261 3113 τῆς
2310 3043 2531 3113 ἀγάπης
2563 3043 2951 3115 ἀναπτόμενοι,
2987 3042 3161 3097 πολλὰ
3195 3042 3306 3097 τῶν
3334 3046 3634 3116 μακαρίων
3666 3045 3758 3098 άν-

2157 3134 2303 3208 δρῶν
2353 3133 2595 3204 φωτεινά
2654 3134 2909 3206 θαύματα
2963 3134 3355 3206 ἠγωνισάμεθα
3404 3137 3487 3200 εἰς
3534 3136 3759 3192 ἔπαινον

2082 3264 2130 3327 c
2159 3223 2423 3299 Χριστοῦ,
2456 3225 2549 3279 καὶ
2586 3225 2745 3294 δόξαν
2792 3225 2903 3280 τῶν
2951 3225 3245 3299 μαρτύρων
3279 3225 3373 3280 καὶ
3422 3228 3757 3301 ἀνάμνησιν.

2158 3317 2220 3371 ὲν
2253 3316 2507 3389 ἐσχάτοις
2535 3320 2704 3390 ἱεροῖς
2728 3317 3063 3389 παραδοῦναι
3094 3319 3353 3390 χάρτεσιν
3387 3318 3522 3393 (96),
3556 3320 3655 3375 ἵνα
3689 3320 3760 3394 μὴ

2158 3406 2568 3478 ύποκλέψαντες
2597 3409 2692 3463 καὶ
2726 3410 3122 3484 ἀμελήσαντες,
3148 3413 3239 3467 καὶ
3270 3412 3351 3485 τῷ
3376 3416 3597 3489 ἀρχαίῳ
3629 3434 3761 3489 γρη-

2158 3499 2410 3573 γοροῦντι
2442 3501 2565 3556 καθ’
2593 3502 2752 3575 ἡμῶν
2775 3503 2955 3577 ἐχθρῷ
2981 3506 3075 3559 καὶ
3101 3506 3385 3577 φθονοῦντι
3415 3509 3757 3582 πειθόμενοι,

2163 3594 2490 3666 σιγήσαντες
2512 3594 2713 3668 ὁμοίως
2742 3599 2857 3661 τοῖς
2889 3597 3158 3667 λέγουσιν,
3193 3599 3276 3655 ὅτι
3308 3600 3465 3672 φλογὶ
3488 3606 3757 3675 καυστικῇ

2159 3686 2626 3756 κατακεκαυμένα
2670 3686 2777 3740 εἰσὶ
2826 3687 2895 3741 τά
2947 3692 3355 3763 συγγράμματα
3402 3694 3591 3748 αὐτῶν
3629 3697 3757 3767 (97).

2160 3776 2524 3849 ἀποτύχωμεν
2568 3778 2670 3851 τῆς
2722 3779 2951 3852 χάριτος
2982 3782 3182 3837 αὐτῶν.
3230 3784 3351 3839 Τῶν
3381 3785 3437 3839 δὲ
3473 3789 3759 3862 ἡμετέρων

2162 3868 2382 3923 ἐννοιῶν
2414 3871 2803 3944 γρηγορουσῶν
2828 3875 2895 3945 τῇ
2925 3873 3105 3928 αὐτῶν
3134 3875 3315 3949 χάριτι
3340 3878 3434 3932 καὶ
3462 3881 3759 3952 χωρουσῶν

2162 3961 2221 4028 ἐξ
2252 3961 2448 4031 ὀλίγων
2494 3962 2607 4016 τῶν
2658 3967 3161 4038 συγγεγραμμένων
3210 3970 3463 4026 δύνανται
3515 3973 3588 4028 τά
3643 3993 3759 4047 νοη-

2161 4050 2326 4107 θέντα
2356 4054 2496 4110 εἷναι
2545 4058 2773 4127 μεγάλα.
2812 4058 2999 4113 Ταῦτα
3044 4060 3100 4113 δὲ
3129 4062 3299 4133 χωρὶς
3331 4063 3500 4133 φόϐου
3534 4067 3760 4121 πιστεύ-

2160 4163 2295 4220 ομεν
2336 4148 2565 4215 πολλοὺς
2598 4151 2797 4218 αὐτοὺς
2830 4154 2922 4208 καὶ
2955 4154 3179 4228 ἐτέρους
3210 4156 3300 4211 διά
3349 4159 3595 4230 Χριστὸν
3631 4162 3759 4214 ύπο-

2165 4240 2533 4313 μεμενηκέναι
2584 4241 2824 4311 ἀγῶνας,
2854 4245 2939 4298 ὃτι
2971 4246 3066 4299 καὶ
3101 4245 3209 4311 ἕως
3258 4245 3355 4300 τοῦ
3388 4247 3487 4301 νῦν
3518 4250 3758 4303 τοσαῦτα

2161 4331 2229 4386 δι’
2252 4332 2434 4386 αὐτῶν
2456 4334 2490 4405 ὴ
2515 4332 2635 4388 θεία
2665 4333 2895 4407 δύναμις
2927 4334 3178 4403 καταξιοῖ
3208 4338 3596 4411 φανερωθῆναι
3633 4341 3757 4394 θαυ-

2167 4426 2355 4500 μάσια,
2390 4426 2533 4482 ῶστε
2567 4426 2885 4492 ἐξίστασθαι
2918 4431 3129 4496 πάντας
3159 4433 3289 4496 τοὺς
3321 4431 3638 4499 οἰκοῦντας,
3672 4432 3759 4488 καὶ

2164 4520 2706 4592 παρατυγχάνοντας.
2747 4522 2988 4577 Ἔπαθον
3019 4519 3112 4579 οὖν
3144 4527 3195 4579 of.
3251 4525 3515 4599 μακάριοι
3551 4529 3757 4600 μάρθυ·

472 4603 722 4674 perpessi
752 4610 889 4658 sunt
920 4611 1153 4659 mortem
1186 4602 1394 4659 Christi
1412 4609 1696 4675 martyres
1727 4602 2024 4675 Dionysius
2043 4647 2056 4673 ,

2170 4628 2260 4685 ρες
2289 4612 2385 4666 τοῦ
2428 4613 2697 4683 Χριστοῦ,
2732 4614 3034 4681 Διονύσιος,
3080 4616 3394 4682 Ῥούστικος
3442 4618 3539 4673 καὶ
3587 4620 3760 4674 Ἐλευ-

474 4698 738 4753 Rusticus
786 4704 841 4753 et
885 4695 1275 4762 Eleutherius,’
1291 4697 1527 4768 septimo
1572 4695 1847 4753 Kalendas
1896 4695 2062 4752 Octo-

473 4791 612 4855 bris,
636 4790 947 4846 Domltiano
972 4791 1304 4862 imperatore
1336 4790 1393 4845 in
1421 4787 1619 4854 Gallia,
1645 4788 1877 4845 Lutetia
1908 4788 2065 4844 Pari-

471 4880 707 4948 siorum,
744 4890 1007 4952 regnante
1042 4880 1274 4937 Domino
1306 4890 1498 4936 nostro
1524 4877 1660 4937 ‘Jesu
1688 4880 1912 4938 Christo
1935 4897 2061 4939 cum

474 4970 638 5028 Patre
670 4980 725 5028 et
758 4979 951 5030 sancto
988 4970 1221 5045 Spiritu,
1246 4989 1398 5030 nunc
1429 4982 1485 5032 et
1514 4989 1758 5048 semper,
1787 4982 1842 5033 et
1866 4975 1930 5034 in
1959 4992 2062 5035 sa:-

475 5066 603 5121 cula
636 5066 984 5131 saeculorum.
1002 5066 1216 5129 Amen.

2168 4705 2367 4779 θέριος,
2404 4704 2608 4779 ἐϐδόμῃ
2641 4706 2919 4761 καλανδῶν
2952 4707 3277 4782 ὀκτωϐρίου,
3300 4710 3395 4763 ἐπὶ
3427 4711 3758 4783 Δομετιανοῦ

2170 4797 2462 4867 βασιλέως,
2499 4799 2557 4851 ὲν
2587 4802 2702 4863 τοῖς
2737 4800 2927 4872 μέρεσι
2957 4802 3058 4874 τῆς
3090 4802 3321 4867 Γαλλίας
3363 4804 3458 4858 καὶ
3494 4805 3758 4877 Παρτσίας

2169 4890 2397 4955 πόλεως,
2434 4890 2813 4963 βασιλεύοντος
2843 4891 2939 4947 τοῦ
2972 4893 3179 4966 Κυρίου
3213 4895 3371 4968 ἡμῶν
3416 4897 3598 4969 Ἰησοῦ
3632 4899 3758 4972 Χρι-

2169 4981 2298 5035 στοῦ
2331 4983 2447 5054 ἅμα
2476 4983 2573 5039 τοῦ
2606 4984 2824 5057 Πατρός
2850 4984 2965 5056 {ml
2995 4986 3090 5041 τοῦ
3118 4986 3279 5058 ’ἁγίου
3312 4989 3640 5061 Πνεύματος
3670 4989 3757 5045 νῦν

2168 5072 2263 5127 καὶ
2296 5072 2384 5127 ἀεὶ
2418 5074 2509 5129 καὶ⁸
2539 5077 2622 5141 εἰς
2650 5077 2780 5143 τοὺς
2807 5077 3010 5144 αἰῶνας
3040 5078 3150 5135 τῶν
3182 5079 3417 5137 αἰώνων.
3452 5085 3657 5158 Ἀμήν.

3156 5278 3197 5312 3;,
