3874 6542
477 369 576 426 ωί
1402 405 1407 410 ’
1646 367 1704 425 S.
1744 364 2044 423 DIONYSH
2093 361 2559 421 AREOPACITE

482 488 592 545 Sed
624 490 981 548 Altitonantis
1009 490 1237 562 prodiga
1279 487 1375 544 Dei
1410 502 1577 543 manu

555 581 762 639 Paulus
789 580 988 637 monile
1018 578 1295 641 Ecclesia,

481 672 662 732 Musis
688 675 933 731 Athenas
953 674 1241 729 afﬂuentes
1267 679 1521 728 venerat

556 766 750 823 Fidum
790 766 1040 838 profanis
1069 765 1356 837 oppidum.

486 857 755 915 'l'orrente
779 859 978 930 linguae
1004 873 1210 923 susque
1234 856 1414 927 deque
1439 855 1609 910 diruit

498 1016 503 1019 _
556 950 751 1007 Cultus
780 950 1056 1006 idolorum
1098 949 1319 1021 impios.

484 1042 650 1099 Verbi
682 1045 933 1115 loquelas
963 1044 1248 1101 seminans
1277 1044 1502 1101 solertia

554 1133 875 1207 Dionysium
914 1137 1078 1193 vertit
1101 1136 1357 1207 sophum,

482 1228 859 1299 Proceresque
888 1229 1056 1283 lactat
1083 1228 1225 1283 laete
1252 1227 1433 1284 sancti
1466 1227 1729 1299 Spiritus,

560 1317 712 1385 Quos
739 1319 890 1372 nulla
920 1316 1008 1373 vis
1033 1316 1304 1372 facundia:

483 1410 627 1467 Olim
661 1417 882 1465 tenaces
912 1409 1163 1481 quiverat
1190 1410 1483 1466 divertere.

555 1502 675 1556 Alia
703 1510 789 1558 est
811 1502 983 1572 ﬁgura
1006 1516 1173 1573 quam
1200 1509 1383 1557 antea.

480 1593 639 1650 Nunc
669 1594 919 1664 viperina
949 1602 1327 1667 praecaverunt
1353 1595 1612 1666 dogmata

551 1683 699 1741 Inter
726 1684 957 1740 reﬂexas
993 1687 1241 1751 semitas,

480 1774 661 1845 Atque
688 1774 1014 1831 abdicarunt
1052 1775 1270 1847 publice
1314 1774 1642 1847 sophistica,

553 1867 763 1923 Christi
791 1869 967 1925 secuti
1006 1869 1309 1925 tramitem.

483 1958 620 2028 Lux,
656 1959 843 2025 Paule,
883 1962 1150 2031 gentium,
1182 1960 1279 2015 tibi
1309 1960 1537 2015 scientia

550 2046 708 2107 Nunc
733 2061 887 2124 grata
920 2054 1150 2125 porrigit
1173 2069 1390 2110 manus.

478 2143 834 2200 Atheniensis
873 2145 1176 2216 dissipatur
1204 2143 1404 2216 gloria,

551 2236 691 2290 Dum
721 2239 971 2309 suggeris
1003 2239 1289 2293 miracula.

476 2326 724 2386 Dilectus
753 2330 922 2388 astris
944 2331 1142 2387 humor
1169 2339 1276 2399 est,
1311 2332 1405 2388 ubi
1436 2348 1582 2389 novo

548 2421 725 2481 Labes
748 2425 889 2482 reati
917 2424 1144 2483 flumine

477 2514 814 2589 Purgantur,
840 2526 967 2583 ante
995 2535 1185 2577 verum
1214 2520 1430 2580 Numen
1458 2521 1715 2581 noverint

551 2610 618 2665 Et
649 2612 869 2667 lixerint
890 2613 1231 2672 medullitus.

480 2704 562 2758 'l‘u
596 2705 798 2775 praesul
827 2705 1003 2763 haeres
1025 2708 1249 2777 puritati
1276 2706 1547 2779 Apostoli,

549 2794 795 2867 Lympha
825 2807 1054 2855 renatus
1091 2800 1312 2866 cmlica,

478 2884 598 2941 Nox
628 2887 775 2942 hunc
800 2887 1024 2961 refugit,
1047 2891 1256 2945 excutit
1277 2892 1594 2965 caliginem,

545 2977 665 3033 Jam
703 2982 1053 3053 mancipatus
1076 2982 1320 3042 Numini.

478 3070 635 3142 Viget
670 3089 866 3130 sereno
892 3075 1059 3131 corde
1076 3074 1296 3133 flamma
1324 3075 1543 3145 fortior,

553 3164 616 3219 Et
641 3166 796 3221 frons
821 3167 1035 3223 renidet
1063 3168 1268 3238 gaudio

478 3255 684 3312 Radice
706 3259 776 3313 ab
808 3260 915 3315 ima
955 3261 1203 3317 funditus
1230 3262 1417 3318 vulsas
1443 3262 1607 3318 simul

556 3350 773 3407 Eri-oris
813 3360 964 3409 artes
987 3352 1247 3409 extrahit.

477 3444 602 3498 Alte
637 3459 892 3502 recessus
916 3446 1185 3501 luminum
1217 3452 1271 3501 et
1293 3447 1420 3501 coeli
1454 3447 1647 3521 plagas

552 3535 867 3602 Scrutatur,
888 3545 1053 3608 atque
1072 3539 1353 3609 praedicat.

481 3628 733 3685 Scintilla
763 3630 946 3700 qualis
981 3631 1152 3703 fulget
1192 3640 1314 3686 atro
1348 3631 1638 3703 sulphure,

549 3719 648 3775 Vel
683 3728 742 3775 ut
764 3721 1020 3778 refractis
1048 3723 1288 3780 nubibus

476 3811 582 3867 Per
609 3814 789 3869 noctis
821 3815 1073 3872 umbram
1103 3816 1346 3873 siderum
1375 3820 1582 3877 micant
1606 3818 1779 3886 faces,

554 3906 648 3961 Sic
676 3909 933 3977 praesulis
970 3909 1157 3965 vultus
1184 3909 1283 3980 pii.

478 3996 577 4053 Vis
607 3999 792 4053 addita
821 4007 907 4056 est
937 4000 1148 4067 menti;
1183 4001 1480 4076 verbisque
1512 4003 1747 4060 seminat

551 4095 769 4151 Millena
802 4094 1005 4149 civium
1044 4096 1282 4166 agmina.

478 4186 675 4242 Fetura
731 4202 922 4240 verum
956 4188 1205 4243 nascitur
1235 4190 1466 4254 sensim,
1498 4204 1601 4245 nec
1628 4197 1716 4245 est

550 4279 707 4348 Quod
747 4280 985 4350 amplius
1006 4295 1188 4334 moras
1218 4281 1423 4334 trahat.

479 4372 703 4430 Iussum
733 4372 973 4443 capessit
1002 4372 1248 4443 Apostoli
1280 4390 1295 4438 ;
1322 4388 1528 4428 morem
1556 4389 1755 4446 gerens

550 4464 634 4518 Ad
664 4461 1087 4519 Franco—Celtas
1116 4463 1374 4518 mittitur.

480 4553 731 4609 Perrexit
759 4556 951 4610 urbem
985 4570 1111 4609 cum
1142 4555 1312 4612 sociis
1340 4555 1615 4613 Lutetiam
1678 4583 1683 4588 -

551 4645 803 4699 Cinetam
834 4646 1063 4700 insulari
1091 4644 1352 4713 flumine;

482 4735 623 4792 Tum
654 4738 941 4806 parvulam
970 4738 1167 4804 muris,
1196 4738 1294 4795 sed
1329 4738 1443 4795 aris
1472 4747 1528 4795 et
1557 4740 1717 4795 molae

551 4828 725 4885 Valde
752 4830 980 4887 deorum
1006 4813 1289 4887 deditam:

480 4919 628 4975 Bene
659 4920 843 4986 habet,
876 4930 1159 4991 peractum
1182 4930 1287 4990 est,
1312 4921 1460 4993 quod
1492 4921 1588 4979 diu
1619 4925 1922 4997 cupiverat.

552 5013 825 5070 Persolvit
847 5015 971 5070 urbi
1000 5014 1210 5071 munia.

480 5103 753 5160 Praedicta
776 5104 1032 5176 quamvis
1056 5104 1369 5177 principum
1400 5103 1700 5162 crudelitas

555 5195 744 5254 Tellus
771 5198 991 5255 ruberet
1018 5207 1321 5271 martyrum

481 5282 696 5340 Cruore
736 5302 750 5338 :
778 5288 947 5341 vitam
976 5284 1186 5341 Gallico
1214 5294 1400 5343 tamen
1428 5287 1553 5343 solo

557 5375 706 5431 Tulit
735 5377 1017 5456 medelam.
1046 5392 1397 5448 comparans.

485 5468 700 5524 Lolium
726 5470 1027 5541 expedivit,
1063 5471 1290 5526 velleret
1321 5469 1614 5538 radicitus,

556 5562 714 5629 Quod
740 5563 959 5634 ignibus
980 5561 1370 5620 committeret.

484 5655 663 5711 Annis
692 5664 949 5723 onustus,
980 5657 1184 5729 eloquii
1212 5655 1363 5713 fonte
1386 5656 1581 5729 irrigat

556 5744 787 5803 Gentem
825 5748 1114 5819 proianam
1148 5749 1394 5821 largiter.

486 5837 640 5900 Finis
662 5842 717 5896 in
756 5841 1071 5914 prophetas,
1104 5850 1286 5902 mente
1314 5842 1502 5902 divina
1532 5843 1682 5912 rapis

2101 495 2145 551 Α
2246 482 2328 538 Ti:
2349 480 2569 537 Christe
2594 477 2811 550 Apollo,
2832 482 3075 547 pectora.

2173 571 2339 625 Latex
2379 583 2652 640 saporque
2672 565 2912 622 nectaris
2935 564 3121 635 lingua
3148 561 3287 627 fluit,

2236 662 2345 718 Cor
2370 662 2610 732 mitigas,
2636 667 2874 715 mentem
2903 657 3078 713 foves.

2171 755 2251 810 lta
2276 753 2457 809 reddit
2482 768 2678 824 agmen
2704 751 2961 824 protinus
2987 748 3157 805 fidum
3185 746 3298 803 Deo

2238 847 2486 903 Antistes
2513 846 2654 917 Agni
2686 845 2966 900 conscius.

2173 939 2281 996 Sed
2306 938 2635 995 Christianae
2672 937 2901 994 silvulas
2928 942 3117 1008 gentes
3144 934 3356 1006 petunt,

2243 1031 2440 1087 Latent
2465 1039 2766 1086 trementes
2788 1028 3007 1083 abditae.

2169 1123 2455 1193 Noetuque
2474 1122 2633 1175 litant
2660 1105 3002 1192 congregatae
3027 1118 3323 1189 supplices.

2239 1215 2496 1273 Condunt
2520 1214 2785 1269 suburbio
2814 1214 2969 1269 ocius

2171 1308 2448 1380 Stephano
2486 1308 2656 1379 priori
2688 1314 2993 1377 martyrum
3035 1317 3251 1358 sacram
3276 1301 3505 1357 domum
3536 1356 3543 1361 ,

2240 1401 2374 1472 Ejus
2418 1400 2766 1471 frequentant
2796 1398 3007 1457 limina.

2168 1491 2337 1564 408
2356 1490 2427 1547 Ut
2456 1507 2584 1547 vere
2603 1490 2844 1545 ﬂorifero
2866 1504 3016 1561 vagae
3038 1488 3200 1545 flores
3224 1501 3398 1543 novos

2241 1585 2461 1655 Stipant
2488 1599 2619 1654 apes
2642 1590 2695 1638 et
2718 1582 2950 1637 rivulos.

2168 1678 2337 1732 Amor
2361 1676 2625 1747 sequendi
2655 1675 2930 1747 quoslibet
2958 1672 3208 1728 accendit
3232 1671 3329 1727 Dei

2240 1769 2563 1842 Dionysium
2594 1768 2909 1825 satellitem.

2097 1847 2140 1902 Β
2171 1860 2280 1918 Nec
2302 1877 2334 1916 a
2366 1861 2694 1917 rudimentis
2722 1862 2976 1916 aberrant
3007 1857 3288 1933 martyris.

2241 1953 2498 2010 Semente
2527 1968 2651 2011 sera
2684 1954 2939 2024 pinguius

2171 2048 2403 2107 Exsistit
2435 2064 2664 2114 arvum;
2689 2047 2885 2103 deinde
2913 2045 3064 2119 quod
3099 2041 3471 2116 vegrandibus

2241 2142 2488 2197 Oblectat
2517 2148 2667 2197 astra
2697 2140 2994 2196 messibus.

2172 2233 2273 2289 llic
2302 2234 2483 2289 cultor
2509 2234 2727 2288 instans
2760 2240 2855 2286 aut
2880 2240 3066 2287 arator
3093 2231 3371 2301 gnaruris,

2240 2326 2470 2384 Ditescit
2502 2342 2686 2383 aream
2710 2326 2947 2396 replens.

2170 2420 2421 2476 Prudens
2448 2420 2677 2475 colonus
2697 2434 2831 2490 ergo
2853 2418 3102 2489 quicum
3129 2417 3319 2473 fenore

2242 2511 2393 2567 Parit
2422 2513 2599 2569 solum
2629 2509 2888 2567 feracius.

2173 2602 2320 2660 Satis
2349 2618 2624 2674 superque
2647 2602 2843 2657 civitas
2865 2600 3083 2657 Lutetia

2243 2694 2449 2768 Ligone
2475 2696 2623 2750 culta
2652 2694 2932 2766 praesulis.

2169 2788 2251 2842 Ad
2284 2790 2535 2845 veritatis
2564 2786 2703 2842 flexa
2727 2787 2914 2841 lumen
2944 2784 3183 2856 inclyta}.

2240 2880 2459 2937 Florem
2486 2880 2603 2946 Dei,
2640 2880 2844 2935 fontem
2880 2878 3041 2933 Boni.

2168 2976 2296 3031 Ales
2318 2975 2567 3045 polorum
2595 2973 2846 3044 protinus
2870 2969 3189 3042 praecordiis

2240 3066 2458 3123 Nostris
2487 3081 2647 3122 suum
2674 3065 2859 3121 cordis
2878 3064 3044 3135 jubar

2092 3196 2136 3251 ο
2170 3159 2451 3226 Vibravit;
2480 3159 2573 3213 alti
2602 3156 2842 3229 pectoris
2874 3156 3042 3213 situm
3073 3155 3344 3212 innovans

2238 3252 2377 3308 Nam
2409 3253 2602 3309 oculos
2627 3252 2871 3308 tenebrae
2904 3251 3237 3306 clauserant.

2167 3346 2239 3401 At
2269 3346 2471 3416 viperae
2501 3345 2686 3417 proles
2714 3344 2901 3416 rigens
2940 3342 3155 3399 saevitia

2240 3436 2428 3492 Caasar
2455 3434 2590 3490 furit
2631 3434 3013 3500 Germanicus,

2169 3530 2359 3587 Fidem
2390 3545 2624 3603 perosus
2652 3529 2892 3584 toxicum
2925 3526 3106 3583 fundit
3130 3527 3327 3599 magis,

2243 3623 2400 3691 Quod
2433 3624 2644 3679 foverat
2674 3622 2788 3692 jam
2817 3622 3153 3693 plusculum,

2169 3713 2397 3770 Decreta
2427 3714 2651 3778 mandat
2680 3714 3028 3785 exsequenda
3048 3714 3325 3787 gentibus,

2240 3806 2307 3862 Et
2329 3807 2679 3865 Christianos
2709 3810 2946 3869 territat,

2172 3900 2239 3955 Ni
2263 3902 2426 3956 thure
2450 3902 2669 3972 placent
2703 3901 3007 3972 principem
3035 3900 3206 3957 Deum
3229 3898 3449 3970 Jovem,

2242 3992 2367 4050 Mox
2396 3993 2756 4049 destinandos
2785 3994 3025 4067 ignibus.

2170 4083 2347 4141 Czedis
2367 4086 2619 4143 minister
2630 4087 2841 4143 exstitit
2860 4086 3117 4151 Sisinius,

2248 4178 2521 4236 lmmensa
2553 4180 2728 4251 pestis
2750 4187 2805 4235 et
2831 4188 3057 4236 tremor.

2170 4269 2344 4337 Cujus
2376 4270 2551 4326 ferina
2586 4271 2770 4327 floruit
2796 4272 3097 4344 gentilitas,

2242 4361 2311 4417 Et
2340 4361 2515 4420 fastus
2545 4380 2815 4436 arrogans
2842 4364 3029 4429 minis,

2175 4454 2456 4526 Serpentis
2486 4466 2639 4512 atrox
2661 4458 2864 4513 evomit
2893 4458 3086 4524 virus;
3114 4473 3217 4513 nec
3237 4464 3323 4513 est

2100 4551 2143 4604 lt
2244 4546 2400 4614 Quod
2426 4546 2592 4603 effero
2636 4549 2787 4603 vultu
2815 4556 2981 4620 queat

2170 4640 2449 4696 Cruentus
2477 4639 2633 4695 urbis
2665 4642 2961 4710 optimates
2980 4640 3206 4696 laxiore.

2246 4731 2317 4787 Ut
2339 4739 2642 4788 astuantes
2669 4733 2910 4802 aequoris

2175 4822 2345 4880 Unda:
2367 4823 2624 4895 profundi
2652 4826 2909 4881 cautibus
2948 4825 3149 4881 radunt
3172 4826 3307 4881 nihil
3332 4843 3346 4879 :

2243 4916 2469 4973 Frustra
2493 4919 2708 4975 laborat
2730 4920 2975 4990 regulus.

2173 5007 2290 5063 Ileu
2325 5010 2500 5080 surgit
2523 5011 2629 5076 ira,
2665 5018 2721 5065 et
2749 5016 2976 5081 aggerat
3002 5009 3151 5064 vires
3178 5007 3356 5076 furor,

2248 5100 2421 5158 Struit
2441 5103 2658 5157 ruinam
2682 5104 2935 5175 martyri.

2176 5194 2425 5250 Stimulis
2455 5194 2684 5250 calescit
2708 5195 3008 5253 condolens
3034 5196 3182 5252 ultor
3203 5195 3403 5261 Deum,

2244 5286 2355 5343 Nec
2381 5295 2649 5357 temperat
2672 5289 2932 5345 vesania.

2175 5378 2220 5436 Ο
2249 5393 2428 5435 mersa
2454 5379 2587 5435 limo
2615 5381 2839 5438 caecitas
2866 5381 3202 5447 mortalium,

2244 5468 2290 5524 0
2315 5468 2532 5541 spissus
2560 5485 2718 5526 error
2743 5472 3008 5544 gentium.

2173 5561 2374 5617 Pastus
2403 5578 2607 5620 cruore
2640 5564 2887 5619 carnifex
2914 5565 3079 5637 gestit
3105 5566 3265 5622 ducis

2247 5654 2465 5710 Statuta
2493 5657 2597 5712 rite
2617 5658 2895 5729 persequi.

2178 5749 2320 5806 Hinc
2344 5750 2628 5806 hostiatim
2658 5751 2922 5823 martyris
2946 5751 3182 5824 vestigia

2248 5841 2493 5916 Vestigat
2516 5841 2691 5899 audax
2724 5854 2777 5900 et
2806 5844 2962 5915 petit.

3658 350 3761 405 693
