3874 6580
91 392 216 447 φειδ
452 416 463 425 ι
1031 382 1471 456 IARTYRIUM,
1504 387 1713 447 AUCT.
1753 386 2073 444 BIONYSIO
2117 383 2447 445 GUERLNO.

90 504 255 560 Inter
278 516 538 559 coronam
559 500 764 556 civium
791 496 1009 555 tandem
1029 496 1178 559 videt

169 594 455 665 Praecepta
479 599 825 662 spargentem
857 588 977 646 Dei.

86 686 264 741 Haud
296 684 541 741 continet
568 697 795 748 manus;
832 680 925 737 sed
957 679 1105 736 ultro
1134 680 1361 752 corripit

166 777 432 833 Vinctum
462 775 672 830 catenis
700 774 1026 845 supplicem,

83 868 182 923 Fit
215 870 411 931 laetior,
441 866 679 937 ﬂagrans
708 864 803 920 Dei
836 863 1151 935 Dionysius,

162 960 238 1015 Et
269 962 443 1016 currit
477 960 546 1014 ad
578 957 867 1014 Sisinium.

81 1053 279 1125 Atque
305 1054 523 1108 invocat
555 1059 748 1106 nutum
777 1050 1021 1120 supremi
1053 1047 1327 1109 Numinis.

163 1147 231 1199 Si
263 1146 370 1200 vile
391 1152 584 1215 pectus
614 1143 914 1199 chrismate

84 1236 273 1291 Sacro
300 1236 462 1307 piasti
495 1234 581 1289 fac
610 1233 792 1300 modo,
825 1240 1015 1290 custos
1051 1233 1182 1304 poli,

160 1330 291 1385 Meo
306 1331 519 1385 colorer
541 1330 829 1400 sanguine.

80 1422 346 1477 Dissolve
363 1430 598 1476 mentem
630 1418 923 1491 ergastulis
956 1435 969 1471 :
1002 1433 1123 1475 eam
1153 1418 1252 1474 hea

156 1514 450 1569 Felicitate
490 1513 720 1583 perpeti.
1082 1494 1091 1506 ⁸

77 1602 359 1659 lininotus
380 1605 546 1659 instat
572 1609 778 1669 martyr
806 1607 934 1655 ante
959 1599 1256 1655 barbarum

153 1696 305 1751 Saevi
332 1696 573 1751 tribunal
600 1694 826 1765 judicis.

75 1790 179 1845 Cui
218 1790 370 1859 fatur
396 1805 491 1845 ore
526 1788 738 1844 fervido
769 1786 1034 1851 Sisinius,

149 1881 356 1936 Livore
376 1889 603 1953 turgens
626 1882 821 1939 noxio:

72 1971 220 2025 Num
253 1978 341 2027 est
371 1970 488 2042 ipse
513 1970 746 2027 ﬂabrum
785 1974 1060 2030 sibilantis
1088 1971 1388 2043 Gorgonis,

145 2062 353 2134 Segnis
388 2079 555 2120 senex
586 2072 641 2121 et
670 2066 961 2135 impotens.

72 2153 213 2209 Cum
262 2155 543 2211 illitterata
572 2157 807 2213 credidit
844 2158 1168 2229 frequentia,

143 2244 324 2317 Leges
344 2247 572 2303 deorum
596 2265 884 2320 respuens.

71 2336 267 2393 litate
296 2355 423 2396 vere
445 2356 567 2397 sum
597 2357 789 2407 senex,
823 2342 913 2398 hic
942 2340 1202 2407 reddidit,

137 2427 243 2484 Ast
270 2428 402 2485 ﬂore
431 2441 697 2488 constans
727 2432 986 2503 pectoris.

70 2522 285 2592 Anguis
314 2532 593 2578 senectam
622 2531 866 2589 mutuor,
894 2524 987 2595 qui
1020 2523 1274 2581 sentibus

139 2617 343 2674 Cutem
367 2633 575 2688 repono
606 2618 914 2675 sordidam.
943 2691 947 2695 _

71 2705 129 2759 ιιι
150 2722 288 2763 cens
326 2723 589 2763 renascor
615 2709 806 2763 cmlica
830 2708 1131 2783 prOpagine

132 2798 374 2855 Phwnix
398 2801 696 2870 quotannis
724 2801 1025 2871 pullulans.

71 2889 290 2947 Miseret
325 2899 544 2946 tuorum
574 2907 662 2947 me
697 2907 1005 2957 sacrorum,
1036 2900 1090 2949 et
1112 2901 1455 2966 temporum»

135 2978 318 3036 Pudet
352 2980 532 3045 fateri,
562 2981 708 3051 quod
741 2980 947 3046 ferunt,

70 3068 175 3126 \‘os
200 3072 491 3128 immolare
514 3073 751 3128 barbaro
775 3074 883 3128 ritu
914 3073 1065 3130 viros

138 3161 489 3235 Gentemque
516 3165 664 3221 caede
686 3164 935 3236 perdere.

71 3252 332 3325 Ostende,
365 3272 569 3327 quaeso,
606 3272 744 3329 quas
772 3247 992 3313 adorem
1026 3258 1317 3331 imagines.

134 3345 373 3403 iunonis
407 3357 612 3413 utrum,
652 3348 739 3404 vel
772 3346 947 3405 lovis.

74 3433 137 3489 Ut
167 3437 350 3494 fumet
373 3455 515 3510 agno
544 3440 789 3511 CiBSpiliS
816 3438 1120 3510 fastigium,

136 3529 199 3585 Et
230 3532 396 3587 thure
417 3541 602 3603 postes
623 3533 886 3591 ambiant.

72 3620 203 3687 Quid
233 3640 351 3688 me,
373 3624 629 3690 nefande,
658 3625 969 3696 supplicare
1000 3625 1209 3697 cogitas

135 3715 293 3771 Fonti
334 3717 602 3771 malorum
625 3716 883 3773 daemoni.

70 3804 357 3863 Deascnato
378 3807 551 3877 stipiti
576 3822 786 3864 verrem
818 3806 974 3875 feris,

136 3899 254 3965 Quo
285 3915 431 3955 saxa
450 3900 559 3954 fani
605 3901 869 3971 perlinas.

70 3990 196 4047 Cum
231 3993 351 4048 haec
380 4008 568 4058 cerno,
590 4001 853 4065 tanquam
884 3994 1098 4064 parvuli
1124 3996 1429 4064 crepundia

133 4082 307 4150 Duco,
349 4101 651 4156 senumque
682 4086 910 4141 vanulas

73 4172 454 4231 Edentulorum
493 4178 797 4233 cantilenas
826 4184 1073 4234 autumo.

132 4268 248 4325 Non
276 4270 628 4334 erubescam,
660 4270 708 4326 si
737 4269 899 4325 ﬁdem

72 4358 241 4417 Tuear
276 4362 500 4419 fatendo
526 4363 827 4417 maximum
860 4379 1041 4434 regem
1075 4363 1328 4420 aetheris.

132 4454 340 4511 (Icelum
364 4464 590 4527 paratur
615 4458 907 4529 sanguine.

73 4544 358 4603 Praefectus
391 4549 546 4605 urbis
576 4550 759 4604 toxico
789 4548 936 4605 fellis
963 4549 1195 4605 madens

130 4642 231 4697 Cor
258 4642 535 4699 audiendo
558 4650 863 4699 exusserat.

73 4728 255 4789 Ebullit
280 4735 385 4798 ira,
422 4733 752 4805 apprehendi
774 4735 929 4806 jubet
951 4734 1163 4795 virum,

134 4824 257 4895 Ejus
277 4828 497 4883 sodales
518 4828 784 4898 proxime.

72 4921 130 4977 At
157 4924 242 4981 ille
266 4933 421 4980 tanto
445 4926 642 4990 laetior,
676 4940 802 4980 cum
825 4924 1095 4983 adoream

134 5015 341 5074 Labore
368 5027 582 5090 partam
613 5017 894 5088 praevidet.

74 5106 278 5174 Fontem
307 5121 524 5166 serenat
549 5110 770 5165 aetheris
796 5109 1012 5171 solatio,

136 5198 338 5271 llymno
371 5202 520 5255 canit
545 5199 889 5273 symphonia.

74 5285 217 5346 Velut
248 5292 317 5346 ad
344 5294 514 5349 dapes
544 5308 768 5362 specum
794 5294 926 5364 petit
953 5292 1248 5355 lubentius,

134 5381 320 5439 Animo
356 5383 661 5440 Tonantem
691 5385 997 5455 pensitans.

76 5475 283 5528 Autruin
317 5477 517 5531 latebat
538 5476 783 5532 abditum
816 5478 950 5549 (98),
986 5484 1206 5534 scatens
1238 5478 1367 5541 situ,

142 5561 319 5622 Noctis
350 5568 593 5624 tenebris
628 5567 889 5637 obsitum,

136 5763 236 5836 osi
280 5730 378 5822 (Ibi
440 5766 598 5822 hodie
666 5766 810 5822 mdes
872 5766 933 5821 υ.
975 5766 1212 5840 Dionysii
1252 5787 1279 5822 ιι
1314 5769 1585 5837 Carcerc‘,

82 5831 217 5887 sitnt‘.

1712 532 1760 585 Α
1788 500 1983 557 Gravis
2011 510 2229 556 senecta
2246 500 2471 555 clausus
2494 498 2750 570 implorat
2774 513 2937 570 prece

1856 592 2110 649 Caelestis
2143 592 2297 664 ignes
2331 589 2589 662 Spiritus.

1787 682 1991 739 Rerum
2020 693 2259 750 creator,
2291 684 2478 758 gloria:
2502 685 2760 757 splendor
2783 684 2962 742 Patris

1858 773 2091 831 lmmitte
2130 791 2309 840 rores,
2348 774 2434 829 fac
2465 792 2680 845 precor,

1783 865 1899 922 Neu
1928 867 2067 922 livor
2093 882 2255 937 asper
2281 865 2797 937 iudicismitescere

1856 959 2041 1015 Discat
2070 960 2254 1024 modo,
2285 959 2372 1014 fac
2393 960 2692 1029 opprimar.

1783 1051 1907 1107 Mox
1936 1052 2233 1107 carceralis
2255 1050 2476 1107 caecitas
2506 1051 2762 1123 Olympici

1853 1142 2085 1214 Fulgore
2112 1143 2318 1198 Christi
2355 1141 2615 1213 fulgurat.

1779 1233 2046 1306 Agnoscit
2076 1233 2167 1288 hic
2204 1231 2500 1304 Dionysius
2525 1231 2827 1302 potentiam

1849 1325 2075 1393 Adesse,
2103 1341 2266 1397 quam
2288 1333 2603 1396 speraverat
2629 1341 2641 1377 :

1778 1419 1942 1475 Tanti
1967 1418 2170 1472 laboris
2192 1418 2474 1488 praemium
2504 1426 2653 1474 stant
2682 1417 2861 1489 angeli

1849 1508 1983 1566 Visu
2015 1510 2251 1567 nitentes
2278 1510 2539 1581 undique.

1778 1602 1915 1658 liuic
1945 1603 2204 1674 poculum
2237 1604 2359 1658 vitae
2395 1602 2539 1660 Deus
2568 1601 2649 1673 sic
2679 1603 2928 1677 porrigit,

1847 1694 1918 1750 Ut
1948 1711 2107 1766 pinna
2144 1696 2240 1751 ﬂat
2268 1698 2467 1754 lenior.

1776 1786 2071 1842 Perhibent
2100 1795 2392 1859 tyrannum
2421 1788 2749 1845 blandiendo
2780 1787 3083 1845 antistitem

1703 1869 1761 1925 Βι
1845 1875 2011 1932 Vario
2044 1879 2293 1935 irritasse
2316 1895 2563 1935 munere.

1769 1968 1837 2023 Et
1866 1970 2103 2025 nobilem
2134 1969 2321 2025 laudat
2352 1971 2566 2042 generis
2588 1974 2900 2042 prosapiam

1841 2060 2043 2116 Partim
2075 2062 2311 2118 senilem
2330 2064 2583 2134 gratiam.

1765 2153 1931 2226 509
1958 2153 2238 2211 Encomiis
2264 2164 2472 2228 martyr
2495 2164 2642 2212 retro
2671 2155 2877 2213 claudit
2908 2171 3039 2215 suas

1836 2248 2013 2305 Aures
2044 2256 2103 2303 ut
2128 2250 2346 2319 anguis,
2379 2266 2447 2305 ne
2475 2250 2678 2305 malum

1768 2339 1962 2411 Serpat
1982 2342 2240 2399 medullis
2272 2343 2460 2409 altius,
2498 2343 2665 2398 libras
2706 2357 2922 2415 quoque

1834 2433 2176 2505 Contagione
2206 2435 2439 2507 polluat.

1765 2526 1873 2582 Seu
1895 2528 1995 2583 ﬂos
2018 2527 2227 2584 odorus
2255 2528 2481 2595 albicat,
2511 2527 2789 2584 sulﬂmine-

1835 2618 2114 2690 Spargens
2142 2620 2361 2691 tyramti
2395 2619 2621 2689 regiam.

1761 2707 2087 2782 Perstringit
2112 2712 2278 2767 orbes
2308 2711 2578 2767 luminum
2607 2710 2895 2767 miracuiia
2920 2729 2934 2766 :

1829 2801 1950 2858 Non
1986 2818 2147 2859 nemo
2174 2804 2409 2858 miratur
2440 2804 2641 2859 virum.

1762 2892 1984 2965 Stupuit
2012 2903 2281 2966 tyrannus
2315 2910 2329 2947 :
2363 2903 2514 2951 terve
2555 2894 2719 2951 dictis
2749 2894 2909 2949 aruit.

1830 2986 2052 3043 Clarere
2090 2991 2268 3044 nescit
2296 2987 2594 3059 scrupulis,

1758 3078 2007 3137 Incertus
2029 3080 2182 3135 illum
2212 3081 2425 3152 puniat,
2450 3081 2536 3137 vel
2566 3081 2781 3145 liberet,

1680 3214 1728 3273 ε
1834 3170 2113 3244 Usumque
2140 3173 2335 3229 reddat
2357 3174 2610 3229 liberum.

1757 3267 1897 3333 Quid
1925 3266 2121 3337 plura?
2142 3266 2312 3321 vincit
2331 3266 2557 3321 anxium
2580 3263 2840 3321 socordia

1820 3359 2056 3413 Alumna
2080 3360 2249 3414 caedis
2279 3367 2334 3414 et
2352 3357 2559 3415 crucis.

1755 3448 2017 3505 Fomenta
2040 3452 2242 3505 vulnus
2271 3450 2549 3522 putridum
2584 3449 2842 3505 novantia

1824 3542 2215 3597 Crudelitatem
2242 3551 2555 3614 procreant.

1753 3632 1892 3700 Quid
1909 3634 1993 3689 ?si
2024 3635 2204 3690 soluta
2227 3635 2478 3693 intestuet
2506 3636 2751 3707 pnecord
2761 3635 2827 3691 iis

1825 3728 1980 3794 Bilis,
2014 3728 2294 3800 faciatque
2325 3728 2662 3784 incendium.

1753 3818 1927 3875 Simul
1957 3822 2205 3877 calentes
2232 3820 2633 3877 inverecundus
2655 3819 2837 3876 minas

1823 3911 2005 3967 Torvo
2028 3914 2190 3968 cievit
2219 3914 2426 3969 lumine

1750 4001 1893 4074 Figit
1925 4006 2153 4075 sagittas
2182 4006 2412 4076 pectori,
2449 4021 2549 4060 nec
2585 4006 2851 4076 impetum

1824 4093 1980 4150 Valet
2008 4104 2196 4152 tenere
2218 4098 2489 4153 amentiae.

1749 4188 1963 4245 incerta
1986 4190 2167 4259 qualis
2195 4190 2432 4246 Entheos
2458 4190 2646 4262 pedem
2676 4192 2823 4257 tulit,

1826 4279 1901 4338 lit.
1933 4278 2132 4339 Mimas
2163 4282 2367 4340 insanit
2402 4283 2545 4341 Deoe

1748 4372 1975 4432 Certare
2003 4363 2182 4431 lassus
2204 4376 2379 4433 hostis
2416 4378 2471 4431 in
2518 4381 2801 4448 praetorio,

1813 4466 2009 4537 Agitur
2037 4469 2289 4538 procellis
2317 4471 2553 4524 interim.

1680 4553 1721 4607 D
1751 4555 1897 4613 Caedi
1923 4557 2155 4631 ﬂagellis
2182 4561 2429 4633 praecipit
2464 4562 2772 4625 lictoribus,

1816 4651 2141 4724 Corpusque
2170 4654 2338 4725 pungi
2370 4656 2619 4725 spiculis.

1749 4744 2011 4800 Strictum
2040 4747 2263 4802 retortis
2291 4747 2530 4804 brachiis
2556 4749 2695 4820 posti
2722 4750 2894 4819 ligant

1810 4836 2028 4894 Nudare
2055 4850 2239 4897 costas
2270 4842 2532 4914 gestiunt.

1751 4930 1817 4983 [τι
1848 4948 1944 5001 per
1973 4933 2195 4990 lacunas
2224 4937 2514 4992 vulnerum
2555 4944 2740 5005 crepet
2761 4936 2923 5007 jecur
2949 4956 2962 4990 :

1810 5022 2149 5095 Paulumque
2171 5027 2396 5097 sanguis
2428 5028 2678 5098 palpitet.

1745 5114 1975 5171 liidebat
2002 5118 2117 5171 itch
2150 5125 2358 5189 martyr
2390 5118 2482 5175 Dei
2500 5118 2773 5185 'ltidibria,

1803 5204 2053 5263 'fortoris
2083 5208 2374 5279 increpans
2404 5224 2619 5264 manus.

1740 5297 1785 5353 Ο
1813 5314 1907 5352 vos
1934 5300 2161 5363 alumni,
2187 5300 2426 5356 carceris
2456 5302 2723 5357 saevitiam

1738 5374 1786 5415 ’³
1810 5388 2053 5452 Armate,
2081 5404 2287 5460 qtttcso.
2316 5391 2548 5460 plenius.

1740 5479 1991 5536 Stillante
2030 5483 2179 5547 tabo,
2210 5486 2463 5555 corporis
2495 5496 2675 5542 cutem
2707 5487 2811 5541 mei

1808 5571 2199 5631 Multicolorem
2235 5576 2463 5633 reddite.

3264 392 3367 448 (ἴθι

1642 5772 1695 5824 in
1749 5770 1906 5841 cujus
1963 5772 2093 5829 aedis
2143 5789 2302 5830 cavea
2358 5773 2553 5829 nubtiis
2614 5774 2707 5827 ille
2753 5785 2944 5827 carcer
2994 5772 3170 5827 adhuc
3228 5771 3280 5828 vi
