3874 6562
527 336 632 442 655
1688 378 1746 434 S.
1782 377 2087 435 DIONYSII
2135 370 2600 434 AREOPACITIE

526 496 691 565 Exin,
724 500 959 570 peractis
992 499 1255 571 principis
1284 499 1601 563 furoribus,

593 591 923 648 Ardentibus
958 593 1152 663 prunis
1179 592 1361 648 datur.

523 682 706 741 Locus
731 695 813 741 est
834 686 1176 757 propinquus
1210 685 1478 757 Sequana:
1499 687 1797 743 sinuamini
1828 686 1942 759 (99)

585 780 883 835 Tormenta
918 796 1152 837 cernens
1182 782 1444 837 sontium.

522 872 693 939 Quem
717 874 888 943 sepsit
915 889 1108 944 agmen
1144 874 1378 927 militum
1412 872 1717 929 forinsecus

587 960 815 1033 Fulgere
843 963 1077 1018 cassidis
1100 964 1331 1018 micans.

518 1055 732 1111 Prunas
763 1068 1013 1127 tepentes
1039 1058 1285 1114 carnifex
1309 1058 1509 1113 sternit
1537 1057 1670 1122 cito,

590 1150 658 1205 Ut
679 1167 744 1207 os
774 1152 917 1208 beati
944 1152 1201 1220 langueat

518 1241 807 1297 Decumbit
844 1244 959 1312 ipse
996 1244 1196 1299 lectulo
1232 1244 1387 1300 latus
1424 1244 1563 1315 rogi.

587 1332 809 1387 Animat
840 1333 1059 1389 sodales
1084 1333 1299 1390 sedulo.

515 1424 598 1481 Illi
627 1443 690 1481 os
722 1426 920 1482 decore
950 1412 1224 1497 splenduit
1257 1426 1430 1498 magis
1453 1440 1639 1481 aureo.
1728 1412 1731 1413 ν

580 1516 767 1573 Talem
800 1526 1080 1575 revertens
1111 1518 1304 1590 legifer

514 1608 594 1663 De
618 1616 801 1665 monte
826 1611 1033 1665 vultum
1064 1610 1288 1666 detulit:
1324 1609 1443 1665 Non
1474 1618 1622 1675 sunt,
1643 1610 1740 1672 ait,

579 1704 874 1760 Tormenta
900 1722 1022 1776 qua:
1052 1722 1148 1761 vos
1178 1705 1418 1768 cernitis.

512 1797 692 1855 Citata
735 1797 943 1854 cursim
975 1807 1283 1863 transeunt,
1319 1799 1494 1854 instar
1521 1800 1633 1852 noli

577 1889 789 1945 Pulvim
821 1894 1095 1947 moventis
1128 1893 1183 1946 in
1212 1906 1356 1948 aere.

512 1982 678 2038 Trahi
704 1999 736 2039 e
764 1991 974 2039 castata
998 1983 1242 2039 fervidus
1262 1984 1414 2054 jubet
1441 1984 1640 2046 virum,

571 2075 737 2130 Aliud
766 2092 942 2147 genus
969 2085 1127 2147 parat
1153 2076 1356 2132 crucis.

510 2168 591 2223 Ad
616 2168 819 2225 montis
850 2170 1021 2223 altum
1051 2169 1305 2225 verticem
1336 2169 1665 2224 contermini

582 2257 812 2315 Lutetiae
832 2258 1139 2316 deducitur.

514 2348 669 2404 Velut
699 2366 840 2421 agna
871 2352 1058 2421 templi
1086 2351 1417 2407 destinanda
1446 2352 1735 2417 altaribus,

572 2442 655 2497 Nil
686 2443 966 2499 immolata
997 2444 1290 2500 clamitans

510 2533 717 2590 Intrare
748 2534 933 2590 fanum
967 2536 1180 2605 cogitur
1208 2536 1459 2608 Cyllenii.
1562 2535 1565 2538 ’

582 2626 771 2697 ibique
796 2627 925 2682 thus
951 2625 1204 2684 adurere.

506 2717 618 2774 Has
646 2720 867 2775 intuens
897 2706 1152 2790 ineptias,
1186 2721 1454 2794 imagines

571 2807 768 2865 lrridet
800 2818 965 2881 atque
1000 2812 1277 2884 conspuit.

505 2900 691 2958 Senile
715 2911 925 2975 martyr
952 2906 1145 2960 maluit
1173 2907 1372 2961 collum
1406 2908 1536 2964 dare

569 2994 762 3049 Mortis
788 2995 1025 3053 lavacris
1058 2998 1343 3069 inclytum.

501 3084 561 3139 Id
594 3084 906 3142 maluerunt
927 3102 1060 3142 voce
1084 3088 1232 3142 clara
1268 3086 1531 3147 Rusticus

572 3177 638 3231 Et
669 3179 1085 3235 contubernalis
1116 3182 1247 3252 pati.

501 3268 805 3325 Percussor
830 3286 963 3325 ense
984 3271 1115 3325 dum
1145 3271 1271 3327 ferit
1301 3283 1491 3344 guttur
1520 3292 1708 3341 senis,

573 3357 835 3432 Specta-nt
867 3358 1186 3431 frequentes
1219 3365 1438 3419 eminus

500 3451 693 3509 Pavidi
719 3470 910 3527 greges
931 3456 1209 3511 doctorem
1241 3457 1297 3512 in
1318 3460 1431 3514 alto
1462 3462 1687 3518 vertice.

572 3545 682 3603 Res
714 3549 852 3603 inira
883 3549 1137 3619 posteris,
1160 3560 1326 3622 caput

503 3638 661 3704 Quod
685 3648 1025 3711 amputatum
1059 3642 1310 3698 viderant
1354 3645 1641 3703 cadaveris

566 3800 679 3880 (99)
704 3799 795 3856 Ille
822 3804 981 3861 locus
1006 3805 1207 3880 visitur
1230 3806 1286 3860 in
1318 3808 1524 3880 templo
1560 3808 1620 3862 B.
1648 3806 1894 3879 Dionysii
1924 3810 2091 3880 vulgo

500 3886 533 3925 a
549 3870 744 3938 Passu,
772 3889 942 3944 prope
960 3876 1130 3932 aedem
1158 3875 1337 3932 Beata:
1370 3870 1573 3944 alariae,
1600 3895 1709 3935 non
1730 3870 1890 3952 longe
1915 3896 1944 3935 a
1969 3870 2088 3952 ripa

798 4058 809 4059 ,
906 4058 1069 4060 sibi
1116 4058 1147 4060 φ
1184 4058 1297 4061 vi-

2120 503 2182 556 Ἀ
2282 496 2346 550 Hi
2376 497 2771 566 conspicantur
2796 488 3051 563 praesulis

2217 590 2465 645 Manibus
2493 586 2652 642 coitis
2677 583 3017 649 vectitatmn,
3040 580 3282 636 nobilem

2278 680 2361 735 Ad
2389 674 2969 734 villulam.miraculis.

2214 776 2258 830 0
2284 784 2366 829 ter
2385 781 2691 843 quaterque
2723 777 2777 825 et
2800 768 3035 838 amplius
3060 765 3190 822 felix
3209 765 3404 838 jugum

2276 867 2391 922 Hoc
2422 863 3072 937 purpuratumsanguine
3104 862 3118 914 ε

2209 958 2360 1014 Felix
2382 957 2582 1013 amoeni
2611 955 2809 1011 littoris
2838 953 3185 1025 pommrium,

2282 1050 2546 1120 Felixque
2574 1049 2733 1105 collis
2758 1050 2940 1104 vinea.

2211 1144 2406 1200 Mulier
2434 1142 2646 1199 Catulla
2676 1141 2860 1196 floruit
2888 1139 3122 1196 credens
3159 1136 3292 1202 Deo,

2272 1235 2511 1306 Purgata
2539 1240 2731 1291 sancto
2763 1232 2970 1303 Spiritu
2997 1250 3010 1286 :

2207 1328 2338 1396 Quae
2360 1337 2503 1382 tacta
2531 1326 2687 1381 miris
2709 1336 3010 1396 martyrum
3037 1323 3222 1390 donis,
3243 1322 3443 1379 ducem

2268 1420 2515 1484 Mollivit,
2550 1427 2611 1474 ut
2640 1419 2907 1483 cadavera

2209 1512 2473 1567 Ilumaret
2506 1519 2673 1566 uncta
2704 1511 2975 1573 balsamo,
3007 1508 3175 1574 rosis,
3208 1523 3363 1564 mero
3394 1522 3410 1560 :

2276 1604 2429 1660 Domi
2460 1620 2751 1661 reservans
2773 1604 3027 1675 posteris.

2207 1699 2347 1754 Ilinc
2370 1700 2525 1754 vicos
2566 1699 2655 1753 ille
2684 1698 2902 1753 femina:
2932 1712 3132 1752 nomen
3172 1694 3360 1751 trahit.

2280 1790 2638 1860 (Catulliacus
2675 1788 2784 1843 dici
2810 1788 3010 1860 potest)

2130 1874 2171 1927 Β
2203 1885 2321 1940 Jam
2362 1901 2459 1940 sex
2488 1885 2730 1955 peractis
2761 1884 2978 1939 sacculis
3009 1891 3106 1936 aut
3133 1881 3357 1938 circiter
3390 1896 3411 1936 :

2275 1978 2460 2034 Manes
2482 1978 2679 2049 sepulti
2708 1985 3010 2049 martyrum

2206 2069 2495 2125 Oblivione
2526 2083 2754 2138 prorsus
2774 2068 2959 2131 obruti
2988 2086 3004 2100 ο
3035 2068 3145 2122 nisi

2264 2163 2433 2234 Regis
2459 2162 2683 2217 Clothtei
2713 2161 2857 2218 filius

2204 2258 2543 2329 Dagobertus
2574 2259 2686 2314 iras
2729 2256 2939 2313 horridi
2976 2256 3153 2312 vitans
3182 2256 3358 2327 patris

2265 2349 2466 2408 Tristis
2491 2367 2756 2407 cavernas
2778 2352 3077 2421 quaeritans
3099 2348 3250 2420 (IOO)
3275 2388 3291 2413 ,

2203 2444 2275 2500 Se
2305 2445 2633 2501 contulisset
2665 2445 2720 2499 in
2751 2445 3069 2515 Sepulcrum
3094 2443 3290 2496 tutius.

2261 2537 2457 2593 Statim
2494 2538 2709 2607 sopitus
2744 2538 2981 2593 somnio.

2197 2625 2267 2679 At
2288 2625 2581 2681 dormienti
2617 2625 2838 2696 fulgidis
2861 2626 2997 2683 clari
3025 2624 3185 2681 stolis

2250 2716 2570 2787 Apparuere
2615 2726 2907 2789 martyres.

2195 2809 2273 2863 Ae
2305 2808 2634 2878 pollicentur
2653 2810 2885 2880 principi
2911 2810 3088 2866 minas
3120 2812 3295 2880 patris

2260 2900 2465 2955 Sedare
2498 2918 2659 2972 posse
2688 2903 2928 2968 caelitus,

2197 2993 2355 3050 Modo
2385 2995 2598 3050 favillas
2623 2996 2711 3050 hic
2732 2996 2867 3051 sitas
2893 2995 3184 3068 przeconiis

2258 3088 2527 3157 Insigniat
2551 3103 2766 3159 semper
2797 3088 3013 3145 lubens.

2198 3180 2475 3237 Triforme
2506 3182 2725 3236 culmen
2767 3180 3061 3246 Gallicum,
3093 3181 3293 3254 triplex
3324 3195 3508 3237 nonor

2258 3273 2380 3340 Quo
2406 3282 2628 3344 praestat
2657 3273 2812 3331 urbis
2841 3274 3102 3345 dignitas.

2118 3327 2163 3387 Ο
2196 3365 2315 3421 Νυιι
2339 3366 2650 3422 obsolescet
2684 3367 2828 3422 ullus
2853 3369 2908 3422 in
2940 3368 3104 3424 terris
3141 3383 3278 3438 apex
3307 3386 3320 3422 :

2259 3458 2369 3514 Nec
2406 3459 2587 3529 pulvis
2625 3459 2863 3516 obducet
2894 3460 3003 3517 situ

2196 3546 2347 3614 Tute,
2378 3560 2626 3622 patrone,
2663 3553 2908 3608 lauream
2938 3554 3140 3620 laudis,
3174 3553 3286 3610 Deo

2258 3645 2531 3717 Inscripta
2555 3662 2750 3719 perpes
2777 3647 2974 3719 pagina
3003 3656 3110 3705 est.

2937 3741 3136 3797 Amen.

2201 3809 2492 3865 Senuanaz.

2264 3880 2412 3952 (100)
2440 3880 2727 3937 Aimonius
2752 3884 3077 3950 monachus,
3115 3883 3259 3942 Hist.
3286 3886 3385 3944 lib.
3416 3903 3494 3953 tv,
3525 3903 3577 3945 c.
3610 3888 3688 3945 l7.

2919 4060 3349 4070 —-——_————.

1259 4190 1729 4347 VITA
1844 4192 2003 4347 S.
2128 4194 3012 4351 DIONYSII

1722 4476 2538 4571 AREOPAGITJE

1023 4668 1469 4727 ATHENARUM
1505 4670 1836 4738 EPISCOPI,
1875 4658 2309 4728 FR’ANCORUM
2354 4673 2698 4732 APOSTOLI
2734 4678 2822 4732 ET
2884 4672 3249 4732 MARTYRIS

3686 360 3779 418 696

1851 5189 1992 5250 90c.
2027 5190 2181 5249 Iesu
2218 5191 2446 5249 Pansa.

1411 5331 1752 5425 ‘Concinnata
1777 5333 2136 5404 ejusdemque
2171 5337 2552 5394 notationibus
2589 5339 2885 5395 illustrata.

2104 5479 2173 5491 νη..

1689 5570 2069 5648 ,Βιαιῖιιι
2113 5572 2512 5629 macrum.

568 5699 624 5782 Si
655 5718 686 5758 e
709 5705 1226 5785 clarissanctorum
1256 5710 1482 5785 Patrum
1505 5711 1648 5785 Vitis
1677 5727 1755 5768 ea:
1782 5714 2018 5785 primum
2048 5722 2314 5784 punctum
2348 5715 2551 5778 ferunt,
2582 5731 2705 5785 quat
2730 5732 2841 5771 una
2870 5730 2996 5770 cum
3031 5694 3387 5785 antiquitatis
3416 5713 3754 5785 auctoritate.

496 5778 735 5857 ιιιεξὶρεεε
775 5778 828 5831 in
850 5778 1081 5857 _lit_teris,
1119 5782 1173 5836 in
1214 5781 1519 5857 laboribus,
1559 5784 1613 5857 in
1650 5778 2210 5857 peregrinationibus,
2242 5788 2298 5841 in
2330 5788 2504 5856 signis
2533 5778 2771 5857 denique
2801 5803 2866 5841 ac
2890 5778 3230 5842 salutaribus
3261 5785 3549 5857 prodigiis,
3593 5783 3755 5839 admio

496 5845 805 5902 ralilitates
849 5849 1084 5915 habent;
1131 5853 1339 5909 nemini
1383 5845 1517 5908 sane
1558 5854 1612 5907 in
1642 5845 1810 5910 dubio
1845 5845 2207 5926 relinquitur,
2232 5873 2345 5929 quo
2380 5845 2523 5923 loco,
2556 5845 2733 5927 quove
2774 5872 3008 5914 numero
3038 5873 3101 5913 ea
3141 5845 3358 5912 censeri
3401 5845 3623 5923 d'Z'be'at,
3649 5867 3760 5925 qua
