3874 6616
71 391 74 393 ‘
147 377 279 438 725
1193 379 1373 448 VITA,
1414 381 1622 439 AUCT.
1664 381 1724 438 P.
1761 381 2070 438 “ALLle
2107 381 2256 439 80C.
2293 383 2478 442 JESU.
3334 389 3441 444 726

149 495 380 550 omnis
406 503 550 568 retro
587 493 888 568 antiquitas
928 494 1121 558 coluit,
1153 511 1309 568 quos;
1333 505 1392 568 tu
1427 496 1546 568 ipse
1573 497 1752 551 adhuc
1790 505 1900 550 tam
1933 507 2121 554 sancte
2151 507 2443 554 veneratus
2470 513 2551 561 es,
2581 506 2636 554 et
2664 500 3001 556 venerandos
3031 515 3154 556 esse
3177 501 3436 568 docuisti,

147 573 406 639 mutata
429 565 700 639 desubito
732 567 1029 639 voluntate,
1071 565 1219 639 nunc
1263 565 1489 639 abiicis?
1520 575 1574 639 tu
1622 568 1767 629 illos,
1800 567 1945 622 velut
1988 569 2196 624 Circaeo
2243 568 2483 639 quodam
2531 570 2728 639 poculo
2759 571 2812 624 in
2847 571 3014 625 alium
3043 587 3258 635 versus,
3291 565 3437 628 nunc

143 635 580 710 despiciendus
625 645 679 690 et
715 635 1062 710 despuendos
1094 637 1290 710 doces?
1318 637 1502 710 Ecqua
1531 638 1599 710 de
1627 653 1793 710 causa
1822 639 1991 692 vero?
2020 655 2213 710 nempe
2243 635 2302 693 ut
2341 654 2508 692 unum
2531 635 2895 704 'scditiosum,
2925 651 2978 696 et
3007 642 3352 703 sceleratum,
3383 655 3438 699 et

145 706 444 774 impium,
484 721 652 781 quem
687 707 1103 781 suipopulares
1131 707 1220 781 ob
1247 706 1521 781 horrenda
1562 707 1766 781 flagitia
1800 716 1976 764 morte
2016 706 2751 781 _infai'nissimamactarunt.
2782 718 3040 781 tanquam
3077 711 3244 766 Deum
3283 714 3437 772 colas

143 785 211 848 et
251 775 589 848 venereris?
619 775 1177 848 Papiel'insmentem,
1209 779 1464 842 invisam,
1491 775 1793 833 inauditam
1825 779 2153 834 amentiam!
2187 779 2340 833 Talia
2373 779 2450 833 illi
2485 787 2540 832 et
2572 784 2740 834 multa
2776 775 2912 838 alia."
2932 782 3144 848 Quibus
3175 799 3298 836 cum
3346 801 3432 839 sa-

145 847 627 924 pieiitissmejir
677 847 772 924 Dei
819 848 1422 924 novus‘responderet,
1454 856 1508 902 et
1545 849 1684 924 hinc
1707 850 1959 924 deorum
1977 852 2270 924 vanitatem
2311 865 2378 904 ex
2428 847 3101 924 antiquissimisﬂipsorum
3145 854 3433 924 gentilium

148 917 381 993 libris,
415 925 481 993 et_
513 917 638 993 inde
667 919 829 993 ur_iius_
858 919 971 993 veri
1003 918 1097 993 Dei
1129 917 1435 993 veritatem,
1479 919 1832 993 solidissimis
1860 920 2175 993 rationibus
2197 917 2674 980 commonstraret.
2717 917 2921 993 surdis,
2952 924 3094 993 quod
3125 917 3299 986 aiunt,
3335 940 3436 979 auo

147 981 671 1060 ribusaccinebat.
706 988 769 1042 Et
797 988 864 1044 de
891 988 1114 1042 Christo
1143 989 1382 1058 quidem,
1413 1005 1537 1043 cum
1569 1005 1632 1044 ex
1664 989 1814 1046 Pauli
1848 990 2098 1045 doctrina
2128 991 2249 1060 ejus
2279 1005 2547 1044 summam
2574 981 2941 1046 innocentiam
2970 981 3034 1048 ἐει
3070 981 3430 1049 voluntariam

149 1073 273 1128 pro
332 1058 663 1130 hominibus
688 1067 940 1120 mortem,
971 1070 1026 1114 et
1060 1065 1184 1113 data
1221 1060 1275 1114 in
1312 1069 1486 1114 morte
1524 1060 1793 1130 prodigia,
1839 1058 2349 1130 replicando'etiam
2387 1060 2628 1115 nondum
2683 1062 3037 1117 inveteratam
3069 1063 3265 1118 defecti
3299 1067 3432 1120 solis

151 1129 534 1202 memoriam,
567 1129 702 1202 satis
729 1129 875 1202 clare
918 1130 1262 1202 ostenderet;
1304 1138 1488 1185 tamen
1528 1129 1637 1202 ipsi
1667 1129 1720 1185 et
1751 1129 1918 1202 428
1959 1132 2048 1185 illa
2091 1139 2294 1187 temere
2337 1130 2723 1186 inficiabantur
2752 1138 2806 1186 ct
2845 1133 2994 1202 hanc
3025 1135 3287 1188 aliorsum
3320 1143 3434 1189 tra-

147 1197 422 1272 hebant.
451 1199 618 1272 Quasi
652 1200 911 1272 nimirum
943 1211 996 1254 et
1025 1201 1150 1272 talis
1180 1201 1490 1254 innocentia
1523 1197 1570 1256 si
1614 1197 2140 1271 fuisse'tiiiunquam
2191 1201 2386 1257 fuisset
2429 1203 2649 1271 publico
2684 1200 2894 1270 judicio
2937 1203 3336 1272 condemnata;
3378 1213 3432 1261 et

153 1268 262 1343 ilia
312 1271 461 1326 solis
485 1269 754 1343 Adiefectio_
772 1272 819 1325 si
861 1279 1034 1343 totum
1065 1271 1252 1343 orbem
1303 1273 1691 1343 inunibrasset,
1725 1286 1837 1343 nou
1869 1280 1976 1324 tam
1997 1268 2079 1326 'ea
2114 1272 2182 1327 de
2209 1287 2399 1335 causa,
2429 1268 2595 1341 quam
2625 1268 2860 1327 occultis
2903 1273 3228 1343 quibusdam
3264 1268 3432 1329 ratio-

151 1339 349 1413 nibus
383 1340 700 1413 accidisset.
722 1340 962 1397 Plurima
998 1341 1141 1413 enim
1174 1341 1399 1396 deorum
1433 1340 1556 1396 falis
1579 1343 1642 1413 in
1674 1341 1879 1396 mundo
1898 1344 2144 1413 evenire,
2177 1357 2409 1412 quorum
2451 1339 2737 1412 explorare
2766 1339 2963 1398 causas
2992 1345 3150 1407 velle,
3185 1347 3432 1413 quando-

147 1411 408 1478 quidem
447 1412 550 1480 ipsi
580 1411 654 1464 dii
690 1412 904 1484 ignotas
933 1411 1123 1484 velint,
1151 1420 1408 1466 extremae
1448 1413 1522 1484 sit
1559 1412 1862 1484 dementiae.
1895 1409 2132 1484 Proinde
2168 1409 2328 1468 orare
2367 1428 2425 1484 se
2456 1409 2607 1467 illum
2639 1422 2819 1484 atque?
2849 1415 3135 1478 obtestari,
3179 1409 3238 1467 iit
3266 1417 3429 1470 etiam

153 1489 373 1556 atque
401 1483 566 1556 etiam
610 1482 800 1556 secum
865 1483 1066 1552 cogitet
1115 1482 1632 1556 atque__consi_deret
1673 1481 1806 1556 quid
1846 1483 1983 1552 agit;
2027 1491 2197 1556 totam
2247 1484 2336 1537 hic
2370 1483 2491 1552 ejus
2525 1481 2986 1556 existimationem
3033 1492 3196 1556 atque
3222 1483 3427 1556 famam

234 1552 485 1626 rieiitari
514 1572 526 1606 :
566 1568 671 1626 nec
703 1553 804 1622 ipsi
825 1560 1052 1626 _tantum
1080 1567 1200 1626 eam
1232 1553 1513 1626 religionis
1558 1554 1937 1617 mutationem,
1978 1555 2073 1609 sed
2111 1555 2382 1626 universa:
2422 1570 2641 1626 quoque
2673 1554 3058 1626 Dionysiorum
3090 1552 3233 1626 genti
3267 1564 3431 1624 atque

175 1622 410 1677 'amiliae
436 1622 612 1694 fraudi
646 1621 780 1679 fore.
814 1623 981 1690 Quasi
1023 1621 1377 1694 misereretur
1407 1624 1515 1688 sui,
1549 1638 1912 1694 suorumque,
1937 1639 2071 1679 neve
2095 1639 2193 1693 per
2231 1621 2652 1694 imprudentiam
2690 1621 2868 1687 suam,
2909 1634 3004 1678 aut
3045 1621 3426 1686 temeritate—in,

155 1699 264 1766 _ant
300 1693 624 1766 stultitiam,
670 1701 764 1766 aut
794 1695 958 1766 etiam
1003 1693 1334 1762 impietatem
1371 1696 1761 1766 committeret,
1785 1692 1845 1746 ut
1883 1692 2206 1766 domus’sua
2253 1692 2414 1748 modo
2441 1704 2562 1766 tam
2599 1694 2819 1759 ﬂorens,
2854 1703 2963 1748 tam
3006 1695 3284 1766 opulenta,
3320 1705 3429 1766 tam

151 1761 394 1818 honore
420 1773 475 1818 et
500 1765 671 1834 gloria
702 1761 1188 1834 circuuilluens’,et
1218 1779 1432 1834 semper
1460 1763 1721 1834 hactenus
1751 1764 1806 1816 in
1838 1765 2084 1818 omnium
2116 1780 2211 1820 ore
2234 1771 2288 1819 et
2330 1764 2489 1820 laude
2514 1774 2750 1828 versata,
2785 1780 2931 1820 nunc
2962 1761 3126 1820 unius
3163 1765 3430 1834 supersti-

151 1834 350 1888 tionis
381 1833 526 1904 (quaé
555 1835 758 1904 passim
793 1833 1136 1904 exsibiletur)
1179 1833 1374 1904 gratia.
1403 1833 1528 1888 istis
1557 1834 1812 1889 omnibus
1841 1834 2065 1897 nudata,
2096 1835 2152 1888 in
2192 1835 2445 1904 squalore
2489 1845 2542 1889 et
2583 1836 2862 1902 sordibus,
2907 1836 3131 1889 humilis
3160 1844 3214 1888 et
3236 1833 3432 1889 defor-

151 1913 317 1958 mata
368 1905 576 1977 jaceat,
604 1904 1119 1977 nili'rlquerpristini
1167 1904 1386 1977 decoris
1415 1905 1924 1977 atquehornaiuenti
1965 1906 2229 1977 retineat;
2269 1905 2366 1960 sed
2413 1905 2651 1977 infamia:
2695 1915 2859 1975 atque
2905 1906 3238 1977 ignominiaa
3270 1904 3430 1973 cujus

151 1981 276 2028 tam
320 1975 525 2030 vixerit
566 1973 828 2030 hactenus
868 1973 1129 2045 insolens,
1158 1975 1250 2028 iiat
1277 1973 1532 2030 obnoxia.
1577 1973 1687 2030 Nec
1723 1974 2018 2045 defuerunt
2057 1974 2310 2038 fortasse,
2339 1975 2433 2045 qui
2462 1977 2712 2030 exsilium
2741 1973 2795 2031 et
2827 1973 3119 2039 tormenta,
3157 1986 3249 2030 aut
3282 1991 3432 2030 mor-

151 2051 300 2115 tem,
335 2057 397 2099 et
441 2045 690 2100 Socratis
720 2046 945 2101 exitium
984 2044 1033 2099 ei
1068 2044 1476 2100 denuntiarent.
1517 2045 1574 2099 Si
1608 2045 1751 2099 enim
1787 2043 2024 2111 Socrati,
2067 2053 2180 2100 tam
2222 2043 2567 2115 philoSOpho,
2602 2046 2770 2101 Deum
2805 2061 2972 2100 unum
3001 2056 3055 2101 et
3083 2061 3304 2109 novum,
3334 2045 3430 2100 sed

149 2113 326 2168 illum
373 2123 556 2171 tamen
588 2131 885 2186 summum,
910 2115 1064 2186 etab
1094 2116 1248 2171 hisce
1277 2116 1520 2171 miseriis
1556 2116 2004 2186 remotissimum,
2037 2113 2316 2171 inducenti
2348 2113 2453 2170 nex
2483 2117 2645 2170 allata
2672 2118 2774 2183 sit;
2807 2117 2936 2186 quid
2963 2116 3030 2172 de
3057 2131 3122 2170 eo
3160 2118 3427 2178 futurum,

148 2185 253 2254 qui
285 2201 469 2239 unum
504 2184 1023 2257 furciferum__(nulla
1063 2187 1208 2257 enim
1247 2195 1366 2240 erat
1400 2187 1541 2256 apud
1576 2185 1831 2257 elferatus
1863 2188 2055 2257 talium
2094 2189 2386 2257 verborum
2419 2184 2852 2257 parcimonia)e1
2883 2187 3024 2242 inter
3057 2187 3298 2242 latrones
3331 2202 3431 2256 pa-

151 2256 472 2328 tibulatum
515 2256 799 2328 (58),iesse
829 2254 1276 2328 Deumiedoceat,
1308 2267 1368 2328 et
1397 2254 1496 2328 pro
1529 2272 1728 2328 magno
1758 2254 1992 2312 Numine
2021 2254 2566 2328 venditetiDeniquc
2597 2254 2775 2311 simile
2813 2273 3041 2327 prorsus
3086 2254 3430 2328 somnioivi-

149 2325 302 2398 deri,
345 2337 460 2380 tam
490 2325 766 2396 stupidum
796 2342 918 2398 esse
939 2325 1184 2398 aliquem
1215 2335 1278 2398 et
1306 2325 1559 2391 bardum,
1586 2325 1683 2398 qui
1708 2326 1831 2398 haec
1854 2334 1964 2398 tam
2006 2326 2348 2398 incredibilia
2388 2328 2470 2398 vel
2509 2325 2838 2398 suspicetur,
2872 2343 2981 2381 non
3015 2329 3175 2382 modo
3203 2327 3426 2392 credat;

149 2397 296 2469 quid
335 2397 518 2451 virum
558 2395 817 2469 doctum?
857 2395 987 2469 quid
1013 2395 1432 2469 Areopagiiani?
1457 2395 1798 2469 quid'primi
1829 2397 1989 2469 illius
2013 2398 2226 2469 consilii
2256 2397 2596 2469 principem?
2613 2395 2842 2469 ‘ltafcre
2881 2398 2992 2453 isti.
3019 2397 3231 2469 Quibus
3263 2413 3428 2466 quam

153 2465 456 2538 sapienter
488 2477 543 2522 et
581 2482 745 2538 quam
789 2465 1002 2522 fortiter
1038 2465 1214 2538 novus
1239 2465 1715 2538 'Christi'athleta
1757 2466 2132 2538 responderit,
2177 2465 2321 2521 haud
2370 2465 2534 2537 paulo
2581 2468 2794 2522 facilius
2834 2477 2918 2522 est
2963 2468 3227 2538 cogitatu,
3261 2465 3427 2538 quam

152 2537 314 2592 dietu
349 2555 367 2594 :
409 2537 622 2594 summa
665 2545 845 2591 tamen
881 2539 1131 2608 responsi
1179 2537 1293 2592 haec
1341 2537 1482 2592 fuit:
1517 2537 1687 2593 Valde
1733 2538 1942 2594 scilicet
1988 2538 2043 2591 in
2082 2537 2288 2592 Christi
2341 2553 2576 2606 persona
2621 2538 2690 2592 ab
2728 2538 2935 2608 ignaris
2971 2537 3284 2593 hominibus
3332 2546 3428 2590 aut

153 2608 336 2680 nimis
377 2609 621 2680 credulis
651 2608 918 2663 aberrari.
955 2607 1092 2680 Nam
1124 2608 1303 2680 qualis
1339 2608 1506 2662 fuerit
1534 2611 1812 2680 magister,
1842 2623 1951 2680 non
1983 2607 2204 2680 aliunde
2222 2610 2436 2680 certius
2465 2623 2627 2679 quam
2656 2607 3037 2680 ex_discipulis
3069 2624 3229 2680 posse
3260 2608 3424 2680 disci.

154 2678 420 2744 Quorum
453 2679 851 2749 discipulorum
884 2693 949 2734 ea
995 2679 1066 2734 sit
1098 2677 1229 2741 vita,
1272 2678 1308 2731 ii
1341 2693 1543 2743 mores,
1575 2677 1645 2733 ut'
1679 2680 1815 2735 nihil
1845 2679 2126 2741 vitiosum,
2157 2679 2292 2732 nihil
2338 2677 2524 2742 fallax,
2555 2679 2690 2733 nihil
2723 2677 2960 2732 fucatum
2994 2677 3425 2749 deprehendiin

154 2749 228 2804 iis
279 2750 498 2818 possit;
545 2747 800 2820 doctrina
846 2763 978 2804 vero
1014 2757 1128 2820 tam
1175 2756 1338 2820 rectas
1378 2750 1577 2803 rationi
1604 2758 1674 2820 et
1704 2764 1846 2806 verae
1887 2749 2246 2820 philosophiae
2289 2758 2682 2816 consentanea,
2725 2755 2791 2820 ut
2832 2749 2979 2820 nihil
3027 2747 3221 2819 magis.
3256 2747 3428 2816 Cujus

155 2820 392 2891 scilicet
428 2821 653 2876 minime
680 2818 901 2873 dubiam
933 2819 1216 2891 veritatem
1249 2819 1441 2891 ingens
1481 2819 1854 2890 prodigiorum
1889 2818 2012 2874 eam
2042 2819 2265 2891 obirem
2303 2827 2640 2891 patratorum
2675 2819 2831 2891 copia
2865 2818 3143 2891 evidenter
3173 2835 3427 2891 comprof

157 2889 311 2962 barit
358 2890 476 2962 (59)
504 2910 515 2945 :
549 2899 605 2945 et
649 2905 839 2962 eorum
874 2889 1096 2961 quidem
1129 2888 1522 2962 prodigiorum,
1553 2888 1754 2959 quibus
1801 2905 1910 2944 non
1936 2905 2076 2944 vana
2123 2890 2406 2962 hominum
2442 2888 2592 2962 fama
2641 2888 2884 2962 gloriave
2935 2889 3163 2944 collecta
3192 2888 3426 2962 _sit,’_scd

158 2959 552 3022 infirmorum,
595 2969 651 3016 et
682 2959 974 3023 debilium,
1015 2966 1070 3014 et
1117 2959 1460 3024 inancOrum,
1493 2961 1604 3015 imo
1648 2971 1702 3016 et
1745 2968 2112 3022 mortuorum,
2147 2960 2376 3022 sanitas,
2404 2960 2535 3025 vita,
2582 2959 2733 3015 salus
2768 2967 3081 3029 procurata.
3125 2960 3207 3014 Ad
3247 2960 3426 3016 minas

160 3039 353 3084 autem
385 3032 472 3086 vel
512 3030 701 3085 auxilii
737 3031 820 3085 vel
854 3030 1047 3085 mortis
1075 3031 1220 3110 quod
1266 3031 1515 3095 attineat,
1545 3048 1605 3086 se
1635 3032 1721 3087 vel
1767 3031 1993 3086 Socrate
2026 3033 2146 3100 ipso
2196 3029 2458 3086 libentius
2506 3031 2923 3154 prompltiusque
2958 3031 3182 3101 (quippe
3219 3039 3272 3086 et
3325 3046 3426 3100 pro

160 3101 383 3154 meliori
427 3102 620 3154 causai
670 3102 1020 3154 moriturum.
1065 3099 1246 3154 Vitam
1272 3102 1419 3154 enim
1449 3116 1592 3154 esse.
1624 3117 1731 3154 non
1774 3109 2026 3154 mortem.
2067 3116 2165 3154 oro
2192 3100 2414 3154 Christo
2461 3101 2620 3154 mori.
2722 3117 2826 3154 anc
2861 3110 3109 3154 mortem.
3143 3101 3224 3154 vel
3258 3101 3422 3154 vitam

159 3101 383 3155 meliori
427 3102 620 3172 causa)
670 3102 1020 3172 moriturum.
1048 3099 1246 3172 rV'itam
1272 3102 1419 3156 enim
1449 3116 1592 3172 esse,
1624 3117 1731 3156 non
1774 3109 2026 3164 mortem,
2051 3099 2165 3169 pro
2192 3100 2414 3172 Christo
2441 3099 2620 3172 _mori.
2673 3099 3224 3172 Hanc’mortem,_vel
3258 3099 3422 3172 vitam

158 3173 375 3243 potius,
409 3169 667 3244 certatim
698 3186 727 3224 a
760 3171 1090 3244 Christianis
1131 3172 1271 3241 peti,
1315 3182 1366 3226 et
1399 3171 1612 3226 avidius
1642 3188 1807 3244 quam
1857 3174 2173 3244 thesaurum
2205 3171 2396 3242 quaeri.
2438 3169 2550 3226 Nec
2581 3187 2726 3244 vero
2741 3171 3036 3240 Epicureos
3069 3180 3176 3224 tam
3213 3171 3426 3244 inhiare

161 3240 335 3314 atque
366 3243 659 3296 adhinnire
682 3240 1292 3314 Av_olupta_tibus,quam
1323 3257 1578 3314 verosac
1608 3240 1897 3314 germanos
1925 3241 2130 3314 Christi
2176 3240 2476 3314 sectatores
2503 3257 2599 3314 eos
2641 3240 3082 3314 refugereatque
3117 3242 3422 3314 aspernari.

161 3310 300 3366 Nam
357 3328 472 3382 pra:
509 3310 1232 3384 cunctis:et_voluptatibus
1261 3318 1315 3367 et
1349 3312 1563 3368 deliciis
1611 3310 2014 3384 inaximoiipsis
2052 3312 2109 3366 in
2152 3313 2327 3384 pretio
2363 3327 2485 3384 esse
2531 3310 2785 3384 labores;
2813 3310 3064 3384 sudores.
3099 3310 3331 3381 vigilias,
3371 3320 3425 3367 et

162 3381 512 3454 quaecunque
538 3385 699 3454 vulgo
736 3381 1019 3436 hominum
1052 3381 1274 3454 duraret
1317 3398 1510 3452 aspera
1539 3391 1594 3438 et
1625 3381 1990 3439 intolerabilia
2021 3381 2362 3454 repuiaiitur.
2401 3381 2555 3449 Quod
2599 3382 2844 3452 profecto
2873 3383 3002 3454 dum
3047 3383 3276 3454 faciunt,
3302 3397 3422 3454 non

163 3454 378 3508 vitiatae
408 3452 770 3524 infractiiaque
800 3461 1035 3524 naturae,
1065 3460 1120 3506 et
1148 3453 1214 3507 ad
1249 3454 1434 3508 mollia
1481 3469 1698 3524 semper
1728 3453 2047 3524 inclinantis
2084 3453 2372 3524 instinctu,
2401 3454 2498 3508 sed
2534 3455 2748 3507 eximia:
2790 3452 3075 3524 cujusdam
3121 3453 3343 3524 virtutis
3370 3462 3426 3506 et

160 3524 384 3594 altioris
429 3522 720 3594 potestatis
758 3523 1116 3588 adminiculo,
1162 3523 1216 3578 id
1249 3540 1308 3594 se
1347 3522 1616 3594 praestare
1653 3523 1942 3579 manifeste
1973 3524 2231 3594 produnt.
2274 3522 2371 3578 llis
2403 3525 2565 3592 igitur
2593 3524 2878 3579 et.talilms
2910 3522 3094 3587 dictis,
3135 3523 3316 3591 qualia
3357 3539 3422 3594 ex

161 3591 320 3648 Pauli
364 3591 464 3650 ore
511 3595 808 3650 identidem
839 3609 1016 3665 novus
1046 3601 1170 3665 tyro
1204 3591 1464 3649 audiebat
1495 3599 1645 3663 (nam
1677 3595 1742 3648 ad
1779 3591 2024 3649 divinum
2059 3595 2180 3663 ejus
2223 3591 2475 3664 spiritum
2515 3594 2754 3648 animam
2784 3609 2939 3648 suam
2971 3591 3422 3665 agglutinaverﬁat)

163 3681 274 3719 non
309 3665 478 3720 modo
510 3667 580 3719 ab
617 3664 945 3735 importunis
990 3664 1180 3719 eorum
1224 3665 1671 3735 aggressionibus
1715 3665 1856 3720 belle
1895 3682 1956 3720 se
1981 3665 2322 3735 expediebat,
2351 3665 2447 3720 sed
2475 3665 2638 3719 etiam
2687 3666 3114 3735 nonnullusqua
3143 3669 3197 3716 vi
3249 3664 3421 3735 ratio-

165 3750 321 3802 num,
352 3750 464 3806 qua
511 3733 879 3806 auctoritatis
906 3735 1145 3805 pondere
1185 3737 1240 3788 in
1268 3733 1415 3790 suas
1460 3743 1664 3805 partes,
1713 3752 1823 3790 non
1871 3733 2138 3791 secus’ac
2181 3734 2385 3789 ferrum
2432 3749 2684 3806 magnes,
2728 3733 3120 3806 pertrahebat:
3155 3733 3432 3806 quosdam

165 3821 316 3877 vero,
353 3803 498 3877 quos
538 3807 790 3861 evincere
835 3803 1140 3877 obstinatos
1183 3807 1410 3860 omnino
1458 3803 1567 3859 non
1613 3813 1860 3876 poterat,
1902 3807 2093 3860 saltem
2136 3803 2726 3877 labefactatiseoruiu
2752 3805 3017 3860 arietibus
3052 3820 3115 3857 ac
3153 3803 3424 3858 machinis

165 3876 240 3948 ita
275 3871 711 3948 quatefaciebat,
753 3883 812 3930 ut
853 3878 970 3948 suis
1009 3876 1318 3948 inciperent
1361 3871 1763 3932 munitionibus
1803 3887 1987 3948 atque
2013 3871 2304 3948 momentis
2348 3874 2628 3948 diuidere:
2658 3874 2798 3928 alios
2845 3877 3082 3948 denique
3114 3890 3227 3948 sua
3277 3889 3420 3945 prae-

166 3944 408 4018 fraciius
453 3947 898 4016 obstinatiusque
930 3944 1310 4018 defendentes,
1343 3962 1507 4017 quam
1547 3949 1727 4001 aliena
1767 3944 2427 4018 patientiusifaciliusque
2470 3945 2812 4018 sufferentes,
2860 3946 2935 3998 ita
2973 3944 3328 4018 absoivebat’,
3361 3951 3429 4018 ut

168 4017 559 4088 intelligerent,
597 4018 705 4072 nisi
749 4015 879 4072 suas
913 4017 1328 4088 accommodare
1356 4015 1534 4088 faures
1584 4015 1927 4088 sapientibus
1960 4017 2124 4072 dictis
2165 4017 2412 4077 mallent,
2441 4031 2606 4085 quam
2645 4015 2879 4078 alienas,
2923 4015 3158 4088 arreptis
3185 4029 3234 4088 _e_
3259 4015 3422 4088 trivio

166 4082 498 4153 maledictis,
531 4088 856 4150 obtundere,
893 4087 1030 4140 nihil
1065 4102 1186 4142 esse
1215 4103 1314 4141 cur
1336 4087 1557 4142 domum
1587 4082 1743 4141 suam
1773 4086 2136 4151 venditarent,
2164 4095 2259 4140 aut
2284 4082 2637 4155 congressum
2661 4092 2905 4152 peterent
2931 4103 2943 4138 :
2975 4082 3236 4154 quidquid
3273 4083 3421 4138 enim

170 4167 417 4226 agerent,
444 4165 666 4213 acturos
695 4157 922 4220 frustra,
955 4156 1158 4212 frustra
1187 4157 1551 4212 lahoraturos.
1582 4159 1718 4213 Cum
1749 4165 1930 4212 autem
1959 4165 2145 4212 essent
2172 4171 2286 4210 non
2314 4156 2494 4226 pauci,
2521 4156 2614 4226 qui
2643 4161 2778 4218 toto,
2817 4155 2962 4224 quod
2991 4156 3167 4216 aiunt,
3201 4161 3422 4226 pectore

170 4225 436 4284 adversus
470 4243 594 4283 eum
621 4229 1023 4291 obniterentur,
1068 4229 1251 4282 nullus
1281 4235 1462 4281 tamen
1507 4230 1610 4282 fuit
1639 4244 1702 4282 ex
1746 4228 2022 4290 omnibus,
2053 4228 2146 4296 qui
2176 4227 2300 4296 plus
2316 4225 2668 4281 ilacessiverit
2710 4226 2934 4294 negotii.
2965 4225 3248 4296 quamqui
3283 4225 3420 4278 alias

168 4311 312 4354 unus
335 4309 455 4354 erat
488 4315 556 4354 ex
585 4299 844 4354 omnibus
877 4300 1033 4368 longe
1070 4298 1431 4352 charissimus
1463 4306 1516 4352 et
1545 4298 2027 4360 familiarissimus,
2054 4295 2249 4368 nempe
2277 4312 2305 4351 a
2337 4297 2510 4368 prima
2535 4304 2694 4368 aetate
2721 4297 2948 4368 sodalis,
2975 4295 3030 4351 et
3058 4295 3420 4368 in_.juventute

173 4370 670 4439 peregrinationum
703 4370 906 4430 socius.
933 4365 990 4423 ei
1017 4385 1126 4422 uno
1155 4370 1341 4431 verbo,
1369 4371 1507 4440 alter
1533 4371 1668 4440 ipse,
1697 4369 2101 4440 Apollophanes
2127 4387 2139 4421 :
2176 4365 2317 4440 idem
2330 4365 2578 4440 _iinquam
2611 4367 2720 4440 ille,
2750 4367 2844 4435 qui
2875 4375 2944 4440 ut
2974 4365 3217 4440 litoribus
3254 4365 3416 4420 simul

171 4434 223 4490 et
254 4434 456 4516 studiis
499 4441 699 4516 artium
747 4440 1255 4516 conjunctissimus,
1281 4449 1333 4492 et
1366 4440 1418 4492 in
1449 4434 1688 4516 Aig'ypto
1731 4434 2162 4516 contu'l_ieriialis,
2209 4434 2620 4516 celeberrimam
2647 4434 2980 4516 _illamsolis
3019 4434 3416 4516 defectionem,

171 4523 291 4580 cum
335 4508 602 4580 Heliopoli
645 4524 754 4563 una
798 4507 1004 4573 essent,
1051 4509 1212 4564 simul
1259 4507 1775 4571 notaveraifsimul
1804 4511 2207 4580 exploraverat,
2256 4509 2351 4562 sed
2390 4525 2498 4580 non
2545 4507 2772 4580 perinde
2821 4508 2875 4560 in
2921 4522 3018 4561 cor
3063 4507 3416 4580 animumque

175 4575 581 4651 demiseratfls
616 4580 782 4651 igitur
826 4581 1036 4635 nullum
1068 4597 1176 4634 non
1208 4581 1377 4651 movit
1410 4581 1667 4650 lapidem,
1695 4597 1806 4650 quo
1838 4575 2100 4651 intimum
2132 4594 2292 4634 suum
2341 4575 2576 4651 amicum
2607 4577 2674 4630 de
2704 4587 2956 4651 suscepta
2989 4591 3127 4651 nova
3157 4575 3418 4651 religione

174 4647 513 4726 detiirharet.
545 4645 661 4726 Hic'
675 4658 855 4726 autem
883 4653 1218 4726 e'contrario
1243 4650 1361 4726 dies
1388 4645 1687 4726 noctesque
1708 4645 1783 4726 ile
1815 4650 1908 4705 illo
1939 4649 1996 4704 in
2031 4663 2188 4726 suam
2215 4650 2540 4726 sententiam
2558 4645 2893 4726 _attrahendo
2925 4647 3417 4726 cogitare._Adibat

172 4722 506 4791 etaudiebat
546 4721 683 4775 alter
709 4723 942 4775 alterum
981 4737 1047 4776 eo
1087 4721 1348 4776 libentius
1388 4735 1452 4775 ac
1495 4717 1812 4791 patientius,
1849 4737 1958 4790 quo
1985 4720 2218 4791 utrique
2241 4719 2452 4791 avidior
2482 4719 2700 4772 animus
2725 4726 2844 4791 erat
2886 4725 2939 4772 et
2971 4717 3104 4772 socii
3131 4717 3412 4791 evincendi

178 4790 386 4861 sibique
430 4790 786 4862 adiungendi,
824 4800 878 4846 et
924 4793 1123 4847 veteris
1155 4791 1409 4846 amicitia:
1455 4788 1770 4848 rétinendm.
1816 4788 1922 4848 seu
1969 4807 2094 4846 cum
2131 4789 2298 4862 429
2335 4798 2556 4862 mutuae
2588 4790 2935 4862 accessiones
2980 4803 3196 4857 semper
3245 4788 3413 4856 plena:

175 4858 374 4918 amoris
403 4858 628 4934 essent;
644 4871 824 4934 tamen
850 4863 1104 4917 iiimroris
1147 4861 1434 4932 luctusque
1473 4873 1631 4917 erant
1659 4879 1821 4934 quam
1869 4858 2303 4934 confertissima.
2333 4858 2467 4915 Nam
2511 4860 2580 4913 ob
2621 4875 2747 4928 spes
2780 4861 3052 4934 utrimque
3096 4863 3409 4934 i'rustratas,

177 4945 282 4997 quo
325 4933 503 5002 major
543 4934 600 4988 in
646 4933 895 5004 ingressu
923 4947 1080 5004 amor
1116 4948 1174 5004 se
1209 4927 1568 5004 explicuerat,
1613 4927 1723 5004 hoc
1763 4934 1975 5004 tristior
2007 4934 2063 4987 in
2093 4933 2342 5002 digressu
2371 4940 2584 5004 amator
2610 4927 3186 5004 succedebat.’Levius
3229 4936 3412 5004 tamen

177 5007 228 5073 et
256 4997 570 5071 patientius,
613 4997 982 5073 quddcunque
1023 5003 1169 5058 istud
1219 4997 1338 5058 erat
1372 4997 1656 5066 molestias,
1704 5003 1912 5060 ferebat
1942 4997 2276 5072 Dionysius:
2310 5003 2510 5072 quippe
2535 4999 2704 5073 Pauli
2745 5010 2800 5073 et
2844 4999 3116 5054 Ilicrothei
3159 4997 3412 5073 consola-

180 5066 412 5128 tioiiibus
447 5066 812 5140 susten'tatus,
857 5066 967 5128 imo
1008 5079 1063 5128 et
1089 5074 1301 5129 cmlesti
1344 5074 1493 5128 intus
1533 5076 1727 5145 gratia,
1761 5075 2065 5145 praesertim
2083 5066 2129 5126 'a
2159 5066 2426 5145 suscepto
2447 5066 2797 5125 'initiationis
2843 5076 3207 5145 sacramento,
3250 5066 3410 5145 robo-

181 5148 368 5216 ratus:
402 5154 458 5198 at
487 5160 616 5200 vero
645 5137 1052 5216 Apoll'ophanes
1082 5146 1262 5215 (quem
1290 5153 1344 5199 et
1373 5146 1478 5199 ista
1516 5137 1842 5216 deﬁciebant
1876 5161 1906 5200 e
1940 5143 2081 5216 coelo
2109 5137 2396 5216 praesidia,
2425 5150 2481 5216 et_
2509 5156 2669 5211 quem
2708 5156 2825 5216 sua-
2853 5141 3076 5216 insuper
3110 5137 3410 5216 conturbat

181 5209 287 5275 bat,
306 5215 587 5288 _intusque
613 5207 887 5288 agi-tabat]
929 5214 1071 5268 sicut
1089 5207 1270 5284 prava
1297 5221 1350 5268 et
1377 5231 1656 5288 perversa,
1697 5207 2134 5288 siciperantiqua
2175 5220 2231 5288 et
2269 5211 2432 5288 nimis
2458 5207 2768 5288 inveterata
2795 5210 2862 5266 de
2905 5207 3011 5288 diis
3041 5209 3178 5288 suis
3199 5207 3408 5288 opinio)

181 5285 452 5341 continere
484 5279 544 5342 se
573 5279 846 5341 initiarduin
875 5279 996 5338 non
1032 5279 1266 5357 poicrat,
1305 5279 1438 5354 quin
1468 5303 1662 5357 graves
1705 5287 1759 5340 in
1790 5279 1902 5340 iras
1932 5279 2094 5355 atque
2130 5283 2362 5357 injurias
2382 5282 2766 5357 vehementius
2802 5279 3409 5357 exardesceret,_atque

182 5364 243 5404 eo
269 5370 668 5430 nonnunquam
712 5371 886 5430 usque
925 5347 1684 5430 progr~cderetur,_ut'multis
1725 5347 2074 5430 indignisque
2112 5347 2223 5407 tam
2265 5351 2568 5430 Christum,
2603 5367 2764 5430 quam
2812 5350 3064 5430 Paulum,
3096 5348 3242 5427 velut
3262 5347 3407 5430 tanti

183 5424 314 5498 liiali
335 5419 612 5490 auctores,
637 5419 985 5498 conviciis
1013 5419 1483 5498 exsecrationibus
1512 5436 1794 5494 oneraret;
1827 5419 1936 5498 iino
1966 5419 2278 5498 utrumque,
2309 5430 2381 5498 ut.
2407 5424 2554 5498 mille
2584 5419 2861 5498 crucibus,
2892 5419 3038 5498 mille
3067 5419 3406 5472 cruciatibus

184 5487 576 5567 dignissimum,
600 5487 754 5552 diris
791 5496 1047 5550 omnibus
1076 5496 1385 5550 devoveret.
1418 5497 1637 5567 Nempe,
1667 5499 1742 5552 uti
1780 5487 1975 5551 acerbe
2007 5487 2306 5567 ini'reiiieus
2335 5493 2514 5567 aiebat
2543 5492 2678 5546 nihil
2711 5505 2948 5567 unquam
2979 5490 3154 5567 visum
3185 5499 3402 5567 tetrius,

187 5561 309 5639 nihil
338 5560 583 5622 auditum
616 5566 1028 5639 exsecrabilius,
1056 5581 1219 5639 quam
1261 5567 1333 5620 ob
1364 5560 1740 5639 nescio-quain
1782 5567 2047 5620 novitiam
2087 5566 2280 5639 legem,
2311 5579 2421 5639 neci
2453 5565 2648 5639 legem,
2677 5572 2730 5617 et
2758 5565 2828 5616 ob
2855 5561 3016 5614 unius
3063 5560 3315 5639 vilissimi
3354 5568 3408 5638 et

187 5628 622 5694 facinorosissimi
651 5637 824 5693 Judaei
849 5637 992 5708 (qua:
1013 5628 1234 5708 effrenis
1259 5646 1378 5690 erat
1407 5628 1669 5708 ipsius-et
1706 5639 2010 5708 multorum
2031 5628 2429 5708 maledicentia)
2455 5628 2845 5708 simulatamct
2879 5629 3407 5708 arrogatauudivini:

187 5707 336 5759 tatem
370 5709 461 5767 (ob
486 5724 651 5782 quam
688 5700 871 5763 tamen
888 5700 1512 5782 dignissimapmna'in
1545 5709 1782 5782 sublimi
1806 5705 2176 5782 pependisset)
2217 5703 2349 5782 deos
2378 5700 2614 5782 optimos
2645 5701 2934 5782 maiiimos,
2965 5708 3127 5770 atque
3153 5700 3225 5781 ab
3259 5700 3410 5779 omni

190 5782 442 5834 vetustate
481 5776 680 5844 cultos,
730 5776 1029 5844 contemni,
1077 5776 1426 5833 sanctissima
1466 5788 1522 5834 et
1571 5776 1962 5849 augustissima
2010 5778 2210 5846 templa
2240 5776 2441 5849 deseri,
2477 5776 2894 5849 antiquissimas
2939 5776 3412 5849 ceremoniasmi-

192 5849 367 5920 Iusque
397 5849 616 5924 negligi,
645 5841 863 5906 omnem
899 5841 1135 5920 denique
1169 5863 1452 5905 sacrorum
1502 5841 1820 5925 religionem
1861 5864 1924 5905 ac
1962 5841 2219 5919 pietatem
2265 5847 2320 5901 in
2367 5859 2571 5901 sannas
2615 5841 2959 5911 ludibriaque
2989 5845 3252 5898 converti.
3285 5841 3416 5906 uiue
