3882 6542
493 381 596 438 7'75
1569 383 1625 437 S.
1671 383 1968 439 DlONYSll
2007 379 2469 438 AREOPAGIT/E
3616 376 3719 432 πε

487 500 623 553 tiam
666 491 1102 568 industriamque
1128 493 1386 568 exigeret,
1420 492 1708 568 confestim
1735 502 1794 568 ut
1820 493 2076 568 Arelaten
2107 497 2466 568 ventumest,
2495 487 2634 542 actis
2661 485 2900 556 primum
2929 483 3147 567 ductori
3178 500 3243 568 ac
3262 487 3586 568 sospitatori
3610 489 3721 546 Deo

489 582 659 638 super
679 578 944 638 prospera
972 559 1315 638 navigaiioue
1341 572 1407 630 et.
1426 564 1570 617 felici
1603 566 1835 638 appulsu
1877 563 2093 634 gratiis,
2134 578 2199 616 eo
2231 560 2757 638 cogitationes__suas
2792 570 2985 611 omnes
3018 559 3102 610 vir
3129 559 3600 638 sapientissimus
3626 576 3723 630 ap-

490 627 704 709 plicuit,
740 644 797 709 ut
817 627 905 709 'de
943 627 1123 688 totius'
1157 631 1345 688 Galliae
1393 627 1562 698 statu,
1606 627 2054 709 siriguioruiuque
2099 633 2424 709 populorum
2472 627 2740 708 moribus,
2764 642 2902 709 Iquag
2941 628 3195 708 praesenti
3221 627 3416 709 _fo_rent
3468 627 3721 709 iustitio

490 696 822 769 necessaria,
847 703 1004 772 plene
1031 715 1425 772 cognosceret;
1458 696 1572 757 tum
1601 696 1728 759 vero
1754 705 1822 758 de
1862 696 2216 772 dimittendis
2252 713 2693 772 quaquaversum
2725 696 2937 752 idoneis
2969 699 3174 772 operis,
3219 698 3404 772 habito
3437 713 3568 754 cum
3606 702 3720 772 suis

488 776 742 834 consilio,
773 767 1128 845 suaviter,uui
1158 773 1253 827 Dei
1293 773 1547 845 suaderet
1573 775 1768 845 gloria,
1803 774 2140 845 disponeret.
2173 767 2358 845 Neqtie
2384 767 2519 825 vero
2546 767 2769 845 adAhrec
2816 767 3123 845 przestanda
3169 768 3300 845 urbs
3329 771 3717 845 opportunior,

488 857 581 900 aut
605 845 757 898 locus
787 843 1146 926 commodior,
1172 860 1335 914 quam
1368 844 1460 898 ubi
1492 836 1638 926 nuiic
1664 855 1841 906 erant,
1875 836 2046 912 quaeri
2073 836 2318 922 optarive
2354 847 2584 964 tolerat.
2616 836 2824 908 Quippe
2854 836 2920 891 ad
2947 851 3110 920 quam
3141 838 3330 920 urbem
3360 836 3631 908 friequeus
3655 856 3717 895 ex

488 915 634 964 omni
677 913 850 964 Gallia
882 927 1185 964 concursus
1219 922 1356 964 erat.
1381 929 1491 964 non
1514 917 1740 964 :lllOi‘um
1767 913 1956 964 modo.
1986 912 2083 964 sed
2119 919 2282 964 etiam
2309 908 2348 963 C
2393 917 2745 964 ristianorum
2773 924 2788 964 :
2819 922 2850 960 a
2887 907 3088 964 quibus
3115 907 3254 963 dlSCl
3301 917 3542 964 poterat.
3574 911 3716 964 auod

476 915 634 990 omni
677 913 850 990 Gallia
882 907 1356 990 conrursus_'erat_,
1381 929 1491 990 non
1514 915 1740 990 aliorum
1767 907 1962 990 modo,
1986 912 2083 968 sed
2112 907 2788 990 etiameristianoruin;
2819 922 2850 960 a
2887 907 3088 990 quibus
3115 907 3254 990 disci
3300 907 3542 990 poterat,
3574 911 3716 990 quod

489 985 632 1040 scire
660 983 728 1038 ad
755 992 958 1042 rectam
990 983 1245 1039 Ecclesia:
1275 984 1801 1052 administrationem
1837 977 1966 1036 boni
2005 981 2242 1052 pastoris
2286 981 2601 1052 interesset:
2641 977 2739 1052 ilic
2766 992 2896 1047 ergo
2927 977 3262 1052 aliquandiu
3281 977 3540 1052 substitit
3635 981 3718 1036 hic

486 1055 830 1110 Christianos
856 1055 1158 1124 recollegit.
1187 1053 1278 1108 hic
1308 1054 1617 1124 recensuit;
1647 1055 1737 1107 hic
1756 1051 1918 1124 Pauli
1958 1048 2020 1107 et
2043 1051 2322 1121 Trophimi
2347 1049 2567 1124 [ructus
2591 1048 2842 1124 laborum
2850 1048 3178 1124 recognovit
3207 1064 3222 1100 :
3250 1048 3390 1124 liica
3423 1049 3716 1124 fratribus,

487 1126 790 1196 pmseriim
820 1138 850 1176 a
879 1115 1260 1196 sacerdotibus
1294 1132 1349 1178 et
1380 1115 1649 1188 diaconis,
1673 1123 1898 1196 quinam
1943 1115 2268 1192 superstites
2296 1118 2474 1196 adhuc
2507 1127 2688 1176 essent
2727 1118 2783 1172 in
2824 1115 3016 1196 Gallia
3039 1117 3304 1196 episcopi,
3343 1127 3400 1175 et
3442 1119 3556 1196 ubi
3591 1135 3721 1196 suas

487 1188 644 1250 sedes
687 1193 956 1255 fixissent,
1000 1209 1138 1262 quas
1170 1193 1475 1247 animarum
1504 1188 1713 1250 messes
1742 1188 2028 1255 fecissent,
2057 1207 2197 1262 quas
2233 1189 2580 1262 potissimum
2618 1197 2796 1262 terras
2834 1188 3052 1243 steriles
3079 1189 3717 1262 incultasquereliquis-

487 1275 630 1327 sent,
659 1264 968 1334 perdidicit.
1003 1258 1142 1318 Tum
1173 1279 1303 1318 vero
1334 1263 1524 1318 accitis
1548 1264 1603 1318 in
1629 1258 2258 1334 consilium_collegis_ei
2283 1261 2584 1334 sodalibus,
2617 1258 2909 1326 auditaque
2935 1273 3102 1334 super
3129 1258 3349 1334 quibus
3364 1258 3718 1334 deliberaba-

483 1347 575 1387 tur
609 1328 900 1396 sententia,
943 1333 1178 1404 denique
1218 1333 1363 1404 quod
1392 1335 1656 1402 optimum
1701 1333 1870 1396 factu,
1915 1328 2146 1404 Domino
2177 1330 2286 1404 Deo
2314 1328 2482 1404 (quod
2514 1338 2910 1404 semper_anie
2939 1329 3122 1404 omnia
3149 1328 3376 1404 solebat
3414 1329 3720 1404 observare

488 1403 722 1474 negotia)
753 1404 1027 1474 invocato.
1055 1397 1207 1474 suam
1236 1397 1552 1474 unicuique,
1579 1404 1634 1457 in
1664 1419 1772 1474 qu_a
1800 1402 2110 1474 desudaret,
2135 1397 2820 1474 provinciamdesignavit.
2848 1397 3147 1474 Saturnino
3174 1399 3524 1474 Aquitaniam
3549 1401 3714 1473 (1-9).

485 1468 748 1543 ιιιιὶὶεηόί
769 1472 1133 1535 Bellovacum,
1174 1468 1696 1535 Sanctino‘Meldas,‘
1725 1472 1930 1543 Regulo
1960 1468 2236 1543 Arelaten,
2265 1471 2529 1543 Eutropio
2561 1468 2853 1543 Santonus,
2897 1469 3020 1522 aliis
3042 1468 3390 1543 ‘uiiasurbes
3429 1468 3720 1543 tractusve

483 1544 542 1598 in
571 1544 690 1598 solo
721 1542 930 1596 Gallico
954 1544 1246 1597 commisit.
1288 1543 1356 1595 At
1387 1559 1514 1597 vero
1543 1539 1880 1605 Marcellum,
1917 1558 2077 1610 quem
2111 1552 2165 1596 et
2197 1539 2497 1612 Eugenium
2533 1539 2780 1612 nonnulli
2805 1547 3001 1612 vocant
3032 1539 3107 1609 (ὅ)
3139 1539 3302 1609 (idem
3351 1542 3500 1594 enim
3531 1557 3664 1596 esse
3688 1557 3717 1595 a

486 1614 673 1669 multis
698 1613 978 1683 creditur),
1000 1613 1256 1682 Hispanis
1287 1629 1316 1666 e
1347 1612 1542 1683 Gallia,
1579 1622 1638 1666 ut
1666 1613 1924 1683 credibile
1951 1619 2054 1676 est,
2090 1610 2300 1666 auxilia
2321 1610 2694 1683 poscentibus,
2727 1625 2851 1662 cum
2883 1610 3034 1683 prius
3062 1626 3186 1663 eum
3218 1619 3465 1665 creasset
3497 1615 3718 1682 episco-

486 1698 638 1752 pum,
684 1684 836 1737 misit
885 1679 946 1737 in'
985 1679 1325 1751 Hispaniam.
1368 1682 1487 1752 Ipse
1523 1691 1702 1737 autem
1746 1682 2040 1752 Dionysius
2080 1697 2270 1750 agrum
2319 1679 2724 1752 Parisiensem,
2751 1695 2860 1748 quo
2900 1679 3035 1752 nihil
3083 1688 3201 1734 erat
3243 1695 3306 1734 ea
3357 1679 3715 1752 tempestate.

484 1749 748 1822 quantum
782 1755 850 1808 ad
894 1753 1052 1807 fidem
1087 1749 1452 1822 pietatemque
1503 1761 1734 1823 spectat,
1766 1749 2032 1823 incultius
2069 1760 2231 1820 atque
2279 1751 2572 1823 agrestius,
2625 1750 2728 1804 sibi
2769 1749 3127 1823 excolendum
3153 1749 3493 1823 reservavit.
3551 1751 3716 1808 Decet

483 1819 734 1887 enim,.ut
757 1823 812 1877 in
841 1824 1031 1876 militia
1063 1819 1440 1894 imperatores,
1462 1819 1550 1878 sic
1563 1823 1729 1894 468
1753 1824 1807 1877 in
1835 1822 2072 1877 Ecclesia
2091 1819 2296 1890 primos
2318 1819 2614 1894 antistites,
2640 1835 2733 1894 eas
2751 1819 3033 1894 notissime
3062 1819 3166 1874 sibi
3193 1830 3376 1894 partes
3399 1836 3712 1886 assumere,

484 1908 605 1961 quae
634 1894 756 1963 plus
792 1895 1090 1963 laborisrac
1131 1891 1464 1948 dillicultatis
1497 1891 1948 1948 secutii’all‘erant
1971 1900 2079 1963 ;_ut
2113 1909 2180 1947 ne
2207 1900 2315 1963 tam
2361 1891 2592 1963 imperio
2617 1891 2887 1963 subditos
2925 1905 3076 1963 suos,
3109 1906 3218 1959 quo
3250 1891 3441 1963 velint,
3483 1894 3713 1961 pellere,

482 1959 651 2033 quam
673 1963 921 2034 exemplo
951 1962 1019 2034 ad
1044 1978 1236 2032 magna
1267 1971 1432 2033 atque
1469 1963 1639 2016 ardua
1670 1971 1793 2032 post
1816 1979 1876 2018 se
1903 1961 2118 2034 trahere
2149 1959 2456 2016 videantur.
2477 1959 2662 2034 _Niniis
2693 1965 2827 2034 dura
2858 1961 3002 2034 enim
3028 1961 3369 2034 _et_superba
3410 1959 3720 2034 censentur

482 2029 731 2102 imperia,
760 2029 883 2087 cuin
911 2033 1125 2087 labores
1140 2029 1202 2086 et
1231 2029 1473 2101 pericula
1501 2029 1936 2094 committuntur,
1969 2041 2024 2087 et
2050 2030 2250 2087 desunt
2277 2031 2545 2102 exempla.
2572 2029 2818 2102 Cavcbat
2847 2030 3078 2102 proinde
3106 2029 3398 2101 Dionysius
3429 2032 3712 2102 ineorum

481 2100 606 2158 esse
636 2119 885 2166 numero,
917 2104 1012 2172 qui
1039 2103 1175 2157 alios
1200 2100 1411 2156 duriter
1433 2111 1692 2167 tractant,
1727 2104 1828 2172 ipsi
1859 2103 2093 2157 molliter
2117 2104 2327 2157 vivunt.
2358 2100 2466 2156 Nec
2496 2101 2640 2172 enim
2673 2101 2774 2154 hoc
2803 2101 3026 2172 ai’aulo
3054 2100 3387 2172 praeceptore
3414 2101 3712 2167 didicerat,

483 2190 582 2243 nec
623 2175 677 2228 in
724 2175 836 2227 ttllo
878 2169 1249 2243 apostolorum
1285 2173 1517 2232 viderat,
1553 2188 1655 2226 nec
1700 2169 1816 2243 ipse
1862 2172 2126 2227 hactenus
2156 2173 2240 2227 vel
2281 2187 2376 2242 per
2421 2171 2694 2243 somnium
2734 2171 3025 2243 cogitarat.
3063 2169 3197 2224 Nam
3237 2169 3486 2242 ‘Vestigia
3527 2175 3718 2242 gloriae

486 2242 599 2315 Dei,
638 2260 758 2315 quae
804 2251 860 2297 ut
891 2239 1184 2315 plurimum
1215 2242 1268 2294 in
1299 2243 1586 2315 periculis,_
1626 2243 1679 2297 in
1697 2239 2022 2315 .iaboribus,
2063 2243 2116 2295 in
2159 2239 2442 2304 aerumnis,
2480 2241 2536 2295 in
2569 2239 2716 2315 factu
2763 2240 2970 2315 arduis,
3004 2241 3058 2294 in
3091 2257 3352 2315 perpessu
3385 2239 3615 2315 asperis
3653 2246 3715 2299 il-

480 2311 706 2368 lustrius
733 2311 1238 2383 deprehenduntur,
1281 2311 1540 2383 tanquam
1574 2313 1750 2368 bonus
1781 2312 1988 2368 Christi
2019 2315 2306 2383 venaticus
2337 2327 2569 2383 semper_
2593 2319 2646 2364 et
2683 2311 2736 2383 in
2778 2312 3034 2383 omnibus
3069 2313 3348 2383 sagaciter
3386 2311 3711 2382 indagabat.

480 2393 534 2436 et
577 2399 672 2452 per
704 2381 890 2437 illa—ad
920 2385 1132 2452 opimas
1174 2381 1480 2453 animarum
1518 2384 1728 2452 praedas
1765 2399 1932 2438 cursu
1968 2382 2292 2452 infatigabili
2323 2381 2685 2453 properabat:
2709 2381 2948 2434 Detinuit
2987 2381 3392 2453 quidem_illun_i
3426 2381 3716 2453 aliquanto

481 2398 534 2436 et
577 2399 672 2452 per
704 2398 792 2437 ina
821 2398 890 2437 au
920 2398 1132 2452 opimas
1174 2398 1480 2438 animarum
1518 2398 1728 2452 praedas
1765 2399 1932 2438 cursu
1968 2398 2292 2452 intaugauin
2323 2398 2672 2452 properabat.
2709 2398 2948 2434 uennuit
2987 2398 3206 2504 quidem
3240 2398 3392 2436 tuum
3426 2398 3714 2453 aliquanto

481 2455 660 2521 spatio
683 2455 816 2508 urbs
843 2453 1078 2514 Arelate,
1101 2450 1205 2523 sed
1240 2453 1509 2522 ingentem
1541 2455 1704 2521 paulo
1744 2453 2009 2523 longioris
2040 2453 2152 2506 illic
2189 2468 2355 2507 mora:
2384 2453 2624 2505 fructum
2658 2451 2800 2505 Deus
2830 2461 2986 2506 osten
3027 2462 3166 2523 erat.
3193 2450 3313 2505 Jam
3343 2449 3518 2516 Nero,
3556 2470 3714 2508 mon-

481 2531 655 2594 strum
694 2523 876 2593 potius
903 2522 1146 2576 hominis
1173 2538 1336 2594 quam
1387 2525 1568 2586 homo,
1611 2522 1878 2594 tyrannus
1917 2524 2127 2578 scilicet
2157 2524 2374 2592 qualem
2405 2523 2584 2594 adhue
2625 2528 2775 2574 terra
2825 2537 2931 2594 non
2973 2522 3194 2585 tulerat,
3242 2523 3462 2594 cunctis
3504 2539 3712 2579 exosus

481 2590 797 2662 invisusque
834 2590 1422 2652 iii0i‘talibiis,debitas
1452 2609 1563 2646 suae
1594 2590 1920 2663 iiiiportunaa
1954 2590 2292 2648 crudelitatis
2329 2608 2520 2662 pinnas
2550 2590 2659 2646 Deo
2689 2592 3005 2662 sanctisque
3045 2593 3308 2660 apostolis
3346 2594 3712 2650 exsolverat:

482 2678 580 2716 nec
608 2665 712 2716 alia
755 2663 972 2732 quidem
1018 2663 1182 2731 (quod
1211 2663 1586 2724 deterrimum,
1618 2673 1670 2716 et
1707 2676 1884 2717 tamen
1906 2663 2298 2733 justissimum)
2324 2678 2486 2732 quam
2520 2677 2619 2716 sua
2649 2676 2834 2733 manu,
2863 2676 2922 2714 ut
2953 2663 3189 2730 pessimo
3219 2663 3434 2717 scilicet
3465 2665 3716 2720 victoria:

480 2747 696 2800 genere.
729 2731 821 2802 qui
851 2733 986 2786 alios
1027 2740 1152 2785 ante
1185 2747 1243 2786 se
1275 2747 1466 2788 omnes
1505 2733 1790 2787 barbarica
1833 2733 2156 2788 crudelitate
2204 2731 2427 2795 viCerat,
2462 2733 2604 2786 idem
2651 2733 2735 2784 sui
2766 2731 2937 2800 ipsius
2983 2747 3117 2802 nece
3163 2734 3406 2796 scipsum
3441 2734 3710 2790 vinceret.

483 2802 594 2854 Iloc
627 2801 792 2872 igitur
824 2811 1072 2874 monstro
1112 2818 1141 2857 e
1173 2803 1310 2874 vivis
1343 2804 1580 2866 sublato,
1613 2817 1737 2856 cum
1769 2804 1895 2856 boni
1942 2818 2132 2857 omnes
2164 2805 2456 2871 respirare,
2476 2811 2600 2874 utum
2632 2802 2713 2855 vel
2745 2802 2982 2874 maxime
3011 2801 3308 2874 Christiani
3348 2813 3558 2858 cuncta
3591 2822 3716 2874 spe-

479 2888 609 2946 rare
630 2871 683 2926 iii
725 2873 842 2927 dies
872 2873 1097 2946 meliora
1132 2891 1145 2925 :
1179 2873 1659 2946 quibusvidelicet
1692 2888 1798 2926 non
1830 2874 2113 2946 minimum
2147 2871 2538 2946 promovenda:
2571 2881 2774 2925 sancta:
2803 2873 3053 2946 religioni
3086 2882 3476 2944 argumentum
3511 2871 3714 2946 suppev

477 2941 712 3014 dilabat,
740 2944 886 3013 quod
916 2943 1036 3011 ejus
1067 2941 1455 3014 persequendae
1498 2945 1706 3014 primus
1755 2952 1948 2997 auctor
1994 2941 2300 3014 isrfui’sset,
2348 2942 2439 3011 qui
2491 2951 2639 3014 totus
2684 2957 2750 2995 ex
2797 2942 3098 3014 foedissima
3133 2941 3296 3012 atque
3340 2941 3714 3013 spurcissima

477 3010 733 3084 vitioru'm
755 3010 1032 3084 “omnium
1067 3010 1303 3084 colluvie
1331 3010 1622 3077 conﬂatus,
1654 3014 1787 3067 nihil
1821 3030 1952 3077 non,
1999 3013 2344 3084 iniquissimo
2368 3010 2638 3067 suadente
2670 3019 2832 3084 atque
2861 3013 3168 3084 impellente
3205 3010 3477 3079 daemone,
3525 3017 3714 3070 hacte-

424 3097 429 3104 ·
479 3099 583 3136 nus
610 3082 1196 3158 fecerai._Docuerunt
1229 3083 1395 3154 igitur
1427 3095 1538 3158 tuin
1585 3084 1880 3158 Dionysius
1919 3094 1972 3138 et
2007 3082 2202 3158 cuncti
2233 3083 2531 3137 universim
2575 3083 2818 3158 omnium
2860 3082 3228 3158 Ecclesiarum
3259 3086 3542 3158 magistri,
3577 3102 3708 3158 pro-

479 3161 664 3223 pterea
691 3155 810 3225 neci
833 3154 992 3208 datos
1021 3169 1146 3210 esse
1169 3152 1385 3210 Petrum
1423 3163 1477 3208 et
1505 3152 1756 3216 Paulum‘,
1787 3155 1925 3210 duos
1955 3152 2238 3224 religionis
2273 3161 2474 3208 nostra:
2517 3153 2688 3225 multo
2727 3154 2972 3225 omnium
3010 3152 3476 3210 mansuetissima:
3504 3152 3712 3225 princi-

479 3221 596 3294 pes.
623 3224 766 3294 quod
819 3233 1050 3294 tyranno
1080 3225 1570 3288 truculentissimo,
1603 3239 1667 3277 ac
1708 3224 2004 3279 teterrimis
2034 3221 2156 3294 ejus
2200 3225 2375 3294 geniis
2417 3233 2592 3294 atque,
2626 3221 2987 3294 damonibus.
3040 3239 3071 3277 a
3109 3240 3343 3294 quorum
3382 3221 3624 3279 arbitrio
3662 3237 3716 3280 et

479 3293 614 3347 nutu
646 3293 889 3347 nefarius
912 3294 1000 3348 ille
1031 3295 1267 3348 sicarius
1292 3303 1439 3349 totus
1469 3295 1758 3364 pendebat,
1783 3309 2044 3365 generose
2068 3293 2300 3348 fuissent
2328 3293 2635 3365 adversati;
2666 3293 2842 3365 adque
2868 3294 2987 3365 ejus
3006 3293 3357 3349 exsécrandis
3383 3296 3714 3351 libidinibus

479 3373 644 3436 atque
685 3365 966 3436 spurcitiis
993 3379 1132 3436 verae
1158 3362 1493 3418 castimoniae
1522 3362 1862 3418 honestatem
1892 3365 2292 3436 praetulissent.
2337 3365 2410 3418 Ita
2453 3380 2562 3436 non
2597 3362 2870 3436 dillicilem
2897 3363 2965 3436 ad
3005 3379 3196 3420 eorum
3227 3381 3414 3429 aures,
3446 3368 3546 3436 qui
3587 3369 3710 3421 talia

478 3434 678 3504 mirum
706 3435 759 3486 in
784 3435 1004 3487 modum
1019 3434 1497 3497 exhorrescebant,
1515 3435 1720 3488 aditum
1740 3449 1863 3488 cum
1890 3434 2247 3499 invenissent,
2274 3443 2388 3488 tum
2411 3435 2478 3488 ad
2501 3434 2865 3504 expromenda
2900 3434 3020 3489 fidei
3050 3445 3248 3491 nostra:
3274 3434 3612 3490 documenta
3649 3455 3712 3492 eo

478 3503 734 3575 Iidentius
761 3504 1113 3565 accedebant,
1147 3520 1256 3574 quo
1285 3512 1440 3559 erant
1469 3521 1592 3558 cum
1625 3505 1824 3558 virtute
1858 3513 1912 3558 et
1941 3506 2150 3560 ratione
2194 3505 2592 3574 coniunctiora.
2625 3503 2707 3557 Ad
2758 3504 2903 3575 quod
2933 3506 3148 3574 quidem
3181 3507 3358 3574 palam
3394 3507 3708 3562 faciendum

477 3574 692 3646 valebat
722 3575 810 3646 hic
837 3582 1025 3646 noster
1057 3575 1402 3646 Areopagita,
1449 3590 1572 3646 cum
1617 3575 1942 3629 auctoritate
1981 3575 2162 3646 magni
2202 3575 2466 3646 nominis,
2497 3581 2611 3627 tum
2652 3574 3268 3646 przecipueﬂincredibili
3315 3577 3562 3646 quadam
3604 3594 3714 3634 cm—

479 3643 610 3698 litus
641 3644 905 3716 inspirati
933 3643 1421 3716 sermonisgratia,
1442 3645 1528 3700 cui
1547 3651 1601 3698 et
1622 3646 1705 3698 vis
1729 3646 1902 3699 inerat
1924 3653 1978 3716 et
2008 3643 2165 3716 copia
2185 3645 2401 3700 dicendi
2425 3643 2888 3714 incomparabilis.
2919 3644 3068 3699 Unde
3085 3646 3260 3701 bonus
3296 3643 3711 3704 Arelatensium

476 3728 738 3788 nutrierus
765 3715 966 3788 sensim
994 3717 1365 3788 eum_sectari,
1395 3715 1685 3788 degustare
1708 3715 2184 3788 verba,eden_iirari
2212 3717 2402 3788 vitam,
2445 3716 2701 3769 adamare
2729 3716 2978 3781 virtutes,
3011 3718 3294 3788 suspicere
3326 3728 3381 3770 et
3414 3720 3708 3788 suscipere

478 3781 847 3856 Evangelium,
878 3783 1081 3856 Christi
1117 3785 1258 3838 facta
1291 3781 1722 3840 mutis'deorum
1762 3785 2074 3840 simulacris
2119 3787 2422 3856 composita
2463 3794 2668 3855 quanto
2705 3794 2888 3840 essent
2921 3781 3294 3850 anteferenda,
3325 3802 3429 3842 suo
3485 3781 3713 3843 silentio

476 3855 738 3927 primum,
767 3855 966 3912 deinde
995 3871 1129 3927 voce
1157 3863 1213 3909 et
1235 3857 1678 3925 comprobatione
1705 3857 2000 3910 contestari
2026 3873 2040 3922 ;
2072 3855 2348 3926 postremo
2378 3855 2602 3927 deorum
2637 3872 2872 3927 suorum
2911 3859 3187 3926 potentiae,
3219 3872 3359 3927 quos
3404 3858 3639 3927 impune
3678 3875 3710 3912 a

477 3875 738 3924 ριίιιιιιιη,
767 3875 966 3912 αοιηαθ
995 3875 1129 3910 νοω
1157 3875 1213 3909 ει
1235 3875 1678 3925 εοιῐῳνουθιιοιιε
1705 3875 2000 3910 comesum
2026 3875 2040 3922 ;
2072 3875 2348 3926 posuetno
2378 3875 2602 3910 acorum
2649 3875 2872 3910 SllOl'llln
2912 3875 3187 3926 pithllllE,
3219 3875 3359 3927 quos
3404 3875 3482 3912 tm
3528 3875 3639 3914 une
3678 3875 3708 3912 ³

475 3924 805 3999 Christianis
853 3925 1129 3999 contemni
1167 3934 1222 3999 et
1264 3927 1656 3999 imbecillitatis
1711 3927 1957 3996 sugillari
1999 3927 2266 3999 videient,
2314 3926 2576 3999 paulatim
2616 3925 2892 3999 diuidere;
2933 3943 3058 3982 cum
3090 3943 3219 3982 vero
3254 3937 3309 3982 et
3354 3875 3616 3999 prodigia
3655 3930 3708 3983 in

475 3994 694 4068 nomine
716 3993 846 4050 Jesu
876 3995 1248 4068 (quihonoris
1271 3999 1444 4068 gratia
1469 3997 1626 4068 nobis
1660 3993 1876 4068 semper
1907 3998 2271 4068 nominandus
2306 3993 2412 4068 est)
2442 4011 2816 4068 saepenumero
2846 3997 2989 4050 facta
3019 4012 3163 4061 esse,
3196 4007 3251 4051 et
3280 3993 3393 4053 non
3425 3993 3562 4054 raro
3592 3997 3706 4054 ﬁeri

475 4066 702 4137 scirent,
737 4082 832 4120 seu
872 4067 938 4137 in,
969 4066 1252 4137 abigendis
1278 4067 1637 4130 daemonibus,
1669 4066 1864 4122 seu’in
1895 4067 2282 4137 propulsandis
2311 4066 2538 4132 merbis,
2568 4075 2680 4120 tum
2711 4075 2896 4136 aperte
2923 4069 3170 4137 religioni
3215 4083 3413 4122 manus
3457 4069 3619 4134 dare,
3655 4080 3706 4124 et

473 4135 672 4190 divinat
699 4138 887 4207 virtuti
921 4135 1099 4191 fasces
1130 4137 1274 4192 haud
1304 4138 1474 4193 invite
1500 4137 1841 4192 submittere.
1873 4135 2168 4206 Non—prius
2193 4138 2357 4207 igitur
2385 4151 2683 4207 generosus
2703 4135 2907 4193 Christi
2931 4135 3132 4192 athleta
3168 4138 3430 4194 discessit
3458 4138 3704 4204 Arelate,

473 4217 722 4278 quamet
756 4206 985 4260 multum
1015 4207 1117 4260 sub
1149 4207 1305 4278 ducis
1335 4209 1427 4278 sui
1462 4208 1660 4262 vexillo
1695 4208 1952 4278 populum
1983 4206 2426 4277 conscripsisset,
2458 4207 2703 4278 etlonge
2744 4208 3049 4263 clarissima
3091 4224 3204 4263 suae
3243 4209 3470 4264 virtutis
3503 4209 3703 4264 ibidem

473 4275 784 4349 reliquisset
813 4278 1081 4349 impressa
1102 4277 1360 4349 restigia.
1389 4277 1519 4330 Erat
1550 4277 1682 4349 inibi
1697 4275 1896 4349 fanum
1917 4275 2224 4349 quoddam,
2241 4279 2422 4348 populi
2449 4277 2599 4332 cultu
2623 4275 2686 4331 ac
2715 4279 3064 4334 veneratione
3090 4280 3146 4334 in
3177 4279 3372 4349 primis
3402 4289 3702 4349 augustum

475 4359 540 4399 ac
577 4347 811 4420 celebre,
861 4345 916 4420 iu
947 4361 1058 4420 quo
1098 4345 1286 4420 Martis
1318 4353 1496 4400 statua
1529 4348 1602 4417 (ι)
1649 4348 1884 4420 publicis
1927 4345 2340 4420 itnpertiebaiur
2371 4349 2673 4420 honoribus
2710 4363 2722 4399 :
2760 4350 2899 4420 hanc
2942 4345 3194 4404 statuam'
3230 4345 3553 4420 Dionysius,
3598 4366 3707 4420 quo

475 4429 657 4490 veram
691 4416 854 4470 unius
896 4415 991 4490 Dei
1041 4415 1342 4490 potentiam
1407 4415 1699 4482 astrueret,
1748 4419 1865 4471 sola
1913 4415 2083 4490 divini
2127 4418 2755 4490 noniinishinvocatione
2796 4419 3034 4488 disjecit,
3079 4415 3458 4490 diil'regitqtie;
3517 4415 3703 4474 fanum

475 4499 604 4561 vero
645 4485 821 4561 ipsum
846 4487 994 4561 omni
1039 4485 1302 4561 hactenus
1332 4499 1613 4561 sacrorum
1639 4487 2104 4561 exsecrandorum
2133 4488 2470 4559 turpitudine
2511 4485 2957 4561 inquinatum,'et
2980 4485 3706 4561 stultissime—superstitio-

475 4554 563 4629 nis
591 4554 968 4629 indignissima
1000 4559 1237 4629 vanitate
1259 4559 1554 4629 pollutum,
1597 4574 1722 4611 cum
1756 4557 1860 4613 rite
1901 4554 2307 4628 perpurgasset,
2354 4554 2716 4615 sanctissimis
2748 4559 3030 4614 beatorum
3065 4554 3439 4629 apostolorum
3475 4559 3628 4616 Petri
3653 4569 3703 4615 et

471 4620 626 4701 Pauli
652 4620 964 4701 nominibus
994 4636 1046 4680 et
1078 4620 1399 4701 honoribus,
1431 4644 1541 4682 non
1573 4629 1744 4701 invito
1781 4620 2600 4701 populo'(quippepatratorum
2631 4631 2702 4683 ab
2739 4631 2808 4685 iis
2839 4620 3210 4701 prodigiorum
3236 4629 3347 4698 jam
3379 4634 3617 4685 conscio
3649 4641 3703 4684 et

469 4692 819 4768 admiratore)
847 4697 1549 4768 consecravit,ibidemque
1578 4692 1958 4768 baptisterium
1983 4692 2343 4768 originalib'us
2363 4699 2653 4754 eluendum
2685 4692 2914 4755 maculis
2937 4692 3252 4755 coilocavit:
3269 4701 3406 4755 Nam
3437 4701 3705 4754 miriiicas

469 4777 660 4840 eorum
697 4766 924 4840 rirtutes
951 4773 1005 4818 et
1035 4766 1270 4840 insignia
1300 4767 1356 4840 in
1387 4766 1578 4840 omnes
1605 4766 1863 4840 mortales
1910 4766 2172 4823 benelicia
2203 4770 2342 4839 (quae
2370 4772 2565 4840 partim
2599 4770 2652 4824 in
2697 4769 3112 4840 Evangeliorum
3143 4769 3353 4832 codice,
3388 4769 3596 4839 partim
3647 4770 3703 4823 iu

468 4847 536 4911 eo
569 4834 662 4911 qui
692 4834 860 4911 Artus
897 4834 1269 4911 apostolorum
1299 4837 1638 4911 inscribitur,
1673 4839 1850 4911 fusius
1891 4847 2166 4911 repertum
2197 4834 2262 4894 iri
2293 4834 2588 4911 indicabat)
2629 4834 2876 4895 breviter
2895 4841 3002 4896 illis
3025 4849 3352 4910 exposuerat
3377 4834 3406 4905 ;’
3427 4840 3702 4911 quemad-

469 4905 691 4979 tnoduni
727 4903 923 4979 Petrus
953 4905 1182 4979 scilicet,
1209 4908 1366 4979 quasi
1394 4907 1670 4978 quispiam
1695 4909 1821 4962 vita:
1847 4903 2146 4978 mortisque
2165 4911 2531 4979 dispensator,
2557 4903 2676 4964 solo
2713 4913 2879 4965 verbo
2908 4913 3045 4966 alios
3075 4903 3292 4978 quidem
3317 4903 3704 4978 ncci'propter

467 4973 632 5048 impia
678 4977 885 5030 scelera
925 4973 1259 5048 tradidisset,
1293 4973 1429 5032 alios
1459 4973 1640 5031 autem
1679 4979 1805 5032 vitae
1830 4979 1902 5033 ob
1941 4973 2140 5033 eximia
2179 4973 2459 5035 benefacta
2501 4979 2844 5036 reddidisset.
2894 4980 3028 5035 Nam
3072 4973 3339 5034 Ananiam
3372 4973 3602 5048 quidem
3647 4989 3701 5033 et

469 5041 760 5112 Sapbiram
798 5046 1156 5120 memorabat,
1195 5055 1480 5120 propterea
1509 5048 1918 5120 quod_mentiti
1951 5058 2134 5120 essent
2169 5050 2395 5120 Spiritui
2427 5061 2637 5113 sancto,
2678 5051 2747 5104 ad
2791 5053 2964 5106 sancti
3003 5052 3149 5107 Petri
3186 5041 3704 5120 vocem'corruisse

466 5121 769 5190 mortuos!
800 5112 1125 5190 ;Tabitham
1155 5112 1637 5190 tero—praclarum
1666 5116 1927 5174 Ecclesiae
1953 5112 2299 5187 discipulam,
2330 5135 2360 5172 a
2391 5122 2590 5190 pietate
2625 5112 2690 5174 in
2733 5121 2923 5176 viduas
2957 5121 3419 5190 commendatam,
3449 5118 3522 5173 ab
3554 5118 3698 5173 infe-

465 5183 560 5260 ris
580 5184 828 5252 ejusdem
854 5187 1216 5260 evocatulugi
1247 5183 1371 5260 esse
1408 5188 1670 5242 redditam
1702 5201 1741 5260 an
1767 5207 1780 5243 :
1802 5191 1951 5260 quin
1978 5198 2032 5243 et
2056 5183 2171 5244 sola
2198 5192 2318 5254 ejus
2357 5183 2549 5243 uinbra
2583 5205 2940 5260 quoscunque
2965 5193 3212 5247 inﬁrmos
3253 5189 3515 5259 perfectae
3547 5196 3702 5243 sani-

465 5253 570 5330 tati
603 5269 727 5330 esse
753 5256 1128 5330 restitutos__b.
1159 5253 1387 5311 Paulum
1416 5268 1598 5330 autem
1628 5275 1659 5314 e
1683 5253 1890 5314 Christi
1918 5253 2269 5330 persecutore
2295 5253 2626 5329 discipulum
2671 5253 3059 5330 nonnunquam
3091 5263 3146 5314 in
3185 5253 3356 5315 coilos
3389 5269 3613 5328 raptum
3650 5269 3699 5330 ε,

464 5337 533 5400 ea_
559 5325 693 5400 inibi
724 5325 930 5400 vidisse
954 5325 1361 5395 audivisseque,
1395 5329 1594 5400 quibus
1625 5325 1982 5400 enuntiandis
2007 5329 2155 5400 nulla
2192 5329 2375 5399 lingua
2407 5325 2625 5395 idonea,
2660 5332 2807 5400 nulla
2834 5325 2932 5399 par
2958 5347 3082 5386 esse
3115 5339 3298 5400 posset
3331 5325 3555 5400 oratio;
3601 5329 3699 5383 sed

463 5393 853 5472 miraculorum
890 5398 1116 5472 insuper
1145 5393 1373 5472 minime
1395 5393 1698 5472 uulgarium
1732 5401 1949 5472 fulgore
1964 5399 2254 5472 insigniter
2275 5393 2621 5472 coruscasse.
2651 5398 2784 5472 Nam
2815 5393 2869 5454 et
2904 5393 3144 5472 Elymani
3179 5415 3394 5472 magum
3425 5398 3700 5472 doctrina

462 5461 668 5519 Christi
689 5461 1061 5541 resistentem,
1095 5467 1150 5520 in
1173 5467 1307 5541 ipso
1334 5461 2008 5541 ﬂagitiomentovocnlis
2037 5461 2262 5541 orbasse
2289 5467 2316 5508 ά
2343 5487 2358 5536 ;
2389 5479 2446 5524 et
2472 5471 2608 5526 alias
2646 5471 2877 5526 infirmis
2910 5461 3066 5541 longe
3114 5461 3365 5538 plurimis
3398 5469 3698 5541 incolumi-3

465 5541 653 5599 tatem,
689 5538 925 5611 mortuis
947 5552 1080 5611 ‘vero
1111 5538 1279 5591 etiam
1311 5538 1590 5611 nonnullis
1635 5540 1897 5611 amissam
1931 5541 2098 5593 vitam
2135 5538 2460 5606 redonasse;
2493 5542 2730 5611 denique
2768 5542 2841 5594 ita
2885 5538 3176 5610 utrumque
3205 5542 3426 5611 vixisse,
3463 5551 3526 5592 ut
3556 5539 3695 5594 nihil

463 5617 706 5674 unquam
737 5605 794 5660 in
823 5607 1068 5681 moribus
1096 5615 1256 5677 turpe
1277 5615 1378 5681 aut
1407 5610 1702 5681 vitiosum;
1747 5609 1823 5681 ita
1861 5609 2141 5673 docuisse,
2175 5618 2234 5681 ut
2277 5611 2411 5664 nihil
2442 5612 2496 5665 in
2522 5605 2770 5666 doctrina
2804 5612 3000 5666 falsum
3033 5605 3126 5666 aut
3169 5607 3587 5681 perniciosum;
3621 5612 3694 5662 ita

463 5684 735 5742 postremo
764 5677 1086 5742 excessisse,
1129 5686 1190 5732 ut
1234 5679 1369 5732 nihil
1413 5679 1467 5732 in
1513 5690 1688 5734 morte
1735 5679 2008 5748 objectum
2049 5689 2143 5733 aut
2188 5679 2609 5747 ignominiosum
2647 5683 2976 5740 deprehendi
3025 5698 3057 5734 a
3099 5677 3398 5753 quoquam,
3439 5689 3537 5734 aut
3568 5681 3694 5749 jure

543 5839 702 5887 'Act.
735 5850 787 5898 v,
818 5835 868 5891 1.
947 5848 972 5877 ο
1003 5836 1126 5892 Act.
1161 5852 1236 5902 ιχ,
1266 5837 1354 5892 56.
1434 5839 1461 5877 ι»
1491 5839 1612 5891 Act.
1648 5853 1699 5900 ν,
1733 5837 1818 5890 15.
1899 5847 1919 5874 ε
1957 5834 2000 5890 ll
2027 5834 2076 5890 Ci

1328 5838 1354 5892 ἰ.
1434 5839 1461 5877 ι»
1491 5839 1612 5891 Act.
1648 5853 1699 5900 ν,
1733 5837 1818 5890 15.
1899 5847 1919 5874 ε
1957 5834 2000 5890 ll
2027 5834 2155 5890 Cor.
2190 5851 2288 5902 ιιι,
2316 5837 2369 5890 4.
2445 5836 2471 5876 ά
2505 5838 2626 5892 Aet.
2657 5853 2778 5900 xm,
2811 5838 2861 5893 8.
