  <div class='ocr_page' id='page_1' title='image "/cluster/home/n/w/nwhite01/storage/ocr_20150623/4/hvd.32044014713200/424.png"; bbox 0 0 3882 6544; ppageno 0'>
   <div class='ocr_carea' id='block_1_1' title="bbox 181 435 3430 505">
    <p class='ocr_par' dir='ltr' id='par_1_1' title="bbox 181 435 3430 505">
     <span class='ocr_line' id='line_1_1' title="bbox 181 435 3430 505; baseline 0.002 -5"><span class='ocrx_word' id='word_1_1' title='bbox 181 445 294 500; x_wconf 75' lang='lat'><strong>813</strong></span> <span class='ocrx_word' id='word_1_2' title='bbox 1169 436 1350 505; x_wconf 73' lang='lat' dir='ltr'><strong>VITA,</strong></span> <span class='ocrx_word' id='word_1_3' title='bbox 1384 435 1591 496; x_wconf 83' lang='lat' dir='ltr'><strong>AUCT.</strong></span> <span class='ocrx_word' id='word_1_4' title='bbox 1632 441 1690 494; x_wconf 84' lang='grc' dir='ltr'><strong>Ρ.</strong></span> <span class='ocrx_word' id='word_1_5' title='bbox 1735 435 2036 494; x_wconf 72' lang='lat' dir='ltr'><strong>HALLOIX</strong></span> <span class='ocrx_word' id='word_1_6' title='bbox 2077 436 2224 495; x_wconf 86' lang='lat' dir='ltr'><strong>SOC.</strong></span> <span class='ocrx_word' id='word_1_7' title='bbox 2262 438 2451 498; x_wconf 76' lang='lat' dir='ltr'><strong>JESU.</strong></span> <span class='ocrx_word' id='word_1_8' title='bbox 3327 451 3430 505; x_wconf 78' lang='lat' dir='ltr'><strong>8H</strong></span> 
     </span>
    </p>
   </div>
   <div class='ocr_carea' id='block_1_2' title="bbox 177 561 3433 638">
    <p class='ocr_par' dir='ltr' id='par_1_2' title="bbox 177 561 3433 638">
     <span class='ocr_line' id='line_1_2' title="bbox 177 561 3433 638; baseline 0.002 -19"><span class='ocrx_word' id='word_1_9' title='bbox 177 567 443 638; x_wconf 87' lang='lat' dir='ltr'><strong>quiritur,</strong></span> <span class='ocrx_word' id='word_1_10' title='bbox 475 564 654 638; x_wconf 83' lang='lat' dir='ltr'><strong>securi</strong></span> <span class='ocrx_word' id='word_1_11' title='bbox 679 572 848 638; x_wconf 79' lang='lat' dir='ltr'><strong>sunt.</strong></span> <span class='ocrx_word' id='word_1_12' title='bbox 895 563 1134 638; x_wconf 82' lang='lat' dir='ltr'><strong>Quippe.</strong></span> <span class='ocrx_word' id='word_1_13' title='bbox 1169 564 1307 619; x_wconf 90' lang='lat' dir='ltr'><strong>istos</strong></span> <span class='ocrx_word' id='word_1_14' title='bbox 1343 578 1570 638; x_wconf 83' lang='lat' dir='ltr'><strong>suorum</strong></span> <span class='ocrx_word' id='word_1_15' title='bbox 1607 562 1942 638; x_wconf 82' lang='lat' dir='ltr'><strong>conscientia</strong></span> <span class='ocrx_word' id='word_1_16' title='bbox 1983 561 2257 638; x_wconf 81' lang='lat' dir='ltr'><strong>scelerum</strong></span> <span class='ocrx_word' id='word_1_17' title='bbox 2280 561 2568 638; x_wconf 82' lang='lat' dir='ltr'><strong>_exagitat,</strong></span> <span class='ocrx_word' id='word_1_18' title='bbox 2601 569 2654 617; x_wconf 91' lang='lat' dir='ltr'><strong>et</strong></span> <span class='ocrx_word' id='word_1_19' title='bbox 2688 577 2826 638; x_wconf 84' lang='lat' dir='ltr'><strong>quas</strong></span> <span class='ocrx_word' id='word_1_20' title='bbox 2850 574 3198 638; x_wconf 81' lang='lat' dir='ltr'><strong>_meruerunt</strong></span> <span class='ocrx_word' id='word_1_21' title='bbox 3239 582 3433 638; x_wconf 69' lang='lat' dir='ltr'><strong>pinnas</strong></span> 
     </span>
    </p>
   </div>
   <div class='ocr_carea' id='block_1_3' title="bbox 177 631 3431 706">
    <p class='ocr_par' dir='ltr' id='par_1_3' title="bbox 177 631 3431 706">
     <span class='ocr_line' id='line_1_3' title="bbox 177 631 3431 706; baseline 0.001 -14"><span class='ocrx_word' id='word_1_22' title='bbox 177 631 479 692; x_wconf 67' lang='lat' dir='ltr'><strong>identidem</strong></span> <span class='ocrx_word' id='word_1_23' title='bbox 505 636 608 690; x_wconf 87' lang='lat' dir='ltr'><strong>sibi</strong></span> <span class='ocrx_word' id='word_1_24' title='bbox 640 636 922 690; x_wconf 88' lang='lat' dir='ltr'><strong>observari</strong></span> <span class='ocrx_word' id='word_1_25' title='bbox 952 631 1127 706; x_wconf 72' lang='lat' dir='ltr'><strong>oculis</strong></span> <span class='ocrx_word' id='word_1_26' title='bbox 1163 641 1355 706; x_wconf 86' lang='lat' dir='ltr'><strong>putant</strong></span> <span class='ocrx_word' id='word_1_27' title='bbox 1381 650 1392 684; x_wconf 89' lang='lat'>:</span> <span class='ocrx_word' id='word_1_28' title='bbox 1417 635 1469 687; x_wconf 90' lang='lat' dir='ltr'><strong>hi</strong></span> <span class='ocrx_word' id='word_1_29' title='bbox 1505 648 1634 706; x_wconf 85' lang='lat' dir='ltr'><strong>vero</strong></span> <span class='ocrx_word' id='word_1_30' title='bbox 1670 633 1876 686; x_wconf 82' lang='lat' dir='ltr'><strong>nullius</strong></span> <span class='ocrx_word' id='word_1_31' title='bbox 1907 632 2081 706; x_wconf 58' lang='lat' dir='ltr'><strong>culpa;</strong></span> <span class='ocrx_word' id='word_1_32' title='bbox 2105 631 2424 706; x_wconf 83' lang='lat' dir='ltr'><strong>conscii,__et</strong></span> <span class='ocrx_word' id='word_1_33' title='bbox 2447 647 2671 706; x_wconf 82' lang='lat' dir='ltr'><strong>suorum</strong></span> <span class='ocrx_word' id='word_1_34' title='bbox 2701 631 3111 706; x_wconf 63' lang='lat' dir='ltr'><strong>benefactorum</strong></span> <span class='ocrx_word' id='word_1_35' title='bbox 3138 631 3431 706; x_wconf 81' lang='lat' dir='ltr'><strong>memores,</strong></span> 
     </span>
    </p>
   </div>
   <div class='ocr_carea' id='block_1_4' title="bbox 175 701 3432 778">
    <p class='ocr_par' dir='ltr' id='par_1_4' title="bbox 175 701 3432 778">
     <span class='ocr_line' id='line_1_4' title="bbox 175 701 3432 778; baseline 0 -15"><span class='ocrx_word' id='word_1_36' title='bbox 175 723 278 778; x_wconf 87' lang='lat' dir='ltr'><strong>spe</strong></span> <span class='ocrx_word' id='word_1_37' title='bbox 311 716 461 762; x_wconf 88' lang='lat' dir='ltr'><strong>certa</strong></span> <span class='ocrx_word' id='word_1_38' title='bbox 492 707 841 778; x_wconf 65' lang='lat' dir='ltr'><strong>praemiorum</strong></span> <span class='ocrx_word' id='word_1_39' title='bbox 876 706 958 778; x_wconf 71' lang='lat' dir='ltr'><strong>vel</strong></span> <span class='ocrx_word' id='word_1_40' title='bbox 991 701 1186 759; x_wconf 81' lang='lat' dir='ltr'><strong>mediis</strong></span> <span class='ocrx_word' id='word_1_41' title='bbox 1217 705 1272 778; x_wconf 90' lang='lat' dir='ltr'><strong>in</strong></span> <span class='ocrx_word' id='word_1_42' title='bbox 1309 703 1595 778; x_wconf 79' lang='lat' dir='ltr'><strong>tormentis</strong></span> <span class='ocrx_word' id='word_1_43' title='bbox 1630 711 1974 778; x_wconf 51' lang='lat' dir='ltr'><strong>recreantur:</strong></span> <span class='ocrx_word' id='word_1_44' title='bbox 2039 701 2154 756; x_wconf 85' lang='lat' dir='ltr'><strong>Hoc</strong></span> <span class='ocrx_word' id='word_1_45' title='bbox 2198 701 2253 754; x_wconf 92' lang='lat' dir='ltr'><strong>in</strong></span> <span class='ocrx_word' id='word_1_46' title='bbox 2290 701 2468 756; x_wconf 86' lang='lat' dir='ltr'><strong>tribus</strong></span> <span class='ocrx_word' id='word_1_47' title='bbox 2512 703 2663 778; x_wconf 83' lang='lat' dir='ltr'><strong>hisce</strong></span> <span class='ocrx_word' id='word_1_48' title='bbox 2689 705 2848 778; x_wconf 76' lang='lat' dir='ltr'><strong>regni</strong></span> <span class='ocrx_word' id='word_1_49' title='bbox 2882 706 3073 778; x_wconf 70' lang='lat' dir='ltr'><strong>aeterni</strong></span> <span class='ocrx_word' id='word_1_50' title='bbox 3122 701 3432 766; x_wconf 74' lang='lat' dir='ltr'><strong>candidatis</strong></span> 
     </span>
    </p>
   </div>
   <div class='ocr_carea' id='block_1_5' title="bbox 173 772 3430 848">
    <p class='ocr_par' dir='ltr' id='par_1_5' title="bbox 173 772 3430 848">
     <span class='ocr_line' id='line_1_5' title="bbox 173 772 3430 848; baseline 0 -16"><span class='ocrx_word' id='word_1_51' title='bbox 173 772 304 848; x_wconf 85' lang='lat' dir='ltr'><strong>plus</strong></span> <span class='ocrx_word' id='word_1_52' title='bbox 337 783 456 848; x_wconf 85' lang='lat' dir='ltr'><strong>ipsa</strong></span> <span class='ocrx_word' id='word_1_53' title='bbox 488 772 608 830; x_wconf 79' lang='lat' dir='ltr'><strong>luce</strong></span> <span class='ocrx_word' id='word_1_54' title='bbox 640 776 863 848; x_wconf 89' lang='lat' dir='ltr'><strong>dilucet.</strong></span> <span class='ocrx_word' id='word_1_55' title='bbox 898 773 1031 848; x_wconf 84' lang='lat' dir='ltr'><strong>Nam</strong></span> <span class='ocrx_word' id='word_1_56' title='bbox 1049 789 1190 848; x_wconf 86' lang='lat' dir='ltr'><strong>_cum</strong></span> <span class='ocrx_word' id='word_1_57' title='bbox 1216 774 1267 828; x_wconf 93' lang='lat' dir='ltr'><strong>in</strong></span> <span class='ocrx_word' id='word_1_58' title='bbox 1301 773 1526 848; x_wconf 88' lang='lat' dir='ltr'><strong>judiciis</strong></span> <span class='ocrx_word' id='word_1_59' title='bbox 1557 772 1798 848; x_wconf 67' lang='lat' dir='ltr'><strong>praefecti</strong></span> <span class='ocrx_word' id='word_1_60' title='bbox 1825 772 1929 841; x_wconf 89' lang='lat' dir='ltr'><strong>ipsi</strong></span> <span class='ocrx_word' id='word_1_61' title='bbox 1961 773 2140 848; x_wconf 74' lang='lat' dir='ltr'><strong>instar</strong></span> <span class='ocrx_word' id='word_1_62' title='bbox 2171 773 2531 840; x_wconf 84' lang='lat' dir='ltr'><strong>tempestuosi</strong></span> <span class='ocrx_word' id='word_1_63' title='bbox 2567 772 2917 848; x_wconf 31' lang='lat' dir='ltr'><strong>niaris,’binc</strong></span> <span class='ocrx_word' id='word_1_64' title='bbox 2953 775 3077 830; x_wconf 91' lang='lat' dir='ltr'><strong>inde</strong></span> <span class='ocrx_word' id='word_1_65' title='bbox 3116 780 3286 834; x_wconf 84' lang='lat' dir='ltr'><strong>variis</strong></span> <span class='ocrx_word' id='word_1_66' title='bbox 3315 781 3430 834; x_wconf 83' lang='lat' dir='ltr'><strong>ira-</strong></span> 
     </span>
    </p>
   </div>
   <div class='ocr_carea' id='block_1_6' title="bbox 173 842 3431 915">
    <p class='ocr_par' dir='ltr' id='par_1_6' title="bbox 173 842 3431 915">
     <span class='ocr_line' id='line_1_6' title="bbox 173 842 3431 915; baseline 0 -13"><span class='ocrx_word' id='word_1_67' title='bbox 173 842 302 902; x_wconf 66' lang='lat' dir='ltr'><strong>rum</strong></span> <span class='ocrx_word' id='word_1_68' title='bbox 334 842 387 902; x_wconf 78' lang='lat' dir='ltr'><strong>et</strong></span> <span class='ocrx_word' id='word_1_69' title='bbox 416 847 620 901; x_wconf 79' lang='lat' dir='ltr'><strong>furoris</strong></span> <span class='ocrx_word' id='word_1_70' title='bbox 649 845 1150 915; x_wconf 91' lang='lat' dir='ltr'><strong>perturbationibus</strong></span> <span class='ocrx_word' id='word_1_71' title='bbox 1177 842 1366 898; x_wconf 86' lang='lat' dir='ltr'><strong>contra</strong></span> <span class='ocrx_word' id='word_1_72' title='bbox 1405 842 1654 897; x_wconf 88' lang='lat' dir='ltr'><strong>insontes</strong></span> <span class='ocrx_word' id='word_1_73' title='bbox 1685 845 1992 915; x_wconf 70' lang='lat' dir='ltr'><strong>agitentur;</strong></span> <span class='ocrx_word' id='word_1_74' title='bbox 2023 843 2103 906; x_wconf 94' lang='lat' dir='ltr'><strong>hi,</strong></span> <span class='ocrx_word' id='word_1_75' title='bbox 2130 850 2394 912; x_wconf 82' lang='lat' dir='ltr'><strong>tanquam</strong></span> <span class='ocrx_word' id='word_1_76' title='bbox 2424 857 2512 915; x_wconf 84' lang='lat' dir='ltr'><strong>res</strong></span> <span class='ocrx_word' id='word_1_77' title='bbox 2538 842 2718 915; x_wconf 84' lang='lat' dir='ltr'><strong>aliena</strong></span> <span class='ocrx_word' id='word_1_78' title='bbox 2742 853 2953 915; x_wconf 72' lang='lat' dir='ltr'><strong>agatur,</strong></span> <span class='ocrx_word' id='word_1_79' title='bbox 2985 862 3092 900; x_wconf 90' lang='lat' dir='ltr'><strong>non</strong></span> <span class='ocrx_word' id='word_1_80' title='bbox 3129 863 3249 910; x_wconf 86' lang='lat' dir='ltr'><strong>sua,</strong></span> <span class='ocrx_word' id='word_1_81' title='bbox 3294 852 3431 904; x_wconf 84' lang='lat' dir='ltr'><strong>nihil</strong></span> 
     </span>
    </p>
   </div>
   <div class='ocr_carea' id='block_1_7' title="bbox 166 885 3433 988">
    <p class='ocr_par' dir='ltr' id='par_1_7' title="bbox 166 885 3433 988">
     <span class='ocr_line' id='line_1_7' title="bbox 166 885 3433 988; baseline 0.001 -16"><span class='ocrx_word' id='word_1_82' title='bbox 166 915 407 988; x_wconf 72' lang='lat' dir='ltr'><strong>judicio,</strong></span> <span class='ocrx_word' id='word_1_83' title='bbox 442 917 577 971; x_wconf 90' lang='lat' dir='ltr'><strong>nihil</strong></span> <span class='ocrx_word' id='word_1_84' title='bbox 608 885 789 978; x_wconf 55' lang='lat' dir='ltr'><strong>minis,</strong></span> <span class='ocrx_word' id='word_1_85' title='bbox 816 916 952 988; x_wconf 85' lang='lat' dir='ltr'><strong>nihil</strong></span> <span class='ocrx_word' id='word_1_86' title='bbox 999 914 1396 988; x_wconf 68' lang='lat' dir='ltr'><strong>propositisob</strong></span> <span class='ocrx_word' id='word_1_87' title='bbox 1425 915 1617 988; x_wconf 80' lang='lat' dir='ltr'><strong>oculos</strong></span> <span class='ocrx_word' id='word_1_88' title='bbox 1643 885 1939 988; x_wconf 50' lang='grc' dir='ltr'><strong>Διοῖθιιιεξηιίε</strong></span> <span class='ocrx_word' id='word_1_89' title='bbox 1973 885 2410 988; x_wconf 57' lang='grc' dir='ltr'><strong>ἓοιιίῐῐιονὲῃμιτ.</strong></span> <span class='ocrx_word' id='word_1_90' title='bbox 2448 911 2741 988; x_wconf 61' lang='lat' dir='ltr'><strong>Ailjiidicat</strong></span> <span class='ocrx_word' id='word_1_91' title='bbox 2773 885 2953 988; x_wconf 49' lang='grc' dir='ltr'><strong>λεί</strong></span> <span class='ocrx_word' id='word_1_92' title='bbox 2982 885 3103 971; x_wconf 72' lang='lat' dir='ltr'><strong>illos</strong></span> <span class='ocrx_word' id='word_1_93' title='bbox 3129 885 3433 987; x_wconf 30' lang='lat' dir='ltr'><strong>Lustrat-iii;</strong></span> 
     </span>
    </p>
   </div>
   <div class='ocr_carea' id='block_1_8' title="bbox 169 983 3429 1055">
    <p class='ocr_par' dir='ltr' id='par_1_8' title="bbox 169 983 3429 1055">
     <span class='ocr_line' id='line_1_8' title="bbox 169 983 3429 1055; baseline 0.001 -13"><span class='ocrx_word' id='word_1_94' title='bbox 169 983 315 1042; x_wconf 70' lang='lat' dir='ltr'><strong>dira:</strong></span> <span class='ocrx_word' id='word_1_95' title='bbox 341 988 706 1043; x_wconf 87' lang='lat' dir='ltr'><strong>verberationi</strong></span> <span class='ocrx_word' id='word_1_96' title='bbox 729 1004 744 1050; x_wconf 87' lang='lat'><strong>;</strong></span> <span class='ocrx_word' id='word_1_97' title='bbox 780 987 854 1040; x_wconf 94' lang='lat' dir='ltr'><strong>illi</strong></span> <span class='ocrx_word' id='word_1_98' title='bbox 872 983 1074 1055; x_wconf 81' lang='lat' dir='ltr'><strong>gratias</strong></span> <span class='ocrx_word' id='word_1_99' title='bbox 1094 983 1200 1039; x_wconf 90' lang='lat' dir='ltr'><strong>Deo</strong></span> <span class='ocrx_word' id='word_1_100' title='bbox 1225 984 1493 1055; x_wconf 83' lang='lat' dir='ltr'><strong>reddunt;</strong></span> <span class='ocrx_word' id='word_1_101' title='bbox 1513 985 1703 1044; x_wconf 89' lang='lat' dir='ltr'><strong>trahit,</strong></span> <span class='ocrx_word' id='word_1_102' title='bbox 1731 991 1929 1052; x_wconf 85' lang='lat' dir='ltr'><strong>raptat,</strong></span> <span class='ocrx_word' id='word_1_103' title='bbox 1956 983 2412 1055; x_wconf 83' lang='lat' dir='ltr'><strong>vexatcarnilex;</strong></span> <span class='ocrx_word' id='word_1_104' title='bbox 2445 983 2580 1036; x_wconf 84' lang='lat' dir='ltr'><strong>nihil</strong></span> <span class='ocrx_word' id='word_1_105' title='bbox 2610 983 2868 1039; x_wconf 71' lang='lat' dir='ltr'><strong>resistunt</strong></span> <span class='ocrx_word' id='word_1_106' title='bbox 2896 983 3175 1050; x_wconf 47' lang='lat' dir='ltr'><strong>{cruciat}</strong></span> <span class='ocrx_word' id='word_1_107' title='bbox 3206 991 3429 1054; x_wconf 85' lang='lat' dir='ltr'><strong>clamat,</strong></span> 
     </span>
    </p>
   </div>
   <div class='ocr_carea' id='block_1_9' title="bbox 171 1053 3431 1129">
    <p class='ocr_par' dir='ltr' id='par_1_9' title="bbox 171 1053 3431 1129">
     <span class='ocr_line' id='line_1_9' title="bbox 171 1053 3431 1129; baseline 0.001 -17"><span class='ocrx_word' id='word_1_108' title='bbox 171 1059 386 1113; x_wconf 68' lang='lat' dir='ltr'><strong>indicat</strong></span> <span class='ocrx_word' id='word_1_109' title='bbox 409 1066 616 1129; x_wconf 87' lang='lat' dir='ltr'><strong>tortor;</strong></span> <span class='ocrx_word' id='word_1_110' title='bbox 637 1073 708 1111; x_wconf 89' lang='lat' dir='ltr'><strong>ne</strong></span> <span class='ocrx_word' id='word_1_111' title='bbox 737 1053 959 1126; x_wconf 81' lang='lat' dir='ltr'><strong>gemunt</strong></span> <span class='ocrx_word' id='word_1_112' title='bbox 989 1054 1316 1129; x_wconf 48' lang='lat' dir='ltr'><strong>quidemLEt</strong></span> <span class='ocrx_word' id='word_1_113' title='bbox 1337 1069 1467 1129; x_wconf 85' lang='lat' dir='ltr'><strong>sane</strong></span> <span class='ocrx_word' id='word_1_114' title='bbox 1485 1055 1773 1129; x_wconf 86' lang='lat' dir='ltr'><strong>pulchrum</strong></span> <span class='ocrx_word' id='word_1_115' title='bbox 1799 1055 1888 1107; x_wconf 86' lang='lat' dir='ltr'><strong>hic</strong></span> <span class='ocrx_word' id='word_1_116' title='bbox 1905 1063 2022 1106; x_wconf 89' lang='lat' dir='ltr'><strong>erat</strong></span> <span class='ocrx_word' id='word_1_117' title='bbox 2039 1064 2090 1106; x_wconf 94' lang='lat' dir='ltr'><strong>et</strong></span> <span class='ocrx_word' id='word_1_118' title='bbox 2105 1053 2353 1129; x_wconf 82' lang='lat' dir='ltr'><strong>dignum,</strong></span> <span class='ocrx_word' id='word_1_119' title='bbox 2375 1054 2429 1106; x_wconf 91' lang='lat' dir='ltr'><strong>in</strong></span> <span class='ocrx_word' id='word_1_120' title='bbox 2449 1055 2594 1122; x_wconf 84' lang='lat' dir='ltr'><strong>quod</strong></span> <span class='ocrx_word' id='word_1_121' title='bbox 2623 1055 2831 1129; x_wconf 78' lang='lat' dir='ltr'><strong>etelites</strong></span> <span class='ocrx_word' id='word_1_122' title='bbox 2850 1072 3060 1122; x_wconf 83' lang='lat' dir='ltr'><strong>omnes,</strong></span> <span class='ocrx_word' id='word_1_123' title='bbox 3087 1068 3136 1112; x_wconf 92' lang='lat' dir='ltr'><strong>et</strong></span> <span class='ocrx_word' id='word_1_124' title='bbox 3157 1058 3298 1113; x_wconf 88' lang='lat' dir='ltr'><strong>Deus</strong></span> <span class='ocrx_word' id='word_1_125' title='bbox 3317 1053 3431 1129; x_wconf 84' lang='lat' dir='ltr'><strong>ipse</strong></span> 
     </span>
    </p>
   </div>
   <div class='ocr_carea' id='block_1_10' title="bbox 168 1124 3426 1199">
    <p class='ocr_par' dir='ltr' id='par_1_10' title="bbox 168 1124 3426 1199">
     <span class='ocr_line' id='line_1_10' title="bbox 168 1124 3426 1199; baseline 0.001 -17"><span class='ocrx_word' id='word_1_126' title='bbox 168 1131 372 1183; x_wconf 88' lang='lat' dir='ltr'><strong>oculos</strong></span> <span class='ocrx_word' id='word_1_127' title='bbox 415 1124 1166 1199; x_wconf 50' lang='lat' dir='ltr'><strong>intenderet;spectaculum.</strong></span> <span class='ocrx_word' id='word_1_128' title='bbox 1215 1124 1315 1179; x_wconf 85' lang='lat' dir='ltr'><strong>Hic</strong></span> <span class='ocrx_word' id='word_1_129' title='bbox 1341 1125 1486 1179; x_wconf 87' lang='lat' dir='ltr'><strong>enim</strong></span> <span class='ocrx_word' id='word_1_130' title='bbox 1527 1125 1904 1199; x_wconf 79' lang='lat' dir='ltr'><strong>stabat_senex</strong></span> <span class='ocrx_word' id='word_1_131' title='bbox 1935 1133 2155 1199; x_wconf 82' lang='lat' dir='ltr'><strong>centum</strong></span> <span class='ocrx_word' id='word_1_132' title='bbox 2188 1124 2374 1199; x_wconf 79' lang='lat' dir='ltr'><strong>decem</strong></span> <span class='ocrx_word' id='word_1_133' title='bbox 2409 1139 2583 1194; x_wconf 84' lang='lat' dir='ltr'><strong>eoque</strong></span> <span class='ocrx_word' id='word_1_134' title='bbox 2615 1126 2850 1199; x_wconf 88' lang='lat' dir='ltr'><strong>amplius</strong></span> <span class='ocrx_word' id='word_1_135' title='bbox 2897 1142 3070 1182; x_wconf 88' lang='lat' dir='ltr'><strong>annos</strong></span> <span class='ocrx_word' id='word_1_136' title='bbox 3098 1138 3263 1184; x_wconf 90' lang='lat' dir='ltr'><strong>natus</strong></span> <span class='ocrx_word' id='word_1_137' title='bbox 3289 1124 3426 1199; x_wconf 52' lang='lat'><strong>(6&#39;5),</strong></span> 
     </span>
    </p>
   </div>
   <div class='ocr_carea' id='block_1_11' title="bbox 167 1194 3431 1265">
    <p class='ocr_par' dir='ltr' id='par_1_11' title="bbox 167 1194 3431 1265">
     <span class='ocr_line' id='line_1_11' title="bbox 167 1194 3431 1265; baseline 0.001 -12"><span class='ocrx_word' id='word_1_138' title='bbox 167 1199 383 1253; x_wconf 87' lang='lat' dir='ltr'><strong>canitie</strong></span> <span class='ocrx_word' id='word_1_139' title='bbox 408 1198 730 1259; x_wconf 79' lang='lat' dir='ltr'><strong>venerabili,</strong></span> <span class='ocrx_word' id='word_1_140' title='bbox 764 1194 1050 1255; x_wconf 86' lang='lat' dir='ltr'><strong>modestia,</strong></span> <span class='ocrx_word' id='word_1_141' title='bbox 1084 1200 1372 1264; x_wconf 81' lang='lat' dir='ltr'><strong>gravitate,</strong></span> <span class='ocrx_word' id='word_1_142' title='bbox 1403 1194 1824 1249; x_wconf 81' lang='lat' dir='ltr'><strong>mansuetudine</strong></span> <span class='ocrx_word' id='word_1_143' title='bbox 1853 1194 2117 1263; x_wconf 80' lang='lat' dir='ltr'><strong>singulari</strong></span> <span class='ocrx_word' id='word_1_144' title='bbox 2147 1213 2159 1246; x_wconf 88' lang='lat'>:</span> <span class='ocrx_word' id='word_1_145' title='bbox 2186 1194 2297 1246; x_wconf 92' lang='lat' dir='ltr'><strong>illic</strong></span> <span class='ocrx_word' id='word_1_146' title='bbox 2328 1194 2444 1247; x_wconf 78' lang='lat' dir='ltr'><strong>fero</strong></span> <span class='ocrx_word' id='word_1_147' title='bbox 2494 1203 2548 1249; x_wconf 90' lang='lat' dir='ltr'><strong>et</strong></span> <span class='ocrx_word' id='word_1_148' title='bbox 2583 1197 2724 1248; x_wconf 89' lang='lat' dir='ltr'><strong>truci</strong></span> <span class='ocrx_word' id='word_1_149' title='bbox 2759 1210 2983 1265; x_wconf 86' lang='lat' dir='ltr'><strong>aspectu</strong></span> <span class='ocrx_word' id='word_1_150' title='bbox 3016 1200 3268 1264; x_wconf 82' lang='lat' dir='ltr'><strong>lictores;</strong></span> <span class='ocrx_word' id='word_1_151' title='bbox 3298 1194 3431 1256; x_wconf 84' lang='lat' dir='ltr'><strong>istic</strong></span> 
     </span>
    </p>
   </div>
   <div class='ocr_carea' id='block_1_12' title="bbox 166 1265 3421 1339">
    <p class='ocr_par' dir='ltr' id='par_1_12' title="bbox 166 1265 3421 1339">
     <span class='ocr_line' id='line_1_12' title="bbox 166 1265 3421 1339; baseline 0.001 -18"><span class='ocrx_word' id='word_1_152' title='bbox 166 1270 364 1339; x_wconf 78' lang='lat' dir='ltr'><strong>virgae,</strong></span> <span class='ocrx_word' id='word_1_153' title='bbox 397 1284 641 1331; x_wconf 87' lang='lat' dir='ltr'><strong>secures,</strong></span> <span class='ocrx_word' id='word_1_154' title='bbox 701 1277 940 1339; x_wconf 67' lang='lat' dir='ltr'><strong>caiastae.</strong></span> <span class='ocrx_word' id='word_1_155' title='bbox 974 1266 1225 1339; x_wconf 71' lang='lat' dir='ltr'><strong>ﬁdiculae,</strong></span> <span class='ocrx_word' id='word_1_156' title='bbox 1257 1266 1509 1339; x_wconf 76' lang='lat' dir='ltr'><strong>equuiei,</strong></span> <span class='ocrx_word' id='word_1_157' title='bbox 1543 1265 1649 1339; x_wconf 87' lang='lat' dir='ltr'><strong>alia</strong></span> <span class='ocrx_word' id='word_1_158' title='bbox 1693 1265 2039 1339; x_wconf 82' lang='lat' dir='ltr'><strong>crudelitatis</strong></span> <span class='ocrx_word' id='word_1_159' title='bbox 2087 1266 2449 1339; x_wconf 83' lang='lat' dir='ltr'><strong>instrumenta</strong></span> <span class='ocrx_word' id='word_1_160' title='bbox 2482 1281 2495 1330; x_wconf 90' lang='lat'><strong>;</strong></span> <span class='ocrx_word' id='word_1_161' title='bbox 2528 1267 2792 1339; x_wconf 66' lang='lat' dir='ltr'><strong>quaeritur</strong></span> <span class='ocrx_word' id='word_1_162' title='bbox 2815 1269 2981 1339; x_wconf 74' lang='lat' dir='ltr'><strong>linter</strong></span> <span class='ocrx_word' id='word_1_163' title='bbox 3011 1269 3125 1322; x_wconf 72' lang='lat' dir='ltr'><strong>hzec</strong></span> <span class='ocrx_word' id='word_1_164' title='bbox 3152 1271 3283 1338; x_wconf 90' lang='lat' dir='ltr'><strong>quid</strong></span> <span class='ocrx_word' id='word_1_165' title='bbox 3327 1274 3421 1324; x_wconf 88' lang='lat' dir='ltr'><strong>ha-</strong></span> 
     </span>
    </p>
   </div>
   <div class='ocr_carea' id='block_1_13' title="bbox 169 1335 3431 1410">
    <p class='ocr_par' dir='ltr' id='par_1_13' title="bbox 169 1335 3431 1410">
     <span class='ocr_line' id='line_1_13' title="bbox 169 1335 3431 1410; baseline 0.001 -17"><span class='ocrx_word' id='word_1_166' title='bbox 169 1335 305 1393; x_wconf 73' lang='lat' dir='ltr'><strong>beat</strong></span> <span class='ocrx_word' id='word_1_167' title='bbox 336 1355 499 1394; x_wconf 85' lang='lat' dir='ltr'><strong>senex</strong></span> <span class='ocrx_word' id='word_1_168' title='bbox 535 1339 724 1410; x_wconf 82' lang='lat' dir='ltr'><strong>animi,</strong></span> <span class='ocrx_word' id='word_1_169' title='bbox 757 1338 1107 1410; x_wconf 86' lang='lat' dir='ltr'><strong>Christumne</strong></span> <span class='ocrx_word' id='word_1_170' title='bbox 1137 1335 1457 1410; x_wconf 80' lang='lat' dir='ltr'><strong>abnegando</strong></span> <span class='ocrx_word' id='word_1_171' title='bbox 1478 1338 1654 1410; x_wconf 80' lang='lat' dir='ltr'><strong>jussis</strong></span> <span class='ocrx_word' id='word_1_172' title='bbox 1686 1351 1877 1410; x_wconf 85' lang='lat' dir='ltr'><strong>parere</strong></span> <span class='ocrx_word' id='word_1_173' title='bbox 1909 1335 2276 1404; x_wconf 83' lang='lat' dir='ltr'><strong>imperatoris,</strong></span> <span class='ocrx_word' id='word_1_174' title='bbox 2308 1343 2361 1388; x_wconf 94' lang='lat' dir='ltr'><strong>et</strong></span> <span class='ocrx_word' id='word_1_175' title='bbox 2392 1335 2751 1410; x_wconf 74' lang='lat' dir='ltr'><strong>istaevadere</strong></span> <span class='ocrx_word' id='word_1_176' title='bbox 2780 1337 3068 1410; x_wconf 79' lang='lat' dir='ltr'><strong>terribilia,</strong></span> <span class='ocrx_word' id='word_1_177' title='bbox 3091 1335 3431 1410; x_wconf 39' lang='lat' dir='ltr'><strong>aii—impera-</strong></span> 
     </span>
    </p>
   </div>
   <div class='ocr_carea' id='block_1_14' title="bbox 168 1406 3428 1481">
    <p class='ocr_par' dir='ltr' id='par_1_14' title="bbox 168 1406 3428 1481">
     <span class='ocr_line' id='line_1_14' title="bbox 168 1406 3428 1481; baseline 0.001 -19"><span class='ocrx_word' id='word_1_178' title='bbox 168 1413 283 1463; x_wconf 82' lang='lat' dir='ltr'><strong>tori</strong></span> <span class='ocrx_word' id='word_1_179' title='bbox 317 1409 647 1481; x_wconf 87' lang='lat' dir='ltr'><strong>obluctando</strong></span> <span class='ocrx_word' id='word_1_180' title='bbox 683 1418 911 1481; x_wconf 66' lang='lat' dir='ltr'><strong>cunctas</strong></span> <span class='ocrx_word' id='word_1_181' title='bbox 941 1407 1145 1481; x_wconf 85' lang='lat' dir='ltr'><strong>subire,</strong></span> <span class='ocrx_word' id='word_1_182' title='bbox 1177 1422 1314 1475; x_wconf 89' lang='lat' dir='ltr'><strong>quas</strong></span> <span class='ocrx_word' id='word_1_183' title='bbox 1344 1407 1396 1459; x_wconf 94' lang='lat' dir='ltr'><strong>in</strong></span> <span class='ocrx_word' id='word_1_184' title='bbox 1423 1408 1603 1481; x_wconf 82' lang='lat' dir='ltr'><strong>oculis</strong></span> <span class='ocrx_word' id='word_1_185' title='bbox 1635 1406 1884 1481; x_wconf 80' lang='lat' dir='ltr'><strong>habeat,_</strong></span> <span class='ocrx_word' id='word_1_186' title='bbox 1907 1416 2303 1481; x_wconf 71' lang='lat' dir='ltr'><strong>tormentorum</strong></span> <span class='ocrx_word' id='word_1_187' title='bbox 2334 1407 2694 1481; x_wconf 73' lang='lat' dir='ltr'><strong>acerbitates,</strong></span> <span class='ocrx_word' id='word_1_188' title='bbox 2723 1417 2776 1461; x_wconf 90' lang='lat' dir='ltr'><strong>et</strong></span> <span class='ocrx_word' id='word_1_189' title='bbox 2807 1408 2950 1481; x_wconf 76' lang='lat' dir='ltr'><strong>dura</strong></span> <span class='ocrx_word' id='word_1_190' title='bbox 2976 1406 3428 1481; x_wconf 87' lang='lat' dir='ltr'><strong>intolerandaque</strong></span> 
     </span>
    </p>
   </div>
   <div class='ocr_carea' id='block_1_15' title="bbox 167 1474 3429 1550">
    <p class='ocr_par' dir='ltr' id='par_1_15' title="bbox 167 1474 3429 1550">
     <span class='ocr_line' id='line_1_15' title="bbox 167 1474 3429 1550; baseline 0.002 -20"><span class='ocrx_word' id='word_1_191' title='bbox 167 1480 364 1550; x_wconf 62' lang='lat' dir='ltr'><strong>omnia</strong></span> <span class='ocrx_word' id='word_1_192' title='bbox 395 1481 652 1550; x_wconf 79' lang='lat' dir='ltr'><strong>experiri.</strong></span> <span class='ocrx_word' id='word_1_193' title='bbox 684 1477 1029 1550; x_wconf 70' lang='lat' dir='ltr'><strong>Niliilmorae</strong></span> <span class='ocrx_word' id='word_1_194' title='bbox 1057 1477 1138 1530; x_wconf 91' lang='lat' dir='ltr'><strong>vir</strong></span> <span class='ocrx_word' id='word_1_195' title='bbox 1167 1474 1391 1550; x_wconf 84' lang='lat' dir='ltr'><strong>sanctus</strong></span> <span class='ocrx_word' id='word_1_196' title='bbox 1423 1477 1475 1550; x_wconf 89' lang='lat' dir='ltr'><strong>in</strong></span> <span class='ocrx_word' id='word_1_197' title='bbox 1511 1491 1570 1531; x_wconf 89' lang='lat' dir='ltr'><strong>re</strong></span> <span class='ocrx_word' id='word_1_198' title='bbox 1601 1475 1826 1531; x_wconf 89' lang='lat' dir='ltr'><strong>minime</strong></span> <span class='ocrx_word' id='word_1_199' title='bbox 1854 1475 2226 1550; x_wconf 79' lang='lat' dir='ltr'><strong>dubia_facit_:</strong></span> <span class='ocrx_word' id='word_1_200' title='bbox 2253 1474 2402 1550; x_wconf 80' lang='lat' dir='ltr'><strong>Stat,</strong></span> <span class='ocrx_word' id='word_1_201' title='bbox 2431 1477 2628 1550; x_wconf 68' lang='lat' dir='ltr'><strong>inquit,</strong></span> <span class='ocrx_word' id='word_1_202' title='bbox 2673 1477 2783 1531; x_wconf 77' lang='lat' dir='ltr'><strong>lucc</strong></span> <span class='ocrx_word' id='word_1_203' title='bbox 2808 1477 2986 1531; x_wconf 94' lang='lat' dir='ltr'><strong>omnia</strong></span> <span class='ocrx_word' id='word_1_204' title='bbox 3010 1489 3058 1532; x_wconf 87' lang='lat' dir='ltr'><strong>et</strong></span> <span class='ocrx_word' id='word_1_205' title='bbox 3097 1485 3303 1548; x_wconf 85' lang='lat' dir='ltr'><strong>majora</strong></span> <span class='ocrx_word' id='word_1_206' title='bbox 3332 1474 3429 1550; x_wconf 65' lang='lat' dir='ltr'><strong>pro</strong></span> 
     </span>
    </p>
   </div>
   <div class='ocr_carea' id='block_1_16' title="bbox 165 1544 3427 1619">
    <p class='ocr_par' dir='ltr' id='par_1_16' title="bbox 165 1544 3427 1619">
     <span class='ocr_line' id='line_1_16' title="bbox 165 1544 3427 1619; baseline 0.001 -16"><span class='ocrx_word' id='word_1_207' title='bbox 165 1548 391 1603; x_wconf 78' lang='lat' dir='ltr'><strong>Christo</strong></span> <span class='ocrx_word' id='word_1_208' title='bbox 420 1544 552 1619; x_wconf 77' lang='lat' dir='ltr'><strong>pati.</strong></span> <span class='ocrx_word' id='word_1_209' title='bbox 579 1549 808 1602; x_wconf 88' lang='lat' dir='ltr'><strong>Tantum</strong></span> <span class='ocrx_word' id='word_1_210' title='bbox 831 1549 924 1600; x_wconf 86' lang='lat' dir='ltr'><strong>illo</strong></span> <span class='ocrx_word' id='word_1_211' title='bbox 953 1547 1142 1619; x_wconf 78' lang='lat' dir='ltr'><strong>fruar,</strong></span> <span class='ocrx_word' id='word_1_212' title='bbox 1161 1556 1210 1619; x_wconf 86' lang='lat' dir='ltr'><strong>et</strong></span> <span class='ocrx_word' id='word_1_213' title='bbox 1242 1548 1421 1600; x_wconf 85' lang='lat' dir='ltr'><strong>omnia</strong></span> <span class='ocrx_word' id='word_1_214' title='bbox 1451 1548 1513 1619; x_wconf 13' lang='lat' dir='ltr'><strong>in,</strong></span> <span class='ocrx_word' id='word_1_215' title='bbox 1539 1562 1619 1598; x_wconf 89' lang='lat' dir='ltr'><strong>me</strong></span> <span class='ocrx_word' id='word_1_216' title='bbox 1638 1557 1898 1600; x_wconf 85' lang='lat' dir='ltr'><strong>tormenta</strong></span> <span class='ocrx_word' id='word_1_217' title='bbox 1923 1547 2154 1619; x_wconf 79' lang='lat' dir='ltr'><strong>veniant.</strong></span> <span class='ocrx_word' id='word_1_218' title='bbox 2187 1544 2306 1619; x_wconf 86' lang='lat' dir='ltr'><strong>Jam</strong></span> <span class='ocrx_word' id='word_1_219' title='bbox 2334 1544 2717 1616; x_wconf 53' lang='lat' dir='ltr'><strong>igitur&#39;videre</strong></span> <span class='ocrx_word' id='word_1_220' title='bbox 2746 1557 2865 1602; x_wconf 90' lang='lat' dir='ltr'><strong>erat</strong></span> <span class='ocrx_word' id='word_1_221' title='bbox 2894 1551 3030 1604; x_wconf 86' lang='lat' dir='ltr'><strong>istos</strong></span> <span class='ocrx_word' id='word_1_222' title='bbox 3062 1544 3192 1618; x_wconf 54' lang='lat' dir='ltr'><strong>jam&#39;</strong></span> <span class='ocrx_word' id='word_1_223' title='bbox 3217 1544 3427 1619; x_wconf 80' lang='lat' dir='ltr'><strong>pridem</strong></span> 
     </span>
    </p>
   </div>
   <div class='ocr_carea' id='block_1_17' title="bbox 166 1616 3430 1688">
    <p class='ocr_par' dir='ltr' id='par_1_17' title="bbox 166 1616 3430 1688">
     <span class='ocr_line' id='line_1_17' title="bbox 166 1616 3430 1688; baseline 0.001 -16"><span class='ocrx_word' id='word_1_224' title='bbox 166 1619 402 1674; x_wconf 86' lang='lat' dir='ltr'><strong>humani</strong></span> <span class='ocrx_word' id='word_1_225' title='bbox 421 1616 711 1688; x_wconf 83' lang='lat' dir='ltr'><strong>sanguinis</strong></span> <span class='ocrx_word' id='word_1_226' title='bbox 745 1619 993 1673; x_wconf 89' lang='lat' dir='ltr'><strong>sitientes</strong></span> <span class='ocrx_word' id='word_1_227' title='bbox 1024 1617 1282 1688; x_wconf 83' lang='lat' dir='ltr'><strong>tigridum</strong></span> <span class='ocrx_word' id='word_1_228' title='bbox 1321 1633 1470 1672; x_wconf 90' lang='lat' dir='ltr'><strong>more</strong></span> <span class='ocrx_word' id='word_1_229' title='bbox 1504 1618 1556 1670; x_wconf 92' lang='lat' dir='ltr'><strong>in</strong></span> <span class='ocrx_word' id='word_1_230' title='bbox 1589 1632 1774 1688; x_wconf 84' lang='lat' dir='ltr'><strong>senem</strong></span> <span class='ocrx_word' id='word_1_231' title='bbox 1807 1619 2038 1680; x_wconf 90' lang='lat' dir='ltr'><strong>irruere,</strong></span> <span class='ocrx_word' id='word_1_232' title='bbox 2062 1616 2373 1688; x_wconf 83' lang='lat' dir='ltr'><strong>immaniter</strong></span> <span class='ocrx_word' id='word_1_233' title='bbox 2402 1619 2745 1687; x_wconf 86' lang='lat' dir='ltr'><strong>propulsare,</strong></span> <span class='ocrx_word' id='word_1_234' title='bbox 2772 1629 2951 1674; x_wconf 85' lang='lat' dir='ltr'><strong>vestes</strong></span> <span class='ocrx_word' id='word_1_235' title='bbox 2983 1616 3297 1683; x_wconf 84' lang='lat' dir='ltr'><strong>diloricare,</strong></span> <span class='ocrx_word' id='word_1_236' title='bbox 3327 1639 3430 1675; x_wconf 84' lang='lat' dir='ltr'><strong>nu-</strong></span> 
     </span>
    </p>
   </div>
   <div class='ocr_carea' id='block_1_18' title="bbox 165 1687 3428 1760">
    <p class='ocr_par' dir='ltr' id='par_1_18' title="bbox 165 1687 3428 1760">
     <span class='ocr_line' id='line_1_18' title="bbox 165 1687 3428 1760; baseline 0 -16"><span class='ocrx_word' id='word_1_237' title='bbox 165 1689 307 1744; x_wconf 89' lang='lat' dir='ltr'><strong>dum</strong></span> <span class='ocrx_word' id='word_1_238' title='bbox 340 1692 394 1746; x_wconf 91' lang='lat' dir='ltr'><strong>in</strong></span> <span class='ocrx_word' id='word_1_239' title='bbox 419 1687 597 1745; x_wconf 85' lang='lat' dir='ltr'><strong>medio</strong></span> <span class='ocrx_word' id='word_1_240' title='bbox 627 1700 886 1760; x_wconf 79' lang='lat' dir='ltr'><strong>statuere,</strong></span> <span class='ocrx_word' id='word_1_241' title='bbox 923 1687 1091 1760; x_wconf 78' lang='lat' dir='ltr'><strong>virgis</strong></span> <span class='ocrx_word' id='word_1_242' title='bbox 1119 1688 1267 1760; x_wconf 88' lang='lat' dir='ltr'><strong>omni</strong></span> <span class='ocrx_word' id='word_1_243' title='bbox 1298 1703 1365 1742; x_wconf 79' lang='lat' dir='ltr'><strong>ex</strong></span> <span class='ocrx_word' id='word_1_244' title='bbox 1396 1696 1550 1760; x_wconf 80' lang='lat' dir='ltr'><strong>parte</strong></span> <span class='ocrx_word' id='word_1_245' title='bbox 1579 1687 1889 1760; x_wconf 84' lang='lat' dir='ltr'><strong>concidere,</strong></span> <span class='ocrx_word' id='word_1_246' title='bbox 1931 1697 1986 1741; x_wconf 88' lang='lat' dir='ltr'><strong>et</strong></span> <span class='ocrx_word' id='word_1_247' title='bbox 2019 1687 2190 1760; x_wconf 85' lang='lat' dir='ltr'><strong>senile</strong></span> <span class='ocrx_word' id='word_1_248' title='bbox 2243 1689 2556 1760; x_wconf 80' lang='lat' dir='ltr'><strong>ac__ell&#39;etuiii</strong></span> <span class='ocrx_word' id='word_1_249' title='bbox 2590 1703 2792 1760; x_wconf 89' lang='lat' dir='ltr'><strong>corpus</strong></span> <span class='ocrx_word' id='word_1_250' title='bbox 2826 1690 2977 1743; x_wconf 92' lang='lat' dir='ltr'><strong>nullo</strong></span> <span class='ocrx_word' id='word_1_251' title='bbox 3007 1698 3256 1760; x_wconf 83' lang='lat' dir='ltr'><strong>respectu</strong></span> <span class='ocrx_word' id='word_1_252' title='bbox 3288 1693 3428 1746; x_wconf 83' lang='lat' dir='ltr'><strong>dila-</strong></span> 
     </span>
    </p>
   </div>
   <div class='ocr_carea' id='block_1_19' title="bbox 163 1757 3428 1827">
    <p class='ocr_par' dir='ltr' id='par_1_19' title="bbox 163 1757 3428 1827">
     <span class='ocr_line' id='line_1_19' title="bbox 163 1757 3428 1827; baseline 0.001 -14"><span class='ocrx_word' id='word_1_253' title='bbox 163 1774 404 1815; x_wconf 87' lang='lat' dir='ltr'><strong>cerare:</strong></span> <span class='ocrx_word' id='word_1_254' title='bbox 440 1761 592 1814; x_wconf 91' lang='lat' dir='ltr'><strong>illum</strong></span> <span class='ocrx_word' id='word_1_255' title='bbox 627 1767 809 1813; x_wconf 91' lang='lat' dir='ltr'><strong>autem</strong></span> <span class='ocrx_word' id='word_1_256' title='bbox 859 1759 1000 1812; x_wconf 92' lang='lat' dir='ltr'><strong>inter</strong></span> <span class='ocrx_word' id='word_1_257' title='bbox 1029 1759 1180 1813; x_wconf 90' lang='lat' dir='ltr'><strong>diros</strong></span> <span class='ocrx_word' id='word_1_258' title='bbox 1217 1757 1534 1812; x_wconf 87' lang='lat' dir='ltr'><strong>immanium</strong></span> <span class='ocrx_word' id='word_1_259' title='bbox 1575 1759 1860 1812; x_wconf 84' lang='lat' dir='ltr'><strong>verberum</strong></span> <span class='ocrx_word' id='word_1_260' title='bbox 1894 1759 2175 1827; x_wconf 86' lang='lat' dir='ltr'><strong>crepitus,</strong></span> <span class='ocrx_word' id='word_1_261' title='bbox 2210 1757 2349 1810; x_wconf 92' lang='lat' dir='ltr'><strong>nihil</strong></span> <span class='ocrx_word' id='word_1_262' title='bbox 2397 1759 2542 1812; x_wconf 91' lang='lat' dir='ltr'><strong>aliud</strong></span> <span class='ocrx_word' id='word_1_263' title='bbox 2589 1760 2695 1813; x_wconf 91' lang='lat' dir='ltr'><strong>nisi</strong></span> <span class='ocrx_word' id='word_1_264' title='bbox 2745 1759 2839 1813; x_wconf 86' lang='lat' dir='ltr'><strong>Dei</strong></span> <span class='ocrx_word' id='word_1_265' title='bbox 2881 1769 2995 1827; x_wconf 91' lang='lat' dir='ltr'><strong>opt.</strong></span> <span class='ocrx_word' id='word_1_266' title='bbox 3044 1757 3188 1815; x_wconf 78' lang='lat' dir='ltr'><strong>max.</strong></span> <span class='ocrx_word' id='word_1_267' title='bbox 3240 1763 3428 1817; x_wconf 90' lang='lat' dir='ltr'><strong>laudes</strong></span> 
     </span>
    </p>
   </div>
   <div class='ocr_carea' id='block_1_20' title="bbox 164 1827 3424 1899">
    <p class='ocr_par' dir='ltr' id='par_1_20' title="bbox 164 1827 3424 1899">
     <span class='ocr_line' id='line_1_20' title="bbox 164 1827 3424 1899; baseline 0 -15"><span class='ocrx_word' id='word_1_268' title='bbox 164 1839 382 1899; x_wconf 87' lang='lat' dir='ltr'><strong>quanto</strong></span> <span class='ocrx_word' id='word_1_269' title='bbox 411 1831 648 1884; x_wconf 82' lang='lat' dir='ltr'><strong>maximo</strong></span> <span class='ocrx_word' id='word_1_270' title='bbox 682 1829 879 1884; x_wconf 70' lang='lat' dir='ltr'><strong>affectu</strong></span> <span class='ocrx_word' id='word_1_271' title='bbox 905 1827 1219 1899; x_wconf 74' lang='lat' dir='ltr'><strong>celebrare.</strong></span> <span class='ocrx_word' id='word_1_272' title='bbox 1240 1827 1778 1899; x_wconf 86' lang='lat' dir='ltr'><strong>nisicommilitones</strong></span> <span class='ocrx_word' id='word_1_273' title='bbox 1805 1827 1869 1880; x_wconf 89' lang='lat' dir='ltr'><strong>ad</strong></span> <span class='ocrx_word' id='word_1_274' title='bbox 1903 1827 2055 1896; x_wconf 89' lang='lat' dir='ltr'><strong>paria</strong></span> <span class='ocrx_word' id='word_1_275' title='bbox 2087 1828 2212 1881; x_wconf 68' lang='grc' dir='ltr'><strong>αα)ιί</strong></span> <span class='ocrx_word' id='word_1_276' title='bbox 2246 1827 2507 1899; x_wconf 75' lang='lat' dir='ltr'><strong>beneﬁcia</strong></span> <span class='ocrx_word' id='word_1_277' title='bbox 2539 1829 2816 1883; x_wconf 89' lang='lat' dir='ltr'><strong>cohortari</strong></span> <span class='ocrx_word' id='word_1_278' title='bbox 2859 1849 2870 1884; x_wconf 92' lang='lat'><strong>:</strong></span> <span class='ocrx_word' id='word_1_279' title='bbox 2913 1827 3146 1884; x_wconf 86' lang='lat' dir='ltr'><strong>Laudem</strong></span> <span class='ocrx_word' id='word_1_280' title='bbox 3189 1831 3424 1895; x_wconf 79' lang='lat' dir='ltr'><strong>Domini,</strong></span> 
     </span>
    </p>
   </div>
   <div class='ocr_carea' id='block_1_21' title="bbox 164 1897 3427 1970">
    <p class='ocr_par' dir='ltr' id='par_1_21' title="bbox 164 1897 3427 1970">
     <span class='ocr_line' id='line_1_21' title="bbox 164 1897 3427 1970; baseline 0.002 -19"><span class='ocrx_word' id='word_1_281' title='bbox 164 1897 478 1970; x_wconf 73' lang='lat' dir='ltr'><strong>ihquiebat,</strong></span> <span class='ocrx_word' id='word_1_282' title='bbox 519 1901 759 1969; x_wconf 76' lang='lat' dir='ltr'><strong>loquatur</strong></span> <span class='ocrx_word' id='word_1_283' title='bbox 789 1916 846 1952; x_wconf 92' lang='lat' dir='ltr'><strong>os</strong></span> <span class='ocrx_word' id='word_1_284' title='bbox 877 1916 1048 1970; x_wconf 84' lang='lat' dir='ltr'><strong>meum</strong></span> <span class='ocrx_word' id='word_1_285' title='bbox 1074 1916 1093 1954; x_wconf 91' lang='lat'><strong><em>:</em></strong></span> <span class='ocrx_word' id='word_1_286' title='bbox 1125 1909 1173 1953; x_wconf 88' lang='lat' dir='ltr'><strong>et</strong></span> <span class='ocrx_word' id='word_1_287' title='bbox 1204 1897 1474 1952; x_wconf 85' lang='lat' dir='ltr'><strong>benedicat</strong></span> <span class='ocrx_word' id='word_1_288' title='bbox 1497 1899 1685 1970; x_wconf 88' lang='lat' dir='ltr'><strong>omnis</strong></span> <span class='ocrx_word' id='word_1_289' title='bbox 1716 1914 1841 1970; x_wconf 85' lang='lat' dir='ltr'><strong>caro</strong></span> <span class='ocrx_word' id='word_1_290' title='bbox 1880 1899 2081 1951; x_wconf 79' lang='lat' dir='ltr'><strong>nomini</strong></span> <span class='ocrx_word' id='word_1_291' title='bbox 2125 1909 2310 1950; x_wconf 88' lang='lat' dir='ltr'><strong>sancto</strong></span> <span class='ocrx_word' id='word_1_292' title='bbox 2354 1897 2468 1966; x_wconf 83' lang='lat' dir='ltr'><strong>ejus</strong></span> <span class='ocrx_word' id='word_1_293' title='bbox 2494 1905 2518 1932; x_wconf 92' lang='grc'><strong>⁰</strong></span> <span class='ocrx_word' id='word_1_294' title='bbox 2542 1916 2558 1970; x_wconf 68' lang='grc' dir='ltr'>ξ</span> <span class='ocrx_word' id='word_1_295' title='bbox 2583 1900 2831 1969; x_wconf 88' lang='lat' dir='ltr'><strong>quoniam</strong></span> <span class='ocrx_word' id='word_1_296' title='bbox 2875 1901 3129 1970; x_wconf 78' lang='lat' dir='ltr'><strong>stigmata</strong></span> <span class='ocrx_word' id='word_1_297' title='bbox 3161 1904 3427 1969; x_wconf 73' lang='lat' dir='ltr'><strong>passionis</strong></span> 
     </span>
    </p>
   </div>
   <div class='ocr_carea' id='block_1_22' title="bbox 161 1968 3424 2040">
    <p class='ocr_par' dir='ltr' id='par_1_22' title="bbox 161 1968 3424 2040">
     <span class='ocr_line' id='line_1_22' title="bbox 161 1968 3424 2040; baseline 0.001 -16"><span class='ocrx_word' id='word_1_298' title='bbox 161 1968 376 2024; x_wconf 76' lang='lat' dir='ltr'><strong>Christi</strong></span> <span class='ocrx_word' id='word_1_299' title='bbox 401 1968 628 2040; x_wconf 74' lang='lat' dir='ltr'><strong>perferre</strong></span> <span class='ocrx_word' id='word_1_300' title='bbox 657 1969 847 2040; x_wconf 87' lang='lat' dir='ltr'><strong>dignus</strong></span> <span class='ocrx_word' id='word_1_301' title='bbox 869 1969 1084 2023; x_wconf 81' lang='lat' dir='ltr'><strong>habitus</strong></span> <span class='ocrx_word' id='word_1_302' title='bbox 1113 1985 1230 2024; x_wconf 87' lang='lat' dir='ltr'><strong>sum</strong></span> <span class='ocrx_word' id='word_1_303' title='bbox 1259 1985 1353 2036; x_wconf 87' lang='lat' dir='ltr'><strong>pro</strong></span> <span class='ocrx_word' id='word_1_304' title='bbox 1375 1969 1703 2040; x_wconf 74' lang='lat' dir='ltr'><strong>confessione</strong></span> <span class='ocrx_word' id='word_1_305' title='bbox 1724 1968 1837 2038; x_wconf 87' lang='lat' dir='ltr'><strong>ejus</strong></span> <span class='ocrx_word' id='word_1_306' title='bbox 1867 1970 1922 2021; x_wconf 90' lang='lat' dir='ltr'><strong>in</strong></span> <span class='ocrx_word' id='word_1_307' title='bbox 1951 1983 2167 2034; x_wconf 84' lang='lat' dir='ltr'><strong>corpore</strong></span> <span class='ocrx_word' id='word_1_308' title='bbox 2190 1985 2324 2040; x_wconf 85' lang='lat' dir='ltr'><strong>meo,</strong></span> <span class='ocrx_word' id='word_1_309' title='bbox 2355 1985 2472 2038; x_wconf 79' lang='lat' dir='ltr'><strong>qua:</strong></span> <span class='ocrx_word' id='word_1_310' title='bbox 2505 1968 2681 2037; x_wconf 74' lang='lat' dir='ltr'><strong>gloria</strong></span> <span class='ocrx_word' id='word_1_311' title='bbox 2715 1979 2793 2024; x_wconf 83' lang='lat' dir='ltr'><strong>est</strong></span> <span class='ocrx_word' id='word_1_312' title='bbox 2815 1968 3008 2034; x_wconf 81' lang='lat' dir='ltr'><strong>vestra,</strong></span> <span class='ocrx_word' id='word_1_313' title='bbox 3033 1989 3062 2024; x_wconf 93' lang='grc' dir='ltr'><strong><em>ο</em></strong></span> <span class='ocrx_word' id='word_1_314' title='bbox 3091 1968 3189 2025; x_wconf 86' lang='lat' dir='ltr'><strong>viri</strong></span> <span class='ocrx_word' id='word_1_315' title='bbox 3221 1973 3424 2040; x_wconf 80' lang='lat' dir='ltr'><strong>ﬁdeles,</strong></span> 
     </span>
    </p>
   </div>
   <div class='ocr_carea' id='block_1_23' title="bbox 159 2039 3418 2110">
    <p class='ocr_par' dir='ltr' id='par_1_23' title="bbox 159 2039 3418 2110">
     <span class='ocr_line' id='line_1_23' title="bbox 159 2039 3418 2110; baseline 0 -15"><span class='ocrx_word' id='word_1_316' title='bbox 159 2051 220 2095; x_wconf 76' lang='lat' dir='ltr'><strong>et</strong></span> <span class='ocrx_word' id='word_1_317' title='bbox 245 2041 578 2110; x_wconf 68' lang='lat' dir='ltr'><strong>dilectissimi</strong></span> <span class='ocrx_word' id='word_1_318' title='bbox 597 2039 815 2110; x_wconf 78' lang='lat' dir='ltr'><strong>fratres.</strong></span> <span class='ocrx_word' id='word_1_319' title='bbox 842 2041 1108 2110; x_wconf 82' lang='lat' dir='ltr'><strong>Quocirca</strong></span> <span class='ocrx_word' id='word_1_320' title='bbox 1138 2055 1230 2094; x_wconf 88' lang='lat' dir='ltr'><strong>nec</strong></span> <span class='ocrx_word' id='word_1_321' title='bbox 1259 2057 1346 2093; x_wconf 83' lang='lat' dir='ltr'><strong>vos</strong></span> <span class='ocrx_word' id='word_1_322' title='bbox 1375 2039 1486 2094; x_wconf 66' lang='grc' dir='ltr'><strong>ἠως</strong></span> <span class='ocrx_word' id='word_1_323' title='bbox 1511 2055 1623 2110; x_wconf 86' lang='lat' dir='ltr'><strong>mea</strong></span> <span class='ocrx_word' id='word_1_324' title='bbox 1655 2048 1918 2092; x_wconf 88' lang='lat' dir='ltr'><strong>tormenta</strong></span> <span class='ocrx_word' id='word_1_325' title='bbox 1943 2047 2197 2110; x_wconf 86' lang='lat' dir='ltr'><strong>terreant,</strong></span> <span class='ocrx_word' id='word_1_326' title='bbox 2227 2039 2318 2092; x_wconf 84' lang='lat' dir='ltr'><strong>sed</strong></span> <span class='ocrx_word' id='word_1_327' title='bbox 2351 2040 2586 2093; x_wconf 87' lang='lat' dir='ltr'><strong>animent</strong></span> <span class='ocrx_word' id='word_1_328' title='bbox 2621 2041 2816 2108; x_wconf 83' lang='lat' dir='ltr'><strong>potius,</strong></span> <span class='ocrx_word' id='word_1_329' title='bbox 2849 2051 3004 2110; x_wconf 84' lang='lat' dir='ltr'><strong>atque</strong></span> <span class='ocrx_word' id='word_1_330' title='bbox 3029 2042 3096 2094; x_wconf 89' lang='lat' dir='ltr'><strong>ad</strong></span> <span class='ocrx_word' id='word_1_331' title='bbox 3121 2039 3302 2096; x_wconf 79' lang='lat' dir='ltr'><strong>eadem</strong></span> <span class='ocrx_word' id='word_1_332' title='bbox 3324 2059 3418 2110; x_wconf 85' lang='lat' dir='ltr'><strong>pro</strong></span> 
     </span>
    </p>
   </div>
   <div class='ocr_carea' id='block_1_24' title="bbox 163 2109 3428 2180">
    <p class='ocr_par' dir='ltr' id='par_1_24' title="bbox 163 2109 3428 2180">
     <span class='ocr_line' id='line_1_24' title="bbox 163 2109 3428 2180; baseline 0 -15"><span class='ocrx_word' id='word_1_333' title='bbox 163 2113 386 2166; x_wconf 76' lang='lat' dir='ltr'><strong>nomine</strong></span> <span class='ocrx_word' id='word_1_334' title='bbox 421 2109 549 2166; x_wconf 83' lang='lat' dir='ltr'><strong>Jesu</strong></span> <span class='ocrx_word' id='word_1_335' title='bbox 574 2109 774 2167; x_wconf 78' lang='lat' dir='ltr'><strong>Christi</strong></span> <span class='ocrx_word' id='word_1_336' title='bbox 799 2109 1112 2179; x_wconf 81' lang='lat' dir='ltr'><strong>perferenda</strong></span> <span class='ocrx_word' id='word_1_337' title='bbox 1146 2110 1501 2178; x_wconf 78' lang='lat' dir='ltr'><strong>inﬂamment.</strong></span> <span class='ocrx_word' id='word_1_338' title='bbox 1547 2109 1637 2163; x_wconf 86' lang='lat' dir='ltr'><strong>Sic</strong></span> <span class='ocrx_word' id='word_1_339' title='bbox 1672 2110 1838 2180; x_wconf 77' lang='lat' dir='ltr'><strong>igitur</strong></span> <span class='ocrx_word' id='word_1_340' title='bbox 1866 2116 1920 2162; x_wconf 91' lang='lat' dir='ltr'><strong>et</strong></span> <span class='ocrx_word' id='word_1_341' title='bbox 1949 2109 2167 2172; x_wconf 89' lang='lat' dir='ltr'><strong>unicus,</strong></span> <span class='ocrx_word' id='word_1_342' title='bbox 2199 2117 2254 2164; x_wconf 91' lang='lat' dir='ltr'><strong>et</strong></span> <span class='ocrx_word' id='word_1_343' title='bbox 2290 2123 2479 2172; x_wconf 87' lang='lat' dir='ltr'><strong>senex,</strong></span> <span class='ocrx_word' id='word_1_344' title='bbox 2507 2123 2559 2164; x_wconf 88' lang='lat' dir='ltr'><strong>et</strong></span> <span class='ocrx_word' id='word_1_345' title='bbox 2591 2110 2792 2174; x_wconf 90' lang='lat' dir='ltr'><strong>nudus,</strong></span> <span class='ocrx_word' id='word_1_346' title='bbox 2823 2118 2877 2166; x_wconf 91' lang='lat' dir='ltr'><strong>et</strong></span> <span class='ocrx_word' id='word_1_347' title='bbox 2903 2109 3150 2174; x_wconf 88' lang='lat' dir='ltr'><strong>inermis,</strong></span> <span class='ocrx_word' id='word_1_348' title='bbox 3192 2109 3428 2170; x_wconf 85' lang='lat' dir='ltr'><strong>tortores</strong></span> 
     </span>
    </p>
   </div>
   <div class='ocr_carea' id='block_1_25' title="bbox 160 2182 3426 2250">
    <p class='ocr_par' dir='ltr' id='par_1_25' title="bbox 160 2182 3426 2250">
     <span class='ocr_line' id='line_1_25' title="bbox 160 2182 3426 2250; baseline 0 -14"><span class='ocrx_word' id='word_1_349' title='bbox 160 2183 396 2245; x_wconf 87' lang='lat' dir='ltr'><strong>multos,</strong></span> <span class='ocrx_word' id='word_1_350' title='bbox 431 2188 486 2236; x_wconf 91' lang='lat' dir='ltr'><strong>et</strong></span> <span class='ocrx_word' id='word_1_351' title='bbox 522 2182 774 2250; x_wconf 87' lang='lat' dir='ltr'><strong>juvenes,</strong></span> <span class='ocrx_word' id='word_1_352' title='bbox 806 2193 860 2236; x_wconf 89' lang='lat' dir='ltr'><strong>et</strong></span> <span class='ocrx_word' id='word_1_353' title='bbox 889 2182 1121 2244; x_wconf 89' lang='lat' dir='ltr'><strong>validos,</strong></span> <span class='ocrx_word' id='word_1_354' title='bbox 1151 2190 1206 2236; x_wconf 91' lang='lat' dir='ltr'><strong>et</strong></span> <span class='ocrx_word' id='word_1_355' title='bbox 1237 2190 1479 2234; x_wconf 86' lang='lat' dir='ltr'><strong>armatos</strong></span> <span class='ocrx_word' id='word_1_356' title='bbox 1509 2195 1775 2250; x_wconf 86' lang='lat' dir='ltr'><strong>generose</strong></span> <span class='ocrx_word' id='word_1_357' title='bbox 1802 2182 2103 2248; x_wconf 85' lang='lat' dir='ltr'><strong>superavit,</strong></span> <span class='ocrx_word' id='word_1_358' title='bbox 2138 2194 2248 2250; x_wconf 81' lang='lat' dir='ltr'><strong>nec</strong></span> <span class='ocrx_word' id='word_1_359' title='bbox 2274 2191 2520 2234; x_wconf 86' lang='lat' dir='ltr'><strong>enectam</strong></span> <span class='ocrx_word' id='word_1_360' title='bbox 2571 2197 2738 2250; x_wconf 85' lang='lat' dir='ltr'><strong>prope</strong></span> <span class='ocrx_word' id='word_1_361' title='bbox 2771 2182 3092 2236; x_wconf 83' lang='lat' dir='ltr'><strong>verberibus</strong></span> <span class='ocrx_word' id='word_1_362' title='bbox 3145 2191 3426 2238; x_wconf 79' lang='lat' dir='ltr'><strong>senectam</strong></span> 
     </span>
    </p>
   </div>
   <div class='ocr_carea' id='block_1_26' title="bbox 160 2248 3427 2321">
    <p class='ocr_par' dir='ltr' id='par_1_26' title="bbox 160 2248 3427 2321">
     <span class='ocr_line' id='line_1_26' title="bbox 160 2248 3427 2321; baseline 0.001 -15"><span class='ocrx_word' id='word_1_363' title='bbox 160 2267 282 2306; x_wconf 88' lang='lat' dir='ltr'><strong>non</strong></span> <span class='ocrx_word' id='word_1_364' title='bbox 315 2253 476 2307; x_wconf 91' lang='lat' dir='ltr'><strong>modo</strong></span> <span class='ocrx_word' id='word_1_365' title='bbox 503 2248 570 2308; x_wconf 86' lang='lat' dir='ltr'><strong>de</strong></span> <span class='ocrx_word' id='word_1_366' title='bbox 600 2253 768 2306; x_wconf 86' lang='lat' dir='ltr'><strong>animi</strong></span> <span class='ocrx_word' id='word_1_367' title='bbox 799 2252 1081 2321; x_wconf 91' lang='lat' dir='ltr'><strong>proposito</strong></span> <span class='ocrx_word' id='word_1_368' title='bbox 1108 2251 1424 2312; x_wconf 90' lang='lat' dir='ltr'><strong>deturbare,</strong></span> <span class='ocrx_word' id='word_1_369' title='bbox 1467 2248 1564 2306; x_wconf 81' lang='lat' dir='ltr'><strong>sed</strong></span> <span class='ocrx_word' id='word_1_370' title='bbox 1595 2266 1698 2304; x_wconf 90' lang='lat' dir='ltr'><strong>nec</strong></span> <span class='ocrx_word' id='word_1_371' title='bbox 1745 2251 2034 2321; x_wconf 83' lang='lat' dir='ltr'><strong>minimum</strong></span> <span class='ocrx_word' id='word_1_372' title='bbox 2086 2248 2414 2321; x_wconf 81' lang='lat' dir='ltr'><strong>pavefacere</strong></span> <span class='ocrx_word' id='word_1_373' title='bbox 2429 2248 2584 2321; x_wconf 15' lang='lat' dir='ltr'><strong>ilidei&#39;</strong></span> <span class='ocrx_word' id='word_1_374' title='bbox 2620 2248 2814 2305; x_wconf 78' lang='lat' dir='ltr'><strong>baculo</strong></span> <span class='ocrx_word' id='word_1_375' title='bbox 2845 2250 3123 2317; x_wconf 87' lang='lat' dir='ltr'><strong>innixam,</strong></span> <span class='ocrx_word' id='word_1_376' title='bbox 3172 2261 3256 2308; x_wconf 91' lang='lat' dir='ltr'><strong>ter</strong></span> <span class='ocrx_word' id='word_1_377' title='bbox 3286 2255 3427 2308; x_wconf 88' lang='lat' dir='ltr'><strong>terni</strong></span> 
     </span>
    </p>
   </div>
   <div class='ocr_carea' id='block_1_27' title="bbox 159 2319 3432 2393">
    <p class='ocr_par' dir='ltr' id='par_1_27' title="bbox 159 2319 3432 2393">
     <span class='ocr_line' id='line_1_27' title="bbox 159 2319 3432 2393; baseline 0 -17"><span class='ocrx_word' id='word_1_378' title='bbox 159 2323 405 2376; x_wconf 86' lang='lat' dir='ltr'><strong>invicem</strong></span> <span class='ocrx_word' id='word_1_379' title='bbox 438 2319 1048 2391; x_wconf 46' lang='lat' dir='ltr'><strong>succedentes—potuere</strong></span> <span class='ocrx_word' id='word_1_380' title='bbox 1078 2322 1294 2393; x_wconf 83' lang='lat' dir='ltr'><strong>barbari</strong></span> <span class='ocrx_word' id='word_1_381' title='bbox 1330 2322 1570 2375; x_wconf 87' lang='lat' dir='ltr'><strong>lictores.</strong></span> <span class='ocrx_word' id='word_1_382' title='bbox 1596 2321 1665 2374; x_wconf 86' lang='lat' dir='ltr'><strong>At</strong></span> <span class='ocrx_word' id='word_1_383' title='bbox 1699 2322 1881 2393; x_wconf 84' lang='lat' dir='ltr'><strong>socios</strong></span> <span class='ocrx_word' id='word_1_384' title='bbox 1913 2319 2054 2374; x_wconf 77' lang='lat' dir='ltr'><strong>forte</strong></span> <span class='ocrx_word' id='word_1_385' title='bbox 2086 2319 2370 2393; x_wconf 84' lang='lat' dir='ltr'><strong>vicerunt?</strong></span> <span class='ocrx_word' id='word_1_386' title='bbox 2398 2319 2778 2393; x_wconf 83' lang='lat' dir='ltr'><strong>Nihilminus.</strong></span> <span class='ocrx_word' id='word_1_387' title='bbox 2813 2322 3171 2393; x_wconf 86' lang='lat' dir='ltr'><strong>Atrocissima</strong></span> <span class='ocrx_word' id='word_1_388' title='bbox 3203 2323 3432 2393; x_wconf 87' lang='lat' dir='ltr'><strong>quidem.</strong></span> 
     </span>
    </p>
   </div>
   <div class='ocr_carea' id='block_1_28' title="bbox 156 2391 3426 2461">
    <p class='ocr_par' dir='ltr' id='par_1_28' title="bbox 156 2391 3426 2461">
     <span class='ocr_line' id='line_1_28' title="bbox 156 2391 3426 2461; baseline 0.002 -18"><span class='ocrx_word' id='word_1_389' title='bbox 156 2395 335 2446; x_wconf 72' lang='lat' dir='ltr'><strong>verbe</strong></span> <span class='ocrx_word' id='word_1_390' title='bbox 367 2394 546 2447; x_wconf 90' lang='lat' dir='ltr'><strong>atione</strong></span> <span class='ocrx_word' id='word_1_391' title='bbox 573 2400 627 2447; x_wconf 89' lang='lat' dir='ltr'><strong>et</strong></span> <span class='ocrx_word' id='word_1_392' title='bbox 657 2393 1030 2446; x_wconf 84' lang='lat' dir='ltr'><strong>membrorum</strong></span> <span class='ocrx_word' id='word_1_393' title='bbox 1071 2392 1308 2461; x_wconf 90' lang='lat' dir='ltr'><strong>plurimo</strong></span> <span class='ocrx_word' id='word_1_394' title='bbox 1337 2394 1605 2461; x_wconf 78' lang='lat' dir='ltr'><strong>sanguine</strong></span> <span class='ocrx_word' id='word_1_395' title='bbox 1637 2391 1983 2460; x_wconf 84' lang='lat' dir='ltr'><strong>perfusorum</strong></span> <span class='ocrx_word' id='word_1_396' title='bbox 2014 2391 2397 2444; x_wconf 90' lang='lat' dir='ltr'><strong>cruentatione</strong></span> <span class='ocrx_word' id='word_1_397' title='bbox 2439 2391 2752 2445; x_wconf 80' lang='lat' dir='ltr'><strong>institeru‘nl</strong></span> <span class='ocrx_word' id='word_1_398' title='bbox 2773 2431 2787 2453; x_wconf 93' lang='lat'><strong>,</strong></span> <span class='ocrx_word' id='word_1_399' title='bbox 2821 2400 2879 2445; x_wconf 92' lang='lat' dir='ltr'><strong>ut</strong></span> <span class='ocrx_word' id='word_1_400' title='bbox 2907 2391 3064 2446; x_wconf 79' lang='lat' dir='ltr'><strong>fracti</strong></span> <span class='ocrx_word' id='word_1_401' title='bbox 3097 2401 3192 2446; x_wconf 90' lang='lat' dir='ltr'><strong>aut</strong></span> <span class='ocrx_word' id='word_1_402' title='bbox 3223 2391 3426 2448; x_wconf 69' lang='lat' dir='ltr'><strong>iit-bili-</strong></span> 
     </span>
    </p>
   </div>
   <div class='ocr_carea' id='block_1_29' title="bbox 160 2461 3422 2532">
    <p class='ocr_par' dir='ltr' id='par_1_29' title="bbox 160 2461 3422 2532">
     <span class='ocr_line' id='line_1_29' title="bbox 160 2461 3422 2532; baseline 0 -17"><span class='ocrx_word' id='word_1_403' title='bbox 160 2465 268 2515; x_wconf 85' lang='lat' dir='ltr'><strong>tati</strong></span> <span class='ocrx_word' id='word_1_404' title='bbox 301 2463 598 2532; x_wconf 87' lang='lat' dir='ltr'><strong>quidquam</strong></span> <span class='ocrx_word' id='word_1_405' title='bbox 630 2464 891 2532; x_wconf 86' lang='lat' dir='ltr'><strong>elicerent</strong></span> <span class='ocrx_word' id='word_1_406' title='bbox 923 2462 1130 2526; x_wconf 89' lang='lat' dir='ltr'><strong>animi,</strong></span> <span class='ocrx_word' id='word_1_407' title='bbox 1162 2461 1258 2517; x_wconf 91' lang='lat' dir='ltr'><strong>sed</strong></span> <span class='ocrx_word' id='word_1_408' title='bbox 1300 2461 1442 2515; x_wconf 88' lang='lat' dir='ltr'><strong>idem</strong></span> <span class='ocrx_word' id='word_1_409' title='bbox 1473 2471 1527 2516; x_wconf 91' lang='lat' dir='ltr'><strong>et</strong></span> <span class='ocrx_word' id='word_1_410' title='bbox 1552 2462 1894 2515; x_wconf 86' lang='lat' dir='ltr'><strong>tantumdem</strong></span> <span class='ocrx_word' id='word_1_411' title='bbox 1920 2476 1950 2512; x_wconf 88' lang='lat' dir='ltr'><strong>a</strong></span> <span class='ocrx_word' id='word_1_412' title='bbox 1985 2461 2132 2532; x_wconf 85' lang='lat' dir='ltr'><strong>liliis,</strong></span> <span class='ocrx_word' id='word_1_413' title='bbox 2161 2467 2430 2532; x_wconf 83' lang='lat' dir='ltr'><strong>quantum</strong></span> <span class='ocrx_word' id='word_1_414' title='bbox 2459 2476 2490 2512; x_wconf 91' lang='lat' dir='ltr'><strong>a</strong></span> <span class='ocrx_word' id='word_1_415' title='bbox 2521 2469 2676 2528; x_wconf 91' lang='lat' dir='ltr'><strong>patre</strong></span> <span class='ocrx_word' id='word_1_416' title='bbox 2705 2461 3046 2517; x_wconf 90' lang='lat' dir='ltr'><strong>elicuerunt:</strong></span> <span class='ocrx_word' id='word_1_417' title='bbox 3072 2478 3267 2532; x_wconf 86' lang='lat' dir='ltr'><strong>nempe</strong></span> <span class='ocrx_word' id='word_1_418' title='bbox 3299 2464 3422 2517; x_wconf 80' lang='lat' dir='ltr'><strong>lidei</strong></span> 
     </span>
    </p>
   </div>
   <div class='ocr_carea' id='block_1_30' title="bbox 159 2530 3426 2602">
    <p class='ocr_par' dir='ltr' id='par_1_30' title="bbox 159 2530 3426 2602">
     <span class='ocr_line' id='line_1_30' title="bbox 159 2530 3426 2602; baseline 0 -16"><span class='ocrx_word' id='word_1_419' title='bbox 159 2530 423 2586; x_wconf 83' lang='lat' dir='ltr'><strong>hortatus</strong></span> <span class='ocrx_word' id='word_1_420' title='bbox 453 2530 569 2602; x_wconf 53' lang='lat' dir='ltr'><strong>&#39;pro</strong></span> <span class='ocrx_word' id='word_1_421' title='bbox 598 2533 834 2602; x_wconf 79' lang='lat' dir='ltr'><strong>gemitu,</strong></span> <span class='ocrx_word' id='word_1_422' title='bbox 873 2531 963 2602; x_wconf 81' lang='lat' dir='ltr'><strong>Dei</strong></span> <span class='ocrx_word' id='word_1_423' title='bbox 1008 2532 1199 2588; x_wconf 83' lang='lat' dir='ltr'><strong>laudes</strong></span> <span class='ocrx_word' id='word_1_424' title='bbox 1244 2547 1342 2602; x_wconf 87' lang='lat' dir='ltr'><strong>pro</strong></span> <span class='ocrx_word' id='word_1_425' title='bbox 1375 2532 1631 2602; x_wconf 88' lang='lat' dir='ltr'><strong>suspiriis</strong></span> <span class='ocrx_word' id='word_1_426' title='bbox 1659 2549 1671 2584; x_wconf 92' lang='lat'><strong>:</strong></span> <span class='ocrx_word' id='word_1_427' title='bbox 1699 2539 1753 2584; x_wconf 93' lang='lat' dir='ltr'><strong>at</strong></span> <span class='ocrx_word' id='word_1_428' title='bbox 1791 2545 1920 2602; x_wconf 90' lang='lat' dir='ltr'><strong>vero</strong></span> <span class='ocrx_word' id='word_1_429' title='bbox 1959 2531 2063 2584; x_wconf 87' lang='lat' dir='ltr'><strong>sibi</strong></span> <span class='ocrx_word' id='word_1_430' title='bbox 2112 2530 2246 2602; x_wconf 86' lang='lat' dir='ltr'><strong>ipsis</strong></span> <span class='ocrx_word' id='word_1_431' title='bbox 2291 2545 2388 2602; x_wconf 84' lang='lat' dir='ltr'><strong>pro</strong></span> <span class='ocrx_word' id='word_1_432' title='bbox 2428 2532 2834 2602; x_wconf 78' lang='lat' dir='ltr'><strong>exspectatione</strong></span> <span class='ocrx_word' id='word_1_433' title='bbox 2884 2530 3292 2596; x_wconf 78' lang='lat' dir='ltr'><strong>confusionem,</strong></span> <span class='ocrx_word' id='word_1_434' title='bbox 3326 2549 3426 2602; x_wconf 88' lang='lat' dir='ltr'><strong>pro</strong></span> 
     </span>
    </p>
   </div>
   <div class='ocr_carea' id='block_1_31' title="bbox 155 2599 3425 2673">
    <p class='ocr_par' dir='ltr' id='par_1_31' title="bbox 155 2599 3425 2673">
     <span class='ocr_line' id='line_1_31' title="bbox 155 2599 3425 2673; baseline 0.001 -18"><span class='ocrx_word' id='word_1_435' title='bbox 155 2603 401 2673; x_wconf 68' lang='lat' dir='ltr'><strong>victoria</strong></span> <span class='ocrx_word' id='word_1_436' title='bbox 447 2599 822 2673; x_wconf 68' lang='lat' dir='ltr'><strong>ignominiam.</strong></span> <span class='ocrx_word' id='word_1_437' title='bbox 870 2600 1114 2672; x_wconf 81' lang='lat' dir='ltr'><strong>Denique</strong></span> <span class='ocrx_word' id='word_1_438' title='bbox 1159 2599 1417 2672; x_wconf 80' lang='lat' dir='ltr'><strong>tanquam</strong></span> <span class='ocrx_word' id='word_1_439' title='bbox 1449 2599 1612 2673; x_wconf 82' lang='lat' dir='ltr'><strong>rebus</strong></span> <span class='ocrx_word' id='word_1_440' title='bbox 1642 2602 1730 2654; x_wconf 84' lang='lat' dir='ltr'><strong>illa</strong></span> <span class='ocrx_word' id='word_1_441' title='bbox 1758 2601 1847 2656; x_wconf 91' lang='lat' dir='ltr'><strong>die</strong></span> <span class='ocrx_word' id='word_1_442' title='bbox 1873 2599 2191 2673; x_wconf 85' lang='lat' dir='ltr'><strong>desperatis</strong></span> <span class='ocrx_word' id='word_1_443' title='bbox 2205 2599 2412 2654; x_wconf 90' lang='lat' dir='ltr'><strong>retrudi</strong></span> <span class='ocrx_word' id='word_1_444' title='bbox 2442 2601 2637 2673; x_wconf 74' lang='lat' dir='ltr'><strong>iubent</strong></span> <span class='ocrx_word' id='word_1_445' title='bbox 2669 2613 2892 2673; x_wconf 87' lang='lat' dir='ltr'><strong>sanctos</strong></span> <span class='ocrx_word' id='word_1_446' title='bbox 2926 2602 2980 2656; x_wconf 92' lang='lat' dir='ltr'><strong>in</strong></span> <span class='ocrx_word' id='word_1_447' title='bbox 3009 2618 3288 2658; x_wconf 87' lang='lat' dir='ltr'><strong>carcerem</strong></span> <span class='ocrx_word' id='word_1_448' title='bbox 3305 2599 3340 2665; x_wconf 73' lang='grc'><strong>,“</strong></span> <span class='ocrx_word' id='word_1_449' title='bbox 3365 2613 3425 2658; x_wconf 93' lang='lat' dir='ltr'><strong>ut</strong></span> 
     </span>
    </p>
   </div>
   <div class='ocr_carea' id='block_1_32' title="bbox 155 2671 3421 2744">
    <p class='ocr_par' dir='ltr' id='par_1_32' title="bbox 155 2671 3421 2744">
     <span class='ocr_line' id='line_1_32' title="bbox 155 2671 3421 2744; baseline 0 -18"><span class='ocrx_word' id='word_1_450' title='bbox 155 2672 242 2744; x_wconf 82' lang='lat' dir='ltr'><strong>ibi</strong></span> <span class='ocrx_word' id='word_1_451' title='bbox 281 2671 608 2744; x_wconf 81' lang='lat' dir='ltr'><strong>gravissimo</strong></span> <span class='ocrx_word' id='word_1_452' title='bbox 631 2681 950 2744; x_wconf 86' lang='lat' dir='ltr'><strong>catenarum</strong></span> <span class='ocrx_word' id='word_1_453' title='bbox 985 2671 1224 2744; x_wconf 84' lang='lat' dir='ltr'><strong>pondere</strong></span> <span class='ocrx_word' id='word_1_454' title='bbox 1252 2671 1554 2744; x_wconf 79' lang='lat' dir='ltr'><strong>degravati.</strong></span> <span class='ocrx_word' id='word_1_455' title='bbox 1587 2679 1640 2726; x_wconf 89' lang='lat' dir='ltr'><strong>et</strong></span> <span class='ocrx_word' id='word_1_456' title='bbox 1669 2673 1773 2744; x_wconf 89' lang='lat' dir='ltr'><strong>loci</strong></span> <span class='ocrx_word' id='word_1_457' title='bbox 1813 2673 1986 2744; x_wconf 84' lang='lat' dir='ltr'><strong>ipsius</strong></span> <span class='ocrx_word' id='word_1_458' title='bbox 2039 2671 2298 2744; x_wconf 82' lang='lat' dir='ltr'><strong>squalore</strong></span> <span class='ocrx_word' id='word_1_459' title='bbox 2327 2685 2393 2744; x_wconf 83' lang='lat' dir='ltr'><strong>ac</strong></span> <span class='ocrx_word' id='word_1_460' title='bbox 2420 2671 2634 2744; x_wconf 67' lang='lat' dir='ltr'><strong>paedore</strong></span> <span class='ocrx_word' id='word_1_461' title='bbox 2667 2672 2980 2744; x_wconf 89' lang='lat' dir='ltr'><strong>perdomiti,</strong></span> <span class='ocrx_word' id='word_1_462' title='bbox 3019 2673 3086 2726; x_wconf 89' lang='lat' dir='ltr'><strong>ad</strong></span> <span class='ocrx_word' id='word_1_463' title='bbox 3114 2674 3421 2744; x_wconf 84' lang='lat' dir='ltr'><strong>secundum</strong></span> 
     </span>
    </p>
   </div>
   <div class='ocr_carea' id='block_1_33' title="bbox 156 2741 3424 2813">
    <p class='ocr_par' dir='ltr' id='par_1_33' title="bbox 156 2741 3424 2813">
     <span class='ocr_line' id='line_1_33' title="bbox 156 2741 3424 2813; baseline 0 -17"><span class='ocrx_word' id='word_1_464' title='bbox 156 2741 305 2798; x_wconf 49' lang='lat' dir='ltr'><strong>lidei&#39;</strong></span> <span class='ocrx_word' id='word_1_465' title='bbox 329 2743 638 2813; x_wconf 84' lang='lat' dir='ltr'><strong>conﬂictum</strong></span> <span class='ocrx_word' id='word_1_466' title='bbox 664 2741 1048 2798; x_wconf 87' lang='lat' dir='ltr'><strong>imbecilliores</strong></span> <span class='ocrx_word' id='word_1_467' title='bbox 1073 2742 1458 2813; x_wconf 83' lang='lat' dir='ltr'><strong>redderentur.</strong></span> <span class='ocrx_word' id='word_1_468' title='bbox 1485 2741 1689 2813; x_wconf 67' lang='lat' dir='ltr'><strong>Nempe</strong></span> <span class='ocrx_word' id='word_1_469' title='bbox 1717 2743 2042 2813; x_wconf 80' lang='lat' dir='ltr'><strong>ignorabant</strong></span> <span class='ocrx_word' id='word_1_470' title='bbox 2073 2741 2324 2795; x_wconf 88' lang='lat' dir='ltr'><strong>homines</strong></span> <span class='ocrx_word' id='word_1_471' title='bbox 2355 2742 2506 2811; x_wconf 87' lang='lat' dir='ltr'><strong>impii</strong></span> <span class='ocrx_word' id='word_1_472' title='bbox 2530 2750 2584 2796; x_wconf 91' lang='lat' dir='ltr'><strong>et</strong></span> <span class='ocrx_word' id='word_1_473' title='bbox 2616 2743 2924 2813; x_wconf 88' lang='lat' dir='ltr'><strong>inhumani,</strong></span> <span class='ocrx_word' id='word_1_474' title='bbox 2947 2758 3056 2812; x_wconf 88' lang='lat' dir='ltr'><strong>quo</strong></span> <span class='ocrx_word' id='word_1_475' title='bbox 3087 2745 3241 2813; x_wconf 91' lang='lat' dir='ltr'><strong>plura</strong></span> <span class='ocrx_word' id='word_1_476' title='bbox 3261 2742 3424 2798; x_wconf 86' lang='lat' dir='ltr'><strong>Chri-</strong></span> 
     </span>
    </p>
   </div>
   <div class='ocr_carea' id='block_1_34' title="bbox 153 2811 3423 2884">
    <p class='ocr_par' dir='ltr' id='par_1_34' title="bbox 153 2811 3423 2884">
     <span class='ocr_line' id='line_1_34' title="bbox 153 2811 3423 2884; baseline 0 -17"><span class='ocrx_word' id='word_1_477' title='bbox 153 2815 335 2868; x_wconf 87' lang='lat' dir='ltr'><strong>stiani</strong></span> <span class='ocrx_word' id='word_1_478' title='bbox 367 2829 462 2883; x_wconf 90' lang='lat' dir='ltr'><strong>pro</strong></span> <span class='ocrx_word' id='word_1_479' title='bbox 493 2812 723 2867; x_wconf 87' lang='lat' dir='ltr'><strong>Domino</strong></span> <span class='ocrx_word' id='word_1_480' title='bbox 752 2814 1050 2882; x_wconf 90' lang='lat' dir='ltr'><strong>patiantur,</strong></span> <span class='ocrx_word' id='word_1_481' title='bbox 1083 2812 1188 2866; x_wconf 88' lang='lat' dir='ltr'><strong>hoc</strong></span> <span class='ocrx_word' id='word_1_482' title='bbox 1221 2812 1429 2884; x_wconf 88' lang='lat' dir='ltr'><strong>majora</strong></span> <span class='ocrx_word' id='word_1_483' title='bbox 1459 2812 1528 2866; x_wconf 88' lang='lat' dir='ltr'><strong>ab</strong></span> <span class='ocrx_word' id='word_1_484' title='bbox 1557 2813 1652 2866; x_wconf 91' lang='lat' dir='ltr'><strong>illo</strong></span> <span class='ocrx_word' id='word_1_485' title='bbox 1687 2811 1934 2884; x_wconf 83' lang='lat' dir='ltr'><strong>subsidia</strong></span> <span class='ocrx_word' id='word_1_486' title='bbox 1963 2813 2255 2879; x_wconf 89' lang='lat' dir='ltr'><strong>impetrare</strong></span> <span class='ocrx_word' id='word_1_487' title='bbox 2283 2829 2296 2864; x_wconf 94' lang='lat'><strong>:</strong></span> <span class='ocrx_word' id='word_1_488' title='bbox 2329 2827 2505 2881; x_wconf 88' lang='lat' dir='ltr'><strong>neque</strong></span> <span class='ocrx_word' id='word_1_489' title='bbox 2547 2812 2816 2874; x_wconf 84' lang='lat' dir='ltr'><strong>sciebant,</strong></span> <span class='ocrx_word' id='word_1_490' title='bbox 2849 2829 2944 2867; x_wconf 92' lang='lat' dir='ltr'><strong>eos</strong></span> <span class='ocrx_word' id='word_1_491' title='bbox 2965 2811 3194 2868; x_wconf 77' lang='lat' dir='ltr'><strong>alliictis</strong></span> <span class='ocrx_word' id='word_1_492' title='bbox 3227 2828 3423 2884; x_wconf 79' lang='lat' dir='ltr'><strong>corpo-</strong></span> 
     </span>
    </p>
   </div>
   <div class='ocr_carea' id='block_1_35' title="bbox 150 2883 3424 2954">
    <p class='ocr_par' dir='ltr' id='par_1_35' title="bbox 150 2883 3424 2954">
     <span class='ocr_line' id='line_1_35' title="bbox 150 2883 3424 2954; baseline 0 -17"><span class='ocrx_word' id='word_1_493' title='bbox 150 2884 323 2938; x_wconf 83' lang='lat' dir='ltr'><strong>ribus</strong></span> <span class='ocrx_word' id='word_1_494' title='bbox 352 2889 565 2939; x_wconf 87' lang='lat' dir='ltr'><strong>erectos</strong></span> <span class='ocrx_word' id='word_1_495' title='bbox 594 2890 648 2954; x_wconf 88' lang='lat' dir='ltr'><strong>et</strong></span> <span class='ocrx_word' id='word_1_496' title='bbox 678 2891 997 2938; x_wconf 83' lang='lat' dir='ltr'><strong>constantes</strong></span> <span class='ocrx_word' id='word_1_497' title='bbox 1029 2898 1217 2954; x_wconf 84' lang='lat' dir='ltr'><strong>gerere</strong></span> <span class='ocrx_word' id='word_1_498' title='bbox 1261 2883 1788 2954; x_wconf 86' lang='lat' dir='ltr'><strong>animos,_t_antoqne</strong></span> <span class='ocrx_word' id='word_1_499' title='bbox 1817 2883 1884 2954; x_wconf 87' lang='lat' dir='ltr'><strong>ad</strong></span> <span class='ocrx_word' id='word_1_500' title='bbox 1915 2896 1978 2936; x_wconf 84' lang='lat' dir='ltr'><strong>ea</strong></span> <span class='ocrx_word' id='word_1_501' title='bbox 2008 2896 2131 2954; x_wconf 65' lang='lat' dir='ltr'><strong>qua:</strong></span> <span class='ocrx_word' id='word_1_502' title='bbox 2166 2889 2381 2954; x_wconf 37' lang='lat' dir='ltr'><strong>restent,</strong></span> <span class='ocrx_word' id='word_1_503' title='bbox 2411 2883 2730 2937; x_wconf 84' lang='lat' dir='ltr'><strong>sustinenda</strong></span> <span class='ocrx_word' id='word_1_504' title='bbox 2757 2883 3080 2944; x_wconf 86' lang='lat' dir='ltr'><strong>alacriores,</strong></span> <span class='ocrx_word' id='word_1_505' title='bbox 3112 2883 3424 2954; x_wconf 32' lang='lat' dir='ltr'><strong>quanto’ea</strong></span> 
     </span>
    </p>
   </div>
   <div class='ocr_carea' id='block_1_36' title="bbox 149 2951 3422 3024">
    <p class='ocr_par' dir='ltr' id='par_1_36' title="bbox 149 2951 3422 3024">
     <span class='ocr_line' id='line_1_36' title="bbox 149 2951 3422 3024; baseline 0.001 -17"><span class='ocrx_word' id='word_1_506' title='bbox 149 2970 288 3024; x_wconf 69' lang='lat' dir='ltr'><strong>quae</strong></span> <span class='ocrx_word' id='word_1_507' title='bbox 320 2956 471 3024; x_wconf 88' lang='lat' dir='ltr'><strong>prius</strong></span> <span class='ocrx_word' id='word_1_508' title='bbox 500 2953 878 3009; x_wconf 88' lang='lat' dir='ltr'><strong>sustinuerant</strong></span> <span class='ocrx_word' id='word_1_509' title='bbox 906 2993 921 3017; x_wconf 96' lang='lat'><strong>,</strong></span> <span class='ocrx_word' id='word_1_510' title='bbox 954 2951 1139 3009; x_wconf 76' lang='lat' dir='ltr'><strong>essent</strong></span> <span class='ocrx_word' id='word_1_511' title='bbox 1172 2953 1478 3024; x_wconf 84' lang='lat' dir='ltr'><strong>acerbiora.</strong></span> <span class='ocrx_word' id='word_1_512' title='bbox 1511 2951 1647 3024; x_wconf 81' lang='lat' dir='ltr'><strong>Nam</strong></span> <span class='ocrx_word' id='word_1_513' title='bbox 1685 2961 1740 3007; x_wconf 88' lang='lat' dir='ltr'><strong>et</strong></span> <span class='ocrx_word' id='word_1_514' title='bbox 1769 2953 1936 3021; x_wconf 87' lang='lat' dir='ltr'><strong>hujus</strong></span> <span class='ocrx_word' id='word_1_515' title='bbox 1962 2953 2039 3005; x_wconf 90' lang='lat' dir='ltr'><strong>rei</strong></span> <span class='ocrx_word' id='word_1_516' title='bbox 2074 2952 2253 3024; x_wconf 83' lang='lat' dir='ltr'><strong>fecere</strong></span> <span class='ocrx_word' id='word_1_517' title='bbox 2283 2953 2500 3020; x_wconf 87' lang='lat' dir='ltr'><strong>ipsiinet</strong></span> <span class='ocrx_word' id='word_1_518' title='bbox 2532 2953 3000 3022; x_wconf 84' lang='lat' dir='ltr'><strong>experimentum,</strong></span> <span class='ocrx_word' id='word_1_519' title='bbox 3029 2951 3154 3008; x_wconf 85' lang='lat' dir='ltr'><strong>cum</strong></span> <span class='ocrx_word' id='word_1_520' title='bbox 3187 2955 3293 3008; x_wconf 87' lang='lat' dir='ltr'><strong>alia</strong></span> <span class='ocrx_word' id='word_1_521' title='bbox 3331 2957 3422 3011; x_wconf 91' lang='lat' dir='ltr'><strong>die</strong></span> 
     </span>
    </p>
   </div>
   <div class='ocr_carea' id='block_1_37' title="bbox 156 3021 3423 3094">
    <p class='ocr_par' dir='ltr' id='par_1_37' title="bbox 156 3021 3423 3094">
     <span class='ocr_line' id='line_1_37' title="bbox 156 3021 3423 3094; baseline 0 -17"><span class='ocrx_word' id='word_1_522' title='bbox 156 3021 494 3093; x_wconf 67' lang='lat' dir='ltr'><strong>productum</strong></span> <span class='ocrx_word' id='word_1_523' title='bbox 529 3031 779 3078; x_wconf 84' lang='lat' dir='ltr'><strong>sanctum</strong></span> <span class='ocrx_word' id='word_1_524' title='bbox 806 3024 1129 3088; x_wconf 84' lang='lat' dir='ltr'><strong>antistitem,</strong></span> <span class='ocrx_word' id='word_1_525' title='bbox 1160 3031 1213 3078; x_wconf 90' lang='lat' dir='ltr'><strong>et</strong></span> <span class='ocrx_word' id='word_1_526' title='bbox 1241 3021 1308 3077; x_wconf 91' lang='lat' dir='ltr'><strong>de</strong></span> <span class='ocrx_word' id='word_1_527' title='bbox 1336 3023 1625 3086; x_wconf 88' lang='lat' dir='ltr'><strong>sententia,</strong></span> <span class='ocrx_word' id='word_1_528' title='bbox 1655 3037 1819 3092; x_wconf 86' lang='lat' dir='ltr'><strong>quam</strong></span> <span class='ocrx_word' id='word_1_529' title='bbox 1851 3032 2084 3084; x_wconf 90' lang='lat' dir='ltr'><strong>teneret,</strong></span> <span class='ocrx_word' id='word_1_530' title='bbox 2120 3022 2540 3094; x_wconf 85' lang='lat' dir='ltr'><strong>interrogatum,</strong></span> <span class='ocrx_word' id='word_1_531' title='bbox 2571 3021 2776 3092; x_wconf 84' lang='lat' dir='ltr'><strong>majore</strong></span> <span class='ocrx_word' id='word_1_532' title='bbox 2803 3026 2965 3078; x_wconf 84' lang='lat' dir='ltr'><strong>etiam</strong></span> <span class='ocrx_word' id='word_1_533' title='bbox 2994 3040 3158 3094; x_wconf 87' lang='lat' dir='ltr'><strong>quam</strong></span> <span class='ocrx_word' id='word_1_534' title='bbox 3187 3026 3423 3080; x_wconf 89' lang='lat' dir='ltr'><strong>antehac</strong></span> 
     </span>
    </p>
   </div>
   <div class='ocr_carea' id='block_1_38' title="bbox 153 3092 3410 3164">
    <p class='ocr_par' dir='ltr' id='par_1_38' title="bbox 153 3092 3410 3164">
     <span class='ocr_line' id='line_1_38' title="bbox 153 3092 3410 3164; baseline 0 -16"><span class='ocrx_word' id='word_1_535' title='bbox 153 3092 364 3149; x_wconf 82' lang='lat' dir='ltr'><strong>iiducia</strong></span> <span class='ocrx_word' id='word_1_536' title='bbox 394 3096 814 3164; x_wconf 88' lang='lat' dir='ltr'><strong>respondentem</strong></span> <span class='ocrx_word' id='word_1_537' title='bbox 844 3095 1173 3150; x_wconf 87' lang='lat' dir='ltr'><strong>audiverunt</strong></span> <span class='ocrx_word' id='word_1_538' title='bbox 1199 3110 1212 3144; x_wconf 85' lang='lat'><strong>:</strong></span> <span class='ocrx_word' id='word_1_539' title='bbox 1244 3107 1367 3147; x_wconf 91' lang='lat' dir='ltr'><strong>cum</strong></span> <span class='ocrx_word' id='word_1_540' title='bbox 1396 3101 1449 3147; x_wconf 91' lang='lat' dir='ltr'><strong>et</strong></span> <span class='ocrx_word' id='word_1_541' title='bbox 1473 3094 1690 3148; x_wconf 81' lang='lat' dir='ltr'><strong>extendi</strong></span> <span class='ocrx_word' id='word_1_542' title='bbox 1723 3094 1778 3146; x_wconf 94' lang='lat' dir='ltr'><strong>in</strong></span> <span class='ocrx_word' id='word_1_543' title='bbox 1809 3092 2342 3164; x_wconf 57' lang='lat' dir='ltr'><strong>etuastam,direque</strong></span> <span class='ocrx_word' id='word_1_544' title='bbox 2372 3103 2479 3146; x_wconf 91' lang='lat' dir='ltr'><strong>tam</strong></span> <span class='ocrx_word' id='word_1_545' title='bbox 2515 3094 2664 3147; x_wconf 92' lang='lat' dir='ltr'><strong>illum</strong></span> <span class='ocrx_word' id='word_1_546' title='bbox 2693 3109 2858 3162; x_wconf 86' lang='lat' dir='ltr'><strong>quam</strong></span> <span class='ocrx_word' id='word_1_547' title='bbox 2885 3092 3066 3149; x_wconf 81' lang='lat' dir='ltr'><strong>socios</strong></span> <span class='ocrx_word' id='word_1_548' title='bbox 3099 3098 3410 3149; x_wconf 78' lang='lat' dir='ltr'><strong>excruciari</strong></span> 
     </span>
    </p>
   </div>
   <div class='ocr_carea' id='block_1_39' title="bbox 143 3162 3420 3234">
    <p class='ocr_par' dir='ltr' id='par_1_39' title="bbox 143 3162 3420 3234">
     <span class='ocr_line' id='line_1_39' title="bbox 143 3162 3420 3234; baseline 0 -16"><span class='ocrx_word' id='word_1_549' title='bbox 143 3167 351 3233; x_wconf 90' lang='lat' dir='ltr'><strong>jussos</strong></span> <span class='ocrx_word' id='word_1_550' title='bbox 398 3162 614 3234; x_wconf 68' lang='lat' dir='ltr'><strong>rupium</strong></span> <span class='ocrx_word' id='word_1_551' title='bbox 657 3165 834 3219; x_wconf 89' lang='lat' dir='ltr'><strong>instar</strong></span> <span class='ocrx_word' id='word_1_552' title='bbox 885 3173 1032 3220; x_wconf 81' lang='lat' dir='ltr'><strong>stare</strong></span> <span class='ocrx_word' id='word_1_553' title='bbox 1081 3166 1338 3234; x_wconf 89' lang='lat' dir='ltr'><strong>immotos</strong></span> <span class='ocrx_word' id='word_1_554' title='bbox 1375 3173 1801 3234; x_wconf 64' lang='lat' dir='ltr'><strong>conspexerunt.</strong></span> <span class='ocrx_word' id='word_1_555' title='bbox 1855 3162 1994 3215; x_wconf 85' lang='lat' dir='ltr'><strong>Tum</strong></span> <span class='ocrx_word' id='word_1_556' title='bbox 2046 3163 2191 3234; x_wconf 81' lang='lat' dir='ltr'><strong>enim</strong></span> <span class='ocrx_word' id='word_1_557' title='bbox 2235 3177 2427 3216; x_wconf 88' lang='lat' dir='ltr'><strong>omnes</strong></span> <span class='ocrx_word' id='word_1_558' title='bbox 2461 3165 2552 3234; x_wconf 4' lang='lat' dir='ltr'><strong>puti</strong></span> <span class='ocrx_word' id='word_1_559' title='bbox 2606 3165 2797 3233; x_wconf 88' lang='lat' dir='ltr'><strong>prius,</strong></span> <span class='ocrx_word' id='word_1_560' title='bbox 2844 3171 2897 3218; x_wconf 88' lang='lat' dir='ltr'><strong>et</strong></span> <span class='ocrx_word' id='word_1_561' title='bbox 2925 3166 3109 3219; x_wconf 87' lang='lat' dir='ltr'><strong>verbis</strong></span> <span class='ocrx_word' id='word_1_562' title='bbox 3160 3166 3420 3234; x_wconf 87' lang='lat' dir='ltr'><strong>gaudium</strong></span> 
     </span>
    </p>
   </div>
   <div class='ocr_carea' id='block_1_40' title="bbox 151 3231 3424 3305">
    <p class='ocr_par' dir='ltr' id='par_1_40' title="bbox 151 3231 3424 3305">
     <span class='ocr_line' id='line_1_40' title="bbox 151 3231 3424 3305; baseline 0 -16"><span class='ocrx_word' id='word_1_563' title='bbox 151 3231 381 3300; x_wconf 83' lang='lat' dir='ltr'><strong>testari,</strong></span> <span class='ocrx_word' id='word_1_564' title='bbox 414 3231 481 3290; x_wconf 54' lang='lat' dir='ltr'><strong>el&#39;</strong></span> <span class='ocrx_word' id='word_1_565' title='bbox 498 3235 608 3290; x_wconf 87' lang='lat' dir='ltr'><strong>Deo</strong></span> <span class='ocrx_word' id='word_1_566' title='bbox 639 3235 844 3304; x_wconf 82' lang='lat' dir='ltr'><strong>gratias</strong></span> <span class='ocrx_word' id='word_1_567' title='bbox 859 3251 1041 3305; x_wconf 33' lang='lat' dir='ltr'><strong>agere.</strong></span> <span class='ocrx_word' id='word_1_568' title='bbox 1071 3233 1214 3301; x_wconf 84' lang='lat' dir='ltr'><strong>Quid</strong></span> <span class='ocrx_word' id='word_1_569' title='bbox 1243 3235 1408 3302; x_wconf 88' lang='lat' dir='ltr'><strong>igitur</strong></span> <span class='ocrx_word' id='word_1_570' title='bbox 1436 3231 1692 3288; x_wconf 83' lang='lat' dir='ltr'><strong>tandem?</strong></span> <span class='ocrx_word' id='word_1_571' title='bbox 1729 3233 2014 3288; x_wconf 84' lang='lat' dir='ltr'><strong>Profertur</strong></span> <span class='ocrx_word' id='word_1_572' title='bbox 2041 3231 2220 3286; x_wconf 81' lang='lat' dir='ltr'><strong>ferrea</strong></span> <span class='ocrx_word' id='word_1_573' title='bbox 2240 3242 2426 3305; x_wconf 77' lang='lat' dir='ltr'><strong>crates</strong></span> <span class='ocrx_word' id='word_1_574' title='bbox 2459 3232 2513 3286; x_wconf 94' lang='lat' dir='ltr'><strong>in</strong></span> <span class='ocrx_word' id='word_1_575' title='bbox 2533 3231 2810 3305; x_wconf 79' lang='lat' dir='ltr'><strong>medium,</strong></span> <span class='ocrx_word' id='word_1_576' title='bbox 2843 3234 2984 3304; x_wconf 90' lang='lat' dir='ltr'><strong>ignis</strong></span> <span class='ocrx_word' id='word_1_577' title='bbox 3012 3231 3268 3305; x_wconf 74' lang='lat' dir='ltr'><strong>copiosus</strong></span> <span class='ocrx_word' id='word_1_578' title='bbox 3290 3237 3424 3291; x_wconf 90' lang='lat' dir='ltr'><strong>sub-</strong></span> 
     </span>
    </p>
   </div>
   <div class='ocr_carea' id='block_1_41' title="bbox 143 3303 3424 3376">
    <p class='ocr_par' dir='ltr' id='par_1_41' title="bbox 143 3303 3424 3376">
     <span class='ocr_line' id='line_1_41' title="bbox 143 3303 3424 3376; baseline 0 -18"><span class='ocrx_word' id='word_1_579' title='bbox 143 3307 372 3376; x_wconf 87' lang='lat' dir='ltr'><strong>jicitur,</strong></span> <span class='ocrx_word' id='word_1_580' title='bbox 407 3313 561 3360; x_wconf 83' lang='lat' dir='ltr'><strong>torus</strong></span> <span class='ocrx_word' id='word_1_581' title='bbox 595 3303 832 3360; x_wconf 83' lang='lat' dir='ltr'><strong>ﬂammis</strong></span> <span class='ocrx_word' id='word_1_582' title='bbox 865 3303 1236 3368; x_wconf 76' lang='lat' dir='ltr'><strong>excandescit,</strong></span> <span class='ocrx_word' id='word_1_583' title='bbox 1257 3305 1516 3374; x_wconf 85' lang='lat' dir='ltr'><strong>dejieitur</strong></span> <span class='ocrx_word' id='word_1_584' title='bbox 1546 3305 1601 3358; x_wconf 92' lang='lat' dir='ltr'><strong>in</strong></span> <span class='ocrx_word' id='word_1_585' title='bbox 1640 3320 1762 3359; x_wconf 83' lang='lat' dir='ltr'><strong>eu.n</strong></span> <span class='ocrx_word' id='word_1_586' title='bbox 1793 3305 1876 3358; x_wconf 88' lang='lat' dir='ltr'><strong>vir</strong></span> <span class='ocrx_word' id='word_1_587' title='bbox 1907 3315 2152 3376; x_wconf 83' lang='lat' dir='ltr'><strong>sanctus,</strong></span> <span class='ocrx_word' id='word_1_588' title='bbox 2186 3319 2295 3376; x_wconf 87' lang='lat' dir='ltr'><strong>non</strong></span> <span class='ocrx_word' id='word_1_589' title='bbox 2314 3304 2469 3376; x_wconf 84' lang='lat' dir='ltr'><strong>_eniin</strong></span> <span class='ocrx_word' id='word_1_590' title='bbox 2504 3303 2836 3376; x_wconf 81' lang='lat' dir='ltr'><strong>deponitur;</strong></span> <span class='ocrx_word' id='word_1_591' title='bbox 2864 3303 3098 3358; x_wconf 74' lang='lat' dir='ltr'><strong>Strident</strong></span> <span class='ocrx_word' id='word_1_592' title='bbox 3123 3305 3424 3376; x_wconf 82' lang='lat' dir='ltr'><strong>nidentque</strong></span> 
     </span>
    </p>
   </div>
   <div class='ocr_carea' id='block_1_42' title="bbox 151 3373 3422 3446">
    <p class='ocr_par' dir='ltr' id='par_1_42' title="bbox 151 3373 3422 3446">
     <span class='ocr_line' id='line_1_42' title="bbox 151 3373 3422 3446; baseline 0.001 -17"><span class='ocrx_word' id='word_1_593' title='bbox 151 3373 404 3430; x_wconf 62' lang='lat' dir='ltr'><strong>ﬁstulata</strong></span> <span class='ocrx_word' id='word_1_594' title='bbox 436 3378 700 3442; x_wconf 90' lang='lat' dir='ltr'><strong>membra,</strong></span> <span class='ocrx_word' id='word_1_595' title='bbox 734 3376 827 3430; x_wconf 90' lang='lat' dir='ltr'><strong>sed</strong></span> <span class='ocrx_word' id='word_1_596' title='bbox 861 3377 1091 3446; x_wconf 82' lang='lat' dir='ltr'><strong>spiritus</strong></span> <span class='ocrx_word' id='word_1_597' title='bbox 1146 3373 1361 3446; x_wconf 88' lang='lat' dir='ltr'><strong>semper</strong></span> <span class='ocrx_word' id='word_1_598' title='bbox 1389 3376 1492 3429; x_wconf 89' lang='lat' dir='ltr'><strong>sibi</strong></span> <span class='ocrx_word' id='word_1_599' title='bbox 1519 3390 1761 3444; x_wconf 74' lang='lat' dir='ltr'><strong>praesens</strong></span> <span class='ocrx_word' id='word_1_600' title='bbox 1790 3382 1844 3429; x_wconf 91' lang='lat' dir='ltr'><strong>et</strong></span> <span class='ocrx_word' id='word_1_601' title='bbox 1873 3373 2156 3446; x_wconf 85' lang='lat' dir='ltr'><strong>renidens,</strong></span> <span class='ocrx_word' id='word_1_602' title='bbox 2196 3373 2329 3427; x_wconf 91' lang='lat' dir='ltr'><strong>illud</strong></span> <span class='ocrx_word' id='word_1_603' title='bbox 2361 3373 2589 3427; x_wconf 88' lang='lat' dir='ltr'><strong>Domino</strong></span> <span class='ocrx_word' id='word_1_604' title='bbox 2623 3389 2722 3427; x_wconf 90' lang='lat' dir='ltr'><strong>suo</strong></span> <span class='ocrx_word' id='word_1_605' title='bbox 2752 3375 3095 3429; x_wconf 88' lang='lat' dir='ltr'><strong>dulcisonum</strong></span> <span class='ocrx_word' id='word_1_606' title='bbox 3133 3378 3185 3430; x_wconf 92' lang='lat' dir='ltr'><strong>in</strong></span> <span class='ocrx_word' id='word_1_607' title='bbox 3224 3373 3422 3446; x_wconf 78' lang='lat' dir='ltr'><strong>mediis</strong></span> 
     </span>
    </p>
   </div>
   <div class='ocr_carea' id='block_1_43' title="bbox 149 3445 3422 3516">
    <p class='ocr_par' dir='ltr' id='par_1_43' title="bbox 149 3445 3422 3516">
     <span class='ocr_line' id='line_1_43' title="bbox 149 3445 3422 3516; baseline 0 -15"><span class='ocrx_word' id='word_1_608' title='bbox 149 3447 382 3516; x_wconf 72' lang='lat' dir='ltr'><strong>ignibus</strong></span> <span class='ocrx_word' id='word_1_609' title='bbox 415 3446 590 3502; x_wconf 77' lang='lat' dir='ltr'><strong>fundit</strong></span> <span class='ocrx_word' id='word_1_610' title='bbox 625 3448 796 3502; x_wconf 90' lang='lat' dir='ltr'><strong>melos</strong></span> <span class='ocrx_word' id='word_1_611' title='bbox 821 3445 1103 3516; x_wconf 9' lang='lat' dir='ltr'><strong>:rlgnitum</strong></span> <span class='ocrx_word' id='word_1_612' title='bbox 1132 3445 1608 3516; x_wconf 21' lang='lat' dir='ltr'><strong>eloquiumitunm,</strong></span> <span class='ocrx_word' id='word_1_613' title='bbox 1643 3446 1888 3516; x_wconf 80' lang='lat' dir='ltr'><strong>Domine,</strong></span> <span class='ocrx_word' id='word_1_614' title='bbox 1925 3445 2249 3498; x_wconf 80' lang='lat' dir='ltr'><strong>vehementer</strong></span> <span class='ocrx_word' id='word_1_615' title='bbox 2271 3459 2289 3496; x_wconf 92' lang='lat'><strong><em>:</em></strong></span> <span class='ocrx_word' id='word_1_616' title='bbox 2321 3454 2370 3497; x_wconf 80' lang='lat' dir='ltr'><strong>et</strong></span> <span class='ocrx_word' id='word_1_617' title='bbox 2397 3460 2574 3497; x_wconf 85' lang='lat' dir='ltr'><strong>servus</strong></span> <span class='ocrx_word' id='word_1_618' title='bbox 2604 3457 2724 3497; x_wconf 85' lang='lat' dir='ltr'><strong>tuus</strong></span> <span class='ocrx_word' id='word_1_619' title='bbox 2763 3445 2953 3498; x_wconf 77' lang='lat' dir='ltr'><strong>dilexit</strong></span> <span class='ocrx_word' id='word_1_620' title='bbox 2985 3445 3119 3499; x_wconf 85' lang='lat' dir='ltr'><strong>illud</strong></span> <span class='ocrx_word' id='word_1_621' title='bbox 3137 3457 3182 3498; x_wconf 73' lang='grc' dir='ltr'><strong>Ρ.</strong></span> <span class='ocrx_word' id='word_1_622' title='bbox 3219 3445 3422 3502; x_wconf 82' lang='lat' dir='ltr'><strong>Deinde</strong></span> 
     </span>
    </p>
   </div>
   <div class='ocr_carea' id='block_1_44' title="bbox 148 3515 3421 3587">
    <p class='ocr_par' dir='ltr' id='par_1_44' title="bbox 148 3515 3421 3587">
     <span class='ocr_line' id='line_1_44' title="bbox 148 3515 3421 3587; baseline -0.001 -15"><span class='ocrx_word' id='word_1_623' title='bbox 148 3515 215 3572; x_wconf 71' lang='lat' dir='ltr'><strong>et</strong></span> <span class='ocrx_word' id='word_1_624' title='bbox 247 3525 545 3586; x_wconf 81' lang='lat' dir='ltr'><strong>precatur:</strong></span> <span class='ocrx_word' id='word_1_625' title='bbox 580 3517 804 3571; x_wconf 84' lang='lat' dir='ltr'><strong>Domine</strong></span> <span class='ocrx_word' id='word_1_626' title='bbox 834 3515 991 3581; x_wconf 80' lang='lat' dir='ltr'><strong>Deus,</strong></span> <span class='ocrx_word' id='word_1_627' title='bbox 1016 3518 1106 3587; x_wconf 87' lang='lat' dir='ltr'><strong>qui</strong></span> <span class='ocrx_word' id='word_1_628' title='bbox 1147 3515 1368 3571; x_wconf 69' lang='lat' dir='ltr'><strong>dixisti:</strong></span> <span class='ocrx_word' id='word_1_629' title='bbox 1395 3515 1528 3570; x_wconf 85' lang='lat' dir='ltr'><strong>Cum</strong></span> <span class='ocrx_word' id='word_1_630' title='bbox 1558 3515 1913 3570; x_wconf 83' lang='lat' dir='ltr'><strong>ambulaveris</strong></span> <span class='ocrx_word' id='word_1_631' title='bbox 1948 3516 2005 3587; x_wconf 85' lang='lat' dir='ltr'><strong>in</strong></span> <span class='ocrx_word' id='word_1_632' title='bbox 2035 3515 2174 3587; x_wconf 84' lang='lat' dir='ltr'><strong>igne,</strong></span> <span class='ocrx_word' id='word_1_633' title='bbox 2200 3531 2321 3587; x_wconf 80' lang='lat' dir='ltr'><strong>non</strong></span> <span class='ocrx_word' id='word_1_634' title='bbox 2355 3516 2697 3574; x_wconf 84' lang='lat' dir='ltr'><strong>combureris,</strong></span> <span class='ocrx_word' id='word_1_635' title='bbox 2736 3529 2784 3570; x_wconf 90' lang='lat' dir='ltr'><strong>et</strong></span> <span class='ocrx_word' id='word_1_636' title='bbox 2823 3516 3046 3584; x_wconf 82' lang='lat' dir='ltr'><strong>ﬂamma</strong></span> <span class='ocrx_word' id='word_1_637' title='bbox 3074 3533 3180 3570; x_wconf 90' lang='lat' dir='ltr'><strong>non</strong></span> <span class='ocrx_word' id='word_1_638' title='bbox 3212 3517 3421 3570; x_wconf 79' lang='lat' dir='ltr'><strong>ardebit</strong></span> 
     </span>
    </p>
   </div>
   <div class='ocr_carea' id='block_1_45' title="bbox 142 3585 3458 3656">
    <p class='ocr_par' dir='ltr' id='par_1_45' title="bbox 142 3585 3458 3656">
     <span class='ocr_line' id='line_1_45' title="bbox 142 3585 3458 3656; baseline 0 -15"><span class='ocrx_word' id='word_1_639' title='bbox 142 3587 288 3641; x_wconf 78' lang='lat' dir='ltr'><strong>inte</strong></span> <span class='ocrx_word' id='word_1_640' title='bbox 310 3602 328 3639; x_wconf 93' lang='lat'><em>:</em></span> <span class='ocrx_word' id='word_1_641' title='bbox 348 3587 789 3656; x_wconf 84' lang='lat' dir='ltr'><strong>quemadmodum</strong></span> <span class='ocrx_word' id='word_1_642' title='bbox 820 3588 950 3641; x_wconf 82' lang='lat' dir='ltr'><strong>milii</strong></span> <span class='ocrx_word' id='word_1_643' title='bbox 976 3585 1125 3656; x_wconf 80' lang='lat' dir='ltr'><strong>prius</strong></span> <span class='ocrx_word' id='word_1_644' title='bbox 1155 3588 1589 3656; x_wconf 82' lang='lat' dir='ltr'><strong>periculosiorem</strong></span> <span class='ocrx_word' id='word_1_645' title='bbox 1623 3587 1818 3640; x_wconf 82' lang='lat' dir='ltr'><strong>dedisti</strong></span> <span class='ocrx_word' id='word_1_646' title='bbox 1849 3585 2159 3656; x_wconf 84' lang='lat' dir='ltr'><strong>cupiditatis</strong></span> <span class='ocrx_word' id='word_1_647' title='bbox 2192 3585 2362 3655; x_wconf 83' lang='lat' dir='ltr'><strong>ignem</strong></span> <span class='ocrx_word' id='word_1_648' title='bbox 2393 3600 2486 3656; x_wconf 71' lang='lat' dir='ltr'><strong>ope</strong></span> <span class='ocrx_word' id='word_1_649' title='bbox 2525 3595 2616 3638; x_wconf 88' lang='lat' dir='ltr'><strong>tua</strong></span> <span class='ocrx_word' id='word_1_650' title='bbox 2638 3587 2891 3651; x_wconf 83' lang='lat' dir='ltr'><strong>evincere,</strong></span> <span class='ocrx_word' id='word_1_651' title='bbox 2931 3587 3001 3640; x_wconf 90' lang='lat' dir='ltr'><strong>da</strong></span> <span class='ocrx_word' id='word_1_652' title='bbox 3028 3596 3078 3640; x_wconf 87' lang='lat' dir='ltr'><strong>ct</strong></span> <span class='ocrx_word' id='word_1_653' title='bbox 3103 3603 3241 3640; x_wconf 86' lang='lat' dir='ltr'><strong>nunc</strong></span> <span class='ocrx_word' id='word_1_654' title='bbox 3266 3587 3458 3642; x_wconf 73' lang='lat' dir='ltr'><strong>hasce-</strong></span> 
     </span>
    </p>
   </div>
   <div class='ocr_carea' id='block_1_46' title="bbox 144 3655 3420 3728">
    <p class='ocr_par' dir='ltr' id='par_1_46' title="bbox 144 3655 3420 3728">
     <span class='ocr_line' id='line_1_46' title="bbox 144 3655 3420 3728; baseline 0 -18"><span class='ocrx_word' id='word_1_655' title='bbox 144 3655 409 3728; x_wconf 80' lang='lat' dir='ltr'><strong>ﬂammas</strong></span> <span class='ocrx_word' id='word_1_656' title='bbox 439 3657 507 3711; x_wconf 87' lang='lat' dir='ltr'><strong>ad</strong></span> <span class='ocrx_word' id='word_1_657' title='bbox 541 3660 618 3712; x_wconf 87' lang='lat' dir='ltr'><strong>tui</strong></span> <span class='ocrx_word' id='word_1_658' title='bbox 649 3660 878 3713; x_wconf 86' lang='lat' dir='ltr'><strong>nominis</strong></span> <span class='ocrx_word' id='word_1_659' title='bbox 909 3655 1138 3728; x_wconf 84' lang='lat' dir='ltr'><strong>glariam</strong></span> <span class='ocrx_word' id='word_1_660' title='bbox 1160 3655 1490 3728; x_wconf 57' lang='lat' dir='ltr'><strong>superarem</strong></span> <span class='ocrx_word' id='word_1_661' title='bbox 1527 3657 1666 3723; x_wconf 87' lang='lat' dir='ltr'><strong>Quid</strong></span> <span class='ocrx_word' id='word_1_662' title='bbox 1705 3659 1912 3711; x_wconf 86' lang='lat' dir='ltr'><strong>multa?</strong></span> <span class='ocrx_word' id='word_1_663' title='bbox 1941 3655 2130 3709; x_wconf 74' lang='lat' dir='ltr'><strong>Adfuit</strong></span> <span class='ocrx_word' id='word_1_664' title='bbox 2160 3656 2402 3728; x_wconf 85' lang='lat' dir='ltr'><strong>precanti</strong></span> <span class='ocrx_word' id='word_1_665' title='bbox 2432 3655 2596 3728; x_wconf 81' lang='lat' dir='ltr'><strong>Deus,</strong></span> <span class='ocrx_word' id='word_1_666' title='bbox 2627 3665 2680 3709; x_wconf 92' lang='lat' dir='ltr'><strong>et</strong></span> <span class='ocrx_word' id='word_1_667' title='bbox 2714 3656 2858 3712; x_wconf 89' lang='lat' dir='ltr'><strong>votis</strong></span> <span class='ocrx_word' id='word_1_668' title='bbox 2881 3660 3096 3714; x_wconf 89' lang='lat' dir='ltr'><strong>annuit.</strong></span> <span class='ocrx_word' id='word_1_669' title='bbox 3132 3657 3240 3712; x_wconf 81' lang='lat' dir='ltr'><strong>Nec</strong></span> <span class='ocrx_word' id='word_1_670' title='bbox 3263 3657 3420 3710; x_wconf 83' lang='lat' dir='ltr'><strong>llam-</strong></span> 
     </span>
    </p>
   </div>
   <div class='ocr_carea' id='block_1_47' title="bbox 151 3725 3421 3798">
    <p class='ocr_par' dir='ltr' id='par_1_47' title="bbox 151 3725 3421 3798">
     <span class='ocr_line' id='line_1_47' title="bbox 151 3725 3421 3798; baseline -0 -16"><span class='ocrx_word' id='word_1_671' title='bbox 151 3725 282 3784; x_wconf 80' lang='lat' dir='ltr'><strong>inas</strong></span> <span class='ocrx_word' id='word_1_672' title='bbox 309 3736 519 3782; x_wconf 86' lang='lat' dir='ltr'><strong>tantum</strong></span> <span class='ocrx_word' id='word_1_673' title='bbox 551 3729 682 3784; x_wconf 86' lang='lat' dir='ltr'><strong>fecit</strong></span> <span class='ocrx_word' id='word_1_674' title='bbox 709 3738 767 3782; x_wconf 90' lang='lat' dir='ltr'><strong>ut</strong></span> <span class='ocrx_word' id='word_1_675' title='bbox 799 3725 1038 3783; x_wconf 78' lang='lat' dir='ltr'><strong>vinceret</strong></span> <span class='ocrx_word' id='word_1_676' title='bbox 1072 3728 1166 3784; x_wconf 91' lang='lat' dir='ltr'><strong>sed</strong></span> <span class='ocrx_word' id='word_1_677' title='bbox 1196 3725 1250 3782; x_wconf 83' lang='lat' dir='ltr'><strong>et</strong></span> <span class='ocrx_word' id='word_1_678' title='bbox 1284 3729 1753 3798; x_wconf 85' lang='lat' dir='ltr'><strong>I&#39;eroeissiinarnm</strong></span> <span class='ocrx_word' id='word_1_679' title='bbox 1784 3729 2082 3782; x_wconf 87' lang='lat' dir='ltr'><strong>bestiarum</strong></span> <span class='ocrx_word' id='word_1_680' title='bbox 2103 3765 2118 3789; x_wconf 93' lang='lat'><strong>,</strong></span> <span class='ocrx_word' id='word_1_681' title='bbox 2147 3725 2349 3798; x_wconf 88' lang='lat' dir='ltr'><strong>quibus</strong></span> <span class='ocrx_word' id='word_1_682' title='bbox 2383 3726 2660 3798; x_wconf 86' lang='lat' dir='ltr'><strong>projectus</strong></span> <span class='ocrx_word' id='word_1_683' title='bbox 2691 3735 2797 3790; x_wconf 91' lang='lat' dir='ltr'><strong>est,</strong></span> <span class='ocrx_word' id='word_1_684' title='bbox 2834 3728 3062 3791; x_wconf 88' lang='lat' dir='ltr'><strong>rabiem,</strong></span> <span class='ocrx_word' id='word_1_685' title='bbox 3095 3734 3148 3780; x_wconf 87' lang='lat' dir='ltr'><strong>et</strong></span> <span class='ocrx_word' id='word_1_686' title='bbox 3179 3728 3421 3798; x_wconf 86' lang='lat' dir='ltr'><strong>ingentia</strong></span> 
     </span>
    </p>
   </div>
   <div class='ocr_carea' id='block_1_48' title="bbox 145 3796 3416 3866">
    <p class='ocr_par' dir='ltr' id='par_1_48' title="bbox 145 3796 3416 3866">
     <span class='ocr_line' id='line_1_48' title="bbox 145 3796 3416 3866; baseline -0.001 -13"><span class='ocrx_word' id='word_1_687' title='bbox 145 3799 363 3853; x_wconf 86' lang='lat' dir='ltr'><strong>clibani</strong></span> <span class='ocrx_word' id='word_1_688' title='bbox 398 3799 680 3860; x_wconf 89' lang='lat' dir='ltr'><strong>incendia,</strong></span> <span class='ocrx_word' id='word_1_689' title='bbox 729 3807 784 3854; x_wconf 89' lang='lat' dir='ltr'><strong>et</strong></span> <span class='ocrx_word' id='word_1_690' title='bbox 830 3801 1201 3854; x_wconf 87' lang='lat' dir='ltr'><strong>membrorum</strong></span> <span class='ocrx_word' id='word_1_691' title='bbox 1237 3799 1290 3852; x_wconf 94' lang='lat' dir='ltr'><strong>in</strong></span> <span class='ocrx_word' id='word_1_692' title='bbox 1323 3814 1488 3853; x_wconf 89' lang='lat' dir='ltr'><strong>cruce</strong></span> <span class='ocrx_word' id='word_1_693' title='bbox 1531 3797 1884 3853; x_wconf 83' lang='lat' dir='ltr'><strong>sullixiones:</strong></span> <span class='ocrx_word' id='word_1_694' title='bbox 1915 3811 2037 3866; x_wconf 67' lang='lat' dir='ltr'><strong>qua:</strong></span> <span class='ocrx_word' id='word_1_695' title='bbox 2080 3796 2266 3850; x_wconf 90' lang='lat' dir='ltr'><strong>omnia</strong></span> <span class='ocrx_word' id='word_1_696' title='bbox 2298 3799 2493 3865; x_wconf 89' lang='lat' dir='ltr'><strong>partim</strong></span> <span class='ocrx_word' id='word_1_697' title='bbox 2547 3796 2750 3866; x_wconf 84' lang='lat' dir='ltr'><strong>invicta</strong></span> <span class='ocrx_word' id='word_1_698' title='bbox 2805 3798 3068 3866; x_wconf 87' lang='lat' dir='ltr'><strong>patientia</strong></span> <span class='ocrx_word' id='word_1_699' title='bbox 3119 3796 3416 3861; x_wconf 86' lang='lat' dir='ltr'><strong>sustinuit,</strong></span> 
     </span>
    </p>
   </div>
   <div class='ocr_carea' id='block_1_49' title="bbox 150 3865 3420 3941">
    <p class='ocr_par' dir='ltr' id='par_1_49' title="bbox 150 3865 3420 3941">
     <span class='ocr_line' id='line_1_49' title="bbox 150 3865 3420 3941; baseline 0 -21"><span class='ocrx_word' id='word_1_700' title='bbox 150 3869 360 3941; x_wconf 83' lang='lat' dir='ltr'><strong>partim</strong></span> <span class='ocrx_word' id='word_1_701' title='bbox 393 3871 618 3941; x_wconf 82' lang='lat' dir='ltr'><strong>salutari</strong></span> <span class='ocrx_word' id='word_1_702' title='bbox 656 3871 814 3941; x_wconf 82' lang='lat' dir='ltr'><strong>signo</strong></span> <span class='ocrx_word' id='word_1_703' title='bbox 843 3869 1174 3940; x_wconf 82' lang='lat' dir='ltr'><strong>proﬂigavit,</strong></span> <span class='ocrx_word' id='word_1_704' title='bbox 1211 3871 1408 3941; x_wconf 86' lang='lat' dir='ltr'><strong>partim</strong></span> <span class='ocrx_word' id='word_1_705' title='bbox 1456 3885 1618 3938; x_wconf 87' lang='lat' dir='ltr'><strong>prece</strong></span> <span class='ocrx_word' id='word_1_706' title='bbox 1647 3878 1702 3922; x_wconf 91' lang='lat' dir='ltr'><strong>et</strong></span> <span class='ocrx_word' id='word_1_707' title='bbox 1736 3868 1878 3941; x_wconf 78' lang='lat' dir='ltr'><strong>lidei</strong></span> <span class='ocrx_word' id='word_1_708' title='bbox 1904 3865 2292 3941; x_wconf 66' lang='lat' dir='ltr'><strong>piaedicatione</strong></span> <span class='ocrx_word' id='word_1_709' title='bbox 2343 3866 2445 3941; x_wconf 84' lang='lat' dir='ltr'><strong>sibi</strong></span> <span class='ocrx_word' id='word_1_710' title='bbox 2482 3865 2798 3941; x_wconf 82' lang='lat' dir='ltr'><strong>substerni,</strong></span> <span class='ocrx_word' id='word_1_711' title='bbox 2849 3875 2904 3941; x_wconf 87' lang='lat' dir='ltr'><strong>et</strong></span> <span class='ocrx_word' id='word_1_712' title='bbox 2949 3884 3063 3941; x_wconf 82' lang='lat' dir='ltr'><strong>sua:</strong></span> <span class='ocrx_word' id='word_1_713' title='bbox 3104 3869 3420 3941; x_wconf 82' lang='lat' dir='ltr'><strong>subservire</strong></span> 
     </span>
    </p>
   </div>
   <div class='ocr_carea' id='block_1_50' title="bbox 145 3935 3416 4020">
    <p class='ocr_par' dir='ltr' id='par_1_50' title="bbox 145 3935 3416 4020">
     <span class='ocr_line' id='line_1_50' title="bbox 145 3935 3416 4020; baseline -0.001 -28"><span class='ocrx_word' id='word_1_714' title='bbox 145 3935 348 4020; x_wconf 64' lang='lat' dir='ltr'><strong>gloria:</strong></span> <span class='ocrx_word' id='word_1_715' title='bbox 364 3941 553 4020; x_wconf 54' lang='lat' dir='ltr'><strong>jussit:</strong></span> <span class='ocrx_word' id='word_1_716' title='bbox 583 3935 732 4020; x_wconf 67' lang='lat' dir='ltr'><strong>Nam</strong></span> <span class='ocrx_word' id='word_1_717' title='bbox 753 3935 1123 4020; x_wconf 33' lang='lat' dir='ltr'><strong>pre—cantiIEet</strong></span> <span class='ocrx_word' id='word_1_718' title='bbox 1149 3935 1332 4020; x_wconf 80' lang='lat' dir='ltr'><strong>crucis</strong></span> <span class='ocrx_word' id='word_1_719' title='bbox 1365 3935 1581 4009; x_wconf 83' lang='lat' dir='ltr'><strong>signum</strong></span> <span class='ocrx_word' id='word_1_720' title='bbox 1628 3935 1971 4020; x_wconf 80' lang='lat' dir='ltr'><strong>rugientibus</strong></span> <span class='ocrx_word' id='word_1_721' title='bbox 2007 3945 2170 4020; x_wconf 76' lang='lat' dir='ltr'><strong>atque</strong></span> <span class='ocrx_word' id='word_1_722' title='bbox 2203 3935 2258 3989; x_wconf 92' lang='lat' dir='ltr'><strong>in</strong></span> <span class='ocrx_word' id='word_1_723' title='bbox 2310 3937 3048 4020; x_wconf 35' lang='lat' dir='ltr'><strong>se‘incurreiitibus‘bestiis</strong></span> <span class='ocrx_word' id='word_1_724' title='bbox 3096 3938 3416 4020; x_wconf 70' lang='lat' dir='ltr'><strong>objectaiiti,</strong></span> 
     </span>
    </p>
   </div>
   <div class='ocr_carea' id='block_1_51' title="bbox 149 4005 3416 4080">
    <p class='ocr_par' dir='ltr' id='par_1_51' title="bbox 149 4005 3416 4080">
     <span class='ocr_line' id='line_1_51' title="bbox 149 4005 3416 4080; baseline -0.001 -18"><span class='ocrx_word' id='word_1_725' title='bbox 149 4005 296 4079; x_wconf 63' lang='lat' dir='ltr'><strong>ipsae</strong></span> <span class='ocrx_word' id='word_1_726' title='bbox 335 4005 587 4080; x_wconf 79' lang='lat' dir='ltr'><strong>quamvis</strong></span> <span class='ocrx_word' id='word_1_727' title='bbox 617 4005 886 4066; x_wconf 76' lang='lat' dir='ltr'><strong>immanes</strong></span> <span class='ocrx_word' id='word_1_728' title='bbox 921 4018 975 4064; x_wconf 89' lang='lat' dir='ltr'><strong>et</strong></span> <span class='ocrx_word' id='word_1_729' title='bbox 1007 4010 1273 4074; x_wconf 64' lang='lat' dir='ltr'><strong>eﬂ‘eratte,</strong></span> <span class='ocrx_word' id='word_1_730' title='bbox 1306 4005 1490 4064; x_wconf 74' lang='lat' dir='ltr'><strong>coram</strong></span> <span class='ocrx_word' id='word_1_731' title='bbox 1521 4024 1588 4063; x_wconf 92' lang='lat' dir='ltr'><strong>eo</strong></span> <span class='ocrx_word' id='word_1_732' title='bbox 1614 4005 2023 4080; x_wconf 68' lang='lat' dir='ltr'><strong>quasiticures</strong></span> <span class='ocrx_word' id='word_1_733' title='bbox 2052 4016 2106 4062; x_wconf 89' lang='lat' dir='ltr'><strong>et</strong></span> <span class='ocrx_word' id='word_1_734' title='bbox 2153 4013 2454 4080; x_wconf 75' lang='lat' dir='ltr'><strong>mansueta:</strong></span> <span class='ocrx_word' id='word_1_735' title='bbox 2486 4005 3220 4080; x_wconf 84' lang='lat' dir='ltr'><strong>prociderunt._Conjectuin</strong></span> <span class='ocrx_word' id='word_1_736' title='bbox 3244 4009 3416 4080; x_wconf 78' lang='lat' dir='ltr'><strong>etiam</strong></span> 
     </span>
    </p>
   </div>
   <div class='ocr_carea' id='block_1_52' title="bbox 149 4077 3419 4151">
    <p class='ocr_par' dir='ltr' id='par_1_52' title="bbox 149 4077 3419 4151">
     <span class='ocr_line' id='line_1_52' title="bbox 149 4077 3419 4151; baseline -0.001 -17"><span class='ocrx_word' id='word_1_737' title='bbox 149 4077 215 4134; x_wconf 86' lang='lat' dir='ltr'><strong>iii</strong></span> <span class='ocrx_word' id='word_1_738' title='bbox 246 4077 705 4151; x_wconf 77' lang='lat' dir='ltr'><strong>ﬂagrantissimos</strong></span> <span class='ocrx_word' id='word_1_739' title='bbox 733 4082 1022 4151; x_wconf 62' lang='lat' dir='ltr'><strong>aestuantis</strong></span> <span class='ocrx_word' id='word_1_740' title='bbox 1057 4081 1259 4134; x_wconf 92' lang='lat' dir='ltr'><strong>clibani</strong></span> <span class='ocrx_word' id='word_1_741' title='bbox 1289 4081 1536 4139; x_wconf 88' lang='lat' dir='ltr'><strong>ardores.</strong></span> <span class='ocrx_word' id='word_1_742' title='bbox 1571 4077 1704 4134; x_wconf 76' lang='lat' dir='ltr'><strong>lusa:</strong></span> <span class='ocrx_word' id='word_1_743' title='bbox 1731 4078 1799 4132; x_wconf 93' lang='lat' dir='ltr'><strong>ad</strong></span> <span class='ocrx_word' id='word_1_744' title='bbox 1833 4079 2002 4133; x_wconf 89' lang='lat' dir='ltr'><strong>Deum</strong></span> <span class='ocrx_word' id='word_1_745' title='bbox 2044 4077 2392 4151; x_wconf 79' lang='lat' dir='ltr'><strong>precationes</strong></span> <span class='ocrx_word' id='word_1_746' title='bbox 2421 4077 2569 4130; x_wconf 94' lang='lat' dir='ltr'><strong>omni</strong></span> <span class='ocrx_word' id='word_1_747' title='bbox 2604 4077 3043 4151; x_wconf 81' lang='lat' dir='ltr'><strong>auropuriorem</strong></span> <span class='ocrx_word' id='word_1_748' title='bbox 3074 4092 3139 4132; x_wconf 88' lang='lat' dir='ltr'><strong>ac</strong></span> <span class='ocrx_word' id='word_1_749' title='bbox 3174 4078 3419 4146; x_wconf 88' lang='lat' dir='ltr'><strong>splendi-</strong></span> 
     </span>
    </p>
   </div>
   <div class='ocr_carea' id='block_1_53' title="bbox 147 4147 3415 4220">
    <p class='ocr_par' dir='ltr' id='par_1_53' title="bbox 147 4147 3415 4220">
     <span class='ocr_line' id='line_1_53' title="bbox 147 4147 3415 4220; baseline -0.002 -14"><span class='ocrx_word' id='word_1_750' title='bbox 147 4147 368 4206; x_wconf 76' lang='lat' dir='ltr'><strong>diorem</strong></span> <span class='ocrx_word' id='word_1_751' title='bbox 401 4151 727 4207; x_wconf 82' lang='lat' dir='ltr'><strong>eduxerunt.</strong></span> <span class='ocrx_word' id='word_1_752' title='bbox 761 4150 819 4206; x_wconf 89' lang='lat' dir='ltr'><strong>In</strong></span> <span class='ocrx_word' id='word_1_753' title='bbox 853 4167 1074 4206; x_wconf 86' lang='lat' dir='ltr'><strong>crucem</strong></span> <span class='ocrx_word' id='word_1_754' title='bbox 1107 4151 1340 4220; x_wconf 90' lang='lat' dir='ltr'><strong>denique</strong></span> <span class='ocrx_word' id='word_1_755' title='bbox 1371 4151 1671 4212; x_wconf 74' lang='lat' dir='ltr'><strong>sublatum,</strong></span> <span class='ocrx_word' id='word_1_756' title='bbox 1716 4163 1840 4204; x_wconf 90' lang='lat' dir='ltr'><strong>cum</strong></span> <span class='ocrx_word' id='word_1_757' title='bbox 1876 4165 1945 4204; x_wconf 83' lang='lat' dir='ltr'><strong>ex</strong></span> <span class='ocrx_word' id='word_1_758' title='bbox 1981 4162 2046 4202; x_wconf 88' lang='lat' dir='ltr'><strong>ea</strong></span> <span class='ocrx_word' id='word_1_759' title='bbox 2076 4147 2222 4201; x_wconf 90' lang='lat' dir='ltr'><strong>velut</strong></span> <span class='ocrx_word' id='word_1_760' title='bbox 2253 4162 2283 4200; x_wconf 90' lang='lat' dir='ltr'><strong>e</strong></span> <span class='ocrx_word' id='word_1_761' title='bbox 2313 4155 2571 4220; x_wconf 72' lang='lat' dir='ltr'><strong>suggestu</strong></span> <span class='ocrx_word' id='word_1_762' title='bbox 2605 4147 3047 4220; x_wconf 82' lang='lat' dir='ltr'><strong>concionatorein</strong></span> <span class='ocrx_word' id='word_1_763' title='bbox 3081 4159 3287 4216; x_wconf 87' lang='lat' dir='ltr'><strong>ageret,</strong></span> <span class='ocrx_word' id='word_1_764' title='bbox 3317 4164 3415 4218; x_wconf 80' lang='lat' dir='ltr'><strong>po-</strong></span> 
     </span>
    </p>
   </div>
   <div class='ocr_carea' id='block_1_54' title="bbox 149 4216 3416 4293">
    <p class='ocr_par' dir='ltr' id='par_1_54' title="bbox 149 4216 3416 4293">
     <span class='ocr_line' id='line_1_54' title="bbox 149 4216 3416 4293; baseline -0 -18"><span class='ocrx_word' id='word_1_765' title='bbox 149 4223 466 4293; x_wconf 77' lang='lat' dir='ltr'><strong>polumque</strong></span> <span class='ocrx_word' id='word_1_766' title='bbox 496 4221 894 4276; x_wconf 83' lang='lat' dir='ltr'><strong>circumfusum</strong></span> <span class='ocrx_word' id='word_1_767' title='bbox 926 4222 1128 4277; x_wconf 89' lang='lat' dir='ltr'><strong>divinis</strong></span> <span class='ocrx_word' id='word_1_768' title='bbox 1164 4216 1639 4293; x_wconf 79' lang='lat' dir='ltr'><strong>cohortationibus</strong></span> <span class='ocrx_word' id='word_1_769' title='bbox 1669 4221 1952 4293; x_wconf 86' lang='lat' dir='ltr'><strong>aliorsum,</strong></span> <span class='ocrx_word' id='word_1_770' title='bbox 1988 4233 2152 4293; x_wconf 83' lang='lat' dir='ltr'><strong>_qnam</strong></span> <span class='ocrx_word' id='word_1_771' title='bbox 2183 4216 2507 4293; x_wconf 64' lang='lat' dir='ltr'><strong>quaesitores</strong></span> <span class='ocrx_word' id='word_1_772' title='bbox 2556 4217 2776 4293; x_wconf 82' lang='lat' dir='ltr'><strong>vellent,</strong></span> <span class='ocrx_word' id='word_1_773' title='bbox 2805 4218 3169 4286; x_wconf 81' lang='lat' dir='ltr'><strong>pertraheret,</strong></span> <span class='ocrx_word' id='word_1_774' title='bbox 3202 4233 3234 4272; x_wconf 89' lang='lat' dir='ltr'><strong>e</strong></span> <span class='ocrx_word' id='word_1_775' title='bbox 3265 4216 3416 4293; x_wconf 79' lang='lat' dir='ltr'><strong>ligno</strong></span> 
     </span>
    </p>
   </div>
   <div class='ocr_carea' id='block_1_55' title="bbox 147 4287 3417 4363">
    <p class='ocr_par' dir='ltr' id='par_1_55' title="bbox 147 4287 3417 4363">
     <span class='ocr_line' id='line_1_55' title="bbox 147 4287 3417 4363; baseline -0.001 -15"><span class='ocrx_word' id='word_1_776' title='bbox 147 4287 283 4348; x_wconf 67' lang='lat' dir='ltr'><strong>eum</strong></span> <span class='ocrx_word' id='word_1_777' title='bbox 315 4287 559 4363; x_wconf 79' lang='lat' dir='ltr'><strong>rcligere,</strong></span> <span class='ocrx_word' id='word_1_778' title='bbox 593 4293 685 4363; x_wconf 90' lang='lat' dir='ltr'><strong>qui</strong></span> <span class='ocrx_word' id='word_1_779' title='bbox 722 4293 1025 4356; x_wconf 85' lang='lat' dir='ltr'><strong>allixerant,</strong></span> <span class='ocrx_word' id='word_1_780' title='bbox 1049 4293 1384 4356; x_wconf 86' lang='lat' dir='ltr'><strong>maluerunt,</strong></span> <span class='ocrx_word' id='word_1_781' title='bbox 1410 4307 1580 4363; x_wconf 83' lang='lat' dir='ltr'><strong>quam</strong></span> <span class='ocrx_word' id='word_1_782' title='bbox 1603 4291 1850 4363; x_wconf 86' lang='lat' dir='ltr'><strong>doctoris</strong></span> <span class='ocrx_word' id='word_1_783' title='bbox 1883 4290 2163 4363; x_wconf 83' lang='lat' dir='ltr'><strong>sapienter</strong></span> <span class='ocrx_word' id='word_1_784' title='bbox 2191 4287 2531 4363; x_wconf 82' lang='lat' dir='ltr'><strong>incantantis</strong></span> <span class='ocrx_word' id='word_1_785' title='bbox 2557 4288 2748 4363; x_wconf 74' lang='lat' dir='ltr'><strong>audire</strong></span> <span class='ocrx_word' id='word_1_786' title='bbox 2780 4303 3067 4363; x_wconf 68' lang='lat' dir='ltr'><strong>sermones</strong></span> <span class='ocrx_word' id='word_1_787' title='bbox 3091 4306 3103 4340; x_wconf 92' lang='lat'>:</span> <span class='ocrx_word' id='word_1_788' title='bbox 3123 4296 3176 4363; x_wconf 82' lang='lat' dir='ltr'><strong>et</strong></span> <span class='ocrx_word' id='word_1_789' title='bbox 3200 4289 3417 4359; x_wconf 67' lang='lat' dir='ltr'><strong>paedore</strong></span> 
     </span>
    </p>
   </div>
   <div class='ocr_carea' id='block_1_56' title="bbox 148 4357 3416 4434">
    <p class='ocr_par' dir='ltr' id='par_1_56' title="bbox 148 4357 3416 4434">
     <span class='ocr_line' id='line_1_56' title="bbox 148 4357 3416 4434; baseline -0.001 -18"><span class='ocrx_word' id='word_1_790' title='bbox 148 4364 342 4434; x_wconf 84' lang='lat' dir='ltr'><strong>potius</strong></span> <span class='ocrx_word' id='word_1_791' title='bbox 380 4357 627 4434; x_wconf 65' lang='lat' dir='ltr'><strong>carceris</strong></span> <span class='ocrx_word' id='word_1_792' title='bbox 651 4363 804 4417; x_wconf 90' lang='lat' dir='ltr'><strong>illum</strong></span> <span class='ocrx_word' id='word_1_793' title='bbox 830 4378 1086 4426; x_wconf 91' lang='lat' dir='ltr'><strong>enecare,</strong></span> <span class='ocrx_word' id='word_1_794' title='bbox 1127 4378 1289 4432; x_wconf 88' lang='lat' dir='ltr'><strong>quam</strong></span> <span class='ocrx_word' id='word_1_795' title='bbox 1320 4369 1400 4416; x_wconf 89' lang='lat' dir='ltr'><strong>tot</strong></span> <span class='ocrx_word' id='word_1_796' title='bbox 1427 4357 1826 4430; x_wconf 66' lang='lat' dir='ltr'><strong>suppliciorum</strong></span> <span class='ocrx_word' id='word_1_797' title='bbox 1859 4357 2122 4434; x_wconf 74' lang='lat' dir='ltr'><strong>victorem</strong></span> <span class='ocrx_word' id='word_1_798' title='bbox 2154 4357 2456 4434; x_wconf 75' lang='lat' dir='ltr'><strong>gloriosum</strong></span> <span class='ocrx_word' id='word_1_799' title='bbox 2486 4358 2763 4434; x_wconf 68' lang='lat' dir='ltr'><strong>exhibere.</strong></span> <span class='ocrx_word' id='word_1_800' title='bbox 2789 4358 2910 4434; x_wconf 82' lang='lat' dir='ltr'><strong>Quo</strong></span> <span class='ocrx_word' id='word_1_801' title='bbox 2933 4367 3114 4434; x_wconf 82' lang='lat' dir='ltr'><strong>tamen</strong></span> <span class='ocrx_word' id='word_1_802' title='bbox 3141 4357 3416 4434; x_wconf 62' lang='lat' dir='ltr'><strong>int-arce-</strong></span> 
     </span>
    </p>
   </div>
   <div class='ocr_carea' id='block_1_57' title="bbox 151 4426 3413 4502">
    <p class='ocr_par' dir='ltr' id='par_1_57' title="bbox 151 4426 3413 4502">
     <span class='ocr_line' id='line_1_57' title="bbox 151 4426 3413 4502; baseline -0.002 -15"><span class='ocrx_word' id='word_1_803' title='bbox 151 4426 274 4487; x_wconf 64' lang='lat' dir='ltr'><strong>rem</strong></span> <span class='ocrx_word' id='word_1_804' title='bbox 305 4434 374 4502; x_wconf 87' lang='lat' dir='ltr'><strong>(is</strong></span> <span class='ocrx_word' id='word_1_805' title='bbox 409 4444 540 4488; x_wconf 89' lang='lat' dir='ltr'><strong>tunc</strong></span> <span class='ocrx_word' id='word_1_806' title='bbox 570 4432 814 4487; x_wconf 84' lang='lat' dir='ltr'><strong>Glaucini</strong></span> <span class='ocrx_word' id='word_1_807' title='bbox 845 4449 1036 4488; x_wconf 90' lang='lat' dir='ltr'><strong>carcer</strong></span> <span class='ocrx_word' id='word_1_808' title='bbox 1059 4426 1232 4488; x_wconf 78' lang='lat' dir='ltr'><strong>vocab</strong></span> <span class='ocrx_word' id='word_1_809' title='bbox 1256 4439 1359 4485; x_wconf 92' lang='lat' dir='ltr'><strong>.tur</strong></span> <span class='ocrx_word' id='word_1_810' title='bbox 1387 4450 1401 4486; x_wconf 88' lang='lat'><strong>:</strong></span> <span class='ocrx_word' id='word_1_811' title='bbox 1430 4426 1576 4486; x_wconf 71' lang='lat' dir='ltr'><strong>nunc</strong></span> <span class='ocrx_word' id='word_1_812' title='bbox 1606 4439 1788 4485; x_wconf 90' lang='lat' dir='ltr'><strong>autem</strong></span> <span class='ocrx_word' id='word_1_813' title='bbox 1819 4430 2085 4502; x_wconf 78' lang='lat' dir='ltr'><strong>sacellum</strong></span> <span class='ocrx_word' id='word_1_814' title='bbox 2126 4437 2211 4481; x_wconf 88' lang='lat' dir='ltr'><strong>est</strong></span> <span class='ocrx_word' id='word_1_815' title='bbox 2239 4428 2414 4502; x_wconf 84' lang='lat' dir='ltr'><strong>ipsius</strong></span> <span class='ocrx_word' id='word_1_816' title='bbox 2441 4428 2624 4502; x_wconf 80' lang='lat' dir='ltr'><strong>sancti</strong></span> <span class='ocrx_word' id='word_1_817' title='bbox 2654 4426 2925 4502; x_wconf 79' lang='lat' dir='ltr'><strong>Dionysii,</strong></span> <span class='ocrx_word' id='word_1_818' title='bbox 2953 4429 3114 4498; x_wconf 86' lang='lat' dir='ltr'><strong>vulgo</strong></span> <span class='ocrx_word' id='word_1_819' title='bbox 3141 4427 3202 4502; x_wconf 74' lang='lat' dir='ltr'><strong>S.</strong></span> <span class='ocrx_word' id='word_1_820' title='bbox 3239 4428 3413 4498; x_wconf 77' lang='lat' dir='ltr'><strong>Denys</strong></span> 
     </span>
    </p>
   </div>
   <div class='ocr_carea' id='block_1_58' title="bbox 146 4498 3418 4574">
    <p class='ocr_par' dir='ltr' id='par_1_58' title="bbox 146 4498 3418 4574">
     <span class='ocr_line' id='line_1_58' title="bbox 146 4498 3418 4574; baseline -0.002 -17"><span class='ocrx_word' id='word_1_821' title='bbox 146 4504 220 4557; x_wconf 85' lang='lat' dir='ltr'><strong>de</strong></span> <span class='ocrx_word' id='word_1_822' title='bbox 241 4503 298 4555; x_wconf 90' lang='lat' dir='ltr'><strong>la</strong></span> <span class='ocrx_word' id='word_1_823' title='bbox 313 4498 546 4558; x_wconf 66' lang='grc' dir='ltr'><strong>’θῆαι-ιη</strong></span> <span class='ocrx_word' id='word_1_824' title='bbox 577 4502 928 4574; x_wconf 85' lang='lat' dir='ltr'><strong>appellatum)</strong></span> <span class='ocrx_word' id='word_1_825' title='bbox 960 4519 1059 4574; x_wconf 89' lang='lat' dir='ltr'><strong>nec</strong></span> <span class='ocrx_word' id='word_1_826' title='bbox 1087 4502 1272 4558; x_wconf 90' lang='lat' dir='ltr'><strong>divina</strong></span> <span class='ocrx_word' id='word_1_827' title='bbox 1299 4502 1476 4557; x_wconf 83' lang='lat' dir='ltr'><strong>deluit</strong></span> <span class='ocrx_word' id='word_1_828' title='bbox 1509 4503 1680 4572; x_wconf 89' lang='lat' dir='ltr'><strong>gloria</strong></span> <span class='ocrx_word' id='word_1_829' title='bbox 1708 4507 1807 4574; x_wconf 84' lang='lat' dir='ltr'><strong>:_et</strong></span> <span class='ocrx_word' id='word_1_830' title='bbox 1832 4498 2089 4574; x_wconf 81' lang='lat' dir='ltr'><strong>Diony_sii</strong></span> <span class='ocrx_word' id='word_1_831' title='bbox 2111 4499 2560 4574; x_wconf 70' lang='lat' dir='ltr'><strong>exceilensapud</strong></span> <span class='ocrx_word' id='word_1_832' title='bbox 2596 4498 2763 4552; x_wconf 89' lang='lat' dir='ltr'><strong>Deum</strong></span> <span class='ocrx_word' id='word_1_833' title='bbox 2789 4498 2964 4567; x_wconf 88' lang='lat' dir='ltr'><strong>gratia</strong></span> <span class='ocrx_word' id='word_1_834' title='bbox 2986 4501 3257 4574; x_wconf 50' lang='lat' dir='ltr'><strong>piaaflare</strong></span> <span class='ocrx_word' id='word_1_835' title='bbox 3279 4502 3418 4554; x_wconf 82' lang='lat' dir='ltr'><strong>etni-</strong></span> 
     </span>
    </p>
   </div>
   <div class='ocr_carea' id='block_1_59' title="bbox 147 4568 3412 4645">
    <p class='ocr_par' dir='ltr' id='par_1_59' title="bbox 147 4568 3412 4645">
     <span class='ocr_line' id='line_1_59' title="bbox 147 4568 3412 4645; baseline -0.001 -19"><span class='ocrx_word' id='word_1_836' title='bbox 147 4575 271 4627; x_wconf 87' lang='lat' dir='ltr'><strong>cuit</strong></span> <span class='ocrx_word' id='word_1_837' title='bbox 303 4573 440 4645; x_wconf 84' lang='lat'><strong>(66).</strong></span> <span class='ocrx_word' id='word_1_838' title='bbox 470 4568 780 4630; x_wconf 53' lang='lat' dir='ltr'><strong>Cum&#39;énim</strong></span> <span class='ocrx_word' id='word_1_839' title='bbox 812 4575 866 4628; x_wconf 94' lang='lat' dir='ltr'><strong>in</strong></span> <span class='ocrx_word' id='word_1_840' title='bbox 898 4568 1150 4628; x_wconf 83' lang='lat' dir='ltr'><strong>eumdem</strong></span> <span class='ocrx_word' id='word_1_841' title='bbox 1179 4587 1461 4645; x_wconf 84' lang='lat' dir='ltr'><strong>carcerem</strong></span> <span class='ocrx_word' id='word_1_842' title='bbox 1496 4568 1606 4645; x_wconf 77' lang='lat' dir='ltr'><strong>non</strong></span> <span class='ocrx_word' id='word_1_843' title='bbox 1634 4570 1796 4624; x_wconf 85' lang='lat' dir='ltr'><strong>modo</strong></span> <span class='ocrx_word' id='word_1_844' title='bbox 1831 4571 1943 4623; x_wconf 92' lang='lat' dir='ltr'><strong>bini</strong></span> <span class='ocrx_word' id='word_1_845' title='bbox 1970 4568 2098 4645; x_wconf 83' lang='lat' dir='ltr'><strong>_ejus</strong></span> <span class='ocrx_word' id='word_1_846' title='bbox 2126 4568 2286 4632; x_wconf 91' lang='lat' dir='ltr'><strong>socii,</strong></span> <span class='ocrx_word' id='word_1_847' title='bbox 2319 4569 2417 4645; x_wconf 80' lang='lat' dir='ltr'><strong>sed</strong></span> <span class='ocrx_word' id='word_1_848' title='bbox 2441 4569 2672 4645; x_wconf 86' lang='lat' dir='ltr'><strong>aliorum</strong></span> <span class='ocrx_word' id='word_1_849' title='bbox 2701 4585 2936 4645; x_wconf 78' lang='lat' dir='ltr'><strong>quoque</strong></span> <span class='ocrx_word' id='word_1_850' title='bbox 2971 4569 3149 4645; x_wconf 65' lang='grc'><strong>495</strong></span> <span class='ocrx_word' id='word_1_851' title='bbox 3181 4569 3412 4624; x_wconf 82' lang='lat' dir='ltr'><strong>fratrum</strong></span> 
     </span>
    </p>
   </div>
   <div class='ocr_carea' id='block_1_60' title="bbox 148 4638 3412 4711">
    <p class='ocr_par' dir='ltr' id='par_1_60' title="bbox 148 4638 3412 4711">
     <span class='ocr_line' id='line_1_60' title="bbox 148 4638 3412 4711; baseline -0.002 -12"><span class='ocrx_word' id='word_1_852' title='bbox 148 4638 338 4700; x_wconf 77' lang='lat' dir='ltr'><strong>bonus</strong></span> <span class='ocrx_word' id='word_1_853' title='bbox 367 4638 626 4700; x_wconf 80' lang='lat' dir='ltr'><strong>numerus</strong></span> <span class='ocrx_word' id='word_1_854' title='bbox 655 4661 780 4698; x_wconf 89' lang='lat' dir='ltr'><strong>cum</strong></span> <span class='ocrx_word' id='word_1_855' title='bbox 817 4645 908 4698; x_wconf 90' lang='lat' dir='ltr'><strong>illo</strong></span> <span class='ocrx_word' id='word_1_856' title='bbox 945 4660 1053 4698; x_wconf 88' lang='lat' dir='ltr'><strong>una</strong></span> <span class='ocrx_word' id='word_1_857' title='bbox 1082 4643 1282 4698; x_wconf 91' lang='lat' dir='ltr'><strong>inclusi</strong></span> <span class='ocrx_word' id='word_1_858' title='bbox 1310 4651 1516 4706; x_wconf 89' lang='lat' dir='ltr'><strong>essent,</strong></span> <span class='ocrx_word' id='word_1_859' title='bbox 1553 4643 1669 4711; x_wconf 89' lang='lat' dir='ltr'><strong>ipse</strong></span> <span class='ocrx_word' id='word_1_860' title='bbox 1703 4655 1896 4695; x_wconf 89' lang='lat' dir='ltr'><strong>omnes</strong></span> <span class='ocrx_word' id='word_1_861' title='bbox 1920 4639 1988 4694; x_wconf 89' lang='lat' dir='ltr'><strong>ad</strong></span> <span class='ocrx_word' id='word_1_862' title='bbox 2009 4652 2274 4710; x_wconf 79' lang='lat' dir='ltr'><strong>generose</strong></span> <span class='ocrx_word' id='word_1_863' title='bbox 2306 4654 2369 4711; x_wconf 80' lang='lat' dir='ltr'><strong>ae</strong></span> <span class='ocrx_word' id='word_1_864' title='bbox 2393 4638 2610 4694; x_wconf 78' lang='lat' dir='ltr'><strong>fortiter</strong></span> <span class='ocrx_word' id='word_1_865' title='bbox 2641 4638 3412 4711; x_wconf 74' lang='lat' dir='ltr'><strong>decertandumcohortatus,</strong></span> 
     </span>
    </p>
   </div>
   <div class='ocr_carea' id='block_1_61' title="bbox 148 4708 3415 4784">
    <p class='ocr_par' dir='ltr' id='par_1_61' title="bbox 148 4708 3415 4784">
     <span class='ocr_line' id='line_1_61' title="bbox 148 4708 3415 4784; baseline -0.002 -14"><span class='ocrx_word' id='word_1_866' title='bbox 148 4715 359 4784; x_wconf 87' lang='lat' dir='ltr'><strong>ibidem</strong></span> <span class='ocrx_word' id='word_1_867' title='bbox 391 4716 455 4769; x_wconf 88' lang='lat' dir='ltr'><strong>ad</strong></span> <span class='ocrx_word' id='word_1_868' title='bbox 487 4715 665 4784; x_wconf 87' lang='lat' dir='ltr'><strong>majus</strong></span> <span class='ocrx_word' id='word_1_869' title='bbox 695 4714 803 4769; x_wconf 91' lang='lat' dir='ltr'><strong>illis</strong></span> <span class='ocrx_word' id='word_1_870' title='bbox 835 4714 1131 4784; x_wconf 89' lang='lat' dir='ltr'><strong>indendum</strong></span> <span class='ocrx_word' id='word_1_871' title='bbox 1158 4713 1328 4768; x_wconf 91' lang='lat' dir='ltr'><strong>robur</strong></span> <span class='ocrx_word' id='word_1_872' title='bbox 1351 4716 1528 4767; x_wconf 90' lang='lat' dir='ltr'><strong>sacris</strong></span> <span class='ocrx_word' id='word_1_873' title='bbox 1550 4708 1788 4784; x_wconf 79' lang='lat' dir='ltr'><strong>operari,</strong></span> <span class='ocrx_word' id='word_1_874' title='bbox 1817 4718 1871 4766; x_wconf 91' lang='lat' dir='ltr'><strong>et</strong></span> <span class='ocrx_word' id='word_1_875' title='bbox 1897 4708 2129 4784; x_wconf 80' lang='lat' dir='ltr'><strong>cunctos</strong></span> <span class='ocrx_word' id='word_1_876' title='bbox 2154 4723 2294 4784; x_wconf 84' lang='lat' dir='ltr'><strong>pane</strong></span> <span class='ocrx_word' id='word_1_877' title='bbox 2318 4708 2432 4784; x_wconf 86' lang='lat' dir='ltr'><strong>illo,</strong></span> <span class='ocrx_word' id='word_1_878' title='bbox 2463 4717 2782 4784; x_wconf 81' lang='lat' dir='ltr'><strong>sanctorum</strong></span> <span class='ocrx_word' id='word_1_879' title='bbox 2809 4709 2975 4784; x_wconf 82' lang='lat' dir='ltr'><strong>corda</strong></span> <span class='ocrx_word' id='word_1_880' title='bbox 2998 4709 3415 4784; x_wconf 82' lang='lat' dir='ltr'><strong>divinituscon-</strong></span> 
     </span>
    </p>
   </div>
   <div class='ocr_carea' id='block_1_62' title="bbox 148 4780 3413 4852">
    <p class='ocr_par' dir='ltr' id='par_1_62' title="bbox 148 4780 3413 4852">
     <span class='ocr_line' id='line_1_62' title="bbox 148 4780 3413 4852; baseline -0.001 -13"><span class='ocrx_word' id='word_1_881' title='bbox 148 4783 417 4848; x_wconf 83' lang='lat' dir='ltr'><strong>fortante,</strong></span> <span class='ocrx_word' id='word_1_882' title='bbox 436 4780 662 4841; x_wconf 78' lang='lat' dir='ltr'><strong>reticere</strong></span> <span class='ocrx_word' id='word_1_883' title='bbox 686 4785 995 4840; x_wconf 87' lang='lat' dir='ltr'><strong>constituit.</strong></span> <span class='ocrx_word' id='word_1_884' title='bbox 1021 4783 1161 4838; x_wconf 88' lang='lat' dir='ltr'><strong>Ecce</strong></span> <span class='ocrx_word' id='word_1_885' title='bbox 1190 4799 1321 4838; x_wconf 89' lang='lat' dir='ltr'><strong>vero</strong></span> <span class='ocrx_word' id='word_1_886' title='bbox 1347 4784 1426 4836; x_wconf 81' lang='lat' dir='ltr'><strong>iili</strong></span> <span class='ocrx_word' id='word_1_887' title='bbox 1451 4798 1576 4836; x_wconf 89' lang='lat' dir='ltr'><strong>raro</strong></span> <span class='ocrx_word' id='word_1_888' title='bbox 1590 4780 1840 4852; x_wconf 61' lang='lat' dir='ltr'><strong>&#39;quodam</strong></span> <span class='ocrx_word' id='word_1_889' title='bbox 1876 4781 2084 4836; x_wconf 89' lang='lat' dir='ltr'><strong>amoris</strong></span> <span class='ocrx_word' id='word_1_890' title='bbox 2107 4793 2170 4833; x_wconf 90' lang='lat' dir='ltr'><strong>ac</strong></span> <span class='ocrx_word' id='word_1_891' title='bbox 2200 4780 2418 4850; x_wconf 88' lang='lat' dir='ltr'><strong>pietatis</strong></span> <span class='ocrx_word' id='word_1_892' title='bbox 2447 4796 2612 4836; x_wconf 85' lang='lat' dir='ltr'><strong>sensu</strong></span> <span class='ocrx_word' id='word_1_893' title='bbox 2643 4781 3135 4852; x_wconf 88' lang='lat' dir='ltr'><strong>(angelumpotius</strong></span> <span class='ocrx_word' id='word_1_894' title='bbox 3157 4781 3413 4836; x_wconf 89' lang='lat' dir='ltr'><strong>crederes</strong></span> 
     </span>
    </p>
   </div>
   <div class='ocr_carea' id='block_1_63' title="bbox 144 4851 3413 4926">
    <p class='ocr_par' dir='ltr' id='par_1_63' title="bbox 144 4851 3413 4926">
     <span class='ocr_line' id='line_1_63' title="bbox 144 4851 3413 4926; baseline -0.001 -18"><span class='ocrx_word' id='word_1_895' title='bbox 144 4871 320 4926; x_wconf 89' lang='lat' dir='ltr'><strong>quain</strong></span> <span class='ocrx_word' id='word_1_896' title='bbox 354 4856 648 4926; x_wconf 90' lang='lat' dir='ltr'><strong>hominem)</strong></span> <span class='ocrx_word' id='word_1_897' title='bbox 685 4855 1038 4917; x_wconf 77' lang='lat' dir='ltr'><strong>sacrificanti,</strong></span> <span class='ocrx_word' id='word_1_898' title='bbox 1072 4865 1238 4926; x_wconf 89' lang='lat' dir='ltr'><strong>atque</strong></span> <span class='ocrx_word' id='word_1_899' title='bbox 1267 4854 1334 4908; x_wconf 89' lang='lat' dir='ltr'><strong>ad</strong></span> <span class='ocrx_word' id='word_1_900' title='bbox 1364 4853 1684 4926; x_wconf 78' lang='lat' dir='ltr'><strong>sumendam</strong></span> <span class='ocrx_word' id='word_1_901' title='bbox 1717 4861 1770 4926; x_wconf 83' lang='lat' dir='ltr'><strong>et</strong></span> <span class='ocrx_word' id='word_1_902' title='bbox 1808 4867 1933 4910; x_wconf 89' lang='lat' dir='ltr'><strong>cum</strong></span> <span class='ocrx_word' id='word_1_903' title='bbox 1956 4851 2094 4926; x_wconf 91' lang='lat' dir='ltr'><strong>_a_lii_s</strong></span> <span class='ocrx_word' id='word_1_904' title='bbox 2125 4852 2640 4926; x_wconf 72' lang='lat' dir='ltr'><strong>conimunicandam</strong></span> <span class='ocrx_word' id='word_1_905' title='bbox 2672 4851 3100 4926; x_wconf 80' lang='lat' dir='ltr'><strong>immortalitatis</strong></span> <span class='ocrx_word' id='word_1_906' title='bbox 3127 4866 3413 4926; x_wconf 27' lang='lat' dir='ltr'><strong>escam‘se</strong></span> 
     </span>
    </p>
   </div>
   <div class='ocr_carea' id='block_1_64' title="bbox 144 4920 3410 4996">
    <p class='ocr_par' dir='ltr' id='par_1_64' title="bbox 144 4920 3410 4996">
     <span class='ocr_line' id='line_1_64' title="bbox 144 4920 3410 4996; baseline -0.002 -16"><span class='ocrx_word' id='word_1_907' title='bbox 144 4920 482 4996; x_wconf 67' lang='lat' dir='ltr'><strong>iccingeuti,</strong></span> <span class='ocrx_word' id='word_1_908' title='bbox 515 4920 782 4981; x_wconf 86' lang='lat' dir='ltr'><strong>immensa</strong></span> <span class='ocrx_word' id='word_1_909' title='bbox 811 4920 1182 4996; x_wconf 67' lang='lat' dir='ltr'><strong>quaedamlux</strong></span> <span class='ocrx_word' id='word_1_910' title='bbox 1212 4940 1243 4978; x_wconf 91' lang='lat' dir='ltr'><strong>e</strong></span> <span class='ocrx_word' id='word_1_911' title='bbox 1271 4925 1412 4980; x_wconf 78' lang='lat' dir='ltr'><strong>etelo</strong></span> <span class='ocrx_word' id='word_1_912' title='bbox 1437 4923 1679 4994; x_wconf 72' lang='lat' dir='ltr'><strong>aliulget,</strong></span> <span class='ocrx_word' id='word_1_913' title='bbox 1721 4922 1777 4996; x_wconf 82' lang='lat' dir='ltr'><strong>in</strong></span> <span class='ocrx_word' id='word_1_914' title='bbox 1808 4937 1913 4991; x_wconf 92' lang='lat' dir='ltr'><strong>qua</strong></span> <span class='ocrx_word' id='word_1_915' title='bbox 1941 4921 2198 4996; x_wconf 82' lang='lat' dir='ltr'><strong>Christus</strong></span> <span class='ocrx_word' id='word_1_916' title='bbox 2228 4920 2492 4996; x_wconf 81' lang='lat' dir='ltr'><strong>Dominus</strong></span> <span class='ocrx_word' id='word_1_917' title='bbox 2525 4922 2694 4996; x_wconf 81' lang='lat' dir='ltr'><strong>multa</strong></span> <span class='ocrx_word' id='word_1_918' title='bbox 2724 4920 3156 4996; x_wconf 82' lang='lat' dir='ltr'><strong>circumcinctus</strong></span> <span class='ocrx_word' id='word_1_919' title='bbox 3185 4921 3410 4988; x_wconf 52' lang='lat' dir='ltr'><strong>angelo-</strong></span> 
     </span>
    </p>
   </div>
   <div class='ocr_carea' id='block_1_65' title="bbox 145 4991 3411 5066">
    <p class='ocr_par' dir='ltr' id='par_1_65' title="bbox 145 4991 3411 5066">
     <span class='ocr_line' id='line_1_65' title="bbox 145 4991 3411 5066; baseline -0.002 -17"><span class='ocrx_word' id='word_1_920' title='bbox 145 5011 278 5049; x_wconf 79' lang='lat' dir='ltr'><strong>rnm</strong></span> <span class='ocrx_word' id='word_1_921' title='bbox 309 4991 550 5060; x_wconf 72' lang='lat' dir='ltr'><strong>caterva,</strong></span> <span class='ocrx_word' id='word_1_922' title='bbox 576 4991 855 5058; x_wconf 56' lang='lat' dir='ltr'><strong>omnibus,</strong></span> <span class='ocrx_word' id='word_1_923' title='bbox 885 4997 978 5066; x_wconf 91' lang='lat' dir='ltr'><strong>qui</strong></span> <span class='ocrx_word' id='word_1_924' title='bbox 1010 4995 1105 5048; x_wconf 92' lang='lat' dir='ltr'><strong>tali</strong></span> <span class='ocrx_word' id='word_1_925' title='bbox 1138 4997 1347 5066; x_wconf 9' lang='lat' dir='ltr'><strong>visorse</strong></span> <span class='ocrx_word' id='word_1_926' title='bbox 1377 4991 1999 5066; x_wconf 59' lang='lat' dir='ltr'><strong>dignos&#39;przestiteriint,</strong></span> <span class='ocrx_word' id='word_1_927' title='bbox 2028 4991 2394 5066; x_wconf 77' lang='lat' dir='ltr'><strong>intuentibus,</strong></span> <span class='ocrx_word' id='word_1_928' title='bbox 2423 4995 2624 5066; x_wconf 87' lang='lat' dir='ltr'><strong>se_aris</strong></span> <span class='ocrx_word' id='word_1_929' title='bbox 2654 4992 2950 5066; x_wconf 86' lang='lat' dir='ltr'><strong>immiscet,</strong></span> <span class='ocrx_word' id='word_1_930' title='bbox 2978 5001 3052 5066; x_wconf 15' lang='lat' dir='ltr'><strong>et“</strong></span> <span class='ocrx_word' id='word_1_931' title='bbox 3064 5000 3344 5066; x_wconf 72' lang='lat' dir='ltr'><strong>acceptam</strong></span> <span class='ocrx_word' id='word_1_932' title='bbox 3377 5005 3411 5044; x_wconf 88' lang='lat' dir='ltr'><strong>e</strong></span> 
     </span>
    </p>
   </div>
   <div class='ocr_carea' id='block_1_66' title="bbox 143 5060 3411 5135">
    <p class='ocr_par' dir='ltr' id='par_1_66' title="bbox 143 5060 3411 5135">
     <span class='ocr_line' id='line_1_66' title="bbox 143 5060 3411 5135; baseline -0.003 -14"><span class='ocrx_word' id='word_1_933' title='bbox 143 5081 312 5121; x_wconf 82' lang='lat' dir='ltr'><strong>sacra</strong></span> <span class='ocrx_word' id='word_1_934' title='bbox 337 5082 523 5120; x_wconf 89' lang='lat' dir='ltr'><strong>mensa</strong></span> <span class='ocrx_word' id='word_1_935' title='bbox 558 5067 790 5120; x_wconf 84' lang='lat' dir='ltr'><strong>hostiam</strong></span> <span class='ocrx_word' id='word_1_936' title='bbox 820 5060 1006 5120; x_wconf 80' lang='lat' dir='ltr'><strong>divino</strong></span> <span class='ocrx_word' id='word_1_937' title='bbox 1037 5065 1278 5135; x_wconf 85' lang='lat' dir='ltr'><strong>pontiﬁci</strong></span> <span class='ocrx_word' id='word_1_938' title='bbox 1309 5081 1408 5120; x_wconf 87' lang='lat' dir='ltr'><strong>sua</strong></span> <span class='ocrx_word' id='word_1_939' title='bbox 1427 5060 1930 5135; x_wconf 40' lang='lat' dir='ltr'><strong>manu—ollertlti&#39;i),</strong></span> <span class='ocrx_word' id='word_1_940' title='bbox 1949 5061 2192 5133; x_wconf 91' lang='lat' dir='ltr'><strong>dicitque</strong></span> <span class='ocrx_word' id='word_1_941' title='bbox 2223 5078 2235 5113; x_wconf 90' lang='lat'>:</span> <span class='ocrx_word' id='word_1_942' title='bbox 2261 5063 2450 5135; x_wconf 82' lang='lat' dir='ltr'><strong>Accipe</strong></span> <span class='ocrx_word' id='word_1_943' title='bbox 2481 5061 2599 5135; x_wconf 84' lang='lat' dir='ltr'><strong>hoc,</strong></span> <span class='ocrx_word' id='word_1_944' title='bbox 2623 5061 2781 5135; x_wconf 72' lang='lat' dir='ltr'><strong>citare</strong></span> <span class='ocrx_word' id='word_1_945' title='bbox 2800 5077 2946 5135; x_wconf 86' lang='lat' dir='ltr'><strong>meus</strong></span> <span class='ocrx_word' id='word_1_946' title='bbox 2969 5061 3105 5135; x_wconf 74' lang='lat'><strong>(68),</strong></span> <span class='ocrx_word' id='word_1_947' title='bbox 3125 5060 3263 5135; x_wconf 76' lang='lat' dir='ltr'><strong>quod</strong></span> <span class='ocrx_word' id='word_1_948' title='bbox 3286 5072 3411 5113; x_wconf 63' lang='lat' dir='ltr'><strong>mox</strong></span> 
     </span>
    </p>
   </div>
   <div class='ocr_carea' id='block_1_67' title="bbox 142 5129 3408 5206">
    <p class='ocr_par' dir='ltr' id='par_1_67' title="bbox 142 5129 3408 5206">
     <span class='ocr_line' id='line_1_67' title="bbox 142 5129 3408 5206; baseline -0.003 -16"><span class='ocrx_word' id='word_1_949' title='bbox 142 5136 419 5206; x_wconf 65' lang='lat' dir='ltr'><strong>complebo</strong></span> <span class='ocrx_word' id='word_1_950' title='bbox 451 5135 546 5190; x_wconf 85' lang='lat' dir='ltr'><strong>tibi</strong></span> <span class='ocrx_word' id='word_1_951' title='bbox 577 5153 684 5190; x_wconf 92' lang='lat' dir='ltr'><strong>una</strong></span> <span class='ocrx_word' id='word_1_952' title='bbox 713 5153 830 5189; x_wconf 91' lang='lat' dir='ltr'><strong>cum</strong></span> <span class='ocrx_word' id='word_1_953' title='bbox 862 5137 1024 5190; x_wconf 86' lang='lat' dir='ltr'><strong>Patre</strong></span> <span class='ocrx_word' id='word_1_954' title='bbox 1037 5129 1180 5202; x_wconf 65' lang='lat' dir='ltr'><strong>ineo,</strong></span> <span class='ocrx_word' id='word_1_955' title='bbox 1204 5136 1294 5206; x_wconf 84' lang='lat' dir='ltr'><strong>qui</strong></span> <span class='ocrx_word' id='word_1_956' title='bbox 1322 5145 1627 5206; x_wconf 79' lang='lat' dir='ltr'><strong>mecumest</strong></span> <span class='ocrx_word' id='word_1_957' title='bbox 1651 5129 1896 5206; x_wconf 75' lang='lat' dir='ltr'><strong>maxima</strong></span> <span class='ocrx_word' id='word_1_958' title='bbox 1912 5129 2119 5206; x_wconf 64' lang='lat' dir='ltr'><strong>merces</strong></span> <span class='ocrx_word' id='word_1_959' title='bbox 2147 5142 2260 5206; x_wconf 89' lang='lat' dir='ltr'><strong>tua_,</strong></span> <span class='ocrx_word' id='word_1_960' title='bbox 2285 5142 2348 5206; x_wconf 68' lang='grc' dir='ltr'><strong>ει⁸</strong></span> <span class='ocrx_word' id='word_1_961' title='bbox 2367 5132 2470 5206; x_wconf 76' lang='lat' dir='ltr'><strong>his,</strong></span> <span class='ocrx_word' id='word_1_962' title='bbox 2494 5134 2584 5201; x_wconf 89' lang='lat' dir='ltr'><strong>qui</strong></span> <span class='ocrx_word' id='word_1_963' title='bbox 2613 5129 2880 5206; x_wconf 79' lang='lat' dir='ltr'><strong>audierint</strong></span> <span class='ocrx_word' id='word_1_964' title='bbox 2903 5129 3224 5206; x_wconf 46' lang='lat' dir='ltr'><strong>te,&#39;salus_i_n</strong></span> <span class='ocrx_word' id='word_1_965' title='bbox 3251 5145 3408 5199; x_wconf 85' lang='lat' dir='ltr'><strong>regno</strong></span> 
     </span>
    </p>
   </div>
   <div class='ocr_carea' id='block_1_68' title="bbox 145 5201 3408 5274">
    <p class='ocr_par' dir='ltr' id='par_1_68' title="bbox 145 5201 3408 5274">
     <span class='ocr_line' id='line_1_68' title="bbox 145 5201 3408 5274; baseline -0.003 -13"><span class='ocrx_word' id='word_1_966' title='bbox 145 5223 287 5261; x_wconf 84' lang='lat' dir='ltr'><strong>meo.</strong></span> <span class='ocrx_word' id='word_1_967' title='bbox 323 5205 481 5259; x_wconf 84' lang='lat' dir='ltr'><strong>Nunc</strong></span> <span class='ocrx_word' id='word_1_968' title='bbox 519 5207 682 5274; x_wconf 78' lang='lat' dir='ltr'><strong>facies</strong></span> <span class='ocrx_word' id='word_1_969' title='bbox 713 5207 944 5269; x_wconf 76' lang='lat' dir='ltr'><strong>fortiter,</strong></span> <span class='ocrx_word' id='word_1_970' title='bbox 975 5217 1023 5260; x_wconf 90' lang='lat' dir='ltr'><strong>et</strong></span> <span class='ocrx_word' id='word_1_971' title='bbox 1058 5201 1313 5260; x_wconf 75' lang='lat' dir='ltr'><strong>memoria</strong></span> <span class='ocrx_word' id='word_1_972' title='bbox 1343 5215 1437 5258; x_wconf 86' lang='lat' dir='ltr'><strong>tua</strong></span> <span class='ocrx_word' id='word_1_973' title='bbox 1467 5205 1565 5258; x_wconf 89' lang='lat' dir='ltr'><strong>erit</strong></span> <span class='ocrx_word' id='word_1_974' title='bbox 1601 5205 1656 5257; x_wconf 88' lang='lat' dir='ltr'><strong>in</strong></span> <span class='ocrx_word' id='word_1_975' title='bbox 1688 5202 1865 5256; x_wconf 88' lang='lat' dir='ltr'><strong>laude.</strong></span> <span class='ocrx_word' id='word_1_976' title='bbox 1897 5201 2126 5274; x_wconf 85' lang='lat' dir='ltr'><strong>Dilectio</strong></span> <span class='ocrx_word' id='word_1_977' title='bbox 2153 5212 2201 5256; x_wconf 92' lang='lat' dir='ltr'><strong>et</strong></span> <span class='ocrx_word' id='word_1_978' title='bbox 2231 5201 2529 5274; x_wconf 73' lang='lat' dir='ltr'><strong>benignitas</strong></span> <span class='ocrx_word' id='word_1_979' title='bbox 2560 5216 2720 5270; x_wconf 88' lang='lat' dir='ltr'><strong>quam</strong></span> <span class='ocrx_word' id='word_1_980' title='bbox 2751 5201 2934 5262; x_wconf 83' lang='lat' dir='ltr'><strong>habes,</strong></span> <span class='ocrx_word' id='word_1_981' title='bbox 2965 5216 3060 5269; x_wconf 87' lang='lat' dir='ltr'><strong>pro</strong></span> <span class='ocrx_word' id='word_1_982' title='bbox 3081 5201 3408 5274; x_wconf 66' lang='lat' dir='ltr'><strong>quibuscun-</strong></span> 
     </span>
    </p>
   </div>
   <div class='ocr_carea' id='block_1_69' title="bbox 140 5271 3408 5348">
    <p class='ocr_par' dir='ltr' id='par_1_69' title="bbox 140 5271 3408 5348">
     <span class='ocr_line' id='line_1_69' title="bbox 140 5271 3408 5348; baseline -0.002 -19"><span class='ocrx_word' id='word_1_983' title='bbox 140 5294 247 5348; x_wconf 86' lang='lat' dir='ltr'><strong>que</strong></span> <span class='ocrx_word' id='word_1_984' title='bbox 268 5278 502 5344; x_wconf 79' lang='lat' dir='ltr'><strong>petieris,</strong></span> <span class='ocrx_word' id='word_1_985' title='bbox 520 5271 848 5337; x_wconf 79' lang='lat' dir='ltr'><strong>impetrabit.</strong></span> <span class='ocrx_word' id='word_1_986' title='bbox 877 5277 1035 5331; x_wconf 87' lang='lat' dir='ltr'><strong>Dictu</strong></span> <span class='ocrx_word' id='word_1_987' title='bbox 1069 5291 1236 5348; x_wconf 64' lang='lat' dir='ltr'><strong>porro</strong></span> <span class='ocrx_word' id='word_1_988' title='bbox 1259 5275 1582 5348; x_wconf 84' lang='lat' dir='ltr'><strong>incredibile</strong></span> <span class='ocrx_word' id='word_1_989' title='bbox 1612 5281 1718 5348; x_wconf 80' lang='lat' dir='ltr'><strong>est,</strong></span> <span class='ocrx_word' id='word_1_990' title='bbox 1745 5288 1910 5342; x_wconf 90' lang='lat' dir='ltr'><strong>quam</strong></span> <span class='ocrx_word' id='word_1_991' title='bbox 1943 5273 2129 5348; x_wconf 78' lang='lat' dir='ltr'><strong>subito</strong></span> <span class='ocrx_word' id='word_1_992' title='bbox 2153 5287 2333 5348; x_wconf 80' lang='lat' dir='ltr'><strong>caecus</strong></span> <span class='ocrx_word' id='word_1_993' title='bbox 2358 5273 2447 5324; x_wconf 90' lang='lat' dir='ltr'><strong>ille</strong></span> <span class='ocrx_word' id='word_1_994' title='bbox 2468 5278 2633 5348; x_wconf 77' lang='lat' dir='ltr'><strong>atque</strong></span> <span class='ocrx_word' id='word_1_995' title='bbox 2652 5273 2941 5348; x_wconf 84' lang='lat' dir='ltr'><strong>_obscurns</strong></span> <span class='ocrx_word' id='word_1_996' title='bbox 2970 5271 3240 5348; x_wconf 46' lang='lat' dir='ltr'><strong>canrcerin</strong></span> <span class='ocrx_word' id='word_1_997' title='bbox 3266 5285 3408 5342; x_wconf 71' lang='lat' dir='ltr'><strong>prte-</strong></span> 
     </span>
    </p>
   </div>
   <div class='ocr_carea' id='block_1_70' title="bbox 142 5341 3406 5417">
    <p class='ocr_par' dir='ltr' id='par_1_70' title="bbox 142 5341 3406 5417">
     <span class='ocr_line' id='line_1_70' title="bbox 142 5341 3406 5417; baseline -0.003 -15"><span class='ocrx_word' id='word_1_998' title='bbox 142 5341 378 5402; x_wconf 62' lang='lat' dir='ltr'><strong>l&#39;nstreni</strong></span> <span class='ocrx_word' id='word_1_999' title='bbox 413 5351 616 5417; x_wconf 89' lang='lat' dir='ltr'><strong>regiam</strong></span> <span class='ocrx_word' id='word_1_1000' title='bbox 642 5389 656 5411; x_wconf 91' lang='lat'><strong>,</strong></span> <span class='ocrx_word' id='word_1_1001' title='bbox 690 5349 800 5402; x_wconf 90' lang='lat' dir='ltr'><strong>imo</strong></span> <span class='ocrx_word' id='word_1_1002' title='bbox 829 5348 884 5401; x_wconf 91' lang='lat' dir='ltr'><strong>in</strong></span> <span class='ocrx_word' id='word_1_1003' title='bbox 918 5341 1097 5403; x_wconf 80' lang='lat' dir='ltr'><strong>locum</strong></span> <span class='ocrx_word' id='word_1_1004' title='bbox 1135 5346 1456 5417; x_wconf 89' lang='lat' dir='ltr'><strong>deliciarum</strong></span> <span class='ocrx_word' id='word_1_1005' title='bbox 1473 5383 1505 5417; x_wconf 17' lang='grc' dir='ltr'><strong>,Α</strong></span> <span class='ocrx_word' id='word_1_1006' title='bbox 1539 5341 1896 5417; x_wconf 75' lang='lat' dir='ltr'><strong>omniumque</strong></span> <span class='ocrx_word' id='word_1_1007' title='bbox 1925 5343 2050 5396; x_wconf 60' lang='lat' dir='ltr'><strong>coeli</strong></span> <span class='ocrx_word' id='word_1_1008' title='bbox 2086 5344 2428 5417; x_wconf 76' lang='lat' dir='ltr'><strong>voluptatum</strong></span> <span class='ocrx_word' id='word_1_1009' title='bbox 2468 5342 2698 5396; x_wconf 85' lang='lat' dir='ltr'><strong>inclusis</strong></span> <span class='ocrx_word' id='word_1_1010' title='bbox 2729 5343 2972 5417; x_wconf 66' lang='lat' dir='ltr'><strong>verterii.</strong></span> <span class='ocrx_word' id='word_1_1011' title='bbox 3019 5341 3244 5417; x_wconf 77' lang='lat' dir='ltr'><strong>Sentire</strong></span> <span class='ocrx_word' id='word_1_1012' title='bbox 3272 5341 3406 5394; x_wconf 67' lang='lat' dir='ltr'><strong>mox</strong></span> 
     </span>
    </p>
   </div>
   <div class='ocr_carea' id='block_1_71' title="bbox 139 5411 3406 5488">
    <p class='ocr_par' dir='ltr' id='par_1_71' title="bbox 139 5411 3406 5488">
     <span class='ocr_line' id='line_1_71' title="bbox 139 5411 3406 5488; baseline -0.003 -12"><span class='ocrx_word' id='word_1_1013' title='bbox 139 5419 335 5476; x_wconf 88' lang='lat' dir='ltr'><strong>cuncti</strong></span> <span class='ocrx_word' id='word_1_1014' title='bbox 366 5411 644 5473; x_wconf 74' lang='lat' dir='ltr'><strong>insolitum</strong></span> <span class='ocrx_word' id='word_1_1015' title='bbox 678 5418 876 5473; x_wconf 87' lang='lat' dir='ltr'><strong>mentis</strong></span> <span class='ocrx_word' id='word_1_1016' title='bbox 909 5419 1166 5488; x_wconf 86' lang='lat' dir='ltr'><strong>gaudium</strong></span> <span class='ocrx_word' id='word_1_1017' title='bbox 1195 5434 1221 5488; x_wconf 12' lang='lat'><strong>7:7</strong></span> <span class='ocrx_word' id='word_1_1018' title='bbox 1243 5423 1294 5470; x_wconf 92' lang='lat' dir='ltr'><strong>et</strong></span> <span class='ocrx_word' id='word_1_1019' title='bbox 1327 5413 1639 5488; x_wconf 86' lang='lat' dir='ltr'><strong>cupidinem</strong></span> <span class='ocrx_word' id='word_1_1020' title='bbox 1672 5411 2036 5488; x_wconf 76' lang='lat' dir='ltr'><strong>ardoremque</strong></span> <span class='ocrx_word' id='word_1_1021' title='bbox 2053 5413 2260 5488; x_wconf 38' lang='lat' dir='ltr'><strong>-IIIOI&#39;l&#39;iS</strong></span> <span class='ocrx_word' id='word_1_1022' title='bbox 2293 5413 2361 5488; x_wconf 86' lang='lat' dir='ltr'><strong>_in</strong></span> <span class='ocrx_word' id='word_1_1023' title='bbox 2408 5428 2467 5467; x_wconf 90' lang='lat' dir='ltr'><strong>se</strong></span> <span class='ocrx_word' id='word_1_1024' title='bbox 2498 5427 2694 5488; x_wconf 80' lang='lat' dir='ltr'><strong>omnes</strong></span> <span class='ocrx_word' id='word_1_1025' title='bbox 2721 5427 2884 5488; x_wconf 85' lang='lat' dir='ltr'><strong>quam</strong></span> <span class='ocrx_word' id='word_1_1026' title='bbox 2919 5411 3406 5488; x_wconf 76' lang='lat' dir='ltr'><strong>ﬂagrantissimum</strong></span> 
     </span>
    </p>
   </div>
   <div class='ocr_carea' id='block_1_72' title="bbox 138 5481 3407 5560">
    <p class='ocr_par' dir='ltr' id='par_1_72' title="bbox 138 5481 3407 5560">
     <span class='ocr_line' id='line_1_72' title="bbox 138 5481 3407 5560; baseline -0.003 -14"><span class='ocrx_word' id='word_1_1027' title='bbox 138 5488 386 5559; x_wconf 83' lang='lat' dir='ltr'><strong>experiri</strong></span> <span class='ocrx_word' id='word_1_1028' title='bbox 416 5506 429 5540; x_wconf 88' lang='lat'><strong>:</strong></span> <span class='ocrx_word' id='word_1_1029' title='bbox 456 5489 623 5544; x_wconf 86' lang='lat' dir='ltr'><strong>robur</strong></span> <span class='ocrx_word' id='word_1_1030' title='bbox 647 5481 949 5560; x_wconf 50' lang='lat' dir='ltr'><strong>quoquee}</strong></span> <span class='ocrx_word' id='word_1_1031' title='bbox 984 5487 1357 5560; x_wconf 75' lang='lat' dir='ltr'><strong>fortitudinem</strong></span> <span class='ocrx_word' id='word_1_1032' title='bbox 1393 5481 1488 5560; x_wconf 78' lang='lat' dir='ltr'><strong>seu</strong></span> <span class='ocrx_word' id='word_1_1033' title='bbox 1509 5486 1569 5560; x_wconf 87' lang='lat' dir='ltr'><strong>in</strong></span> <span class='ocrx_word' id='word_1_1034' title='bbox 1606 5485 1891 5560; x_wconf 84' lang='lat' dir='ltr'><strong>membris,</strong></span> <span class='ocrx_word' id='word_1_1035' title='bbox 1924 5481 2022 5560; x_wconf 66' lang='lat' dir='ltr'><strong>seu</strong></span> <span class='ocrx_word' id='word_1_1036' title='bbox 2051 5483 2107 5560; x_wconf 85' lang='lat' dir='ltr'><strong>in</strong></span> <span class='ocrx_word' id='word_1_1037' title='bbox 2139 5483 2341 5560; x_wconf 80' lang='lat' dir='ltr'><strong>animis</strong></span> <span class='ocrx_word' id='word_1_1038' title='bbox 2371 5496 2561 5560; x_wconf 83' lang='lat' dir='ltr'><strong>secum</strong></span> <span class='ocrx_word' id='word_1_1039' title='bbox 2595 5483 2698 5560; x_wconf 77' lang='lat' dir='ltr'><strong>ipsi</strong></span> <span class='ocrx_word' id='word_1_1040' title='bbox 2725 5481 3014 5560; x_wconf 48' lang='lat' dir='ltr'><strong>deniirarii</strong></span> <span class='ocrx_word' id='word_1_1041' title='bbox 3043 5481 3282 5560; x_wconf 75' lang='lat' dir='ltr'><strong>denique</strong></span> <span class='ocrx_word' id='word_1_1042' title='bbox 3311 5496 3407 5560; x_wconf 51' lang='lat' dir='ltr'><strong>eo:</strong></span> 
     </span>
    </p>
   </div>
   <div class='ocr_carea' id='block_1_73' title="bbox 136 5550 3407 5632">
    <p class='ocr_par' dir='ltr' id='par_1_73' title="bbox 136 5550 3407 5632">
     <span class='ocr_line' id='line_1_73' title="bbox 136 5550 3407 5632; baseline -0.003 -18"><span class='ocrx_word' id='word_1_1043' title='bbox 136 5550 414 5632; x_wconf 73' lang='lat' dir='ltr'><strong>gnoscere</strong></span> <span class='ocrx_word' id='word_1_1044' title='bbox 441 5550 705 5632; x_wconf 76' lang='lat' dir='ltr'><strong>etlateri,</strong></span> <span class='ocrx_word' id='word_1_1045' title='bbox 737 5550 828 5614; x_wconf 78' lang='lat' dir='ltr'><strong>ubi</strong></span> <span class='ocrx_word' id='word_1_1046' title='bbox 858 5558 1004 5632; x_wconf 88' lang='lat' dir='ltr'><strong>Deus</strong></span> <span class='ocrx_word' id='word_1_1047' title='bbox 1037 5572 1281 5632; x_wconf 68' lang='lat' dir='ltr'><strong>praesens</strong></span> <span class='ocrx_word' id='word_1_1048' title='bbox 1310 5556 1410 5632; x_wconf 81' lang='lat' dir='ltr'><strong>_sit,</strong></span> <span class='ocrx_word' id='word_1_1049' title='bbox 1447 5556 1522 5609; x_wconf 90' lang='lat' dir='ltr'><strong>ibi</strong></span> <span class='ocrx_word' id='word_1_1050' title='bbox 1556 5555 1727 5632; x_wconf 76' lang='lat' dir='ltr'><strong>robur</strong></span> <span class='ocrx_word' id='word_1_1051' title='bbox 1749 5569 1893 5632; x_wconf 78' lang='lat' dir='ltr'><strong>esse,</strong></span> <span class='ocrx_word' id='word_1_1052' title='bbox 2035 5555 2201 5632; x_wconf 67' lang='lat' dir='ltr'><strong>vires,</strong></span> <span class='ocrx_word' id='word_1_1053' title='bbox 2231 5553 2304 5607; x_wconf 88' lang='lat' dir='ltr'><strong>ibi</strong></span> <span class='ocrx_word' id='word_1_1054' title='bbox 2333 5553 2571 5632; x_wconf 79' lang='lat' dir='ltr'><strong>animos,</strong></span> <span class='ocrx_word' id='word_1_1055' title='bbox 2614 5550 2694 5606; x_wconf 83' lang='lat' dir='ltr'><strong>ibi</strong></span> <span class='ocrx_word' id='word_1_1056' title='bbox 2723 5552 3296 5632; x_wconf 72' lang='lat' dir='ltr'><strong>vitain,_ibi_delicias,</strong></span> 
     </span>
    </p>
   </div>
   <div class='ocr_carea' id='block_1_74' title="bbox 139 5619 3408 5702">
    <p class='ocr_par' dir='ltr' id='par_1_74' title="bbox 139 5619 3408 5702">
     <span class='ocr_line' id='line_1_74' title="bbox 139 5619 3408 5702; baseline -0.003 -18"><span class='ocrx_word' id='word_1_1057' title='bbox 139 5619 401 5702; x_wconf 62' lang='lat' dir='ltr'><strong>gloriam,</strong></span> <span class='ocrx_word' id='word_1_1058' title='bbox 441 5629 514 5684; x_wconf 92' lang='lat' dir='ltr'><strong>ibi</strong></span> <span class='ocrx_word' id='word_1_1059' title='bbox 548 5619 830 5702; x_wconf 83' lang='lat' dir='ltr'><strong>gaudium,</strong></span> <span class='ocrx_word' id='word_1_1060' title='bbox 867 5631 940 5686; x_wconf 92' lang='lat' dir='ltr'><strong>ibi</strong></span> <span class='ocrx_word' id='word_1_1061' title='bbox 971 5619 1194 5702; x_wconf 60' lang='lat' dir='ltr'><strong>cuilum.</strong></span> <span class='ocrx_word' id='word_1_1062' title='bbox 1221 5619 1432 5692; x_wconf 84' lang='lat' dir='ltr'><strong>Quibus</strong></span> <span class='ocrx_word' id='word_1_1063' title='bbox 1458 5625 1722 5702; x_wconf 84' lang='lat' dir='ltr'><strong>_o_mnib_us</strong></span> <span class='ocrx_word' id='word_1_1064' title='bbox 1756 5623 2131 5702; x_wconf 70' lang='lat' dir='ltr'><strong>(heudolor!)</strong></span> <span class='ocrx_word' id='word_1_1065' title='bbox 2157 5639 2322 5702; x_wconf 69' lang='lat' dir='ltr'><strong>quam</strong></span> <span class='ocrx_word' id='word_1_1066' title='bbox 2349 5623 2537 5702; x_wconf 82' lang='lat' dir='ltr'><strong>miseri</strong></span> <span class='ocrx_word' id='word_1_1067' title='bbox 2569 5631 2722 5702; x_wconf 84' lang='lat' dir='ltr'><strong>sunt,</strong></span> <span class='ocrx_word' id='word_1_1068' title='bbox 2756 5622 2850 5692; x_wconf 84' lang='lat' dir='ltr'><strong>qni</strong></span> <span class='ocrx_word' id='word_1_1069' title='bbox 2881 5622 2950 5702; x_wconf 79' lang='lat' dir='ltr'><strong>ab</strong></span> <span class='ocrx_word' id='word_1_1070' title='bbox 2980 5621 3074 5702; x_wconf 74' lang='lat' dir='ltr'><strong>ilio</strong></span> <span class='ocrx_word' id='word_1_1071' title='bbox 3107 5619 3408 5702; x_wconf 76' lang='lat' dir='ltr'><strong>voluntarii</strong></span> 
     </span>
    </p>
   </div>
   <div class='ocr_carea' id='block_1_75' title="bbox 137 5691 3408 5769">
    <p class='ocr_par' dir='ltr' id='par_1_75' title="bbox 137 5691 3408 5769">
     <span class='ocr_line' id='line_1_75' title="bbox 137 5691 3408 5769; baseline -0.003 -12"><span class='ocrx_word' id='word_1_1072' title='bbox 137 5691 468 5757; x_wconf 61' lang='lat' dir='ltr'><strong>secedentes</strong></span> <span class='ocrx_word' id='word_1_1073' title='bbox 501 5691 897 5756; x_wconf 41' lang='lat' dir='ltr'><strong>niiserrime&#39;se</strong></span> <span class='ocrx_word' id='word_1_1074' title='bbox 928 5699 1172 5769; x_wconf 85' lang='lat' dir='ltr'><strong>privantl</strong></span> <span class='ocrx_word' id='word_1_1075' title='bbox 1210 5691 1427 5769; x_wconf 84' lang='lat' dir='ltr'><strong>quanto</strong></span> <span class='ocrx_word' id='word_1_1076' title='bbox 1449 5695 1632 5769; x_wconf 84' lang='lat' dir='ltr'><strong>(Deus</strong></span> <span class='ocrx_word' id='word_1_1077' title='bbox 1646 5691 1794 5769; x_wconf 85' lang='lat' dir='ltr'><strong>bone</strong></span> <span class='ocrx_word' id='word_1_1078' title='bbox 1815 5691 2190 5769; x_wconf 14' lang='lat' dir='ltr'><strong>li),l&#39;eliciores’</strong></span> <span class='ocrx_word' id='word_1_1079' title='bbox 2211 5694 2296 5769; x_wconf 86' lang='lat' dir='ltr'><strong>illi</strong></span> <span class='ocrx_word' id='word_1_1080' title='bbox 2323 5703 2378 5750; x_wconf 88' lang='lat' dir='ltr'><strong>et</strong></span> <span class='ocrx_word' id='word_1_1081' title='bbox 2410 5691 2811 5769; x_wconf 40' lang='lat' dir='ltr'><strong>sapientiores&quot;,</strong></span> <span class='ocrx_word' id='word_1_1082' title='bbox 2847 5691 2943 5761; x_wconf 89' lang='lat' dir='ltr'><strong>qui</strong></span> <span class='ocrx_word' id='word_1_1083' title='bbox 2979 5693 3103 5747; x_wconf 90' lang='lat' dir='ltr'><strong>aliis</strong></span> <span class='ocrx_word' id='word_1_1084' title='bbox 3147 5693 3408 5748; x_wconf 86' lang='lat' dir='ltr'><strong>omnibus</strong></span> 
     </span>
    </p>
   </div>
   <div class='ocr_carea' id='block_1_76' title="bbox 135 5764 3408 5842">
    <p class='ocr_par' dir='ltr' id='par_1_76' title="bbox 135 5764 3408 5842">
     <span class='ocr_line' id='line_1_76' title="bbox 135 5764 3408 5842; baseline -0.003 -14"><span class='ocrx_word' id='word_1_1085' title='bbox 135 5771 396 5841; x_wconf 83' lang='lat' dir='ltr'><strong>desputis</strong></span> <span class='ocrx_word' id='word_1_1086' title='bbox 423 5784 486 5826; x_wconf 85' lang='lat' dir='ltr'><strong>ac</strong></span> <span class='ocrx_word' id='word_1_1087' title='bbox 516 5770 812 5842; x_wconf 86' lang='lat' dir='ltr'><strong>despectis,</strong></span> <span class='ocrx_word' id='word_1_1088' title='bbox 841 5764 944 5824; x_wconf 60' lang='lat' dir='ltr'><strong>illa&#39;</strong></span> <span class='ocrx_word' id='word_1_1089' title='bbox 962 5772 1079 5825; x_wconf 87' lang='lat' dir='ltr'><strong>sola</strong></span> <span class='ocrx_word' id='word_1_1090' title='bbox 1107 5764 1382 5840; x_wconf 70' lang='lat' dir='ltr'><strong>quaerunt,</strong></span> <span class='ocrx_word' id='word_1_1091' title='bbox 1417 5764 1526 5822; x_wconf 89' lang='lat' dir='ltr'><strong>illis</strong></span> <span class='ocrx_word' id='word_1_1092' title='bbox 1557 5767 1691 5822; x_wconf 89' lang='lat' dir='ltr'><strong>solis</strong></span> <span class='ocrx_word' id='word_1_1093' title='bbox 1719 5765 1963 5831; x_wconf 84' lang='lat' dir='ltr'><strong>student,</strong></span> <span class='ocrx_word' id='word_1_1094' title='bbox 1995 5764 2065 5819; x_wconf 87' lang='lat' dir='ltr'><strong>ad</strong></span> <span class='ocrx_word' id='word_1_1095' title='bbox 2098 5766 2192 5820; x_wconf 86' lang='lat' dir='ltr'><strong>illa</strong></span> <span class='ocrx_word' id='word_1_1096' title='bbox 2218 5766 2336 5823; x_wconf 88' lang='lat' dir='ltr'><strong>sola</strong></span> <span class='ocrx_word' id='word_1_1097' title='bbox 2371 5764 2693 5834; x_wconf 38' lang='lat' dir='ltr'><strong>per’ignem,</strong></span> <span class='ocrx_word' id='word_1_1098' title='bbox 2730 5779 2824 5836; x_wconf 86' lang='lat' dir='ltr'><strong>per</strong></span> <span class='ocrx_word' id='word_1_1099' title='bbox 2847 5777 3069 5834; x_wconf 85' lang='lat' dir='ltr'><strong>aquam,</strong></span> <span class='ocrx_word' id='word_1_1100' title='bbox 3109 5778 3208 5834; x_wconf 87' lang='lat' dir='ltr'><strong>per</strong></span> <span class='ocrx_word' id='word_1_1101' title='bbox 3238 5779 3408 5836; x_wconf 81' lang='lat' dir='ltr'><strong>equu-</strong></span> 
     </span>
    </p>
   </div>
   <div class='ocr_carea' id='block_1_77' title="bbox 213 5919 1872 5995">
    <p class='ocr_par' dir='ltr' id='par_1_77' title="bbox 213 5919 1872 5995">
     <span class='ocr_line' id='line_1_77' title="bbox 213 5919 1872 5995; baseline -0.002 -16"><span class='ocrx_word' id='word_1_1102' title='bbox 213 5934 241 5963; x_wconf 83' lang='grc' dir='ltr'><strong><em>ο</em></strong></span> <span class='ocrx_word' id='word_1_1103' title='bbox 274 5925 422 5980; x_wconf 79' lang='lat' dir='ltr'><strong>Psal.</strong></span> <span class='ocrx_word' id='word_1_1104' title='bbox 451 5940 636 5995; x_wconf 82' lang='lat' dir='ltr'><strong>cxuv,</strong></span> <span class='ocrx_word' id='word_1_1105' title='bbox 663 5925 757 5982; x_wconf 73' lang='lat' dir='ltr'><strong>2L</strong></span> <span class='ocrx_word' id='word_1_1106' title='bbox 830 5931 862 5976; x_wconf 72' lang='grc' dir='ltr'><strong>ν</strong></span> <span class='ocrx_word' id='word_1_1107' title='bbox 888 5925 1360 5993; x_wconf 69' lang='lat' dir='ltr'><strong>Psachvui,l40.</strong></span> <span class='ocrx_word' id='word_1_1108' title='bbox 1411 5933 1438 5974; x_wconf 71' lang='grc' dir='ltr'><strong>ιι</strong></span> <span class='ocrx_word' id='word_1_1109' title='bbox 1466 5922 1590 5979; x_wconf 82' lang='lat' dir='ltr'><strong>lsai.</strong></span> <span class='ocrx_word' id='word_1_1110' title='bbox 1624 5935 1782 5992; x_wconf 79' lang='lat' dir='ltr'><strong>xuii,</strong></span> <span class='ocrx_word' id='word_1_1111' title='bbox 1815 5919 1872 5972; x_wconf 68' lang='lat'><strong>3.</strong></span> 
     </span>
    </p>
   </div>
  </div>
