3882 6552
232 455 345 511 817

1234 456 1417 522 νιτΑ,
1460 455 1668 538 Acer.
1708 455 1768 511 Ρ.
1811 453 2111 512 tum.le
2151 453 2299 512 sec.
2339 454 2527 512 JESU.

3380 455 3484 512 818

233 585 328 632 rat
379 576 760 646 apostolicam,
784 576 965 648 hocce
1009 577 1173 648 etiam
1221 577 1506 647 privilegio
1542 575 1820 632 frueretur
1847 584 1895 639 Α
1924 577 2103 633 ferens
2125 577 2333 632 diutius
2359 577 2506 648 illam
2529 577 2808 648 languere,
2833 582 2996 648 atque
3015 589 3080 630 ex
3105 589 3168 648 ea
3191 574 3488 632 refectione

235 663 369 703 vere
406 643 732 718 apostolico:
779 643 1235 718 Scio_equidem,
1275 649 1398 702 aliis
1422 643 1659 716 'quoque
1694 659 1817 717 post

236 715 460 772 saeculis
510 716 875 787 nonnullosa
906 715 1392 787 Cln'isto__Domino
1435 715 1600 771 simili
1647 715 1818 787 prope

236 789 468 843 allectos
497 788 705 842 honore
725 794 778 840 et
811 786 1092 841 beneficio.
1131 785 1265 840 Nam
1295 788 1496 842 habent
1518 785 1663 841 Acta’
1689 785 1819 841 Am-

238 858 524 914 hianensis
562 857 840 921 Ecclesiae,
874 857 931 910 S.
963 855 1262 910 Firmimnn
1295 858 1443 913 illius
1485 858 1669 926 pepuli
1703 858 1820 926 epi-

239 943 502 998 scopum,
550 944 674 982 cum
717 928 886 981 cedem
939 942 1103 999 supra
1155 926 1383 982 Firmini
1428 928 1683 999 martyris
1701 928 1818 999 ,sibi

236 997 585 1068 cognominis
609 999 919 1066 sepulcrum
952 999 1004 1050 in
1043 997 1307 1052 honorem
1335 997 1664 1068 beatissima:
1690 997 1820 1068 AVir-

235 1066 387 1138 ginis
437 1069 870 1128 construxisset,
907 1067 1088 1136 ibique
1123 1069 1179 1122 in
1222 1068 1309 1121 die
1339 1067 1628 1122 Paschalis
1680 1066 1820 1122 festo

235 1154 402 1193 sacra
424 1139 646 1200 faceret.
668 1138 870 1192 Christi
906 1138 1114 1191 Domini
1145 1139 1424 1192 dexteram
1450 1139 1550 1194 sibi
1582 1139 1819 1194 sanctis-

235 1209 380 1262 sima
411 1211 668 1279 mysteria
703 1209 1068 1277 porrigentem
1111 1208 1495 1279 conspexisse.
1549 1208 1623 1263 De
1664 1209 1818 1262 beata

237 1279 387 1333 idem
423 1277 630 1343 Coleta,
670 1279 875 1347 virgine
907 1278 1307 1334 ardentissima:
1335 1279 1388 1334 in
1413 1277 1599 1333 Jesum
1637 1279 1818 1332 chari-

237 1348 394 1413 tatis,
428 1348 596 1404 refert
639 1349 760 1417 ejus
803 1347 940 1403 Vitm
971 1358 1161 1402 auctor
1200 1348 1514 1417 Stephanus
1542 1347 1816 1412 Julianus,

236 1434 290 1473 c.
327 1420 416 1482 45,
455 1434 580 1473 cum
607 1418 961 1474 sanctissimo
990 1419 1136 1472 reﬁci
1170 1429 1514 1473 sacramento
1543 1420 1821 1488 percepis-

239 1497 358 1553 set,
389 1498 444 1544 et
474 1505 539 1544 ex
573 1489 938 1544 sacriﬁcantis
977 1489 1254 1544 oblivione
1283 1498 1603 1544 consecrata
1638 1489 1817 1542 hostia

238 1574 354 1614 non
396 1560 611 1625 fuisset,
653 1560 829 1629 ipsum
863 1558 1148 1612 Dominum
1181 1558 1366 1614 Jesum
1412 1560 1529 1614 suis
1563 1559 1818 1613 manibus

236 1630 702 1698 pretiosissimum
735 1645 933 1698 corpus
966 1645 1123 1682 suum
1157 1631 1207 1683 ei
1247 1629 1528 1684 obtulisse.
1563 1630 1659 1682 Vir
1687 1631 1815 1684 item

235 1700 571 1754 venerabilis
618 1699 856 1756 Jacobns
887 1700 954 1754 de
987 1699 1228 1753 Vitriaco
1271 1700 1501 1768 loquens
1533 1700 1603 1753 de
1628 1700 1817 1768 pclaris

237 1769 642 1825 Leodiensibus
688 1769 922 1832 feminis,
955 1770 1008 1823 in
1039 1769 1270 1839 Prologo
1297 1767 1365 1824 ad
1395 1768 1573 1824 Vitam
1616 1767 1673 1823 S.
1703 1767 1818 1822 Ma-

236 1844 337 1893 rize
364 1839 752 1910 (Egniacensis
777 1840 912 1907 (erat
937 1840 1080 1893 enim
1108 1839 1291 1894 Leodii
1319 1847 1434 1893 tum
1474 1839 1816 1893 archidiaco-

235 1926 382 1972 nus,
438 1919 624 1980 postea
665 1917 846 1965 autem
897 1911 1223 1980 episcopus,
1257 1911 1432 1980 primo
1473 1910 1810 1980 Aconensis.

233 1979 451 2050 deinde
475 1980 856 2041 Tusculanus,
888 1979 1165 2050 postremo
1203 1979 1261 2035 S.
1291 1979 1356 2034 Β.
1388 1979 1449 2035 Ε.
1483 1979 1812 2044 cardinalis)

233 2051 306 2133 ad
345 2049 642 2133 Fuiconem
684 2049 999 2133 episcopum
1031 2049 1366 2133 Tolosanum
1395 2051 1471 2105 ita
1502 2050 1692 2133 scribit
1738 2050 1815 2130 in-

233 2128 324 2174 ter
366 2121 469 2174 alia
499 2137 510 2172 :
550 2140 568 2172 ‹
599 2118 734 2174 Novi
777 2118 1197 2191 ego’quamdam
1231 2121 1285 2174 in
1324 2120 1392 2174 iis
1421 2121 1632 2176 sanctis
1659 2118 1815 2191 femi:

231 2192 349 2261 nis,
378 2191 490 2252 cui,
519 2207 642 2244 cum
669 2189 876 2261 ingenti
906 2189 1020 2246 veri
1052 2191 1198 2245 illius
1231 2191 1369 2260 Agni
1391 2206 1588 2245 carnes
1617 2189 1814 2246 edendi

1921 650 2012 702 illa
2043 649 2343 702 convaluit.
2388 667 2405 698 ι
2448 646 2609 700 Plura
2629 645 2701 701 'in
2733 647 2906 701 sacris
2934 645 3210 707 Historiis.
3243 657 3336 700 aut
3365 662 3489 700 san-

1919 726 2134 772 ctorum
2166 717 2307 772 Vitis
2332 717 2598 787 ejusmodi
2631 717 2791 772 liceat
2814 716 3053 786 reperire
3084 718 3361 786 exempla;
3393 717 3488 772 sed

1921 799 2032 842 tam
2058 795 2372 858 augustum,
2404 797 2458 843 et
2489 795 2640 841 tanta
2668 803 2789 841 cum
2817 788 2969 858 luce,
2989 793 3047 840 et
3070 801 3194 840 cum
3233 793 3343 858 tam
3383 803 3488 841 nu-

1921 857 2153 912 meroso
2190 867 2410 928 tamque
2459 858 2776 927 aspectabili
2823 857 3136 928 angelorum
3182 857 3485 923 comitatu,

1919 943 2082 1000 quam
2114 928 2172 984 Β.
2198 927 2478 1000 Dionysio,
2510 929 2770 1000 hactenus
2799 928 3028 1000 nullum.

1991 996 2224 1063 Verum,
2264 996 2416 1053 ne'id
2450 998 2687 1068 excidat,
2714 999 2805 1068 iile
2837 999 2978 1052 idem
3018 998 3156 1068 lapis
3184 1012 3358 1059 sacer,
3392 1012 3489 1052 su-

1990 1085 2016 1122 r
2062 1083 2225 1138 quem
2270 1070 2325 1124 in
2372 1084 2611 1139 carcere.
2641 1066 2698 1123 S.
2733 1067 3023 1139 Dionysius
3074 1066 3192 1139 rem
3247 1067 3486 1139 divinam

1944 1139 2186 1203 aciebat,
2235 1139 2534 1193 translatus
2591 1138 2759 1192 fuisse
2807 1137 3011 1192 dicitur
3062 1137 3127 1191 ad
3175 1138 3488 1192 cmnobium

1923 1209 1981 1264 S.
2022 1207 2169 1262 Petri
2202 1208 2522 1264 Broniensis
2551 1208 2602 1262 in
2639 1208 2924 1262 Leodiensi
2958 1209 3122 1261 situm
3154 1208 3380 1262 ditione.
3412 1207 3489 1263 De

1921 1295 2030 1348 quo
2057 1279 2131 1348 ita
2173 1275 2423 1348 [Egidius
2449 1279 2641 1333 Aurea:
2669 1279 2846 1345 vallis,
2879 1277 3022 1348 apud
3040 1276 3490 1348 Anselmum,ADe

1919 1346 2080 1419 gestis
2104 1346 2354 1419 Steph—ani
2389 1351 2614 1418 episcopi
2637 1346 2964 1412 Leodiensis,
2997 1363 3118 1417 cap.
3143 1348 3252 1402 40:
3290 1367 3309 1400 ι
3351 1346 3489 1419 Nam

1920 1417 2168 1488 reliquiae
2197 1418 2254 1473 S.
2284 1417 2579 1490 Leodcgari
2609 1420 2851 1490 episcopi
2883 1427 2936 1474 et
2969 1419 3246 1490 martyris,
3275 1425 3330 1473 et
3351 1417 3490 1490 lapis

1921 1504 2088 1558 super
2123 1505 2286 1560 quem
2316 1490 2375 1544 B.
2411 1489 2701 1560 Dionysius
2733 1505 2973 1560 sacrum_
2987 1489 3305 1559 mysterium
3342 1489 3492 1560 cele-

1919 1557 2098 1639 bravit
2134 1559 2188 1612 in
2221 1575 2462 1639 carcere,
2493 1557 2616 1614 cum
2642 1560 2908 1639 Dominus
2943 1557 3104 1613 Jesits
3127 1559 3381 1639 apparuit
3404 1557 3490 1639 ei-

1920 1628 2041 1682 dem
2065 1629 2202 1684 dans
2228 1630 2303 1682 illi
2327 1638 2689 1694 sacramenta,
2716 1632 2770 1684 in
2794 1631 2942 1685 dicto
2963 1628 3216 1684 coenobio
3235 1628 3492 1682 dicuntur

1919 1715 2042 1755 esse
2079 1699 2366 1753 translata.
2404 1720 2422 1750 ι
2457 1698 2546 1754 Sic
2574 1700 2669 1756 ibi.

1983 1769 2095 1840 (ᾅὸ)
2119 1769 2304 1838 Accipe
2326 1770 2442 1835 hoc,
2473 1773 2626 1823 chare
2655 1786 2817 1834 mem,
2836 1768 3128 1840 etc.Yerha
3147 1768 3261 1824 haec
3283 1767 3490 1840 Christi

1921 1839 1987 1893 ad
2026 1839 2340 1911 Dionysium
2367 1843 2574 1911 prolata
2605 1841 2766 1911 etiam
2799 1840 2943 1911 apud
2978 1839 3291 1911 Hilditioum
3325 1839 3493 1911 abba-

1921 1917 2034 1981 tem
2080 1909 2357 1981 reperies,_
2386 1909 2571 1981 Neque
2627 1909 2913 1981 dissimilia
2973 1910 3117 1981 apud
3173 1909 3493 1981 Dionysium

1919 1977 2220 2034 Rickelium
2240 2019 2254 2040 ,
2302 1979 2399 2034 lib.
2441 1977 2497 2036 tv
2523 1980 2598 2034 De
2646 1980 2965 2045 novissimis,
2996 1977 3101 2036 a'rt.
3128 1980 3217 2043 59,
3247 1977 3351 2034 sub
3380 1993 3494 2033 me-

1918 2050 2068 2121 dium
2105 2065 2117 2100 :
2147 2069 2164 2100 ι
2197 2048 2460 2120 Denique,
2491 2051 2688 2121 inquit,
2713 2050 2898 2104 divino
2928 2059 2982 2106 et
3007 2066 3204 2121 magno
3234 2049 3494 2119 Dionysio

1917 2119 2174 2191 Christus
2206 2121 2262 2174 in
2289 2119 2511 2176 carcere
2539 2119 2828 2191 apparens.
2860 2119 3130 2191 suumque
3159 2135 3360 2189 corpus
3381 2129 3495 2191 tra-

1919 2190 2076 2248 dens,
2111 2209 2129 2241 ‹
2167 2190 2368 2260 Accipe
2393 2230 2428 2262 ,ί
2465 2192 2540 2245 ait
2560 2189 2588 2254 ,'
2613 2189 2744 2253 hoc,
2781 2191 2948 2245 chare
3008 2189 3198 2259 meus,
3234 2189 3494 2262 quoniam

231 2259 514 2316 desiderio
552 2259 855 2326 teneretur,
905 2261 1021 2332 ipse
1052 2261 1240 2333 Agnus
1273 2259 1332 2317 se
1377 2261 1670 2332 impertiit,
1704 2275 1815 2314 non
1920 2275 2132 2316 merces
2166 2269 2258 2315 tua
2289 2259 2432 2330 apud
2461 2277 2546 2316 me
2575 2276 2768 2333 magna
2795 2269 2879 2319 est
2908 2261 3082 2318 valde.
3117 2280 3138 2316 ι

1575 2495 1738 2568 597
1761 2495 1996 2553 CAPUT
2033 2496 2151 2552 xx.

892 2613 1141 2686 Hartyrii
1174 2624 1396 2683 tempus,
1429 2613 1598 2679 locus,
1629 2625 1679 2668 et
1711 2615 1822 2668 alia
1854 2614 1935 2668 Iris
1959 2614 2236 2683 adjuncta,
2263 2612 2552 2682 audituque
2572 2612 2862 2668 mirabilia.

313 2730 384 2784 De
423 2740 666 2803 tempore
691 2741 746 2787 et
774 2735 1124 2804 imperatore,
1163 2749 1273 2803 quo
1315 2733 1378 2787 Β.
1420 2732 1715 2804 Dionysius
1766 2735 1930 2789 terris
1982 2733 2240 2796 excessit,
2283 2748 2392 2786 non
2429 2741 2512 2786 est
2553 2731 2820 2793 omnium,
2857 2741 2949 2804 aut
2983 2732 3165 2803 potius
3211 2748 3318 2786 non
3362 2732 3486 2804 fuit,

229 2818 345 2856 una
375 2801 673 2873 eademque
713 2801 1003 2874 sententia.
1042 2801 1272 2857 Naturali
1320 2801 1621 2874 Adrianu'm
1656 2806 2038 2874 imperatorem
2069 2806 2358 2874 plerosque
2389 2819 2580 2858 onmes
2609 2819 2753 2857 nunc
2785 2801 3074 2869 inclinare,
3108 2812 3201 2857 aut
3224 2801 3488 2874 cer_te'in-

229 2875 542 2944 clinatnros
577 2872 829 2942 equidem
880 2875 1045 2928 credo
1093 2883 1147 2928 et
1193 2890 1375 2944 spero.
1419 2873 1662 2928 Fuerunt
1703 2872 1872 2944 igitur
1915 2872 2202 2938 hactenus,
2235 2872 2379 2943 iique
2426 2889 2533 2926 non
2587 2874 2768 2944 pauci,
2810 2873 2921 2944 qui
2955 2874 3259 2944 imperante
3303 2872 3490 2928 Domi-

230 2945 390 3016 tiano
421 2943 567 3016 (69);
604 2944 822 3016 fuerunt
865 2952 918 2997 et
971 2942 1241 3010 nonnulli,
1275 2944 1661 3016 quinTrajano
1709 2942 1846 3016 (70),
1881 2944 2103 2998 fuerunt
2146 2956 2201 3016 et
2251 2942 2533 3016 teirtiiuqui
2582 2942 2840 3016 Adriano?
2881 2942 3106 3016 Trajani
3161 2958 3492 3016 successore

231 3014 802 3084 Dionysium,obtenta
825 3013 1331 3085 palma,emigrasse
1351 3015 1599 3069 dicerent
1629 3024 1682 3070 et
1711 3013 2102 3070 conﬁrmarent
2139 3034 2150 3068 :
2188 3015 2315 3069 inde
2346 3014 2577 3076 scilicet,
2604 3022 2730 3067 nata
2755 3015 3092 3085 diversitate.
3127 3013 3272 3085 quod
3299 3015 3492 3085 primis

228 3100 261 3137 a
297 3085 520 3139 Christo
551 3085 890 3152 temporibus
917 3083 1051 3137 Acta
1081 3083 1382 3155 martyrum
1420 3086 1682 3140 memoria
1717 3088 1888 3155 magis
1927 3100 2090 3153 quam
2132 3085 2338 3154 scripto
2371 3085 2820 3138 continerentur:
2852 3084 3111 3154 quoniam
3156 3083 3490 3140 Christianis

253 3170 335 3207 ier
367 3155 488 3208 illas
520 3155 962 3225 persecutionum
994 3156 1265 3224 procellas
1298 3155 1480 3225 potius
1512 3156 1742 3209 vacabat
1782 3156 1999 3210 fortiter
2039 3170 2150 3208 rem
2187 3170 2411 3224 gerere,
2455 3169 2617 3224 quam
2658 3164 2869 3224 gestam
2918 3155 3193 3223 eleganter
3240 3157 3491 3208 conscri-

255 3240 388 3278 :ere.
419 3231 538 3289 Quo
573 3223 772 3277 factum
803 3233 908 3286 est,
941 3223 1008 3277 ut
1044 3240 1168 3279 cum
1207 3223 1471 3279 memoria
1520 3227 1691 3278 multo
1721 3228 1791 3280 sit
1832 3226 2104 3280 factorum
2134 3223 2485 3286 retinentior,
2513 3223 2679 3294 quam
2723 3225 3029 3287 nominum,
3063 3225 3118 3276 in
3155 3225 3487 3279 oblivionem

228 3295 460 3368 nomina
484 3294 892 3368 iverintofacta
915 3295 980 3347 ad
1013 3295 1115 3348 hoc
1140 3295 1236 3368 aevi
1273 3297 1646 3368 perennarint.
1680 3294 1863 3368 Longe
1894 3303 2017 3366 post
2047 3303 2250 3359 autem,
2277 3311 2400 3368 eum
2430 3296 2594 3348 etiam
2618 3295 2838 3364 scriptis
2877 3295 3125 3368 mandari
3143 3303 3336 3368 empta
3362 3305 3491 3368 sunt

229 3373 384 3426 acta,
416 3364 520 3436 fuit
550 3364 829 3436 historicis
855 3372 1007 3418 tanto
1030 3374 1151 3435 post
1181 3364 1469 3420 intervallo
1499 3366 1566 3419 ad
1598 3364 1909 3436 temporum
1944 3376 2124 3427 notas,
2156 3373 2211 3418 et
2242 3366 2309 3436 ad
2341 3367 2730 3436 imperatorum
2762 3365 3015 3436 nomina_
3031 3365 3363 3436 conjecturis
3388 3365 3490 3418 ad--

230 3433 735 3506 nitendtunroQuze,
764 3450 894 3506 eum
921 3433 1118 3490 sint—ex
1152 3437 1496 3505 ingeniorum
1527 3433 1792 3492 varietate
1822 3438 1993 3491 variis
2029 3437 2212 3500 ναι-ξω,
2248 3435 2379 3489 hinc
2406 3435 2652 3506 quidam,
2687 3443 2745 3488 ut
2769 3435 2832 3487 ad
2869 3450 2957 3488 res
2987 3433 3229 3506 Dionysii
3264 3433 3489 3506 ventum

229 3512 347 3568 est,
381 3504 732 3558 considerata
763 3505 893 3559 hinc
916 3504 1348 3576 tormentorum,
1376 3521 1498 3576 qum
1534 3522 1730 3576 passus
1760 3515 1865 3570 est,
1892 3508 2208 3568 acerbitate,
2245 3507 2397 3559 illinc
2426 3504 2558 3574 'ejus
2592 3513 2768 3567 aetate,
2810 3519 2986 3576 quam
3014 3505 3080 3576 ad
3118 3504 3489 3576 Domitianum

231 3575 1091 3656 pervenisse_nullusrd.ubitaret_,
1127 3575 1332 3656 idcirco
1360 3575 1606 3656 martyrii
1636 3587 1852 3647 tempus
1877 3577 1956 3656 ad_
1977 3577 2268 3656 Domitiani
2288 3585 2542 3656 tempora
2569 3577 2896 3656 retulerunt.
2930 3575 3034 3656 Alii
3067 3591 3196 3656 vero
3223 3575 3491 3656 conjectis

231 3643 293 3717 in
322 3646 426 3717 alia
460 3645 658 3707 oculis,
691 3653 747 3699 et
782 3645 1028 3716 Dionysii
1067 3647 1242 3717 ipsius
1272 3643 1826 3717 peregrinationes—et
1851 3648 2057 3717 scripta
2076 3647 2394 3717 diligentius
2415 3643 2625 3708 rimati,
2657 3652 2979 3717 repererunt
3009 3647 3202 3700 saltem
3252 3646 3318 3699 ad
3353 3643 3492 3700 Tra.

225 3715 361 3788 jani
374 3730 499 3788 eum
524 3724 771 3788 tempora
807 3715 1149 3785 peernisse.
1179 3715 1348 3772 Tertii
1373 3717 1632 3788 denique,
1660 3733 1783 3788 cum
1823 3715 1999 3786 ipsius
2030 3715 2288 3788 martyris
2324 3724 2534 3770 veteres
2565 3716 2880 3788 memorias,
2914 3725 3026 3788 tum
3056 3717 3158 3769 alia
3176 3717 3491 3788 priscorum

231 3783 307 3858 de
331 3786 421 3839 illo
457 3783 1196 3858 antiquissima‘perscrutati
1229 3783 1585 3858 monumenta
1618 3787 1739 3841 fidis
1766 3783 2012 3858 vestigiis
2037 3783 2202 3858 etiam
2228 3787 2371 3839 ultra
2399 3786 2671 3858 progressi
2703 3792 2853 3858 sunt,
2884 3793 2937 3838 et
2968 3783 3283 3858 Dionysium
3313 3787 3500 3854 egisse

231 3855 552 3927 obiisseque
591 3856 756 3927 vitam
787 3855 1030 3910 Adriano
1076 3858 1404 3926 imperatore
1427 3855 1930 3925 deprehenderunt,
1961 3857 2306 3927 posterisque
2326 3855 2688 3927 tradiderunt.
2726 3855 2798 3908 Ita
2829 3855 3491 3927 veterrimi‘eoncinnator

235 3925 611 3996 Martyrologii
648 3928 664 3997 ς
675 3926 784 3995 71),
808 3928 882 3979 ita
912 3925 1240 3997 venerabilis
1270 3928 1414 3980 Beda
1445 3928 1579 3997 (7‘2),
1616 3928 1690 3980 ita
1717 3927 1835 3981 Ado
1859 3925 2186 3982 Viennensis
2214 3927 2527 3995 episcopus,
2555 3926 2627 3978 ita
2647 3925 2948 3997 secundom
2992 3925 3119 3997 illos
3144 3933 3197 3979 et
3223 3925 3314 3978 alii
3342 3925 3489 3997 fece-

233 3993 398 4060 runt,
421 4007 475 4050 et
505 3993 606 4051 nos
642 3993 894 4050 fecimus.
927 3995 1063 4049 Nam
1095 4007 1149 4051 et
1189 3993 1506 4059 Aristidem,
1540 3993 1799 4052 eximium
1846 3998 1998 4052 illum
2041 3997 2226 4051 saeculi
2250 3993 2623 4065 scriptorem,
2665 3996 2840 4064 ipsius
2879 3993 3124 4063 Dionysii
3155 3995 3489 4065 martyrium

229 4066 466 4137 Adriani
493 4066 848 4137 consignasse
873 4067 1230 4137 temporibus,
1265 4068 1376 4136 jam
1409 4068 1538 4120 olim
1567 4077 1906 4136 compertum
1935 4077 2034 4122 est.
2071 4065 2274 4131 Quare,
2305 4073 2363 4118 ut
2389 4064 3114 4137 rentconcludamus,anno
3140 4064 3343 4118 Christi
3377 4065 3488 4137 cir-

233 4138 378 4190 citer
412 4136 534 4208 121,
563 4133 804 4208 Adriano
837 4133 1113 4208 imperat.,
1135 4133 1483 4192 Fescennino
1515 4133 1771 4207 praefecto
1805 4139 1938 4208 (75),
1972 4139 2132 4190 victis
2175 4137 2230 4190 in
2261 4137 2412 4204 justo
2444 4133 2568 4208 fidei
2610 4135 2915 4208 certamine
2953 4135 3239 4208 hostibus,
3269 4136 3490 4208 egregia

234 4207 505 4279 martyrii
523 4206 708 4259 laurea
736 4202 973 4279 donatus
994 4216 1077 4279 est
1100 4206 1394 4279 Dionysius
1422 4202 1768 4279 AreOpagita,
1802 4202 2142 4263 Athenarum
2177 4202 2489 4279 episcopus,
2526 4202 2823 4279 Galliarum
2855 4205 3159 4279 apostolus,
3196 4202 3362 4258 totius
3383 4202 3490 4279 Oc-

235 4275 726 4357 cidentislegatus,
746 4277 1035 4357 utriusque
1068 4275 1410 4357 hierarchite,
1433 4275 1675 4332 cmléstis
1705 4285 1760 4357 et
1789 4275 2640 4357 ecclesiasticge,’acdivinorum
2665 4275 2947 4357 nominum
2981 4275 3287 4357 descriptor
3317 4283 3370 4328 et
3394 4275 3487 4357 in:

234 4354 456 4415 terpres
485 4346 743 4408 eximius,
773 4348 1147 4416 theologorum
1181 4349 1484 4402 secundum
1517 4349 1796 4417 apostolos
1820 4357 1874 4403 et
1904 4348 2265 4417 evangelistas
2295 4347 2403 4400 dux
2436 4355 2490 4400 et
2529 4347 2922 4415 antesignanus
2951 4359 2964 4395 :
3001 4347 3091 4414 qui
3119 4353 3332 4417 aetatem
3355 4346 3492 4400 vixit

235 4418 343 4490 (uti
387 4426 441 4471 et
467 4432 799 4490 _r_ngagnprum
841 4418 1079 4471 virorum
1121 4418 1215 4472 illo
1244 4434 1368 4490 aevo
1389 4416 1721 4490 complureS)
1756 4419 1971 4488 longam
1993 4416 2150 4488 juxta
2172 4427 2232 4490 et
2270 4426 2521 4490 sanetam
2555 4429 2783 4490 :neinpe
2807 4431 2979 4490 annos
3012 4416 3250 4490 amplius
3269 4424 3490 4469 centum

235 4484 429 4558 decem
455 4484 592 4558 (74):
624 4486 797 4552 Quam
828 4490 994 4541 etiam
1029 4496 1240 4542 aetatem
1272 4488 1465 4543 eodem
1499 4484 1616 4558 ipso
1657 4484 2229 4544 saeculo'transcendit
2270 4486 2331 4542 Β.
2386 4484 2607 4558 Simeon
2635 4485 3136 4558 Hierosolymorum
3168 4488 3488 4555 episcopus,

234 4565 295 4612 et
331 4557 536 4612 Christi
571 4566 840 4626 cognatus
867 4576 880 4611 :
914 4573 1075 4627 quem
1105 4568 1325 4613 centum
1356 4561 1505 4628 ipsos
1528 4557 1726 4629 'viginti
1750 4575 1924 4614 annos
1945 4559 2210 4628 exegisse,
2233 4567 2294 4629 et
2313 4557 2608 4629 gloriosam
2646 4557 2705 4629 in
2733 4563 2842 4608 tam
2863 4557 3077 4629 grandi
3097 4572 3212 4629 aevo
3245 4557 3494 4629 martyrii

235 4643 502 4699 coronam
535 4635 869 4699 reportasse,
897 4626 1107 4681 certum
1140 4638 1226 4682 est
1260 4647 1272 4682 :
1306 4626 1622 4699 utproindé
1653 4630 1802 4699 quod
1841 4630 1908 4683 de
1952 4626 2210 4699 Dionysio
2240 4626 2484 4687 atlertur,
2516 4627 2662 4680 haud
2696 4627 2771 4699 ita
2804 4627 3002 4699 mirum
3031 4626 3205 4680 videri
3257 4626 3487 4699 debeat;

235 4713 366 4770 eum
393 4698 462 4752 de
492 4695 614 4770 isto
630 4698 683 4770 id
722 4699 868 4770 quod
909 4699 1094 4770 minus
1134 4695 1418 4768 probabile
1443 4698 1617 4752 videri
1640 4695 1873 4770 poterat,
1902 4702 2052 4754 nullo
2082 4695 2672 4770 dubitanteteneatur.
2698 4695 2813 4750 Hoc
2841 4697 2920 4770 de
2940 4704 3186 4770 tempore
3206 4714 3222 4764 ;
3242 4713 3399 4770 nunc
3422 4696 3490 4750 de

235 4769 386 4841 loco,
415 4768 719 4841 nobilitatis
739 4768 884 4841 enim
915 4767 966 4821 ei
997 4767 1140 4841 facta
1169 4771 1417 4841 accessio
1437 4770 1604 4838 exigit
1623 4767 1846 4841 stylum.
1878 4769 2059 4826 Locus
2090 4770 2279 4839 igitur,
2307 4769 2539 4841 ubi_tres
2571 4768 2652 4841 illi
2675 4767 2926 4841 generosi
2957 4767 3489 4841 athlettevictoriant

235 4847 296 4894 et
322 4840 551 4909 gloriam
586 4837 766 4909 adepti
797 4845 946 4901 sunt,
981 4838 1269 4894 colliculus
1297 4839 1397 4893 fuit
1430 4836 1553 4894 urbi
1581 4836 1877 4897 Par'isiensi
1906 4836 2217 4899 imminens,
2241 4841 2368 4893 olim
2402 4837 2656 4892 Mercurii
2687 4836 2969 4906 (quoniam
3029 4838 3138 4909 illic
3185 4836 3488 4891 Mercurius

236 4908 451 4980 honore
502 4908 778 4978 praecipuo
809 4909 1082 4980 coleretur
1114 4909 1228 4977 (75)
1269 4911 1339 4964 ab
1381 4910 1656 4980 indigenis
1686 4913 1760 4966 ita
1805 4912 2075 4966 vocitatus
2111 4929 2124 4964 :
2157 4909 2253 4965 sed
2285 4909 2752 4980 consequentibus
2792 4908 3152 4980 temporibus,
3194 4914 3486 4980 propterea

233 4980 388 5049 quod
415 4973 609 5032 horum
651 4973 816 5052 atque
865 4979 1097 5052 aliorum
1124 4973 1263 5052 item
1313 4973 1617 5052 martyrum
1650 4984 1822 5036 multo
1855 4981 2121 5049 sanguine
2149 4995 2442 5052 respersus.
2467 4973 2520 5032 et
2545 4978 2702 5052 quasi
2733 4973 3088 5052 consecratus
3121 4973 3486 5038 fuerin—Mons

234 5047 560 5120 martyrum,
589 5056 646 5102 et
677 5049 863 5118 lingua
889 5050 1087 5118 patria,
1123 5047 1476 5104 Montmartré
1505 5053 1669 5121 vulgo
1693 5061 1778 5107 est
1813 5047 2122 5121 appellatus
2154 5067 2170 5108 :
2201 5047 2470 5118 hodieque
2499 5048 2568 5102 ad
2617 5055 2936 5121 perpetuam
2979 5047 3306 5121 inclytorum
3337 5061 3484 5121 mar-

236 5068 560 5120 martyrum,
589 5068 646 5102 et
677 5068 863 5118 lingua
889 5068 1087 5118 patria,
1123 5068 1476 5104 monmtartre
1505 5068 1596 5105 vn!
1635 5068 1669 5106 0
1693 5068 1778 5107 εει
1813 5068 2122 5121 appellatus
2154 5068 2170 5108 :
2201 5068 2470 5118 nocteque
2499 5068 2568 5102 au
2617 5068 2936 5116 perpetuam
2979 5068 3306 5118 Inuywrutu
3337 5068 3484 5098 mar-

236 5131 423 5190 tyrum
458 5121 778 5190 memoriam
807 5133 870 5190 ea
903 5127 1218 5188 perseverat
1246 5122 1561 5190 appellatio.
1601 5068 1722 5188 suo
1752 5123 1808 5175 in
1838 5123 1958 5176 loco
1982 5121 2092 5190 (res
2114 5135 2246 5174 sane
2273 5135 2433 5181 nova,
2478 5128 2531 5172 et
2557 5125 2614 5170 ut
2641 5117 2771 5172 olim
2805 5118 2944 5182 visu,
2978 5118 3058 5190 sic
3081 5127 3134 5171 et
3154 5132 3302 5190 nunc
3331 5115 3485 5190 dictu

235 5186 588 5262 admiranda)
620 5187 866 5262 Dionysii
897 5186 1154 5259 martyris
1179 5186 1410 5262 truncus
1441 5193 1576 5260 (76),
1607 5186 1732 5246 licet
1757 5186 2048 5262 exsanguis
2076 5199 2130 5244 et
2153 5191 2275 5262 vitae
2303 5195 2730 5262 ex_pers,_tamen
2762 5202 2822 5242 se
2851 5188 3046 5252 erexit,
3070 5194 3127 5241 et
3155 5187 3389 5262 recisum
3415 5186 3485 5262 ab

233 5259 489 5315 humeris
517 5267 682 5327 caput
706 5257 808 5330 tsic
837 5266 922 5313 est
951 5257 1175 5328 antiqua
1199 5257 1642 5322 traditio,'et'sic
1673 5257 1983 5328 complures
2013 5261 2210 5314 litteris
2243 5257 2550 5330 prodidere)
2578 5259 2638 5319 in
2664 5273 2860 5330 manus
2882 5272 3031 5330 suas,
3067 5257 3289 5330 perinde
3324 5272 3390 5330 ac
3430 5257 3482 5309 si

231 5331 472 5400 viveret,
498 5329 724 5400 trophrei
761 5329 934 5382 instar
963 5327 1196 5400 accepit.
1229 5339 1393 5399 atque
1416 5331 1483 5384 ad
1516 5333 1624 5386 duo
1669 5327 1888 5386 circiter
1917 5331 2133 5400 Gallica
2153 5330 2427 5400 milliaria,
2463 5327 2601 5400 duce
2629 5329 2842 5400 angelo,
2870 5329 3137 5400 et‘choris
3165 5327 3492 5400 celestibus-

233 5415 368 5472 cum
400 5397 710 5472 admirabili
739 5405 1012 5472 concentu
1053 5397 1468 5472 comitantibus,
1500 5410 1554 5455 et
1577 5403 1860 5472 hymnum,
1901 5403 2063 5455 modo
2093 5399 2277 5454 Gloria
2307 5399 2421 5472 tibi,
2447 5399 2686 5472 Domine,
2708 5397 2884 5472 :modo
2914 5397 3481 5472 Alleluiaresonanti-

233 5470 370 5533 bus,
406 5477 516 5522 tam
547 5469 640 5523 diu
667 5469 998 5538 deportavit,
1039 5470 1214 5524 donec
1247 5469 1315 5523 ad
1347 5470 1527 5524 locum
1562 5468 1653 5526 ubi
1677 5487 1826 5526 nunc
1855 5473 1994 5526 situs
2021 5479 2126 5533 est,
2165 5477 2222 5524 et
2249 5471 2615 5538 sui__nominis
2647 5469 2835 5524 urbem
2869 5476 2923 5522 et
2953 5469 3266 5524 cmnobium
3289 5468 3477 5538 habet,

233 5539 528 5612 pervenit;
554 5534 803 5613 atquein
821 5539 1022 5613 nobilis
1054 5539 1512 5613 matronaafundo
1540 5543 1774 5613 (Catulla
1804 5543 1866 5613 ei;
1886 5556 2083 5613 nomen
2114 5540 2218 5613 fuit
2251 5534 2380 5613 [77])
2395 5541 2548 5611 quasi
2577 5555 2640 5613 se
2677 5539 2752 5594 illi
2778 5539 2969 5613 daret,
2996 5539 3280 5613 requievit.
3309 5537 3482 5613 Dilig-

234 5607 370 5682 gere
396 5607 670 5682 extemplo
716 5609 964 5665 inﬁdeles
992 5617 1146 5682 tanto
1170 5611 1344 5682 territi
1369 5607 1638 5682 prodigio,
1672 5620 1724 5665 et
1751 5627 1820 5667 ne
1846 5611 1960 5666 fors
1981 5611 2085 5665 sibi
2113 5611 2289 5665 fraudi
2315 5607 2465 5664 tanta
2489 5611 2622 5666 artis
2640 5608 2898 5682 magicae,
2928 5619 2986 5662 ut
3010 5607 3345 5682 vocitabant,
3365 5607 3480 5664 elli-

233 5678 397 5735 éacia
449 5679 760 5739 exsisteret,
792 5681 1124 5749 permultum
1173 5678 1468 5736 formidare
1493 5697 1506 5732 :
1533 5678 1836 5738 Christiani
1867 5696 2020 5743 vero,
2053 5688 2106 5736 et
2149 5682 2507 5751 quos'melior
2537 5680 2731 5750 agebat
2770 5678 2997 5802 spiritus
3027 5680 3192 5750 (inter
3236 5696 3375 5750 quos
3422 5690 3480 5736 et

233 5750 436 5802 Larcia
470 5749 640 5802 Lisbii
672 5764 810 5802 uxor
848 5749 973 5802 fuit)
997 5751 1238 5802 divinam
1270 5751 1529 5802 admirari
1567 5761 1620 5802 et
1655 5754 1930 5802 celebrare
1959 5753 2216 5802 virtutem
2257 5760 2420 5802 atoue
2449 5749 2767 5802 notentiatn.
2853 5747 2955 5802 nde
2983 5751 3138 5802 multi
3186 5751 3417 5802 antehac
3445 5767 3480 5802 a

232 5750 436 5805 Larcia
470 5749 640 5804 Lisbii
672 5747 810 5803 uxor
848 5749 973 5820 fuit)
997 5751 1238 5804 divinam
1270 5751 1529 5804 admirari
1567 5761 1620 5806 et
1655 5754 1930 5808 celebrare
1959 5747 2216 5806 virtutem
2257 5760 2420 5820 atque
2449 5747 2767 5820 potentiam.
2804 5747 2955 5820 Unde
2983 5747 3138 5805 multi
3186 5747 3417 5806 antehac
3445 5767 3486 5806 ει.

232 5821 508 5893 religione
535 5819 1074 5893 alieniores,‘manus
1103 5821 1323 5876 Christo
1361 5823 1580 5889 dedere,
1632 5823 2014 5893 principesque
2045 5823 2185 5878 inter
2216 5819 2343 5876 illos
2373 5819 2485 5890 jam
2514 5819 2658 5893 dicta
2691 5819 2882 5893 Larcia
2911 5822 3190 5891 propalam
3236 5837 3295 5877 se
3320 5821 3479 5876 Chri-

233 5889 482 5948 stianam
519 5891 787 5961 professa,
825 5889 1057 5962 ideoque
1091 5893 1486 5962 comprehensa
1523 5903 1577 5951 et
1621 5889 1833 5960 enecta,
1862 5889 2035 5950 cll‘uso
2077 5894 2135 5948 in
2166 5893 2339 5948 vicem
2377 5889 2643 5963 baptismi
2685 5889 2972 5961 sanguine,
3004 5889 3232 5950 numero
3259 5898 3491 5949 sancto-.
