3882 6552
471 425 578 483 839
1700 415 1757 479 S.
1800 420 2088 486 DlONYSll
2118 421 2586 485 ABEOPAGITE
3670 427 3774 484 8i!)

475 557 705 625 totus_se
731 550 992 625 deserens,
1025 558 1178 620 algae
1207 550 1337 625 adeo
1360 551 1644 625 quamdam
1672 570 1874 619 eorum,
1904 570 2023 625 qua:
2050 551 2481 625 praidicabantur
2509 548 2928 625 communionem
2973 549 3026 603 in
3064 564 3118 603 se
3162 550 3468 625 experiens,
3491 547 3571 602 ab

473 619 721 694 omnibus
741 621 829 694 qui
857 619 1101 694 videbant
1129 633 1179 675 et
1207 621 1514 694 audiebant,
1545 625 1635 692 qui
1681 619 1963 680 noscebant
1995 619 2073 679 vel
2103 622 2441 694 ignorabant,
2478 638 2631 676 sacro
2680 621 2893 674 numine
2938 629 3307 694 correptr¢s,__et
3336 619 3770 694 laudatar’diri—

471 705 570 763 nus
601 690 966 763 judicabatur.
999 691 1101 746 Sed
1131 691 1256 761 quid
1281 709 1372 762 ego
1404 693 1499 746 tibi
1519 690 1582 746 ea
1607 710 1722 763 qua:
1751 695 1817 748 de
1849 695 2042 750 divinis
2070 690 2224 748 rebus
2264 693 2337 746 ibi
2379 692 2524 746 dicta
2560 701 2703 763 sunt,
2735 694 3179 747 commemorem?
3211 690 3332 763 Nisi
3363 694 3503 745 enim
3554 693 3768 763 meimet

470 761 635 834 ipsius
669 760 824 834 plane
856 761 1051 834 oblitus
1086 760 1237 834 sum,
1273 760 1407 834 scio?
1433 770 1512 834 me
1555 760 1756 834 quoque
1801 767 1894 820 abs
1945 776 1992 820 te
2038 767 2259 819 istorum
2295 763 2591 834 divinorum
2638 762 2951 834 hymnorum
2982 771 3158 830 partes
3210 762 3435 834 aliquas
3466 761 3767 834 audivisse.

469 831 613 884 Adeo
644 830 737 883 tibi
767 833 913 906 cordi
948 842 1026 886 est
1059 831 1238 886 divina
1268 833 1410 886 haud
1437 830 1620 906 leviter
1646 830 1906 906 persequi.
1949 836 2140 889 Verum
2177 845 2235 887 ut
2273 835 2497 904 mystica
2522 830 2722 906 illa_,_et
2755 832 2893 884 sicut
2923 833 2987 906 in
3009 835 3191 902 vulgus
3240 848 3342 885 non
3377 833 3687 900 efferenda.
3725 843 3770 906 et

470 909 722 976 tanquam
761 902 856 954 tibi
879 914 1147 976 perspecta
1180 902 1667 976 prietermittamus,
1708 902 2113 976 quotiescunque
2140 902 2478 976 nostrarum
2506 902 2688 956 multis
2722 904 3132 976 communicare,
3157 914 3204 955 et
3233 908 3671 976 quamplurimas
3703 903 3773 953 ad

467 970 764 1046 doctrinam
801 970 1011 1046 sacrant
1043 970 1249 1046 adduci
1271 976 1522 1042 oportuit,
1554 975 1645 1028 ille
1686 970 1944 1046 plerisque
1991 970 2189 1030 sanctis
2221 973 2626 1046 doctoribus,__et
2664 988 2765 1046 usu
2798 974 3064 1046 temporis,
3103 981 3158 1046 et
3201 970 3389 1046 mentis
3423 975 3692 1046 puritate,
3721 986 3768 1024 et

467 1041 979 1116 demonstrationum
1027 1044 1359 1106 certitudine,
1409 1057 1459 1116 et
1501 1041 1702 1100 ca'teris
1743 1041 1942 1100 sancta!
1976 1047 2284 1116 eloquentiae
2317 1044 2665 1114 facultatibus
2710 1042 2854 1116 haud
2890 1059 3057 1116 parva
3094 1043 3373 1116 intervallo
3423 1045 3765 1116 antestabit:

467 1112 544 1165 ita
581 1127 638 1164 ut
671 1122 920 1174 adversus
955 1125 1060 1167 tam
1103 1131 1348 1185 magnum
1379 1115 1542 1168 solem
1572 1126 1778 1170 nostros
1809 1117 1967 1186 ﬁgere
1997 1112 2208 1170 obtutus
2255 1112 2373 1168 ausi
2415 1130 2685 1186 nunquam
2717 1115 3001 1186 fuerimus.
3029 1113 3134 1186 Ita“
3163 1115 3302 1167 enim
3353 1113 3506 1167 nobis
3565 1117 3770 1166 conscii

465 1199 668 1258 s_umus.
703 1186 791 1258 ita
804 1186 1067 1258 sentimus
1088 1184 1200 1238 non
1218 1201 1372 1258 posse
1401 1203 1517 1258 nos,
1548 1203 1640 1240 nec
1670 1184 1868 1250 divina,
1899 1204 2016 1258 qua:
2046 1199 2212 1240 mente
2241 1185 2576 1258 percipienda
2614 1193 2769 1258 sunt,
2809 1185 2955 1258 satis
2987 1184 3300 1258 intelligere,
3334 1201 3428 1238 nec
3453 1201 3583 1258 qua:
3616 1199 3771 1258 super

466 1251 566 1326 Dei
597 1256 891 1324 cognitione
921 1251 1262 1326 exprimenda
1289 1257 1591 1326 sunt.digne
1621 1258 1776 1326 effari
1801 1273 1818 1310 :
1851 1251 1940 1311 sed
1963 1275 2081 1311 cum
2113 1251 2301 1326 procul
2324 1251 2391 1309 ab
2415 1273 2474 1310 eo
2507 1254 2765 1315 absimus,
2801 1255 2858 1306 id
2885 1255 3045 1308 etiam
3076 1251 3298 1317 acc-edit,
3334 1251 3474 1322 quod
3517 1257 3638 1308 ista
3687 1257 3771 1305 di-

465 1324 706 1378 vinorum
744 1327 974 1397 virorum
1003 1325 1071 1378 ad
1092 1327 1363 1397 veritatem
1397 1324 1740 1397 theologicam
1771 1339 2036 1396 spectante
2075 1324 2296 1383 scientia
2326 1326 2622 1396 deﬁcimur,
2653 1335 2810 1396 atque
2839 1342 2898 1378 eo
2928 1342 3146 1395 prorsus
3184 1341 3251 1380 ea:
3298 1342 3491 1394 magno
3525 1335 3682 1378 metu
3721 1335 3770 1376 et

465 1397 752 1467 reverentia
782 1395 1102 1460 devenimus,
1134 1406 1191 1449 ut
1227 1396 1358 1450 nihil
1388 1395 1598 1451 omnino
1640 1397 1704 1452 de
1745 1395 1902 1452 sacra
1933 1399 2262 1467 philosophia
2306 1414 2396 1450 nec
2443 1397 2769 1459 audiremus,
2813 1397 2919 1467 nisi
2967 1396 3242 1467 insedisset
3281 1397 3482 1461 animo,
3510 1412 3628 1467 non
3659 1412 3770 1448 esse

464 1463 763 1539 divinarum
791 1484 966 1539 rerum
997 1467 1512 1538 quantulumcunque
1541 1470 1887 1539 cognitionem
1918 1463 2300 1539 negligentiam.
2328 1467 2481 1533 Quod
2513 1467 2720 1537 quidem
2770 1466 2920 1539 nobis
2961 1466 3282 1536 persuadens
3322 1483 3426 1539 non
3461 1466 3630 1518 modo
3672 1481 3770 1516 na-

467 1537 666 1618 turales
695 1537 947 1622 mentith
980 1539 1318 1622 appetitiones
1353 1537 1470 1609 qua:
1510 1537 1743 1622 tantam...
1772 1537 2238 1622 quantam‘capere
2271 1548 2515 1620 possunt,
2545 1554 2732 1620 rerum.
2764 1537 3070 1590 sublimium
3111 1538 3620 1622 contemplationem
3652 1546 3770 1588 stu-

464 1605 611 1661 a'iose
632 1623 833 1675 semper
856 1605 1126 1678 affectant,
1158 1609 1248 1663 sed
1279 1605 1396 1680 ipsa
1436 1627 1637 1680 quoque
1687 1605 1987 1664 divinarum
2037 1605 2209 1679 legum
2255 1605 2451 1680 optima
2497 1609 2783 1671 institutio,
2809 1624 2927 1679 quae
2949 1624 3012 1661 ea
3039 1607 3270 1679 quidem,
3301 1605 3420 1680 qua-
3464 1623 3642 1674 supra
3672 1623 3768 1659 nos

465 1687 609 1740 sunt,
637 1688 886 1750 tanquam
918 1681 1160 1733 meritum
1190 1691 1239 1734 et
1277 1679 1490 1750 captum
1519 1679 1846 1741 excedentia,
1877 1690 2013 1734 vetat
2060 1681 2323 1734 curiosius
2354 1679 2704 1750 investigare;
2735 1680 2913 1750 omnia
2942 1695 3059 1732 vero
3085 1694 3201 1748 qua:
3227 1679 3490 1750 permissa
3533 1686 3591 1730 et
3639 1693 3772 1750 conf

465 1760 611 1821 cessa
639 1747 781 1813 sunt,
807 1748 957 1818 jubet
995 1760 1192 1804 attente
1223 1747 1520 1805 condiscere
1546 1760 1595 1804 et
1628 1751 1840 1821 benigne
1877 1768 1998 1805 cum
2040 1751 2164 1804 aliis
2192 1749 2602 1804 communicare.
2639 1747 2740 1821 His
2771 1749 2934 1818 igitur
2974 1758 3025 1802 et
3064 1747 3166 1821 nos
3208 1747 3434 1821 inducti,
3479 1757 3648 1816 atque
3697 1747 3768 1821 ad

465 1815 782 1892 divinorum,
807 1815 1066 1890 quatenus
1091 1822 1299 1892 assequi
1323 1821 1440 1874 licet
1472 1815 1843 1883 inventionem,
1875 1837 1966 1875 nec
1998 1821 2169 1874 labori
2198 1829 2491 1890 parcentes,
2525 1835 2618 1892 nec
2646 1815 2853 1873 inertia:
2883 1817 3241 1892 concedentes,
3281 1820 3386 1892 imo
3417 1835 3511 1892 nec
3547 1815 3644 1872 eos
3674 1819 3768 1887 qui

464 1890 660 1962 nostris
691 1887 888 1962 altiora
911 1887 1258 1961 contemplari
1293 1909 1397 1944 non
1429 1892 1624 1954 valent,
1653 1893 1845 1962 absque
1882 1891 2119 1945 subsidio
2149 1887 2439 1960 relinquere
2481 1890 2823 1962 sustinentes,
2857 1891 3093 1962 animum
3121 1887 3191 1962 ad
3220 1888 3562 1962 scribendum
3595 1903 3770 1962 appu-

466 1956 665 2030 limus;
707 1961 840 2014 nihil
869 1963 1078 2030 quidem
1105 1956 1222 2015 novi
1253 1961 1500 2015 inducere
1523 1963 1664 2026 ausi,
1695 1956 1784 2015 sed
1818 1963 2185 2015 minutioribus
2235 1956 2521 2023 duntaxat,
2552 1969 2600 2013 et
2636 1959 3050 2027 particularibus
3081 1958 3395 2030 quibusdam
3440 1960 3768 2012 instructio-

465 2027 640 2102 nibus,
673 2047 736 2084 ea
757 2027 1265 2102 qute'compendiose
1288 2049 1319 2084 a
1349 2041 1529 2085 nostro
1559 2049 1672 2086 vere
1707 2031 1989 2085 Hierotheo
2026 2032 2169 2102 dicta
2192 2041 2338 2094 sunt,
2369 2031 2676 2102 distincturi
2715 2039 2869 2102 atque
2895 2027 3255 2098 explanaturi.
3282 2029 3572 2102 Hactenus
3594 2030 3767 2102 verba

463 2095 709 2221 ἓ]υέιωί
747 2095 814 2157 de
844 2117 903 2156 se
937 2095 1048 2156 tam
1085 2105 1326 2158 tenuiter
1364 2112 1528 2172 atque
1583 2104 1880 2168 submisse,
1916 2117 2080 2172 quam
2113 2101 2182 2158 de
2215 2111 2553 2173 praeceptore
2603 2095 2899 2155 Hierotheo
2961 2095 3280 2155 reverenter
3327 2115 3395 2154 ac
3451 2098 3768 2155 honoriﬁce

505 2184 554 2221 ic
582 2186 632 2221 a.
1493 2218 1495 2220 .

505 2177 632 2224 icta.
1493 2218 1495 2220 .

537 2238 612 2314 De
640 2255 978 2314 quo‘riirsus
1011 2243 1190 2314 capite
1221 2243 1255 2296 4
1289 2242 1535 2314 ejusdem
1570 2243 1695 2298 libri
1731 2243 1812 2299 sic
1847 2241 1921 2295 ait
1976 2259 2009 2314 :7
2043 2241 2172 2296 Hice
2211 2243 2372 2296 etiam
2419 2241 2710 2312 prarclarus
2759 2240 2850 2294 ille
2895 2251 3073 2314 noster
3122 2257 3396 2296 sacron
3445 2241 3767 2314 moderata

463 2307 847 2384 (HieroibeUs)
866 2315 920 2384 in
948 2307 1158 2384 hymnis
1190 2307 1447 2368 amatoris
1476 2313 1650 2368 divine
1679 2315 1941 2384 exposuit.
1976 2313 2212 2378 Quorum
2243 2313 2326 2366 hic
2358 2307 2676 2376 meminisse,
2710 2321 2766 2384 et
2787 2321 2967 2364 nostro
3000 2312 3076 2366 De
3108 2327 3294 2367 amore
3328 2313 3593 2384 tractatui
3623 2313 3765 2364 velut

461 2397 674 2453 sacrum
708 2383 1176 2453 quoddam’caput
1221 2385 1516 2448 adnectere,
1549 2385 1691 2438 haud
1747 2386 1847 2438 erit
1897 2384 2148 2438 alienum.
2203 2383 2460 2437 Adnectit
2513 2384 2710 2438 deinde
2757 2383 2891 2436 illud
2938 2390 3123 2452 caput,
3159 2384 3304 2451 quod
3357 2383 3424 2437 ad
3462 2385 3768 2452 ipsiusmet

463 2449 742 2524 Hierothei
779 2453 958 2508 Vitam
991 2449 1204 2510 diﬂ‘aro.
1240 2455 1390 2509 Adeo
1437 2457 1519 2508 vir
1553 2456 1644 2511 ille
1691 2465 1916 2510 sanctus
1963 2463 2229 2524 quantum
2275 2455 2706 2524 praiiceptorilius
2758 2463 2810 2507 et
2871 2449 3050 2507 rerum
3105 2449 3414 2508 divinarum
3471 2449 3768 2522 magistris

463 2521 757 2596 deberetur
790 2524 1017 2580 honoris
1049 2536 1104 2580 et
1136 2524 1523 2588 observantia,
1569 2541 1679 2580 non
1712 2521 2048 2596 intelligebat
2082 2521 2291 2596 modo,‘
2316 2525 2410 2579 sed
2453 2521 2618 2596 etiam
2655 2525 2861 2592 absque
2895 2524 3043 2577 omni
3079 2524 3284 2596 invidia
3318 2540 3435 2596 prie
3459 2538 3520 2577 se
3552 2521 3768 2593 gratis-i

465 2593 606 2646 sinio
640 2596 823 2648 animo
857 2597 1089 2659 terebat,
1141 2597 1485 2666 posterisque
1517 2597 1791 2652 tradebat.
1826 2593 1971 2662 Quin
2021 2595 2184 2650 etiam
2224 2610 2399 2660 neque
2432 2595 2705 2660 eamdem,
2745 2609 2910 2666 quam
2965 2610 3100 2649 suus
3154 2593 3349 2666 doctor
3394 2593 3764 2656 Hierotlieus,

457 2665 752 2736 .inaleriain
788 2673 915 2719 ante
965 2664 1252 2722 ausus'est
1288 2664 1642 2735 pertractare,
1681 2681 1844 2736 quam
1893 2667 2100 2736 clarum
2154 2665 2395 2730 fecisset,
2432 2666 2484 2719 id
2521 2681 2581 2719 se
2633 2666 2775 2736 bona
2823 2664 2943 2736 ejus
2985 2666 3169 2727 venia,
3220 2665 3329 2718 imo
3368 2680 3537 2720 suasu
3593 2675 3768 2735 atque

459 2731 622 2807 jussu
660 2736 839 2790 facere
869 2755 881 2788 :
911 2751 1016 2807 nec
1051 2747 1159 2790 tam
1196 2731 1318 2806 qua:
1351 2737 1442 2807 ille
1478 2739 1648 2791 ardua
1685 2731 1848 2806 atque
1882 2735 2120 2790 (liliicilia
2159 2737 2593 2807 perscripsisset?
2623 2731 2928 2803 majoribus
2953 2736 3162 2807 animis
3193 2743 3248 2789 et
3280 2736 3538 2807 perfectis
3578 2731 3772 2790 sensi-

465 2805 570 2858 bus
604 2805 980 2878 accommoda:
1017 2823 1180 2876 quam
1216 2805 1337 2878 qua:
1371 2806 1512 2862 idem
1549 2805 1810 2877 tanquam
1845 2807 2056 2878 minora
2091 2805 2383 2862 omisisset
2404 2807 2473 2861 ab
2506 2805 2630 2878 aliis
2678 2805 3022 2878 explicanda,
3057 2814 3113 2860 et
3147 2805 3484 2861 tardioribus
3517 2808 3771 2875 ingeniis

462 2877 808 2949 exponenda,
863 2891 984 2949 sese
1018 2875 1198 2932 alieno
1232 2875 1426 2947 rogatu
1486 2875 1712 2949 scriptis
1758 2877 2020 2932 mandare
2063 2879 2350 2949 professus
2383 2884 2549 2932 esset.
2588 2875 2646 2929 In
2680 2875 2884 2946 quibus
2919 2885 3026 2930 tam
3060 2888 3288 2949 prppter
3317 2879 3636 2949 exemplum
3668 2878 3766 2946 ju-

460 2947 726 3018 ventotis,
762 2962 884 3016 quae
914 2947 1043 3001 olim
1079 2962 1210 3003 suos
1246 2946 1542 3018 magistros
1569 2946 1654 3004 his
1675 2955 1848 3004 tracta
1882 2948 2128 3018 vestigiis
2152 2949 2525 3012 venerabitur,
2551 2963 2714 3016 quam
2749 2949 2876 3017 quia
2909 2949 3081 3018 sancti
3117 2946 3371 3018 Dionysii
3396 2947 3766 3016 pel-illustris,

462 3023 517 3070 et
549 3017 804 3088 omnibus
837 3019 1144 3072 simulanda
1179 3019 1536 3088 scriptoribus
1570 3029 1679 3074 tam
1713 3033 1814 3074 sua
1846 3017 2218 3085 extenuantis,
2254 3034 2417 3088 quam
2461 3018 2638 3072 aliena
2681 3017 2994 3088 extollentis
3024 3018 3203 3088 elucet
3252 3017 3523 3072 modestia
3556 3019 3770 3088 animi-

462 3100 570 3160 que
622 3087 940 3155 submissio,
997 3105 1105 3143 non
1157 3086 1361 3159 pigebit
1394 3090 1790 3160 aliquantisper
1838 3089 1894 3160 in
1942 3086 2296 3160 monstranda
2347 3097 2511 3142 tanta:
2541 3089 2762 3160 virtutis
2813 3087 3224 3160 pulchritudine
3276 3088 3586 3142 immorari.
3636 3086 3768 3143 Haec

465 3105 570 3154 que
622 3105 940 3155 suumissw,
997 3105 1105 3143 non
1157 3105 1361 3159 pigebit
1394 3105 1690 3160 aliquantis
1763 3105 1790 3142 r
1838 3105 1894 3142 in
1942 3105 2296 3144 monssranoa
2347 3105 2511 3142 tanta:
2541 3105 2762 3142 virtuus
2813 3105 3224 3158 puicnrituuine
3276 3105 3586 3142 immorari.
3636 3105 3768 3143 nec

465 3156 634 3229 igitur
667 3170 796 3213 sunt
830 3160 1010 3229 magni
1045 3161 1387 3229 Areopagitas
1420 3161 1585 3213 verba
1625 3184 1636 3214 ;
1675 3105 1777 3215 ἐξά
1804 3159 1995 3229 aliquis
2024 3161 2251 3229 requiret
2283 3160 2510 3228 fortasse
2537 3157 2662 3228 quid
2707 3159 2778 3210 sit
2825 3158 3163 3229 quamobrem
3196 3167 3473 3229 postquam
3507 3175 3770 3212 Miseran-

463 3227 560 3279 dus
589 3240 881 3298 praeceptor
901 3227 1079 3283 noster
1115 3227 1425 3284 Hierotheus
1475 3229 1833 3294 Tlieologicas
1859 3227 2232 3285 institutiones
2257 3227 2661 3298 perexcellenter
2701 3227 2988 3298 collegerit,
3020 3246 3113 3283 nos
3137 3229 3281 3298 jam,
3306 3227 3460 3299 quasi
3502 3231 3620 3283 illa:
3667 3233 3768 3282 mi-

463 3312 563 3350 nus
615 3299 925 3371 sufﬁcerent,
977 3317 1135 3354 novas
1192 3302 1330 3353 alias
1379 3309 1427 3353 et
1476 3302 1770 3368 praesertim
1814 3300 1948 3352 hanc
2007 3299 2318 3371 theologiam
2364 3301 2856 3371 conscripserimus.
2892 3300 3054 3366 Atqui
3093 3303 3140 3353 si
3185 3299 3276 3353 ille
3322 3301 3534 3370 quidem
3582 3303 3768 3353 omnia

462 3375 711 3441 quaead
753 3369 1064 3441 theologiam
1133 3372 1416 3439 pertinent,
1453 3386 1519 3424 ea:
1566 3373 1749 3424 ordine
1801 3372 2145 3424 commentari
2181 3369 2463 3438 voluisset,
2497 3387 2560 3424 ac
2607 3370 2766 3424 totius
2817 3369 3388 3441 theologite'summam
3437 3370 3768 3425 brevissimis

464 3438 904 3512 explicationibus
927 3438 1210 3511 'persequi,
1254 3457 1314 3494 eo
1360 3442 1588 3495 vesania:
1625 3450 1718 3494 aut
1771 3440 2082 3512 temeritatis
2134 3458 2403 3512 nunquam
2448 3442 2892 3510 prorupissemus,
2927 3438 3110 3512 ut'nos
3141 3441 3664 3512 illoarbitraremur
3691 3442 3769 3496 vel

462 3509 815 3576 perspicacius
848 3526 930 3565 res
952 3509 1269 3581 theologicas
1299 3527 1410 3565 esse
1439 3521 1775 3566 assecuturos
1802 3510 1880 3582 vel
1910 3511 2175 3575 divinius;
2221 3509 2383 3582 neque
2428 3509 2551 3566 item
2589 3509 2826 3565 animum
2865 3511 3258 3566 induxissemus
3283 3512 3338 3564 in
3369 3511 3558 3566 iisdem
3584 3511 3772 3565 labore

465 3593 851 3653 supervacaneo
881 3582 1169 3650 repetendis
1199 3597 1411 3650 cperant
1459 3593 1700 3653 nostram
1746 3581 1966 3644 ludere;
2011 3582 2136 3651 quid
2163 3581 2336 3653 dicam
2368 3592 2416 3636 et
2440 3593 2810 3653 prwceptorem
2854 3590 2904 3636 et
2950 3582 3179 3636 amicum
3213 3597 3278 3636 ea:
3314 3582 3470 3650 cujus
3500 3584 3771 3651 praecipue

466 3651 795 3723 sermonibus
827 3652 1114 3706 secundum
1163 3652 1399 3706 divinum
1448 3651 1682 3706 Paulum
1731 3653 1965 3723 instituti
1999 3667 2206 3715 sumus,
2237 3651 2448 3721 injuria
2490 3654 2713 3723 aﬂicere,
2757 3661 2808 3706 et
2847 3653 3350 3722 prwstantissimam
3378 3653 3496 3720 ejus
3527 3663 3769 3706 contem-

465 3720 649 3794 plandi
680 3723 954 3794 scientiam
996 3733 1046 3777 et
1088 3724 1476 3794 expositionem
1509 3724 1766 3793 su/furari
1788 3725 1812 3778 ?
1856 3721 1959 3777 Sed
1983 3739 2106 3794 cum
2139 3724 2186 3776 is
2224 3723 2404 3776 divina
2440 3720 2670 3794 graviter
2716 3720 3032 3790 explanans,
3074 3723 3474 3792 compendiosas
3521 3723 3682 3777 nobis
3721 3733 3770 3776 et

467 3791 638 3864 multa
677 3791 896 3864 breviter
924 3793 1323 3862 complectentes
1354 3791 1684 3863 deﬁnitiones
1713 3793 2036 3862 exposuerit,
2068 3793 2328 3864 simulque
2359 3791 2706 3855 mandaverit,
2739 3805 2797 3846 ut
2837 3802 2886 3848 et
2929 3811 3024 3847 nos
3052 3809 3148 3861 pro
3187 3794 3346 3858 virili,
3374 3802 3425 3847 et
3466 3796 3770 3864 quicunque

464 3862 636 3934 nostri
656 3863 864 3934 similes
894 3864 1168 3917 rudiorum
1195 3873 1316 3917 sunt
1348 3862 1651 3917 animarum
1701 3865 1962 3934 magistri,
1998 3874 2120 3924 apto
2153 3862 2391 3917 sermone
2439 3864 2612 3918 breves
2644 3863 2768 3916 illas
2799 3877 2848 3919 et
2881 3865 3178 3934 singulares
3211 3865 3401 3918 mentis
3447 3864 3604 3917 illius
3645 3862 3766 3933 pcr—

462 3930 842 3998 spicacissimaz
863 3937 1150 3988 sententias
1183 3933 1590 4003 explicaremus,
1628 3930 1918 4004 tuque'ipse
1949 3950 2065 3995 nos,
2096 3952 2125 3987 o
2159 3934 2446 3995 Timothee,
2488 3935 2555 3987 ad
2598 3935 2734 3988 idem
2764 3930 3127 4003 prirstandum
3170 3950 3532 4003 swpenumero
3563 3930 3766 3988 extror-

464 4010 610 4084 tatus
645 4005 740 4066 sis,
774 4015 825 4085 et
854 4005 1004 4085 nobis
1033 4005 1146 4073 ejus
1177 4004 1372 4085 librum
1400 4006 2042 4085 tan_quam_sublimiorem
2073 4004 2340 4085 remiseris
2366 4021 2384 4058 :
2415 4006 2535 4058 hinc
2561 4014 2614 4085 _et
2646 4022 2737 4058 nos
2762 4005 2923 4084 illum
2959 4015 3014 4057 ut
3044 4006 3582 4085 perfeqtqrunratque
3614 4021 3765 4085 erero

463 4073 752 4146 citatorum
779 4076 1107 4146 ingeniorum
1142 4077 1454 4145 magistrum
1479 4073 1545 4129 iis
1579 4077 1668 4146 qui
1697 4090 1859 4144 supra
1890 4076 2074 4144 vulgus
2107 4076 2342 4145 sapiunt,
2375 4078 2693 4129 seceruimus
2724 4074 2939 4146 ejusque
2965 4073 3163 4144 scripta
3191 4075 3324 4129 velut
3357 4073 3532 4128 altera
3563 4078 3766 4142 scripta

462 4143 678 4208 divinis,
708 4154 757 4199 et
787 4143 1092 4214 apostolicis
1124 4143 1370 4214 proxima
1412 4143 1716 4216 reputamus
1743 4160 1760 4198 :
1791 4146 1960 4216 nostri
2007 4143 2186 4216 autem
2229 4145 2495 4200 similibus
2536 4162 2630 4216 pro
2680 4143 2862 4199 nostro
2891 4155 2940 4199 et
2965 4143 3202 4214 ipsorum
3231 4155 3388 4216 captu
3431 4163 3516 4199 res
3553 4147 3764 4198 diuinas

462 4227 800 4280 exponemus.
835 4217 894 4271 Si
922 4219 1061 4270 enim
1092 4217 1442 4286 perfectorum
1469 4215 1771 4287 estsolidus
1810 4215 1980 4279 cibus,
2023 4214 2158 4268 alios
2186 4231 2246 4269 eo
2276 4231 2490 4286 pascere
2509 4214 2724 4287 quantae
2757 4217 3093 4285 perfectionis
3133 4219 3247 4271 est?
3279 4214 3437 4270 Recte
3474 4218 3646 4286 igitur
3673 4218 3766 4268 hoc

463 4300 665 4357 quoque
693 4304 726 4340 a
755 4287 904 4340 nobis
929 4285 1128 4340 dictum
1157 4297 1254 4350 est,
1285 4287 1490 4339 claram
1525 4285 1686 4357 illam
1699 4295 1752 4339 et
1785 4301 1876 4355 per
1902 4301 1955 4357 se
1979 4287 2247 4357 oculatam
2279 4285 2652 4354 spiritualium
2676 4286 3007 4357 eloquiorum
3041 4285 3536 4356 contemplationem
3560 4295 3612 4340 et
3640 4304 3761 4340 suc-

463 4356 690 4428 cinctam
719 4374 900 4412 eorum
931 4357 1230 4412 doctrinam
1259 4357 1648 4412 exercitatioris
1672 4356 1907 4428 indigere
1931 4355 2244 4428 facultatis;
2264 4373 2571 4428 sermonum,
2602 4355 2780 4428 autem
2800 4358 2887 4427 qui
2909 4374 2969 4411 eo
2995 4357 3278 4418 deducant,
3303 4359 3584 4412 scientiam
3612 4370 3765 4428 atque

463 4424 804 4496 discipﬁnam
845 4428 1188 4498 inferioribus
1217 4443 1494 4481 sacrorum
1527 4424 1902 4498 mysteriorum
1933 4424 2204 4496 magistris
2243 4427 2407 4498 jumta
2442 4439 2491 4482 et
2540 4424 2821 4495 discipulis
2855 4430 3148 4482 convenire.
3191 4428 3514 4497 Quanquam
3546 4439 3598 4480 et
3629 4424 3761 4483 illi-il

463 4511 664 4569 quoque
695 4516 726 4551 a
754 4496 910 4552 nobis
927 4515 1179 4569 perquam
1223 4499 1504 4568 diligenter
1543 4507 1623 4552 est
1665 4496 2023 4569 observatum,
2080 4496 2302 4569 ntiqua!
2332 4497 2546 4569 divinus
2574 4498 2736 4569 512
2760 4499 2848 4552 ille
2893 4507 3180 4567 praeceptor
3219 4496 3383 4567 plana
3432 4500 3764 4568 exposition

463 4564 816 4639 distinxisset,
850 4564 996 4623 nullo
1027 4564 1182 4622 modo
1216 4564 1612 4639 attingeremus,
1638 4584 1729 4622 nec
1761 4569 1828 4623 iis
1860 4584 1977 4639 qua:
1999 4568 2109 4636 ipse
2139 4564 2505 4633 dilucidasset,
2544 4564 2734 4622 eam;
2749 4564 3039 4638 repetendis
3061 4564 3246 4622 iactum
3283 4564 3582 4638 ageremus.
3621 4569 3760 4622 Hac-

464 4642 626 4690 tenus
660 4636 904 4709 Dionysii
938 4640 1300 4710 Areopagum,
1336 4636 1439 4693 viri
1477 4641 1530 4692 in
1568 4641 1802 4693 maxima
1837 4636 1891 4693 et
1925 4639 2320 4710 sublimissima
2355 4641 2585 4694 scientia
2623 4641 2780 4709 longe
2808 4636 3215 4694 modestissimi
3251 4636 3416 4693 verba
3455 4641 3622 4709 plane
3670 4657 3764 4692 an-

465 4719 581 4780 rea,
617 4722 737 4776 quae
769 4707 984 4780 cunctis
1032 4707 1201 4764 sacra:
1234 4710 1519 4779 tlieologize
1573 4711 1912 4780 doctoribus,
1949 4707 2131 4780 sedet
2165 4710 2498 4778 quibuslibet
2548 4710 2672 4765 aliis
2717 4707 3172 4780 quaruincunque
3206 4711 3407 4763 artium
3456 4707 3762 4780 magistris,

465 4776 561 4829 sed
597 4784 779 4832 tamen
814 4779 923 4834 illis
970 4781 1275 4849 potissime,
1322 4789 1382 4832 ut
1425 4776 1677 4847 ejusdem
1721 4779 1890 4834 studii
1936 4776 2320 4843 corrivalibus,
2369 4797 2493 4835 cum
2543 4776 2872 4835 Christiana:
2927 4776 3338 4841 submissionis,
3387 4789 3507 4834 tum
3557 4776 3764 4836 delita:

467 4849 790 4912 majoribus,
829 4857 883 4900 et
917 4851 1220 4919 prmscrtim
1254 4849 1538 4919 magistris
1585 4850 1702 4904 suis
1755 4849 2079 4904 reverentia:
2129 4851 2380 4919 exemplo
2423 4867 2547 4907 esse
2581 4851 2837 4907 debeant.
2878 4849 3078 4906 Verum
3128 4850 3198 4906 de
3251 4852 3528 4906 modestia
3581 4862 3762 4907 satis:

465 4931 612 4972 nunc
647 4933 906 4990 germana
939 4921 1060 4990 ejus
1093 4919 1465 4975 mansuetudo
1495 4919 1696 4990 inspici
1732 4920 1903 4990 cupit.

1882 5033 2114 5090 CAPUT
2155 5034 2344 5092 XXIV.

1244 5129 1489 5202 Dionysii
1529 5130 1905 5196 mansuetudo,
1941 5142 1991 5185 et
2031 5133 2457 5187 mansuetudinis
2495 5133 2902 5189 commendatio.

541 5219 722 5279 Sancti
758 5222 1002 5305 Dionysii
1039 5226 1321 5305 modestiae
1347 5244 1532 5284 comes
1554 5229 1916 5305 mansuetudo
1956 5228 2241 5305 jungatur.
2278 5229 2489 5305 Quibus
2523 5231 2726 5286 scilicet
2766 5238 2824 5284 ut
2857 5233 3090 5302 geminis
3125 5235 3515 5305 germanisque
3551 5239 3759 5290 sorori-

463 5296 590 5358 bus,
612 5309 759 5372 ciiin_
773 5298 974 5366 scripta
1010 5296 1130 5364 ejus
1164 5306 1384 5372 cietera,
1435 5308 1550 5372 tum
1585 5300 1832 5372 epistolas
1865 5296 2170 5372 praesertim
2205 5300 2449 5371 insignes
2495 5311 2647 5365 sunt,
2685 5296 2905 5372 tresqu'e
2941 5296 3312 5372 potissimum,
3349 5296 3457 5358 un'a
3494 5306 3566 5358 ad
3603 5305 3760 5372 Poly-

465 5324 590 5358 nua,
612 5324 736 5347 uiui
773 5324 974 5366 surpta
1010 5324 1130 5364 qua
1164 5324 1384 5362 castra,
1435 5324 1550 5352 tum
1585 5324 1832 5370 cpistola:
1866 5324 2170 5369 μῖξιςδυι-ιιιιι
2206 5324 2449 5371 ιιιδιιςιιυδ
2495 5324 2647 5365 sum,
2685 5324 2905 5372 tresque
2941 5324 3312 5372 puussuttum,
3349 5324 3457 5358 una
3494 5324 3566 5358 au
3603 5324 3757 5361 1³01⁷-

465 5379 689 5433 carpum
727 5364 972 5446 Sinyriia:
1023 5367 1375 5446 pontiﬁcem,
1434 5371 1604 5424 altera
1659 5371 1729 5426 ad
1779 5369 2161 5446 Demopliilum
2214 5372 2888 5446 monaclium,‘tertia_ad
2948 5373 3240 5446 Sopatrum
3286 5377 3660 5446 sacerdotem.
3706 5324 3757 5430 in

465 5450 695 5516 quarum
733 5437 906 5506 prima
942 5437 1136 5492 leniter
1169 5437 1566 5516 adinoduin_et_
1585 5450 1873 5497 mansuete
1905 5437 2306 5516 conjectumin
2342 5456 2401 5495 se
2434 5442 2854 5516 ApolIOphaiiis
2880 5437 3046 5514 grave
3082 5444 3392 5516 convicium
3428 5455 3756 5516 retorquet:

467 5505 763 5587 secundani
796 5522 929 5561 vero
963 5516 1133 5561 totam
1172 5511 1293 5587 fere.
1319 5509 1371 5562 in
1399 5509 1604 5587 eximia
1639 5505 2082 5587 mansuetudinis
2113 5510 2275 5587 laude
2308 5505 2698 5587 consuiuit._'lii
2737 5505 2909 5568 tertia”
2932 5528 3096 5587 quam
3134 5515 3380 5587 suayiter
3413 5531 3543 5570 cum
3574 5505 3758 5587 probis

467 5576 748 5654 viristalia
788 5592 951 5646 quain
1001 5594 1117 5654 nos
1155 5579 1519 5654 sentientibus
1566 5583 1836 5654 agendum
1894 5581 2217 5654 sit,_ipsius
2270 5596 2384 5636 suae
2437 5584 2680 5654 epistolae
2731 5576 2983 5654 exemplo
3042 5583 3204 5640 docet
3235 5578 3291 5652 *ς
3327 5594 3413 5640 est
3469 5576 3618 5640 enim
3669 5589 3756 5640 illa

465 5646 703 5728 graviter
731 5647 888 5715 juxta
920 5656 975 5702 et
1009 5650 1422 5718 perhumaniter
1444 5646 1687 5728 scrip—ta.
1723 5646 2109 5728 Dionysio__lidc
2131 5657 2413 5728 proprium
2446 5646 2569 5728 fuit,
2608 5664 2665 5728 ut
2699 5669 2799 5708 sua
2835 5646 3129 5728 eo'naretur
3163 5646 3338 5728 solide
3371 5659 3756 5728 comprobare,

466 5717 642 5797 aliena
677 5732 785 5770 non
821 5717 1149 5789 magnopere
1175 5733 1402 5797 curaret
1426 5717 1885 5797 Δ(ιιὶεἵδίηηιίιιιιὺ
1922 5717 2171 5797 religioni
2206 5717 2792 5797 ohicerpntjrelutare.
2833 5723 3062 5797 Ostensa
3097 5726 3240 5780 enim
3278 5735 3431 5797 certo
3461 5717 3520 5782 ei
3553 5717 3758 5797 liquido

469 5787 670 5840 veritas
698 5787 1281 5844 omiiein’coiitrariam
1319 5787 1609 5846 falsitatem
1643 5806 1744 5846 suo
1777 5799 1951 5848 marte
1985 5787 2318 5862 supplantat.
2368 5787 2527 5859 Quod
2576 5795 2720 5849 idem
2771 5796 2888 5864 ipse
2936 5797 2992 5851 in
3023 5795 3264 5868 Epistola
3298 5796 3366 5852 ad
3403 5797 3464 5854 S.
3492 5787 3756 5872 Policar-

536 5920 565 5952 “
594 5925 689 5981 Est
731 5925 872 5981 inter
921 5929 1181 5998 epistolas
1231 5932 1404 5988 sancti
1453 5930 1696 6003 Dionysii
1745 5929 1937 5990 (iuliae
1987 5941 2163 5988 sexta.
