3882 6542
95 440 228 495 819
1120 439 1299 508 VITA,
1341 438 1549 499 AUCT.
1585 438 1646 494 P.
1682 438 1983 495 HALLOIX
2018 439 2166 497 SOC.
2201 439 2387 497 JESl‘.
3263 437 3366 497 850

100 555 361 608 fuerunt
397 553 692 609 Dominica:
736 554 917 625 crucis
954 554 1140 610 clavus
1166 595 1182 619 ,
1227 564 1283 611 et
1325 556 1512 625 spinea
1550 558 1752 614 Christi
1788 574 2014 619 corona.
2041 566 2095 612 et
2138 556 2315 611 sancti
2361 555 2506 610 senis
2554 554 2820 610 Simeouis
2867 554 3178 625 brachium.
3217 556 3361 608 Idem

100 625 364 696 Carolus
400 640 520 678 cum
556 639 727 680 annos
763 622 1324 696 trigintarcgnasset,
1356 622 1665 696 imperium
1714 639 1799 683 est
1839 638 2163 683 consecutus
2194 645 2208 683 :
2243 640 2352 694 quo
2387 626 2663 696 biennium
2716 628 2978 696 duntaxat
3022 624 3361 691 perfunctus,

103 695 381 749 Sedecite
412 696 633 757 medici,
658 711 818 761 quem
854 694 1091 749 habebat
1120 694 1530 760 charissimam,
1559 712 1789 764 veneno,
1826 711 1885 753 ut
1929 699 2105 761 aiunt,
2132 697 2360 756 interiit.
2389 706 2440 750 et
2477 694 2736 749 Vercellis
2768 696 2898 750 urbe
2939 695 3107 747 Italia:
3137 697 3366 749 tumula-

106 776 218 818 tus
248 776 335 818 est
360 783 374 819 :
403 768 495 818 sed
522 765 574 836 in
608 767 781 820 sancti
818 766 1058 836 Dionysii
1092 767 1262 820 :edein
1296 768 1579 832 septennio
1608 779 1729 836 post
1774 770 2059 823 transferri
2096 767 2285 821 voluit.
2334 766 2465 818 Nam
2513 766 2898 833 Areliengerus
2929 766 3202 819 cmnobita
3238 766 3362 819 Dio-

106 836 419 903 iiysianns,
464 844 517 889 et
546 835 853 905 Alphonsus
883 836 942 889 D.
963 835 1213 902 ’Qiiintiui
1245 835 1690 892 Virouiandeusis
1719 840 1974 902 aedituus,
2008 853 2065 891 se
2108 840 2159 892 iii
2198 836 2408 905 templis
2452 837 2567 887 snis
2597 846 2984 902 periioctantes
3014 836 3083 888 ab
3114 836 3231 905 ipso
3262 837 3365 891 Ca-

108 906 250 976 rolo
289 919 389 976 per
421 906 687 976 quietem,
719 906 783 957 de
811 903 926 976 ejus
955 922 1183 975 corpore
1215 906 1268 976 in
1295 915 1596 976 martyrum
1634 910 1803 962 aidem
1834 907 2211 963 transferendo
2243 903 2551 960 admonitos
2584 915 2987 959 asseverarunt.

200 974 323 1028 Nec
355 973 1067 1047 fuit_Ludovieu_s_Crassus:
1094 990 1123 1047 a
1162 973 1771 1043 majorum—aemulanda
1811 981 1863 1033 in
1914 978 2229 1047 Dionysium
2278 976 2631 1029 veneratione
2674 977 2927 1047 degener.
2974 975 3249 1041 Siquidem
3284 977 3360 1028 ir-

106 1056 333 1098 ruente
366 1046 417 1098 in
453 1044 735 1115 Franciam
766 1043 998 1115 Henrico
1028 1046 1067 1100 ll
1101 1046 1378 1115 imperat.,
1411 1057 1466 1101 et
1495 1049 1615 1101 urbi
1650 1047 1873 1104 Rhemis
1896 1043 2202 1103 extremum
2234 1046 2518 1100 minitante
2553 1043 2803 1107 exitium,
2828 1048 3032 1099 interea
3058 1048 3181 1098 dum
3209 1048 3363 1099 miles

108 1115 424 1187 sc_ribitur,
458 1114 720 1187 aditgipse
750 1114 817 1187 ad
850 1128 1105 1187 sanciunt
1132 1114 1471 1187 Dionysium,
1507 1120 1660 1187 regni
1694 1128 1926 1172 tutorem
1954 1118 2190 1174 invocat.
2217 1116 2334 1184 ejus
2376 1117 2749 1187 etsociorum
2797 1130 3027 1182 corpora
3062 1131 3094 1169 e
3138 1117 3362 1170 latebris

109 1183 710 1257 elfert,_veneration_i
730 1184 949 1257 exhibet
984 1203 1003 1257 :_
1025 1185 1218 1257 deinde
1244 1183 1522 1257 assumpta
1556 1183 1625 1243 ab
1652 1187 1813 1242 altari
1844 1187 2116 1241 ﬂammula
2147 1183 2260 1257 (ευ)
2292 1186 2569 1257 (vexillum
2612 1186 2714 1257 hoc
2744 1197 2845 1257 est
2875 1201 3085 1257 sacrum
3128 1197 3181 1239 et
3207 1187 3363 1240 belli~

110 1269 282 1328 cum,
317 1254 548 1328 Francis
580 1254 801 1323 regibus
832 1256 884 1328 in
917 1255 1108 1328 militia
1137 1254 1377 1328 praeferri
1416 1256 1659 1328 solitum)
1687 1259 1924 1312 liliemos
1957 1273 2081 1328 cum
2115 1254 2359 1311 exercitu
2389 1256 2629 1328 advolat.
2653 1256 2823 1324 Cujus
2851 1256 3086 1328 adventu
3112 1269 3165 1309 et
3193 1259 3361 1328 copiis

112 1325 365 1378 territus
396 1326 717 1393 imperator,
748 1323 1069 1380 confusione
1105 1324 1267 1379 simul
1304 1335 1359 1379 et
1384 1323 1707 1381 mmrore'et
1735 1327 2083 1394 impatientia
2118 1330 2355 1380 animum
2387 1323 2812 1395 ﬂagellantibns,
2841 1326 3031 1379 mortis
3059 1327 3358 1380 accelerata

109 1395 468 1466 necessitate
501 1396 840 1466 retrocessit,
882 1396 1141 1462 brevique
1181 1405 1397 1466 postea,
1425 1398 1724 1466 etquidem
1750 1399 1867 1451 sine
1901 1398 2111 1457 liberis.
2136 1397 2397 1460 excessit,
2417 1395 2727 1450 Ludovicus
2755 1406 2933 1448 autem
2968 1399 3074 1449 voti
3115 1411 3359 1465 compos,

110 1464 362 1538 dimisso
398 1464 675 1538 exercitu,
704 1465 774 1520 ad
820 1465 1057 1538 Dionysii
1104 1465 1441 1538 coenobium,
1482 1464 1594 1520 Deo
1624 1477 1677 1520 et
1719 1467 2053 1538 martyribus
2098 1468 2305 1538 gratias
2336 1475 2561 1538 acturus
2608 1467 2771 1519 rediit
2796 1467 3028 1534 :quibus
3056 1476 3111 1521 et
3142 1464 3360 1536 egregia

113 1536 271 1606 dona
304 1536 607 1603 suspendit.
645 1536 751 1590 Sed
789 1536 932 1603 quod
967 1550 1095 1606 rege
1128 1537 1347 1601 dignam
1393 1535 1647 1603 pietatem
1682 1538 1732 1590 in
1762 1535 1956 1603 primis
1979 1535 2240 1601 ostendit,
2272 1536 2374 1589 hoc
2402 1535 2503 1590 fuit
2531 1553 2545 1604 ;
2576 1538 2718 1606 quod
2752 1538 3120 1593 recondendis
3147 1535 3362 1591 eurum-

112 1603 252 1658 deni
289 1606 392 1675 SVS.
427 1614 729 1675 martyrum
759 1603 1083 1673 corporibus
1107 1620 1235 1658 suos
1268 1606 1381 1673 ipse
1409 1608 1666 1661 humeros
1697 1623 1788 1660 rex
1825 1616 2002 1660 tantus
2026 1607 2328 1675 supposuit.

198 1674 614 1744 Conjuiigamus
645 1686 753 1728 tam
802 1675 892 1744 pio
936 1677 1045 1744 regi
1080 1677 1367 1743 conjugem
1410 1688 1562 1729 suam
1598 1677 1770 1731 multo
1818 1674 2423 1745 pientissiniaiii,ciijus
2464 1674 2809 1745 ingsanctuin
2856 1674 3172 1745 Dionysium
3214 1686 3360 1729 tanta

111 1744 335 1812 pietas,
366 1755 420 1800 et
447 1760 622 1813 amor,
653 1754 710 1799 et
735 1745 1115 1799 benevolentia
1168 1747 1287 1807 I'nit,
1327 1756 1385 1800 ut
1428 1745 1605 1799 locum
1652 1746 1902 1815 martyrii
1926 1747 2065 1815 ejus,
2089 1746 2204 1800 sive
2239 1744 2474 1798 Montem
2526 1744 2847 1815 Martyrum,
2876 1744 3071 1799 illustri
3103 1749 3361 1800 (ιαςιιοιηυ

114 1830 417 1868 sacrarum
453 1817 720 1884 virginum
752 1828 973 1878 ornare,
1006 1824 1058 1867 et
1100 1829 1238 1869 nova
1278 1816 1510 1883 quadam
1561 1828 1838 1885 perpetua:
1880 1816 2255 1870 sanctimonia:
2293 1829 2491 1885 corona
2532 1816 2812 1885 honorare
2842 1818 3089 1869 voluerit.
3120 1816 3251 1867 ham
3284 1817 3360 1870 ibi

112 1885 353 1938 Adelais
388 1883 590 1939 aeterna
637 1888 799 1954 digna
850 1887 1107 1937 memoria
1154 1885 1403 1950 lieroiiia,
1457 1893 1514 1936 ut
1557 1883 1662 1953 piis
1707 1886 2014 1955 virginibus
2064 1885 2276 1939 ordinis
2305 1883 2495 1937 Sincti
2528 1883 2808 1939 Benedicti
2864 1888 3141 1954 egregium
3176 1896 3230 1939 et
3263 1888 3357 1939 tali

116 1955 301 2007 canui
323 1957 789 2011 accommodatum
810 1964 957 2008 esset
981 1956 1390 2017 monasterium,
1418 1968 1614 2024 quorse
1642 1958 1882 2024 recipere
1911 1956 2203 2009 identidem
2227 1955 2293 2008 ad
2318 1968 2507 2008 sacros
2530 1970 2656 2009 suos
2681 1968 2901 2010 amores
2926 1970 3087 2024 atque
3111 1955 3358 2020 delicias,

114 2027 233 2077 hoc
265 2034 371 2091 est,
418 2025 485 2079 ad
532 2026 851 2078 memoriam
891 2032 1055 2096 atque
1098 2035 1450 2096 monumenta
1498 2023 1766 2096 gloriosa!
1796 2027 1988 2080 mortis
2034 2035 2366 2096 sanctorum
2392 2034 2698 2096 martyrum
2739 2036 2942 2095 posset,
2983 2023 3181 2080 institit
3216 2030 3358 2096 apud

113 2096 414 2158 maritum,
468 2096 831 2177 pervii-itque,
882 2104 947 2177 u_t_
981 2094 1114 2176 viris
1146 2093 1581 2177 religipsishquni
1630 2094 1808 2177 locum
1856 2096 2005 2177 illum
2056 2096 2212 2177 prius
2267 2093 2576 2177 insidebant
2614 2093 2755 2162 (erat
2786 2098 2930 2149 enim
2971 2093 3266 2177 priorazns,
3301 2106 3361 2150 ut

116 2176 355 2231 vocant,
406 2182 435 2219 a
470 2162 737 2219 “cmuobio
786 2163 847 2219 S.
899 2162 1116 2235 Martini
1167 2164 1233 2217 de
1258 2162 1521 2233 ’Cainpis‘
1546 2165 1880 2235 dependens)
1916 2162 2113 2235 aliquis
2145 2167 2286 2217 alius
2335 2166 2749 2225 attribueretnr.
2778 2181 2940 2235 quem
2972 2162 3078 2235 ipsi
3116 2166 3361 2221 volentes

118 2236 488 2305 lubentesqne
538 2237 591 2289 in
641 2234 1126 2305 commutationem
1179 2235 1512 2301 acciperent.
1568 2234 1625 2288 id
1675 2237 1842 2305 igitur
1892 2234 2137 2289 curatum
2190 2236 2502 2305 diligenter,
2554 2245 2609 2287 et
2662 2234 3009 2305 factumzac’
3029 2237 3103 2289 illi
3141 2238 3357 2305 quidem

116 2303 415 2361 abbatiam'
431 2304 617 2360 Sancti
652 2303 892 2375 Dionysii
926 2304 993 2358 de
1024 2303 1260 2375 carcere
1294 2305 1616 2375 appellatam
1653 2303 1761 2360 non
1799 2306 1951 2360 inviti
1992 2320 2276 2374 accepere.
2314 2303 2562 2375 Virgines
2591 2314 2775 2360 autem
2824 2306 2878 2359 in
2925 2303 3171 2359 Montem
3210 2304 3357 2359 Illar-

121 2374 823 2445 tyrumgtrinmplianteac
858 2375 966 2445 voti
1017 2374 1097 2445 sui
1134 2375 1376 2445 potiente
1404 2374 1689 2445 ,Adelaide
1722 2375 2110 2430 conscendere.
2148 2375 2378 2429 Exstant
2427 2374 2585 2445 hujus
2618 2376 3065 2430 commutationis
3099 2376 3296 2429 litterae
3325 2392 3357 2429 a

168 2454 295 2499 etro
329 2443 633 2501 Venerabili
664 2444 863 2499 abbate
882 2443 1229 2498 Cluniacensi
1254 2444 1365 2515 (2i)
1392 2444 1539 2513 (nam
1563 2444 1706 2498 illius
1736 2460 1797 2499 ea
1829 2461 1916 2500 res
1950 2447 2235 2513 intererat)
2261 2459 2404 2499 anno
2428 2443 2722 2499 Dominica:
2755 2445 3158 2501 lucarnationis
3190 2445 3357 2499 mille-

116 2515 272 2571 simo
302 2518 599 2575 centesimo
635 2515 912 2587 tricesimo
946 2515 1110 2587 tertio
1142 2515 1304 2571 datae.
1328 2516 1620 2587 'Absolntis
1652 2529 1819 2583 porro
1847 2525 1961 2569 tum
1992 2515 2118 2570 aliis
2150 2516 2646 2587 adbabitatioucm
2678 2516 2947 2587 tedificiis,
2976 2515 3203 2587 tnmiad
3235 2531 3357 2584 pre-

116 2600 218 2640 ces
254 2596 311 2639 et
337 2586 678 2665 vota_tcmpli
725 2584 1062 2665 structuris,_
1090 2584 1537 2665 percommodum
1581 2600 1722 2665 sane
1760 2587 1983 2650 accidit,
2019 2595 2129 2665 tam
2178 2586 2247 2665 ad
2283 2585 2541 2653 majorem
2578 2586 2726 2665 regis.
2764 2601 2827 2640 ac
2872 2586 3074 2665 regina:
3110 2586 3355 2665 laetitiam

116 2666 295 2722 atque
329 2657 769 2719 exsultationem,
800 2669 962 2723 qnam
996 2654 1064 2725 ad
1098 2654 1268 2725 ipsius
1301 2654 1868 2725 solemnitatis_longe
1903 2655 2347 2725 augustissimam
2381 2664 2437 2709 et
2479 2654 2878 2710 sanctissimam
2908 2654 3354 2716 celebrationem,

118 2737 184 2797 nt
223 2726 500 2797 Eugenius
534 2725 596 2779 ΙΙΙ
638 2722 878 2797 pontifex
918 2724 970 2777 in
1018 2722 1193 2797 Gallia
1227 2722 2008 2797 diversaretnrtNam:regis
2053 2724 2535 2797 Christianissimi,
2573 2735 2626 2797 et
2680 2727 3032 2797 pientissinia:
3079 2726 3359 2797 Adelaidis

118 2792 359 2850 invitatu
395 2792 653 2864 templum
687 2795 819 2849 illud
854 2810 1049 2847 novum
1089 2793 1348 2863 legitimis
1365 2792 1703 2849 caeremoniis
1726 2792 2023 2861 dedicavit,
2051 2805 2105 2849 et
2134 2795 2236 2849 sibi
2260 2796 2325 2849 ad
2354 2810 2505 2848 aram
2538 2792 2837 2864 principem
2869 2795 3114 2859 facienti,
3142 2796 3197 2849 S.
3224 2796 3357 2849 Ber-

120 2868 362 2921 nardnm
398 2863 645 2920 abbatem
682 2864 1148 2935 Claravalleiisein
1188 2866 1595 2935 proidiacouo,
1626 2863 1850 2919 Petrum
1892 2864 2270 2920 Venerabilem
2311 2863 2598 2935 przesuleni
2640 2864 3065 2921 Cluniacensem
3096 2881 3195 2932 pro
3226 2867 3357 2920 sub-

119 2937 371 2991 diacouo
400 2938 807 2990 ministraturos
837 2934 1157 3006 assumpsit.
1190 2936 1270 2989 Ac
1303 2934 1617 2989 Bernardus
1652 2937 1875 3004 quidem
1913 2935 2060 2989 illam
2094 2935 2266 3006 ipsam
2304 2934 2566 3003 tunicam,
2595 2950 2701 3006 qua
2732 2949 2845 2989 tum
2888 2939 3060 2989 sacris
3096 2946 3357 3004 operatus

116 3017 268 3074 erat,
313 3022 343 3061 e
378 3007 480 3061 tela
526 3016 785 3071 argentea
818 3004 1147 3069 confectam,
1180 3006 1421 3074 ejusdem
1471 3007 1809 3060 monasterio
1857 3021 2052 3059 munus
2094 3005 2333 3073 reliquit.
2369 3006 2503 3070 Qua:
2555 3004 2629 3059 ibi
2673 3017 2877 3060 sanctae
2906 3008 3106 3075 regina:
3137 3007 3355 3073 gaudia,

115 3077 217 3144 qui
264 3076 513 3147 plausus,
552 3077 643 3142 qui
686 3075 971 3147 triumphi,
996 3078 1175 3147 rebus
1222 3076 1618 3147 omnibns_taiii
1649 3089 1681 3128 e
1722 3087 1850 3133 voto
1879 3087 2141 3145 tanquam
2173 3092 2241 3147 ex
2270 3076 2437 3147 animi
2478 3079 2749 3131 sententia
2797 3078 3085 3137 confectis,
3118 3075 3355 3147 fuerint,

114 3142 505 3215 quis'dicendo
535 3142 957 3214 exprimatTEx
991 3145 1085 3199 illo
1114 3146 1281 3217 igitur
1316 3142 1793 3217 itarefrequenter
1820 3149 1888 3201 ad
1924 3142 2145 3200 beatum
2181 3146 2333 3200 illum
2356 3145 2559 3215 locum,
2587 3162 2685 3201 nec
2714 3162 2951 3217 unquam
2983 3160 3207 3215 aspectu
3235 3146 3357 3200 cnl-

115 3227 291 3288 tnque
317 3227 521 3272 sancta:
566 3217 709 3288 illius
744 3226 927 3288 terrae,
962 3230 1083 3288 quae
1130 3215 1348 3285 patroni
1388 3215 1472 3269 sui
1524 3216 1769 3288 Dionysii
1819 3218 2204 3288 sociorumque
2246 3215 2899 3288 martyrumsanguinem
2948 3218 3117 3288 sexit,
3143 3218 3352 3273 satiari.

116 3286 377 3357 Denique
401 3296 528 3359 post
562 3286 872 3359 cliarissimi
902 3286 1083 3359 mariti
1110 3301 1398 3359 excessum
1430 3292 1624 3359 cuncta
1656 3286 1731 3341 illi
1756 3288 1957 3359 palatia
1994 3286 2234 3359 przeillo
2262 3286 2652 3359 uiiocteiiobio
2685 3286 2949 3342 Sorduere
2984 3300 2997 3335 ε
3028 3287 3101 3339 ibi
3134 3288 3356 3341 viduita-

115 3368 233 3428 tem
269 3356 422 3411 snaiii
452 3372 695 3423 sacrare,
727 3357 799 3409 ibi
830 3365 999 3428 totam
1036 3356 1294 3425 deinceps
1320 3357 1485 3409 vitam
1519 3356 1767 3424 exigere,
1792 3358 1880 3428 ibi
1906 3357 2047 3412 mori
2078 3366 2134 3412 et
2149 3356 2386 3428 _sepeliri
2408 3358 2594 3426 elegit.

189 3427 303 3482 Nec
332 3440 622 3496 parentum
650 3429 909 3481 virtutem
939 3426 1077 3481 inse
1109 3428 1413 3482 desiderari
1456 3440 1648 3495 passus
1683 3439 1768 3482 est
1789 3426 2101 3483 Ludovicus
2140 3425 2366 3484 Juiiior:
2396 3425 2571 3495 quiin
2616 3436 2820 3482 terram
2858 3434 3107 3481 sanctam
3150 3440 3357 3496 parans

115 3500 527 3566 expeditionem
565 3501 767 3569 (annus
808 3508 929 3551 erat
954 3497 1171 3569 salutis
1212 3506 1428 3569 illOSll‘tB
1477 3496 1805 3569 millesimus
1844 3499 2179 3553 centesimus
2221 3500 2675 3568 quadragesimus
2714 3496 3000 3567 septimus)
3040 3512 3355 3565 pinusqoani

116 3583 294 3638 regno
338 3567 646 3632 excederet,
675 3569 742 3621 ad
788 3567 964 3621 sancti
987 3568 1245 3639 Dionysii
1287 3567 1527 3639 secunda
1578 3577 1701 3635 post
1751 3567 2115 3622 Pciitecosten
2155 3567 2492 3622 hebdomade
2543 3570 2799 3635 accessit,
2825 3584 2855 3621 a
2896 3583 3003 3636 quo
3031 3577 3083 3621 et
3114 3582 3273 3639 opem
3303 3576 3356 3620 et

115 3637 436 3693 discedendi
467 3639 783 3709 facultatem
818 3637 1047 3705 expetiit
1072 3654 1085 3693 :
1113 3652 1222 3709 quo
1252 3639 1417 3692 etiam
1452 3638 1509 3691 in
1540 3638 1741 3707 templo
1771 3655 1986 3693 sacrum
2021 3639 2280 3692 vexillum
2317 3652 2384 3691 ex
2416 3654 2568 3693 more
2604 3639 2756 3705 regio
2796 3652 3059 3709 perquam
3095 3637 3355 3709 reveren-

114 3710 463 3781 ter__acc_epi_t.
497 3708 641 3775 Quin
670 3718 724 3764 et
750 3710 921 3776 patris
955 3707 1538 3781 exemplniirsecntus,
1570 3722 1733 3781 sacro
1761 3709 1822 3781 1}.
1853 3709 2096 3781 Dionysii
2138 3710 2368 3774 feretro,
2402 3710 2529 3781 dum
2564 3707 2977 3781 reconderetur,
3013 3708 3355 3781 succollavit.

193 3776 379 3850 519’
398 3777 713 3851 Philippum
744 3792 877 3831 vero
908 3776 1247 3851 Augustum,
1272 3777 1435 3846 hujus
1474 3776 1733 3851 Ludovici
1763 3776 2011 3833 Junioris
2044 3780 2236 3842 lilium,
2274 3782 2397 3846 quis
2426 3778 2514 3851 hic
2548 3786 2663 3832 sine
2692 3779 2895 3847 ﬂagitio
2929 3779 3208 3846 praeterire
3240 3793 3357 3846 pos-

113 3849 225 3905 sit?
259 3849 360 3904 llic
392 3852 540 3903 enim
565 3849 749 3903 multis
785 3860 1074 3917 parentum
1104 3849 1358 3916 precibus
1398 3857 1525 3919 post
1565 3849 1844 3916 copiosam
1879 3851 2106 3904 alterius
2136 3864 2303 3903 sexus
2331 3849 2571 3919 sobolem
2604 3865 2633 3902 a
2670 3852 2779 3902 Deo
2810 3851 3157 3919 impetratos,
3186 3860 3241 3919 et
3267 3861 3357 3903 vix

114 3922 396 3976 decimum
429 3921 687 3988 quintum
721 3920 999 3989 ingressus
1033 3934 1233 3971 aniinin
1274 3917 1491 3972 vivente
1520 3926 1575 3989 et
1604 3922 1824 3975 volente
1856 3931 2037 3989 patre,
2075 3920 2225 3988 regni
2256 3918 2641 3986 gubernaculis
2682 3920 2936 3989 admotus
2966 3934 3087 3971 cum
3134 3917 3355 3989 fuisset,

113 3992 411 4047 confestim
444 3987 639 4058 magna
674 3990 728 4044 in
762 3987 932 4041 Deum
954 3990 1193 4058 pietatis,
1223 4004 1417 4056 magna
1456 3991 1509 4041 in
1546 3987 1873 4060 Dionysium
1895 3987 2262 4043 venerationis
2293 3990 2590 4060 specimiiia
2631 3990 2795 4042 edere
2826 3988 3037 4057 incipit.
3069 3989 3229 4060 Anno
3260 3987 3358 4056 igi-

115 4070 213 4115 tur
257 4062 468 4116 Domiui
500 4057 787 4115 millesimo
819 4057 1121 4113 centesimo
1153 4061 1537 4125 nonagesimo,
1572 4057 1698 4128 ipsa
1719 4061 1806 4114 die
1844 4062 2017 4114 sancti
2051 4060 2279 4114 Joannis
2328 4059 2589 4128 Baptistae
2617 4073 2775 4114 sacra
2807 4059 2885 4127 (id
2928 4059 3068 4126 quod
3102 4057 3193 4109 diu
3229 4067 3358 4111 ante

114 4146 233 4201 pra:
261 4147 321 4186 se
348 4132 574 4196 tulerat,
608 4140 663 4186 et
687 4131 894 4201 diutius
927 4130 1273 4201 cnmgauimo
1302 4145 1398 4183 suo
1416 4130 1765 4201 volverat_ac
1794 4132 2210 4200 concupiverat;
2252 4132 2397 4183 serio
2430 4131 2656 4199 aggredi
2711 4128 3110 4195 expeditionem
3146 4130 3199 4181 in
3242 4136 3356 4201 ter-

113 4198 233 4257 iam
271 4211 525 4261 sanctam
544 4216 691 4257 nunc
717 4200 1032 4273 institueris,
1065 4199 1120 4251 in
1148 4202 1407 4268 Oppidum
1443 4201 1619 4254 sancti
1662 4198 1929 4273 Dionysii,
1961 4198 2083 4273 eum
2117 4202 2470 4254 iiivocatnrus
2494 4198 2789 4273 patronum
2822 4207 2886 4273 et
2923 4201 3115 4273 duceni
3169 4198 3358 4265 prtesi-

114 4274 353 4343 demque
384 4273 536 4338 belli,
565 4286 626 4326 se
656 4271 909 4343 contulit.
942 4269 1018 4323 lbi
1054 4267 1200 4343 vero
1214 4267 1403 4325 coram
1452 4272 1626 4324 sacris
1659 4270 1779 4338 ejus
1803 4267 1869 4343 'et
1904 4272 2189 4343 sociorunr
2213 4284 2436 4323 suorum
2491 4267 2700 4323 Rustici
2732 4278 2786 4322 et
2814 4267 3114 4343 Elentlierii
3161 4283 3358 4343 corpo-

116 4339 282 4397 ribus
305 4356 618 4399 marmoreo
652 4340 707 4395 in
740 4342 1053 4411 pavimento
1084 4340 1367 4393 humiliter
1407 4351 1736 4409 prostratus,
1777 4342 2030 4395 ardentes
2064 4346 2133 4395 ad
2163 4340 2345 4411 Deum
2383 4343 2649 4409 optimum
2683 4342 2979 4393 maxim-ani
3016 4354 3205 4411 preces
3236 4339 3358 4391 fnu-

116 4415 271 4475 dere,
307 4424 471 4482 atque
504 4413 580 4466 illi
611 4421 665 4484 et
692 4409 866 4484 beata:
896 4411 1128 4484 Virgini,
1161 4420 1215 4484 et
1245 4411 1397 4466 hisce
1424 4412 1604 4484 beatis
1631 4414 1964 4483 martyribus
1994 4421 2157 4484 atque
2186 4410 2437 4465 omnibus
2458 4412 2681 4484 sanctis
2726 4411 3046 4477 suppliciter
3074 4409 3357 4484 enixeque

116 4481 540 4538 commendare:
577 4483 699 4537 dein
739 4481 999 4552 la_crymis
1055 4481 1306 4551 perfusus
1334 4496 1363 4534 a
1395 4482 1710 4550 precatione
1769 4481 2016 4552 Surgere,
2063 4481 2119 4535 et
2155 4490 2396 4551 sportam
2454 4481 2819 4549 baculumque
2870 4482 3354 4548 peregrinationis,

115 4556 435 4623 porrigente
454 4553 744 4609 Guilielmo
774 4550 1073 4605 Rheinensi
1106 4552 1538 4621 archiepiscopo,
1576 4552 1843 4605 avunculo
1874 4550 2004 4617 'suo,
2050 4550 2361 4621 apostolica:
2390 4552 2533 4606 sedis
2564 4552 2772 4622 legato,
2797 4564 2921 4604 cum
2957 4564 3154 4621 magno
3186 4552 3357 4620 pieta-

116 4625 191 4678 tis
219 4638 382 4677 seusn
405 4624 683 4692 accipere;
720 4630 834 4675 tnin
868 4625 1032 4677 etiam
1073 4623 1201 4676 bina
1234 4623 1435 4676 vexilla
1470 4623 1689 4691 egregie
1708 4635 1991 4692 apparata,
2023 4637 2143 4691 quae
2173 4637 2346 4694 supra
2402 4633 2718 4676 sanctorum
2741 4629 3071 4694 __iii_artyrniii
3126 4634 3357 4690 corpora

116 4698 227 4749 lixa
262 4707 442 4761 erant,
472 4691 587 4748 suis
622 4695 875 4747 manibus
912 4694 1143 4761 religere
1166 4706 1239 4763 ac
1264 4694 1485 4748 tollere:
1517 4691 1757 4761 denique
1782 4704 1905 4763 post
1934 4692 2277 4763 expostulata
2318 4707 2348 4745 a
2384 4694 2644 4746 fratribus
2676 4691 2943 4763 religiosis
2977 4694 3357 4759 preeationum

114 4764 381 4829 subsidia,
418 4772 475 4817 et
524 4772 643 4833 post
676 4772 951 4830 acceptam
989 4764 1129 4817 elavi
1160 4762 1456 4829 Dominici,
1487 4773 1544 4817 et
1569 4761 2044 4831 spiiieiecoronte,
2078 4774 2153 4833 et
2196 4763 2408 4818 brachii
2466 4765 2640 4818 sancti
2691 4761 2967 4817 Simeouis
3005 4775 3166 4833 (quas
3201 4763 3255 4815 Eii
3291 4774 3359 4814 eo.

117 4835 369 4887 emnobio
402 4832 831 4901 pretiosissimas
864 4844 1083 4887 servant
1112 4835 1392 4903 reliquias)
1425 4836 1860 4891 benediCtiouem
1890 4832 2205 4899 abscedere,
2249 4842 2414 4902 atque
2463 4835 2570 4888 iter
2600 4849 2697 4904 pro
2727 4833 3105 4903 ampliticanda
3137 4832 3355 4901 religio-

118 4907 206 4958 nis
234 4906 556 4961 Chi'istiaua:
608 4904 780 4973 gloria
822 4917 918 4956 rex
950 4905 1451 4959 christianissimus
1499 4914 1799 4960 maturare.
1847 4905 2132 4972 Perruptis
2183 4906 2413 4974 proinde
2462 4903 2717 4958 omnibus
2761 4918 3035 4957 morarum
3066 4914 3122 4957 et
3148 4903 3354 4955 dilatio-

117 4990 247 5029 num
277 4976 480 5039 causis,
513 4990 682 5046 anno
696 4975 968 5046 proximo,
1006 4975 1118 5042 ipsa
1154 4976 1294 5030 sacri
1328 4975 1609 5029 l’aschatis
1632 4976 1813 5044 vigilia
1856 4990 1953 5046 pro
1984 4976 2158 5046 inuris
2208 4976 2453 5046 Acconis
2474 4976 2625 5046 nrbis
2671 4977 2833 5046 totius
2859 4974 3161 5046 Patiestiute
3186 4974 3355 5025 multo

116 5046 520 5108 iiinnitissiuiw,
558 5044 891 5098 Christianis
920 5057 1038 5097 eam
1069 5046 1466 5110 obsidentibus,
1498 5047 1593 5099 sed
1626 5046 1762 5101 ninil
1799 5044 2089 5100 admodum
2122 5059 2312 5098 contra
2370 5044 2608 5097 Saladini
2643 5045 2789 5099 vires
2822 5054 2877 5098 et
2908 5044 3010 5099 loci
3045 5058 3354 5113 propugna-

119 5117 238 5169 cula
269 5115 697 5185 proﬁcientibus,
729 5126 993 5185 tanquam
1053 5116 1277 5185 angelus
1313 5117 1523 5169 Domini
1558 5117 1752 5181 astitit,
1790 5128 1846 5171 et
1880 5116 2009 5169 dato
2042 5114 2156 5167 suis
2201 5128 2384 5171 animo
2418 5116 2497 5166 sic
2528 5128 2842 5184 Oppugnare
2892 5118 3122 5169 adnisus
3154 5127 3260 5175 est,
3298 5125 3356 5167 ut

119 5185 195 5257 illi
230 5182 334 5238 non
368 5195 683 5254 exspectato
706 5182 1059 5257 Francorum
1100 5182 1304 5240 insulto
1350 5187 1482 5257 (jam
1510 5189 1655 5241 enim
1710 5189 1981 5256 patefacta
2013 5190 2099 5237 via
2127 5185 2268 5253 erat)
2298 5184 2495 5257 dedere
2528 5182 2587 5237 se
2608 5182 2907 5257 ‘iiialentes,
2939 5200 3101 5257 quam
3149 5185 3354 5253 perire,

120 5256 217 5309 bas
251 5256 539 5309 deditionis
574 5255 916 5310 conditiones
950 5257 1303 5321 admiserint;
1339 5254 1593 5311 ntveram
1630 5254 1843 5311 Domitii
1875 5271 2115 5319 crucem,
2141 5270 2303 5323 quam
2336 5254 2571 5308 habebat
2596 5256 2906 5318 Saladinus,
2942 5256 3259 5309 redderent:
3298 5269 3356 5308 ut

117 5339 305 5379 omnes
336 5327 697 5387 Christianos,
730 5339 865 5394 quos
899 5327 953 5378 in
987 5329 1147 5380 terris
1169 5328 1280 5381 suis
1311 5328 1556 5397 captivos
1587 5328 1923 5391 detinebant,
1972 5327 2323 5397 restituerent
2354 5340 2369 5377 :
2406 5325 2509 5392 ipsi
2552 5341 2677 5379 vero
2712 5328 2888 5397 salvis
2922 5333 3128 5397 tantum
3159 5340 3354 5397 corpof

122 5400 269 5449 riuus
302 5398 420 5452 sine
456 5398 624 5449 armis
647 5396 767 5448 ullis
801 5398 1145 5451 excederent.
1172 5398 1229 5452 lu
1265 5395 1483 5465 gravem
1516 5408 1636 5467 post
1670 5400 1787 5452 hate
1818 5403 2065 5452 morbum
2110 5395 2390 5462 Philippus
2425 5411 2548 5449 cum
2578 5396 2881 5461 incidisset,
2927 5395 3155 5463 aliaeque
3189 5396 3353 5450 simul

119 5469 320 5521 reditus
352 5482 531 5522 causa:
578 5467 991 5531 intercederent,
1032 5469 1084 5521 in
1116 5467 1401 5524 Franciaiu
1437 5466 1713 5533 reversus,
1748 5469 1883 5523 nihil
1912 5468 2101 5522 habuit
2156 5468 2449 5537 antiquius,
2504 5482 2668 5535 quam
2712 5478 2773 5521 ut
2819 5466 3105 5520 confestim
3139 5468 3207 5520 ad
3234 5471 3355 5519 bea-
3433 5529 3440 5537 _

119 5540 308 5592 tissimi
352 5537 595 5611 Dionysii
628 5538 797 5611 aedem
831 5540 1099 5611 orationis
1128 5556 1291 5597 causa
1335 5542 1757 5611 deprOperaret:
1800 5542 1887 5596 cui
1918 5543 2234 5596 adventanti
2263 5540 2382 5609 ejus
2412 5540 2647 5599 cmiiobii
2698 5538 2935 5607 religiosi
2965 5553 3071 5591 una
3099 5553 3221 5611 cum
3257 5540 3353 5591 ab-
3442 5556 3451 5603 '_

118 5612 243 5683 bete
273 5624 373 5683 suo
402 5608 649 5675 Hngoue,
688 5608 983 5683 ilacta,gnt
1010 5609 1231 5683 Rigordi
1266 5608 1448 5667 verbis
1488 5608 1614 5666 utar
1644 5613 1781 5683 (22),
1818 5613 2209 5682 processione,i
2249 5608 2465 5666 obviam
2497 5612 2665 5674 ivere,
2690 5624 2925 5681 eumque
2958 5623 3083 5683 cum
3135 5610 3351 5681 hymnis
3445 5625 3458 5669 ξ

118 5689 171 5733 et
197 5681 443 5734 laudibus
477 5684 529 5733 in
554 5682 809 5748 templum
834 5681 1112 5752 induxere.
1137 5680 1249 5736 Rex
1282 5694 1461 5737 autem
1495 5696 1622 5739 ante
1649 5680 1963 5739 Sanctorum
1991 5696 2218 5752 corpora
2255 5682 2533 5736 humiliter
2568 5680 2895 5752 prostratus,
2929 5682 3105 5751 primo
3134 5680 3350 5749 quidem

124 5760 346 5820 quantas
381 5752 557 5826 potuit
588 5752 854 5803 maximas
880 5748 990 5826 Deo
1038 5752 1320 5824 beatisqne
1362 5758 1719 5826 martyribus,
1753 5769 1984 5823 quorum
2012 5748 2115 5821 ope
2140 5762 2218 5807 tot
2262 5767 2325 5826 ac
2355 5758 2520 5806 tantis
2550 5748 3015 5826 defunctusesSet
3066 5748 3349 5821 periculis,

120 5834 320 5894 gratias
345 5822 462 5891 egit
488 5837 502 5876 :
541 5829 654 5877 tum
682 5834 812 5875 vero
833 5821 1056 5894 pallium
1082 5821 1342 5892 sericum,
1372 5821 1573 5883 amoris
1618 5830 1699 5883 sui
1739 5821 1952 5897 pignus,
1987 5826 2144 5879 altari
2179 5825 2467 5880 anathema
2503 5827 2775 5893 imposuit.
2818 5824 3013 5885 Verum
3044 5839 3155 5895 quo
3186 5836 3352 5880 testa-
