  <div class='ocr_page' id='page_1' title='image "/cluster/home/n/w/nwhite01/storage/ocr_20150623/4/hvd.32044014713200/448.png"; bbox 0 0 3882 6542; ppageno 0'>
   <div class='ocr_carea' id='block_1_1' title="bbox 81 445 191 501">
    <p class='ocr_par' dir='ltr' id='par_1_1' title="bbox 81 445 191 501">
     <span class='ocr_line' id='line_1_1' title="bbox 81 445 191 501; baseline 0.018 -2"><span class='ocrx_word' id='word_1_1' title='bbox 81 445 191 501; x_wconf 77' lang='grc'><strong>861</strong></span> 
     </span>
    </p>
   </div>
   <div class='ocr_carea' id='block_1_2' title="bbox 1002 444 2268 515">
    <p class='ocr_par' dir='ltr' id='par_1_2' title="bbox 1002 444 2268 515">
     <span class='ocr_line' id='line_1_2' title="bbox 1002 444 2268 515; baseline -0.002 -13"><span class='ocrx_word' id='word_1_2' title='bbox 1002 447 1191 515; x_wconf 67' lang='lat' dir='ltr'><strong>VITA,</strong></span> <span class='ocrx_word' id='word_1_3' title='bbox 1219 445 1422 503; x_wconf 81' lang='lat' dir='ltr'><strong>AUCT.</strong></span> <span class='ocrx_word' id='word_1_4' title='bbox 1458 444 1519 505; x_wconf 83' lang='lat' dir='ltr'><strong>P.</strong></span> <span class='ocrx_word' id='word_1_5' title='bbox 1556 445 1856 502; x_wconf 80' lang='lat' dir='ltr'><strong>HALLOIX</strong></span> <span class='ocrx_word' id='word_1_6' title='bbox 1899 446 2048 505; x_wconf 85' lang='lat' dir='ltr'><strong>SOC.</strong></span> <span class='ocrx_word' id='word_1_7' title='bbox 2083 447 2268 502; x_wconf 80' lang='lat' dir='ltr'><strong>JESU.</strong></span> 
     </span>
    </p>
   </div>
   <div class='ocr_carea' id='block_1_3' title="bbox 3215 447 3319 503">
    <p class='ocr_par' dir='ltr' id='par_1_3' title="bbox 3215 447 3319 503">
     <span class='ocr_line' id='line_1_3' title="bbox 3215 447 3319 503; baseline -0.029 0"><span class='ocrx_word' id='word_1_8' title='bbox 3215 447 3319 503; x_wconf 76' lang='lat'><strong>863</strong></span> 
     </span>
    </p>
   </div>
   <div class='ocr_carea' id='block_1_4' title="bbox 79 559 3319 636">
    <p class='ocr_par' dir='ltr' id='par_1_4' title="bbox 79 559 3319 636">
     <span class='ocr_line' id='line_1_4' title="bbox 79 559 3319 636; baseline 0.001 -22"><span class='ocrx_word' id='word_1_9' title='bbox 79 576 401 636; x_wconf 66' lang='lat' dir='ltr'><strong>cessurum.</strong></span> <span class='ocrx_word' id='word_1_10' title='bbox 426 561 570 616; x_wconf 78' lang='lat' dir='ltr'><strong>Dixit</strong></span> <span class='ocrx_word' id='word_1_11' title='bbox 604 564 782 618; x_wconf 86' lang='lat' dir='ltr'><strong>etiam</strong></span> <span class='ocrx_word' id='word_1_12' title='bbox 811 563 873 636; x_wconf 82' lang='lat' dir='ltr'><strong>S.</strong></span> <span class='ocrx_word' id='word_1_13' title='bbox 919 564 1254 636; x_wconf 85' lang='lat' dir='ltr'><strong>Dominicus,</strong></span> <span class='ocrx_word' id='word_1_14' title='bbox 1287 565 1379 619; x_wconf 90' lang='lat' dir='ltr'><strong>ille</strong></span> <span class='ocrx_word' id='word_1_15' title='bbox 1407 565 1652 619; x_wconf 84' lang='lat' dir='ltr'><strong>Domini-</strong></span> <span class='ocrx_word' id='word_1_16' title='bbox 1685 573 1726 630; x_wconf 73' lang='grc' dir='ltr'>Α</span> <span class='ocrx_word' id='word_1_17' title='bbox 1757 565 1915 636; x_wconf 84' lang='lat' dir='ltr'><strong>gandi</strong></span> <span class='ocrx_word' id='word_1_18' title='bbox 1969 574 2152 636; x_wconf 80' lang='lat' dir='ltr'><strong>tamen</strong></span> <span class='ocrx_word' id='word_1_19' title='bbox 2194 561 2551 636; x_wconf 78' lang='lat' dir='ltr'><strong>Floriacensis</strong></span> <span class='ocrx_word' id='word_1_20' title='bbox 2599 560 2861 636; x_wconf 66' lang='lat' dir='ltr'><strong>monachi</strong></span> <span class='ocrx_word' id='word_1_21' title='bbox 2923 559 3319 636; x_wconf 47' lang='lat' dir='ltr'><strong>etuscriptoris</strong></span> 
     </span>
    </p>
   </div>
   <div class='ocr_carea' id='block_1_5' title="bbox 78 632 1657 704">
    <p class='ocr_par' dir='ltr' id='par_1_5' title="bbox 78 632 1657 704">
     <span class='ocr_line' id='line_1_5' title="bbox 78 632 1657 704; baseline 0.005 -22"><span class='ocrx_word' id='word_1_22' title='bbox 78 647 247 704; x_wconf 75' lang='lat' dir='ltr'><strong>cana</strong></span> <span class='ocrx_word' id='word_1_23' title='bbox 275 632 530 704; x_wconf 81' lang='lat' dir='ltr'><strong>fundator</strong></span> <span class='ocrx_word' id='word_1_24' title='bbox 559 643 613 687; x_wconf 88' lang='lat' dir='ltr'><strong>et</strong></span> <span class='ocrx_word' id='word_1_25' title='bbox 641 642 793 702; x_wconf 81' lang='lat' dir='ltr'><strong>pater</strong></span> <span class='ocrx_word' id='word_1_26' title='bbox 828 635 1067 699; x_wconf 81' lang='lat' dir='ltr'><strong>familia,</strong></span> <span class='ocrx_word' id='word_1_27' title='bbox 1099 646 1264 701; x_wconf 88' lang='lat' dir='ltr'><strong>atque</strong></span> <span class='ocrx_word' id='word_1_28' title='bbox 1293 637 1431 690; x_wconf 89' lang='lat' dir='ltr'><strong>adeo</strong></span> <span class='ocrx_word' id='word_1_29' title='bbox 1453 651 1566 704; x_wconf 80' lang='lat' dir='ltr'><strong>pra</strong></span> <span class='ocrx_word' id='word_1_30' title='bbox 1595 651 1657 690; x_wconf 88' lang='lat' dir='ltr'><strong>se</strong></span> 
     </span>
    </p>
   </div>
   <div class='ocr_carea' id='block_1_6' title="bbox 82 701 1652 774">
    <p class='ocr_par' dir='ltr' id='par_1_6' title="bbox 82 701 1652 774">
     <span class='ocr_line' id='line_1_6' title="bbox 82 701 1652 774; baseline 0.004 -22"><span class='ocrx_word' id='word_1_31' title='bbox 82 702 241 774; x_wconf 82' lang='lat' dir='ltr'><strong>tulit,</strong></span> <span class='ocrx_word' id='word_1_32' title='bbox 283 716 347 756; x_wconf 86' lang='lat' dir='ltr'><strong>ac</strong></span> <span class='ocrx_word' id='word_1_33' title='bbox 395 701 726 774; x_wconf 34' lang='lat' dir='ltr'><strong>rebusip&#39;sis</strong></span> <span class='ocrx_word' id='word_1_34' title='bbox 762 705 1022 770; x_wconf 87' lang='lat' dir='ltr'><strong>ostendit,</strong></span> <span class='ocrx_word' id='word_1_35' title='bbox 1063 705 1196 758; x_wconf 86' lang='lat' dir='ltr'><strong>nihil</strong></span> <span class='ocrx_word' id='word_1_36' title='bbox 1247 721 1306 760; x_wconf 89' lang='lat' dir='ltr'><strong>se</strong></span> <span class='ocrx_word' id='word_1_37' title='bbox 1349 701 1590 774; x_wconf 83' lang='lat' dir='ltr'><strong>unquam</strong></span> <span class='ocrx_word' id='word_1_38' title='bbox 1622 720 1652 758; x_wconf 87' lang='lat' dir='ltr'><strong>a</strong></span> 
     </span>
    </p>
   </div>
   <div class='ocr_carea' id='block_1_7' title="bbox 81 772 1654 844">
    <p class='ocr_par' dir='ltr' id='par_1_7' title="bbox 81 772 1654 844">
     <span class='ocr_line' id='line_1_7' title="bbox 81 772 1654 844; baseline 0.003 -20"><span class='ocrx_word' id='word_1_39' title='bbox 81 772 321 844; x_wconf 81' lang='lat' dir='ltr'><strong>Domino</strong></span> <span class='ocrx_word' id='word_1_40' title='bbox 361 772 670 840; x_wconf 88' lang='lat' dir='ltr'><strong>poposcisse</strong></span> <span class='ocrx_word' id='word_1_41' title='bbox 707 775 836 844; x_wconf 92' lang='lat' dir='ltr'><strong>quin</strong></span> <span class='ocrx_word' id='word_1_42' title='bbox 870 777 1264 843; x_wconf 90' lang='lat' dir='ltr'><strong>impetraverit.</strong></span> <span class='ocrx_word' id='word_1_43' title='bbox 1309 775 1387 844; x_wconf 86' lang='lat' dir='ltr'><strong>Ac</strong></span> <span class='ocrx_word' id='word_1_44' title='bbox 1437 772 1504 829; x_wconf 83' lang='lat' dir='ltr'><strong>ne</strong></span> <span class='ocrx_word' id='word_1_45' title='bbox 1565 775 1654 829; x_wconf 91' lang='lat' dir='ltr'><strong>cui</strong></span> 
     </span>
    </p>
   </div>
   <div class='ocr_carea' id='block_1_8' title="bbox 81 842 1655 909">
    <p class='ocr_par' dir='ltr' id='par_1_8' title="bbox 81 842 1655 909">
     <span class='ocr_line' id='line_1_8' title="bbox 81 842 1655 909; baseline 0.003 -15"><span class='ocrx_word' id='word_1_46' title='bbox 81 842 258 896; x_wconf 87' lang='lat' dir='ltr'><strong>nimis</strong></span> <span class='ocrx_word' id='word_1_47' title='bbox 289 845 402 897; x_wconf 86' lang='lat' dir='ltr'><strong>hac</strong></span> <span class='ocrx_word' id='word_1_48' title='bbox 429 844 564 897; x_wconf 90' lang='lat' dir='ltr'><strong>mira</strong></span> <span class='ocrx_word' id='word_1_49' title='bbox 595 842 900 909; x_wconf 83' lang='lat' dir='ltr'><strong>videantur,</strong></span> <span class='ocrx_word' id='word_1_50' title='bbox 935 842 1110 909; x_wconf 89' lang='lat' dir='ltr'><strong>ipsum</strong></span> <span class='ocrx_word' id='word_1_51' title='bbox 1141 845 1308 898; x_wconf 84' lang='lat' dir='ltr'><strong>divini</strong></span> <span class='ocrx_word' id='word_1_52' title='bbox 1355 843 1655 898; x_wconf 76' lang='lat' dir='ltr'><strong>Psalmista</strong></span> 
     </span>
    </p>
   </div>
   <div class='ocr_carea' id='block_1_9' title="bbox 81 912 915 968">
    <p class='ocr_par' dir='ltr' id='par_1_9' title="bbox 81 912 915 968">
     <span class='ocr_line' id='line_1_9' title="bbox 81 912 915 968; baseline 0.005 -4"><span class='ocrx_word' id='word_1_53' title='bbox 81 912 417 967; x_wconf 78' lang='lat' dir='ltr'><strong>audiendum</strong></span> <span class='ocrx_word' id='word_1_54' title='bbox 441 921 524 967; x_wconf 91' lang='lat' dir='ltr'><strong>est</strong></span> <span class='ocrx_word' id='word_1_55' title='bbox 550 915 915 968; x_wconf 87' lang='lat' dir='ltr'><strong>testimonium</strong></span> 
     </span>
    </p>
   </div>
   <div class='ocr_carea' id='block_1_10' title="bbox 79 981 1654 1054">
    <p class='ocr_par' dir='ltr' id='par_1_10' title="bbox 79 981 1654 1054">
     <span class='ocr_line' id='line_1_10' title="bbox 79 981 1654 1054; baseline 0.004 -22"><span class='ocrx_word' id='word_1_56' title='bbox 79 993 252 1034; x_wconf 83' lang='lat' dir='ltr'><strong>tatem</strong></span> <span class='ocrx_word' id='word_1_57' title='bbox 300 981 462 1053; x_wconf 71' lang='lat'><strong>526</strong></span> <span class='ocrx_word' id='word_1_58' title='bbox 503 983 795 1037; x_wconf 74' lang='lat' dir='ltr'><strong>timentium</strong></span> <span class='ocrx_word' id='word_1_59' title='bbox 833 1001 888 1038; x_wconf 84' lang='lat' dir='ltr'><strong>se</strong></span> <span class='ocrx_word' id='word_1_60' title='bbox 919 985 1181 1052; x_wconf 38' lang='lat' dir='ltr'><strong>{acietget</strong></span> <span class='ocrx_word' id='word_1_61' title='bbox 1235 985 1654 1054; x_wconf 72' lang='lat' dir='ltr'><strong>deprecationem</strong></span> 
     </span>
    </p>
   </div>
   <div class='ocr_carea' id='block_1_11' title="bbox 77 1055 1650 1122">
    <p class='ocr_par' dir='ltr' id='par_1_11' title="bbox 77 1055 1650 1122">
     <span class='ocr_line' id='line_1_11' title="bbox 77 1055 1650 1122; baseline 0.002 -19"><span class='ocrx_word' id='word_1_62' title='bbox 77 1068 275 1104; x_wconf 83' lang='lat' dir='ltr'><strong>eorum</strong></span> <span class='ocrx_word' id='word_1_63' title='bbox 304 1055 574 1118; x_wconf 69' lang='lat' dir='ltr'><strong>exaudiet,</strong></span> <span class='ocrx_word' id='word_1_64' title='bbox 606 1066 652 1106; x_wconf 88' lang='lat' dir='ltr'><strong>et</strong></span> <span class='ocrx_word' id='word_1_65' title='bbox 686 1055 855 1108; x_wconf 81' lang='lat' dir='ltr'><strong>salvos</strong></span> <span class='ocrx_word' id='word_1_66' title='bbox 885 1055 1041 1122; x_wconf 72' lang='lat' dir='ltr'><strong>faciet</strong></span> <span class='ocrx_word' id='word_1_67' title='bbox 1067 1071 1177 1109; x_wconf 80' lang='lat' dir='ltr'><strong>eos.</strong></span> <span class='ocrx_word' id='word_1_68' title='bbox 1210 1055 1348 1121; x_wconf 83' lang='lat' dir='ltr'><strong>Quin</strong></span> <span class='ocrx_word' id='word_1_69' title='bbox 1376 1065 1429 1108; x_wconf 89' lang='lat' dir='ltr'><strong>et</strong></span> <span class='ocrx_word' id='word_1_70' title='bbox 1463 1063 1650 1108; x_wconf 86' lang='lat' dir='ltr'><strong>nostra</strong></span> 
     </span>
    </p>
   </div>
   <div class='ocr_carea' id='block_1_12' title="bbox 77 1122 1650 1190">
    <p class='ocr_par' dir='ltr' id='par_1_12' title="bbox 77 1122 1650 1190">
     <span class='ocr_line' id='line_1_12' title="bbox 77 1122 1650 1190; baseline 0.003 -18"><span class='ocrx_word' id='word_1_71' title='bbox 77 1135 260 1190; x_wconf 87' lang='lat' dir='ltr'><strong>prope</strong></span> <span class='ocrx_word' id='word_1_72' title='bbox 288 1131 446 1176; x_wconf 82' lang='lat' dir='ltr'><strong>atate</strong></span> <span class='ocrx_word' id='word_1_73' title='bbox 477 1122 534 1178; x_wconf 90' lang='lat' dir='ltr'><strong>S.</strong></span> <span class='ocrx_word' id='word_1_74' title='bbox 565 1123 823 1178; x_wconf 83' lang='lat' dir='ltr'><strong>Theresia</strong></span> <span class='ocrx_word' id='word_1_75' title='bbox 849 1125 1267 1178; x_wconf 84' lang='lat' dir='ltr'><strong>Carmelitarum</strong></span> <span class='ocrx_word' id='word_1_76' title='bbox 1295 1122 1650 1178; x_wconf 84' lang='lat' dir='ltr'><strong>discalceato-</strong></span> 
     </span>
    </p>
   </div>
   <div class='ocr_carea' id='block_1_13' title="bbox 77 1193 1648 1258">
    <p class='ocr_par' dir='ltr' id='par_1_13' title="bbox 77 1193 1648 1258">
     <span class='ocr_line' id='line_1_13' title="bbox 77 1193 1648 1258; baseline 0.002 -15"><span class='ocrx_word' id='word_1_77' title='bbox 77 1206 209 1243; x_wconf 88' lang='lat' dir='ltr'><strong>rum</strong></span> <span class='ocrx_word' id='word_1_78' title='bbox 254 1200 448 1258; x_wconf 89' lang='lat' dir='ltr'><strong>mater,</strong></span> <span class='ocrx_word' id='word_1_79' title='bbox 496 1194 600 1248; x_wconf 86' lang='lat' dir='ltr'><strong>sibi</strong></span> <span class='ocrx_word' id='word_1_80' title='bbox 646 1205 766 1247; x_wconf 85' lang='lat' dir='ltr'><strong>esse</strong></span> <span class='ocrx_word' id='word_1_81' title='bbox 809 1208 839 1248; x_wconf 85' lang='lat' dir='ltr'><strong>a</strong></span> <span class='ocrx_word' id='word_1_82' title='bbox 885 1194 1114 1249; x_wconf 90' lang='lat' dir='ltr'><strong>Domino</strong></span> <span class='ocrx_word' id='word_1_83' title='bbox 1145 1194 1446 1248; x_wconf 88' lang='lat' dir='ltr'><strong>revelatum</strong></span> <span class='ocrx_word' id='word_1_84' title='bbox 1491 1193 1648 1255; x_wconf 81' lang='lat' dir='ltr'><strong>dixit,</strong></span> 
     </span>
    </p>
   </div>
   <div class='ocr_carea' id='block_1_14' title="bbox 78 1261 1654 1331">
    <p class='ocr_par' dir='ltr' id='par_1_14' title="bbox 78 1261 1654 1331">
     <span class='ocr_line' id='line_1_14' title="bbox 78 1261 1654 1331; baseline 0.003 -19"><span class='ocrx_word' id='word_1_85' title='bbox 78 1261 362 1314; x_wconf 83' lang='lat' dir='ltr'><strong>neminem</strong></span> <span class='ocrx_word' id='word_1_86' title='bbox 388 1263 685 1331; x_wconf 84' lang='lat' dir='ltr'><strong>quidquam</strong></span> <span class='ocrx_word' id='word_1_87' title='bbox 725 1265 778 1317; x_wconf 88' lang='lat' dir='ltr'><strong>in</strong></span> <span class='ocrx_word' id='word_1_88' title='bbox 813 1265 1034 1318; x_wconf 77' lang='lat' dir='ltr'><strong>nomine</strong></span> <span class='ocrx_word' id='word_1_89' title='bbox 1062 1264 1121 1318; x_wconf 89' lang='grc' dir='ltr'><strong>Β.</strong></span> <span class='ocrx_word' id='word_1_90' title='bbox 1165 1265 1309 1319; x_wconf 83' lang='lat' dir='ltr'><strong>Petri</strong></span> <span class='ocrx_word' id='word_1_91' title='bbox 1344 1265 1654 1317; x_wconf 82' lang='lat' dir='ltr'><strong>Aleantara</strong></span> 
     </span>
    </p>
   </div>
   <div class='ocr_carea' id='block_1_15' title="bbox 77 1333 1653 1402">
    <p class='ocr_par' dir='ltr' id='par_1_15' title="bbox 77 1333 1653 1402">
     <span class='ocr_line' id='line_1_15' title="bbox 77 1333 1653 1402; baseline 0.001 -18"><span class='ocrx_word' id='word_1_92' title='bbox 77 1346 108 1380; x_wconf 83' lang='lat' dir='ltr'><strong>a</strong></span> <span class='ocrx_word' id='word_1_93' title='bbox 166 1333 282 1402; x_wconf 71' lang='lat' dir='ltr'><strong>Deo</strong></span> <span class='ocrx_word' id='word_1_94' title='bbox 314 1334 628 1400; x_wconf 90' lang='lat' dir='ltr'><strong>petiturum,</strong></span> <span class='ocrx_word' id='word_1_95' title='bbox 675 1335 807 1402; x_wconf 89' lang='lat' dir='ltr'><strong>quin</strong></span> <span class='ocrx_word' id='word_1_96' title='bbox 841 1344 987 1388; x_wconf 83' lang='lat' dir='ltr'><strong>esset</strong></span> <span class='ocrx_word' id='word_1_97' title='bbox 1036 1335 1457 1402; x_wconf 79' lang='lat' dir='ltr'><strong>impetraturos;</strong></span> <span class='ocrx_word' id='word_1_98' title='bbox 1497 1348 1560 1386; x_wconf 87' lang='lat' dir='ltr'><strong>ac</strong></span> <span class='ocrx_word' id='word_1_99' title='bbox 1594 1347 1653 1386; x_wconf 90' lang='lat' dir='ltr'><strong>se</strong></span> 
     </span>
    </p>
   </div>
   <div class='ocr_carea' id='block_1_16' title="bbox 73 1400 1650 1473">
    <p class='ocr_par' dir='ltr' id='par_1_16' title="bbox 73 1400 1650 1473">
     <span class='ocr_line' id='line_1_16' title="bbox 73 1400 1650 1473; baseline 0.003 -23"><span class='ocrx_word' id='word_1_100' title='bbox 73 1400 307 1473; x_wconf 84' lang='lat' dir='ltr'><strong>quidem</strong></span> <span class='ocrx_word' id='word_1_101' title='bbox 337 1404 520 1456; x_wconf 83' lang='lat' dir='ltr'><strong>multis</strong></span> <span class='ocrx_word' id='word_1_102' title='bbox 570 1406 621 1455; x_wconf 90' lang='lat' dir='ltr'><strong>in</strong></span> <span class='ocrx_word' id='word_1_103' title='bbox 658 1400 823 1458; x_wconf 84' lang='lat' dir='ltr'><strong>rebus</strong></span> <span class='ocrx_word' id='word_1_104' title='bbox 872 1400 1126 1471; x_wconf 79' lang='lat' dir='ltr'><strong>promissi</strong></span> <span class='ocrx_word' id='word_1_105' title='bbox 1173 1403 1332 1471; x_wconf 87' lang='lat' dir='ltr'><strong>hujus</strong></span> <span class='ocrx_word' id='word_1_106' title='bbox 1369 1413 1650 1473; x_wconf 76' lang='lat' dir='ltr'><strong>expertam</strong></span> 
     </span>
    </p>
   </div>
   <div class='ocr_carea' id='block_1_17' title="bbox 72 1471 1650 1543">
    <p class='ocr_par' dir='ltr' id='par_1_17' title="bbox 72 1471 1650 1543">
     <span class='ocr_line' id='line_1_17' title="bbox 72 1471 1650 1543; baseline 0.004 -23"><span class='ocrx_word' id='word_1_107' title='bbox 72 1471 711 1543; x_wconf 72' lang='lat' dir='ltr'><strong>Veritatem._\_r&#39;ideVilaui</strong></span> <span class='ocrx_word' id='word_1_108' title='bbox 730 1473 846 1543; x_wconf 78' lang='lat' dir='ltr'><strong>ejus</strong></span> <span class='ocrx_word' id='word_1_109' title='bbox 866 1475 933 1528; x_wconf 91' lang='lat' dir='ltr'><strong>ab</strong></span> <span class='ocrx_word' id='word_1_110' title='bbox 952 1476 1178 1543; x_wconf 88' lang='lat' dir='ltr'><strong>ipsamet</strong></span> <span class='ocrx_word' id='word_1_111' title='bbox 1193 1471 1452 1543; x_wconf 77' lang='lat' dir='ltr'><strong>scriptam</strong></span> <span class='ocrx_word' id='word_1_112' title='bbox 1490 1489 1534 1526; x_wconf 92' lang='lat' dir='ltr'><strong>c.</strong></span> <span class='ocrx_word' id='word_1_113' title='bbox 1558 1471 1650 1527; x_wconf 68' lang='grc'><strong>25.</strong></span> 
     </span>
    </p>
   </div>
   <div class='ocr_carea' id='block_1_18' title="bbox 152 1492 1646 1614">
    <p class='ocr_par' dir='ltr' id='par_1_18' title="bbox 152 1492 1646 1614">
     <span class='ocr_line' id='line_1_18' title="bbox 152 1492 1646 1543; baseline 0.003 -20"><span class='ocrx_word' id='word_1_114' title='bbox 152 1492 711 1526; x_wconf 73' lang='lat' dir='ltr'><strong>ntateni.vruewiaiii</strong></span> <span class='ocrx_word' id='word_1_115' title='bbox 730 1492 846 1543; x_wconf 80' lang='lat' dir='ltr'><strong>ejus</strong></span> <span class='ocrx_word' id='word_1_116' title='bbox 866 1492 964 1528; x_wconf 84' lang='lat' dir='ltr'><strong>aut</strong></span> <span class='ocrx_word' id='word_1_117' title='bbox 1006 1492 1446 1542; x_wconf 84' lang='lat' dir='ltr'><strong>satnetscrtptam</strong></span> <span class='ocrx_word' id='word_1_118' title='bbox 1490 1492 1646 1527; x_wconf 63' lang='lat' dir='ltr'><strong>ego.</strong></span> 
     </span>
     <span class='ocr_line' id='line_1_19' title="bbox 152 1492 1646 1614; baseline 0.003 -21"><span class='ocrx_word' id='word_1_119' title='bbox 152 1541 269 1614; x_wconf 68' lang='grc' dir='ltr'><strong>(ξο)</strong></span> <span class='ocrx_word' id='word_1_120' title='bbox 309 1541 522 1614; x_wconf 63' lang='grc' dir='ltr'><strong>ςῖηῇιὶει.</strong></span> <span class='ocrx_word' id='word_1_121' title='bbox 556 1544 622 1596; x_wconf 85' lang='lat' dir='ltr'><strong>de</strong></span> <span class='ocrx_word' id='word_1_122' title='bbox 659 1544 861 1614; x_wconf 68' lang='lat' dir='ltr'><strong>Nangis</strong></span> <span class='ocrx_word' id='word_1_123' title='bbox 889 1545 922 1596; x_wconf 89' lang='grc' dir='ltr'><strong>Ι.</strong></span> <span class='ocrx_word' id='word_1_124' title='bbox 953 1492 1029 1598; x_wconf 59' lang='lat' dir='ltr'><strong>8e</strong></span> <span class='ocrx_word' id='word_1_125' title='bbox 1063 1545 1222 1610; x_wconf 79' lang='lat' dir='ltr'><strong>gestis</strong></span> <span class='ocrx_word' id='word_1_126' title='bbox 1259 1545 1318 1598; x_wconf 86' lang='lat' dir='ltr'><strong>S.</strong></span> <span class='ocrx_word' id='word_1_127' title='bbox 1372 1542 1646 1614; x_wconf 81' lang='lat' dir='ltr'><strong>Ludorici.</strong></span> 
     </span>
    </p>
   </div>
   <div class='ocr_carea' id='block_1_19' title="bbox 150 1609 1643 1684">
    <p class='ocr_par' dir='ltr' id='par_1_19' title="bbox 150 1609 1643 1684">
     <span class='ocr_line' id='line_1_20' title="bbox 150 1609 1643 1684; baseline 0.002 -21"><span class='ocrx_word' id='word_1_128' title='bbox 150 1611 268 1684; x_wconf 65' lang='grc' dir='ltr'><strong>(δι)</strong></span> <span class='ocrx_word' id='word_1_129' title='bbox 304 1609 592 1684; x_wconf 63' lang='lat' dir='ltr'><strong>Istis_,qua:</strong></span> <span class='ocrx_word' id='word_1_130' title='bbox 618 1614 674 1666; x_wconf 86' lang='lat' dir='ltr'><strong>in</strong></span> <span class='ocrx_word' id='word_1_131' title='bbox 699 1609 805 1666; x_wconf 63' lang='lat' dir='ltr'><strong>hoc</strong></span> <span class='ocrx_word' id='word_1_132' title='bbox 834 1631 1020 1684; x_wconf 83' lang='lat' dir='ltr'><strong>genere</strong></span> <span class='ocrx_word' id='word_1_133' title='bbox 1055 1609 1347 1684; x_wconf 66' lang='lat' dir='ltr'><strong>praecipua,</strong></span> <span class='ocrx_word' id='word_1_134' title='bbox 1371 1624 1478 1667; x_wconf 90' lang='lat' dir='ltr'><strong>etc.</strong></span> <span class='ocrx_word' id='word_1_135' title='bbox 1508 1613 1643 1684; x_wconf 59' lang='lat' dir='ltr'><strong>Nam</strong></span> 
     </span>
    </p>
   </div>
   <div class='ocr_carea' id='block_1_20' title="bbox 70 1681 1642 1755">
    <p class='ocr_par' dir='ltr' id='par_1_20' title="bbox 70 1681 1642 1755">
     <span class='ocr_line' id='line_1_21' title="bbox 70 1681 1642 1755; baseline 0.001 -21"><span class='ocrx_word' id='word_1_136' title='bbox 70 1689 131 1734; x_wconf 88' lang='lat' dir='ltr'><strong>et</strong></span> <span class='ocrx_word' id='word_1_137' title='bbox 161 1683 268 1736; x_wconf 86' lang='lat' dir='ltr'><strong>alia</strong></span> <span class='ocrx_word' id='word_1_138' title='bbox 299 1684 352 1736; x_wconf 90' lang='lat' dir='ltr'><strong>iu</strong></span> <span class='ocrx_word' id='word_1_139' title='bbox 379 1681 502 1739; x_wconf 91' lang='lat' dir='ltr'><strong>aliis</strong></span> <span class='ocrx_word' id='word_1_140' title='bbox 525 1685 686 1754; x_wconf 83' lang='lat' dir='ltr'><strong>adjici</strong></span> <span class='ocrx_word' id='word_1_141' title='bbox 713 1681 954 1755; x_wconf 78' lang='lat' dir='ltr'><strong>possent,</strong></span> <span class='ocrx_word' id='word_1_142' title='bbox 985 1686 1030 1742; x_wconf 91' lang='lat' dir='ltr'><strong>si</strong></span> <span class='ocrx_word' id='word_1_143' title='bbox 1056 1681 1300 1742; x_wconf 83' lang='lat' dir='ltr'><strong>necesse</strong></span> <span class='ocrx_word' id='word_1_144' title='bbox 1328 1683 1486 1740; x_wconf 89' lang='lat' dir='ltr'><strong>foret.</strong></span> <span class='ocrx_word' id='word_1_145' title='bbox 1514 1682 1642 1738; x_wconf 80' lang='lat' dir='ltr'><strong>Hel-</strong></span> 
     </span>
    </p>
   </div>
   <div class='ocr_carea' id='block_1_21' title="bbox 987 913 1658 982">
    <p class='ocr_par' dir='ltr' id='par_1_21' title="bbox 987 913 1658 982">
     <span class='ocr_line' id='line_1_22' title="bbox 987 913 1658 982; baseline -0.001 -15"><span class='ocrx_word' id='word_1_146' title='bbox 987 914 1086 970; x_wconf 89' lang='lat' dir='ltr'><strong>sal.</strong></span> <span class='ocrx_word' id='word_1_147' title='bbox 1113 931 1292 978; x_wconf 78' lang='lat' dir='ltr'><strong>cxuv,</strong></span> <span class='ocrx_word' id='word_1_148' title='bbox 1321 914 1388 970; x_wconf 82' lang='lat' dir='ltr'><strong>l9</strong></span> <span class='ocrx_word' id='word_1_149' title='bbox 1414 913 1658 982; x_wconf 77' lang='grc' dir='ltr'><strong>;,γοιυη-</strong></span> 
     </span>
    </p>
   </div>
   <div class='ocr_carea' id='block_1_22' title="bbox 1760 631 3320 706">
    <p class='ocr_par' dir='ltr' id='par_1_22' title="bbox 1760 631 3320 706">
     <span class='ocr_line' id='line_1_23' title="bbox 1760 631 3320 706; baseline -0.002 -19"><span class='ocrx_word' id='word_1_150' title='bbox 1760 631 2376 706; x_wconf 68' lang='lat' dir='ltr'><strong>(quianonnullanobis</strong></span> <span class='ocrx_word' id='word_1_151' title='bbox 2408 631 2924 706; x_wconf 80' lang='lat' dir='ltr'><strong>siippedita_vit_)_lie_t</strong></span> <span class='ocrx_word' id='word_1_152' title='bbox 2951 631 3130 706; x_wconf 81' lang='lat' dir='ltr'><strong>aliqua</strong></span> <span class='ocrx_word' id='word_1_153' title='bbox 3163 647 3320 706; x_wconf 79' lang='lat' dir='ltr'><strong>men-</strong></span> 
     </span>
    </p>
   </div>
   <div class='ocr_carea' id='block_1_23' title="bbox 1762 701 3320 772">
    <p class='ocr_par' dir='ltr' id='par_1_23' title="bbox 1762 701 3320 772">
     <span class='ocr_line' id='line_1_24' title="bbox 1762 701 3320 772; baseline -0.002 -14"><span class='ocrx_word' id='word_1_154' title='bbox 1762 701 1858 760; x_wconf 85' lang='lat' dir='ltr'><strong>tio.</strong></span> <span class='ocrx_word' id='word_1_155' title='bbox 1903 703 1955 757; x_wconf 86' lang='lat' dir='ltr'><strong>ls</strong></span> <span class='ocrx_word' id='word_1_156' title='bbox 2002 705 2165 772; x_wconf 79' lang='lat' dir='ltr'><strong>igitur</strong></span> <span class='ocrx_word' id='word_1_157' title='bbox 2207 704 2257 758; x_wconf 90' lang='lat' dir='ltr'><strong>in</strong></span> <span class='ocrx_word' id='word_1_158' title='bbox 2289 701 2455 756; x_wconf 87' lang='lat' dir='ltr'><strong>fundo</strong></span> <span class='ocrx_word' id='word_1_159' title='bbox 2487 703 2721 757; x_wconf 73' lang='lat' dir='ltr'><strong>canobli</strong></span> <span class='ocrx_word' id='word_1_160' title='bbox 2755 701 3118 772; x_wconf 74' lang='lat' dir='ltr'><strong>Floriacensjs</strong></span> <span class='ocrx_word' id='word_1_161' title='bbox 3147 702 3320 755; x_wconf 83' lang='lat' dir='ltr'><strong>adem</strong></span> 
     </span>
    </p>
   </div>
   <div class='ocr_carea' id='block_1_24' title="bbox 1759 770 3316 898">
    <p class='ocr_par' dir='ltr' id='par_1_24' title="bbox 1759 770 3316 898">
     <span class='ocr_line' id='line_1_25' title="bbox 1759 770 3316 898; baseline -0.001 -70"><span class='ocrx_word' id='word_1_162' title='bbox 1759 770 2046 898; x_wconf 45' lang='lat' dir='ltr'><strong>parvulam</strong></span> <span class='ocrx_word' id='word_1_163' title='bbox 2100 772 2410 855; x_wconf 76' lang='lat' dir='ltr'><strong>construxit</strong></span> <span class='ocrx_word' id='word_1_164' title='bbox 2457 773 2510 826; x_wconf 91' lang='lat' dir='ltr'><strong>iu</strong></span> <span class='ocrx_word' id='word_1_165' title='bbox 2571 773 2833 852; x_wconf 80' lang='lat' dir='ltr'><strong>honorem</strong></span> <span class='ocrx_word' id='word_1_166' title='bbox 2889 770 2990 826; x_wconf 90' lang='lat' dir='ltr'><strong>SS.</strong></span> <span class='ocrx_word' id='word_1_167' title='bbox 3052 770 3316 852; x_wconf 72' lang='lat' dir='ltr'><strong>Dionysii,</strong></span> 
     </span>
     <span class='ocr_line' id='line_1_26' title="bbox 1813 841 3316 898; baseline 0 -2"><span class='ocrx_word' id='word_1_168' title='bbox 1813 857 1968 898; x_wconf 85' lang='lat' dir='ltr'><strong>ustict</strong></span> <span class='ocrx_word' id='word_1_169' title='bbox 2010 855 2064 898; x_wconf 90' lang='lat' dir='ltr'><strong>et</strong></span> <span class='ocrx_word' id='word_1_170' title='bbox 2115 843 2408 898; x_wconf 83' lang='lat' dir='ltr'><strong>Eleutheru</strong></span> <span class='ocrx_word' id='word_1_171' title='bbox 2445 859 2459 896; x_wconf 91' lang='lat'><strong>:</strong></span> <span class='ocrx_word' id='word_1_172' title='bbox 2505 857 2610 898; x_wconf 84' lang='lat' dir='ltr'><strong>uua</strong></span> <span class='ocrx_word' id='word_1_173' title='bbox 2652 857 2710 896; x_wconf 89' lang='lat' dir='ltr'><strong>re</strong></span> <span class='ocrx_word' id='word_1_174' title='bbox 2760 841 3055 898; x_wconf 88' lang='lat' dir='ltr'><strong>Intellecta.</strong></span> <span class='ocrx_word' id='word_1_175' title='bbox 3089 850 3240 894; x_wconf 70' lang='lat' dir='ltr'><strong>misul</strong></span> <span class='ocrx_word' id='word_1_176' title='bbox 3269 843 3316 896; x_wconf 90' lang='lat' dir='ltr'><strong>ei</strong></span> 
     </span>
    </p>
   </div>
   <div class='ocr_carea' id='block_1_25' title="bbox 1813 841 3318 909">
    <p class='ocr_par' dir='ltr' id='par_1_25' title="bbox 1813 841 3318 909">
     <span class='ocr_line' id='line_1_27' title="bbox 1813 841 3318 909; baseline 0 -13"><span class='ocrx_word' id='word_1_177' title='bbox 1813 845 1968 900; x_wconf 87' lang='lat' dir='ltr'><strong>ustiei</strong></span> <span class='ocrx_word' id='word_1_178' title='bbox 2010 855 2064 898; x_wconf 91' lang='lat' dir='ltr'><strong>et</strong></span> <span class='ocrx_word' id='word_1_179' title='bbox 2115 843 2408 898; x_wconf 83' lang='lat' dir='ltr'><strong>Eleutherii</strong></span> <span class='ocrx_word' id='word_1_180' title='bbox 2445 859 2459 896; x_wconf 91' lang='lat'><strong>:</strong></span> <span class='ocrx_word' id='word_1_181' title='bbox 2505 857 2610 909; x_wconf 88' lang='lat' dir='ltr'><strong>qua</strong></span> <span class='ocrx_word' id='word_1_182' title='bbox 2652 857 2710 896; x_wconf 88' lang='lat' dir='ltr'><strong>re</strong></span> <span class='ocrx_word' id='word_1_183' title='bbox 2760 841 3055 905; x_wconf 91' lang='lat' dir='ltr'><strong>intellecta,</strong></span> <span class='ocrx_word' id='word_1_184' title='bbox 3089 841 3240 894; x_wconf 91' lang='lat' dir='ltr'><strong>misit</strong></span> <span class='ocrx_word' id='word_1_185' title='bbox 3269 843 3318 896; x_wconf 91' lang='lat' dir='ltr'><strong>ei</strong></span> 
     </span>
    </p>
   </div>
   <div class='ocr_carea' id='block_1_26' title="bbox 1763 913 3314 969">
    <p class='ocr_par' dir='ltr' id='par_1_26' title="bbox 1763 913 3314 969">
     <span class='ocr_line' id='line_1_28' title="bbox 1763 913 3314 969; baseline -0.003 -1"><span class='ocrx_word' id='word_1_186' title='bbox 1763 915 2031 969; x_wconf 79' lang='lat' dir='ltr'><strong>Robertus</strong></span> <span class='ocrx_word' id='word_1_187' title='bbox 2088 914 2422 967; x_wconf 79' lang='lat' dir='ltr'><strong>Francorum</strong></span> <span class='ocrx_word' id='word_1_188' title='bbox 2473 927 2569 966; x_wconf 78' lang='lat' dir='ltr'><strong>rex</strong></span> <span class='ocrx_word' id='word_1_189' title='bbox 2624 913 2938 966; x_wconf 79' lang='lat' dir='ltr'><strong>earumdem</strong></span> <span class='ocrx_word' id='word_1_190' title='bbox 2999 920 3314 964; x_wconf 88' lang='lat' dir='ltr'><strong>sanctorum</strong></span> 
     </span>
    </p>
   </div>
   <div class='ocr_carea' id='block_1_27' title="bbox 1761 980 3316 1052">
    <p class='ocr_par' dir='ltr' id='par_1_27' title="bbox 1761 980 3316 1052">
     <span class='ocr_line' id='line_1_29' title="bbox 1761 980 3316 1052; baseline -0.005 -12"><span class='ocrx_word' id='word_1_191' title='bbox 1761 985 2052 1040; x_wconf 85' lang='lat' dir='ltr'><strong>nonnullas</strong></span> <span class='ocrx_word' id='word_1_192' title='bbox 2090 984 2369 1052; x_wconf 85' lang='lat' dir='ltr'><strong>reliquias,</strong></span> <span class='ocrx_word' id='word_1_193' title='bbox 2416 997 2448 1036; x_wconf 89' lang='lat' dir='ltr'><strong>e</strong></span> <span class='ocrx_word' id='word_1_194' title='bbox 2481 982 2663 1037; x_wconf 81' lang='lat' dir='ltr'><strong>casula</strong></span> <span class='ocrx_word' id='word_1_195' title='bbox 2695 981 2911 1052; x_wconf 77' lang='lat' dir='ltr'><strong>scilicet</strong></span> <span class='ocrx_word' id='word_1_196' title='bbox 2940 982 3000 1035; x_wconf 89' lang='lat' dir='ltr'><strong>S.</strong></span> <span class='ocrx_word' id='word_1_197' title='bbox 3053 980 3316 1052; x_wconf 82' lang='lat' dir='ltr'><strong>Dionysii,</strong></span> 
     </span>
    </p>
   </div>
   <div class='ocr_carea' id='block_1_28' title="bbox 1751 1051 3316 1116">
    <p class='ocr_par' dir='ltr' id='par_1_28' title="bbox 1751 1051 3316 1116">
     <span class='ocr_line' id='line_1_30' title="bbox 1751 1051 3316 1116; baseline -0.004 -8"><span class='ocrx_word' id='word_1_198' title='bbox 1751 1071 1782 1108; x_wconf 89' lang='lat' dir='ltr'><strong>e</strong></span> <span class='ocrx_word' id='word_1_199' title='bbox 1811 1055 2104 1108; x_wconf 88' lang='lat' dir='ltr'><strong>dalmatica</strong></span> <span class='ocrx_word' id='word_1_200' title='bbox 2135 1051 2470 1116; x_wconf 25' lang='lat' dir='ltr'><strong>S.’Rustici,</strong></span> <span class='ocrx_word' id='word_1_201' title='bbox 2501 1069 2531 1106; x_wconf 89' lang='lat' dir='ltr'><strong>e</strong></span> <span class='ocrx_word' id='word_1_202' title='bbox 2563 1051 2742 1106; x_wconf 86' lang='lat' dir='ltr'><strong>casula</strong></span> <span class='ocrx_word' id='word_1_203' title='bbox 2773 1051 2833 1102; x_wconf 91' lang='lat' dir='ltr'><strong>S.</strong></span> <span class='ocrx_word' id='word_1_204' title='bbox 2881 1051 3198 1115; x_wconf 76' lang='lat' dir='ltr'><strong>Eleutherii,</strong></span> <span class='ocrx_word' id='word_1_205' title='bbox 3229 1061 3316 1102; x_wconf 86' lang='lat' dir='ltr'><strong>at-</strong></span> 
     </span>
    </p>
   </div>
   <div class='ocr_carea' id='block_1_29' title="bbox 1755 1121 3316 1196">
    <p class='ocr_par' dir='ltr' id='par_1_29' title="bbox 1755 1121 3316 1196">
     <span class='ocr_line' id='line_1_31' title="bbox 1755 1121 3316 1196; baseline -0.004 -18"><span class='ocrx_word' id='word_1_206' title='bbox 1755 1139 1862 1196; x_wconf 89' lang='lat' dir='ltr'><strong>que</strong></span> <span class='ocrx_word' id='word_1_207' title='bbox 1898 1140 1928 1178; x_wconf 88' lang='lat' dir='ltr'><strong>e</strong></span> <span class='ocrx_word' id='word_1_208' title='bbox 1955 1123 2301 1196; x_wconf 75' lang='lat' dir='ltr'><strong>vestimentis</strong></span> <span class='ocrx_word' id='word_1_209' title='bbox 2322 1123 2637 1196; x_wconf 80' lang='lat' dir='ltr'><strong>eorumdem</strong></span> <span class='ocrx_word' id='word_1_210' title='bbox 2670 1121 2931 1196; x_wconf 76' lang='lat' dir='ltr'><strong>sanguine</strong></span> <span class='ocrx_word' id='word_1_211' title='bbox 2960 1121 3218 1196; x_wconf 77' lang='lat' dir='ltr'><strong>aspersis,</strong></span> <span class='ocrx_word' id='word_1_212' title='bbox 3263 1131 3316 1196; x_wconf 76' lang='lat' dir='ltr'><strong>et</strong></span> 
     </span>
    </p>
   </div>
   <div class='ocr_carea' id='block_1_30' title="bbox 1753 1189 3316 1264">
    <p class='ocr_par' dir='ltr' id='par_1_30' title="bbox 1753 1189 3316 1264">
     <span class='ocr_line' id='line_1_32' title="bbox 1753 1189 3316 1264; baseline -0.005 -16"><span class='ocrx_word' id='word_1_213' title='bbox 1753 1189 1820 1249; x_wconf 82' lang='lat' dir='ltr'><strong>de</strong></span> <span class='ocrx_word' id='word_1_214' title='bbox 1849 1210 2135 1262; x_wconf 83' lang='lat' dir='ltr'><strong>corporum</strong></span> <span class='ocrx_word' id='word_1_215' title='bbox 2169 1193 2506 1264; x_wconf 89' lang='lat' dir='ltr'><strong>pulveribus,</strong></span> <span class='ocrx_word' id='word_1_216' title='bbox 2538 1206 2640 1245; x_wconf 84' lang='lat' dir='ltr'><strong>nec</strong></span> <span class='ocrx_word' id='word_1_217' title='bbox 2682 1189 2791 1244; x_wconf 83' lang='lat' dir='ltr'><strong>non</strong></span> <span class='ocrx_word' id='word_1_218' title='bbox 2829 1189 2898 1244; x_wconf 90' lang='lat' dir='ltr'><strong>de</strong></span> <span class='ocrx_word' id='word_1_219' title='bbox 2935 1191 3316 1264; x_wconf 67' lang='lat' dir='ltr'><strong>triplic_i_fu~ni-</strong></span> 
     </span>
    </p>
   </div>
   <div class='ocr_carea' id='block_1_31' title="bbox 1753 1259 3317 1330">
    <p class='ocr_par' dir='ltr' id='par_1_31' title="bbox 1753 1259 3317 1330">
     <span class='ocr_line' id='line_1_33' title="bbox 1753 1259 3317 1330; baseline -0.003 -13"><span class='ocrx_word' id='word_1_220' title='bbox 1753 1266 1877 1317; x_wconf 87' lang='lat' dir='ltr'><strong>culo</strong></span> <span class='ocrx_word' id='word_1_221' title='bbox 1909 1259 2018 1330; x_wconf 87' lang='lat' dir='ltr'><strong>quo</strong></span> <span class='ocrx_word' id='word_1_222' title='bbox 2070 1259 2329 1318; x_wconf 79' lang='lat' dir='ltr'><strong>astrictus</strong></span> <span class='ocrx_word' id='word_1_223' title='bbox 2383 1265 2558 1316; x_wconf 78' lang='lat' dir='ltr'><strong>fuerat</strong></span> <span class='ocrx_word' id='word_1_224' title='bbox 2604 1270 2826 1316; x_wconf 87' lang='lat' dir='ltr'><strong>sanctus</strong></span> <span class='ocrx_word' id='word_1_225' title='bbox 2865 1272 3072 1330; x_wconf 81' lang='lat' dir='ltr'><strong>martyr</strong></span> <span class='ocrx_word' id='word_1_226' title='bbox 3113 1259 3317 1330; x_wconf 84' lang='lat' dir='ltr'><strong>Diony-</strong></span> 
     </span>
    </p>
   </div>
   <div class='ocr_carea' id='block_1_32' title="bbox 1755 1329 3315 1400">
    <p class='ocr_par' dir='ltr' id='par_1_32' title="bbox 1755 1329 3315 1400">
     <span class='ocr_line' id='line_1_34' title="bbox 1755 1329 3315 1400; baseline -0.003 -12"><span class='ocrx_word' id='word_1_227' title='bbox 1755 1336 1889 1389; x_wconf 88' lang='lat' dir='ltr'><strong>sius.</strong></span> <span class='ocrx_word' id='word_1_228' title='bbox 1919 1329 2122 1387; x_wconf 87' lang='lat' dir='ltr'><strong>Horum</strong></span> <span class='ocrx_word' id='word_1_229' title='bbox 2153 1334 2304 1388; x_wconf 88' lang='lat' dir='ltr'><strong>testis</strong></span> <span class='ocrx_word' id='word_1_230' title='bbox 2331 1343 2414 1386; x_wconf 90' lang='lat' dir='ltr'><strong>est</strong></span> <span class='ocrx_word' id='word_1_231' title='bbox 2459 1333 2575 1400; x_wconf 89' lang='lat' dir='ltr'><strong>ipse</strong></span> <span class='ocrx_word' id='word_1_232' title='bbox 2609 1329 2918 1398; x_wconf 83' lang='lat' dir='ltr'><strong>Ilelgaudus</strong></span> <span class='ocrx_word' id='word_1_233' title='bbox 2966 1329 3019 1383; x_wconf 89' lang='lat' dir='ltr'><strong>in</strong></span> <span class='ocrx_word' id='word_1_234' title='bbox 3047 1329 3315 1400; x_wconf 63' lang='lat' dir='ltr'><strong>Roberto,</strong></span> 
     </span>
    </p>
   </div>
   <div class='ocr_carea' id='block_1_33' title="bbox 1755 1399 3323 1473">
    <p class='ocr_par' dir='ltr' id='par_1_33' title="bbox 1755 1399 3323 1473">
     <span class='ocr_line' id='line_1_35' title="bbox 1755 1399 3323 1473; baseline -0.002 -16"><span class='ocrx_word' id='word_1_235' title='bbox 1755 1418 1882 1473; x_wconf 89' lang='lat' dir='ltr'><strong>rege</strong></span> <span class='ocrx_word' id='word_1_236' title='bbox 1920 1403 2282 1458; x_wconf 85' lang='lat' dir='ltr'><strong>Francorum.</strong></span> <span class='ocrx_word' id='word_1_237' title='bbox 2312 1402 2421 1456; x_wconf 77' lang='lat' dir='ltr'><strong>Nec</strong></span> <span class='ocrx_word' id='word_1_238' title='bbox 2449 1399 2578 1455; x_wconf 83' lang='lat' dir='ltr'><strong>vero</strong></span> <span class='ocrx_word' id='word_1_239' title='bbox 2609 1402 3002 1473; x_wconf 86' lang='lat' dir='ltr'><strong>canonicorum</strong></span> <span class='ocrx_word' id='word_1_240' title='bbox 3045 1399 3323 1473; x_wconf 51' lang='lat' dir='ltr'><strong>Rhemené</strong></span> 
     </span>
    </p>
   </div>
   <div class='ocr_carea' id='block_1_34' title="bbox 1759 1469 3319 1543">
    <p class='ocr_par' dir='ltr' id='par_1_34' title="bbox 1759 1469 3319 1543">
     <span class='ocr_line' id='line_1_36' title="bbox 1759 1469 3319 1543; baseline -0.002 -16"><span class='ocrx_word' id='word_1_241' title='bbox 1759 1469 1898 1527; x_wconf 71' lang='lat' dir='ltr'><strong>sitim</strong></span> <span class='ocrx_word' id='word_1_242' title='bbox 1928 1474 2102 1543; x_wconf 90' lang='lat' dir='ltr'><strong>pietas</strong></span> <span class='ocrx_word' id='word_1_243' title='bbox 2148 1474 2524 1541; x_wconf 66' lang='lat' dir='ltr'><strong>praetereunda</strong></span> <span class='ocrx_word' id='word_1_244' title='bbox 2549 1481 2650 1543; x_wconf 84' lang='lat' dir='ltr'><strong>est,</strong></span> <span class='ocrx_word' id='word_1_245' title='bbox 2686 1473 2776 1540; x_wconf 86' lang='lat' dir='ltr'><strong>qui</strong></span> <span class='ocrx_word' id='word_1_246' title='bbox 2812 1471 3071 1543; x_wconf 75' lang='lat' dir='ltr'><strong>templum</strong></span> <span class='ocrx_word' id='word_1_247' title='bbox 3103 1469 3162 1543; x_wconf 69' lang='lat' dir='ltr'><strong>S.</strong></span> <span class='ocrx_word' id='word_1_248' title='bbox 3193 1469 3319 1524; x_wconf 86' lang='lat' dir='ltr'><strong>Dio-</strong></span> 
     </span>
    </p>
   </div>
   <div class='ocr_carea' id='block_1_35' title="bbox 1761 1539 3318 1614">
    <p class='ocr_par' dir='ltr' id='par_1_35' title="bbox 1761 1539 3318 1614">
     <span class='ocr_line' id='line_1_37' title="bbox 1761 1539 3318 1614; baseline -0.003 -18"><span class='ocrx_word' id='word_1_249' title='bbox 1761 1539 2300 1614; x_wconf 55' lang='lat' dir='ltr'><strong>nysio_&#39;:edilicai-iiiit</strong></span> <span class='ocrx_word' id='word_1_250' title='bbox 2334 1561 2346 1595; x_wconf 93' lang='lat'>:</span> <span class='ocrx_word' id='word_1_251' title='bbox 2377 1543 2534 1614; x_wconf 70' lang='lat' dir='ltr'><strong>_quod</strong></span> <span class='ocrx_word' id='word_1_252' title='bbox 2568 1539 2826 1614; x_wconf 71' lang='lat' dir='ltr'><strong>Hcrvatts</strong></span> <span class='ocrx_word' id='word_1_253' title='bbox 2869 1539 3190 1614; x_wconf 74' lang='lat' dir='ltr'><strong>liheineusis</strong></span> <span class='ocrx_word' id='word_1_254' title='bbox 3227 1554 3318 1592; x_wconf 90' lang='lat' dir='ltr'><strong>ar-</strong></span> 
     </span>
    </p>
   </div>
   <div class='ocr_carea' id='block_1_36' title="bbox 1752 1611 3320 1693">
    <p class='ocr_par' dir='ltr' id='par_1_36' title="bbox 1752 1611 3320 1693">
     <span class='ocr_line' id='line_1_38' title="bbox 1752 1611 3320 1693; baseline -0.002 -27"><span class='ocrx_word' id='word_1_255' title='bbox 1752 1611 2157 1693; x_wconf 80' lang='lat' dir='ltr'><strong>chiepiscopus,</strong></span> <span class='ocrx_word' id='word_1_256' title='bbox 2199 1623 2339 1670; x_wconf 85' lang='lat' dir='ltr'><strong>teste</strong></span> <span class='ocrx_word' id='word_1_257' title='bbox 2374 1611 2705 1680; x_wconf 86' lang='lat' dir='ltr'><strong>Flodoardo,</strong></span> <span class='ocrx_word' id='word_1_258' title='bbox 2747 1613 2824 1667; x_wconf 87' lang='lat' dir='ltr'><strong>lib</strong></span> <span class='ocrx_word' id='word_1_259' title='bbox 2877 1625 2951 1677; x_wconf 83' lang='lat' dir='ltr'><strong>tv,</strong></span> <span class='ocrx_word' id='word_1_260' title='bbox 2986 1626 3036 1667; x_wconf 93' lang='lat' dir='ltr'><strong>c.</strong></span> <span class='ocrx_word' id='word_1_261' title='bbox 3067 1611 3155 1678; x_wconf 80' lang='grc'><strong>15,</strong></span> <span class='ocrx_word' id='word_1_262' title='bbox 3188 1623 3320 1664; x_wconf 86' lang='lat' dir='ltr'><strong>con-</strong></span> 
     </span>
    </p>
   </div>
   <div class='ocr_carea' id='block_1_37' title="bbox 1747 1695 2001 1738">
    <p class='ocr_par' dir='ltr' id='par_1_37' title="bbox 1747 1695 2001 1738">
     <span class='ocr_line' id='line_1_39' title="bbox 1747 1695 2001 1738; baseline -0.008 0"><span class='ocrx_word' id='word_1_263' title='bbox 1747 1695 2001 1738; x_wconf 67' lang='grc' dir='ltr'><strong>εεοτεινιι.</strong></span> 
     </span>
    </p>
   </div>
   <div class='ocr_carea' id='block_1_38' title="bbox 1439 1975 1947 2036">
    <p class='ocr_par' dir='ltr' id='par_1_38' title="bbox 1439 1975 1947 2036">
     <span class='ocr_line' id='line_1_40' title="bbox 1439 1975 1947 2036; baseline -0.006 -1"><span class='ocrx_word' id='word_1_264' title='bbox 1439 1977 1670 2035; x_wconf 82' lang='lat' dir='ltr'><strong>CAPUT</strong></span> <span class='ocrx_word' id='word_1_265' title='bbox 1709 1975 1947 2036; x_wconf 79' lang='lat' dir='ltr'><strong>XXVIII.</strong></span> 
     </span>
    </p>
   </div>
   <div class='ocr_carea' id='block_1_39' title="bbox 645 2089 2731 2164">
    <p class='ocr_par' dir='ltr' id='par_1_39' title="bbox 645 2089 2731 2164">
     <span class='ocr_line' id='line_1_41' title="bbox 645 2089 2731 2164; baseline -0.002 -14"><span class='ocrx_word' id='word_1_266' title='bbox 645 2092 706 2150; x_wconf 86' lang='lat' dir='ltr'><strong>S.</strong></span> <span class='ocrx_word' id='word_1_267' title='bbox 733 2092 978 2164; x_wconf 74' lang='lat' dir='ltr'><strong>Dionysii</strong></span> <span class='ocrx_word' id='word_1_268' title='bbox 1015 2094 1164 2148; x_wconf 79' lang='lat' dir='ltr'><strong>varia</strong></span> <span class='ocrx_word' id='word_1_269' title='bbox 1199 2093 1254 2146; x_wconf 86' lang='lat' dir='ltr'><strong>in</strong></span> <span class='ocrx_word' id='word_1_270' title='bbox 1292 2094 1464 2148; x_wconf 75' lang='lat' dir='ltr'><strong>varios</strong></span> <span class='ocrx_word' id='word_1_271' title='bbox 1492 2104 1539 2149; x_wconf 86' lang='lat' dir='ltr'><strong>et</strong></span> <span class='ocrx_word' id='word_1_272' title='bbox 1567 2093 1712 2149; x_wconf 79' lang='lat' dir='ltr'><strong>vario</strong></span> <span class='ocrx_word' id='word_1_273' title='bbox 1746 2095 1804 2150; x_wconf 87' lang='lat' dir='ltr'><strong>in</strong></span> <span class='ocrx_word' id='word_1_274' title='bbox 1835 2109 2019 2161; x_wconf 84' lang='lat' dir='ltr'><strong>genere</strong></span> <span class='ocrx_word' id='word_1_275' title='bbox 2055 2102 2170 2160; x_wconf 86' lang='lat' dir='ltr'><strong>post</strong></span> <span class='ocrx_word' id='word_1_276' title='bbox 2199 2101 2422 2145; x_wconf 83' lang='lat' dir='ltr'><strong>mortem</strong></span> <span class='ocrx_word' id='word_1_277' title='bbox 2453 2089 2731 2146; x_wconf 83' lang='lat' dir='ltr'><strong>miracula.</strong></span> 
     </span>
    </p>
   </div>
   <div class='ocr_carea' id='block_1_40' title="bbox 147 2205 3322 2280">
    <p class='ocr_par' dir='ltr' id='par_1_40' title="bbox 147 2205 3322 2280">
     <span class='ocr_line' id='line_1_42' title="bbox 147 2205 3322 2280; baseline -0.002 -13"><span class='ocrx_word' id='word_1_278' title='bbox 147 2207 341 2267; x_wconf 83' lang='lat' dir='ltr'><strong>Omnia</strong></span> <span class='ocrx_word' id='word_1_279' title='bbox 367 2225 486 2277; x_wconf 79' lang='lat' dir='ltr'><strong>qua</strong></span> <span class='ocrx_word' id='word_1_280' title='bbox 511 2205 576 2265; x_wconf 85' lang='lat' dir='ltr'><strong>B.</strong></span> <span class='ocrx_word' id='word_1_281' title='bbox 603 2209 893 2279; x_wconf 84' lang='lat' dir='ltr'><strong>Dionysius</strong></span> <span class='ocrx_word' id='word_1_282' title='bbox 916 2219 1040 2278; x_wconf 87' lang='lat' dir='ltr'><strong>post</strong></span> <span class='ocrx_word' id='word_1_283' title='bbox 1077 2223 1361 2264; x_wconf 76' lang='lat' dir='ltr'><strong>excessum</strong></span> <span class='ocrx_word' id='word_1_284' title='bbox 1402 2208 1468 2262; x_wconf 89' lang='lat' dir='ltr'><strong>ad</strong></span> <span class='ocrx_word' id='word_1_285' title='bbox 1499 2225 1728 2279; x_wconf 88' lang='lat' dir='ltr'><strong>superos</strong></span> <span class='ocrx_word' id='word_1_286' title='bbox 1757 2211 1909 2264; x_wconf 85' lang='lat' dir='ltr'><strong>vario</strong></span> <span class='ocrx_word' id='word_1_287' title='bbox 1947 2211 2000 2263; x_wconf 93' lang='lat' dir='ltr'><strong>in</strong></span> <span class='ocrx_word' id='word_1_288' title='bbox 2028 2225 2229 2280; x_wconf 84' lang='lat' dir='ltr'><strong>genere</strong></span> <span class='ocrx_word' id='word_1_289' title='bbox 2258 2211 2592 2280; x_wconf 80' lang='lat' dir='ltr'><strong>perpetravit</strong></span> <span class='ocrx_word' id='word_1_290' title='bbox 2629 2209 2918 2272; x_wconf 90' lang='lat' dir='ltr'><strong>miracula,</strong></span> <span class='ocrx_word' id='word_1_291' title='bbox 2957 2216 3007 2262; x_wconf 89' lang='lat' dir='ltr'><strong>et</strong></span> <span class='ocrx_word' id='word_1_292' title='bbox 3057 2208 3322 2278; x_wconf 85' lang='lat' dir='ltr'><strong>pervesti-</strong></span> 
     </span>
    </p>
   </div>
   <div class='ocr_carea' id='block_1_41' title="bbox 67 2280 3321 2352">
    <p class='ocr_par' dir='ltr' id='par_1_41' title="bbox 67 2280 3321 2352">
     <span class='ocr_line' id='line_1_43' title="bbox 67 2280 3321 2352; baseline -0.002 -17"><span class='ocrx_word' id='word_1_293' title='bbox 67 2298 209 2352; x_wconf 75' lang='lat' dir='ltr'><strong>gare</strong></span> <span class='ocrx_word' id='word_1_294' title='bbox 241 2281 537 2333; x_wconf 84' lang='lat' dir='ltr'><strong>studiosius</strong></span> <span class='ocrx_word' id='word_1_295' title='bbox 577 2280 739 2352; x_wconf 83' lang='lat' dir='ltr'><strong>nimis</strong></span> <span class='ocrx_word' id='word_1_296' title='bbox 764 2281 1080 2352; x_wconf 63' lang='lat' dir='ltr'><strong>taediosum,</strong></span> <span class='ocrx_word' id='word_1_297' title='bbox 1119 2291 1174 2334; x_wconf 91' lang='lat' dir='ltr'><strong>et</strong></span> <span class='ocrx_word' id='word_1_298' title='bbox 1203 2281 1529 2352; x_wconf 79' lang='lat' dir='ltr'><strong>accuratius</strong></span> <span class='ocrx_word' id='word_1_299' title='bbox 1559 2295 1820 2335; x_wconf 88' lang='lat' dir='ltr'><strong>enarrare.</strong></span> <span class='ocrx_word' id='word_1_300' title='bbox 1852 2281 2017 2352; x_wconf 86' lang='lat' dir='ltr'><strong>nimis</strong></span> <span class='ocrx_word' id='word_1_301' title='bbox 2045 2296 2334 2349; x_wconf 89' lang='lat' dir='ltr'><strong>operosum</strong></span> <span class='ocrx_word' id='word_1_302' title='bbox 2365 2291 2512 2336; x_wconf 83' lang='lat' dir='ltr'><strong>esset</strong></span> <span class='ocrx_word' id='word_1_303' title='bbox 2542 2281 2838 2352; x_wconf 21' lang='lat' dir='ltr'><strong>ziproinde</strong></span> <span class='ocrx_word' id='word_1_304' title='bbox 2881 2281 3152 2352; x_wconf 79' lang='lat' dir='ltr'><strong>praecipua</strong></span> <span class='ocrx_word' id='word_1_305' title='bbox 3182 2282 3321 2352; x_wconf 85' lang='lat' dir='ltr'><strong>dun—</strong></span> 
     </span>
    </p>
   </div>
   <div class='ocr_carea' id='block_1_42' title="bbox 74 2349 3322 2420">
    <p class='ocr_par' dir='ltr' id='par_1_42' title="bbox 74 2349 3322 2420">
     <span class='ocr_line' id='line_1_44' title="bbox 74 2349 3322 2420; baseline -0.002 -12"><span class='ocrx_word' id='word_1_306' title='bbox 74 2349 235 2408; x_wconf 79' lang='lat' dir='ltr'><strong>taxat</strong></span> <span class='ocrx_word' id='word_1_307' title='bbox 268 2357 322 2403; x_wconf 89' lang='lat' dir='ltr'><strong>et</strong></span> <span class='ocrx_word' id='word_1_308' title='bbox 361 2365 531 2418; x_wconf 87' lang='lat' dir='ltr'><strong>pauca</strong></span> <span class='ocrx_word' id='word_1_309' title='bbox 581 2351 836 2404; x_wconf 82' lang='lat' dir='ltr'><strong>referam.</strong></span> <span class='ocrx_word' id='word_1_310' title='bbox 885 2349 943 2403; x_wconf 81' lang='grc' dir='ltr'><strong>ιιι</strong></span> <span class='ocrx_word' id='word_1_311' title='bbox 971 2349 1170 2418; x_wconf 87' lang='lat' dir='ltr'><strong>quibus</strong></span> <span class='ocrx_word' id='word_1_312' title='bbox 1217 2361 1405 2405; x_wconf 88' lang='lat' dir='ltr'><strong>tenere</strong></span> <span class='ocrx_word' id='word_1_313' title='bbox 1453 2351 1823 2420; x_wconf 86' lang='lat' dir='ltr'><strong>principatum</strong></span> <span class='ocrx_word' id='word_1_314' title='bbox 1870 2351 2000 2405; x_wconf 87' lang='lat' dir='ltr'><strong>illud</strong></span> <span class='ocrx_word' id='word_1_315' title='bbox 2052 2352 2233 2417; x_wconf 89' lang='lat' dir='ltr'><strong>debet,</strong></span> <span class='ocrx_word' id='word_1_316' title='bbox 2284 2353 2428 2419; x_wconf 90' lang='lat' dir='ltr'><strong>quod</strong></span> <span class='ocrx_word' id='word_1_317' title='bbox 2469 2353 2520 2404; x_wconf 91' lang='lat' dir='ltr'><strong>in</strong></span> <span class='ocrx_word' id='word_1_318' title='bbox 2570 2351 2849 2420; x_wconf 84' lang='lat' dir='ltr'><strong>Stephano</strong></span> <span class='ocrx_word' id='word_1_319' title='bbox 2883 2349 3161 2420; x_wconf 71' lang='lat' dir='ltr'><strong>pontifice,</strong></span> <span class='ocrx_word' id='word_1_320' title='bbox 3202 2349 3322 2414; x_wconf 87' lang='lat' dir='ltr'><strong>ejus</strong></span> 
     </span>
    </p>
   </div>
   <div class='ocr_carea' id='block_1_43' title="bbox 74 2419 3323 2490">
    <p class='ocr_par' dir='ltr' id='par_1_43' title="bbox 74 2419 3323 2490">
     <span class='ocr_line' id='line_1_45' title="bbox 74 2419 3323 2490; baseline -0.001 -14"><span class='ocrx_word' id='word_1_321' title='bbox 74 2421 323 2476; x_wconf 82' lang='lat' dir='ltr'><strong>nominis</strong></span> <span class='ocrx_word' id='word_1_322' title='bbox 359 2421 545 2484; x_wconf 87' lang='lat' dir='ltr'><strong>tertio,</strong></span> <span class='ocrx_word' id='word_1_323' title='bbox 577 2420 635 2478; x_wconf 87' lang='lat' dir='ltr'><strong>in</strong></span> <span class='ocrx_word' id='word_1_324' title='bbox 664 2434 920 2490; x_wconf 88' lang='lat' dir='ltr'><strong>magnum</strong></span> <span class='ocrx_word' id='word_1_325' title='bbox 966 2420 1223 2490; x_wconf 83' lang='lat' dir='ltr'><strong>Ecclesia</strong></span> <span class='ocrx_word' id='word_1_326' title='bbox 1271 2419 1469 2474; x_wconf 87' lang='lat' dir='ltr'><strong>bonum</strong></span> <span class='ocrx_word' id='word_1_327' title='bbox 1515 2419 1658 2474; x_wconf 87' lang='lat' dir='ltr'><strong>idem</strong></span> <span class='ocrx_word' id='word_1_328' title='bbox 1706 2421 1993 2490; x_wconf 81' lang='lat' dir='ltr'><strong>Dionysius</strong></span> <span class='ocrx_word' id='word_1_329' title='bbox 2029 2421 2360 2488; x_wconf 85' lang='lat' dir='ltr'><strong>designavit.</strong></span> <span class='ocrx_word' id='word_1_330' title='bbox 2398 2420 2568 2486; x_wconf 87' lang='lat' dir='ltr'><strong>Cujus</strong></span> <span class='ocrx_word' id='word_1_331' title='bbox 2605 2419 2827 2490; x_wconf 83' lang='lat' dir='ltr'><strong>quidem</strong></span> <span class='ocrx_word' id='word_1_332' title='bbox 2882 2419 3159 2483; x_wconf 87' lang='lat' dir='ltr'><strong>miraculi,</strong></span> <span class='ocrx_word' id='word_1_333' title='bbox 3212 2434 3323 2488; x_wconf 91' lang='lat' dir='ltr'><strong>quo</strong></span> 
     </span>
    </p>
   </div>
   <div class='ocr_carea' id='block_1_44' title="bbox 71 2489 3320 2562">
    <p class='ocr_par' dir='ltr' id='par_1_44' title="bbox 71 2489 3320 2562">
     <span class='ocr_line' id='line_1_46' title="bbox 71 2489 3320 2562; baseline -0.002 -14"><span class='ocrx_word' id='word_1_334' title='bbox 71 2492 290 2548; x_wconf 92' lang='lat' dir='ltr'><strong>certior</strong></span> <span class='ocrx_word' id='word_1_335' title='bbox 320 2500 500 2562; x_wconf 75' lang='lat' dir='ltr'><strong>exstet</strong></span> <span class='ocrx_word' id='word_1_336' title='bbox 532 2489 688 2562; x_wconf 74' lang='lat' dir='ltr'><strong>fides,</strong></span> <span class='ocrx_word' id='word_1_337' title='bbox 714 2503 780 2543; x_wconf 82' lang='lat' dir='ltr'><strong>ex</strong></span> <span class='ocrx_word' id='word_1_338' title='bbox 809 2489 1645 2562; x_wconf 80' lang='lat' dir='ltr'><strong>ipsiusmetStephanilitteris,</strong></span> <span class='ocrx_word' id='word_1_339' title='bbox 1683 2506 1806 2559; x_wconf 79' lang='lat' dir='ltr'><strong>qua</strong></span> <span class='ocrx_word' id='word_1_340' title='bbox 1846 2489 2122 2558; x_wconf 81' lang='lat' dir='ltr'><strong>hodieque</strong></span> <span class='ocrx_word' id='word_1_341' title='bbox 2149 2490 2202 2543; x_wconf 93' lang='lat' dir='ltr'><strong>in</strong></span> <span class='ocrx_word' id='word_1_342' title='bbox 2238 2502 2490 2562; x_wconf 90' lang='lat' dir='ltr'><strong>promptu</strong></span> <span class='ocrx_word' id='word_1_343' title='bbox 2536 2489 2683 2552; x_wconf 85' lang='lat' dir='ltr'><strong>sunt,</strong></span> <span class='ocrx_word' id='word_1_344' title='bbox 2714 2490 2943 2562; x_wconf 87' lang='lat' dir='ltr'><strong>collecta</strong></span> <span class='ocrx_word' id='word_1_345' title='bbox 2972 2490 3176 2562; x_wconf 84' lang='lat' dir='ltr'><strong>veritas</strong></span> <span class='ocrx_word' id='word_1_346' title='bbox 3213 2499 3320 2542; x_wconf 90' lang='lat' dir='ltr'><strong>est.</strong></span> 
     </span>
    </p>
   </div>
   <div class='ocr_carea' id='block_1_45' title="bbox 75 2559 3323 2631">
    <p class='ocr_par' dir='ltr' id='par_1_45' title="bbox 75 2559 3323 2631">
     <span class='ocr_line' id='line_1_47' title="bbox 75 2559 3323 2631; baseline -0.002 -13"><span class='ocrx_word' id='word_1_347' title='bbox 75 2565 184 2618; x_wconf 77' lang='lat' dir='ltr'><strong>Hic</strong></span> <span class='ocrx_word' id='word_1_348' title='bbox 213 2561 384 2631; x_wconf 83' lang='lat' dir='ltr'><strong>igitur</strong></span> <span class='ocrx_word' id='word_1_349' title='bbox 429 2559 742 2626; x_wconf 88' lang='lat' dir='ltr'><strong>Stephanus</strong></span> <span class='ocrx_word' id='word_1_350' title='bbox 779 2559 847 2614; x_wconf 81' lang='lat' dir='ltr'><strong>ab</strong></span> <span class='ocrx_word' id='word_1_351' title='bbox 887 2560 1178 2631; x_wconf 80' lang='lat' dir='ltr'><strong>Aisuilpho</strong></span> <span class='ocrx_word' id='word_1_352' title='bbox 1211 2559 1694 2629; x_wconf 82' lang='lat' dir='ltr'><strong>Longobardorum</strong></span> <span class='ocrx_word' id='word_1_353' title='bbox 1745 2577 1872 2630; x_wconf 75' lang='lat' dir='ltr'><strong>rege</strong></span> <span class='ocrx_word' id='word_1_354' title='bbox 1923 2563 2108 2631; x_wconf 84' lang='lat' dir='ltr'><strong>inique</strong></span> <span class='ocrx_word' id='word_1_355' title='bbox 2153 2559 2475 2630; x_wconf 81' lang='lat' dir='ltr'><strong>oppressus,</strong></span> <span class='ocrx_word' id='word_1_356' title='bbox 2508 2561 2766 2631; x_wconf 75' lang='lat' dir='ltr'><strong>expetitis</strong></span> <span class='ocrx_word' id='word_1_357' title='bbox 2801 2559 3004 2631; x_wconf 79' lang='lat' dir='ltr'><strong>frustra</strong></span> <span class='ocrx_word' id='word_1_358' title='bbox 3046 2561 3113 2612; x_wconf 89' lang='lat' dir='ltr'><strong>ab</strong></span> <span class='ocrx_word' id='word_1_359' title='bbox 3145 2561 3323 2631; x_wconf 80' lang='lat' dir='ltr'><strong>impe-</strong></span> 
     </span>
    </p>
   </div>
   <div class='ocr_carea' id='block_1_46' title="bbox 76 2629 3316 2701">
    <p class='ocr_par' dir='ltr' id='par_1_46' title="bbox 76 2629 3316 2701">
     <span class='ocr_line' id='line_1_48' title="bbox 76 2629 3316 2701; baseline -0.002 -13"><span class='ocrx_word' id='word_1_360' title='bbox 76 2629 269 2688; x_wconf 79' lang='lat' dir='ltr'><strong>ratore</strong></span> <span class='ocrx_word' id='word_1_361' title='bbox 311 2630 916 2701; x_wconf 77' lang='lat' dir='ltr'><strong>Constantinopolitano</strong></span> <span class='ocrx_word' id='word_1_362' title='bbox 960 2630 1448 2701; x_wconf 77' lang='lat' dir='ltr'><strong>auxiliis,demum</strong></span> <span class='ocrx_word' id='word_1_363' title='bbox 1487 2632 1554 2684; x_wconf 89' lang='lat' dir='ltr'><strong>ad</strong></span> <span class='ocrx_word' id='word_1_364' title='bbox 1613 2629 1861 2699; x_wconf 75' lang='lat' dir='ltr'><strong>Pipinun:</strong></span> <span class='ocrx_word' id='word_1_365' title='bbox 1907 2629 2244 2686; x_wconf 86' lang='lat' dir='ltr'><strong>Francorum</strong></span> <span class='ocrx_word' id='word_1_366' title='bbox 2293 2649 2494 2701; x_wconf 83' lang='lat' dir='ltr'><strong>regem,</strong></span> <span class='ocrx_word' id='word_1_367' title='bbox 2527 2629 2595 2687; x_wconf 60' lang='lat' dir='ltr'><strong>si&#39;</strong></span> <span class='ocrx_word' id='word_1_368' title='bbox 2633 2631 2761 2700; x_wconf 88' lang='lat' dir='ltr'><strong>quid</strong></span> <span class='ocrx_word' id='word_1_369' title='bbox 2808 2631 2854 2685; x_wconf 93' lang='lat' dir='ltr'><strong>is</strong></span> <span class='ocrx_word' id='word_1_370' title='bbox 2901 2630 3044 2701; x_wconf 83' lang='lat' dir='ltr'><strong>forte</strong></span> <span class='ocrx_word' id='word_1_371' title='bbox 3088 2629 3316 2701; x_wconf 73' lang='lat' dir='ltr'><strong>subsidii</strong></span> 
     </span>
    </p>
   </div>
   <div class='ocr_carea' id='block_1_47' title="bbox 75 2699 3322 2771">
    <p class='ocr_par' dir='ltr' id='par_1_47' title="bbox 75 2699 3322 2771">
     <span class='ocr_line' id='line_1_49' title="bbox 75 2699 3322 2771; baseline -0.002 -13"><span class='ocrx_word' id='word_1_372' title='bbox 75 2705 329 2764; x_wconf 78' lang='lat' dir='ltr'><strong>atTerret,</strong></span> <span class='ocrx_word' id='word_1_373' title='bbox 365 2716 422 2755; x_wconf 87' lang='lat' dir='ltr'><strong>se</strong></span> <span class='ocrx_word' id='word_1_374' title='bbox 464 2700 730 2771; x_wconf 85' lang='lat' dir='ltr'><strong>contulit;</strong></span> <span class='ocrx_word' id='word_1_375' title='bbox 763 2701 849 2756; x_wconf 90' lang='lat' dir='ltr'><strong>cui</strong></span> <span class='ocrx_word' id='word_1_376' title='bbox 885 2700 1340 2771; x_wconf 78' lang='lat' dir='ltr'><strong>rexpcrbeuigne</strong></span> <span class='ocrx_word' id='word_1_377' title='bbox 1367 2709 1422 2754; x_wconf 90' lang='lat' dir='ltr'><strong>et</strong></span> <span class='ocrx_word' id='word_1_378' title='bbox 1447 2701 1858 2771; x_wconf 86' lang='lat' dir='ltr'><strong>perhumaniter</strong></span> <span class='ocrx_word' id='word_1_379' title='bbox 1883 2714 2130 2771; x_wconf 66' lang='lat' dir='ltr'><strong>excepto,</strong></span> <span class='ocrx_word' id='word_1_380' title='bbox 2155 2712 2318 2770; x_wconf 87' lang='lat' dir='ltr'><strong>atque</strong></span> <span class='ocrx_word' id='word_1_381' title='bbox 2351 2699 2401 2754; x_wconf 85' lang='lat' dir='ltr'><strong>in</strong></span> <span class='ocrx_word' id='word_1_382' title='bbox 2434 2702 2494 2756; x_wconf 81' lang='grc' dir='ltr'><strong>Β.</strong></span> <span class='ocrx_word' id='word_1_383' title='bbox 2530 2699 2767 2771; x_wconf 82' lang='lat' dir='ltr'><strong>Dionysii</strong></span> <span class='ocrx_word' id='word_1_384' title='bbox 2798 2699 3047 2771; x_wconf 63' lang='lat' dir='ltr'><strong>coenobio</strong></span> <span class='ocrx_word' id='word_1_385' title='bbox 3077 2715 3171 2771; x_wconf 87' lang='lat' dir='ltr'><strong>per</strong></span> <span class='ocrx_word' id='word_1_386' title='bbox 3200 2700 3322 2771; x_wconf 85' lang='lat' dir='ltr'><strong>liie-</strong></span> 
     </span>
    </p>
   </div>
   <div class='ocr_carea' id='block_1_48' title="bbox 77 2769 3320 2842">
    <p class='ocr_par' dir='ltr' id='par_1_48' title="bbox 77 2769 3320 2842">
     <span class='ocr_line' id='line_1_50' title="bbox 77 2769 3320 2842; baseline -0.002 -14"><span class='ocrx_word' id='word_1_387' title='bbox 77 2790 230 2828; x_wconf 80' lang='lat' dir='ltr'><strong>iuein</strong></span> <span class='ocrx_word' id='word_1_388' title='bbox 261 2770 518 2842; x_wconf 79' lang='lat' dir='ltr'><strong>hospitari</strong></span> <span class='ocrx_word' id='word_1_389' title='bbox 546 2770 718 2842; x_wconf 85' lang='lat' dir='ltr'><strong>jusso,</strong></span> <span class='ocrx_word' id='word_1_390' title='bbox 745 2770 1032 2841; x_wconf 81' lang='lat' dir='ltr'><strong>spopondit</strong></span> <span class='ocrx_word' id='word_1_391' title='bbox 1058 2785 1116 2823; x_wconf 89' lang='lat' dir='ltr'><strong>se</strong></span> <span class='ocrx_word' id='word_1_392' title='bbox 1138 2769 1385 2842; x_wconf 67' lang='lat' dir='ltr'><strong>proiinio</strong></span> <span class='ocrx_word' id='word_1_393' title='bbox 1416 2769 1542 2826; x_wconf 83' lang='lat' dir='ltr'><strong>\ere</strong></span> <span class='ocrx_word' id='word_1_394' title='bbox 1575 2771 1630 2825; x_wconf 90' lang='lat' dir='ltr'><strong>in</strong></span> <span class='ocrx_word' id='word_1_395' title='bbox 1654 2769 1998 2840; x_wconf 83' lang='lat' dir='ltr'><strong>Aistulphum</strong></span> <span class='ocrx_word' id='word_1_396' title='bbox 2019 2769 2341 2836; x_wconf 79' lang='lat' dir='ltr'><strong>ducturum,</strong></span> <span class='ocrx_word' id='word_1_397' title='bbox 2374 2783 2428 2825; x_wconf 89' lang='lat' dir='ltr'><strong>et</strong></span> <span class='ocrx_word' id='word_1_398' title='bbox 2458 2787 2615 2842; x_wconf 90' lang='lat' dir='ltr'><strong>opem</strong></span> <span class='ocrx_word' id='word_1_399' title='bbox 2641 2769 2854 2826; x_wconf 73' lang='lat' dir='ltr'><strong>afﬂicta</strong></span> <span class='ocrx_word' id='word_1_400' title='bbox 2879 2770 3067 2834; x_wconf 90' lang='lat' dir='ltr'><strong>Italia,</strong></span> <span class='ocrx_word' id='word_1_401' title='bbox 3091 2770 3320 2838; x_wconf 85' lang='lat' dir='ltr'><strong>urbique</strong></span> 
     </span>
    </p>
   </div>
   <div class='ocr_carea' id='block_1_49' title="bbox 83 2841 3322 2912">
    <p class='ocr_par' dir='ltr' id='par_1_49' title="bbox 83 2841 3322 2912">
     <span class='ocr_line' id='line_1_51' title="bbox 83 2841 3322 2912; baseline -0.001 -16"><span class='ocrx_word' id='word_1_402' title='bbox 83 2844 190 2912; x_wconf 86' lang='lat' dir='ltr'><strong>ipsi</strong></span> <span class='ocrx_word' id='word_1_403' title='bbox 221 2851 277 2912; x_wconf 84' lang='lat' dir='ltr'><strong>et</strong></span> <span class='ocrx_word' id='word_1_404' title='bbox 321 2841 556 2909; x_wconf 81' lang='lat' dir='ltr'><strong>pontifici</strong></span> <span class='ocrx_word' id='word_1_405' title='bbox 615 2843 850 2909; x_wconf 87' lang='lat' dir='ltr'><strong>quietem</strong></span> <span class='ocrx_word' id='word_1_406' title='bbox 886 2850 939 2912; x_wconf 90' lang='lat' dir='ltr'><strong>et</strong></span> <span class='ocrx_word' id='word_1_407' title='bbox 986 2856 1171 2912; x_wconf 86' lang='lat' dir='ltr'><strong>pacem</strong></span> <span class='ocrx_word' id='word_1_408' title='bbox 1220 2841 1533 2896; x_wconf 87' lang='lat' dir='ltr'><strong>allaturum.</strong></span> <span class='ocrx_word' id='word_1_409' title='bbox 1572 2842 1854 2911; x_wconf 84' lang='lat' dir='ltr'><strong>Stephano</strong></span> <span class='ocrx_word' id='word_1_410' title='bbox 1888 2844 2092 2896; x_wconf 78' lang='lat' dir='ltr'><strong>interea</strong></span> <span class='ocrx_word' id='word_1_411' title='bbox 2148 2853 2254 2895; x_wconf 89' lang='lat' dir='ltr'><strong>tam</strong></span> <span class='ocrx_word' id='word_1_412' title='bbox 2306 2859 2371 2897; x_wconf 81' lang='lat' dir='ltr'><strong>ex</strong></span> <span class='ocrx_word' id='word_1_413' title='bbox 2415 2843 2666 2896; x_wconf 90' lang='lat' dir='ltr'><strong>itinerum</strong></span> <span class='ocrx_word' id='word_1_414' title='bbox 2719 2842 3021 2912; x_wconf 79' lang='lat' dir='ltr'><strong>laboribus,</strong></span> <span class='ocrx_word' id='word_1_415' title='bbox 3057 2854 3218 2907; x_wconf 86' lang='lat' dir='ltr'><strong>quam</strong></span> <span class='ocrx_word' id='word_1_416' title='bbox 3255 2854 3322 2912; x_wconf 73' lang='lat' dir='ltr'><strong>ex</strong></span> 
     </span>
    </p>
   </div>
   <div class='ocr_carea' id='block_1_50' title="bbox 84 2910 3323 2983">
    <p class='ocr_par' dir='ltr' id='par_1_50' title="bbox 84 2910 3323 2983">
     <span class='ocr_line' id='line_1_52' title="bbox 84 2910 3323 2983; baseline -0.002 -16"><span class='ocrx_word' id='word_1_417' title='bbox 84 2910 309 2980; x_wconf 78' lang='lat' dir='ltr'><strong>injuriis</strong></span> <span class='ocrx_word' id='word_1_418' title='bbox 342 2922 642 2978; x_wconf 85' lang='lat' dir='ltr'><strong>temporum</strong></span> <span class='ocrx_word' id='word_1_419' title='bbox 675 2911 997 2983; x_wconf 69' lang='lat' dir='ltr'><strong>gravissime</strong></span> <span class='ocrx_word' id='word_1_420' title='bbox 1047 2911 1335 2983; x_wconf 89' lang='lat' dir='ltr'><strong>laboranti.</strong></span> <span class='ocrx_word' id='word_1_421' title='bbox 1368 2919 1423 2966; x_wconf 90' lang='lat' dir='ltr'><strong>et</strong></span> <span class='ocrx_word' id='word_1_422' title='bbox 1445 2910 1732 2981; x_wconf 87' lang='lat' dir='ltr'><strong>desperata</strong></span> <span class='ocrx_word' id='word_1_423' title='bbox 1759 2913 1874 2982; x_wconf 87' lang='lat' dir='ltr'><strong>jam</strong></span> <span class='ocrx_word' id='word_1_424' title='bbox 1903 2913 2227 2973; x_wconf 80' lang='lat' dir='ltr'><strong>valetudine,</strong></span> <span class='ocrx_word' id='word_1_425' title='bbox 2259 2928 2528 2983; x_wconf 86' lang='lat' dir='ltr'><strong>nusquam</strong></span> <span class='ocrx_word' id='word_1_426' title='bbox 2562 2912 2663 2965; x_wconf 87' lang='lat' dir='ltr'><strong>nisi</strong></span> <span class='ocrx_word' id='word_1_427' title='bbox 2707 2912 2760 2965; x_wconf 92' lang='lat' dir='ltr'><strong>in</strong></span> <span class='ocrx_word' id='word_1_428' title='bbox 2796 2911 2905 2964; x_wconf 86' lang='lat' dir='ltr'><strong>Deo</strong></span> <span class='ocrx_word' id='word_1_429' title='bbox 2935 2920 2990 2964; x_wconf 90' lang='lat' dir='ltr'><strong>et</strong></span> <span class='ocrx_word' id='word_1_430' title='bbox 3021 2913 3070 2963; x_wconf 92' lang='lat' dir='ltr'><strong>in</strong></span> <span class='ocrx_word' id='word_1_431' title='bbox 3117 2910 3323 2983; x_wconf 77' lang='lat' dir='ltr'><strong>sanctis</strong></span> 
     </span>
    </p>
   </div>
   <div class='ocr_carea' id='block_1_51' title="bbox 79 2980 3319 3052">
    <p class='ocr_par' dir='ltr' id='par_1_51' title="bbox 79 2980 3319 3052">
     <span class='ocr_line' id='line_1_53' title="bbox 79 2980 3319 3052; baseline -0.001 -17"><span class='ocrx_word' id='word_1_432' title='bbox 79 2999 216 3049; x_wconf 75' lang='lat' dir='ltr'><strong>spes</strong></span> <span class='ocrx_word' id='word_1_433' title='bbox 243 2997 370 3036; x_wconf 90' lang='lat' dir='ltr'><strong>suas</strong></span> <span class='ocrx_word' id='word_1_434' title='bbox 403 2984 702 3052; x_wconf 71' lang='lat' dir='ltr'><strong>reponenti,</strong></span> <span class='ocrx_word' id='word_1_435' title='bbox 733 2997 861 3037; x_wconf 87' lang='lat' dir='ltr'><strong>ecce</strong></span> <span class='ocrx_word' id='word_1_436' title='bbox 885 2982 1010 3035; x_wconf 88' lang='lat' dir='ltr'><strong>dum</strong></span> <span class='ocrx_word' id='word_1_437' title='bbox 1052 2982 1104 3034; x_wconf 91' lang='lat' dir='ltr'><strong>in</strong></span> <span class='ocrx_word' id='word_1_438' title='bbox 1134 2983 1250 3036; x_wconf 81' lang='lat' dir='ltr'><strong>ade</strong></span> <span class='ocrx_word' id='word_1_439' title='bbox 1294 2995 1452 3052; x_wconf 87' lang='lat' dir='ltr'><strong>sacra</strong></span> <span class='ocrx_word' id='word_1_440' title='bbox 1489 2980 1678 3051; x_wconf 83' lang='lat' dir='ltr'><strong>preces</strong></span> <span class='ocrx_word' id='word_1_441' title='bbox 1726 2980 1926 3049; x_wconf 82' lang='lat' dir='ltr'><strong>fundit,</strong></span> <span class='ocrx_word' id='word_1_442' title='bbox 1955 2999 2052 3052; x_wconf 92' lang='lat' dir='ltr'><strong>per</strong></span> <span class='ocrx_word' id='word_1_443' title='bbox 2094 2985 2270 3036; x_wconf 89' lang='lat' dir='ltr'><strong>visum</strong></span> <span class='ocrx_word' id='word_1_444' title='bbox 2318 2980 2584 3051; x_wconf 76' lang='lat' dir='ltr'><strong>apparent</strong></span> <span class='ocrx_word' id='word_1_445' title='bbox 2628 2983 2906 3052; x_wconf 87' lang='lat' dir='ltr'><strong>principes</strong></span> <span class='ocrx_word' id='word_1_446' title='bbox 2949 2980 3319 3050; x_wconf 85' lang='lat' dir='ltr'><strong>apostolorum</strong></span> 
     </span>
    </p>
   </div>
   <div class='ocr_carea' id='block_1_52' title="bbox 80 3049 3317 3122">
    <p class='ocr_par' dir='ltr' id='par_1_52' title="bbox 80 3049 3317 3122">
     <span class='ocr_line' id='line_1_54' title="bbox 80 3049 3317 3122; baseline -0.001 -15"><span class='ocrx_word' id='word_1_447' title='bbox 80 3054 286 3107; x_wconf 83' lang='lat' dir='ltr'><strong>Petrus</strong></span> <span class='ocrx_word' id='word_1_448' title='bbox 315 3061 369 3106; x_wconf 91' lang='lat' dir='ltr'><strong>et</strong></span> <span class='ocrx_word' id='word_1_449' title='bbox 401 3049 621 3116; x_wconf 84' lang='lat' dir='ltr'><strong>Paulus,</strong></span> <span class='ocrx_word' id='word_1_450' title='bbox 649 3061 850 3106; x_wconf 90' lang='lat' dir='ltr'><strong>etcum</strong></span> <span class='ocrx_word' id='word_1_451' title='bbox 883 3052 986 3106; x_wconf 91' lang='lat' dir='ltr'><strong>illis</strong></span> <span class='ocrx_word' id='word_1_452' title='bbox 1019 3067 1126 3104; x_wconf 89' lang='lat' dir='ltr'><strong>una</strong></span> <span class='ocrx_word' id='word_1_453' title='bbox 1159 3051 1342 3121; x_wconf 89' lang='lat' dir='ltr'><strong>templi</strong></span> <span class='ocrx_word' id='word_1_454' title='bbox 1369 3049 1568 3121; x_wconf 80' lang='lat' dir='ltr'><strong>prases</strong></span> <span class='ocrx_word' id='word_1_455' title='bbox 1590 3060 1647 3106; x_wconf 70' lang='grc' dir='ltr'><strong>δ.</strong></span> <span class='ocrx_word' id='word_1_456' title='bbox 1685 3049 1992 3122; x_wconf 84' lang='lat' dir='ltr'><strong>Dionysius,</strong></span> <span class='ocrx_word' id='word_1_457' title='bbox 2025 3063 2081 3107; x_wconf 89' lang='lat' dir='ltr'><strong>et</strong></span> <span class='ocrx_word' id='word_1_458' title='bbox 2114 3054 2200 3108; x_wconf 93' lang='lat' dir='ltr'><strong>hic</strong></span> <span class='ocrx_word' id='word_1_459' title='bbox 2233 3049 2450 3122; x_wconf 85' lang='lat' dir='ltr'><strong>quidem</strong></span> <span class='ocrx_word' id='word_1_460' title='bbox 2477 3049 2666 3122; x_wconf 78' lang='lat' dir='ltr'><strong>gracili</strong></span> <span class='ocrx_word' id='word_1_461' title='bbox 2707 3067 2772 3106; x_wconf 84' lang='lat' dir='ltr'><strong>ac</strong></span> <span class='ocrx_word' id='word_1_462' title='bbox 2787 3049 3033 3122; x_wconf 67' lang='lat' dir='ltr'><strong>procero</strong></span> <span class='ocrx_word' id='word_1_463' title='bbox 3063 3063 3317 3122; x_wconf 85' lang='lat' dir='ltr'><strong>corpore,</strong></span> 
     </span>
    </p>
   </div>
   <div class='ocr_carea' id='block_1_53' title="bbox 79 3121 3414 3194">
    <p class='ocr_par' dir='ltr' id='par_1_53' title="bbox 79 3121 3414 3194">
     <span class='ocr_line' id='line_1_55' title="bbox 79 3121 3414 3194; baseline -0.001 -19"><span class='ocrx_word' id='word_1_464' title='bbox 79 3125 240 3178; x_wconf 86' lang='lat' dir='ltr'><strong>vultu</strong></span> <span class='ocrx_word' id='word_1_465' title='bbox 279 3134 702 3194; x_wconf 56' lang='lat' dir='ltr'><strong>anianmcoma</strong></span> <span class='ocrx_word' id='word_1_466' title='bbox 733 3122 985 3194; x_wconf 79' lang='lat' dir='ltr'><strong>candida,</strong></span> <span class='ocrx_word' id='word_1_467' title='bbox 1020 3122 1199 3194; x_wconf 88' lang='lat' dir='ltr'><strong>tunica</strong></span> <span class='ocrx_word' id='word_1_468' title='bbox 1244 3124 1395 3194; x_wconf 86' lang='lat' dir='ltr'><strong>nivea</strong></span> <span class='ocrx_word' id='word_1_469' title='bbox 1433 3122 1585 3178; x_wconf 88' lang='lat' dir='ltr'><strong>clavo</strong></span> <span class='ocrx_word' id='word_1_470' title='bbox 1625 3121 1896 3194; x_wconf 79' lang='lat' dir='ltr'><strong>purpureo</strong></span> <span class='ocrx_word' id='word_1_471' title='bbox 1931 3124 2142 3194; x_wconf 84' lang='lat' dir='ltr'><strong>juncta,</strong></span> <span class='ocrx_word' id='word_1_472' title='bbox 2177 3121 2340 3193; x_wconf 88' lang='lat' dir='ltr'><strong>pallio</strong></span> <span class='ocrx_word' id='word_1_473' title='bbox 2377 3121 2722 3194; x_wconf 77' lang='lat' dir='ltr'><strong>conchyliato</strong></span> <span class='ocrx_word' id='word_1_474' title='bbox 2753 3121 2986 3194; x_wconf 72' lang='lat' dir='ltr'><strong>stellulis</strong></span> <span class='ocrx_word' id='word_1_475' title='bbox 3023 3125 3203 3174; x_wconf 84' lang='lat' dir='ltr'><strong>aureis</strong></span> <span class='ocrx_word' id='word_1_476' title='bbox 3231 3121 3318 3172; x_wconf 80' lang='lat' dir='ltr'><strong>in-</strong></span> <span class='ocrx_word' id='word_1_477' title='bbox 3409 3180 3414 3186; x_wconf 48' lang='grc'>,</span> 
     </span>
    </p>
   </div>
   <div class='ocr_carea' id='block_1_54' title="bbox 81 3191 3319 3264">
    <p class='ocr_par' dir='ltr' id='par_1_54' title="bbox 81 3191 3319 3264">
     <span class='ocr_line' id='line_1_56' title="bbox 81 3191 3319 3264; baseline -0.002 -17"><span class='ocrx_word' id='word_1_478' title='bbox 81 3201 372 3247; x_wconf 77' lang='lat' dir='ltr'><strong>teitexto:</strong></span> <span class='ocrx_word' id='word_1_479' title='bbox 418 3200 471 3245; x_wconf 91' lang='lat' dir='ltr'><strong>et</strong></span> <span class='ocrx_word' id='word_1_480' title='bbox 502 3191 556 3244; x_wconf 93' lang='lat' dir='ltr'><strong>hi</strong></span> <span class='ocrx_word' id='word_1_481' title='bbox 591 3191 734 3264; x_wconf 87' lang='lat' dir='ltr'><strong>inter</strong></span> <span class='ocrx_word' id='word_1_482' title='bbox 762 3205 884 3264; x_wconf 83' lang='lat' dir='ltr'><strong>sese</strong></span> <span class='ocrx_word' id='word_1_483' title='bbox 927 3191 1047 3246; x_wconf 81' lang='lat' dir='ltr'><strong>lato</strong></span> <span class='ocrx_word' id='word_1_484' title='bbox 1079 3208 1144 3245; x_wconf 89' lang='lat' dir='ltr'><strong>ac</strong></span> <span class='ocrx_word' id='word_1_485' title='bbox 1187 3192 1344 3246; x_wconf 90' lang='lat' dir='ltr'><strong>hilari</strong></span> <span class='ocrx_word' id='word_1_486' title='bbox 1392 3207 1490 3246; x_wconf 84' lang='lat' dir='ltr'><strong>ore</strong></span> <span class='ocrx_word' id='word_1_487' title='bbox 1539 3191 1994 3256; x_wconf 80' lang='lat' dir='ltr'><strong>serinoeinantes.</strong></span> <span class='ocrx_word' id='word_1_488' title='bbox 2042 3191 2295 3264; x_wconf 75' lang='lat' dir='ltr'><strong>Dionysio</strong></span> <span class='ocrx_word' id='word_1_489' title='bbox 2332 3191 2578 3248; x_wconf 84' lang='lat' dir='ltr'><strong>medendi</strong></span> <span class='ocrx_word' id='word_1_490' title='bbox 2622 3207 2818 3248; x_wconf 82' lang='lat' dir='ltr'><strong>munus</strong></span> <span class='ocrx_word' id='word_1_491' title='bbox 2864 3192 3161 3264; x_wconf 69' lang='lat' dir='ltr'><strong>deferunt;</strong></span> <span class='ocrx_word' id='word_1_492' title='bbox 3208 3199 3319 3242; x_wconf 90' lang='lat' dir='ltr'><strong>tum</strong></span> 
     </span>
    </p>
   </div>
   <div class='ocr_carea' id='block_1_55' title="bbox 77 3259 3319 3334">
    <p class='ocr_par' dir='ltr' id='par_1_55' title="bbox 77 3259 3319 3334">
     <span class='ocr_line' id='line_1_57' title="bbox 77 3259 3319 3334; baseline -0.002 -17"><span class='ocrx_word' id='word_1_493' title='bbox 77 3268 176 3318; x_wconf 90' lang='lat' dir='ltr'><strong>ille</strong></span> <span class='ocrx_word' id='word_1_494' title='bbox 204 3265 438 3334; x_wconf 87' lang='lat' dir='ltr'><strong>palmam</strong></span> <span class='ocrx_word' id='word_1_495' title='bbox 483 3261 907 3334; x_wconf 13' lang='lat' dir='ltr'><strong>etrthuribulum</strong></span> <span class='ocrx_word' id='word_1_496' title='bbox 957 3276 1119 3316; x_wconf 87' lang='lat' dir='ltr'><strong>manu</strong></span> <span class='ocrx_word' id='word_1_497' title='bbox 1152 3272 1395 3331; x_wconf 88' lang='lat' dir='ltr'><strong>gestans,</strong></span> <span class='ocrx_word' id='word_1_498' title='bbox 1430 3265 1850 3334; x_wconf 23' lang='lat' dir='ltr'><strong>presbyteroiet</strong></span> <span class='ocrx_word' id='word_1_499' title='bbox 1895 3265 2145 3329; x_wconf 73' lang='lat' dir='ltr'><strong>diacono,</strong></span> <span class='ocrx_word' id='word_1_500' title='bbox 2179 3259 2272 3332; x_wconf 72' lang='lat' dir='ltr'><strong>qui</strong></span> <span class='ocrx_word' id='word_1_501' title='bbox 2313 3279 2558 3318; x_wconf 88' lang='lat' dir='ltr'><strong>seorsum</strong></span> <span class='ocrx_word' id='word_1_502' title='bbox 2603 3264 2782 3317; x_wconf 88' lang='lat' dir='ltr'><strong>adhuc</strong></span> <span class='ocrx_word' id='word_1_503' title='bbox 2823 3270 3107 3334; x_wconf 77' lang='lat' dir='ltr'><strong>steterant,</strong></span> <span class='ocrx_word' id='word_1_504' title='bbox 3149 3259 3319 3334; x_wconf 77' lang='lat' dir='ltr'><strong>latera</strong></span> 
     </span>
    </p>
   </div>
   <div class='ocr_carea' id='block_1_56' title="bbox 74 3329 3320 3406">
    <p class='ocr_par' dir='ltr' id='par_1_56' title="bbox 74 3329 3320 3406">
     <span class='ocr_line' id='line_1_58' title="bbox 74 3329 3320 3406; baseline -0.002 -17"><span class='ocrx_word' id='word_1_505' title='bbox 74 3329 464 3406; x_wconf 74' lang='lat' dir='ltr'><strong>cingentibus,</strong></span> <span class='ocrx_word' id='word_1_506' title='bbox 498 3333 565 3386; x_wconf 86' lang='lat' dir='ltr'><strong>ad</strong></span> <span class='ocrx_word' id='word_1_507' title='bbox 593 3347 797 3401; x_wconf 88' lang='lat' dir='ltr'><strong>agrum</strong></span> <span class='ocrx_word' id='word_1_508' title='bbox 833 3333 1055 3401; x_wconf 86' lang='lat' dir='ltr'><strong>propius</strong></span> <span class='ocrx_word' id='word_1_509' title='bbox 1087 3329 1319 3406; x_wconf 73' lang='lat' dir='ltr'><strong>accedit,</strong></span> <span class='ocrx_word' id='word_1_510' title='bbox 1368 3329 1715 3406; x_wconf 57' lang='lat' dir='ltr'><strong>salutatq&#39;ue:</strong></span> <span class='ocrx_word' id='word_1_511' title='bbox 1749 3333 1868 3388; x_wconf 72' lang='lat' dir='ltr'><strong>Paa&#39;.</strong></span> <span class='ocrx_word' id='word_1_512' title='bbox 1894 3346 2083 3399; x_wconf 83' lang='lat' dir='ltr'><strong>(ecum,</strong></span> <span class='ocrx_word' id='word_1_513' title='bbox 2123 3329 2314 3402; x_wconf 71' lang='lat' dir='ltr'><strong>frater,</strong></span> <span class='ocrx_word' id='word_1_514' title='bbox 2350 3335 2455 3406; x_wconf 67' lang='lat' dir='ltr'><strong>noli</strong></span> <span class='ocrx_word' id='word_1_515' title='bbox 2490 3335 2674 3406; x_wconf 81' lang='lat' dir='ltr'><strong>timere</strong></span> <span class='ocrx_word' id='word_1_516' title='bbox 2704 3349 2725 3386; x_wconf 89' lang='lat'><strong><em>:</em></strong></span> <span class='ocrx_word' id='word_1_517' title='bbox 2751 3350 2854 3406; x_wconf 83' lang='lat' dir='ltr'><strong>non</strong></span> <span class='ocrx_word' id='word_1_518' title='bbox 2887 3331 3130 3406; x_wconf 76' lang='lat' dir='ltr'><strong>morieris</strong></span> <span class='ocrx_word' id='word_1_519' title='bbox 3159 3329 3320 3406; x_wconf 61' lang='lat' dir='ltr'><strong>donec</strong></span> 
     </span>
    </p>
   </div>
   <div class='ocr_carea' id='block_1_57' title="bbox 73 3399 3320 3472">
    <p class='ocr_par' dir='ltr' id='par_1_57' title="bbox 73 3399 3320 3472">
     <span class='ocr_line' id='line_1_59' title="bbox 73 3399 3320 3472; baseline -0.002 -13"><span class='ocrx_word' id='word_1_520' title='bbox 73 3409 150 3459; x_wconf 80' lang='lat' dir='ltr'><strong>ad</strong></span> <span class='ocrx_word' id='word_1_521' title='bbox 184 3399 363 3459; x_wconf 60' lang='lat' dir='ltr'><strong>sedem</strong></span> <span class='ocrx_word' id='word_1_522' title='bbox 395 3412 539 3456; x_wconf 83' lang='lat' dir='ltr'><strong>tuam</strong></span> <span class='ocrx_word' id='word_1_523' title='bbox 569 3399 814 3470; x_wconf 78' lang='lat' dir='ltr'><strong>prospere</strong></span> <span class='ocrx_word' id='word_1_524' title='bbox 846 3399 1142 3456; x_wconf 71' lang='lat' dir='ltr'><strong>revertaris.</strong></span> <span class='ocrx_word' id='word_1_525' title='bbox 1177 3401 1346 3472; x_wconf 78' lang='lat' dir='ltr'><strong>Surge</strong></span> <span class='ocrx_word' id='word_1_526' title='bbox 1375 3421 1563 3470; x_wconf 80' lang='lat' dir='ltr'><strong>sanus,</strong></span> <span class='ocrx_word' id='word_1_527' title='bbox 1586 3399 1644 3456; x_wconf 40' lang='lat' dir='ltr'><strong>‘et</strong></span> <span class='ocrx_word' id='word_1_528' title='bbox 1671 3404 1768 3458; x_wconf 78' lang='lat' dir='ltr'><strong>hoc</strong></span> <span class='ocrx_word' id='word_1_529' title='bbox 1799 3407 1972 3458; x_wconf 85' lang='lat' dir='ltr'><strong>altare</strong></span> <span class='ocrx_word' id='word_1_530' title='bbox 2016 3406 2072 3458; x_wconf 84' lang='lat' dir='ltr'><strong>in</strong></span> <span class='ocrx_word' id='word_1_531' title='bbox 2105 3399 2356 3458; x_wconf 70' lang='lat' dir='ltr'><strong>honorem</strong></span> <span class='ocrx_word' id='word_1_532' title='bbox 2398 3403 2497 3458; x_wconf 81' lang='lat' dir='ltr'><strong>Dei</strong></span> <span class='ocrx_word' id='word_1_533' title='bbox 2528 3415 2575 3456; x_wconf 84' lang='lat' dir='ltr'><strong>et</strong></span> <span class='ocrx_word' id='word_1_534' title='bbox 2613 3403 2977 3472; x_wconf 78' lang='lat' dir='ltr'><strong>apostolorum</strong></span> <span class='ocrx_word' id='word_1_535' title='bbox 3020 3401 3133 3472; x_wconf 85' lang='lat' dir='ltr'><strong>ejus</strong></span> <span class='ocrx_word' id='word_1_536' title='bbox 3173 3399 3320 3453; x_wconf 85' lang='lat' dir='ltr'><strong>Petri</strong></span> 
     </span>
    </p>
   </div>
   <div class='ocr_carea' id='block_1_58' title="bbox 70 3472 3322 3552">
    <p class='ocr_par' dir='ltr' id='par_1_58' title="bbox 70 3472 3322 3552">
     <span class='ocr_line' id='line_1_60' title="bbox 70 3472 3322 3552; baseline -0.002 -24"><span class='ocrx_word' id='word_1_537' title='bbox 70 3486 127 3528; x_wconf 74' lang='lat' dir='ltr'><strong>et</strong></span> <span class='ocrx_word' id='word_1_538' title='bbox 159 3473 712 3552; x_wconf 42' lang='lat' dir='ltr'><strong>Ponti,_quos‘vides,</strong></span> <span class='ocrx_word' id='word_1_539' title='bbox 740 3473 944 3552; x_wconf 67' lang='lat' dir='ltr'><strong>dedico,</strong></span> <span class='ocrx_word' id='word_1_540' title='bbox 985 3474 1176 3552; x_wconf 75' lang='lat' dir='ltr'><strong>missas</strong></span> <span class='ocrx_word' id='word_1_541' title='bbox 1203 3475 1505 3542; x_wconf 71' lang='lat' dir='ltr'><strong>gratiarum</strong></span> <span class='ocrx_word' id='word_1_542' title='bbox 1529 3490 1722 3552; x_wconf 74' lang='lat' dir='ltr'><strong>agens.</strong></span> <span class='ocrx_word' id='word_1_543' title='bbox 1758 3475 1888 3552; x_wconf 84' lang='lat' dir='ltr'><strong>Erat</strong></span> <span class='ocrx_word' id='word_1_544' title='bbox 1921 3492 2049 3552; x_wconf 86' lang='lat' dir='ltr'><strong>vero</strong></span> <span class='ocrx_word' id='word_1_545' title='bbox 2082 3475 2391 3552; x_wconf 82' lang='lat' dir='ltr'><strong>ibideti_i_(ut</strong></span> <span class='ocrx_word' id='word_1_546' title='bbox 2418 3476 2533 3543; x_wconf 90' lang='lat' dir='ltr'><strong>ipse</strong></span> <span class='ocrx_word' id='word_1_547' title='bbox 2568 3475 2755 3552; x_wconf 81' lang='lat' dir='ltr'><strong>retulit</strong></span> <span class='ocrx_word' id='word_1_548' title='bbox 2785 3474 2886 3552; x_wconf 77' lang='lat' dir='ltr'><strong>visi</strong></span> <span class='ocrx_word' id='word_1_549' title='bbox 2917 3472 3077 3540; x_wconf 85' lang='lat' dir='ltr'><strong>hujus</strong></span> <span class='ocrx_word' id='word_1_550' title='bbox 3106 3480 3322 3552; x_wconf 79' lang='lat' dir='ltr'><strong>specta-</strong></span> 
     </span>
    </p>
   </div>
   <div class='ocr_carea' id='block_1_59' title="bbox 73 3541 3318 3622">
    <p class='ocr_par' dir='ltr' id='par_1_59' title="bbox 73 3541 3318 3622">
     <span class='ocr_line' id='line_1_61' title="bbox 73 3541 3318 3622; baseline -0.001 -25"><span class='ocrx_word' id='word_1_551' title='bbox 73 3558 168 3622; x_wconf 75' lang='lat' dir='ltr'><strong>tor</strong></span> <span class='ocrx_word' id='word_1_552' title='bbox 208 3541 544 3612; x_wconf 87' lang='lat' dir='ltr'><strong>Stephanus)</strong></span> <span class='ocrx_word' id='word_1_553' title='bbox 580 3542 974 3622; x_wconf 64' lang='lat' dir='ltr'><strong>iliastimabilis</strong></span> <span class='ocrx_word' id='word_1_554' title='bbox 1003 3541 1251 3622; x_wconf 60' lang='lat' dir='ltr'><strong>quadam</strong></span> <span class='ocrx_word' id='word_1_555' title='bbox 1301 3561 1421 3622; x_wconf 79' lang='lat' dir='ltr'><strong>cum</strong></span> <span class='ocrx_word' id='word_1_556' title='bbox 1471 3545 1934 3622; x_wconf 36' lang='lat' dir='ltr'><strong>mira-suavitate</strong></span> <span class='ocrx_word' id='word_1_557' title='bbox 1961 3549 2206 3601; x_wconf 79' lang='lat' dir='ltr'><strong>claritas.</strong></span> <span class='ocrx_word' id='word_1_558' title='bbox 2253 3545 2379 3599; x_wconf 72' lang='lat' dir='ltr'><strong>Mox</strong></span> <span class='ocrx_word' id='word_1_559' title='bbox 2413 3541 2560 3622; x_wconf 71' lang='lat' dir='ltr'><strong>ergo</strong></span> <span class='ocrx_word' id='word_1_560' title='bbox 2609 3544 2830 3599; x_wconf 87' lang='lat' dir='ltr'><strong>sanitati</strong></span> <span class='ocrx_word' id='word_1_561' title='bbox 2880 3552 2966 3598; x_wconf 87' lang='lat' dir='ltr'><strong>est</strong></span> <span class='ocrx_word' id='word_1_562' title='bbox 3013 3544 3318 3622; x_wconf 72' lang='lat' dir='ltr'><strong>restitutus.</strong></span> 
     </span>
    </p>
   </div>
   <div class='ocr_carea' id='block_1_60' title="bbox 70 3611 3322 3684">
    <p class='ocr_par' dir='ltr' id='par_1_60' title="bbox 70 3611 3322 3684">
     <span class='ocr_line' id='line_1_62' title="bbox 70 3611 3322 3684; baseline -0.001 -17"><span class='ocrx_word' id='word_1_563' title='bbox 70 3618 266 3681; x_wconf 78' lang='lat' dir='ltr'><strong>Quare</strong></span> <span class='ocrx_word' id='word_1_564' title='bbox 299 3611 419 3666; x_wconf 85' lang='lat' dir='ltr'><strong>cum</strong></span> <span class='ocrx_word' id='word_1_565' title='bbox 467 3612 690 3684; x_wconf 82' lang='lat' dir='ltr'><strong>exsequi</strong></span> <span class='ocrx_word' id='word_1_566' title='bbox 725 3615 1035 3667; x_wconf 87' lang='lat' dir='ltr'><strong>mandatum</strong></span> <span class='ocrx_word' id='word_1_567' title='bbox 1075 3615 1132 3669; x_wconf 83' lang='grc' dir='ltr'><strong>Β.</strong></span> <span class='ocrx_word' id='word_1_568' title='bbox 1183 3614 1422 3684; x_wconf 86' lang='lat' dir='ltr'><strong>Dionysii</strong></span> <span class='ocrx_word' id='word_1_569' title='bbox 1466 3615 1579 3681; x_wconf 88' lang='lat' dir='ltr'><strong>jam</strong></span> <span class='ocrx_word' id='word_1_570' title='bbox 1625 3615 1914 3670; x_wconf 89' lang='lat' dir='ltr'><strong>incolumis</strong></span> <span class='ocrx_word' id='word_1_571' title='bbox 1964 3627 2260 3683; x_wconf 89' lang='lat' dir='ltr'><strong>satageret,</strong></span> <span class='ocrx_word' id='word_1_572' title='bbox 2294 3625 2348 3668; x_wconf 90' lang='lat' dir='ltr'><strong>et</strong></span> <span class='ocrx_word' id='word_1_573' title='bbox 2395 3611 2823 3669; x_wconf 77' lang='lat' dir='ltr'><strong>demonstratam</strong></span> <span class='ocrx_word' id='word_1_574' title='bbox 2869 3628 3022 3668; x_wconf 85' lang='lat' dir='ltr'><strong>aram</strong></span> <span class='ocrx_word' id='word_1_575' title='bbox 3058 3615 3107 3684; x_wconf 88' lang='lat' dir='ltr'><strong>in</strong></span> <span class='ocrx_word' id='word_1_576' title='bbox 3143 3611 3236 3666; x_wconf 89' lang='lat' dir='ltr'><strong>Dei</strong></span> <span class='ocrx_word' id='word_1_577' title='bbox 3267 3621 3322 3665; x_wconf 83' lang='lat' dir='ltr'><strong>et</strong></span> 
     </span>
    </p>
   </div>
   <div class='ocr_carea' id='block_1_61' title="bbox 69 3682 3317 3762">
    <p class='ocr_par' dir='ltr' id='par_1_61' title="bbox 69 3682 3317 3762">
     <span class='ocr_line' id='line_1_63' title="bbox 69 3682 3317 3762; baseline -0.001 -26"><span class='ocrx_word' id='word_1_578' title='bbox 69 3685 456 3762; x_wconf 69' lang='lat' dir='ltr'><strong>apostolorum</strong></span> <span class='ocrx_word' id='word_1_579' title='bbox 489 3682 750 3762; x_wconf 78' lang='lat' dir='ltr'><strong>honorem</strong></span> <span class='ocrx_word' id='word_1_580' title='bbox 785 3697 1132 3762; x_wconf 80' lang='lat' dir='ltr'><strong>consecrare,</strong></span> <span class='ocrx_word' id='word_1_581' title='bbox 1173 3682 1329 3762; x_wconf 25' lang='lat' dir='ltr'><strong>ii‘qui</strong></span> <span class='ocrx_word' id='word_1_582' title='bbox 1370 3699 1554 3762; x_wconf 83' lang='lat' dir='ltr'><strong>coram</strong></span> <span class='ocrx_word' id='word_1_583' title='bbox 1588 3687 1835 3762; x_wconf 84' lang='lat' dir='ltr'><strong>aderant,</strong></span> <span class='ocrx_word' id='word_1_584' title='bbox 1881 3695 1937 3762; x_wconf 84' lang='lat' dir='ltr'><strong>et</strong></span> <span class='ocrx_word' id='word_1_585' title='bbox 1964 3682 2227 3755; x_wconf 87' lang='lat' dir='ltr'><strong>pridiana</strong></span> <span class='ocrx_word' id='word_1_586' title='bbox 2264 3684 2596 3762; x_wconf 79' lang='lat' dir='ltr'><strong>infirmitatis</strong></span> <span class='ocrx_word' id='word_1_587' title='bbox 2628 3685 2832 3762; x_wconf 80' lang='lat' dir='ltr'><strong>oculati</strong></span> <span class='ocrx_word' id='word_1_588' title='bbox 2864 3693 3031 3762; x_wconf 83' lang='lat' dir='ltr'><strong>testes</strong></span> <span class='ocrx_word' id='word_1_589' title='bbox 3079 3682 3317 3745; x_wconf 84' lang='lat' dir='ltr'><strong>fuerant,</strong></span> 
     </span>
    </p>
   </div>
   <div class='ocr_carea' id='block_1_62' title="bbox 69 3753 3322 3825">
    <p class='ocr_par' dir='ltr' id='par_1_62' title="bbox 69 3753 3322 3825">
     <span class='ocr_line' id='line_1_64' title="bbox 69 3753 3322 3825; baseline -0.002 -14"><span class='ocrx_word' id='word_1_590' title='bbox 69 3753 331 3824; x_wconf 75' lang='lat' dir='ltr'><strong>desipere</strong></span> <span class='ocrx_word' id='word_1_591' title='bbox 357 3753 942 3825; x_wconf 16' lang='lat' dir='ltr'><strong>eutnlarbitrahautur,</strong></span> <span class='ocrx_word' id='word_1_592' title='bbox 977 3754 1149 3807; x_wconf 88' lang='lat' dir='ltr'><strong>donec</strong></span> <span class='ocrx_word' id='word_1_593' title='bbox 1178 3753 1372 3824; x_wconf 86' lang='lat' dir='ltr'><strong>Pipino</strong></span> <span class='ocrx_word' id='word_1_594' title='bbox 1406 3756 1543 3824; x_wconf 87' lang='lat' dir='ltr'><strong>regi,</strong></span> <span class='ocrx_word' id='word_1_595' title='bbox 1585 3765 1638 3808; x_wconf 88' lang='lat' dir='ltr'><strong>et</strong></span> <span class='ocrx_word' id='word_1_596' title='bbox 1667 3753 2021 3824; x_wconf 82' lang='lat' dir='ltr'><strong>optimatibus</strong></span> <span class='ocrx_word' id='word_1_597' title='bbox 2050 3765 2212 3825; x_wconf 89' lang='lat' dir='ltr'><strong>atque</strong></span> <span class='ocrx_word' id='word_1_598' title='bbox 2245 3756 2565 3825; x_wconf 89' lang='lat' dir='ltr'><strong>proceribus</strong></span> <span class='ocrx_word' id='word_1_599' title='bbox 2600 3754 2676 3807; x_wconf 92' lang='lat' dir='ltr'><strong>rei</strong></span> <span class='ocrx_word' id='word_1_600' title='bbox 2722 3755 2865 3809; x_wconf 90' lang='lat' dir='ltr'><strong>serie</strong></span> <span class='ocrx_word' id='word_1_601' title='bbox 2908 3754 3224 3825; x_wconf 76' lang='lat' dir='ltr'><strong>denarrata,</strong></span> <span class='ocrx_word' id='word_1_602' title='bbox 3265 3762 3322 3804; x_wconf 84' lang='lat' dir='ltr'><strong>et</strong></span> 
     </span>
    </p>
   </div>
   <div class='ocr_carea' id='block_1_63' title="bbox 67 3823 3319 3894">
    <p class='ocr_par' dir='ltr' id='par_1_63' title="bbox 67 3823 3319 3894">
     <span class='ocr_line' id='line_1_65' title="bbox 67 3823 3319 3894; baseline -0.002 -14"><span class='ocrx_word' id='word_1_603' title='bbox 67 3834 102 3880; x_wconf 81' lang='lat' dir='ltr'><strong>ti</strong></span> <span class='ocrx_word' id='word_1_604' title='bbox 117 3831 186 3882; x_wconf 84' lang='lat' dir='ltr'><strong>de</strong></span> <span class='ocrx_word' id='word_1_605' title='bbox 217 3825 382 3880; x_wconf 89' lang='lat' dir='ltr'><strong>dictis</strong></span> <span class='ocrx_word' id='word_1_606' title='bbox 408 3824 615 3894; x_wconf 89' lang='lat' dir='ltr'><strong>habita,</strong></span> <span class='ocrx_word' id='word_1_607' title='bbox 644 3823 748 3876; x_wconf 88' lang='lat' dir='ltr'><strong>rite</strong></span> <span class='ocrx_word' id='word_1_608' title='bbox 775 3824 946 3877; x_wconf 88' lang='lat' dir='ltr'><strong>sacris</strong></span> <span class='ocrx_word' id='word_1_609' title='bbox 981 3823 1258 3891; x_wconf 78' lang='lat' dir='ltr'><strong>operatus,</strong></span> <span class='ocrx_word' id='word_1_610' title='bbox 1305 3840 1424 3879; x_wconf 91' lang='lat' dir='ltr'><strong>eam</strong></span> <span class='ocrx_word' id='word_1_611' title='bbox 1458 3823 1630 3894; x_wconf 80' lang='lat' dir='ltr'><strong>ipsam</strong></span> <span class='ocrx_word' id='word_1_612' title='bbox 1661 3823 1813 3879; x_wconf 82' lang='lat' dir='ltr'><strong>aram</strong></span> <span class='ocrx_word' id='word_1_613' title='bbox 1853 3823 2144 3889; x_wconf 68' lang='lat' dir='ltr'><strong>dedicavit,</strong></span> <span class='ocrx_word' id='word_1_614' title='bbox 2174 3823 2432 3894; x_wconf 38' lang='lat' dir='ltr'><strong>et&#39;super</strong></span> <span class='ocrx_word' id='word_1_615' title='bbox 2459 3841 2520 3880; x_wconf 87' lang='lat' dir='ltr'><strong>ea</strong></span> <span class='ocrx_word' id='word_1_616' title='bbox 2565 3825 2786 3893; x_wconf 90' lang='lat' dir='ltr'><strong>pallium</strong></span> <span class='ocrx_word' id='word_1_617' title='bbox 2825 3823 3210 3894; x_wconf 88' lang='lat' dir='ltr'><strong>apostolicum,</strong></span> <span class='ocrx_word' id='word_1_618' title='bbox 3246 3836 3319 3894; x_wconf 78' lang='lat' dir='ltr'><strong>ac</strong></span> 
     </span>
    </p>
   </div>
   <div class='ocr_carea' id='block_1_64' title="bbox 67 3890 3317 3965">
    <p class='ocr_par' dir='ltr' id='par_1_64' title="bbox 67 3890 3317 3965">
     <span class='ocr_line' id='line_1_66' title="bbox 67 3890 3317 3965; baseline -0.003 -13"><span class='ocrx_word' id='word_1_619' title='bbox 67 3899 229 3954; x_wconf 81' lang='lat' dir='ltr'><strong>l’etri</strong></span> <span class='ocrx_word' id='word_1_620' title='bbox 260 3899 463 3958; x_wconf 88' lang='lat' dir='ltr'><strong>claves,</strong></span> <span class='ocrx_word' id='word_1_621' title='bbox 495 3893 639 3948; x_wconf 85' lang='lat' dir='ltr'><strong>velut</strong></span> <span class='ocrx_word' id='word_1_622' title='bbox 663 3908 816 3947; x_wconf 91' lang='lat' dir='ltr'><strong>sacra</strong></span> <span class='ocrx_word' id='word_1_623' title='bbox 847 3890 1091 3962; x_wconf 71' lang='lat' dir='ltr'><strong>quarta.”</strong></span> <span class='ocrx_word' id='word_1_624' title='bbox 1139 3890 1515 3961; x_wconf 78' lang='lat' dir='ltr'><strong>anathemata,</strong></span> <span class='ocrx_word' id='word_1_625' title='bbox 1553 3897 1604 3948; x_wconf 90' lang='lat' dir='ltr'><strong>in</strong></span> <span class='ocrx_word' id='word_1_626' title='bbox 1642 3897 1718 3951; x_wconf 88' lang='lat' dir='ltr'><strong>rei</strong></span> <span class='ocrx_word' id='word_1_627' title='bbox 1755 3899 2078 3950; x_wconf 82' lang='lat' dir='ltr'><strong>memoriam</strong></span> <span class='ocrx_word' id='word_1_628' title='bbox 2117 3890 2390 3965; x_wconf 76' lang='lat' dir='ltr'><strong>deposuit.</strong></span> <span class='ocrx_word' id='word_1_629' title='bbox 2420 3890 2617 3965; x_wconf 80' lang='lat' dir='ltr'><strong>Annus</strong></span> <span class='ocrx_word' id='word_1_630' title='bbox 2655 3902 2780 3947; x_wconf 91' lang='lat' dir='ltr'><strong>tunc</strong></span> <span class='ocrx_word' id='word_1_631' title='bbox 2813 3890 3077 3965; x_wconf 77' lang='lat' dir='ltr'><strong>agebatur</strong></span> <span class='ocrx_word' id='word_1_632' title='bbox 3106 3890 3317 3965; x_wconf 85' lang='lat' dir='ltr'><strong>Domini</strong></span> 
     </span>
    </p>
   </div>
   <div class='ocr_carea' id='block_1_65' title="bbox 63 3960 3316 4037">
    <p class='ocr_par' dir='ltr' id='par_1_65' title="bbox 63 3960 3316 4037">
     <span class='ocr_line' id='line_1_67' title="bbox 63 3960 3316 4037; baseline -0.003 -14"><span class='ocrx_word' id='word_1_633' title='bbox 63 3967 592 4037; x_wconf 81' lang='lat' dir='ltr'><strong>septingentesimus</strong></span> <span class='ocrx_word' id='word_1_634' title='bbox 604 3960 1084 4037; x_wconf 79' lang='lat' dir='ltr'><strong>quinquagesiinus</strong></span> <span class='ocrx_word' id='word_1_635' title='bbox 1097 3976 1337 4034; x_wconf 89' lang='lat' dir='ltr'><strong>quartus,</strong></span> <span class='ocrx_word' id='word_1_636' title='bbox 1357 3967 1453 4033; x_wconf 91' lang='lat' dir='ltr'><strong>ipsi</strong></span> <span class='ocrx_word' id='word_1_637' title='bbox 1465 3960 1525 4020; x_wconf 88' lang='lat' dir='ltr'><strong>us</strong></span> <span class='ocrx_word' id='word_1_638' title='bbox 1539 3977 1718 4020; x_wconf 90' lang='lat' dir='ltr'><strong>autem</strong></span> <span class='ocrx_word' id='word_1_639' title='bbox 1737 3969 1991 4036; x_wconf 87' lang='lat' dir='ltr'><strong>Stephani</strong></span> <span class='ocrx_word' id='word_1_640' title='bbox 2011 3983 2159 4037; x_wconf 78' lang='lat' dir='ltr'><strong>papa:</strong></span> <span class='ocrx_word' id='word_1_641' title='bbox 2172 3960 2384 4020; x_wconf 77' lang='lat' dir='ltr'><strong>tertius.</strong></span> <span class='ocrx_word' id='word_1_642' title='bbox 2402 3966 2596 4018; x_wconf 86' lang='lat' dir='ltr'><strong>Fertur</strong></span> <span class='ocrx_word' id='word_1_643' title='bbox 2610 3964 2748 4016; x_wconf 87' lang='lat' dir='ltr'><strong>idem</strong></span> <span class='ocrx_word' id='word_1_644' title='bbox 2768 3960 3010 4033; x_wconf 67' lang='lat' dir='ltr'><strong>pontifex</strong></span> <span class='ocrx_word' id='word_1_645' title='bbox 3029 3960 3316 4037; x_wconf 82' lang='lat' dir='ltr'><strong>nonmillas</strong></span> 
     </span>
    </p>
   </div>
   <div class='ocr_carea' id='block_1_66' title="bbox 64 4032 3314 4106">
    <p class='ocr_par' dir='ltr' id='par_1_66' title="bbox 64 4032 3314 4106">
     <span class='ocr_line' id='line_1_68' title="bbox 64 4032 3314 4106; baseline -0.003 -13"><span class='ocrx_word' id='word_1_646' title='bbox 64 4032 149 4096; x_wconf 59' lang='grc' dir='ltr'><strong>Βξ</strong></span> <span class='ocrx_word' id='word_1_647' title='bbox 183 4032 430 4106; x_wconf 76' lang='lat' dir='ltr'><strong>Dionysii</strong></span> <span class='ocrx_word' id='word_1_648' title='bbox 467 4035 724 4106; x_wconf 79' lang='lat' dir='ltr'><strong>reliquias</strong></span> <span class='ocrx_word' id='word_1_649' title='bbox 764 4032 947 4087; x_wconf 86' lang='lat' dir='ltr'><strong>secum</strong></span> <span class='ocrx_word' id='word_1_650' title='bbox 985 4032 1209 4089; x_wconf 76' lang='lat' dir='ltr'><strong>Romam</strong></span> <span class='ocrx_word' id='word_1_651' title='bbox 1254 4032 1586 4104; x_wconf 88' lang='lat' dir='ltr'><strong>asportasse,</strong></span> <span class='ocrx_word' id='word_1_652' title='bbox 1635 4045 1801 4106; x_wconf 88' lang='lat' dir='ltr'><strong>atque</strong></span> <span class='ocrx_word' id='word_1_653' title='bbox 1835 4032 1890 4090; x_wconf 84' lang='lat' dir='ltr'><strong>in</strong></span> <span class='ocrx_word' id='word_1_654' title='bbox 1940 4032 2182 4105; x_wconf 80' lang='lat' dir='ltr'><strong>ejusdem</strong></span> <span class='ocrx_word' id='word_1_655' title='bbox 2229 4038 2486 4106; x_wconf 83' lang='lat' dir='ltr'><strong>martyris</strong></span> <span class='ocrx_word' id='word_1_656' title='bbox 2531 4032 2790 4106; x_wconf 83' lang='lat' dir='ltr'><strong>honorem</strong></span> <span class='ocrx_word' id='word_1_657' title='bbox 2839 4033 3227 4106; x_wconf 82' lang='lat' dir='ltr'><strong>monasterium</strong></span> <span class='ocrx_word' id='word_1_658' title='bbox 3263 4032 3314 4082; x_wconf 91' lang='lat' dir='ltr'><strong>in</strong></span> 
     </span>
    </p>
   </div>
   <div class='ocr_carea' id='block_1_67' title="bbox 62 4103 3316 4178">
    <p class='ocr_par' dir='ltr' id='par_1_67' title="bbox 62 4103 3316 4178">
     <span class='ocr_line' id='line_1_69' title="bbox 62 4103 3316 4178; baseline -0.003 -15"><span class='ocrx_word' id='word_1_659' title='bbox 62 4121 304 4178; x_wconf 87' lang='lat' dir='ltr'><strong>paterno</strong></span> <span class='ocrx_word' id='word_1_660' title='bbox 329 4103 502 4160; x_wconf 69' lang='lat' dir='ltr'><strong>fundo</strong></span> <span class='ocrx_word' id='word_1_661' title='bbox 527 4103 802 4158; x_wconf 81' lang='lat' dir='ltr'><strong>adificare</strong></span> <span class='ocrx_word' id='word_1_662' title='bbox 823 4107 1103 4178; x_wconf 18' lang='lat' dir='ltr'><strong>letepisse,</strong></span> <span class='ocrx_word' id='word_1_663' title='bbox 1147 4107 1289 4174; x_wconf 86' lang='lat' dir='ltr'><strong>quod</strong></span> <span class='ocrx_word' id='word_1_664' title='bbox 1321 4103 1460 4175; x_wconf 82' lang='lat' dir='ltr'><strong>opus</strong></span> <span class='ocrx_word' id='word_1_665' title='bbox 1493 4103 1946 4178; x_wconf 79' lang='lat' dir='ltr'><strong>morteauctoris</strong></span> <span class='ocrx_word' id='word_1_666' title='bbox 1970 4103 2600 4178; x_wconf 28' lang='lat' dir='ltr'><strong>interceptum,il’aulus</strong></span> <span class='ocrx_word' id='word_1_667' title='bbox 2647 4103 2765 4171; x_wconf 83' lang='lat' dir='ltr'><strong>ejus</strong></span> <span class='ocrx_word' id='word_1_668' title='bbox 2795 4107 2984 4165; x_wconf 91' lang='lat' dir='ltr'><strong>frater,</strong></span> <span class='ocrx_word' id='word_1_669' title='bbox 3016 4112 3070 4178; x_wconf 82' lang='lat' dir='ltr'><strong>et</strong></span> <span class='ocrx_word' id='word_1_670' title='bbox 3098 4103 3150 4154; x_wconf 93' lang='lat' dir='ltr'><strong>in</strong></span> <span class='ocrx_word' id='word_1_671' title='bbox 3183 4116 3316 4170; x_wconf 78' lang='lat' dir='ltr'><strong>pon-</strong></span> 
     </span>
    </p>
   </div>
   <div class='ocr_carea' id='block_1_68' title="bbox 66 4173 3317 4245">
    <p class='ocr_par' dir='ltr' id='par_1_68' title="bbox 66 4173 3317 4245">
     <span class='ocr_line' id='line_1_70' title="bbox 66 4173 3317 4245; baseline -0.004 -11"><span class='ocrx_word' id='word_1_672' title='bbox 66 4173 290 4234; x_wconf 83' lang='lat' dir='ltr'><strong>iiticatu</strong></span> <span class='ocrx_word' id='word_1_673' title='bbox 317 4191 628 4239; x_wconf 86' lang='lat' dir='ltr'><strong>successor,</strong></span> <span class='ocrx_word' id='word_1_674' title='bbox 653 4175 943 4243; x_wconf 78' lang='lat' dir='ltr'><strong>magnifice</strong></span> <span class='ocrx_word' id='word_1_675' title='bbox 980 4173 1233 4239; x_wconf 82' lang='lat' dir='ltr'><strong>absolvit,</strong></span> <span class='ocrx_word' id='word_1_676' title='bbox 1269 4173 1654 4245; x_wconf 77' lang='lat' dir='ltr'><strong>convectisque</strong></span> <span class='ocrx_word' id='word_1_677' title='bbox 1684 4177 1734 4230; x_wconf 90' lang='lat' dir='ltr'><strong>in</strong></span> <span class='ocrx_word' id='word_1_678' title='bbox 1778 4178 1904 4230; x_wconf 90' lang='lat' dir='ltr'><strong>illud</strong></span> <span class='ocrx_word' id='word_1_679' title='bbox 1947 4173 2320 4245; x_wconf 72' lang='lat' dir='ltr'><strong>compluribus</strong></span> <span class='ocrx_word' id='word_1_680' title='bbox 2353 4175 2456 4232; x_wconf 87' lang='lat' dir='ltr'><strong>SS.</strong></span> <span class='ocrx_word' id='word_1_681' title='bbox 2489 4185 2790 4244; x_wconf 88' lang='lat' dir='ltr'><strong>martyrum</strong></span> <span class='ocrx_word' id='word_1_682' title='bbox 2823 4173 3152 4245; x_wconf 83' lang='lat' dir='ltr'><strong>corporibus</strong></span> <span class='ocrx_word' id='word_1_683' title='bbox 3185 4187 3317 4245; x_wconf 76' lang='lat' dir='ltr'><strong>euu-</strong></span> 
     </span>
    </p>
   </div>
   <div class='ocr_carea' id='block_1_69' title="bbox 61 4241 3313 4315">
    <p class='ocr_par' dir='ltr' id='par_1_69' title="bbox 61 4241 3313 4315">
     <span class='ocr_line' id='line_1_71' title="bbox 61 4241 3313 4315; baseline -0.002 -14"><span class='ocrx_word' id='word_1_684' title='bbox 61 4251 338 4312; x_wconf 80' lang='lat' dir='ltr'><strong>secravit,</strong></span> <span class='ocrx_word' id='word_1_685' title='bbox 371 4257 425 4301; x_wconf 91' lang='lat' dir='ltr'><strong>et</strong></span> <span class='ocrx_word' id='word_1_686' title='bbox 457 4246 662 4300; x_wconf 79' lang='lat' dir='ltr'><strong>Gracis</strong></span> <span class='ocrx_word' id='word_1_687' title='bbox 695 4241 1000 4299; x_wconf 75' lang='lat' dir='ltr'><strong>hominibus</strong></span> <span class='ocrx_word' id='word_1_688' title='bbox 1035 4247 1143 4300; x_wconf 79' lang='lat' dir='ltr'><strong>Deo</strong></span> <span class='ocrx_word' id='word_1_689' title='bbox 1173 4247 1370 4300; x_wconf 89' lang='lat' dir='ltr'><strong>ibidem</strong></span> <span class='ocrx_word' id='word_1_690' title='bbox 1423 4241 1787 4311; x_wconf 48' lang='lat' dir='ltr'><strong>fainu&#39;laturis,</strong></span> <span class='ocrx_word' id='word_1_691' title='bbox 1833 4250 1885 4300; x_wconf 92' lang='lat' dir='ltr'><strong>in</strong></span> <span class='ocrx_word' id='word_1_692' title='bbox 1919 4241 2235 4301; x_wconf 79' lang='lat' dir='ltr'><strong>memoriam</strong></span> <span class='ocrx_word' id='word_1_693' title='bbox 2279 4259 2335 4300; x_wconf 87' lang='lat' dir='ltr'><strong>et</strong></span> <span class='ocrx_word' id='word_1_694' title='bbox 2368 4241 2902 4315; x_wconf 30' lang='lat' dir='ltr'><strong>honoretn&#39;UDionysii</strong></span> <span class='ocrx_word' id='word_1_695' title='bbox 2928 4241 3313 4315; x_wconf 56' lang='lat' dir='ltr'><strong>Areopagitae,</strong></span> 
     </span>
    </p>
   </div>
   <div class='ocr_carea' id='block_1_70' title="bbox 63 4313 3314 4386">
    <p class='ocr_par' dir='ltr' id='par_1_70' title="bbox 63 4313 3314 4386">
     <span class='ocr_line' id='line_1_72' title="bbox 63 4313 3314 4386; baseline -0.004 -11"><span class='ocrx_word' id='word_1_696' title='bbox 63 4337 123 4375; x_wconf 86' lang='lat' dir='ltr'><strong>Ut</strong></span> <span class='ocrx_word' id='word_1_697' title='bbox 155 4323 392 4373; x_wconf 81' lang='lat' dir='ltr'><strong>fratrem</strong></span> <span class='ocrx_word' id='word_1_698' title='bbox 426 4317 562 4369; x_wconf 88' lang='lat' dir='ltr'><strong>velle</strong></span> <span class='ocrx_word' id='word_1_699' title='bbox 602 4315 889 4386; x_wconf 85' lang='lat' dir='ltr'><strong>didicerat,</strong></span> <span class='ocrx_word' id='word_1_700' title='bbox 940 4318 1186 4370; x_wconf 88' lang='lat' dir='ltr'><strong>attribuit</strong></span> <span class='ocrx_word' id='word_1_701' title='bbox 1233 4331 1248 4368; x_wconf 88' lang='lat'><strong>:</strong></span> <span class='ocrx_word' id='word_1_702' title='bbox 1290 4316 1580 4386; x_wconf 85' lang='lat' dir='ltr'><strong>locumque</strong></span> <span class='ocrx_word' id='word_1_703' title='bbox 1629 4319 1709 4370; x_wconf 77' lang='lat' dir='ltr'><strong>Ad</strong></span> <span class='ocrx_word' id='word_1_704' title='bbox 1761 4329 1971 4371; x_wconf 80' lang='lat' dir='ltr'><strong>sanctos</strong></span> <span class='ocrx_word' id='word_1_705' title='bbox 2009 4327 2264 4384; x_wconf 80' lang='lat' dir='ltr'><strong>martyres</strong></span> <span class='ocrx_word' id='word_1_706' title='bbox 2306 4320 2358 4370; x_wconf 87' lang='lat' dir='ltr'><strong>in</strong></span> <span class='ocrx_word' id='word_1_707' title='bbox 2413 4317 2591 4370; x_wconf 81' lang='lat' dir='ltr'><strong>scitula</strong></span> <span class='ocrx_word' id='word_1_708' title='bbox 2628 4313 2956 4378; x_wconf 66' lang='lat' dir='ltr'><strong>Graecorum,</strong></span> <span class='ocrx_word' id='word_1_709' title='bbox 2997 4314 3314 4382; x_wconf 81' lang='lat' dir='ltr'><strong>appellavit.</strong></span> 
     </span>
    </p>
   </div>
   <div class='ocr_carea' id='block_1_71' title="bbox 56 4385 980 4459">
    <p class='ocr_par' dir='ltr' id='par_1_71' title="bbox 56 4385 980 4459">
     <span class='ocr_line' id='line_1_73' title="bbox 56 4385 980 4459; baseline -0.003 -15"><span class='ocrx_word' id='word_1_710' title='bbox 56 4396 251 4459; x_wconf 81' lang='lat' dir='ltr'><strong>Atque</strong></span> <span class='ocrx_word' id='word_1_711' title='bbox 281 4390 351 4443; x_wconf 89' lang='lat' dir='ltr'><strong>de</strong></span> <span class='ocrx_word' id='word_1_712' title='bbox 382 4387 659 4456; x_wconf 86' lang='lat' dir='ltr'><strong>Stephano</strong></span> <span class='ocrx_word' id='word_1_713' title='bbox 693 4385 980 4459; x_wconf 77' lang='lat' dir='ltr'><strong>hactenus.</strong></span> 
     </span>
    </p>
   </div>
   <div class='ocr_carea' id='block_1_72' title="bbox 136 4453 3316 4529">
    <p class='ocr_par' dir='ltr' id='par_1_72' title="bbox 136 4453 3316 4529">
     <span class='ocr_line' id='line_1_74' title="bbox 136 4453 3316 4529; baseline -0.004 -15"><span class='ocrx_word' id='word_1_714' title='bbox 136 4453 660 4529; x_wconf 65' lang='lat' dir='ltr'><strong>Queninauiantem</strong></span> <span class='ocrx_word' id='word_1_715' title='bbox 691 4455 764 4529; x_wconf 83' lang='lat' dir='ltr'><strong>illi</strong></span> <span class='ocrx_word' id='word_1_716' title='bbox 799 4457 1143 4524; x_wconf 84' lang='lat' dir='ltr'><strong>potissimum</strong></span> <span class='ocrx_word' id='word_1_717' title='bbox 1183 4456 1602 4528; x_wconf 87' lang='lat' dir='ltr'><strong>subjungemus,</strong></span> <span class='ocrx_word' id='word_1_718' title='bbox 1637 4455 1883 4529; x_wconf 73' lang='lat' dir='ltr'><strong>similisa</strong></span> <span class='ocrx_word' id='word_1_719' title='bbox 1918 4457 1978 4514; x_wconf 87' lang='grc' dir='ltr'><strong>Β.</strong></span> <span class='ocrx_word' id='word_1_720' title='bbox 2024 4457 2284 4529; x_wconf 72' lang='lat' dir='ltr'><strong>Dionysio</strong></span> <span class='ocrx_word' id='word_1_721' title='bbox 2320 4455 2530 4529; x_wconf 81' lang='lat' dir='ltr'><strong>collata</strong></span> <span class='ocrx_word' id='word_1_722' title='bbox 2561 4453 2890 4529; x_wconf 72' lang='lat' dir='ltr'><strong>valetudinis</strong></span> <span class='ocrx_word' id='word_1_723' title='bbox 2918 4461 3226 4529; x_wconf 84' lang='lat' dir='ltr'><strong>compotem</strong></span> <span class='ocrx_word' id='word_1_724' title='bbox 3260 4459 3316 4529; x_wconf 80' lang='lat' dir='ltr'><strong>et</strong></span> 
     </span>
    </p>
   </div>
   <div class='ocr_carea' id='block_1_73' title="bbox 57 4523 3316 4598">
    <p class='ocr_par' dir='ltr' id='par_1_73' title="bbox 57 4523 3316 4598">
     <span class='ocr_line' id='line_1_75' title="bbox 57 4523 3316 4598; baseline -0.003 -12"><span class='ocrx_word' id='word_1_725' title='bbox 57 4523 465 4586; x_wconf 54' lang='lat' dir='ltr'><strong>laudatorem?</strong></span> <span class='ocrx_word' id='word_1_726' title='bbox 509 4525 608 4598; x_wconf 78' lang='lat' dir='ltr'><strong>Te,</strong></span> <span class='ocrx_word' id='word_1_727' title='bbox 646 4523 862 4598; x_wconf 69' lang='lat' dir='ltr'><strong>opinor,</strong></span> <span class='ocrx_word' id='word_1_728' title='bbox 907 4529 1030 4598; x_wconf 83' lang='lat' dir='ltr'><strong>jure</strong></span> <span class='ocrx_word' id='word_1_729' title='bbox 1075 4542 1236 4596; x_wconf 89' lang='lat' dir='ltr'><strong>quam</strong></span> <span class='ocrx_word' id='word_1_730' title='bbox 1277 4523 1652 4591; x_wconf 76' lang='lat' dir='ltr'><strong>meritissimo,</strong></span> <span class='ocrx_word' id='word_1_731' title='bbox 1696 4529 1804 4582; x_wconf 78' lang='lat' dir='ltr'><strong>dux</strong></span> <span class='ocrx_word' id='word_1_732' title='bbox 1835 4523 2243 4598; x_wconf 56' lang='lat' dir='ltr'><strong>Bertholde,&#39;et</strong></span> <span class='ocrx_word' id='word_1_733' title='bbox 2288 4529 2428 4580; x_wconf 88' lang='lat' dir='ltr'><strong>inter</strong></span> <span class='ocrx_word' id='word_1_734' title='bbox 2461 4525 2668 4596; x_wconf 83' lang='lat' dir='ltr'><strong>Anglia</strong></span> <span class='ocrx_word' id='word_1_735' title='bbox 2699 4529 2864 4579; x_wconf 85' lang='lat' dir='ltr'><strong>duces</strong></span> <span class='ocrx_word' id='word_1_736' title='bbox 2908 4539 3051 4598; x_wconf 80' lang='lat' dir='ltr'><strong>vera:</strong></span> <span class='ocrx_word' id='word_1_737' title='bbox 3094 4523 3316 4592; x_wconf 84' lang='lat' dir='ltr'><strong>pietatis</strong></span> 
     </span>
    </p>
   </div>
   <div class='ocr_carea' id='block_1_74' title="bbox 55 4593 3316 4667">
    <p class='ocr_par' dir='ltr' id='par_1_74' title="bbox 55 4593 3316 4667">
     <span class='ocr_line' id='line_1_76' title="bbox 55 4593 3316 4667; baseline -0.004 -11"><span class='ocrx_word' id='word_1_738' title='bbox 55 4603 221 4656; x_wconf 89' lang='lat' dir='ltr'><strong>cuitu</strong></span> <span class='ocrx_word' id='word_1_739' title='bbox 265 4593 724 4654; x_wconf 78' lang='lat' dir='ltr'><strong>eminentissime.</strong></span> <span class='ocrx_word' id='word_1_740' title='bbox 755 4596 832 4650; x_wconf 87' lang='lat' dir='ltr'><strong>Tu</strong></span> <span class='ocrx_word' id='word_1_741' title='bbox 865 4593 1010 4652; x_wconf 84' lang='lat' dir='ltr'><strong>enim</strong></span> <span class='ocrx_word' id='word_1_742' title='bbox 1047 4593 1110 4651; x_wconf 72' lang='lat' dir='ltr'><strong>in</strong></span> <span class='ocrx_word' id='word_1_743' title='bbox 1139 4599 1517 4666; x_wconf 85' lang='lat' dir='ltr'><strong>gravissimam</strong></span> <span class='ocrx_word' id='word_1_744' title='bbox 1550 4599 1840 4667; x_wconf 86' lang='lat' dir='ltr'><strong>aliquando</strong></span> <span class='ocrx_word' id='word_1_745' title='bbox 1873 4597 2130 4666; x_wconf 87' lang='lat' dir='ltr'><strong>delapsus</strong></span> <span class='ocrx_word' id='word_1_746' title='bbox 2161 4593 2575 4660; x_wconf 61' lang='lat' dir='ltr'><strong>infirmitatem;</strong></span> <span class='ocrx_word' id='word_1_747' title='bbox 2610 4612 2732 4649; x_wconf 90' lang='lat' dir='ltr'><strong>cutn</strong></span> <span class='ocrx_word' id='word_1_748' title='bbox 2759 4611 2788 4648; x_wconf 92' lang='lat' dir='ltr'><strong>a</strong></span> <span class='ocrx_word' id='word_1_749' title='bbox 2829 4593 3054 4648; x_wconf 88' lang='lat' dir='ltr'><strong>medicis</strong></span> <span class='ocrx_word' id='word_1_750' title='bbox 3089 4607 3316 4660; x_wconf 85' lang='lat' dir='ltr'><strong>sperare</strong></span> 
     </span>
    </p>
   </div>
   <div class='ocr_carea' id='block_1_75' title="bbox 55 4667 3316 4741">
    <p class='ocr_par' dir='ltr' id='par_1_75' title="bbox 55 4667 3316 4741">
     <span class='ocr_line' id='line_1_77' title="bbox 55 4667 3316 4741; baseline -0.003 -15"><span class='ocrx_word' id='word_1_751' title='bbox 55 4673 205 4727; x_wconf 86' lang='lat' dir='ltr'><strong>nihil</strong></span> <span class='ocrx_word' id='word_1_752' title='bbox 241 4683 454 4741; x_wconf 88' lang='lat' dir='ltr'><strong>posses,</strong></span> <span class='ocrx_word' id='word_1_753' title='bbox 481 4669 548 4721; x_wconf 89' lang='lat' dir='ltr'><strong>ad</strong></span> <span class='ocrx_word' id='word_1_754' title='bbox 579 4667 820 4741; x_wconf 54' lang='lat' dir='ltr'><strong>caelestia</strong></span> <span class='ocrx_word' id='word_1_755' title='bbox 853 4670 1136 4741; x_wconf 88' lang='lat' dir='ltr'><strong>suspirans</strong></span> <span class='ocrx_word' id='word_1_756' title='bbox 1182 4669 1450 4741; x_wconf 75' lang='lat' dir='ltr'><strong>remedia,</strong></span> <span class='ocrx_word' id='word_1_757' title='bbox 1464 4683 1632 4741; x_wconf 80' lang='lat' dir='ltr'><strong>epem</strong></span> <span class='ocrx_word' id='word_1_758' title='bbox 1663 4686 1691 4721; x_wconf 91' lang='lat' dir='ltr'><strong>a</strong></span> <span class='ocrx_word' id='word_1_759' title='bbox 1726 4669 1790 4721; x_wconf 84' lang='grc' dir='ltr'><strong>Β.</strong></span> <span class='ocrx_word' id='word_1_760' title='bbox 1831 4668 2090 4739; x_wconf 86' lang='lat' dir='ltr'><strong>Dionysio</strong></span> <span class='ocrx_word' id='word_1_761' title='bbox 2112 4678 2169 4722; x_wconf 91' lang='lat' dir='ltr'><strong>et</strong></span> <span class='ocrx_word' id='word_1_762' title='bbox 2197 4669 2362 4722; x_wconf 89' lang='lat' dir='ltr'><strong>sociis</strong></span> <span class='ocrx_word' id='word_1_763' title='bbox 2389 4669 2727 4741; x_wconf 74' lang='lat' dir='ltr'><strong>martyribus</strong></span> <span class='ocrx_word' id='word_1_764' title='bbox 2753 4668 3097 4720; x_wconf 85' lang='lat' dir='ltr'><strong>conlidcuter</strong></span> <span class='ocrx_word' id='word_1_765' title='bbox 3124 4678 3316 4730; x_wconf 80' lang='lat' dir='ltr'><strong>exspe-</strong></span> 
     </span>
    </p>
   </div>
   <div class='ocr_carea' id='block_1_76' title="bbox 54 4737 3311 4807">
    <p class='ocr_par' dir='ltr' id='par_1_76' title="bbox 54 4737 3311 4807">
     <span class='ocr_line' id='line_1_78' title="bbox 54 4737 3311 4807; baseline -0.003 -11"><span class='ocrx_word' id='word_1_766' title='bbox 54 4737 258 4807; x_wconf 71' lang='lat' dir='ltr'><strong>ctasti,</strong></span> <span class='ocrx_word' id='word_1_767' title='bbox 287 4750 343 4794; x_wconf 89' lang='lat' dir='ltr'><strong>et</strong></span> <span class='ocrx_word' id='word_1_768' title='bbox 371 4739 691 4807; x_wconf 87' lang='lat' dir='ltr'><strong>reportasti.</strong></span> <span class='ocrx_word' id='word_1_769' title='bbox 726 4737 857 4791; x_wconf 80' lang='lat' dir='ltr'><strong>Nam</strong></span> <span class='ocrx_word' id='word_1_770' title='bbox 889 4740 1075 4794; x_wconf 91' lang='lat' dir='ltr'><strong>audito</strong></span> <span class='ocrx_word' id='word_1_771' title='bbox 1103 4753 1226 4793; x_wconf 89' lang='lat' dir='ltr'><strong>esse</strong></span> <span class='ocrx_word' id='word_1_772' title='bbox 1250 4740 1304 4792; x_wconf 92' lang='lat' dir='ltr'><strong>in</strong></span> <span class='ocrx_word' id='word_1_773' title='bbox 1336 4737 1529 4792; x_wconf 87' lang='lat' dir='ltr'><strong>Galliis</strong></span> <span class='ocrx_word' id='word_1_774' title='bbox 1556 4743 1872 4793; x_wconf 86' lang='lat' dir='ltr'><strong>cortttudem</strong></span> <span class='ocrx_word' id='word_1_775' title='bbox 1904 4737 2222 4792; x_wconf 85' lang='lat' dir='ltr'><strong>sanctorum</strong></span> <span class='ocrx_word' id='word_1_776' title='bbox 2252 4752 2502 4806; x_wconf 89' lang='lat' dir='ltr'><strong>corpora,</strong></span> <span class='ocrx_word' id='word_1_777' title='bbox 2535 4739 2680 4790; x_wconf 87' lang='lat' dir='ltr'><strong>velut</strong></span> <span class='ocrx_word' id='word_1_778' title='bbox 2710 4741 2972 4805; x_wconf 84' lang='lat' dir='ltr'><strong>quasdam</strong></span> <span class='ocrx_word' id='word_1_779' title='bbox 3010 4742 3311 4807; x_wconf 74' lang='lat' dir='ltr'><strong>euicacmm</strong></span> 
     </span>
    </p>
   </div>
   <div class='ocr_carea' id='block_1_77' title="bbox 55 4806 3311 4880">
    <p class='ocr_par' dir='ltr' id='par_1_77' title="bbox 55 4806 3311 4880">
     <span class='ocr_line' id='line_1_79' title="bbox 55 4806 3311 4880; baseline -0.003 -14"><span class='ocrx_word' id='word_1_780' title='bbox 55 4806 776 4876; x_wconf 81' lang='lat' dir='ltr'><strong>medelarumapothecas,</strong></span> <span class='ocrx_word' id='word_1_781' title='bbox 824 4823 927 4876; x_wconf 82' lang='lat' dir='ltr'><strong>qua</strong></span> <span class='ocrx_word' id='word_1_782' title='bbox 974 4811 1209 4878; x_wconf 85' lang='lat' dir='ltr'><strong>primum</strong></span> <span class='ocrx_word' id='word_1_783' title='bbox 1243 4810 1564 4880; x_wconf 17' lang='lat' dir='ltr'><strong>peritlaroli</strong></span> <span class='ocrx_word' id='word_1_784' title='bbox 1609 4808 1786 4878; x_wconf 81' lang='lat' dir='ltr'><strong>Magni</strong></span> <span class='ocrx_word' id='word_1_785' title='bbox 1825 4811 1956 4878; x_wconf 89' lang='lat' dir='ltr'><strong>imp.</strong></span> <span class='ocrx_word' id='word_1_786' title='bbox 2007 4812 2185 4880; x_wconf 87' lang='lat' dir='ltr'><strong>(cujus</strong></span> <span class='ocrx_word' id='word_1_787' title='bbox 2223 4812 2275 4864; x_wconf 94' lang='lat' dir='ltr'><strong>in</strong></span> <span class='ocrx_word' id='word_1_788' title='bbox 2323 4809 2598 4877; x_wconf 83' lang='lat' dir='ltr'><strong>obsequiis</strong></span> <span class='ocrx_word' id='word_1_789' title='bbox 2640 4807 2951 4880; x_wconf 66' lang='lat' dir='ltr'><strong>VCI&#39;Sﬂiwl&#39;C)</strong></span> <span class='ocrx_word' id='word_1_790' title='bbox 2997 4806 3311 4880; x_wconf 78' lang='lat' dir='ltr'><strong>facultatem</strong></span> 
     </span>
    </p>
   </div>
   <div class='ocr_carea' id='block_1_78' title="bbox 53 4877 3312 4948">
    <p class='ocr_par' dir='ltr' id='par_1_78' title="bbox 53 4877 3312 4948">
     <span class='ocr_line' id='line_1_80' title="bbox 53 4877 3312 4948; baseline -0.004 -11"><span class='ocrx_word' id='word_1_791' title='bbox 53 4885 246 4947; x_wconf 82' lang='lat' dir='ltr'><strong>licuit,</strong></span> <span class='ocrx_word' id='word_1_792' title='bbox 279 4881 374 4935; x_wconf 89' lang='lat' dir='ltr'><strong>illo</strong></span> <span class='ocrx_word' id='word_1_793' title='bbox 406 4890 454 4935; x_wconf 89' lang='lat' dir='ltr'><strong>te</strong></span> <span class='ocrx_word' id='word_1_794' title='bbox 495 4880 796 4942; x_wconf 89' lang='lat' dir='ltr'><strong>contulisti,</strong></span> <span class='ocrx_word' id='word_1_795' title='bbox 828 4893 923 4934; x_wconf 85' lang='lat' dir='ltr'><strong>eos</strong></span> <span class='ocrx_word' id='word_1_796' title='bbox 959 4877 1254 4933; x_wconf 82' lang='lat' dir='ltr'><strong>veneratus</strong></span> <span class='ocrx_word' id='word_1_797' title='bbox 1283 4877 1444 4948; x_wconf 77' lang='lat'><strong>527</strong></span> <span class='ocrx_word' id='word_1_798' title='bbox 1472 4895 1552 4942; x_wconf 88' lang='lat' dir='ltr'><strong>es,</strong></span> <span class='ocrx_word' id='word_1_799' title='bbox 1583 4881 1651 4932; x_wconf 92' lang='lat' dir='ltr'><strong>ab</strong></span> <span class='ocrx_word' id='word_1_800' title='bbox 1682 4877 1749 4934; x_wconf 84' lang='lat' dir='ltr'><strong>iis</strong></span> <span class='ocrx_word' id='word_1_801' title='bbox 1779 4877 2069 4934; x_wconf 86' lang='lat' dir='ltr'><strong>sanitatem</strong></span> <span class='ocrx_word' id='word_1_802' title='bbox 2095 4877 2482 4948; x_wconf 25' lang='lat' dir='ltr'><strong>Vexpostulasti,</strong></span> <span class='ocrx_word' id='word_1_803' title='bbox 2511 4889 2564 4931; x_wconf 88' lang='lat' dir='ltr'><strong>et</strong></span> <span class='ocrx_word' id='word_1_804' title='bbox 2608 4879 2800 4946; x_wconf 89' lang='lat' dir='ltr'><strong>paucis</strong></span> <span class='ocrx_word' id='word_1_805' title='bbox 2829 4878 3144 4948; x_wconf 91' lang='lat' dir='ltr'><strong>admodum,</strong></span> <span class='ocrx_word' id='word_1_806' title='bbox 3180 4878 3312 4948; x_wconf 33' lang='lat' dir='ltr'><strong>quis</strong></span> 
     </span>
    </p>
   </div>
   <div class='ocr_carea' id='block_1_79' title="bbox 50 4945 3309 5020">
    <p class='ocr_par' dir='ltr' id='par_1_79' title="bbox 50 4945 3309 5020">
     <span class='ocr_line' id='line_1_81' title="bbox 50 4945 3309 5020; baseline -0.002 -14"><span class='ocrx_word' id='word_1_807' title='bbox 50 4957 161 5007; x_wconf 92' lang='lat' dir='ltr'><strong>bus</strong></span> <span class='ocrx_word' id='word_1_808' title='bbox 196 4945 268 5005; x_wconf 81' lang='lat' dir='ltr'><strong>ad</strong></span> <span class='ocrx_word' id='word_1_809' title='bbox 305 4967 492 5004; x_wconf 90' lang='lat' dir='ltr'><strong>eormn</strong></span> <span class='ocrx_word' id='word_1_810' title='bbox 529 4957 874 5003; x_wconf 87' lang='lat' dir='ltr'><strong>monumenta</strong></span> <span class='ocrx_word' id='word_1_811' title='bbox 907 4949 1233 5014; x_wconf 90' lang='lat' dir='ltr'><strong>decubuisti,</strong></span> <span class='ocrx_word' id='word_1_812' title='bbox 1264 4945 1460 5004; x_wconf 60' lang='lat' dir='ltr'><strong>die—nus</strong></span> <span class='ocrx_word' id='word_1_813' title='bbox 1495 4950 1758 5019; x_wconf 85' lang='lat' dir='ltr'><strong>integram</strong></span> <span class='ocrx_word' id='word_1_814' title='bbox 1802 4951 1960 5020; x_wconf 90' lang='lat' dir='ltr'><strong>plane</strong></span> <span class='ocrx_word' id='word_1_815' title='bbox 1996 4964 2060 5003; x_wconf 86' lang='lat' dir='ltr'><strong>ac</strong></span> <span class='ocrx_word' id='word_1_816' title='bbox 2103 4945 2328 5005; x_wconf 83' lang='lat' dir='ltr'><strong>subdam</strong></span> <span class='ocrx_word' id='word_1_817' title='bbox 2365 4945 2727 5002; x_wconf 86' lang='lat' dir='ltr'><strong>valetudinem</strong></span> <span class='ocrx_word' id='word_1_818' title='bbox 2777 4947 3149 5020; x_wconf 66' lang='lat' dir='ltr'><strong>recuperzsti._</strong></span> <span class='ocrx_word' id='word_1_819' title='bbox 3172 4945 3309 5020; x_wconf 69' lang='lat' dir='ltr'><strong>Quid</strong></span> 
     </span>
    </p>
   </div>
   <div class='ocr_carea' id='block_1_80' title="bbox 48 5015 3310 5094">
    <p class='ocr_par' dir='ltr' id='par_1_80' title="bbox 48 5015 3310 5094">
     <span class='ocr_line' id='line_1_82' title="bbox 48 5015 3310 5094; baseline -0.003 -19"><span class='ocrx_word' id='word_1_820' title='bbox 48 5025 243 5094; x_wconf 75' lang='lat' dir='ltr'><strong>ergo?</strong></span> <span class='ocrx_word' id='word_1_821' title='bbox 288 5021 444 5094; x_wconf 80' lang='lat' dir='ltr'><strong>Apud</strong></span> <span class='ocrx_word' id='word_1_822' title='bbox 477 5021 743 5094; x_wconf 73' lang='lat' dir='ltr'><strong>ingratum</strong></span> <span class='ocrx_word' id='word_1_823' title='bbox 774 5030 830 5072; x_wconf 89' lang='lat' dir='ltr'><strong>et</strong></span> <span class='ocrx_word' id='word_1_824' title='bbox 875 5021 1251 5094; x_wconf 86' lang='lat' dir='ltr'><strong>immemorem</strong></span> <span class='ocrx_word' id='word_1_825' title='bbox 1276 5037 1344 5094; x_wconf 83' lang='lat' dir='ltr'><strong>_e_a</strong></span> <span class='ocrx_word' id='word_1_826' title='bbox 1380 5023 1484 5074; x_wconf 87' lang='lat' dir='ltr'><strong>fuit</strong></span> <span class='ocrx_word' id='word_1_827' title='bbox 1511 5015 1774 5094; x_wconf 67' lang='lat' dir='ltr'><strong>collocata</strong></span> <span class='ocrx_word' id='word_1_828' title='bbox 1802 5015 2028 5092; x_wconf 72' lang='lat' dir='ltr'><strong>gratia?</strong></span> <span class='ocrx_word' id='word_1_829' title='bbox 2063 5021 2352 5094; x_wconf 82' lang='lat' dir='ltr'><strong>nullusque</strong></span> <span class='ocrx_word' id='word_1_830' title='bbox 2385 5020 2438 5072; x_wconf 90' lang='lat' dir='ltr'><strong>in</strong></span> <span class='ocrx_word' id='word_1_831' title='bbox 2470 5029 2712 5094; x_wconf 81' lang='lat' dir='ltr'><strong>sanctos</strong></span> <span class='ocrx_word' id='word_1_832' title='bbox 2730 5021 2866 5094; x_wconf 80' lang='lat' dir='ltr'><strong>tanti</strong></span> <span class='ocrx_word' id='word_1_833' title='bbox 2901 5015 3152 5094; x_wconf 72' lang='lat' dir='ltr'><strong>beneficii</strong></span> <span class='ocrx_word' id='word_1_834' title='bbox 3191 5015 3310 5064; x_wconf 87' lang='lat' dir='ltr'><strong>l&#39;ru-</strong></span> 
     </span>
    </p>
   </div>
   <div class='ocr_carea' id='block_1_81' title="bbox 51 5083 3308 5151">
    <p class='ocr_par' dir='ltr' id='par_1_81' title="bbox 51 5083 3308 5151">
     <span class='ocr_line' id='line_1_83' title="bbox 51 5083 3308 5151; baseline -0.006 -1"><span class='ocrx_word' id='word_1_835' title='bbox 51 5083 185 5150; x_wconf 64' lang='lat' dir='ltr'><strong>etiis</strong></span> <span class='ocrx_word' id='word_1_836' title='bbox 223 5083 595 5146; x_wconf 71' lang='lat' dir='ltr'><strong>redundavit?</strong></span> <span class='ocrx_word' id='word_1_837' title='bbox 623 5091 732 5142; x_wconf 88' lang='lat' dir='ltr'><strong>lmo</strong></span> <span class='ocrx_word' id='word_1_838' title='bbox 765 5104 891 5143; x_wconf 87' lang='lat' dir='ltr'><strong>vero</strong></span> <span class='ocrx_word' id='word_1_839' title='bbox 930 5091 1222 5143; x_wconf 78' lang='lat' dir='ltr'><strong>maximus.</strong></span> <span class='ocrx_word' id='word_1_840' title='bbox 1273 5089 1407 5144; x_wconf 84' lang='lat' dir='ltr'><strong>Nam</strong></span> <span class='ocrx_word' id='word_1_841' title='bbox 1451 5091 1620 5146; x_wconf 83' lang='lat' dir='ltr'><strong>adem</strong></span> <span class='ocrx_word' id='word_1_842' title='bbox 1651 5092 1756 5144; x_wconf 86' lang='lat' dir='ltr'><strong>illis</strong></span> <span class='ocrx_word' id='word_1_843' title='bbox 1805 5083 2020 5145; x_wconf 70' lang='lat' dir='ltr'><strong>sacram</strong></span> <span class='ocrx_word' id='word_1_844' title='bbox 2069 5092 2123 5144; x_wconf 89' lang='lat' dir='ltr'><strong>in</strong></span> <span class='ocrx_word' id='word_1_845' title='bbox 2172 5083 2296 5143; x_wconf 73' lang='lat' dir='ltr'><strong>villa</strong></span> <span class='ocrx_word' id='word_1_846' title='bbox 2331 5101 2419 5141; x_wconf 91' lang='lat' dir='ltr'><strong>tua</strong></span> <span class='ocrx_word' id='word_1_847' title='bbox 2466 5088 2812 5151; x_wconf 74' lang='lat' dir='ltr'><strong>exstruxisti,</strong></span> <span class='ocrx_word' id='word_1_848' title='bbox 2845 5098 2908 5144; x_wconf 78' lang='lat' dir='ltr'><strong>et.</strong></span> <span class='ocrx_word' id='word_1_849' title='bbox 2939 5087 3084 5138; x_wconf 82' lang='lat' dir='ltr'><strong>illaut</strong></span> <span class='ocrx_word' id='word_1_850' title='bbox 3135 5083 3308 5151; x_wconf 87' lang='lat' dir='ltr'><strong>ipsam</strong></span> 
     </span>
    </p>
   </div>
   <div class='ocr_carea' id='block_1_82' title="bbox 48 5157 3310 5230">
    <p class='ocr_par' dir='ltr' id='par_1_82' title="bbox 48 5157 3310 5230">
     <span class='ocr_line' id='line_1_84' title="bbox 48 5157 3310 5230; baseline -0.004 -13"><span class='ocrx_word' id='word_1_851' title='bbox 48 5165 254 5217; x_wconf 85' lang='lat' dir='ltr'><strong>villam</strong></span> <span class='ocrx_word' id='word_1_852' title='bbox 290 5177 396 5215; x_wconf 87' lang='lat' dir='ltr'><strong>una</strong></span> <span class='ocrx_word' id='word_1_853' title='bbox 429 5176 554 5215; x_wconf 91' lang='lat' dir='ltr'><strong>cum</strong></span> <span class='ocrx_word' id='word_1_854' title='bbox 601 5163 770 5228; x_wconf 85' lang='lat' dir='ltr'><strong>agris,</strong></span> <span class='ocrx_word' id='word_1_855' title='bbox 808 5162 1000 5228; x_wconf 88' lang='lat' dir='ltr'><strong>pratis,</strong></span> <span class='ocrx_word' id='word_1_856' title='bbox 1034 5159 1207 5225; x_wconf 83' lang='lat' dir='ltr'><strong>silvis,</strong></span> <span class='ocrx_word' id='word_1_857' title='bbox 1256 5163 1436 5230; x_wconf 87' lang='lat' dir='ltr'><strong>aquis,</strong></span> <span class='ocrx_word' id='word_1_858' title='bbox 1472 5162 1703 5230; x_wconf 86' lang='lat' dir='ltr'><strong>campis,</strong></span> <span class='ocrx_word' id='word_1_859' title='bbox 1739 5162 2062 5216; x_wconf 84' lang='lat' dir='ltr'><strong>harcditate</strong></span> <span class='ocrx_word' id='word_1_860' title='bbox 2106 5179 2134 5213; x_wconf 90' lang='lat' dir='ltr'><strong>a</strong></span> <span class='ocrx_word' id='word_1_861' title='bbox 2182 5160 2476 5227; x_wconf 85' lang='lat' dir='ltr'><strong>majoribus</strong></span> <span class='ocrx_word' id='word_1_862' title='bbox 2521 5169 2824 5228; x_wconf 86' lang='lat' dir='ltr'><strong>acceptam,</strong></span> <span class='ocrx_word' id='word_1_863' title='bbox 2879 5157 2976 5211; x_wconf 77' lang='lat' dir='ltr'><strong>sed</strong></span> <span class='ocrx_word' id='word_1_864' title='bbox 3008 5164 3075 5230; x_wconf 83' lang='lat' dir='ltr'><strong>et</strong></span> <span class='ocrx_word' id='word_1_865' title='bbox 3102 5162 3310 5230; x_wconf 78' lang='lat' dir='ltr'><strong>pertus</strong></span> 
     </span>
    </p>
   </div>
   <div class='ocr_carea' id='block_1_83' title="bbox 48 5223 3310 5301">
    <p class='ocr_par' dir='ltr' id='par_1_83' title="bbox 48 5223 3310 5301">
     <span class='ocr_line' id='line_1_85' title="bbox 48 5223 3310 5301; baseline -0.004 -14"><span class='ocrx_word' id='word_1_866' title='bbox 48 5239 202 5288; x_wconf 90' lang='lat' dir='ltr'><strong>duos</strong></span> <span class='ocrx_word' id='word_1_867' title='bbox 239 5233 548 5285; x_wconf 69' lang='lat' dir='ltr'><strong>maritmos</strong></span> <span class='ocrx_word' id='word_1_868' title='bbox 579 5223 826 5284; x_wconf 57' lang='lat' dir='ltr'><strong>ei&#39;terra</strong></span> <span class='ocrx_word' id='word_1_869' title='bbox 857 5223 1088 5295; x_wconf 83' lang='lat' dir='ltr'><strong>vicinos,</strong></span> <span class='ocrx_word' id='word_1_870' title='bbox 1141 5223 1451 5283; x_wconf 61' lang='lat' dir='ltr'><strong>simul&#39;cum</strong></span> <span class='ocrx_word' id='word_1_871' title='bbox 1497 5223 1714 5301; x_wconf 72' lang='lat' dir='ltr'><strong>salinis,</strong></span> <span class='ocrx_word' id='word_1_872' title='bbox 1755 5233 1986 5301; x_wconf 73' lang='lat' dir='ltr'><strong>aliisque</strong></span> <span class='ocrx_word' id='word_1_873' title='bbox 2019 5233 2207 5285; x_wconf 82' lang='lat' dir='ltr'><strong>eodem</strong></span> <span class='ocrx_word' id='word_1_874' title='bbox 2241 5223 2671 5301; x_wconf 59' lang='lat' dir='ltr'><strong>pertinentibus,</strong></span> <span class='ocrx_word' id='word_1_875' title='bbox 2703 5242 2963 5298; x_wconf 79' lang='lat' dir='ltr'><strong>perquam</strong></span> <span class='ocrx_word' id='word_1_876' title='bbox 3008 5223 3209 5301; x_wconf 69' lang='lat' dir='ltr'><strong>insigni</strong></span> <span class='ocrx_word' id='word_1_877' title='bbox 3249 5231 3310 5301; x_wconf 82' lang='lat' dir='ltr'><strong>et</strong></span> 
     </span>
    </p>
   </div>
   <div class='ocr_carea' id='block_1_84' title="bbox 49 5295 3305 5375">
    <p class='ocr_par' dir='ltr' id='par_1_84' title="bbox 49 5295 3305 5375">
     <span class='ocr_line' id='line_1_86' title="bbox 49 5295 3305 5375; baseline -0.004 -18"><span class='ocrx_word' id='word_1_878' title='bbox 49 5307 284 5375; x_wconf 76' lang='lat' dir='ltr'><strong>prolixa</strong></span> <span class='ocrx_word' id='word_1_879' title='bbox 327 5301 687 5375; x_wconf 82' lang='lat' dir='ltr'><strong>benignitate,</strong></span> <span class='ocrx_word' id='word_1_880' title='bbox 721 5306 1037 5375; x_wconf 71' lang='lat' dir='ltr'><strong>earumdem</strong></span> <span class='ocrx_word' id='word_1_881' title='bbox 1071 5309 1384 5354; x_wconf 89' lang='lat' dir='ltr'><strong>sanctorum</strong></span> <span class='ocrx_word' id='word_1_882' title='bbox 1419 5295 1730 5375; x_wconf 75' lang='lat' dir='ltr'><strong>cultoribus</strong></span> <span class='ocrx_word' id='word_1_883' title='bbox 1758 5295 2062 5375; x_wconf 76' lang='lat' dir='ltr'><strong>monachis,</strong></span> <span class='ocrx_word' id='word_1_884' title='bbox 2097 5305 2212 5355; x_wconf 87' lang='lat' dir='ltr'><strong>sive</strong></span> <span class='ocrx_word' id='word_1_885' title='bbox 2237 5295 2582 5375; x_wconf 79' lang='lat' dir='ltr'><strong>Diutiysianis</strong></span> <span class='ocrx_word' id='word_1_886' title='bbox 2611 5295 2909 5375; x_wconf 58' lang='lat' dir='ltr'><strong>cantabitis</strong></span> <span class='ocrx_word' id='word_1_887' title='bbox 2936 5295 3258 5375; x_wconf 72' lang='lat' dir='ltr'><strong>condonain</strong></span> <span class='ocrx_word' id='word_1_888' title='bbox 3289 5308 3305 5345; x_wconf 87' lang='lat'><strong>:</strong></span> 
     </span>
    </p>
   </div>
   <div class='ocr_carea' id='block_1_85' title="bbox 50 5365 3308 5445">
    <p class='ocr_par' dir='ltr' id='par_1_85' title="bbox 50 5365 3308 5445">
     <span class='ocr_line' id='line_1_87' title="bbox 50 5365 3308 5445; baseline -0.004 -18"><span class='ocrx_word' id='word_1_889' title='bbox 50 5365 307 5445; x_wconf 64' lang='lat' dir='ltr'><strong>Dignum</strong></span> <span class='ocrx_word' id='word_1_890' title='bbox 340 5383 415 5424; x_wconf 72' lang='lat' dir='ltr'><strong>est</strong></span> <span class='ocrx_word' id='word_1_891' title='bbox 445 5365 607 5445; x_wconf 62' lang='lat' dir='ltr'><strong>enim,</strong></span> <span class='ocrx_word' id='word_1_892' title='bbox 643 5371 954 5445; x_wconf 85' lang='lat' dir='ltr'><strong>iuquiebas,</strong></span> <span class='ocrx_word' id='word_1_893' title='bbox 985 5381 1039 5445; x_wconf 66' lang='lat' dir='ltr'><strong>ut</strong></span> <span class='ocrx_word' id='word_1_894' title='bbox 1065 5387 1158 5438; x_wconf 82' lang='lat' dir='ltr'><strong>per</strong></span> <span class='ocrx_word' id='word_1_895' title='bbox 1195 5387 1323 5440; x_wconf 83' lang='lat' dir='ltr'><strong>quos</strong></span> <span class='ocrx_word' id='word_1_896' title='bbox 1360 5372 1574 5445; x_wconf 60' lang='lat' dir='ltr'><strong>suntne</strong></span> <span class='ocrx_word' id='word_1_897' title='bbox 1590 5373 1733 5424; x_wconf 86' lang='lat' dir='ltr'><strong>omni</strong></span> <span class='ocrx_word' id='word_1_898' title='bbox 1765 5376 1999 5439; x_wconf 78' lang='lat' dir='ltr'><strong>corporis</strong></span> <span class='ocrx_word' id='word_1_899' title='bbox 2029 5372 2282 5424; x_wconf 78' lang='lat' dir='ltr'><strong>liberatus</strong></span> <span class='ocrx_word' id='word_1_900' title='bbox 2309 5365 2641 5436; x_wconf 71' lang='lat' dir='ltr'><strong>infirmitate,</strong></span> <span class='ocrx_word' id='word_1_901' title='bbox 2687 5369 2785 5445; x_wconf 75' lang='lat' dir='ltr'><strong>ipsi</strong></span> <span class='ocrx_word' id='word_1_902' title='bbox 2819 5367 2946 5445; x_wconf 70' lang='lat' dir='ltr'><strong>milii</strong></span> <span class='ocrx_word' id='word_1_903' title='bbox 2971 5369 3024 5445; x_wconf 77' lang='lat' dir='ltr'><strong>in</strong></span> <span class='ocrx_word' id='word_1_904' title='bbox 3055 5365 3167 5433; x_wconf 81' lang='lat' dir='ltr'><strong>ipsa</strong></span> <span class='ocrx_word' id='word_1_905' title='bbox 3192 5378 3308 5445; x_wconf 72' lang='lat' dir='ltr'><strong>mea</strong></span> 
     </span>
    </p>
   </div>
   <div class='ocr_carea' id='block_1_86' title="bbox 46 5434 3306 5512">
    <p class='ocr_par' dir='ltr' id='par_1_86' title="bbox 46 5434 3306 5512">
     <span class='ocr_line' id='line_1_88' title="bbox 46 5434 3306 5512; baseline -0.003 -14"><span class='ocrx_word' id='word_1_906' title='bbox 46 5434 292 5499; x_wconf 61' lang='lat' dir='ltr'><strong>deoeant</strong></span> <span class='ocrx_word' id='word_1_907' title='bbox 324 5442 632 5496; x_wconf 76' lang='lat' dir='ltr'><strong>Iucreditate</strong></span> <span class='ocrx_word' id='word_1_908' title='bbox 657 5434 957 5495; x_wconf 61' lang='lat' dir='ltr'><strong>sul-cedere.</strong></span> <span class='ocrx_word' id='word_1_909' title='bbox 991 5434 1220 5495; x_wconf 75' lang='lat' dir='ltr'><strong>Beatum</strong></span> <span class='ocrx_word' id='word_1_910' title='bbox 1247 5456 1412 5509; x_wconf 89' lang='lat' dir='ltr'><strong>porro</strong></span> <span class='ocrx_word' id='word_1_911' title='bbox 1447 5441 1579 5496; x_wconf 91' lang='lat' dir='ltr'><strong>illud</strong></span> <span class='ocrx_word' id='word_1_912' title='bbox 1606 5434 1866 5495; x_wconf 69' lang='lat' dir='ltr'><strong>saeculum</strong></span> <span class='ocrx_word' id='word_1_913' title='bbox 1895 5450 2046 5511; x_wconf 81' lang='lat' dir='ltr'><strong>(sunt</strong></span> <span class='ocrx_word' id='word_1_914' title='bbox 2079 5444 2226 5495; x_wconf 89' lang='lat' dir='ltr'><strong>enim</strong></span> <span class='ocrx_word' id='word_1_915' title='bbox 2259 5434 2384 5494; x_wconf 84' lang='lat' dir='ltr'><strong>bina</strong></span> <span class='ocrx_word' id='word_1_916' title='bbox 2411 5443 2526 5494; x_wconf 81' lang='lat' dir='ltr'><strong>hac</strong></span> <span class='ocrx_word' id='word_1_917' title='bbox 2551 5434 2653 5512; x_wconf 75' lang='lat' dir='ltr'><strong>piae</strong></span> <span class='ocrx_word' id='word_1_918' title='bbox 2691 5434 3037 5492; x_wconf 82' lang='lat' dir='ltr'><strong>liberalitatis</strong></span> <span class='ocrx_word' id='word_1_919' title='bbox 3059 5434 3306 5512; x_wconf 70' lang='lat' dir='ltr'><strong>exempla</strong></span> 
     </span>
    </p>
   </div>
   <div class='ocr_carea' id='block_1_87' title="bbox 48 5505 3306 5582">
    <p class='ocr_par' dir='ltr' id='par_1_87' title="bbox 48 5505 3306 5582">
     <span class='ocr_line' id='line_1_89' title="bbox 48 5505 3306 5582; baseline -0.004 -14"><span class='ocrx_word' id='word_1_920' title='bbox 48 5520 233 5568; x_wconf 87' lang='lat' dir='ltr'><strong>unius</strong></span> <span class='ocrx_word' id='word_1_921' title='bbox 266 5513 627 5580; x_wconf 83' lang='lat' dir='ltr'><strong>ejusdemque</strong></span> <span class='ocrx_word' id='word_1_922' title='bbox 659 5512 835 5566; x_wconf 85' lang='lat' dir='ltr'><strong>octavi</strong></span> <span class='ocrx_word' id='word_1_923' title='bbox 877 5513 1082 5580; x_wconf 61' lang='lat' dir='ltr'><strong>sa&#39;culi)</strong></span> <span class='ocrx_word' id='word_1_924' title='bbox 1112 5505 1263 5580; x_wconf 77' lang='lat' dir='ltr'><strong>quod</strong></span> <span class='ocrx_word' id='word_1_925' title='bbox 1288 5513 1424 5567; x_wconf 84' lang='lat' dir='ltr'><strong>tales</strong></span> <span class='ocrx_word' id='word_1_926' title='bbox 1453 5513 1645 5566; x_wconf 88' lang='lat' dir='ltr'><strong>habuit</strong></span> <span class='ocrx_word' id='word_1_927' title='bbox 1687 5505 1921 5568; x_wconf 81' lang='lat' dir='ltr'><strong>clientes</strong></span> <span class='ocrx_word' id='word_1_928' title='bbox 1959 5522 2272 5568; x_wconf 87' lang='lat' dir='ltr'><strong>sanctorum</strong></span> <span class='ocrx_word' id='word_1_929' title='bbox 2302 5513 2316 5566; x_wconf 75' lang='grc' dir='ltr'>Ξ</span> <span class='ocrx_word' id='word_1_930' title='bbox 2366 5513 2508 5582; x_wconf 88' lang='lat' dir='ltr'><strong>quod</strong></span> <span class='ocrx_word' id='word_1_931' title='bbox 2539 5505 2644 5566; x_wconf 68' lang='lat' dir='ltr'><strong>fani</strong></span> <span class='ocrx_word' id='word_1_932' title='bbox 2673 5524 2942 5564; x_wconf 87' lang='lat' dir='ltr'><strong>memores</strong></span> <span class='ocrx_word' id='word_1_933' title='bbox 2970 5505 3194 5577; x_wconf 88' lang='lat' dir='ltr'><strong>protulit</strong></span> <span class='ocrx_word' id='word_1_934' title='bbox 3226 5505 3306 5556; x_wconf 82' lang='lat' dir='ltr'><strong>di-</strong></span> 
     </span>
    </p>
   </div>
   <div class='ocr_carea' id='block_1_88' title="bbox 48 5582 1634 5652">
    <p class='ocr_par' dir='ltr' id='par_1_88' title="bbox 48 5582 1634 5652">
     <span class='ocr_line' id='line_1_90' title="bbox 48 5582 1634 5652; baseline -0.006 -12"><span class='ocrx_word' id='word_1_935' title='bbox 48 5591 330 5640; x_wconf 82' lang='lat' dir='ltr'><strong>vinorum</strong></span> <span class='ocrx_word' id='word_1_936' title='bbox 359 5582 747 5652; x_wconf 70' lang='lat' dir='ltr'><strong>beneﬁciorum</strong></span> <span class='ocrx_word' id='word_1_937' title='bbox 782 5593 1124 5652; x_wconf 83' lang='lat' dir='ltr'><strong>susceptores</strong></span> <span class='ocrx_word' id='word_1_938' title='bbox 1151 5583 1164 5634; x_wconf 73' lang='grc' dir='ltr'>Ξ</span> <span class='ocrx_word' id='word_1_939' title='bbox 1631 5616 1634 5618; x_wconf 49' lang='grc' dir='ltr'><strong>ν</strong></span> 
     </span>
    </p>
   </div>
   <div class='ocr_carea' id='block_1_89' title="bbox 121 5647 3272 5724">
    <p class='ocr_par' dir='ltr' id='par_1_89' title="bbox 121 5647 3272 5724">
     <span class='ocr_line' id='line_1_91' title="bbox 121 5647 3272 5724; baseline -0.003 -15"><span class='ocrx_word' id='word_1_940' title='bbox 121 5659 200 5709; x_wconf 73' lang='lat' dir='ltr'><strong>Et.</strong></span> <span class='ocrx_word' id='word_1_941' title='bbox 230 5669 369 5709; x_wconf 90' lang='lat' dir='ltr'><strong>vero</strong></span> <span class='ocrx_word' id='word_1_942' title='bbox 399 5651 534 5708; x_wconf 86' lang='lat' dir='ltr'><strong>alios</strong></span> <span class='ocrx_word' id='word_1_943' title='bbox 575 5647 1193 5724; x_wconf 57' lang='lat' dir='ltr'><strong>eosdeinipso&#39;saeulo,</strong></span> <span class='ocrx_word' id='word_1_944' title='bbox 1213 5662 1268 5707; x_wconf 87' lang='lat' dir='ltr'><strong>et</strong></span> <span class='ocrx_word' id='word_1_945' title='bbox 1297 5667 1365 5706; x_wconf 80' lang='lat' dir='ltr'><strong>ex</strong></span> <span class='ocrx_word' id='word_1_946' title='bbox 1392 5655 1580 5707; x_wconf 83' lang='lat' dir='ltr'><strong>eadem</strong></span> <span class='ocrx_word' id='word_1_947' title='bbox 1610 5653 1804 5723; x_wconf 84' lang='lat' dir='ltr'><strong>Anglia</strong></span> <span class='ocrx_word' id='word_1_948' title='bbox 1831 5654 2122 5724; x_wconf 83' lang='lat' dir='ltr'><strong>praeclaros</strong></span> <span class='ocrx_word' id='word_1_949' title='bbox 2154 5670 2367 5723; x_wconf 88' lang='lat' dir='ltr'><strong>possem</strong></span> <span class='ocrx_word' id='word_1_950' title='bbox 2401 5655 2671 5710; x_wconf 89' lang='lat' dir='ltr'><strong>adducere</strong></span> <span class='ocrx_word' id='word_1_951' title='bbox 2697 5666 2830 5721; x_wconf 88' lang='lat' dir='ltr'><strong>erga</strong></span> <span class='ocrx_word' id='word_1_952' title='bbox 2853 5647 3174 5724; x_wconf 78' lang='lat' dir='ltr'><strong>Dionysium</strong></span> <span class='ocrx_word' id='word_1_953' title='bbox 3203 5659 3272 5724; x_wconf 70' lang='lat' dir='ltr'><strong>ne</strong></span> 
     </span>
    </p>
   </div>
   <div class='ocr_carea' id='block_1_90' title="bbox 42 5715 3299 5795">
    <p class='ocr_par' dir='ltr' id='par_1_90' title="bbox 42 5715 3299 5795">
     <span class='ocr_line' id='line_1_92' title="bbox 42 5715 3299 5795; baseline -0.004 -15"><span class='ocrx_word' id='word_1_954' title='bbox 42 5732 409 5788; x_wconf 80' lang='lat' dir='ltr'><strong>nctactotes,</strong></span> <span class='ocrx_word' id='word_1_955' title='bbox 442 5739 534 5777; x_wconf 88' lang='lat' dir='ltr'><strong>seu</strong></span> <span class='ocrx_word' id='word_1_956' title='bbox 568 5722 738 5777; x_wconf 84' lang='lat' dir='ltr'><strong>Ull&#39;am</strong></span> <span class='ocrx_word' id='word_1_957' title='bbox 771 5715 1094 5778; x_wconf 76' lang='lat' dir='ltr'><strong>Merciorum</strong></span> <span class='ocrx_word' id='word_1_958' title='bbox 1130 5715 1332 5793; x_wconf 86' lang='lat' dir='ltr'><strong>regem,</strong></span> <span class='ocrx_word' id='word_1_959' title='bbox 1371 5741 1466 5778; x_wconf 86' lang='lat' dir='ltr'><strong>seu</strong></span> <span class='ocrx_word' id='word_1_960' title='bbox 1495 5715 1740 5795; x_wconf 58' lang='lat' dir='ltr'><strong>geminos</strong></span> <span class='ocrx_word' id='word_1_961' title='bbox 1772 5715 1965 5779; x_wconf 76' lang='lat' dir='ltr'><strong>fratres</strong></span> <span class='ocrx_word' id='word_1_962' title='bbox 1993 5715 2356 5795; x_wconf 70' lang='lat' dir='ltr'><strong>Agonavalani</strong></span> <span class='ocrx_word' id='word_1_963' title='bbox 2391 5737 2447 5780; x_wconf 89' lang='lat' dir='ltr'><strong>et</strong></span> <span class='ocrx_word' id='word_1_964' title='bbox 2474 5715 2790 5795; x_wconf 57' lang='lat' dir='ltr'><strong>Sigrinmn:</strong></span> <span class='ocrx_word' id='word_1_965' title='bbox 2811 5732 2865 5775; x_wconf 86' lang='lat' dir='ltr'><strong>et</strong></span> <span class='ocrx_word' id='word_1_966' title='bbox 2895 5715 3299 5795; x_wconf 23' lang='lat' dir='ltr'><strong>hosce‘quiden&#39;</strong></span> 
     </span>
    </p>
   </div>
   <div class='ocr_carea' id='block_1_91' title="bbox 43 5789 3298 5864">
    <p class='ocr_par' dir='ltr' id='par_1_91' title="bbox 43 5789 3298 5864">
     <span class='ocr_line' id='line_1_93' title="bbox 43 5789 3298 5864; baseline -0.003 -14"><span class='ocrx_word' id='word_1_967' title='bbox 43 5803 203 5852; x_wconf 81' lang='lat' dir='ltr'><strong>ultro</strong></span> <span class='ocrx_word' id='word_1_968' title='bbox 244 5808 304 5850; x_wconf 90' lang='lat' dir='ltr'><strong>et</strong></span> <span class='ocrx_word' id='word_1_969' title='bbox 335 5796 578 5849; x_wconf 74' lang='lat' dir='ltr'><strong>unanimi</strong></span> <span class='ocrx_word' id='word_1_970' title='bbox 622 5808 1130 5864; x_wconf 80' lang='lat' dir='ltr'><strong>consensumnuem</strong></span> <span class='ocrx_word' id='word_1_971' title='bbox 1170 5789 1320 5846; x_wconf 73' lang='lat' dir='ltr'><strong>suam</strong></span> <span class='ocrx_word' id='word_1_972' title='bbox 1352 5789 1770 5861; x_wconf 68' lang='lat' dir='ltr'><strong>possessionem,</strong></span> <span class='ocrx_word' id='word_1_973' title='bbox 1804 5811 1965 5863; x_wconf 87' lang='lat' dir='ltr'><strong>quam</strong></span> <span class='ocrx_word' id='word_1_974' title='bbox 2003 5789 2179 5864; x_wconf 70' lang='lat' dir='ltr'><strong>portui</strong></span> <span class='ocrx_word' id='word_1_975' title='bbox 2220 5789 2610 5850; x_wconf 72' lang='lat' dir='ltr'><strong>Lundeviccusi</strong></span> <span class='ocrx_word' id='word_1_976' title='bbox 2654 5793 2888 5846; x_wconf 88' lang='lat' dir='ltr'><strong>vicinam</strong></span> <span class='ocrx_word' id='word_1_977' title='bbox 2921 5789 3298 5864; x_wconf 81' lang='lat' dir='ltr'><strong>habebant,_S.</strong></span> 
     </span>
    </p>
   </div>
   <div class='ocr_carea' id='block_1_92' title="bbox 48 5855 3298 5937">
    <p class='ocr_par' dir='ltr' id='par_1_92' title="bbox 48 5855 3298 5937">
     <span class='ocr_line' id='line_1_94' title="bbox 48 5855 3298 5937; baseline -0.004 -15"><span class='ocrx_word' id='word_1_978' title='bbox 48 5869 331 5924; x_wconf 74' lang='lat' dir='ltr'><strong>Diouvsio</strong></span> <span class='ocrx_word' id='word_1_979' title='bbox 365 5865 778 5922; x_wconf 80' lang='lat' dir='ltr'><strong>Contribuentes</strong></span> <span class='ocrx_word' id='word_1_980' title='bbox 804 5879 818 5929; x_wconf 86' lang='lat'><strong>;</strong></span> <span class='ocrx_word' id='word_1_981' title='bbox 858 5863 1008 5919; x_wconf 90' lang='lat' dir='ltr'><strong>illum</strong></span> <span class='ocrx_word' id='word_1_982' title='bbox 1041 5874 1221 5919; x_wconf 82' lang='lat' dir='ltr'><strong>autem</strong></span> <span class='ocrx_word' id='word_1_983' title='bbox 1254 5875 1308 5919; x_wconf 81' lang='lat' dir='ltr'><strong>et</strong></span> <span class='ocrx_word' id='word_1_984' title='bbox 1337 5855 1598 5935; x_wconf 69' lang='lat' dir='ltr'><strong>quidquid</strong></span> <span class='ocrx_word' id='word_1_985' title='bbox 1629 5855 1836 5923; x_wconf 74' lang='lat' dir='ltr'><strong>ibidcui</strong></span> <span class='ocrx_word' id='word_1_986' title='bbox 1857 5855 2092 5926; x_wconf 68' lang='lat' dir='ltr'><strong>habebat</strong></span> <span class='ocrx_word' id='word_1_987' title='bbox 2117 5871 2254 5936; x_wconf 82' lang='lat' dir='ltr'><strong>juris</strong></span> <span class='ocrx_word' id='word_1_988' title='bbox 2281 5866 2668 5937; x_wconf 75' lang='lat' dir='ltr'><strong>benignissime</strong></span> <span class='ocrx_word' id='word_1_989' title='bbox 2699 5865 3086 5928; x_wconf 84' lang='lat' dir='ltr'><strong>remittentem,</strong></span> <span class='ocrx_word' id='word_1_990' title='bbox 3111 5869 3165 5916; x_wconf 86' lang='lat' dir='ltr'><strong>et</strong></span> <span class='ocrx_word' id='word_1_991' title='bbox 3199 5855 3298 5911; x_wconf 72' lang='lat' dir='ltr'><strong>alia</strong></span> 
     </span>
    </p>
   </div>
  </div>
