3882 6582
125 411 260 466 869

1103 408 1163 466 P.
1203 408 1501 466 "Alii.le
1533 409 1680 465 150C.
1716 408 1881 466 JESU
1919 409 2386 478 QUA'ZSTIONES
2438 411 2527 468 IV.
2619 437 2626 444 υ

3304 419 3410 474 8ῗο

127 528 345 583 arehia
389 526 572 597 legali,
616 527 706 596 qui
751 543 866 600 non
904 535 1095 581 exstat.
1145 526 1344 600 Verum
1390 543 1730 600 nequaquam
1761 537 1807 592 Α
1835 530 2066 600 criticia,
2092 541 2146 582 et
2175 528 2234 582 S.
2260 529 2495 600 Dionysii
2532 533 2694 585 verba
2722 531 2863 584 inale
2889 532 3101 600 accepit
3130 547 3192 588 ac
3223 535 3411 592 distin-

133 600 288 654 Inihi
342 595 452 652 tam
481 595 760 652 sacrarum
812 595 1137 668 Litterarum
1187 599 1408 668 ignarus
1453 595 1546 652 aut
1583 595 1725 653 obli-

133 671 343 724 viosus
367 668 578 722 censeri
616 675 794 734 potest
825 668 884 721 8.
913 666 1286 730 Maximusfut
1323 669 1599 729 nescierit.
1633 677 1726 722 aut

137 755 265 794 non
296 737 624 798 meminerit,
655 737 708 790 in
730 737 911 792 Veteri
931 737 1276 792 Testamento
1299 736 1465 792 luisse
1496 739 1722 793 luterem

133 825 248 864 seti
294 809 525 876 pelvim,
570 822 663 860 seu
701 807 908 860 labrum
952 822 1182 869 aeneum.
1229 822 1321 861 seu
1371 823 1521 862 mare
1568 809 1726 862 fusile

136 880 327 947 (idem
360 880 505 947 enim
555 879 670 932 haec
709 877 1036 946 significant)
1061 879 1133 947 in
1166 877 1365 944 quibus
1410 880 1725 932 sacerdotes

137 946 423 1004 lavarent.
465 946 575 1001 Nec
618 948 763 1000 enim
814 961 920 1000 uno
964 947 1015 999 in
1056 946 1196 1010 loco,
1238 948 1332 1000 sed
1382 949 1433 1001 in
1481 948 1726 1011 pluribus

136 1035 348 1074 eorum
384 1017 442 1070 lit
472 1019 670 1071 mentio
696 1035 711 1082 ;
750 1031 939 1085 nempe
969 1016 1134 1070 Exodi
1166 1031 1294 1076 xxx,
1325 1019 1430 1072 18:
1463 1016 1649 1070 Facies
1675 1030 1724 1070 et

135 1091 366 1142 labrum
389 1102 589 1140 aeneum
616 1103 732 1140 cum
759 1086 870 1138 basi
901 1103 996 1138 sua
1022 1086 1089 1138 ad
1119 1085 1401 1140 lavandum
1423 1103 1442 1152 ;
1467 1103 1726 1155 ponesque

135 1159 288 1212 illud
318 1160 454 1210 inter
477 1155 868 1210 tabernaculum
895 1157 1175 1208 testimonii
1191 1166 1236 1209 et
1258 1157 1450 1212 altare.
1472 1156 1537 1209 Et
1562 1159 1723 1210 missa

134 1244 318 1297 aqua,
344 1227 591 1280 lavabunt
615 1229 670 1280 in
685 1243 746 1281 ea
770 1225 946 1280 Aaron
967 1234 1014 1278 et
1037 1225 1134 1293 ﬁlii
1158 1228 1271 1294 ejus
1300 1243 1486 1281 manus
1512 1244 1636 1282 suas
1661 1245 1725 1282 ac

134 1298 344 1365 pedes,
384 1297 594 1366 quando
641 1297 930 1366 ingressuri
966 1305 1092 1359 sunt
1136 1297 1531 1350 tabernaculum
1573 1300 1724 1352 testi-

133 1368 345 1430 monii,
371 1377 420 1419 et
448 1366 659 1435 quando
691 1368 950 1436 accessuri
979 1377 1102 1420 sunt
1143 1367 1213 1436 ad
1253 1369 1446 1431 altare,
1489 1378 1546 1420 ut
1589 1370 1722 1436 0θέ-

136 1446 277 1506 τᾳηε
308 1439 363 1491 in
383 1453 442 1491 eo
471 1437 755 1506 thymiama
782 1435 1028 1506 Domino,
1056 1451 1117 1488 ne
1146 1435 1281 1504 forte
1311 1435 1725 1492 moriantur.iEt

134 1505 329 1559 Exodi
374 1522 496 1574 cap.
522 1503 754 1568 iuvui,
788 1506 820 1560 8
845 1523 860 1560 :
892 1503 1041 1559 Fecit
1071 1516 1120 1558 et
1146 1503 1359 1559 labrum
1385 1525 1582 1562 teneam
1604 1525 1722 1562 cum

136 1578 266 1628 basi
293 1594 392 1630 sua
420 1578 484 1629 de
515 1576 738 1646 speculis
785 1575 1096 1646 mulierum,
1134 1593 1252 1646 qua:
1295 1579 1624 1631 excubabant
1665 1580 1721 1632 in

133 1649 288 1699 ostio
316 1646 662 1716 tabernaculi.
680 1645 754 1716 Et
778 1646 872 1700 lib.
896 1644 958 1699 lll
983 1644 1289 1716 Reg.,rcap.
1315 1663 1412 1709 VII,
1435 1648 1542 1701 25:
1573 1646 1721 1701 Fecit

131 1731 358 1786 quoque
388 1732 531 1770 mare
559 1715 717 1786 fusile
753 1716 926 1769 decem
968 1715 1265 1786 cubitorum
1311 1734 1341 1768 a
1385 1717 1526 1771 labia
1557 1735 1721 1784 usque

134 1787 225 1838 ad
254 1787 484 1846 labium.
527 1785 814 1857 rotundum
851 1785 1281 1857 incir_cuitu.7Et
1322 1785 1463 1840 idem
1507 1803 1720 1857 quoque

137 1857 354 1922 repetit
383 1857 605 1910 totidem
639 1854 753 1910 fere
777 1856 958 1910 verbis
984 1854 1020 1907 ll
1053 1855 1286 1926 Paralip.
1312 1873 1387 1920 tv,
1409 1857 1464 1921 2,
1490 1854 1544 1911 ei
1572 1854 1721 1911 addit

136 1940 204 1979 ν.
235 1927 268 1977 6
309 1943 324 1980 :
371 1927 538 1980 Porro
583 1927 636 1979 in
676 1927 814 1979 mari
861 1926 1158 1980 sacerdotes
1209 1926 1546 1982 lavabantur.
1596 1926 1720 1980 Huic

137 1996 325 2066 igitur
353 1996 410 2050 S.
440 1995 732 2049 Maximum
775 1996 976 2049 virtute
1019 2005 1075 2066 et
1125 1996 1432 2050 eruditione
1483 1999 1716 2051 maxima

132 2066 443 2188 traditum
490 2066 659 2120 latere
695 2066 935 2146 potuisse
970 2065 1092 2146 quis
1119 2068 1344 2120 credat?
1374 2071 1554 2134 Quare
1582 2068 1721 2120 sicut

196 2135 466 2188 ansseltus
493 2145 676 2188 noster
705 2135 834 2188 Illud
867 2136 1148 2188 Scholion.
1196 2146 1450 2188 tanquam
1510 2136 1718 2188 adulte-

196 2135 466 2190 ansselius
493 2145 676 2190 noster
705 2135 1148 2206 illudscholion,
1196 2146 1450 2206 tanquam
1510 2136 1718 2189 adulte-

137 2206 332 2258 rinum
357 2221 424 2260 ex
456 2214 629 2277 parte,
655 2220 686 2277 a
718 2205 774 2258 8.
791 2203 1482 2277 Maximojusteauiovet;
1519 2207 1590 2260 ita
1619 2222 1719 2277 ego

138 2284 326 2328 totum
357 2278 426 2331 ab
455 2273 642 2329 eodem
668 2273 872 2346 justius
919 2275 1166 2332 aumlior.
1211 2275 1345 2330 Nam
1371 2276 1417 2331 si
1451 2273 1720 2346 pOSteribr

93 2359 278 2412 _pars
328 2360 432 2400 non
481 2354 567 2400 est
607 2346 780 2399 saneti
822 2345 1074 2410 Maximi,
1119 2357 1270 2400 certe
1317 2345 1485 2401 multo
1538 2347 1718 2400 minus

139 2414 326 2485 prior.
357 2413 492 2470 Nam
525 2425 745 2485 propter
774 2415 1020 2483 priorem
1061 2416 1270 2483 adjecta
1301 2427 1384 2470 est
1423 2417 1714 2484 posterior.

138 2484 294 2550 Quia
325 2487 468 2541 enim
506 2484 837 2540 existimavit
862 2485 1152 2539 adulteriui
1193 2485 1350 2552 hujus
1392 2486 1586 2541 scholii
1633 2488 1718 2539 in-

135 2566 312 2623 eptus
338 2565 394 2610 et
427 2555 675 2611 indoctus
724 2555 984 2618 iutrusor,
1028 2569 1134 2608 non
1165 2555 1337 2610 fuisse
1369 2557 1422 2610 in
1468 2557 1588 2624 lege
1637 2557 1718 2609 lu-

139 2634 301 2680 leres
327 2641 422 2681 seu
453 2625 635 2698 pelves
671 2624 740 2680 ad
778 2625 1040 2680 lotionem
1071 2627 1417 2681 sacerdotum
1456 2637 1582 2681 ante
1626 2641 1717 2680 sa-

152 2758 1493 2782 w—

1834 599 2250 670 itit,_propterea
2289 599 2716 670 adjuuxitillam
2755 603 3113 669 posteriorem
3150 615 3360 670 partem
3391 626 3405 662 :

1832 669 1898 721 Et
1933 668 2244 736 Dionysium
2279 669 2471 724 habere
2502 669 2668 724 alium
2700 668 2988 725 tractatum
3015 673 3080 726 tle
3105 668 3408 733 hierarchia

1829 739 2010 806 legali,
2035 741 2124 806 qui
2155 755 2257 792 non
2285 748 2480 794 exstat.

1901 807 2106 882 Dicitur
2157 817 2425 882 praetcrea
2475 818 2704 882 sanctus
2757 809 3049 882 Dionysius
3113 813 3406 882 scripsisse

1827 877 2149 950 martyrium
2181 877 2628 950 sancti_Eutropii
2661 877 2971 934 consodalis
3003 883 3110 946 sui,
3144 877 3309 950 atque
3337 887 3404 940 ad

1822 947 2506 1019 Clementem_pontilicem
2540 949 2773 1019 misisse,
2809 965 3140 1019 rugasseque
3179 947 3235 1006 ut
3267 955 3401 1008 illud

1826 1019 2019 1091 deinde
2060 1019 2114 1072 in
2138 1017 2595 1091 _Gr‘:DClllll)_$lllS
2642 1018 2926 1091 legendum
2977 1017 3404 1091 consanguineis

1828 1090 2088 1143 mitteret.
2138 1087 2380 1155 Epismla
2434 1087 2678 1158 Dionysii
2724 1089 2790 1141 ad
2836 1091 3041 1144 dictum
3095 1087 3407 1159 pontiﬁcem

1826 1173 1930 1212 uua
1976 1173 2100 1212 cum
2146 1159 2332 1232 codice
2377 1159 2623 1232 martyrii
2664 1159 2847 1222 missa,
2899 1161 2950 1212 in
3006 1163 3147 1215 hanc
3195 1167 3400 1232 scripta

1825 1237 1945 1282 erat
1977 1228 2308 1284 sententiam
2341 1246 2355 1282 :
2391 1226 2735 1297 Eutropium,
2778 1245 2931 1297 quem
2968 1247 3169 1283 mecum
3211 1236 3265 1286 in
3307 1226 3337 1286 h
3383 1253 3408 1289 s

1827 1315 1948 1372 oras
1987 1301 2055 1350 ad
2091 1298 2490 1372 prccdicandum
2532 1295 2734 1372 Christi
2769 1295 2955 1372 nomen
2993 1301 3208 1365 misisti,
3239 1305 3408 1372 signi—

1822 1369 1923 1436 fico
1957 1364 2100 1436 apud
2149 1364 2414 1420 Santonus
2457 1369 2634 1420 urbem
2680 1386 2710 1419 a
2749 1369 3028 1433 gentilibus
3068 1387 3162 1435 pro
3193 1364 3426 1427 Domini

1823 1440 1931 1506 fide
1969 1439 2313 1498 trucidatum,
2354 1439 2596 1506 martyrii
2639 1453 2889 1507 coronam
2926 1442 3232 1507 percepisse.
3264 1441 3411 1507 Qua-

1823 1517 2034 1576 propter
2063 1520 2209 1559 tuam
2239 1506 2610 1572 paternitatem
2643 1506 2918 1560 humiliter
2952 1506 3131 1570 exoro,
3176 1523 3230 1564 ut
3271 1506 3409 1565 hunc

1823 1578 2081 1645 passionis
2122 1577 2238 1642 ejus
2269 1577 2499 1630 codicem
2544 1577 2956 1645 consanguineis
3006 1582 3130 1631 meis
3170 1591 3219 1633 et
3271 1583 3409 1635 notis

1821 1644 1868 1699 et
1899 1649 2081 1700 amicis
2110 1655 2160 1700 et
2199 1645 2446 1714 ﬁdelibus
2493 1647 2544 1700 in
2576 1644 2795 1700 Graecia:
2839 1648 2969 1711 oris,
3016 1650 3235 1702 Athenis
3273 1669 3412 1716 pt'tB-

1823 1718 1991 1787 cipue,
2026 1733 2184 1785 quam
2229 1716 2480 1787 citissime
2518 1718 2740 1787 poteris,
2771 1717 2981 1787 mittere
3011 1735 3114 1772 non
3159 1721 3403 1787 di/feras.

1825 1786 1941 1864 Quo
1970 1799 2017 1864 et
2064 1789 2160 1864 ipsi
2197 1793 2245 1839 et
2281 1785 2478 1848 caueri,
2515 1785 2602 1854 qui
2643 1804 2675 1838 a
2706 1785 2770 1839 Β.
2805 1785 2992 1864 ΡαιιΙοι
3016 1805 3163 1842 nova:
3197 1785 3406 1856 r‘egeneo

1822 1859 2044 1911 rationis
2087 1858 2358 1909 lavacrum
2401 1872 2503 1907 una
2535 1871 2734 1908 mecum
2779 1858 3116 1920 acceperunt,
3145 1876 3264 1912 cum
3307 1877 3410 1912 au-

1820 1926 2011 1979 dierint
2037 1925 2326 1994 gloriosum
2361 1935 2643 1992 martyrem
2672 1942 2765 1991 pro
2792 1925 2986 1979 Christi
3015 1929 3121 1994 fide
3144 1929 3407 1983 crudelem

1822 2012 1996 2069 necem
2031 1997 2315 2069 sabinisse‘.
2361 1998 2624 2062 gaudeant
2657 1994 3113 2069 seutribulationes
3154 2009 3201 2051 et
3239 2017 3412 2069 angu-

1822 2067 1955 2120 stias
1986 2083 2080 2134 pro
2107 2065 2303 2118 Christi
2332 2080 2512 2117 amore
2551 2065 2854 2118 sustulisse.
2890 2064 3015 2118 llaec
3061 2064 3328 2132 Epistula,
3353 2079 3411 2124 ut

1822 2145 1878 2190 et
1915 2138 2086 2191 codex
2117 2134 2388 2203 passionis
2420 2137 2559 2201 (qua:
2585 2135 2832 2188 Calixtus
2863 2150 2994 2203 papa
3022 2135 3062 2190 ll
3097 2139 3410 2192 Constanti-

1781 2204 1786 2210 '
1822 2205 2002 2273 n0puli
2050 2207 2105 2259 in
2140 2206 2326 2260 schola
2375 2203 2688 2258 Grascorum
2741 2208 3010 2271 reperisse
3049 2208 3265 2272 dicitur,
3294 2220 3350 2264 et
3380 2228 3410 2265 e

1823 2275 2014 2331 Graeco
2065 2276 2119 2329 in
2171 2276 2422 2345 Latinum
2473 2274 2843 2345 transtulisse)
2895 2273 3083 2330 Graece
3122 2278 3236 2345 jam
3296 2294 3406 2334 nou

1824 2354 2062 2403 exstant.
2090 2345 2222 2400 Vide
2248 2343 2588 2415 Vincentium
2621 2344 3060 2399 Bellovacensem
3089 2343 3184 2402 lib.
3213 2362 3248 2400 x
3276 2347 3407 2415 Spe-

1823 2416 1931 2470 culi
1961 2417 2177 2478 histor.,
2206 2429 2326 2481 cap.
2360 2413 2443 2485 18,
2479 2414 2554 2467 lbi
2581 2423 2800 2468 exstant
2829 2415 2962 2468 Acta
2996 2418 3174 2472 sancti
3207 2413 3406 2472 Eutro-

1821 2485 1918 2557 pii,
1953 2486 2045 2540 sed
2080 2486 2346 2557 incertum
2397 2492 2481 2538 est
2518 2499 2586 2536 an
2622 2499 2684 2557 ea
2723 2486 2833 2539 sint
2871 2500 2989 2552 qua:
3019 2500 3240 2540 sanctus
3279 2487 3406 2540 Dio-

1824 2553 2012 2625 nysius
2038 2553 2373 2624 perscripsit,
2399 2569 2467 2608 an
2489 2568 2621 2608 vero
2645 2555 2924 2624 desumpta
2950 2564 3157 2610 tantum
3183 2573 3251 2612 ex
3277 2557 3402 2622 illis,

1823 2625 2018 2682 saltem
2045 2640 2111 2680 ex
2140 2635 2318 2693 parte.

788 2888 970 2998 Β.
1047 2885 1216 2997 Ρ.
1293 2887 1738 3000 PETI

1822 2889 1875 3000 ι
1948 2884 2779 3029 gen.me

1567 3095 1610 3152 E
1647 3095 1796 3153 SOC.
1830 3095 1999 3153 JESU

674 3269 822 3360 DE
881 3267 992 3404 "S.
1071 3265 1632 3362 DIONYSII
1706 3267 1997 3363 VITA
2063 3269 2215 3359 ET
2287 3267 2894 3364 OPERIBUS

880 3459 1826 3614 QUIESTIONES
1915 3481 2640 3616 QUATUOR.

220 3776 384 3850 532
413 3775 575 3832 Circa
616 3772 788 3828 sancti
843 3771 1082 3843 Dionysii
1114 3773 1329 3850 Vitam,
1372 3773 1724 3850 ejusdemque
1755 3785 1797 3840 Α
1899 3773 2076 3850 Hasce
2106 3771 2438 3840 quaestiones
2475 3778 2733 3850 quatuor,
2764 3765 2962 3850 quibus
2996 3773 3144 3850 velut
3160 3775 3398 3850 totidem

146 3844 610 3916 OpErii—quattior
680 3853 976 3898 occurrunt
1041 3844 1389 3916 nobilissima:
1442 3854 1496 3898 et
1555 3844 1722 3900 Variis

148 3913 442 3973 doctorum
492 3917 732 3970 virorum
792 3916 1067 3968 distractae
1117 3913 1404 3968 sententiis
1457 3916 1719 3983 quaestio-

149 4001 405 4110 nel’orima
450 4024 536 4108 est
573 4070 587 4106 :
627 4054 708 4107 An
755 4053 898 4106 idem
936 4053 1009 4106 sit
1053 4052 1343 4122 Dionysius
1363 4051 1716 4122 Areopagita,

144 4125 308 4184 Pauli
342 4125 658 4194 discipulus,
681 4123 774 4193 qui
802 4133 858 4178 et
889 4123 1170 4192 episcopus
1196 4122 1521 4178 Parisiensis
1544 4122 1721 4177 Frau-

144 4211 341 4254 corum
372 4205 660 4263 patronus.

221 4260 508 4320 Secunda:
541 4265 620 4318 An
651 4261 826 4330 Opera
867 4277 986 4332 quae
1030 4276 1174 4316 nunc
1207 4268 1421 4316 exstant
1467 4260 1568 4332 sub
1615 4276 1714 4318 no-

144 4338 297 4393 miue
323 4334 558 4405 Dionysii
589 4331 928 4405 Areopagitas
949 4333 1121 4405 edita,
1151 4333 1262 4388 sint
1294 4347 1488 4388 revera
1517 4331 1712 4401 ipsius,

145 4424 216 4462 an
247 4420 380 4460 vero
409 4403 724 4474 posterioris
753 4403 1073 4474 cuiuspiam.

219 4470 444 4530 Tertia}
467 4474 551 4528 Au
575 4470 924 4537 Timotheus;
944 4475 1031 4526 cui
1066 4473 1120 4527 hi
1144 4470 1264 4526 libri
1291 4471 1541 4540 inscripti
1564 4480 1712 4537 sunt,

147 4550 222 4602 sit
245 4545 566 4599 Timotheus
611 4545 722 4606 ille,
774 4542 919 4596 Pauli
969 4543 1265 4612 discipulus
1307 4551 1363 4597 et
1396 4543 1598 4608 socius,
1641 4557 1711 4596 an

145 4619 292 4672 alius
320 4614 514 4684 aliquis
537 4629 630 4668 seu
662 4630 690 4666 a
722 4613 889 4684 Lucio
913 4613 1130 4679 Dextro,
1155 4627 1249 4667 seu
1273 4628 1304 4667 a
1332 4613 1589 4677 Barunio,
1613 4626 1711 4668 seu

144 4703 176 4741 a
211 4688 465 4754 quopiam
494 4685 601 4754 alio
629 4683 960 4754 propositus.

253 4704 465 4754 uoptam
494 4704 601 4738 allo
629 4704 960 4752 ιπυροδιιυδ.

211 4704 422 4821 ῗὶυετιιι
450 4767 466 4804 :
498 4751 617 4812 Utri
666 4753 826 4807 hodie
873 4752 1045 4807 sancti
1091 4751 1333 4822 Dionysii
1384 4765 1584 4822 corpus
1626 4759 1710 4807 te-

147 4835 337 4892 neant,
366 4823 795 4890 Parisiensesne,
822 4838 891 4878 an
921 4822 1360 4880 llatisboueuses.

1826 3843 2098 3916 columnis
2150 3851 2419 3916 structura
2485 3841 2618 3894 Vita:
2659 3850 2715 3916 et
2776 3841 3011 3916 Operam
3064 3845 3102 3897 8
3157 3844 3398 3916 Dionysii

1824 3911 2450 3984 sustinetur,i_tametsi,a
2487 3914 3051 3984 nonnullisautchac.
3082 3923 3136 3967 et
3180 3911 3396 3984 quidem

1823 3986 1967 4039 haud
2018 3981 2402 4046 intelligantur,
2452 3990 2698 4036 tractata:
2743 3982 2883 4044 sint;
2931 3984 3104 4036 visum
3147 3981 3233 4038 est
3265 3986 3397 4039 mihi

1823 4063 2004 4108 tamen
2034 4055 2086 4105 iu
2116 4050 2403 4121 praesentia
2427 4051 2712 4118 aliquando
2736 4051 3045 4120 diligentius
3071 4063 3394 4119 retractare.

1819 4123 1952 4176 Nam
2002 4133 2058 4178 et
2103 4123 2456 4175 adversarum
2494 4121 2731 4188 partium
2776 4129 3032 4175 veterana
3083 4139 3232 4177 arma
3283 4126 3396 4178 sive

1819 4196 2040 4264 antiqua
2093 4199 2414 4264 argumenta
2461 4190 3062 4264 studiosiusexpendi,
3101 4202 3155 4264 et
3199 4205 3394 4248 contra

1819 4260 2055 4318 noviiios
2105 4260 2340 4315 insultas
2383 4275 2521 4315 nova
2569 4261 2780 4315 meliori
2826 4265 2964 4329 parti
3013 4263 3214 4317 auxilia
3263 4279 3394 4318 cono

1818 4334 1973 4397 duxi;
2006 4347 2072 4387 eo
2119 4332 2330 4385 scilicet
2375 4330 2631 4396 consilio,
2677 4342 2740 4401 ut
2779 4332 2824 4386 si
2864 4331 2954 4401 qui
3005 4333 3186 4386 Vitam
3224 4336 3390 4398 hanc,

1816 4404 2015 4458 alienis
2055 4401 2671 4472 imbutiAopiniouibus,
2720 4399 3252 4472 forte'despiciant,
3297 4414 3394 4458 aut

1817 4473 2044 4528 minoris
2074 4471 2223 4540 justo
2255 4469 2483 4534 faciant,
2517 4470 2583 4524 iis
2627 4471 2914 4536 consultis,
2945 4469 3082 4541 quas
3109 4475 3163 4528 in
3210 4474 3392 4529 vicino

1817 4542 2088 4605 habeant,
2139 4541 2428 4596 sententiae
2479 4548 2681 4612 nostra;
2729 4542 3070 4606 rationibus,
3121 4543 3394 4612 simulque

1812 4621 2257 4682 argumentorum
2289 4611 2579 4666 momentis
2609 4621 2895 4682 utramque
2924 4613 2976 4666 in
3016 4624 3224 4682 partem
3253 4611 3389 4668 alla-

1815 4680 1995 4737 tofum
2034 4697 2188 4751 aequa
2218 4681 2376 4736 lance
2406 4680 2708 4749 perpensis,
2739 4680 2954 4738 facilius
2983 4680 3030 4739 a‘
3045 4685 3219 4742 deviis
3243 4699 3392 4740 erro-

1820 4753 1970 4823 ribus
1999 4752 2055 4808 in
2090 4753 2319 4808 rationis
2342 4767 2537 4823 gyrum
2565 4753 2918 4808 reducantur.

3402 4841 3419 4916 i

1427 5049 1800 5125 QUIESTIO
1828 5048 2100 5116 PRIMA.

144 5199 246 5260 Au
273 5197 434 5260 idem
465 5201 546 5262 sit
577 5199 918 5278 Dionysius
945 5197 1350 5278 Areopagita,
1383 5195 1572 5259 Pauli
1605 5195 1980 5336 diSCiptttltlw,
2017 5194 2126 5273 qui
2167 5199 2224 5252 et
2275 5192 2604 5271 episcopus
2658 5187 3045 5252 Parisiemis
3101 5181 3386 5248 Franco-

1501 5293 1642 5336 rum
1669 5292 1820 5336 aoos
1857 5292 1888 5334 ο
1920 5292 2017 5336 us.

1501 5293 1642 5336 rum
1669 5292 2017 5354 apostatus.

210 5404 394 5462 Unum
445 5404 801 5472 eumdemque
846 5414 968 5458 esse
1017 5399 1359 5472 Dionysium,
1393 5397 1484 5466 qui
1529 5398 1705 5472 primo
1736 5406 1935 5472 B'tum
1968 5397 2230 5472 apostolis
2276 5395 2485 5472 usitato
2529 5401 2652 5472 post
2703 5391 2978 5472 l'umlatarn
3010 5387 3242 5472 Athenis
3277 5387 3383 5472 Er-

139 5479 482 5534 Athenarum
510 5468 1059 5528 deinde'Parisiorum
1087 5471 1248 5525 fuerit
1281 5471 1586 5540 episcOpus,
1622 5468 1706 5523 his

111 5581 114 5584 ~
143 5548 407 5617 probatur
427 5544 759 5617 argumentis
784 5564 796 5598 :

214 5617 403 5671 Primo
450 5608 701 5683 quidem,
749 5612 892 5682 quod
937 5627 1058 5667 cum
1107 5611 1342 5683 primum
1387 5608 1702 5683 ea_moveri

107 5710 112 5713 -
143 5694 326 5761 coepta.
364 5694 442 5761 est
467 5678 717 5761 quaestio,
745 5678 800 5761 et
828 5697 913 5738 res
953 5678 1342 5761 inter—Graecos
1371 5690 1427 5735 et
1461 5678 1704 5761 Francos

145 5749 800 5826 diligentiuséxaminari,
831 5753 1112 5826 communi
1127 5759 1476 5826 utrorumque
1497 5749 1703 5826 judicio

147 5817 388 5883 decisum
428 5824 501 5883 sit
540 5839 645 5880 non
673 5837 794 5881 esse
825 5824 976 5890 duos,
1007 5817 1113 5880 sed
1135 5817 1405 5879 unicumzi
1426 5819 1518 5891 qui
1551 5832 1700 5874 more

1807 5460 2054 5528 clesiam,
2082 5476 2135 5519 et
2161 5468 2346 5520 datum
2383 5465 2490 5519 illis
2525 5460 2873 5531 episcopum,
2893 5460 3001 5531 alio
3034 5460 3376 5531 demigrarit,

1805 5526 2128 5604 tandemque
2173 5539 2224 5591 in
2255 5535 2482 5591 Galliam
2520 5526 2820 5604 devenerit.
2849 5529 2928 5584 Ac
2963 5530 3031 5583 de
3060 5526 3376 5604 Graecorum
3419 5592 3430 5597 ἡ

1805 5599 2251 5675 quidem-judicio
2279 5603 2593 5660 conﬁrmari
2626 5609 2803 5668 Potest
2836 5616 2866 5655 e
2908 5599 3376 5675 praestantissimis

1804 5670 1952 5732 illius
1993 5670 2093 5731 aevi
2141 5688 2253 5731 tam
2302 5675 2589 5731 sanctitate
2636 5685 2798 5740 quam
2852 5670 3161 5740 eruditione
3213 5670 3374 5736 viris,

1804 5761 1996 5818 nempe
2023 5756 2211 5802 sancto
2253 5745 2546 5818 Methodio.
2588 5739 2883 5818 et’sancto
2917 5739 3206 5818 hychaele‘
3236 5740 3380 5818 Syn-

1803 5808 1953 5889 gclo';
1996 5818 2086 5881 (lui
2118 5819 2301 5885 ambo,
2330 5816 2575 5872 Cedrcno
2608 5822 2763 5878 teste,
2803 5812 2904 5866 sub
2940 5808 3243 5880 Tthphilu
3277 5808 3378 5864 im-
