  <div class='ocr_page' id='page_1' title='image "/cluster/home/n/w/nwhite01/storage/ocr_20150623/4/hvd.32044014713200/459.png"; bbox 0 0 3882 6566; ppageno 0'>
   <div class='ocr_carea' id='block_1_1' title="bbox 1807 232 1827 264">
    <p class='ocr_par' dir='ltr' id='par_1_1' title="bbox 1807 232 1827 264">
     <span class='ocr_line' id='line_1_1' title="bbox 1807 232 1827 264; baseline 0 0"><span class='ocrx_word' id='word_1_1' title='bbox 1807 232 1827 264; x_wconf 87' lang='grc' dir='ltr'><strong><em>Ι</em></strong></span> 
     </span>
    </p>
   </div>
   <div class='ocr_carea' id='block_1_2' title="bbox 448 418 552 475">
    <p class='ocr_par' dir='ltr' id='par_1_2' title="bbox 448 418 552 475">
     <span class='ocr_line' id='line_1_2' title="bbox 448 418 552 475; baseline -0.01 0"><span class='ocrx_word' id='word_1_2' title='bbox 448 418 552 475; x_wconf 75' lang='grc' dir='ltr'><strong>88τ</strong></span> 
     </span>
    </p>
   </div>
   <div class='ocr_carea' id='block_1_3' title="bbox 1211 413 2919 479">
    <p class='ocr_par' dir='ltr' id='par_1_3' title="bbox 1211 413 2919 479">
     <span class='ocr_line' id='line_1_3' title="bbox 1211 413 2919 479; baseline 0.005 -9"><span class='ocrx_word' id='word_1_3' title='bbox 1211 415 1305 470; x_wconf 87' lang='lat' dir='ltr'><strong>DE</strong></span> <span class='ocrx_word' id='word_1_4' title='bbox 1342 414 1400 472; x_wconf 85' lang='lat' dir='ltr'><strong>S.</strong></span> <span class='ocrx_word' id='word_1_5' title='bbox 1446 413 1743 471; x_wconf 76' lang='lat' dir='ltr'><strong>DlONYSll</strong></span> <span class='ocrx_word' id='word_1_6' title='bbox 1777 413 2239 472; x_wconf 67' lang='grc' dir='ltr'><strong>ΑΒΕΟΡΑϐίΤίΕ</strong></span> <span class='ocrx_word' id='word_1_7' title='bbox 2280 414 2440 470; x_wconf 76' lang='grc' dir='ltr'><strong>νιΤΑ</strong></span> <span class='ocrx_word' id='word_1_8' title='bbox 2473 415 2559 470; x_wconf 86' lang='grc' dir='ltr'><strong>ΕΤ</strong></span> <span class='ocrx_word' id='word_1_9' title='bbox 2609 415 2919 479; x_wconf 80' lang='lat' dir='ltr'><strong>SCRIPTIS.</strong></span> 
     </span>
    </p>
   </div>
   <div class='ocr_carea' id='block_1_4' title="bbox 3600 415 3716 473">
    <p class='ocr_par' dir='ltr' id='par_1_4' title="bbox 3600 415 3716 473">
     <span class='ocr_line' id='line_1_4' title="bbox 3600 415 3716 473; baseline 0 0"><span class='ocrx_word' id='word_1_10' title='bbox 3600 415 3716 473; x_wconf 68' lang='grc' dir='ltr'><strong>ἐει</strong></span> 
     </span>
    </p>
   </div>
   <div class='ocr_carea' id='block_1_5' title="bbox 449 530 3718 603">
    <p class='ocr_par' dir='ltr' id='par_1_5' title="bbox 449 530 3718 603">
     <span class='ocr_line' id='line_1_5' title="bbox 449 530 3718 603; baseline -0.001 -13"><span class='ocrx_word' id='word_1_11' title='bbox 449 533 617 590; x_wconf 83' lang='lat' dir='ltr'><strong>culo?</strong></span> <span class='ocrx_word' id='word_1_12' title='bbox 663 548 784 588; x_wconf 90' lang='lat' dir='ltr'><strong>cum</strong></span> <span class='ocrx_word' id='word_1_13' title='bbox 835 532 1047 587; x_wconf 78' lang='lat' dir='ltr'><strong>scilicet</strong></span> <span class='ocrx_word' id='word_1_14' title='bbox 1095 539 1165 603; x_wconf 15' lang='lat' dir='ltr'><strong>et;</strong></span> <span class='ocrx_word' id='word_1_15' title='bbox 1195 531 1572 603; x_wconf 81' lang='lat' dir='ltr'><strong>episcoporum</strong></span> <span class='ocrx_word' id='word_1_16' title='bbox 1625 547 1690 586; x_wconf 90' lang='lat' dir='ltr'><strong>ac</strong></span> <span class='ocrx_word' id='word_1_17' title='bbox 1742 532 2024 586; x_wconf 90' lang='lat' dir='ltr'><strong>doctorum</strong></span> <span class='ocrx_word' id='word_1_18' title='bbox 2058 536 2103 592; x_wconf 84' lang='grc' dir='ltr'>Α</span> <span class='ocrx_word' id='word_1_19' title='bbox 2134 546 2275 596; x_wconf 87' lang='lat' dir='ltr'><strong>mus,</strong></span> <span class='ocrx_word' id='word_1_20' title='bbox 2303 531 2514 603; x_wconf 83' lang='lat' dir='ltr'><strong>firmum</strong></span> <span class='ocrx_word' id='word_1_21' title='bbox 2543 531 3126 603; x_wconf 80' lang='lat' dir='ltr'><strong>llxumquebabeatur,</strong></span> <span class='ocrx_word' id='word_1_22' title='bbox 3149 545 3316 588; x_wconf 67' lang='lat' dir='ltr'><strong>unum</strong></span> <span class='ocrx_word' id='word_1_23' title='bbox 3347 530 3718 603; x_wconf 61' lang='lat' dir='ltr'><strong>cumdemque</strong></span> 
     </span>
    </p>
   </div>
   <div class='ocr_carea' id='block_1_6' title="bbox 452 601 2023 670">
    <p class='ocr_par' dir='ltr' id='par_1_6' title="bbox 452 601 2023 670">
     <span class='ocr_line' id='line_1_6' title="bbox 452 601 2023 670; baseline -0.003 -11"><span class='ocrx_word' id='word_1_24' title='bbox 452 606 634 659; x_wconf 90' lang='lat' dir='ltr'><strong>minor</strong></span> <span class='ocrx_word' id='word_1_25' title='bbox 659 615 805 659; x_wconf 90' lang='lat' dir='ltr'><strong>esset</strong></span> <span class='ocrx_word' id='word_1_26' title='bbox 836 604 1014 670; x_wconf 90' lang='lat' dir='ltr'><strong>copia,</strong></span> <span class='ocrx_word' id='word_1_27' title='bbox 1048 611 1101 654; x_wconf 86' lang='lat' dir='ltr'><strong>et</strong></span> <span class='ocrx_word' id='word_1_28' title='bbox 1129 601 1302 655; x_wconf 83' lang='lat' dir='ltr'><strong>Gallia</strong></span> <span class='ocrx_word' id='word_1_29' title='bbox 1337 618 1566 658; x_wconf 87' lang='lat' dir='ltr'><strong>numero</strong></span> <span class='ocrx_word' id='word_1_30' title='bbox 1586 603 2023 656; x_wconf 71' lang='lat' dir='ltr'><strong>Christianorum</strong></span> 
     </span>
    </p>
   </div>
   <div class='ocr_carea' id='block_1_7' title="bbox 449 671 2021 729">
    <p class='ocr_par' dir='ltr' id='par_1_7' title="bbox 449 671 2021 729">
     <span class='ocr_line' id='line_1_7' title="bbox 449 671 2021 729; baseline -0.003 0"><span class='ocrx_word' id='word_1_31' title='bbox 449 674 745 729; x_wconf 73' lang='lat' dir='ltr'><strong>desertior.</strong></span> <span class='ocrx_word' id='word_1_32' title='bbox 781 674 891 727; x_wconf 85' lang='lat' dir='ltr'><strong>Nec</strong></span> <span class='ocrx_word' id='word_1_33' title='bbox 921 674 1026 726; x_wconf 89' lang='lat' dir='ltr'><strong>hoc</strong></span> <span class='ocrx_word' id='word_1_34' title='bbox 1051 687 1184 725; x_wconf 98' lang='lat' dir='ltr'><strong>sane</strong></span> <span class='ocrx_word' id='word_1_35' title='bbox 1223 686 1418 725; x_wconf 87' lang='lat' dir='ltr'><strong>novum</strong></span> <span class='ocrx_word' id='word_1_36' title='bbox 1450 682 1545 725; x_wconf 88' lang='lat' dir='ltr'><strong>aut</strong></span> <span class='ocrx_word' id='word_1_37' title='bbox 1587 671 1881 727; x_wconf 88' lang='lat' dir='ltr'><strong>Parisiensi</strong></span> <span class='ocrx_word' id='word_1_38' title='bbox 1913 671 2021 725; x_wconf 87' lang='lat' dir='ltr'><strong>Ec-</strong></span> 
     </span>
    </p>
   </div>
   <div class='ocr_carea' id='block_1_8' title="bbox 450 742 2025 813">
    <p class='ocr_par' dir='ltr' id='par_1_8' title="bbox 450 742 2025 813">
     <span class='ocr_line' id='line_1_8' title="bbox 450 742 2025 813; baseline -0.003 -14"><span class='ocrx_word' id='word_1_39' title='bbox 450 745 632 799; x_wconf 70' lang='lat' dir='ltr'><strong>clesia:</strong></span> <span class='ocrx_word' id='word_1_40' title='bbox 658 745 966 813; x_wconf 89' lang='lat' dir='ltr'><strong>proprium,</strong></span> <span class='ocrx_word' id='word_1_41' title='bbox 993 742 1133 809; x_wconf 85' lang='lat' dir='ltr'><strong>quod</strong></span> <span class='ocrx_word' id='word_1_42' title='bbox 1159 742 1541 813; x_wconf 68' lang='lat' dir='ltr'><strong>episcoporum</strong></span> <span class='ocrx_word' id='word_1_43' title='bbox 1567 742 1869 813; x_wconf 85' lang='lat' dir='ltr'><strong>continenti</strong></span> <span class='ocrx_word' id='word_1_44' title='bbox 1899 756 2025 813; x_wconf 85' lang='lat' dir='ltr'><strong>suc-</strong></span> 
     </span>
    </p>
   </div>
   <div class='ocr_carea' id='block_1_9' title="bbox 451 812 2023 870">
    <p class='ocr_par' dir='ltr' id='par_1_9' title="bbox 451 812 2023 870">
     <span class='ocr_line' id='line_1_9' title="bbox 451 812 2023 870; baseline -0.001 0"><span class='ocrx_word' id='word_1_45' title='bbox 451 814 702 870; x_wconf 82' lang='lat' dir='ltr'><strong>cessione</strong></span> <span class='ocrx_word' id='word_1_46' title='bbox 736 812 824 867; x_wconf 90' lang='lat' dir='ltr'><strong>illo</strong></span> <span class='ocrx_word' id='word_1_47' title='bbox 850 827 967 866; x_wconf 67' lang='lat' dir='ltr'><strong>aavo</strong></span> <span class='ocrx_word' id='word_1_48' title='bbox 989 814 1251 866; x_wconf 90' lang='lat' dir='ltr'><strong>caruerit.</strong></span> <span class='ocrx_word' id='word_1_49' title='bbox 1279 812 1390 866; x_wconf 90' lang='lat' dir='ltr'><strong>lloc</strong></span> <span class='ocrx_word' id='word_1_50' title='bbox 1419 813 1565 867; x_wconf 90' lang='lat' dir='ltr'><strong>enim</strong></span> <span class='ocrx_word' id='word_1_51' title='bbox 1598 821 1654 866; x_wconf 91' lang='lat' dir='ltr'><strong>et</strong></span> <span class='ocrx_word' id='word_1_52' title='bbox 1684 812 1869 867; x_wconf 89' lang='lat' dir='ltr'><strong>multis</strong></span> <span class='ocrx_word' id='word_1_53' title='bbox 1898 812 2023 868; x_wconf 88' lang='lat' dir='ltr'><strong>aliis</strong></span> 
     </span>
    </p>
   </div>
   <div class='ocr_carea' id='block_1_10' title="bbox 452 882 2024 951">
    <p class='ocr_par' dir='ltr' id='par_1_10' title="bbox 452 882 2024 951">
     <span class='ocr_line' id='line_1_10' title="bbox 452 882 2024 951; baseline -0.001 -14"><span class='ocrx_word' id='word_1_54' title='bbox 452 885 676 937; x_wconf 86' lang='lat' dir='ltr'><strong>accidit.</strong></span> <span class='ocrx_word' id='word_1_55' title='bbox 703 884 781 937; x_wconf 82' lang='lat' dir='ltr'><strong>Ac</strong></span> <span class='ocrx_word' id='word_1_56' title='bbox 820 884 887 937; x_wconf 91' lang='lat' dir='ltr'><strong>de</strong></span> <span class='ocrx_word' id='word_1_57' title='bbox 919 882 1217 937; x_wconf 82' lang='lat' dir='ltr'><strong>Rhetnensi</strong></span> <span class='ocrx_word' id='word_1_58' title='bbox 1243 885 1461 951; x_wconf 81' lang='lat' dir='ltr'><strong>quidem</strong></span> <span class='ocrx_word' id='word_1_59' title='bbox 1495 882 1731 938; x_wconf 83' lang='lat' dir='ltr'><strong>Ecclesia</strong></span> <span class='ocrx_word' id='word_1_60' title='bbox 1762 882 2024 936; x_wconf 88' lang='lat' dir='ltr'><strong>Flodoar-</strong></span> 
     </span>
    </p>
   </div>
   <div class='ocr_carea' id='block_1_11' title="bbox 452 952 2024 1025">
    <p class='ocr_par' dir='ltr' id='par_1_11' title="bbox 452 952 2024 1025">
     <span class='ocr_line' id='line_1_11' title="bbox 452 952 2024 1025; baseline -0.002 -18"><span class='ocrx_word' id='word_1_61' title='bbox 452 955 555 1025; x_wconf 83' lang='lat' dir='ltr'><strong>dus</strong></span> <span class='ocrx_word' id='word_1_62' title='bbox 586 954 891 1025; x_wconf 75' lang='lat' dir='ltr'><strong>presbyter,</strong></span> <span class='ocrx_word' id='word_1_63' title='bbox 923 953 1160 1020; x_wconf 75' lang='lat' dir='ltr'><strong>scriptor</strong></span> <span class='ocrx_word' id='word_1_64' title='bbox 1185 955 1371 1025; x_wconf 76' lang='lat' dir='ltr'><strong>gravis</strong></span> <span class='ocrx_word' id='word_1_65' title='bbox 1404 969 1586 1023; x_wconf 54' lang='lat' dir='ltr'><strong>(quem</strong></span> <span class='ocrx_word' id='word_1_66' title='bbox 1618 954 1762 1007; x_wconf 82' lang='lat' dir='ltr'><strong>haud</strong></span> <span class='ocrx_word' id='word_1_67' title='bbox 1796 954 1869 1005; x_wconf 90' lang='lat' dir='ltr'><strong>ita</strong></span> <span class='ocrx_word' id='word_1_68' title='bbox 1910 952 2024 1025; x_wconf 7' lang='lat' dir='ltr'><strong>pari-</strong></span> 
     </span>
    </p>
   </div>
   <div class='ocr_carea' id='block_1_12' title="bbox 448 1022 2025 1092">
    <p class='ocr_par' dir='ltr' id='par_1_12' title="bbox 448 1022 2025 1092">
     <span class='ocr_line' id='line_1_12' title="bbox 448 1022 2025 1092; baseline 0 -15"><span class='ocrx_word' id='word_1_69' title='bbox 448 1022 593 1078; x_wconf 88' lang='lat' dir='ltr'><strong>dem</strong></span> <span class='ocrx_word' id='word_1_70' title='bbox 618 1022 908 1078; x_wconf 86' lang='lat' dir='ltr'><strong>ediderunt</strong></span> <span class='ocrx_word' id='word_1_71' title='bbox 950 1032 1004 1078; x_wconf 93' lang='lat' dir='ltr'><strong>et</strong></span> <span class='ocrx_word' id='word_1_72' title='bbox 1043 1022 1264 1092; x_wconf 74' lang='lat' dir='ltr'><strong>egregie</strong></span> <span class='ocrx_word' id='word_1_73' title='bbox 1303 1022 1647 1077; x_wconf 78' lang='lat' dir='ltr'><strong>illuStrarunt</strong></span> <span class='ocrx_word' id='word_1_74' title='bbox 1698 1023 2025 1078; x_wconf 86' lang='lat' dir='ltr'><strong>Sirmondus</strong></span> 
     </span>
    </p>
   </div>
   <div class='ocr_carea' id='block_1_13' title="bbox 451 1093 2025 1175">
    <p class='ocr_par' dir='ltr' id='par_1_13' title="bbox 451 1093 2025 1175">
     <span class='ocr_line' id='line_1_13' title="bbox 451 1093 2025 1175; baseline 0.001 -30"><span class='ocrx_word' id='word_1_75' title='bbox 451 1104 638 1175; x_wconf 58' lang='lat' dir='ltr'><strong>auster</strong></span> <span class='ocrx_word' id='word_1_76' title='bbox 667 1106 720 1175; x_wconf 82' lang='lat' dir='ltr'><strong>et</strong></span> <span class='ocrx_word' id='word_1_77' title='bbox 742 1093 1017 1175; x_wconf 71' lang='lat' dir='ltr'><strong>Georgius</strong></span> <span class='ocrx_word' id='word_1_78' title='bbox 1037 1093 1415 1175; x_wconf 62' lang='lat' dir='ltr'><strong>(Iolvenerius)</strong></span> <span class='ocrx_word' id='word_1_79' title='bbox 1449 1094 1653 1175; x_wconf 75' lang='lat' dir='ltr'><strong>diserte</strong></span> <span class='ocrx_word' id='word_1_80' title='bbox 1683 1093 1872 1175; x_wconf 80' lang='lat' dir='ltr'><strong>scribit</strong></span> <span class='ocrx_word' id='word_1_81' title='bbox 1902 1102 2025 1175; x_wconf 87' lang='lat' dir='ltr'><strong>post</strong></span> 
     </span>
    </p>
   </div>
   <div class='ocr_carea' id='block_1_14' title="bbox 449 1163 2019 1235">
    <p class='ocr_par' dir='ltr' id='par_1_14' title="bbox 449 1163 2019 1235">
     <span class='ocr_line' id='line_1_14' title="bbox 449 1163 2019 1235; baseline 0 -19"><span class='ocrx_word' id='word_1_82' title='bbox 449 1163 574 1218; x_wconf 89' lang='lat' dir='ltr'><strong>illos</strong></span> <span class='ocrx_word' id='word_1_83' title='bbox 620 1165 825 1234; x_wconf 78' lang='lat' dir='ltr'><strong>primos</strong></span> <span class='ocrx_word' id='word_1_84' title='bbox 868 1163 1418 1235; x_wconf 53' lang='lat' dir='ltr'><strong>ejusdeurEcclesize</strong></span> <span class='ocrx_word' id='word_1_85' title='bbox 1462 1165 1770 1235; x_wconf 76' lang='lat' dir='ltr'><strong>pontiﬁces,</strong></span> <span class='ocrx_word' id='word_1_86' title='bbox 1811 1165 2019 1235; x_wconf 87' lang='lat' dir='ltr'><strong>beatos,</strong></span> 
     </span>
    </p>
   </div>
   <div class='ocr_carea' id='block_1_15' title="bbox 448 1233 2022 1303">
    <p class='ocr_par' dir='ltr' id='par_1_15' title="bbox 448 1233 2022 1303">
     <span class='ocr_line' id='line_1_15' title="bbox 448 1233 2022 1303; baseline 0.001 -15"><span class='ocrx_word' id='word_1_87' title='bbox 448 1233 693 1303; x_wconf 86' lang='lat' dir='ltr'><strong>inquam,</strong></span> <span class='ocrx_word' id='word_1_88' title='bbox 734 1235 951 1289; x_wconf 80' lang='lat' dir='ltr'><strong>Sixtum</strong></span> <span class='ocrx_word' id='word_1_89' title='bbox 980 1249 1045 1289; x_wconf 90' lang='lat' dir='ltr'><strong>ac</strong></span> <span class='ocrx_word' id='word_1_90' title='bbox 1086 1234 1352 1289; x_wconf 78' lang='lat' dir='ltr'><strong>Sinicium</strong></span> <span class='ocrx_word' id='word_1_91' title='bbox 1384 1233 1558 1289; x_wconf 83' lang='lat' dir='ltr'><strong>sancti</strong></span> <span class='ocrx_word' id='word_1_92' title='bbox 1601 1233 1746 1289; x_wconf 88' lang='lat' dir='ltr'><strong>Petri</strong></span> <span class='ocrx_word' id='word_1_93' title='bbox 1789 1234 2022 1303; x_wconf 80' lang='lat' dir='ltr'><strong>apostoli</strong></span> 
     </span>
    </p>
   </div>
   <div class='ocr_carea' id='block_1_16' title="bbox 447 1302 2019 1373">
    <p class='ocr_par' dir='ltr' id='par_1_16' title="bbox 447 1302 2019 1373">
     <span class='ocr_line' id='line_1_16' title="bbox 447 1302 2019 1373; baseline 0 -16"><span class='ocrx_word' id='word_1_94' title='bbox 447 1302 768 1373; x_wconf 79' lang='lat' dir='ltr'><strong>diScipnlos,</strong></span> <span class='ocrx_word' id='word_1_95' title='bbox 810 1321 981 1373; x_wconf 88' lang='lat' dir='ltr'><strong>usque</strong></span> <span class='ocrx_word' id='word_1_96' title='bbox 1013 1305 1079 1358; x_wconf 89' lang='lat' dir='ltr'><strong>ad</strong></span> <span class='ocrx_word' id='word_1_97' title='bbox 1113 1305 1397 1373; x_wconf 89' lang='lat' dir='ltr'><strong>imperium</strong></span> <span class='ocrx_word' id='word_1_98' title='bbox 1445 1304 1788 1358; x_wconf 82' lang='lat' dir='ltr'><strong>Constantini</strong></span> <span class='ocrx_word' id='word_1_99' title='bbox 1820 1302 2019 1373; x_wconf 79' lang='lat' dir='ltr'><strong>Magni,</strong></span> 
     </span>
    </p>
   </div>
   <div class='ocr_carea' id='block_1_17' title="bbox 448 1375 2022 1442">
    <p class='ocr_par' dir='ltr' id='par_1_17' title="bbox 448 1375 2022 1442">
     <span class='ocr_line' id='line_1_17' title="bbox 448 1375 2022 1442; baseline -0.001 -15"><span class='ocrx_word' id='word_1_100' title='bbox 448 1389 547 1442; x_wconf 86' lang='lat' dir='ltr'><strong>per</strong></span> <span class='ocrx_word' id='word_1_101' title='bbox 578 1375 685 1428; x_wconf 86' lang='lat' dir='ltr'><strong>tria</strong></span> <span class='ocrx_word' id='word_1_102' title='bbox 725 1376 940 1430; x_wconf 87' lang='lat' dir='ltr'><strong>scilicet</strong></span> <span class='ocrx_word' id='word_1_103' title='bbox 982 1375 1179 1428; x_wconf 76' lang='lat' dir='ltr'><strong>saecula</strong></span> <span class='ocrx_word' id='word_1_104' title='bbox 1219 1376 1441 1429; x_wconf 87' lang='lat' dir='ltr'><strong>unicum</strong></span> <span class='ocrx_word' id='word_1_105' title='bbox 1479 1375 1769 1429; x_wconf 88' lang='lat' dir='ltr'><strong>memorari</strong></span> <span class='ocrx_word' id='word_1_106' title='bbox 1814 1388 2022 1442; x_wconf 68' lang='lat' dir='ltr'><strong>praesn-</strong></span> 
     </span>
    </p>
   </div>
   <div class='ocr_carea' id='block_1_18' title="bbox 449 1444 2016 1513">
    <p class='ocr_par' dir='ltr' id='par_1_18' title="bbox 449 1444 2016 1513">
     <span class='ocr_line' id='line_1_18' title="bbox 449 1444 2016 1513; baseline 0.001 -16"><span class='ocrx_word' id='word_1_107' title='bbox 449 1445 553 1498; x_wconf 88' lang='lat' dir='ltr'><strong>lem</strong></span> <span class='ocrx_word' id='word_1_108' title='bbox 582 1445 921 1499; x_wconf 85' lang='lat' dir='ltr'><strong>Amansium.</strong></span> <span class='ocrx_word' id='word_1_109' title='bbox 968 1445 1032 1498; x_wconf 89' lang='lat' dir='ltr'><strong>Et</strong></span> <span class='ocrx_word' id='word_1_110' title='bbox 1069 1461 1135 1500; x_wconf 90' lang='lat' dir='ltr'><strong>ne</strong></span> <span class='ocrx_word' id='word_1_111' title='bbox 1174 1446 1339 1499; x_wconf 88' lang='lat' dir='ltr'><strong>verba</strong></span> <span class='ocrx_word' id='word_1_112' title='bbox 1372 1446 1487 1513; x_wconf 88' lang='lat' dir='ltr'><strong>ejus</strong></span> <span class='ocrx_word' id='word_1_113' title='bbox 1530 1446 1774 1498; x_wconf 87' lang='lat' dir='ltr'><strong>auctoris</strong></span> <span class='ocrx_word' id='word_1_114' title='bbox 1805 1444 2016 1499; x_wconf 89' lang='lat' dir='ltr'><strong>deside-</strong></span> 
     </span>
    </p>
   </div>
   <div class='ocr_carea' id='block_1_19' title="bbox 450 1514 2005 1584">
    <p class='ocr_par' dir='ltr' id='par_1_19' title="bbox 450 1514 2005 1584">
     <span class='ocr_line' id='line_1_19' title="bbox 450 1514 2005 1584; baseline 0 -17"><span class='ocrx_word' id='word_1_115' title='bbox 450 1526 661 1584; x_wconf 81' lang='lat' dir='ltr'><strong>rentur,</strong></span> <span class='ocrx_word' id='word_1_116' title='bbox 700 1516 954 1584; x_wconf 83' lang='lat' dir='ltr'><strong>subjicio.</strong></span> <span class='ocrx_word' id='word_1_117' title='bbox 998 1516 1180 1583; x_wconf 85' lang='lat' dir='ltr'><strong>Itaque</strong></span> <span class='ocrx_word' id='word_1_118' title='bbox 1222 1516 1317 1569; x_wconf 90' lang='lat' dir='ltr'><strong>lib.</strong></span> <span class='ocrx_word' id='word_1_119' title='bbox 1356 1530 1404 1584; x_wconf 13' lang='grc' dir='ltr'>ιθ</span> <span class='ocrx_word' id='word_1_120' title='bbox 1439 1515 1647 1568; x_wconf 82' lang='lat' dir='ltr'><strong>Histor.</strong></span> <span class='ocrx_word' id='word_1_121' title='bbox 1700 1514 2005 1584; x_wconf 66' lang='lat' dir='ltr'><strong>liltemensis</strong></span> 
     </span>
    </p>
   </div>
   <div class='ocr_carea' id='block_1_20' title="bbox 453 1583 2018 1668">
    <p class='ocr_par' dir='ltr' id='par_1_20' title="bbox 453 1583 2018 1668">
     <span class='ocr_line' id='line_1_20' title="bbox 453 1583 2018 1668; baseline 0.001 -31"><span class='ocrx_word' id='word_1_122' title='bbox 453 1583 723 1666; x_wconf 70' lang='lat' dir='ltr'><strong>Ecclesiw,</strong></span> <span class='ocrx_word' id='word_1_123' title='bbox 756 1583 1041 1668; x_wconf 78' lang='lat' dir='ltr'><strong>pestquam</strong></span> <span class='ocrx_word' id='word_1_124' title='bbox 1087 1586 1340 1667; x_wconf 73' lang='lat' dir='ltr'><strong>superius</strong></span> <span class='ocrx_word' id='word_1_125' title='bbox 1374 1583 1440 1639; x_wconf 93' lang='lat' dir='ltr'><strong>de</strong></span> <span class='ocrx_word' id='word_1_126' title='bbox 1475 1585 1671 1668; x_wconf 69' lang='lat' dir='ltr'><strong>primis</strong></span> <span class='ocrx_word' id='word_1_127' title='bbox 1690 1583 1924 1668; x_wconf 45' lang='lat' dir='ltr'><strong>ani’etrg</strong></span> <span class='ocrx_word' id='word_1_128' title='bbox 1965 1586 2018 1638; x_wconf 85' lang='lat' dir='ltr'><strong>iit</strong></span> 
     </span>
    </p>
   </div>
   <div class='ocr_carea' id='block_1_21' title="bbox 446 1652 2020 1725">
    <p class='ocr_par' dir='ltr' id='par_1_21' title="bbox 446 1652 2020 1725">
     <span class='ocr_line' id='line_1_21' title="bbox 446 1652 2020 1725; baseline 0.002 -20"><span class='ocrx_word' id='word_1_129' title='bbox 446 1669 569 1707; x_wconf 78' lang='lat' dir='ltr'><strong>eam</strong></span> <span class='ocrx_word' id='word_1_130' title='bbox 601 1652 815 1708; x_wconf 78' lang='lat' dir='ltr'><strong>vineam</strong></span> <span class='ocrx_word' id='word_1_131' title='bbox 848 1652 1028 1711; x_wconf 80' lang='lat' dir='ltr'><strong>missis</strong></span> <span class='ocrx_word' id='word_1_132' title='bbox 1066 1652 1199 1724; x_wconf 81' lang='lat' dir='ltr'><strong>egit,</strong></span> <span class='ocrx_word' id='word_1_133' title='bbox 1241 1655 1313 1708; x_wconf 91' lang='lat' dir='ltr'><strong>ita</strong></span> <span class='ocrx_word' id='word_1_134' title='bbox 1352 1652 1490 1725; x_wconf 45' lang='lat' dir='ltr'><strong>capi</strong></span> <span class='ocrx_word' id='word_1_135' title='bbox 1519 1655 1552 1709; x_wconf 86' lang='lat'><strong>5</strong></span> <span class='ocrx_word' id='word_1_136' title='bbox 1591 1654 1811 1708; x_wconf 83' lang='lat' dir='ltr'><strong>subdit:</strong></span> <span class='ocrx_word' id='word_1_137' title='bbox 1845 1666 1861 1696; x_wconf 75' lang='grc' dir='ltr'><strong>ι</strong></span> <span class='ocrx_word' id='word_1_138' title='bbox 1886 1652 2020 1708; x_wconf 84' lang='lat' dir='ltr'><strong>Fre-</strong></span> 
     </span>
    </p>
   </div>
   <div class='ocr_carea' id='block_1_22' title="bbox 446 1724 2017 1796">
    <p class='ocr_par' dir='ltr' id='par_1_22' title="bbox 446 1724 2017 1796">
     <span class='ocr_line' id='line_1_22' title="bbox 446 1724 2017 1796; baseline 0.001 -20"><span class='ocrx_word' id='word_1_139' title='bbox 446 1726 739 1796; x_wconf 85' lang='lat' dir='ltr'><strong>quentibus</strong></span> <span class='ocrx_word' id='word_1_140' title='bbox 774 1726 943 1795; x_wconf 80' lang='lat' dir='ltr'><strong>igitur</strong></span> <span class='ocrx_word' id='word_1_141' title='bbox 970 1727 1407 1796; x_wconf 85' lang='lat' dir='ltr'><strong>persecutionum</strong></span> <span class='ocrx_word' id='word_1_142' title='bbox 1437 1724 1689 1796; x_wconf 85' lang='lat' dir='ltr'><strong>procellis</strong></span> <span class='ocrx_word' id='word_1_143' title='bbox 1714 1724 2017 1796; x_wconf 86' lang='lat' dir='ltr'><strong>intonanti-</strong></span> 
     </span>
    </p>
   </div>
   <div class='ocr_carea' id='block_1_23' title="bbox 451 1793 2019 1866">
    <p class='ocr_par' dir='ltr' id='par_1_23' title="bbox 451 1793 2019 1866">
     <span class='ocr_line' id='line_1_23' title="bbox 451 1793 2019 1866; baseline 0.002 -22"><span class='ocrx_word' id='word_1_144' title='bbox 451 1795 553 1847; x_wconf 90' lang='lat' dir='ltr'><strong>bus</strong></span> <span class='ocrx_word' id='word_1_145' title='bbox 604 1793 862 1849; x_wconf 68' lang='lat' dir='ltr'><strong>Ecclesia:</strong></span> <span class='ocrx_word' id='word_1_146' title='bbox 911 1793 1105 1866; x_wconf 82' lang='lat' dir='ltr'><strong>puppis</strong></span> <span class='ocrx_word' id='word_1_147' title='bbox 1151 1804 1352 1850; x_wconf 82' lang='lat' dir='ltr'><strong>nostrae</strong></span> <span class='ocrx_word' id='word_1_148' title='bbox 1394 1793 1627 1863; x_wconf 75' lang='lat' dir='ltr'><strong>iactata,</strong></span> <span class='ocrx_word' id='word_1_149' title='bbox 1672 1793 2019 1866; x_wconf 77' lang='lat' dir='ltr'><strong>diversisque</strong></span> 
     </span>
    </p>
   </div>
   <div class='ocr_carea' id='block_1_24' title="bbox 448 1864 2018 1935">
    <p class='ocr_par' dir='ltr' id='par_1_24' title="bbox 448 1864 2018 1935">
     <span class='ocr_line' id='line_1_24' title="bbox 448 1864 2018 1935; baseline 0.001 -19"><span class='ocrx_word' id='word_1_150' title='bbox 448 1878 710 1931; x_wconf 89' lang='lat' dir='ltr'><strong>oppressa</strong></span> <span class='ocrx_word' id='word_1_151' title='bbox 740 1864 1298 1935; x_wconf 84' lang='lat' dir='ltr'><strong>lluetibus,quoniam</strong></span> <span class='ocrx_word' id='word_1_152' title='bbox 1334 1866 1419 1918; x_wconf 85' lang='lat' dir='ltr'><strong>vix</strong></span> <span class='ocrx_word' id='word_1_153' title='bbox 1454 1874 1617 1933; x_wconf 87' lang='lat' dir='ltr'><strong>caput</strong></span> <span class='ocrx_word' id='word_1_154' title='bbox 1640 1864 1893 1917; x_wconf 85' lang='lat' dir='ltr'><strong>attollere</strong></span> <span class='ocrx_word' id='word_1_155' title='bbox 1921 1880 2018 1931; x_wconf 91' lang='lat' dir='ltr'><strong>po-</strong></span> 
     </span>
    </p>
   </div>
   <div class='ocr_carea' id='block_1_25' title="bbox 450 1937 2014 2005">
    <p class='ocr_par' dir='ltr' id='par_1_25' title="bbox 450 1937 2014 2005">
     <span class='ocr_line' id='line_1_25' title="bbox 450 1937 2014 2005; baseline 0.001 -19"><span class='ocrx_word' id='word_1_156' title='bbox 450 1941 616 2005; x_wconf 80' lang='lat' dir='ltr'><strong>terat,</strong></span> <span class='ocrx_word' id='word_1_157' title='bbox 665 1946 868 2004; x_wconf 89' lang='lat' dir='ltr'><strong>quanto</strong></span> <span class='ocrx_word' id='word_1_158' title='bbox 912 1940 1070 1991; x_wconf 82' lang='lat' dir='ltr'><strong>sedes</strong></span> <span class='ocrx_word' id='word_1_159' title='bbox 1119 1937 1234 2005; x_wconf 83' lang='lat' dir='ltr'><strong>ipsa</strong></span> <span class='ocrx_word' id='word_1_160' title='bbox 1289 1946 1534 2005; x_wconf 88' lang='lat' dir='ltr'><strong>tempore</strong></span> <span class='ocrx_word' id='word_1_161' title='bbox 1589 1945 1803 2005; x_wconf 89' lang='lat' dir='ltr'><strong>rectore</strong></span> <span class='ocrx_word' id='word_1_162' title='bbox 1847 1947 2014 1987; x_wconf 89' lang='lat' dir='ltr'><strong>vacua</strong></span> 
     </span>
    </p>
   </div>
   <div class='ocr_carea' id='block_1_26' title="bbox 445 2003 2017 2075">
    <p class='ocr_par' dir='ltr' id='par_1_26' title="bbox 445 2003 2017 2075">
     <span class='ocr_line' id='line_1_26' title="bbox 445 2003 2017 2075; baseline 0.001 -20"><span class='ocrx_word' id='word_1_163' title='bbox 445 2003 613 2073; x_wconf 75' lang='lat' dir='ltr'><strong>digno</strong></span> <span class='ocrx_word' id='word_1_164' title='bbox 657 2003 952 2069; x_wconf 81' lang='lat' dir='ltr'><strong>resederit,</strong></span> <span class='ocrx_word' id='word_1_165' title='bbox 1004 2003 1152 2059; x_wconf 79' lang='lat' dir='ltr'><strong>haud</strong></span> <span class='ocrx_word' id='word_1_166' title='bbox 1189 2007 1349 2059; x_wconf 81' lang='lat' dir='ltr'><strong>facile</strong></span> <span class='ocrx_word' id='word_1_167' title='bbox 1389 2003 1692 2075; x_wconf 78' lang='lat' dir='ltr'><strong>panditur:</strong></span> <span class='ocrx_word' id='word_1_168' title='bbox 1741 2004 1903 2075; x_wconf 82' lang='lat' dir='ltr'><strong>adeo,</strong></span> <span class='ocrx_word' id='word_1_169' title='bbox 1958 2015 2017 2056; x_wconf 91' lang='lat' dir='ltr'><strong>ut</strong></span> 
     </span>
    </p>
   </div>
   <div class='ocr_carea' id='block_1_27' title="bbox 448 2073 2015 2145">
    <p class='ocr_par' dir='ltr' id='par_1_27' title="bbox 448 2073 2015 2145">
     <span class='ocr_line' id='line_1_27' title="bbox 448 2073 2015 2145; baseline 0.001 -19"><span class='ocrx_word' id='word_1_170' title='bbox 448 2084 572 2139; x_wconf 86' lang='lat' dir='ltr'><strong>post</strong></span> <span class='ocrx_word' id='word_1_171' title='bbox 622 2086 699 2131; x_wconf 88' lang='lat' dir='ltr'><strong>tot</strong></span> <span class='ocrx_word' id='word_1_172' title='bbox 751 2077 1061 2145; x_wconf 63' lang='lat' dir='ltr'><strong>praemissos</strong></span> <span class='ocrx_word' id='word_1_173' title='bbox 1110 2088 1310 2130; x_wconf 73' lang='lat' dir='ltr'><strong>nostra:</strong></span> <span class='ocrx_word' id='word_1_174' title='bbox 1363 2073 1484 2129; x_wconf 79' lang='lat' dir='ltr'><strong>tidei</strong></span> <span class='ocrx_word' id='word_1_175' title='bbox 1534 2084 1739 2143; x_wconf 87' lang='lat' dir='ltr'><strong>patres,</strong></span> <span class='ocrx_word' id='word_1_176' title='bbox 1796 2073 2015 2127; x_wconf 89' lang='lat' dir='ltr'><strong>beatmn</strong></span> 
     </span>
    </p>
   </div>
   <div class='ocr_carea' id='block_1_28' title="bbox 448 2145 2014 2214">
    <p class='ocr_par' dir='ltr' id='par_1_28' title="bbox 448 2145 2014 2214">
     <span class='ocr_line' id='line_1_28' title="bbox 448 2145 2014 2214; baseline 0.001 -18"><span class='ocrx_word' id='word_1_177' title='bbox 448 2146 661 2198; x_wconf 77' lang='lat' dir='ltr'><strong>Sixtum</strong></span> <span class='ocrx_word' id='word_1_178' title='bbox 697 2154 860 2214; x_wconf 80' lang='lat' dir='ltr'><strong>atque</strong></span> <span class='ocrx_word' id='word_1_179' title='bbox 896 2145 1185 2209; x_wconf 77' lang='lat' dir='ltr'><strong>Sillit&#39;illlll,</strong></span> <span class='ocrx_word' id='word_1_180' title='bbox 1229 2161 1395 2199; x_wconf 91' lang='lat' dir='ltr'><strong>unum</strong></span> <span class='ocrx_word' id='word_1_181' title='bbox 1428 2147 1695 2199; x_wconf 88' lang='lat' dir='ltr'><strong>duntaxat</strong></span> <span class='ocrx_word' id='word_1_182' title='bbox 1726 2145 2014 2212; x_wconf 72' lang='lat' dir='ltr'><strong>praesulem</strong></span> 
     </span>
    </p>
   </div>
   <div class='ocr_carea' id='block_1_29' title="bbox 449 2214 2016 2283">
    <p class='ocr_par' dir='ltr' id='par_1_29' title="bbox 449 2214 2016 2283">
     <span class='ocr_line' id='line_1_29' title="bbox 449 2214 2016 2283; baseline 0.001 -17"><span class='ocrx_word' id='word_1_183' title='bbox 449 2214 795 2270; x_wconf 82' lang='lat' dir='ltr'><strong>inveniamus</strong></span> <span class='ocrx_word' id='word_1_184' title='bbox 814 2216 1131 2269; x_wconf 81' lang='lat' dir='ltr'><strong>Amansium</strong></span> <span class='ocrx_word' id='word_1_185' title='bbox 1157 2216 1222 2269; x_wconf 88' lang='lat' dir='ltr'><strong>ad</strong></span> <span class='ocrx_word' id='word_1_186' title='bbox 1250 2215 1535 2283; x_wconf 89' lang='lat' dir='ltr'><strong>imperium</strong></span> <span class='ocrx_word' id='word_1_187' title='bbox 1554 2228 1722 2283; x_wconf 86' lang='lat' dir='ltr'><strong>usque</strong></span> <span class='ocrx_word' id='word_1_188' title='bbox 1746 2215 2016 2267; x_wconf 83' lang='lat' dir='ltr'><strong>Constan-</strong></span> 
     </span>
    </p>
   </div>
   <div class='ocr_carea' id='block_1_30' title="bbox 447 2284 2017 2355">
    <p class='ocr_par' dir='ltr' id='par_1_30' title="bbox 447 2284 2017 2355">
     <span class='ocr_line' id='line_1_30' title="bbox 447 2284 2017 2355; baseline -0.001 -19"><span class='ocrx_word' id='word_1_189' title='bbox 447 2286 544 2337; x_wconf 92' lang='lat' dir='ltr'><strong>tini</strong></span> <span class='ocrx_word' id='word_1_190' title='bbox 581 2305 594 2339; x_wconf 88' lang='lat'><strong><em>:</em></strong></span> <span class='ocrx_word' id='word_1_191' title='bbox 628 2288 727 2339; x_wconf 91' lang='lat' dir='ltr'><strong>sub</strong></span> <span class='ocrx_word' id='word_1_192' title='bbox 752 2300 858 2354; x_wconf 92' lang='lat' dir='ltr'><strong>quo</strong></span> <span class='ocrx_word' id='word_1_193' title='bbox 891 2284 1174 2339; x_wconf 85' lang='lat' dir='ltr'><strong>Betansius</strong></span> <span class='ocrx_word' id='word_1_194' title='bbox 1198 2286 1485 2355; x_wconf 86' lang='lat' dir='ltr'><strong>reperitur,</strong></span> <span class='ocrx_word' id='word_1_195' title='bbox 1518 2286 1611 2353; x_wconf 88' lang='lat' dir='ltr'><strong>qui</strong></span> <span class='ocrx_word' id='word_1_196' title='bbox 1647 2300 1769 2337; x_wconf 93' lang='lat' dir='ltr'><strong>cum</strong></span> <span class='ocrx_word' id='word_1_197' title='bbox 1806 2285 2017 2337; x_wconf 86' lang='lat' dir='ltr'><strong>Primu-</strong></span> 
     </span>
    </p>
   </div>
   <div class='ocr_carea' id='block_1_31' title="bbox 444 2355 2013 2423">
    <p class='ocr_par' dir='ltr' id='par_1_31' title="bbox 444 2355 2013 2423">
     <span class='ocr_line' id='line_1_31' title="bbox 444 2355 2013 2423; baseline 0 -16"><span class='ocrx_word' id='word_1_198' title='bbox 444 2359 628 2421; x_wconf 73' lang='lat' dir='ltr'><strong>genito</strong></span> <span class='ocrx_word' id='word_1_199' title='bbox 653 2357 877 2410; x_wconf 85' lang='lat' dir='ltr'><strong>diacono</strong></span> <span class='ocrx_word' id='word_1_200' title='bbox 906 2372 1005 2410; x_wconf 86' lang='lat' dir='ltr'><strong>suo</strong></span> <span class='ocrx_word' id='word_1_201' title='bbox 1031 2357 1238 2423; x_wconf 88' lang='lat' dir='ltr'><strong>primus</strong></span> <span class='ocrx_word' id='word_1_202' title='bbox 1267 2371 1334 2408; x_wconf 80' lang='lat' dir='ltr'><strong>ex</strong></span> <span class='ocrx_word' id='word_1_203' title='bbox 1360 2357 1460 2409; x_wconf 90' lang='lat' dir='ltr'><strong>hac</strong></span> <span class='ocrx_word' id='word_1_204' title='bbox 1492 2355 1705 2423; x_wconf 78' lang='lat' dir='ltr'><strong>Belgica</strong></span> <span class='ocrx_word' id='word_1_205' title='bbox 1741 2356 2013 2422; x_wconf 87' lang='lat' dir='ltr'><strong>provincia</strong></span> 
     </span>
    </p>
   </div>
   <div class='ocr_carea' id='block_1_32' title="bbox 447 2425 2016 2496">
    <p class='ocr_par' dir='ltr' id='par_1_32' title="bbox 447 2425 2016 2496">
     <span class='ocr_line' id='line_1_32' title="bbox 447 2425 2016 2496; baseline 0.003 -21"><span class='ocrx_word' id='word_1_206' title='bbox 447 2426 641 2496; x_wconf 75' lang='lat' dir='ltr'><strong>tegitur</strong></span> <span class='ocrx_word' id='word_1_207' title='bbox 673 2426 978 2479; x_wconf 84' lang='lat' dir='ltr'><strong>Arelatensi</strong></span> <span class='ocrx_word' id='word_1_208' title='bbox 1007 2426 1193 2495; x_wconf 76' lang='lat' dir='ltr'><strong>prima:</strong></span> <span class='ocrx_word' id='word_1_209' title='bbox 1224 2425 1539 2480; x_wconf 80' lang='lat' dir='ltr'><strong>interfuisse</strong></span> <span class='ocrx_word' id='word_1_210' title='bbox 1570 2426 1802 2496; x_wconf 86' lang='lat' dir='ltr'><strong>synodo,</strong></span> <span class='ocrx_word' id='word_1_211' title='bbox 1834 2425 2016 2479; x_wconf 74' lang='lat' dir='ltr'><strong>relatae</strong></span> 
     </span>
    </p>
   </div>
   <div class='ocr_carea' id='block_1_33' title="bbox 446 2494 2013 2617">
    <p class='ocr_par' dir='ltr' id='par_1_33' title="bbox 446 2494 2013 2617">
     <span class='ocr_line' id='line_1_33' title="bbox 446 2494 2013 2617; baseline -0.001 -71"><span class='ocrx_word' id='word_1_212' title='bbox 446 2508 543 2617; x_wconf 53' lang='lat' dir='ltr'><strong>pler</strong></span> <span class='ocrx_word' id='word_1_213' title='bbox 571 2494 840 2549; x_wconf 82' lang='lat' dir='ltr'><strong>Marinum</strong></span> <span class='ocrx_word' id='word_1_214' title='bbox 864 2498 1178 2565; x_wconf 79' lang='lat' dir='ltr'><strong>episcopum</strong></span> <span class='ocrx_word' id='word_1_215' title='bbox 1209 2496 1524 2550; x_wconf 88' lang='lat' dir='ltr'><strong>beatissimo</strong></span> <span class='ocrx_word' id='word_1_216' title='bbox 1551 2494 1701 2564; x_wconf 68' lang='lat' dir='ltr'><strong>papae</strong></span> <span class='ocrx_word' id='word_1_217' title='bbox 1731 2495 2013 2559; x_wconf 78' lang='lat' dir='ltr'><strong>Silvestre,</strong></span> 
     </span>
     <span class='ocr_line' id='line_1_34' title="bbox 493 2565 2013 2617; baseline 0.001 -1"><span class='ocrx_word' id='word_1_218' title='bbox 493 2565 741 2617; x_wconf 86' lang='lat' dir='ltr'><strong>olusiano</strong></span> <span class='ocrx_word' id='word_1_219' title='bbox 770 2575 828 2617; x_wconf 89' lang='lat' dir='ltr'><strong>et</strong></span> <span class='ocrx_word' id='word_1_220' title='bbox 856 2565 1071 2617; x_wconf 84' lang='lat' dir='ltr'><strong>Attiano</strong></span> <span class='ocrx_word' id='word_1_221' title='bbox 1112 2566 1272 2617; x_wconf 79' lang='lat' dir='ltr'><strong>Coss.</strong></span> <span class='ocrx_word' id='word_1_222' title='bbox 1313 2565 1438 2617; x_wconf 82' lang='lat' dir='ltr'><strong>Post</strong></span> <span class='ocrx_word' id='word_1_223' title='bbox 1468 2581 1631 2617; x_wconf 86' lang='lat' dir='ltr'><strong>auem</strong></span> <span class='ocrx_word' id='word_1_224' title='bbox 1676 2565 1840 2617; x_wconf 80' lang='lat' dir='ltr'><strong>Aper.</strong></span> <span class='ocrx_word' id='word_1_225' title='bbox 1891 2567 2013 2617; x_wconf 83' lang='lat' dir='ltr'><strong>inde</strong></span> 
     </span>
    </p>
   </div>
   <div class='ocr_carea' id='block_1_34' title="bbox 493 2565 2015 2635">
    <p class='ocr_par' dir='ltr' id='par_1_34' title="bbox 493 2565 2015 2635">
     <span class='ocr_line' id='line_1_35' title="bbox 493 2565 2015 2635; baseline 0.003 -21"><span class='ocrx_word' id='word_1_226' title='bbox 493 2565 741 2619; x_wconf 87' lang='lat' dir='ltr'><strong>olusiano</strong></span> <span class='ocrx_word' id='word_1_227' title='bbox 770 2575 828 2620; x_wconf 90' lang='lat' dir='ltr'><strong>et</strong></span> <span class='ocrx_word' id='word_1_228' title='bbox 856 2565 1071 2619; x_wconf 84' lang='lat' dir='ltr'><strong>Attiano</strong></span> <span class='ocrx_word' id='word_1_229' title='bbox 1112 2566 1272 2621; x_wconf 77' lang='lat' dir='ltr'><strong>Coss.</strong></span> <span class='ocrx_word' id='word_1_230' title='bbox 1313 2565 1438 2621; x_wconf 79' lang='lat' dir='ltr'><strong>Post</strong></span> <span class='ocrx_word' id='word_1_231' title='bbox 1468 2581 1631 2635; x_wconf 85' lang='lat' dir='ltr'><strong>quem</strong></span> <span class='ocrx_word' id='word_1_232' title='bbox 1676 2565 1840 2633; x_wconf 84' lang='lat' dir='ltr'><strong>Aper,</strong></span> <span class='ocrx_word' id='word_1_233' title='bbox 1891 2567 2015 2619; x_wconf 87' lang='lat' dir='ltr'><strong>inde</strong></span> 
     </span>
    </p>
   </div>
   <div class='ocr_carea' id='block_1_35' title="bbox 445 2635 1023 2700">
    <p class='ocr_par' dir='ltr' id='par_1_35' title="bbox 445 2635 1023 2700">
     <span class='ocr_line' id='line_1_36' title="bbox 445 2635 1023 2700; baseline 0 -14"><span class='ocrx_word' id='word_1_234' title='bbox 445 2635 840 2700; x_wconf 79' lang='lat' dir='ltr'><strong>Maternianus,</strong></span> <span class='ocrx_word' id='word_1_235' title='bbox 870 2652 888 2685; x_wconf 75' lang='grc' dir='ltr'><strong>ι</strong></span> <span class='ocrx_word' id='word_1_236' title='bbox 918 2643 1023 2689; x_wconf 86' lang='lat' dir='ltr'><strong>etc.</strong></span> 
     </span>
    </p>
   </div>
   <div class='ocr_carea' id='block_1_36' title="bbox 519 2704 2015 2775">
    <p class='ocr_par' dir='ltr' id='par_1_36' title="bbox 519 2704 2015 2775">
     <span class='ocr_line' id='line_1_37' title="bbox 519 2704 2015 2775; baseline 0.001 -17"><span class='ocrx_word' id='word_1_237' title='bbox 519 2706 721 2775; x_wconf 86' lang='lat' dir='ltr'><strong>Deinde</strong></span> <span class='ocrx_word' id='word_1_238' title='bbox 759 2705 1074 2773; x_wconf 83' lang='lat' dir='ltr'><strong>responderi</strong></span> <span class='ocrx_word' id='word_1_239' title='bbox 1103 2713 1302 2775; x_wconf 87' lang='lat' dir='ltr'><strong>potest,</strong></span> <span class='ocrx_word' id='word_1_240' title='bbox 1352 2705 1588 2775; x_wconf 90' lang='lat' dir='ltr'><strong>seposita</strong></span> <span class='ocrx_word' id='word_1_241' title='bbox 1629 2704 1794 2759; x_wconf 90' lang='lat' dir='ltr'><strong>etiam</strong></span> <span class='ocrx_word' id='word_1_242' title='bbox 1834 2705 2015 2759; x_wconf 90' lang='lat' dir='ltr'><strong>throni</strong></span> 
     </span>
    </p>
   </div>
   <div class='ocr_carea' id='block_1_37' title="bbox 443 2774 2016 2847">
    <p class='ocr_par' dir='ltr' id='par_1_37' title="bbox 443 2774 2016 2847">
     <span class='ocr_line' id='line_1_38' title="bbox 443 2774 2016 2847; baseline 0.001 -20"><span class='ocrx_word' id='word_1_243' title='bbox 443 2774 773 2847; x_wconf 82' lang='lat' dir='ltr'><strong>episcopalis</strong></span> <span class='ocrx_word' id='word_1_244' title='bbox 811 2774 1122 2841; x_wconf 83' lang='lat' dir='ltr'><strong>vacatione,</strong></span> <span class='ocrx_word' id='word_1_245' title='bbox 1150 2774 1452 2847; x_wconf 78' lang='lat' dir='ltr'><strong>mediorum</strong></span> <span class='ocrx_word' id='word_1_246' title='bbox 1479 2780 1856 2847; x_wconf 86' lang='lat' dir='ltr'><strong>episcoporum</strong></span> <span class='ocrx_word' id='word_1_247' title='bbox 1889 2777 1979 2829; x_wconf 90' lang='lat' dir='ltr'><strong>nul</strong></span> <span class='ocrx_word' id='word_1_248' title='bbox 1999 2806 2016 2817; x_wconf 85' lang='lat'><strong>-</strong></span> 
     </span>
    </p>
   </div>
   <div class='ocr_carea' id='block_1_38' title="bbox 444 2846 2015 2913">
    <p class='ocr_par' dir='ltr' id='par_1_38' title="bbox 444 2846 2015 2913">
     <span class='ocr_line' id='line_1_39' title="bbox 444 2846 2015 2913; baseline 0 -14"><span class='ocrx_word' id='word_1_249' title='bbox 444 2846 551 2899; x_wconf 84' lang='lat' dir='ltr'><strong>lam</strong></span> <span class='ocrx_word' id='word_1_250' title='bbox 593 2859 716 2898; x_wconf 88' lang='lat' dir='ltr'><strong>esse</strong></span> <span class='ocrx_word' id='word_1_251' title='bbox 761 2848 1115 2909; x_wconf 87' lang='lat' dir='ltr'><strong>mentionem,</strong></span> <span class='ocrx_word' id='word_1_252' title='bbox 1163 2862 1270 2899; x_wconf 93' lang='lat' dir='ltr'><strong>non</strong></span> <span class='ocrx_word' id='word_1_253' title='bbox 1307 2846 1450 2913; x_wconf 88' lang='lat' dir='ltr'><strong>quod</strong></span> <span class='ocrx_word' id='word_1_254' title='bbox 1492 2847 1528 2899; x_wconf 89' lang='lat' dir='ltr'><strong>li</strong></span> <span class='ocrx_word' id='word_1_255' title='bbox 1576 2846 1870 2905; x_wconf 86' lang='lat' dir='ltr'><strong>detuerint.</strong></span> <span class='ocrx_word' id='word_1_256' title='bbox 1918 2846 2015 2899; x_wconf 87' lang='lat' dir='ltr'><strong>sed</strong></span> 
     </span>
    </p>
   </div>
   <div class='ocr_carea' id='block_1_39' title="bbox 444 2916 2017 2985">
    <p class='ocr_par' dir='ltr' id='par_1_39' title="bbox 444 2916 2017 2985">
     <span class='ocr_line' id='line_1_40' title="bbox 444 2916 2017 2985; baseline 0.001 -18"><span class='ocrx_word' id='word_1_257' title='bbox 444 2917 588 2985; x_wconf 91' lang='lat' dir='ltr'><strong>quod</strong></span> <span class='ocrx_word' id='word_1_258' title='bbox 626 2923 720 2968; x_wconf 87' lang='lat' dir='ltr'><strong>aut</strong></span> <span class='ocrx_word' id='word_1_259' title='bbox 749 2916 966 2969; x_wconf 89' lang='lat' dir='ltr'><strong>obscuri</strong></span> <span class='ocrx_word' id='word_1_260' title='bbox 1002 2917 1227 2976; x_wconf 83' lang='lat' dir='ltr'><strong>fuerint,</strong></span> <span class='ocrx_word' id='word_1_261' title='bbox 1263 2916 1642 2971; x_wconf 90' lang='lat' dir='ltr'><strong>delicientibus</strong></span> <span class='ocrx_word' id='word_1_262' title='bbox 1678 2916 1768 2983; x_wconf 88' lang='lat' dir='ltr'><strong>qui</strong></span> <span class='ocrx_word' id='word_1_263' title='bbox 1808 2917 2017 2969; x_wconf 90' lang='lat' dir='ltr'><strong>scribe-</strong></span> 
     </span>
    </p>
   </div>
   <div class='ocr_carea' id='block_1_40' title="bbox 447 2987 2013 3057">
    <p class='ocr_par' dir='ltr' id='par_1_40' title="bbox 447 2987 2013 3057">
     <span class='ocr_line' id='line_1_41' title="bbox 447 2987 2013 3057; baseline 0 -19"><span class='ocrx_word' id='word_1_264' title='bbox 447 2996 605 3051; x_wconf 83' lang='lat' dir='ltr'><strong>rent;</strong></span> <span class='ocrx_word' id='word_1_265' title='bbox 658 2996 751 3039; x_wconf 88' lang='lat' dir='ltr'><strong>aut</strong></span> <span class='ocrx_word' id='word_1_266' title='bbox 795 2987 1072 3057; x_wconf 77' lang='lat' dir='ltr'><strong>siscripti</strong></span> <span class='ocrx_word' id='word_1_267' title='bbox 1124 2988 1252 3041; x_wconf 92' lang='lat' dir='ltr'><strong>oltm</strong></span> <span class='ocrx_word' id='word_1_268' title='bbox 1301 2988 1523 3051; x_wconf 90' lang='lat' dir='ltr'><strong>fuerint,</strong></span> <span class='ocrx_word' id='word_1_269' title='bbox 1569 2998 1747 3039; x_wconf 87' lang='lat' dir='ltr'><strong>tatnen</strong></span> <span class='ocrx_word' id='word_1_270' title='bbox 1799 2987 2013 3053; x_wconf 68' lang='lat' dir='ltr'><strong>injuriis</strong></span> 
     </span>
    </p>
   </div>
   <div class='ocr_carea' id='block_1_41' title="bbox 447 3055 2015 3126">
    <p class='ocr_par' dir='ltr' id='par_1_41' title="bbox 447 3055 2015 3126">
     <span class='ocr_line' id='line_1_42' title="bbox 447 3055 2015 3126; baseline 0 -17"><span class='ocrx_word' id='word_1_271' title='bbox 447 3064 749 3126; x_wconf 81' lang='lat' dir='ltr'><strong>temporum</strong></span> <span class='ocrx_word' id='word_1_272' title='bbox 780 3055 939 3110; x_wconf 88' lang='lat' dir='ltr'><strong>deleti</strong></span> <span class='ocrx_word' id='word_1_273' title='bbox 968 3055 1096 3112; x_wconf 87' lang='lat' dir='ltr'><strong>sint.</strong></span> <span class='ocrx_word' id='word_1_274' title='bbox 1131 3057 1208 3109; x_wconf 89' lang='lat' dir='ltr'><strong>lta</strong></span> <span class='ocrx_word' id='word_1_275' title='bbox 1240 3057 1352 3111; x_wconf 88' lang='lat' dir='ltr'><strong>fere</strong></span> <span class='ocrx_word' id='word_1_276' title='bbox 1377 3057 1541 3110; x_wconf 90' lang='lat' dir='ltr'><strong>simili</strong></span> <span class='ocrx_word' id='word_1_277' title='bbox 1584 3058 1636 3109; x_wconf 90' lang='lat' dir='ltr'><strong>in</strong></span> <span class='ocrx_word' id='word_1_278' title='bbox 1668 3060 1886 3125; x_wconf 73' lang='lat' dir='ltr'><strong>negotio</strong></span> <span class='ocrx_word' id='word_1_279' title='bbox 1931 3072 2015 3109; x_wconf 88' lang='lat' dir='ltr'><strong>re—</strong></span> 
     </span>
    </p>
   </div>
   <div class='ocr_carea' id='block_1_42' title="bbox 450 3126 2013 3199">
    <p class='ocr_par' dir='ltr' id='par_1_42' title="bbox 450 3126 2013 3199">
     <span class='ocr_line' id='line_1_43' title="bbox 450 3126 2013 3199; baseline 0.001 -20"><span class='ocrx_word' id='word_1_280' title='bbox 450 3128 683 3194; x_wconf 79' lang='lat' dir='ltr'><strong>spondet</strong></span> <span class='ocrx_word' id='word_1_281' title='bbox 709 3126 947 3199; x_wconf 70' lang='lat' dir='ltr'><strong>Joannes</strong></span> <span class='ocrx_word' id='word_1_282' title='bbox 978 3127 1237 3181; x_wconf 76' lang='lat' dir='ltr'><strong>Dadrzeus</strong></span> <span class='ocrx_word' id='word_1_283' title='bbox 1259 3128 1312 3180; x_wconf 90' lang='lat' dir='ltr'><strong>iu</strong></span> <span class='ocrx_word' id='word_1_284' title='bbox 1358 3127 1719 3199; x_wconf 78' lang='lat' dir='ltr'><strong>Chronologia</strong></span> <span class='ocrx_word' id='word_1_285' title='bbox 1744 3129 2013 3199; x_wconf 88' lang='lat' dir='ltr'><strong>archiepi-</strong></span> 
     </span>
    </p>
   </div>
   <div class='ocr_carea' id='block_1_43' title="bbox 445 3196 2012 3266">
    <p class='ocr_par' dir='ltr' id='par_1_43' title="bbox 445 3196 2012 3266">
     <span class='ocr_line' id='line_1_44' title="bbox 445 3196 2012 3266; baseline 0 -16"><span class='ocrx_word' id='word_1_286' title='bbox 445 3210 730 3266; x_wconf 74' lang='lat' dir='ltr'><strong>scoporum</strong></span> <span class='ocrx_word' id='word_1_287' title='bbox 762 3196 1306 3265; x_wconf 77' lang='lat' dir='ltr'><strong>Rothomagensium,</strong></span> <span class='ocrx_word' id='word_1_288' title='bbox 1336 3199 1425 3252; x_wconf 92' lang='lat' dir='ltr'><strong>ubi</strong></span> <span class='ocrx_word' id='word_1_289' title='bbox 1457 3198 1524 3252; x_wconf 89' lang='lat' dir='ltr'><strong>de</strong></span> <span class='ocrx_word' id='word_1_290' title='bbox 1554 3198 1613 3251; x_wconf 84' lang='lat' dir='ltr'><strong>S.</strong></span> <span class='ocrx_word' id='word_1_291' title='bbox 1639 3196 1840 3252; x_wconf 75' lang='lat' dir='ltr'><strong>Nicasii</strong></span> <span class='ocrx_word' id='word_1_292' title='bbox 1868 3208 1919 3251; x_wconf 91' lang='lat' dir='ltr'><strong>et</strong></span> <span class='ocrx_word' id='word_1_293' title='bbox 1953 3198 2012 3251; x_wconf 79' lang='lat' dir='ltr'><strong>S.</strong></span> 
     </span>
    </p>
   </div>
   <div class='ocr_carea' id='block_1_44' title="bbox 444 3264 1149 3337">
    <p class='ocr_par' dir='ltr' id='par_1_44' title="bbox 444 3264 1149 3337">
     <span class='ocr_line' id='line_1_45' title="bbox 444 3264 1149 3337; baseline 0.007 -21"><span class='ocrx_word' id='word_1_294' title='bbox 444 3264 690 3337; x_wconf 67' lang='lat' dir='ltr'><strong>Meilonis</strong></span> <span class='ocrx_word' id='word_1_295' title='bbox 729 3269 842 3337; x_wconf 78' lang='lat' dir='ltr'><strong>agit</strong></span> <span class='ocrx_word' id='word_1_296' title='bbox 873 3264 1149 3321; x_wconf 80' lang='lat' dir='ltr'><strong>distantia.</strong></span> 
     </span>
    </p>
   </div>
   <div class='ocr_carea' id='block_1_45' title="bbox 516 3334 2022 3410">
    <p class='ocr_par' dir='ltr' id='par_1_45' title="bbox 516 3334 2022 3410">
     <span class='ocr_line' id='line_1_46' title="bbox 516 3334 2022 3410; baseline 0 -21"><span class='ocrx_word' id='word_1_297' title='bbox 516 3334 717 3408; x_wconf 83' lang='lat' dir='ltr'><strong>Quare,</strong></span> <span class='ocrx_word' id='word_1_298' title='bbox 746 3334 804 3390; x_wconf 47' lang='lat' dir='ltr'><strong>u—t</strong></span> <span class='ocrx_word' id='word_1_299' title='bbox 844 3337 967 3391; x_wconf 86' lang='lat' dir='ltr'><strong>huic</strong></span> <span class='ocrx_word' id='word_1_300' title='bbox 1012 3337 1172 3392; x_wconf 86' lang='lat' dir='ltr'><strong>linem</strong></span> <span class='ocrx_word' id='word_1_301' title='bbox 1202 3336 1552 3409; x_wconf 83' lang='lat' dir='ltr'><strong>disputationi</strong></span> <span class='ocrx_word' id='word_1_302' title='bbox 1600 3340 1815 3395; x_wconf 83' lang='lat' dir='ltr'><strong>tandem</strong></span> <span class='ocrx_word' id='word_1_303' title='bbox 1854 3352 2022 3410; x_wconf 78' lang='lat' dir='ltr'><strong>penu-</strong></span> 
     </span>
    </p>
   </div>
   <div class='ocr_carea' id='block_1_46' title="bbox 2131 600 3713 671">
    <p class='ocr_par' dir='ltr' id='par_1_46' title="bbox 2131 600 3713 671">
     <span class='ocr_line' id='line_1_47' title="bbox 2131 600 3713 671; baseline 0.001 -17"><span class='ocrx_word' id='word_1_304' title='bbox 2131 616 2273 663; x_wconf 90' lang='lat' dir='ltr'><strong>esse,</strong></span> <span class='ocrx_word' id='word_1_305' title='bbox 2316 603 2406 669; x_wconf 90' lang='lat' dir='ltr'><strong>qui</strong></span> <span class='ocrx_word' id='word_1_306' title='bbox 2454 602 2581 655; x_wconf 88' lang='lat' dir='ltr'><strong>olim</strong></span> <span class='ocrx_word' id='word_1_307' title='bbox 2628 600 2989 665; x_wconf 75' lang='lat' dir='ltr'><strong>Athenarum,</strong></span> <span class='ocrx_word' id='word_1_308' title='bbox 3031 612 3086 658; x_wconf 90' lang='lat' dir='ltr'><strong>et</strong></span> <span class='ocrx_word' id='word_1_309' title='bbox 3132 610 3320 671; x_wconf 90' lang='lat' dir='ltr'><strong>postea</strong></span> <span class='ocrx_word' id='word_1_310' title='bbox 3368 600 3713 671; x_wconf 84' lang='lat' dir='ltr'><strong>Parisiorum</strong></span> 
     </span>
    </p>
   </div>
   <div class='ocr_carea' id='block_1_47' title="bbox 2126 670 3718 742">
    <p class='ocr_par' dir='ltr' id='par_1_47' title="bbox 2126 670 3718 742">
     <span class='ocr_line' id='line_1_48' title="bbox 2126 670 3718 742; baseline 0.002 -20"><span class='ocrx_word' id='word_1_311' title='bbox 2126 672 2384 742; x_wconf 81' lang='lat' dir='ltr'><strong>princeps</strong></span> <span class='ocrx_word' id='word_1_312' title='bbox 2414 672 2575 742; x_wconf 77' lang='lat' dir='ltr'><strong>fuerit</strong></span> <span class='ocrx_word' id='word_1_313' title='bbox 2608 674 2914 742; x_wconf 87' lang='lat' dir='ltr'><strong>episcopus;</strong></span> <span class='ocrx_word' id='word_1_314' title='bbox 2943 674 3058 741; x_wconf 86' lang='lat' dir='ltr'><strong>Qua</strong></span> <span class='ocrx_word' id='word_1_315' title='bbox 3093 670 3157 728; x_wconf 85' lang='lat' dir='ltr'><strong>de</strong></span> <span class='ocrx_word' id='word_1_316' title='bbox 3188 688 3244 726; x_wconf 88' lang='lat' dir='ltr'><strong>re</strong></span> <span class='ocrx_word' id='word_1_317' title='bbox 3268 687 3434 742; x_wconf 89' lang='lat' dir='ltr'><strong>quam</strong></span> <span class='ocrx_word' id='word_1_318' title='bbox 3462 670 3599 742; x_wconf 86' lang='lat' dir='ltr'><strong>mihi</strong></span> <span class='ocrx_word' id='word_1_319' title='bbox 3628 687 3718 725; x_wconf 82' lang='lat' dir='ltr'><strong>ar-</strong></span> 
     </span>
    </p>
   </div>
   <div class='ocr_carea' id='block_1_48' title="bbox 2130 740 3716 811">
    <p class='ocr_par' dir='ltr' id='par_1_48' title="bbox 2130 740 3716 811">
     <span class='ocr_line' id='line_1_49' title="bbox 2130 740 3716 811; baseline -0.001 -16"><span class='ocrx_word' id='word_1_320' title='bbox 2130 741 2270 795; x_wconf 89' lang='lat' dir='ltr'><strong>ridet</strong></span> <span class='ocrx_word' id='word_1_321' title='bbox 2300 740 2487 796; x_wconf 86' lang='lat' dir='ltr'><strong>Jacobi</strong></span> <span class='ocrx_word' id='word_1_322' title='bbox 2520 740 2680 797; x_wconf 81' lang='lat' dir='ltr'><strong>Fabri</strong></span> <span class='ocrx_word' id='word_1_323' title='bbox 2715 740 3081 811; x_wconf 30' lang='lat' dir='ltr'><strong>Stapuleu’sis,</strong></span> <span class='ocrx_word' id='word_1_324' title='bbox 3136 743 3238 797; x_wconf 84' lang='lat' dir='ltr'><strong>viri</strong></span> <span class='ocrx_word' id='word_1_325' title='bbox 3287 740 3434 797; x_wconf 84' lang='lat' dir='ltr'><strong>docti</strong></span> <span class='ocrx_word' id='word_1_326' title='bbox 3464 741 3628 809; x_wconf 79' lang='lat' dir='ltr'><strong>juxta</strong></span> <span class='ocrx_word' id='word_1_327' title='bbox 3662 754 3716 796; x_wconf 87' lang='lat' dir='ltr'><strong>et</strong></span> 
     </span>
    </p>
   </div>
   <div class='ocr_carea' id='block_1_49' title="bbox 2126 811 3711 884">
    <p class='ocr_par' dir='ltr' id='par_1_49' title="bbox 2126 811 3711 884">
     <span class='ocr_line' id='line_1_50' title="bbox 2126 811 3711 884; baseline -0.001 -19"><span class='ocrx_word' id='word_1_328' title='bbox 2126 811 2214 884; x_wconf 19' lang='lat' dir='ltr'><strong>pii;</strong></span> <span class='ocrx_word' id='word_1_329' title='bbox 2236 813 2535 884; x_wconf 84' lang='lat' dir='ltr'><strong>sententia,</strong></span> <span class='ocrx_word' id='word_1_330' title='bbox 2570 824 2681 867; x_wconf 89' lang='lat' dir='ltr'><strong>tam</strong></span> <span class='ocrx_word' id='word_1_331' title='bbox 2722 814 2811 868; x_wconf 92' lang='lat' dir='ltr'><strong>hic</strong></span> <span class='ocrx_word' id='word_1_332' title='bbox 2848 814 3071 868; x_wconf 88' lang='lat' dir='ltr'><strong>minime</strong></span> <span class='ocrx_word' id='word_1_333' title='bbox 3099 822 3182 868; x_wconf 77' lang='lat' dir='ltr'><strong>est</strong></span> <span class='ocrx_word' id='word_1_334' title='bbox 3215 811 3711 884; x_wconf 69' lang='lat' dir='ltr'><strong>praetermittenda.</strong></span> 
     </span>
    </p>
   </div>
   <div class='ocr_carea' id='block_1_50' title="bbox 2135 881 3713 952">
    <p class='ocr_par' dir='ltr' id='par_1_50' title="bbox 2135 881 3713 952">
     <span class='ocr_line' id='line_1_51' title="bbox 2135 881 3713 952; baseline 0 -17"><span class='ocrx_word' id='word_1_335' title='bbox 2135 901 2155 935; x_wconf 80' lang='grc' dir='ltr'><strong>ι</strong></span> <span class='ocrx_word' id='word_1_336' title='bbox 2198 882 2443 952; x_wconf 88' lang='lat' dir='ltr'><strong>Insuper,</strong></span> <span class='ocrx_word' id='word_1_337' title='bbox 2487 883 2687 952; x_wconf 88' lang='lat' dir='ltr'><strong>inquit,</strong></span> <span class='ocrx_word' id='word_1_338' title='bbox 2718 898 2824 938; x_wconf 89' lang='lat' dir='ltr'><strong>non</strong></span> <span class='ocrx_word' id='word_1_339' title='bbox 2870 885 2991 940; x_wconf 86' lang='lat' dir='ltr'><strong>sine</strong></span> <span class='ocrx_word' id='word_1_340' title='bbox 3035 881 3232 939; x_wconf 76' lang='lat' dir='ltr'><strong>divina</strong></span> <span class='ocrx_word' id='word_1_341' title='bbox 3259 881 3616 938; x_wconf 87' lang='lat' dir='ltr'><strong>ordinatione</strong></span> <span class='ocrx_word' id='word_1_342' title='bbox 3661 892 3713 935; x_wconf 89' lang='lat' dir='ltr'><strong>et</strong></span> 
     </span>
    </p>
   </div>
   <div class='ocr_carea' id='block_1_51' title="bbox 2125 952 3709 1021">
    <p class='ocr_par' dir='ltr' id='par_1_51' title="bbox 2125 952 3709 1021">
     <span class='ocr_line' id='line_1_52' title="bbox 2125 952 3709 1021; baseline -0.003 -13"><span class='ocrx_word' id='word_1_343' title='bbox 2125 968 2338 1008; x_wconf 87' lang='lat' dir='ltr'><strong>summa</strong></span> <span class='ocrx_word' id='word_1_344' title='bbox 2391 953 2733 1021; x_wconf 81' lang='lat' dir='ltr'><strong>providentia</strong></span> <span class='ocrx_word' id='word_1_345' title='bbox 2782 954 2832 1007; x_wconf 91' lang='lat' dir='ltr'><strong>id</strong></span> <span class='ocrx_word' id='word_1_346' title='bbox 2891 955 3141 1009; x_wconf 72' lang='lat' dir='ltr'><strong>eifectum</strong></span> <span class='ocrx_word' id='word_1_347' title='bbox 3183 966 3305 1008; x_wconf 88' lang='lat' dir='ltr'><strong>esse</strong></span> <span class='ocrx_word' id='word_1_348' title='bbox 3356 952 3491 1005; x_wconf 88' lang='lat' dir='ltr'><strong>mihi</strong></span> <span class='ocrx_word' id='word_1_349' title='bbox 3530 952 3709 1004; x_wconf 85' lang='lat' dir='ltr'><strong>visum</strong></span> 
     </span>
    </p>
   </div>
   <div class='ocr_carea' id='block_1_52' title="bbox 2126 1022 3709 1097">
    <p class='ocr_par' dir='ltr' id='par_1_52' title="bbox 2126 1022 3709 1097">
     <span class='ocr_line' id='line_1_53' title="bbox 2126 1022 3709 1097; baseline -0.001 -21"><span class='ocrx_word' id='word_1_350' title='bbox 2126 1034 2232 1097; x_wconf 72' lang='lat' dir='ltr'><strong>est,</strong></span> <span class='ocrx_word' id='word_1_351' title='bbox 2274 1033 2334 1097; x_wconf 80' lang='lat' dir='ltr'><strong>ut</strong></span> <span class='ocrx_word' id='word_1_352' title='bbox 2371 1023 2457 1097; x_wconf 81' lang='lat' dir='ltr'><strong>hic</strong></span> <span class='ocrx_word' id='word_1_353' title='bbox 2487 1024 2900 1097; x_wconf 73' lang='lat' dir='ltr'><strong>sacratissimus</strong></span> <span class='ocrx_word' id='word_1_354' title='bbox 2932 1036 2985 1080; x_wconf 89' lang='lat' dir='ltr'><strong>et</strong></span> <span class='ocrx_word' id='word_1_355' title='bbox 3016 1025 3173 1097; x_wconf 81' lang='lat' dir='ltr'><strong>longe</strong></span> <span class='ocrx_word' id='word_1_356' title='bbox 3210 1023 3391 1097; x_wconf 82' lang='lat' dir='ltr'><strong>divina</strong></span> <span class='ocrx_word' id='word_1_357' title='bbox 3432 1022 3709 1097; x_wconf 75' lang='lat' dir='ltr'><strong>sapientia</strong></span> 
     </span>
    </p>
   </div>
   <div class='ocr_carea' id='block_1_53' title="bbox 2126 1092 3708 1163">
    <p class='ocr_par' dir='ltr' id='par_1_53' title="bbox 2126 1092 3708 1163">
     <span class='ocr_line' id='line_1_54' title="bbox 2126 1092 3708 1163; baseline -0.001 -16"><span class='ocrx_word' id='word_1_358' title='bbox 2126 1093 2530 1148; x_wconf 89' lang='lat' dir='ltr'><strong>illustrissimus</strong></span> <span class='ocrx_word' id='word_1_359' title='bbox 2558 1094 2739 1159; x_wconf 87' lang='lat' dir='ltr'><strong>Pater,</strong></span> <span class='ocrx_word' id='word_1_360' title='bbox 2768 1095 3003 1163; x_wconf 91' lang='lat' dir='ltr'><strong>primum</strong></span> <span class='ocrx_word' id='word_1_361' title='bbox 3028 1092 3445 1163; x_wconf 75' lang='lat' dir='ltr'><strong>Atheniensium</strong></span> <span class='ocrx_word' id='word_1_362' title='bbox 3478 1092 3708 1145; x_wconf 83' lang='lat' dir='ltr'><strong>antistes</strong></span> 
     </span>
    </p>
   </div>
   <div class='ocr_carea' id='block_1_54' title="bbox 2124 1162 3707 1231">
    <p class='ocr_par' dir='ltr' id='par_1_54' title="bbox 2124 1162 3707 1231">
     <span class='ocr_line' id='line_1_55' title="bbox 2124 1162 3707 1231; baseline -0.002 -14"><span class='ocrx_word' id='word_1_363' title='bbox 2124 1164 2359 1217; x_wconf 82' lang='lat' dir='ltr'><strong>Atticam</strong></span> <span class='ocrx_word' id='word_1_364' title='bbox 2385 1167 2587 1218; x_wconf 87' lang='lat' dir='ltr'><strong>rexerit</strong></span> <span class='ocrx_word' id='word_1_365' title='bbox 2614 1164 2941 1231; x_wconf 77' lang='lat' dir='ltr'><strong>Ecclesium,</strong></span> <span class='ocrx_word' id='word_1_366' title='bbox 2974 1175 3026 1220; x_wconf 88' lang='lat' dir='ltr'><strong>et</strong></span> <span class='ocrx_word' id='word_1_367' title='bbox 3050 1165 3326 1219; x_wconf 86' lang='lat' dir='ltr'><strong>civitatem</strong></span> <span class='ocrx_word' id='word_1_368' title='bbox 3360 1162 3707 1230; x_wconf 83' lang='lat' dir='ltr'><strong>primariam,</strong></span> 
     </span>
    </p>
   </div>
   <div class='ocr_carea' id='block_1_55' title="bbox 2124 1232 3705 1303">
    <p class='ocr_par' dir='ltr' id='par_1_55' title="bbox 2124 1232 3705 1303">
     <span class='ocr_line' id='line_1_56' title="bbox 2124 1232 3705 1303; baseline -0.001 -18"><span class='ocrx_word' id='word_1_369' title='bbox 2124 1234 2372 1287; x_wconf 90' lang='lat' dir='ltr'><strong>omnium</strong></span> <span class='ocrx_word' id='word_1_370' title='bbox 2416 1244 2694 1303; x_wconf 89' lang='lat' dir='ltr'><strong>parentem</strong></span> <span class='ocrx_word' id='word_1_371' title='bbox 2754 1233 3085 1299; x_wconf 90' lang='lat' dir='ltr'><strong>litterarum,</strong></span> <span class='ocrx_word' id='word_1_372' title='bbox 3132 1234 3553 1303; x_wconf 59' lang='lat' dir='ltr'><strong>illutninaverit.</strong></span> <span class='ocrx_word' id='word_1_373' title='bbox 3594 1232 3705 1298; x_wconf 86' lang='lat' dir='ltr'><strong>Qua</strong></span> 
     </span>
    </p>
   </div>
   <div class='ocr_carea' id='block_1_56' title="bbox 2124 1300 3707 1360">
    <p class='ocr_par' dir='ltr' id='par_1_56' title="bbox 2124 1300 3707 1360">
     <span class='ocr_line' id='line_1_57' title="bbox 2124 1300 3707 1360; baseline -0.003 -1"><span class='ocrx_word' id='word_1_374' title='bbox 2124 1300 2431 1359; x_wconf 77' lang='lat' dir='ltr'><strong>illutniuata</strong></span> <span class='ocrx_word' id='word_1_375' title='bbox 2478 1321 2603 1359; x_wconf 81' lang='lat' dir='ltr'><strong>mox</strong></span> <span class='ocrx_word' id='word_1_376' title='bbox 2650 1304 2701 1357; x_wconf 93' lang='lat' dir='ltr'><strong>in</strong></span> <span class='ocrx_word' id='word_1_377' title='bbox 2751 1302 2953 1360; x_wconf 87' lang='lat' dir='ltr'><strong>Gallias</strong></span> <span class='ocrx_word' id='word_1_378' title='bbox 2997 1320 3027 1358; x_wconf 92' lang='lat' dir='ltr'><strong>a</strong></span> <span class='ocrx_word' id='word_1_379' title='bbox 3072 1303 3392 1358; x_wconf 87' lang='lat' dir='ltr'><strong>beatissimo</strong></span> <span class='ocrx_word' id='word_1_380' title='bbox 3427 1300 3707 1356; x_wconf 85' lang='lat' dir='ltr'><strong>Clemente</strong></span> 
     </span>
    </p>
   </div>
   <div class='ocr_carea' id='block_1_57' title="bbox 2126 1372 3704 1443">
    <p class='ocr_par' dir='ltr' id='par_1_57' title="bbox 2126 1372 3704 1443">
     <span class='ocr_line' id='line_1_58' title="bbox 2126 1372 3704 1443; baseline -0.001 -14"><span class='ocrx_word' id='word_1_381' title='bbox 2126 1375 2408 1442; x_wconf 86' lang='lat' dir='ltr'><strong>apostolus</strong></span> <span class='ocrx_word' id='word_1_382' title='bbox 2439 1375 2661 1437; x_wconf 88' lang='lat' dir='ltr'><strong>missus,</strong></span> <span class='ocrx_word' id='word_1_383' title='bbox 2691 1374 2873 1429; x_wconf 82' lang='lat' dir='ltr'><strong>sedem</strong></span> <span class='ocrx_word' id='word_1_384' title='bbox 2897 1374 3037 1443; x_wconf 90' lang='lat' dir='ltr'><strong>apud</strong></span> <span class='ocrx_word' id='word_1_385' title='bbox 3065 1374 3403 1428; x_wconf 86' lang='lat' dir='ltr'><strong>Parisiorum</strong></span> <span class='ocrx_word' id='word_1_386' title='bbox 3432 1372 3704 1443; x_wconf 70' lang='lat' dir='ltr'><strong>insignem</strong></span> 
     </span>
    </p>
   </div>
   <div class='ocr_carea' id='block_1_58' title="bbox 2124 1441 3702 1512">
    <p class='ocr_par' dir='ltr' id='par_1_58' title="bbox 2124 1441 3702 1512">
     <span class='ocr_line' id='line_1_59' title="bbox 2124 1441 3702 1512; baseline -0.004 -13"><span class='ocrx_word' id='word_1_387' title='bbox 2124 1441 2316 1499; x_wconf 84' lang='lat' dir='ltr'><strong>urbem</strong></span> <span class='ocrx_word' id='word_1_388' title='bbox 2356 1449 2473 1503; x_wconf 82' lang='lat' dir='ltr'><strong>(seu</strong></span> <span class='ocrx_word' id='word_1_389' title='bbox 2500 1444 2840 1499; x_wconf 88' lang='lat' dir='ltr'><strong>Parrhisium</strong></span> <span class='ocrx_word' id='word_1_390' title='bbox 2882 1441 2975 1499; x_wconf 77' lang='lat' dir='ltr'><strong>seu</strong></span> <span class='ocrx_word' id='word_1_391' title='bbox 3025 1444 3299 1498; x_wconf 90' lang='lat' dir='ltr'><strong>Lutetiam</strong></span> <span class='ocrx_word' id='word_1_392' title='bbox 3340 1441 3702 1512; x_wconf 81' lang='lat' dir='ltr'><strong>appellarent)</strong></span> 
     </span>
    </p>
   </div>
   <div class='ocr_carea' id='block_1_59' title="bbox 2122 1513 3703 1586">
    <p class='ocr_par' dir='ltr' id='par_1_59' title="bbox 2122 1513 3703 1586">
     <span class='ocr_line' id='line_1_60' title="bbox 2122 1513 3703 1586; baseline 0.001 -20"><span class='ocrx_word' id='word_1_393' title='bbox 2122 1514 2412 1586; x_wconf 71' lang='lat' dir='ltr'><strong>tlelegarit.</strong></span> <span class='ocrx_word' id='word_1_394' title='bbox 2461 1514 2591 1581; x_wconf 78' lang='lat' dir='ltr'><strong>Qua:</strong></span> <span class='ocrx_word' id='word_1_395' title='bbox 2634 1517 2828 1569; x_wconf 89' lang='lat' dir='ltr'><strong>melius</strong></span> <span class='ocrx_word' id='word_1_396' title='bbox 2868 1516 3121 1586; x_wconf 88' lang='lat' dir='ltr'><strong>Dionysia</strong></span> <span class='ocrx_word' id='word_1_397' title='bbox 3151 1530 3194 1586; x_wconf 12' lang='lat' dir='ltr'><strong>7a</strong></span> <span class='ocrx_word' id='word_1_398' title='bbox 3228 1514 3492 1583; x_wconf 87' lang='lat' dir='ltr'><strong>Dionysio</strong></span> <span class='ocrx_word' id='word_1_399' title='bbox 3531 1513 3703 1581; x_wconf 88' lang='lat' dir='ltr'><strong>primo</strong></span> 
     </span>
    </p>
   </div>
   <div class='ocr_carea' id='block_1_60' title="bbox 2124 1582 3703 1655">
    <p class='ocr_par' dir='ltr' id='par_1_60' title="bbox 2124 1582 3703 1655">
     <span class='ocr_line' id='line_1_61' title="bbox 2124 1582 3703 1655; baseline -0.001 -16"><span class='ocrx_word' id='word_1_400' title='bbox 2124 1582 2285 1655; x_wconf 63' lang='lat'><strong>55.2</strong></span> <span class='ocrx_word' id='word_1_401' title='bbox 2310 1600 2407 1639; x_wconf 92' lang='lat' dir='ltr'><strong>suo</strong></span> <span class='ocrx_word' id='word_1_402' title='bbox 2432 1586 2678 1639; x_wconf 86' lang='lat' dir='ltr'><strong>antistite</strong></span> <span class='ocrx_word' id='word_1_403' title='bbox 2703 1597 2759 1638; x_wconf 89' lang='lat' dir='ltr'><strong>et</strong></span> <span class='ocrx_word' id='word_1_404' title='bbox 2791 1582 3060 1653; x_wconf 84' lang='lat' dir='ltr'><strong>apostolo,</strong></span> <span class='ocrx_word' id='word_1_405' title='bbox 3081 1585 3257 1655; x_wconf 84' lang='lat' dir='ltr'><strong>primo</strong></span> <span class='ocrx_word' id='word_1_406' title='bbox 3288 1582 3613 1655; x_wconf 81' lang='lat' dir='ltr'><strong>susceptore</strong></span> <span class='ocrx_word' id='word_1_407' title='bbox 3644 1598 3703 1637; x_wconf 82' lang='lat' dir='ltr'><strong>ac</strong></span> 
     </span>
    </p>
   </div>
   <div class='ocr_carea' id='block_1_61' title="bbox 2125 1653 3703 1724">
    <p class='ocr_par' dir='ltr' id='par_1_61' title="bbox 2125 1653 3703 1724">
     <span class='ocr_line' id='line_1_62' title="bbox 2125 1653 3703 1724; baseline -0.002 -16"><span class='ocrx_word' id='word_1_408' title='bbox 2125 1653 2533 1721; x_wconf 62' lang='lat' dir='ltr'><strong>regeneratum,</strong></span> <span class='ocrx_word' id='word_1_409' title='bbox 2583 1670 2745 1724; x_wconf 91' lang='lat' dir='ltr'><strong>quam</strong></span> <span class='ocrx_word' id='word_1_410' title='bbox 2781 1658 2850 1709; x_wconf 90' lang='lat' dir='ltr'><strong>ab</strong></span> <span class='ocrx_word' id='word_1_411' title='bbox 2888 1656 3050 1715; x_wconf 89' lang='lat' dir='ltr'><strong>Iside,</strong></span> <span class='ocrx_word' id='word_1_412' title='bbox 3084 1653 3191 1708; x_wconf 82' lang='lat' dir='ltr'><strong>aut</strong></span> <span class='ocrx_word' id='word_1_413' title='bbox 3231 1654 3366 1717; x_wconf 91' lang='lat' dir='ltr'><strong>luto,</strong></span> <span class='ocrx_word' id='word_1_414' title='bbox 3417 1664 3478 1708; x_wconf 89' lang='lat' dir='ltr'><strong>ut</strong></span> <span class='ocrx_word' id='word_1_415' title='bbox 3517 1653 3703 1706; x_wconf 89' lang='lat' dir='ltr'><strong>volunt</strong></span> 
     </span>
    </p>
   </div>
   <div class='ocr_carea' id='block_1_62' title="bbox 2125 1724 3702 1795">
    <p class='ocr_par' dir='ltr' id='par_1_62' title="bbox 2125 1724 3702 1795">
     <span class='ocr_line' id='line_1_63' title="bbox 2125 1724 3702 1795; baseline -0.002 -18"><span class='ocrx_word' id='word_1_416' title='bbox 2125 1725 2395 1795; x_wconf 81' lang='lat' dir='ltr'><strong>nonnulli,</strong></span> <span class='ocrx_word' id='word_1_417' title='bbox 2426 1727 2692 1793; x_wconf 89' lang='lat' dir='ltr'><strong>potuisset</strong></span> <span class='ocrx_word' id='word_1_418' title='bbox 2721 1726 3009 1795; x_wconf 87' lang='lat' dir='ltr'><strong>appellari.</strong></span> <span class='ocrx_word' id='word_1_419' title='bbox 3033 1724 3250 1795; x_wconf 89' lang='lat' dir='ltr'><strong>Primus</strong></span> <span class='ocrx_word' id='word_1_420' title='bbox 3276 1725 3425 1778; x_wconf 90' lang='lat' dir='ltr'><strong>enim</strong></span> <span class='ocrx_word' id='word_1_421' title='bbox 3471 1739 3600 1778; x_wconf 87' lang='lat' dir='ltr'><strong>eam</strong></span> <span class='ocrx_word' id='word_1_422' title='bbox 3639 1727 3702 1795; x_wconf 83' lang='lat' dir='ltr'><strong>ad</strong></span> 
     </span>
    </p>
   </div>
   <div class='ocr_carea' id='block_1_63' title="bbox 2124 1794 3702 1865">
    <p class='ocr_par' dir='ltr' id='par_1_63' title="bbox 2124 1794 3702 1865">
     <span class='ocr_line' id='line_1_64' title="bbox 2124 1794 3702 1865; baseline -0.001 -18"><span class='ocrx_word' id='word_1_423' title='bbox 2124 1796 2251 1847; x_wconf 64' lang='lat' dir='ltr'><strong>vitae</strong></span> <span class='ocrx_word' id='word_1_424' title='bbox 2279 1794 2457 1850; x_wconf 86' lang='lat' dir='ltr'><strong>fontes</strong></span> <span class='ocrx_word' id='word_1_425' title='bbox 2482 1796 2657 1850; x_wconf 87' lang='lat' dir='ltr'><strong>erexit</strong></span> <span class='ocrx_word' id='word_1_426' title='bbox 2693 1794 3000 1850; x_wconf 65' lang='lat' dir='ltr'><strong>intjbristo</strong></span> <span class='ocrx_word' id='word_1_427' title='bbox 3022 1794 3301 1865; x_wconf 82' lang='lat' dir='ltr'><strong>parvulam</strong></span> <span class='ocrx_word' id='word_1_428' title='bbox 3329 1794 3540 1863; x_wconf 89' lang='lat' dir='ltr'><strong>(solent</strong></span> <span class='ocrx_word' id='word_1_429' title='bbox 3564 1794 3702 1847; x_wconf 88' lang='lat' dir='ltr'><strong>enim</strong></span> 
     </span>
    </p>
   </div>
   <div class='ocr_carea' id='block_1_64' title="bbox 2123 1865 3703 1934">
    <p class='ocr_par' dir='ltr' id='par_1_64' title="bbox 2123 1865 3703 1934">
     <span class='ocr_line' id='line_1_65' title="bbox 2123 1865 3703 1934; baseline -0.002 -17"><span class='ocrx_word' id='word_1_430' title='bbox 2123 1865 2284 1934; x_wconf 91' lang='lat' dir='ltr'><strong>primi</strong></span> <span class='ocrx_word' id='word_1_431' title='bbox 2318 1876 2661 1933; x_wconf 89' lang='lat' dir='ltr'><strong>susceptores</strong></span> <span class='ocrx_word' id='word_1_432' title='bbox 2690 1866 2879 1920; x_wconf 88' lang='lat' dir='ltr'><strong>indere</strong></span> <span class='ocrx_word' id='word_1_433' title='bbox 2906 1867 3182 1933; x_wconf 87' lang='lat' dir='ltr'><strong>nomina);</strong></span> <span class='ocrx_word' id='word_1_434' title='bbox 3227 1866 3441 1934; x_wconf 78' lang='lat' dir='ltr'><strong>primus</strong></span> <span class='ocrx_word' id='word_1_435' title='bbox 3474 1875 3703 1917; x_wconf 83' lang='lat' dir='ltr'><strong>mortem</strong></span> 
     </span>
    </p>
   </div>
   <div class='ocr_carea' id='block_1_65' title="bbox 2121 1934 3706 2004">
    <p class='ocr_par' dir='ltr' id='par_1_65' title="bbox 2121 1934 3706 2004">
     <span class='ocr_line' id='line_1_66' title="bbox 2121 1934 3706 2004; baseline -0.001 -17"><span class='ocrx_word' id='word_1_436' title='bbox 2121 1937 2188 1987; x_wconf 89' lang='lat' dir='ltr'><strong>ab</strong></span> <span class='ocrx_word' id='word_1_437' title='bbox 2220 1949 2282 1987; x_wconf 91' lang='lat' dir='ltr'><strong>ea</strong></span> <span class='ocrx_word' id='word_1_438' title='bbox 2316 1934 2591 2004; x_wconf 79' lang='lat' dir='ltr'><strong>elfugavit,</strong></span> <span class='ocrx_word' id='word_1_439' title='bbox 2638 1946 2693 1990; x_wconf 89' lang='lat' dir='ltr'><strong>et</strong></span> <span class='ocrx_word' id='word_1_440' title='bbox 2729 1936 2945 1989; x_wconf 79' lang='lat' dir='ltr'><strong>induxit</strong></span> <span class='ocrx_word' id='word_1_441' title='bbox 2993 1936 3199 2001; x_wconf 88' lang='lat' dir='ltr'><strong>vitam;</strong></span> <span class='ocrx_word' id='word_1_442' title='bbox 3236 1950 3400 2004; x_wconf 90' lang='lat' dir='ltr'><strong>quam</strong></span> <span class='ocrx_word' id='word_1_443' title='bbox 3448 1936 3503 1989; x_wconf 90' lang='lat' dir='ltr'><strong>in</strong></span> <span class='ocrx_word' id='word_1_444' title='bbox 3547 1935 3706 1989; x_wconf 82' lang='lat' dir='ltr'><strong>Chri-</strong></span> 
     </span>
    </p>
   </div>
   <div class='ocr_carea' id='block_1_66' title="bbox 2120 2005 3702 2072">
    <p class='ocr_par' dir='ltr' id='par_1_66' title="bbox 2120 2005 3702 2072">
     <span class='ocr_line' id='line_1_67' title="bbox 2120 2005 3702 2072; baseline -0.001 -14"><span class='ocrx_word' id='word_1_445' title='bbox 2120 2007 2303 2058; x_wconf 88' lang='lat' dir='ltr'><strong>stiano</strong></span> <span class='ocrx_word' id='word_1_446' title='bbox 2333 2006 2503 2071; x_wconf 91' lang='lat' dir='ltr'><strong>cultu,</strong></span> <span class='ocrx_word' id='word_1_447' title='bbox 2538 2020 2635 2059; x_wconf 90' lang='lat' dir='ltr'><strong>suo</strong></span> <span class='ocrx_word' id='word_1_448' title='bbox 2657 2009 2922 2072; x_wconf 71' lang='lat' dir='ltr'><strong>sanguine</strong></span> <span class='ocrx_word' id='word_1_449' title='bbox 2952 2016 3007 2061; x_wconf 89' lang='lat' dir='ltr'><strong>et</strong></span> <span class='ocrx_word' id='word_1_450' title='bbox 3030 2005 3272 2061; x_wconf 91' lang='lat' dir='ltr'><strong>omnium</strong></span> <span class='ocrx_word' id='word_1_451' title='bbox 3303 2015 3702 2060; x_wconf 89' lang='lat' dir='ltr'><strong>tormentorum</strong></span> 
     </span>
    </p>
   </div>
   <div class='ocr_carea' id='block_1_67' title="bbox 2122 2074 3701 2143">
    <p class='ocr_par' dir='ltr' id='par_1_67' title="bbox 2122 2074 3701 2143">
     <span class='ocr_line' id='line_1_68' title="bbox 2122 2074 3701 2143; baseline 0.001 -17"><span class='ocrx_word' id='word_1_452' title='bbox 2122 2074 2494 2129; x_wconf 90' lang='lat' dir='ltr'><strong>molitionibus</strong></span> <span class='ocrx_word' id='word_1_453' title='bbox 2542 2076 2779 2129; x_wconf 87' lang='lat' dir='ltr'><strong>libenter</strong></span> <span class='ocrx_word' id='word_1_454' title='bbox 2823 2078 3093 2143; x_wconf 74' lang='lat' dir='ltr'><strong>susceptis</strong></span> <span class='ocrx_word' id='word_1_455' title='bbox 3140 2076 3357 2130; x_wconf 90' lang='lat' dir='ltr'><strong>tandem</strong></span> <span class='ocrx_word' id='word_1_456' title='bbox 3400 2076 3701 2130; x_wconf 78' lang='lat' dir='ltr'><strong>continua—</strong></span> 
     </span>
    </p>
   </div>
   <div class='ocr_carea' id='block_1_68' title="bbox 2119 2143 3700 2206">
    <p class='ocr_par' dir='ltr' id='par_1_68' title="bbox 2119 2143 3700 2206">
     <span class='ocr_line' id='line_1_69' title="bbox 2119 2143 3700 2206; baseline 0.001 -11"><span class='ocrx_word' id='word_1_457' title='bbox 2119 2145 2218 2199; x_wconf 86' lang='lat' dir='ltr'><strong>vit.</strong></span> <span class='ocrx_word' id='word_1_458' title='bbox 2262 2143 2415 2199; x_wconf 90' lang='lat' dir='ltr'><strong>Unde</strong></span> <span class='ocrx_word' id='word_1_459' title='bbox 2456 2154 2507 2200; x_wconf 90' lang='lat' dir='ltr'><strong>et</strong></span> <span class='ocrx_word' id='word_1_460' title='bbox 2547 2148 2719 2199; x_wconf 84' lang='lat' dir='ltr'><strong>victor</strong></span> <span class='ocrx_word' id='word_1_461' title='bbox 2766 2147 2967 2201; x_wconf 91' lang='lat' dir='ltr'><strong>mundo</strong></span> <span class='ocrx_word' id='word_1_462' title='bbox 3016 2146 3352 2206; x_wconf 85' lang='lat' dir='ltr'><strong>triumphato</strong></span> <span class='ocrx_word' id='word_1_463' title='bbox 3392 2146 3463 2199; x_wconf 89' lang='lat' dir='ltr'><strong>ad</strong></span> <span class='ocrx_word' id='word_1_464' title='bbox 3510 2145 3700 2206; x_wconf 87' lang='lat' dir='ltr'><strong>Deum,</strong></span> 
     </span>
    </p>
   </div>
   <div class='ocr_carea' id='block_1_69' title="bbox 2118 2215 3701 2283">
    <p class='ocr_par' dir='ltr' id='par_1_69' title="bbox 2118 2215 3701 2283">
     <span class='ocr_line' id='line_1_70' title="bbox 2118 2215 3701 2283; baseline 0.001 -18"><span class='ocrx_word' id='word_1_465' title='bbox 2118 2215 2208 2282; x_wconf 90' lang='lat' dir='ltr'><strong>qui</strong></span> <span class='ocrx_word' id='word_1_466' title='bbox 2263 2215 2437 2283; x_wconf 89' lang='lat' dir='ltr'><strong>ipsum</strong></span> <span class='ocrx_word' id='word_1_467' title='bbox 2482 2218 2725 2278; x_wconf 88' lang='lat' dir='ltr'><strong>miserat,</strong></span> <span class='ocrx_word' id='word_1_468' title='bbox 2778 2217 3118 2273; x_wconf 83' lang='lat' dir='ltr'><strong>conscendit.</strong></span> <span class='ocrx_word' id='word_1_469' title='bbox 3168 2215 3304 2269; x_wconf 83' lang='lat' dir='ltr'><strong>Tum</strong></span> <span class='ocrx_word' id='word_1_470' title='bbox 3354 2218 3503 2270; x_wconf 90' lang='lat' dir='ltr'><strong>Deus</strong></span> <span class='ocrx_word' id='word_1_471' title='bbox 3559 2216 3701 2269; x_wconf 86' lang='lat' dir='ltr'><strong>illum</strong></span> 
     </span>
    </p>
   </div>
   <div class='ocr_carea' id='block_1_70' title="bbox 2120 2285 3704 2357">
    <p class='ocr_par' dir='ltr' id='par_1_70' title="bbox 2120 2285 3704 2357">
     <span class='ocr_line' id='line_1_71' title="bbox 2120 2285 3704 2357; baseline 0.001 -21"><span class='ocrx_word' id='word_1_472' title='bbox 2120 2286 2317 2357; x_wconf 71' lang='lat' dir='ltr'><strong>locum,</strong></span> <span class='ocrx_word' id='word_1_473' title='bbox 2353 2285 2563 2357; x_wconf 84' lang='lat' dir='ltr'><strong>piorum</strong></span> <span class='ocrx_word' id='word_1_474' title='bbox 2598 2287 2900 2340; x_wconf 87' lang='lat' dir='ltr'><strong>studiorum</strong></span> <span class='ocrx_word' id='word_1_475' title='bbox 2932 2291 3137 2341; x_wconf 85' lang='lat' dir='ltr'><strong>fontem</strong></span> <span class='ocrx_word' id='word_1_476' title='bbox 3177 2286 3622 2357; x_wconf 75' lang='lat' dir='ltr'><strong>prmordinavit;</strong></span> <span class='ocrx_word' id='word_1_477' title='bbox 3649 2296 3704 2338; x_wconf 89' lang='lat' dir='ltr'><strong>ut</strong></span> 
     </span>
    </p>
   </div>
   <div class='ocr_carea' id='block_1_71' title="bbox 2118 2355 3700 2425">
    <p class='ocr_par' dir='ltr' id='par_1_71' title="bbox 2118 2355 3700 2425">
     <span class='ocr_line' id='line_1_72' title="bbox 2118 2355 3700 2425; baseline 0.003 -20"><span class='ocrx_word' id='word_1_478' title='bbox 2118 2355 2186 2425; x_wconf 90' lang='lat' dir='ltr'><strong>ad</strong></span> <span class='ocrx_word' id='word_1_479' title='bbox 2228 2369 2409 2425; x_wconf 87' lang='lat' dir='ltr'><strong>quem,</strong></span> <span class='ocrx_word' id='word_1_480' title='bbox 2450 2355 2503 2408; x_wconf 91' lang='lat' dir='ltr'><strong>in</strong></span> <span class='ocrx_word' id='word_1_481' title='bbox 2545 2365 2755 2411; x_wconf 88' lang='lat' dir='ltr'><strong>certum</strong></span> <span class='ocrx_word' id='word_1_482' title='bbox 2805 2366 3032 2411; x_wconf 89' lang='lat' dir='ltr'><strong>eventus</strong></span> <span class='ocrx_word' id='word_1_483' title='bbox 3074 2359 3149 2410; x_wconf 90' lang='lat' dir='ltr'><strong>rei</strong></span> <span class='ocrx_word' id='word_1_484' title='bbox 3180 2355 3606 2425; x_wconf 81' lang='lat' dir='ltr'><strong>argumentum,</strong></span> <span class='ocrx_word' id='word_1_485' title='bbox 3642 2370 3700 2409; x_wconf 80' lang='lat' dir='ltr'><strong>ex</strong></span> 
     </span>
    </p>
   </div>
   <div class='ocr_carea' id='block_1_72' title="bbox 2117 2424 3700 2495">
    <p class='ocr_par' dir='ltr' id='par_1_72' title="bbox 2117 2424 3700 2495">
     <span class='ocr_line' id='line_1_73' title="bbox 2117 2424 3700 2495; baseline -0.001 -18"><span class='ocrx_word' id='word_1_486' title='bbox 2117 2424 2350 2478; x_wconf 84' lang='lat' dir='ltr'><strong>Athenis</strong></span> <span class='ocrx_word' id='word_1_487' title='bbox 2389 2425 2564 2478; x_wconf 92' lang='lat' dir='ltr'><strong>virum</strong></span> <span class='ocrx_word' id='word_1_488' title='bbox 2598 2441 2758 2493; x_wconf 86' lang='lat' dir='ltr'><strong>supra</strong></span> <span class='ocrx_word' id='word_1_489' title='bbox 2798 2441 3015 2481; x_wconf 89' lang='lat' dir='ltr'><strong>onmem</strong></span> <span class='ocrx_word' id='word_1_490' title='bbox 3049 2424 3342 2480; x_wconf 83' lang='lat' dir='ltr'><strong>humanam</strong></span> <span class='ocrx_word' id='word_1_491' title='bbox 3371 2427 3700 2495; x_wconf 87' lang='lat' dir='ltr'><strong>sapientiam</strong></span> 
     </span>
    </p>
   </div>
   <div class='ocr_carea' id='block_1_73' title="bbox 2120 2496 3701 2566">
    <p class='ocr_par' dir='ltr' id='par_1_73' title="bbox 2120 2496 3701 2566">
     <span class='ocr_line' id='line_1_74' title="bbox 2120 2496 3701 2566; baseline 0 -19"><span class='ocrx_word' id='word_1_492' title='bbox 2120 2496 2340 2548; x_wconf 89' lang='lat' dir='ltr'><strong>doctum</strong></span> <span class='ocrx_word' id='word_1_493' title='bbox 2374 2496 2656 2550; x_wconf 84' lang='lat' dir='ltr'><strong>direxerit.</strong></span> <span class='ocrx_word' id='word_1_494' title='bbox 2689 2497 2803 2550; x_wconf 81' lang='lat' dir='ltr'><strong>Vox</strong></span> <span class='ocrx_word' id='word_1_495' title='bbox 2830 2499 2996 2565; x_wconf 77' lang='lat' dir='ltr'><strong>igitur</strong></span> <span class='ocrx_word' id='word_1_496' title='bbox 3028 2496 3280 2566; x_wconf 77' lang='lat' dir='ltr'><strong>Dionysia</strong></span> <span class='ocrx_word' id='word_1_497' title='bbox 3309 2497 3587 2552; x_wconf 85' lang='lat' dir='ltr'><strong>bonarum</strong></span> <span class='ocrx_word' id='word_1_498' title='bbox 3620 2497 3701 2548; x_wconf 89' lang='lat' dir='ltr'><strong>lit-</strong></span> 
     </span>
    </p>
   </div>
   <div class='ocr_carea' id='block_1_74' title="bbox 2122 2566 3699 2633">
    <p class='ocr_par' dir='ltr' id='par_1_74' title="bbox 2122 2566 3699 2633">
     <span class='ocr_line' id='line_1_75' title="bbox 2122 2566 3699 2633; baseline 0.002 -17"><span class='ocrx_word' id='word_1_499' title='bbox 2122 2572 2365 2617; x_wconf 87' lang='lat' dir='ltr'><strong>terarum</strong></span> <span class='ocrx_word' id='word_1_500' title='bbox 2408 2568 2651 2619; x_wconf 90' lang='lat' dir='ltr'><strong>omnium</strong></span> <span class='ocrx_word' id='word_1_501' title='bbox 2692 2568 2998 2633; x_wconf 83' lang='lat' dir='ltr'><strong>acadentia,</strong></span> <span class='ocrx_word' id='word_1_502' title='bbox 3027 2568 3304 2621; x_wconf 88' lang='lat' dir='ltr'><strong>eademet</strong></span> <span class='ocrx_word' id='word_1_503' title='bbox 3346 2566 3699 2626; x_wconf 79' lang='lat' dir='ltr'><strong>Parisieusis.</strong></span> 
     </span>
    </p>
   </div>
   <div class='ocr_carea' id='block_1_75' title="bbox 2118 2636 3701 2705">
    <p class='ocr_par' dir='ltr' id='par_1_75' title="bbox 2118 2636 3701 2705">
     <span class='ocr_line' id='line_1_76' title="bbox 2118 2636 3701 2705; baseline 0.003 -20"><span class='ocrx_word' id='word_1_504' title='bbox 2118 2648 2282 2702; x_wconf 89' lang='lat' dir='ltr'><strong>quam</strong></span> <span class='ocrx_word' id='word_1_505' title='bbox 2313 2650 2451 2689; x_wconf 86' lang='lat' dir='ltr'><strong>unus</strong></span> <span class='ocrx_word' id='word_1_506' title='bbox 2487 2637 2739 2705; x_wconf 79' lang='lat' dir='ltr'><strong>idemque</strong></span> <span class='ocrx_word' id='word_1_507' title='bbox 2766 2636 2930 2692; x_wconf 90' lang='lat' dir='ltr'><strong>Pater</strong></span> <span class='ocrx_word' id='word_1_508' title='bbox 2958 2638 3160 2691; x_wconf 87' lang='lat' dir='ltr'><strong>sociam</strong></span> <span class='ocrx_word' id='word_1_509' title='bbox 3196 2636 3330 2691; x_wconf 89' lang='lat' dir='ltr'><strong>fecit</strong></span> <span class='ocrx_word' id='word_1_510' title='bbox 3356 2636 3624 2700; x_wconf 85' lang='lat' dir='ltr'><strong>Athenis,</strong></span> <span class='ocrx_word' id='word_1_511' title='bbox 3652 2647 3701 2689; x_wconf 88' lang='lat' dir='ltr'><strong>et</strong></span> 
     </span>
    </p>
   </div>
   <div class='ocr_carea' id='block_1_76' title="bbox 2119 2707 3698 2776">
    <p class='ocr_par' dir='ltr' id='par_1_76' title="bbox 2119 2707 3698 2776">
     <span class='ocr_line' id='line_1_77' title="bbox 2119 2707 3698 2776; baseline 0.003 -20"><span class='ocrx_word' id='word_1_512' title='bbox 2119 2718 2394 2768; x_wconf 91' lang='lat' dir='ltr'><strong>sororem,</strong></span> <span class='ocrx_word' id='word_1_513' title='bbox 2427 2715 2609 2761; x_wconf 91' lang='lat' dir='ltr'><strong>vestro</strong></span> <span class='ocrx_word' id='word_1_514' title='bbox 2647 2709 2956 2776; x_wconf 87' lang='lat' dir='ltr'><strong>applaudite</strong></span> <span class='ocrx_word' id='word_1_515' title='bbox 2985 2708 3254 2775; x_wconf 87' lang='lat' dir='ltr'><strong>apostolo,</strong></span> <span class='ocrx_word' id='word_1_516' title='bbox 3296 2720 3487 2764; x_wconf 89' lang='lat' dir='ltr'><strong>vestro</strong></span> <span class='ocrx_word' id='word_1_517' title='bbox 3524 2707 3698 2774; x_wconf 90' lang='lat' dir='ltr'><strong>primo</strong></span> 
     </span>
    </p>
   </div>
   <div class='ocr_carea' id='block_1_77' title="bbox 2120 2776 3697 2848">
    <p class='ocr_par' dir='ltr' id='par_1_77' title="bbox 2120 2776 3697 2848">
     <span class='ocr_line' id='line_1_78' title="bbox 2120 2776 3697 2848; baseline 0.003 -23"><span class='ocrx_word' id='word_1_518' title='bbox 2120 2776 2354 2848; x_wconf 78' lang='lat' dir='ltr'><strong>antistiti</strong></span> <span class='ocrx_word' id='word_1_519' title='bbox 2394 2784 2448 2829; x_wconf 88' lang='lat' dir='ltr'><strong>et</strong></span> <span class='ocrx_word' id='word_1_520' title='bbox 2491 2782 2723 2843; x_wconf 88' lang='lat' dir='ltr'><strong>parenti,</strong></span> <span class='ocrx_word' id='word_1_521' title='bbox 2771 2779 2947 2848; x_wconf 91' lang='lat' dir='ltr'><strong>primo</strong></span> <span class='ocrx_word' id='word_1_522' title='bbox 2978 2782 3044 2831; x_wconf 89' lang='lat' dir='ltr'><strong>ad</strong></span> <span class='ocrx_word' id='word_1_523' title='bbox 3093 2779 3257 2831; x_wconf 89' lang='lat' dir='ltr'><strong>vitam</strong></span> <span class='ocrx_word' id='word_1_524' title='bbox 3306 2777 3621 2847; x_wconf 76' lang='lat' dir='ltr'><strong>suseepturi</strong></span> <span class='ocrx_word' id='word_1_525' title='bbox 3649 2787 3697 2829; x_wconf 88' lang='lat' dir='ltr'><strong>et</strong></span> 
     </span>
    </p>
   </div>
   <div class='ocr_carea' id='block_1_78' title="bbox 2120 2844 3700 2917">
    <p class='ocr_par' dir='ltr' id='par_1_78' title="bbox 2120 2844 3700 2917">
     <span class='ocr_line' id='line_1_79' title="bbox 2120 2844 3700 2917; baseline 0.003 -21"><span class='ocrx_word' id='word_1_526' title='bbox 2120 2844 2497 2917; x_wconf 86' lang='lat' dir='ltr'><strong>illtttninatori,</strong></span> <span class='ocrx_word' id='word_1_527' title='bbox 2549 2857 2605 2900; x_wconf 92' lang='lat' dir='ltr'><strong>et</strong></span> <span class='ocrx_word' id='word_1_528' title='bbox 2648 2844 2787 2917; x_wconf 48' lang='lat' dir='ltr'><strong>ejtts&#39;</strong></span> <span class='ocrx_word' id='word_1_529' title='bbox 2810 2862 2998 2902; x_wconf 84' lang='lat' dir='ltr'><strong>sacras</strong></span> <span class='ocrx_word' id='word_1_530' title='bbox 3042 2848 3359 2917; x_wconf 85' lang='lat' dir='ltr'><strong>disciplinas</strong></span> <span class='ocrx_word' id='word_1_531' title='bbox 3388 2850 3443 2901; x_wconf 88' lang='lat' dir='ltr'><strong>in</strong></span> <span class='ocrx_word' id='word_1_532' title='bbox 3477 2844 3700 2901; x_wconf 48' lang='lat' dir='ltr'><strong>&#39;bonore</strong></span> 
     </span>
    </p>
   </div>
   <div class='ocr_carea' id='block_1_79' title="bbox 2119 2916 3696 2988">
    <p class='ocr_par' dir='ltr' id='par_1_79' title="bbox 2119 2916 3696 2988">
     <span class='ocr_line' id='line_1_80' title="bbox 2119 2916 3696 2988; baseline 0.002 -22"><span class='ocrx_word' id='word_1_533' title='bbox 2119 2916 2402 2988; x_wconf 82' lang='lat' dir='ltr'><strong>suscipite,</strong></span> <span class='ocrx_word' id='word_1_534' title='bbox 2444 2929 2606 2983; x_wconf 87' lang='lat' dir='ltr'><strong>atque</strong></span> <span class='ocrx_word' id='word_1_535' title='bbox 2638 2916 2693 2972; x_wconf 85' lang='lat' dir='ltr'><strong>in</strong></span> <span class='ocrx_word' id='word_1_536' title='bbox 2736 2920 2814 2973; x_wconf 73' lang='lat' dir='ltr'><strong>eis</strong></span> <span class='ocrx_word' id='word_1_537' title='bbox 2856 2919 2994 2987; x_wconf 87' lang='lat' dir='ltr'><strong>ipsis</strong></span> <span class='ocrx_word' id='word_1_538' title='bbox 3019 2919 3137 2973; x_wconf 81' lang='lat' dir='ltr'><strong>dies</strong></span> <span class='ocrx_word' id='word_1_539' title='bbox 3181 2916 3487 2988; x_wconf 83' lang='lat' dir='ltr'><strong>noctesque</strong></span> <span class='ocrx_word' id='word_1_540' title='bbox 3533 2919 3696 2985; x_wconf 82' lang='lat' dir='ltr'><strong>proti-</strong></span> 
     </span>
    </p>
   </div>
   <div class='ocr_carea' id='block_1_80' title="bbox 2117 2986 2564 3043">
    <p class='ocr_par' dir='ltr' id='par_1_80' title="bbox 2117 2986 2564 3043">
     <span class='ocr_line' id='line_1_81' title="bbox 2117 2986 2564 3043; baseline 0.013 -6"><span class='ocrx_word' id='word_1_541' title='bbox 2117 2986 2243 3037; x_wconf 81' lang='lat' dir='ltr'><strong>cite.</strong></span> <span class='ocrx_word' id='word_1_542' title='bbox 2282 3005 2301 3036; x_wconf 76' lang='grc' dir='ltr'><strong>ι</strong></span> <span class='ocrx_word' id='word_1_543' title='bbox 2340 2988 2431 3041; x_wconf 80' lang='lat' dir='ltr'><strong>Sic</strong></span> <span class='ocrx_word' id='word_1_544' title='bbox 2456 2987 2564 3043; x_wconf 88' lang='lat' dir='ltr'><strong>ille.</strong></span> 
     </span>
    </p>
   </div>
   <div class='ocr_carea' id='block_1_81' title="bbox 2189 3055 3694 3130">
    <p class='ocr_par' dir='ltr' id='par_1_81' title="bbox 2189 3055 3694 3130">
     <span class='ocr_line' id='line_1_82' title="bbox 2189 3055 3694 3130; baseline 0.006 -21"><span class='ocrx_word' id='word_1_545' title='bbox 2189 3055 2257 3109; x_wconf 82' lang='lat' dir='ltr'><strong>Et</strong></span> <span class='ocrx_word' id='word_1_546' title='bbox 2273 3057 2384 3130; x_wconf 84' lang='lat' dir='ltr'><strong>hoc</strong></span> <span class='ocrx_word' id='word_1_547' title='bbox 2410 3074 2541 3111; x_wconf 88' lang='lat' dir='ltr'><strong>sane</strong></span> <span class='ocrx_word' id='word_1_548' title='bbox 2567 3057 2761 3112; x_wconf 88' lang='lat' dir='ltr'><strong>melius</strong></span> <span class='ocrx_word' id='word_1_549' title='bbox 2784 3074 2946 3130; x_wconf 89' lang='lat' dir='ltr'><strong>quam</strong></span> <span class='ocrx_word' id='word_1_550' title='bbox 2977 3057 3317 3128; x_wconf 88' lang='lat' dir='ltr'><strong>inquirendis</strong></span> <span class='ocrx_word' id='word_1_551' title='bbox 3335 3070 3532 3115; x_wconf 86' lang='lat' dir='ltr'><strong>contra</strong></span> <span class='ocrx_word' id='word_1_552' title='bbox 3560 3065 3694 3118; x_wconf 87' lang='lat' dir='ltr'><strong>hanc</strong></span> 
     </span>
    </p>
   </div>
   <div class='ocr_carea' id='block_1_82' title="bbox 2123 3128 3695 3197">
    <p class='ocr_par' dir='ltr' id='par_1_82' title="bbox 2123 3128 3695 3197">
     <span class='ocr_line' id='line_1_83' title="bbox 2123 3128 3695 3197; baseline 0.006 -18"><span class='ocrx_word' id='word_1_553' title='bbox 2123 3133 2232 3179; x_wconf 90' lang='lat' dir='ltr'><strong>tam</strong></span> <span class='ocrx_word' id='word_1_554' title='bbox 2270 3128 2432 3197; x_wconf 75' lang='lat' dir='ltr'><strong>longo</strong></span> <span class='ocrx_word' id='word_1_555' title='bbox 2472 3138 2750 3197; x_wconf 88' lang='lat' dir='ltr'><strong>receptam</strong></span> <span class='ocrx_word' id='word_1_556' title='bbox 2798 3128 3087 3185; x_wconf 82' lang='lat' dir='ltr'><strong>intervallo</strong></span> <span class='ocrx_word' id='word_1_557' title='bbox 3131 3130 3463 3185; x_wconf 87' lang='lat' dir='ltr'><strong>sententiam</strong></span> <span class='ocrx_word' id='word_1_558' title='bbox 3496 3134 3695 3187; x_wconf 84' lang='lat' dir='ltr'><strong>inutili-</strong></span> 
     </span>
    </p>
   </div>
   <div class='ocr_carea' id='block_1_83' title="bbox 2123 3198 3693 3273">
    <p class='ocr_par' dir='ltr' id='par_1_83' title="bbox 2123 3198 3693 3273">
     <span class='ocr_line' id='line_1_84' title="bbox 2123 3198 3693 3273; baseline 0.006 -24"><span class='ocrx_word' id='word_1_559' title='bbox 2123 3198 2800 3273; x_wconf 74' lang='lat' dir='ltr'><strong>bus_argum_entistrustra</strong></span> <span class='ocrx_word' id='word_1_560' title='bbox 2830 3211 3040 3273; x_wconf 78' lang='lat' dir='ltr'><strong>tempus</strong></span> <span class='ocrx_word' id='word_1_561' title='bbox 3054 3202 3373 3273; x_wconf 61' lang='lat' dir='ltr'><strong>insumere.</strong></span> <span class='ocrx_word' id='word_1_562' title='bbox 3393 3200 3460 3253; x_wconf 86' lang='lat' dir='ltr'><strong>Et</strong></span> <span class='ocrx_word' id='word_1_563' title='bbox 3489 3219 3693 3273; x_wconf 68' lang='lat' dir='ltr'><strong>quaeso,</strong></span> 
     </span>
    </p>
   </div>
   <div class='ocr_carea' id='block_1_84' title="bbox 2048 3257 3698 3345">
    <p class='ocr_par' dir='ltr' id='par_1_84' title="bbox 2048 3257 3698 3345">
     <span class='ocr_line' id='line_1_85' title="bbox 2048 3257 3698 3345; baseline 0.004 -24"><span class='ocrx_word' id='word_1_564' title='bbox 2048 3257 2091 3314; x_wconf 84' lang='lat' dir='ltr'><strong><em>C</em></strong></span> <span class='ocrx_word' id='word_1_565' title='bbox 2126 3282 2195 3321; x_wconf 88' lang='lat' dir='ltr'><strong>ne</strong></span> <span class='ocrx_word' id='word_1_566' title='bbox 2226 3257 2381 3322; x_wconf 64' lang='lat' dir='ltr'><strong>locus</strong></span> <span class='ocrx_word' id='word_1_567' title='bbox 2408 3269 2566 3322; x_wconf 88' lang='lat' dir='ltr'><strong>detur</strong></span> <span class='ocrx_word' id='word_1_568' title='bbox 2604 3270 2691 3322; x_wconf 87' lang='lat' dir='ltr'><strong>isti</strong></span> <span class='ocrx_word' id='word_1_569' title='bbox 2723 3257 2963 3339; x_wconf 56' lang='lat' dir='ltr'><strong>querela}</strong></span> <span class='ocrx_word' id='word_1_570' title='bbox 2993 3287 3006 3323; x_wconf 90' lang='lat'>:</span> <span class='ocrx_word' id='word_1_571' title='bbox 3045 3269 3176 3325; x_wconf 81' lang='lat' dir='ltr'><strong>Filii</strong></span> <span class='ocrx_word' id='word_1_572' title='bbox 3213 3271 3402 3326; x_wconf 73' lang='lat' dir='ltr'><strong>matris</strong></span> <span class='ocrx_word' id='word_1_573' title='bbox 3440 3257 3573 3329; x_wconf 54' lang='lat' dir='ltr'><strong>mea:</strong></span> <span class='ocrx_word' id='word_1_574' title='bbox 3601 3257 3698 3345; x_wconf 56' lang='lat' dir='ltr'><strong>pa:</strong></span> 
     </span>
    </p>
   </div>
   <div class='ocr_carea' id='block_1_85' title="bbox 2130 3350 2816 3404">
    <p class='ocr_par' dir='ltr' id='par_1_85' title="bbox 2130 3350 2816 3404">
     <span class='ocr_line' id='line_1_86' title="bbox 2130 3350 2816 3404; baseline 0.015 -18"><span class='ocrx_word' id='word_1_575' title='bbox 2130 3350 2426 3404; x_wconf 84' lang='lat' dir='ltr'><strong>gnaverunt</strong></span> <span class='ocrx_word' id='word_1_576' title='bbox 2452 3350 2633 3392; x_wconf 85' lang='lat' dir='ltr'><strong>contra</strong></span> <span class='ocrx_word' id='word_1_577' title='bbox 2660 3356 2760 3395; x_wconf 85' lang='lat' dir='ltr'><strong>me.</strong></span> <span class='ocrx_word' id='word_1_578' title='bbox 2794 3350 2816 3377; x_wconf 68' lang='grc' dir='ltr'><em>τ</em></span> 
     </span>
    </p>
   </div>
   <div class='ocr_carea' id='block_1_86' title="bbox 1815 3574 2304 3651">
    <p class='ocr_par' dir='ltr' id='par_1_86' title="bbox 1815 3574 2304 3651">
     <span class='ocr_line' id='line_1_87' title="bbox 1815 3574 2304 3651; baseline 0.004 -16"><span class='ocrx_word' id='word_1_579' title='bbox 1815 3574 2187 3651; x_wconf 69' lang='lat' dir='ltr'><strong>QUIESTIO</strong></span> <span class='ocrx_word' id='word_1_580' title='bbox 2225 3577 2304 3638; x_wconf 81' lang='grc' dir='ltr'>ιι.</span> 
     </span>
    </p>
   </div>
   <div class='ocr_carea' id='block_1_87' title="bbox 1561 3703 2571 3787">
    <p class='ocr_par' dir='ltr' id='par_1_87' title="bbox 1561 3703 2571 3787">
     <span class='ocr_line' id='line_1_88' title="bbox 1561 3703 2571 3787; baseline 0.005 -22"><span class='ocrx_word' id='word_1_581' title='bbox 1561 3703 1651 3765; x_wconf 85' lang='lat' dir='ltr'><strong>De</strong></span> <span class='ocrx_word' id='word_1_582' title='bbox 1704 3704 1964 3784; x_wconf 79' lang='lat' dir='ltr'><strong>scriptis</strong></span> <span class='ocrx_word' id='word_1_583' title='bbox 2008 3714 2214 3766; x_wconf 82' lang='lat' dir='ltr'><strong>sancti</strong></span> <span class='ocrx_word' id='word_1_584' title='bbox 2254 3707 2571 3787; x_wconf 77' lang='lat' dir='ltr'><strong>Dionysii.</strong></span> 
     </span>
    </p>
   </div>
   <div class='ocr_carea' id='block_1_88' title="bbox 520 3828 2020 3902">
    <p class='ocr_par' dir='ltr' id='par_1_88' title="bbox 520 3828 2020 3902">
     <span class='ocr_line' id='line_1_89' title="bbox 520 3828 2020 3902; baseline 0.002 -17"><span class='ocrx_word' id='word_1_585' title='bbox 520 3828 647 3885; x_wconf 83' lang='lat' dir='ltr'><strong>Fuit</strong></span> <span class='ocrx_word' id='word_1_586' title='bbox 693 3829 814 3902; x_wconf 69' lang='lat' dir='ltr'><strong>haec</strong></span> <span class='ocrx_word' id='word_1_587' title='bbox 846 3845 1064 3900; x_wconf 87' lang='lat' dir='ltr'><strong>semper</strong></span> <span class='ocrx_word' id='word_1_588' title='bbox 1098 3842 1261 3902; x_wconf 89' lang='lat' dir='ltr'><strong>atque</strong></span> <span class='ocrx_word' id='word_1_589' title='bbox 1309 3833 1609 3887; x_wconf 89' lang='lat' dir='ltr'><strong>etiamnum</strong></span> <span class='ocrx_word' id='word_1_590' title='bbox 1652 3842 1735 3889; x_wconf 83' lang='lat' dir='ltr'><strong>est</strong></span> <span class='ocrx_word' id='word_1_591' title='bbox 1772 3835 2020 3890; x_wconf 89' lang='lat' dir='ltr'><strong>celeber—</strong></span> 
     </span>
    </p>
   </div>
   <div class='ocr_carea' id='block_1_89' title="bbox 448 3901 2020 3973">
    <p class='ocr_par' dir='ltr' id='par_1_89' title="bbox 448 3901 2020 3973">
     <span class='ocr_line' id='line_1_90' title="bbox 448 3901 2020 3973; baseline 0.003 -17"><span class='ocrx_word' id='word_1_592' title='bbox 448 3907 589 3958; x_wconf 91' lang='lat' dir='ltr'><strong>rima</strong></span> <span class='ocrx_word' id='word_1_593' title='bbox 617 3902 759 3955; x_wconf 90' lang='lat' dir='ltr'><strong>inter</strong></span> <span class='ocrx_word' id='word_1_594' title='bbox 787 3901 978 3973; x_wconf 84' lang='lat' dir='ltr'><strong>tl&#39;octos</strong></span> <span class='ocrx_word' id='word_1_595' title='bbox 1018 3901 1447 3973; x_wconf 31' lang='lat' dir='ltr'><strong>viros’qutestio,</strong></span> <span class='ocrx_word' id='word_1_596' title='bbox 1486 3905 1773 3973; x_wconf 88' lang='lat' dir='ltr'><strong>cujusnam</strong></span> <span class='ocrx_word' id='word_1_597' title='bbox 1805 3906 1917 3958; x_wconf 89' lang='lat' dir='ltr'><strong>sint</strong></span> <span class='ocrx_word' id='word_1_598' title='bbox 1955 3922 2020 3960; x_wconf 92' lang='lat' dir='ltr'><strong>ea</strong></span> 
     </span>
    </p>
   </div>
   <div class='ocr_carea' id='block_1_90' title="bbox 446 3971 2020 4044">
    <p class='ocr_par' dir='ltr' id='par_1_90' title="bbox 446 3971 2020 4044">
     <span class='ocr_line' id='line_1_91' title="bbox 446 3971 2020 4044; baseline 0.001 -16"><span class='ocrx_word' id='word_1_599' title='bbox 446 3975 674 4040; x_wconf 84' lang='lat' dir='ltr'><strong>scripta,</strong></span> <span class='ocrx_word' id='word_1_600' title='bbox 712 3985 832 4044; x_wconf 64' lang='lat' dir='ltr'><strong>qua;</strong></span> <span class='ocrx_word' id='word_1_601' title='bbox 876 3971 1262 4044; x_wconf 38' lang='lat' dir='ltr'><strong>subDionys’ii</strong></span> <span class='ocrx_word' id='word_1_602' title='bbox 1308 3971 1652 4044; x_wconf 67' lang='lat' dir='ltr'><strong>Areopagitae</strong></span> <span class='ocrx_word' id='word_1_603' title='bbox 1698 3977 1917 4029; x_wconf 89' lang='lat' dir='ltr'><strong>nomine</strong></span> <span class='ocrx_word' id='word_1_604' title='bbox 1965 3977 2020 4029; x_wconf 90' lang='lat' dir='ltr'><strong>in</strong></span> 
     </span>
    </p>
   </div>
   <div class='ocr_carea' id='block_1_91' title="bbox 447 4041 2020 4116">
    <p class='ocr_par' dir='ltr' id='par_1_91' title="bbox 447 4041 2020 4116">
     <span class='ocr_line' id='line_1_92' title="bbox 447 4041 2020 4116; baseline 0.001 -19"><span class='ocrx_word' id='word_1_605' title='bbox 447 4044 624 4116; x_wconf 86' lang='lat' dir='ltr'><strong>lucem</strong></span> <span class='ocrx_word' id='word_1_606' title='bbox 673 4041 950 4111; x_wconf 88' lang='lat' dir='ltr'><strong>prodiere,</strong></span> <span class='ocrx_word' id='word_1_607' title='bbox 997 4041 1242 4112; x_wconf 76' lang='lat' dir='ltr'><strong>ipsiusne</strong></span> <span class='ocrx_word' id='word_1_608' title='bbox 1287 4041 1477 4098; x_wconf 82' lang='lat' dir='ltr'><strong>revera</strong></span> <span class='ocrx_word' id='word_1_609' title='bbox 1531 4041 1898 4116; x_wconf 66' lang='lat' dir='ltr'><strong>Areopagitae,</strong></span> <span class='ocrx_word' id='word_1_610' title='bbox 1950 4060 2020 4099; x_wconf 92' lang='lat' dir='ltr'><strong>an</strong></span> 
     </span>
    </p>
   </div>
   <div class='ocr_carea' id='block_1_92' title="bbox 446 4114 696 4167">
    <p class='ocr_par' dir='ltr' id='par_1_92' title="bbox 446 4114 696 4167">
     <span class='ocr_line' id='line_1_93' title="bbox 446 4114 696 4167; baseline -0.004 0"><span class='ocrx_word' id='word_1_611' title='bbox 446 4114 696 4167; x_wconf 86' lang='lat' dir='ltr'><strong>alterius.</strong></span> 
     </span>
    </p>
   </div>
   <div class='ocr_carea' id='block_1_93' title="bbox 518 4183 2022 4255">
    <p class='ocr_par' dir='ltr' id='par_1_93' title="bbox 518 4183 2022 4255">
     <span class='ocr_line' id='line_1_94' title="bbox 518 4183 2022 4255; baseline 0.003 -19"><span class='ocrx_word' id='word_1_612' title='bbox 518 4183 850 4255; x_wconf 82' lang='lat' dir='ltr'><strong>Tractarunt</strong></span> <span class='ocrx_word' id='word_1_613' title='bbox 875 4197 995 4238; x_wconf 89' lang='lat' dir='ltr'><strong>eam</strong></span> <span class='ocrx_word' id='word_1_614' title='bbox 1020 4184 1349 4255; x_wconf 82' lang='lat' dir='ltr'><strong>complures,</strong></span> <span class='ocrx_word' id='word_1_615' title='bbox 1371 4185 1568 4253; x_wconf 88' lang='lat' dir='ltr'><strong>partim</strong></span> <span class='ocrx_word' id='word_1_616' title='bbox 1595 4185 1796 4254; x_wconf 63' lang='lat' dir='ltr'><strong>Grieci,</strong></span> <span class='ocrx_word' id='word_1_617' title='bbox 1820 4188 2022 4255; x_wconf 88' lang='lat' dir='ltr'><strong>partim</strong></span> 
     </span>
    </p>
   </div>
   <div class='ocr_carea' id='block_1_94' title="bbox 449 4253 2022 4325">
    <p class='ocr_par' dir='ltr' id='par_1_94' title="bbox 449 4253 2022 4325">
     <span class='ocr_line' id='line_1_95' title="bbox 449 4253 2022 4325; baseline 0.003 -17"><span class='ocrx_word' id='word_1_618' title='bbox 449 4253 631 4308; x_wconf 86' lang='lat' dir='ltr'><strong>Latini</strong></span> <span class='ocrx_word' id='word_1_619' title='bbox 654 4267 685 4325; x_wconf 14' lang='lat' dir='ltr'><strong>;A</strong></span> <span class='ocrx_word' id='word_1_620' title='bbox 710 4254 912 4325; x_wconf 81' lang='lat' dir='ltr'><strong>partim</strong></span> <span class='ocrx_word' id='word_1_621' title='bbox 942 4253 1225 4319; x_wconf 76' lang='lat' dir='ltr'><strong>catholiCi,</strong></span> <span class='ocrx_word' id='word_1_622' title='bbox 1259 4257 1458 4325; x_wconf 88' lang='lat' dir='ltr'><strong>partim</strong></span> <span class='ocrx_word' id='word_1_623' title='bbox 1493 4256 1759 4311; x_wconf 65' lang='lat' dir='ltr'><strong>haeretici.</strong></span> <span class='ocrx_word' id='word_1_624' title='bbox 1800 4253 1867 4310; x_wconf 79' lang='lat' dir='ltr'><strong>Et</strong></span> <span class='ocrx_word' id='word_1_625' title='bbox 1899 4259 2022 4324; x_wconf 88' lang='lat' dir='ltr'><strong>qui-</strong></span> 
     </span>
    </p>
   </div>
   <div class='ocr_carea' id='block_1_95' title="bbox 447 4323 2024 4395">
    <p class='ocr_par' dir='ltr' id='par_1_95' title="bbox 447 4323 2024 4395">
     <span class='ocr_line' id='line_1_96' title="bbox 447 4323 2024 4395; baseline 0.004 -19"><span class='ocrx_word' id='word_1_626' title='bbox 447 4325 571 4377; x_wconf 90' lang='lat' dir='ltr'><strong>dem</strong></span> <span class='ocrx_word' id='word_1_627' title='bbox 597 4323 689 4392; x_wconf 87' lang='lat' dir='ltr'><strong>qui</strong></span> <span class='ocrx_word' id='word_1_628' title='bbox 715 4323 1102 4378; x_wconf 83' lang='lat' dir='ltr'><strong>allirtnativam</strong></span> <span class='ocrx_word' id='word_1_629' title='bbox 1128 4323 1338 4395; x_wconf 79' lang='lat' dir='ltr'><strong>partem</strong></span> <span class='ocrx_word' id='word_1_630' title='bbox 1368 4335 1684 4385; x_wconf 88' lang='lat' dir='ltr'><strong>tenuerunt.</strong></span> <span class='ocrx_word' id='word_1_631' title='bbox 1716 4340 1780 4380; x_wconf 89' lang='lat' dir='ltr'><strong>ea</strong></span> <span class='ocrx_word' id='word_1_632' title='bbox 1808 4323 2024 4382; x_wconf 86' lang='lat' dir='ltr'><strong>scilicet</strong></span> 
     </span>
    </p>
   </div>
   <div class='ocr_carea' id='block_1_96' title="bbox 447 4395 2025 4466">
    <p class='ocr_par' dir='ltr' id='par_1_96' title="bbox 447 4395 2025 4466">
     <span class='ocr_line' id='line_1_97' title="bbox 447 4395 2025 4466; baseline 0.003 -18"><span class='ocrx_word' id='word_1_633' title='bbox 447 4395 647 4466; x_wconf 82' lang='lat' dir='ltr'><strong>scripta</strong></span> <span class='ocrx_word' id='word_1_634' title='bbox 674 4409 802 4448; x_wconf 88' lang='lat' dir='ltr'><strong>vere</strong></span> <span class='ocrx_word' id='word_1_635' title='bbox 833 4408 952 4447; x_wconf 76' lang='lat' dir='ltr'><strong>esse</strong></span> <span class='ocrx_word' id='word_1_636' title='bbox 985 4396 1228 4466; x_wconf 87' lang='lat' dir='ltr'><strong>Dionysii</strong></span> <span class='ocrx_word' id='word_1_637' title='bbox 1269 4396 1637 4465; x_wconf 68' lang='lat' dir='ltr'><strong>Areopagitae,</strong></span> <span class='ocrx_word' id='word_1_638' title='bbox 1681 4413 1713 4453; x_wconf 91' lang='lat' dir='ltr'><strong>e</strong></span> <span class='ocrx_word' id='word_1_639' title='bbox 1750 4409 1895 4452; x_wconf 74' lang='lat' dir='ltr'><strong>emta</strong></span> <span class='ocrx_word' id='word_1_640' title='bbox 1931 4413 2025 4453; x_wconf 89' lang='lat' dir='ltr'><strong>ca-</strong></span> 
     </span>
    </p>
   </div>
   <div class='ocr_carea' id='block_1_97' title="bbox 451 4464 2019 4539">
    <p class='ocr_par' dir='ltr' id='par_1_97' title="bbox 451 4464 2019 4539">
     <span class='ocr_line' id='line_1_98' title="bbox 451 4464 2019 4539; baseline 0.004 -23"><span class='ocrx_word' id='word_1_641' title='bbox 451 4464 655 4539; x_wconf 80' lang='lat' dir='ltr'><strong>tholico</strong></span> <span class='ocrx_word' id='word_1_642' title='bbox 688 4478 828 4533; x_wconf 88' lang='lat' dir='ltr'><strong>pene</strong></span> <span class='ocrx_word' id='word_1_643' title='bbox 866 4479 1060 4539; x_wconf 84' lang='lat' dir='ltr'><strong>omnes</strong></span> <span class='ocrx_word' id='word_1_644' title='bbox 1106 4464 1327 4539; x_wconf 74' lang='lat' dir='ltr'><strong>fuerunt</strong></span> <span class='ocrx_word' id='word_1_645' title='bbox 1355 4483 1371 4519; x_wconf 90' lang='lat'><strong>:</strong></span> <span class='ocrx_word' id='word_1_646' title='bbox 1402 4464 1494 4536; x_wconf 84' lang='lat' dir='ltr'><strong>qui</strong></span> <span class='ocrx_word' id='word_1_647' title='bbox 1526 4481 1656 4521; x_wconf 89' lang='lat' dir='ltr'><strong>vero</strong></span> <span class='ocrx_word' id='word_1_648' title='bbox 1685 4469 2019 4539; x_wconf 79' lang='lat' dir='ltr'><strong>negativatn,</strong></span> 
     </span>
    </p>
   </div>
   <div class='ocr_carea' id='block_1_98' title="bbox 449 4535 2019 4612">
    <p class='ocr_par' dir='ltr' id='par_1_98' title="bbox 449 4535 2019 4612">
     <span class='ocr_line' id='line_1_99' title="bbox 449 4535 2019 4612; baseline 0.004 -26"><span class='ocrx_word' id='word_1_649' title='bbox 449 4535 689 4586; x_wconf 84' lang='lat' dir='ltr'><strong>maxima</strong></span> <span class='ocrx_word' id='word_1_650' title='bbox 715 4549 782 4587; x_wconf 81' lang='lat' dir='ltr'><strong>ex</strong></span> <span class='ocrx_word' id='word_1_651' title='bbox 805 4550 870 4612; x_wconf 87' lang='lat' dir='ltr'><strong>pa</strong></span> <span class='ocrx_word' id='word_1_652' title='bbox 878 4543 961 4612; x_wconf 80' lang='lat' dir='ltr'><strong>_rte_</strong></span> <span class='ocrx_word' id='word_1_653' title='bbox 984 4536 1250 4603; x_wconf 67' lang='lat' dir='ltr'><strong>haeretici,</strong></span> <span class='ocrx_word' id='word_1_654' title='bbox 1272 4535 1626 4605; x_wconf 84' lang='lat' dir='ltr'><strong>quantumvis</strong></span> <span class='ocrx_word' id='word_1_655' title='bbox 1646 4535 1831 4612; x_wconf 78' lang='lat' dir='ltr'><strong>aliquo</strong></span> <span class='ocrx_word' id='word_1_656' title='bbox 1853 4544 2019 4595; x_wconf 86' lang='lat' dir='ltr'><strong>etiam</strong></span> 
     </span>
    </p>
   </div>
   <div class='ocr_carea' id='block_1_99' title="bbox 449 4604 987 4659">
    <p class='ocr_par' dir='ltr' id='par_1_99' title="bbox 449 4604 987 4659">
     <span class='ocr_line' id='line_1_100' title="bbox 449 4604 987 4659; baseline 0.004 -3"><span class='ocrx_word' id='word_1_657' title='bbox 449 4616 678 4657; x_wconf 90' lang='lat' dir='ltr'><strong>numero</strong></span> <span class='ocrx_word' id='word_1_658' title='bbox 711 4604 987 4659; x_wconf 86' lang='lat' dir='ltr'><strong>catholici.</strong></span> 
     </span>
    </p>
   </div>
   <div class='ocr_carea' id='block_1_100' title="bbox 520 4674 2022 4749">
    <p class='ocr_par' dir='ltr' id='par_1_100' title="bbox 520 4674 2022 4749">
     <span class='ocr_line' id='line_1_101' title="bbox 520 4674 2022 4749; baseline 0.009 -27"><span class='ocrx_word' id='word_1_659' title='bbox 520 4674 600 4726; x_wconf 85' lang='lat' dir='ltr'><strong>Ae</strong></span> <span class='ocrx_word' id='word_1_660' title='bbox 631 4685 699 4749; x_wconf 78' lang='lat' dir='ltr'><strong>ne</strong></span> <span class='ocrx_word' id='word_1_661' title='bbox 725 4674 812 4749; x_wconf 82' lang='lat' dir='ltr'><strong>cui</strong></span> <span class='ocrx_word' id='word_1_662' title='bbox 849 4674 903 4725; x_wconf 89' lang='lat' dir='ltr'><strong>in</strong></span> <span class='ocrx_word' id='word_1_663' title='bbox 937 4684 1194 4749; x_wconf 77' lang='lat' dir='ltr'><strong>mentem</strong></span> <span class='ocrx_word' id='word_1_664' title='bbox 1216 4676 1419 4749; x_wconf 85' lang='lat' dir='ltr'><strong>veniat,</strong></span> <span class='ocrx_word' id='word_1_665' title='bbox 1452 4692 1539 4732; x_wconf 89' lang='lat' dir='ltr'><strong>me</strong></span> <span class='ocrx_word' id='word_1_666' title='bbox 1582 4687 1702 4746; x_wconf 89' lang='lat' dir='ltr'><strong>post</strong></span> <span class='ocrx_word' id='word_1_667' title='bbox 1743 4689 1819 4733; x_wconf 89' lang='lat' dir='ltr'><strong>tot</strong></span> <span class='ocrx_word' id='word_1_668' title='bbox 1859 4681 2022 4749; x_wconf 86' lang='lat' dir='ltr'><strong>hujus</strong></span> 
     </span>
    </p>
   </div>
   <div class='ocr_carea' id='block_1_101' title="bbox 450 4744 2023 4815">
    <p class='ocr_par' dir='ltr' id='par_1_101' title="bbox 450 4744 2023 4815">
     <span class='ocr_line' id='line_1_102' title="bbox 450 4744 2023 4815; baseline 0.008 -22"><span class='ocrx_word' id='word_1_669' title='bbox 450 4744 769 4812; x_wconf 59' lang='lat' dir='ltr'><strong>qnastionis</strong></span> <span class='ocrx_word' id='word_1_670' title='bbox 795 4751 1116 4797; x_wconf 87' lang='lat' dir='ltr'><strong>tractatores</strong></span> <span class='ocrx_word' id='word_1_671' title='bbox 1149 4746 1332 4798; x_wconf 80' lang='lat' dir='ltr'><strong>videri-</strong></span> <span class='ocrx_word' id='word_1_672' title='bbox 1361 4758 1543 4801; x_wconf 88' lang='lat' dir='ltr'><strong>actum</strong></span> <span class='ocrx_word' id='word_1_673' title='bbox 1582 4744 1775 4815; x_wconf 73' lang='lat' dir='ltr'><strong>agere,</strong></span> <span class='ocrx_word' id='word_1_674' title='bbox 1807 4744 2023 4805; x_wconf 58' lang='lat' dir='ltr'><strong>discisut</strong></span> 
     </span>
    </p>
   </div>
   <div class='ocr_carea' id='block_1_102' title="bbox 448 4817 2021 4886">
    <p class='ocr_par' dir='ltr' id='par_1_102' title="bbox 448 4817 2021 4886">
     <span class='ocr_line' id='line_1_103' title="bbox 448 4817 2021 4886; baseline 0.005 -18"><span class='ocrx_word' id='word_1_675' title='bbox 448 4829 515 4868; x_wconf 85' lang='lat' dir='ltr'><strong>ex</strong></span> <span class='ocrx_word' id='word_1_676' title='bbox 544 4817 647 4867; x_wconf 87' lang='lat' dir='ltr'><strong>hoe</strong></span> <span class='ocrx_word' id='word_1_677' title='bbox 678 4822 869 4886; x_wconf 82' lang='lat' dir='ltr'><strong>nostro</strong></span> <span class='ocrx_word' id='word_1_678' title='bbox 902 4822 1158 4878; x_wconf 87' lang='lat' dir='ltr'><strong>tractatu,</strong></span> <span class='ocrx_word' id='word_1_679' title='bbox 1196 4817 1507 4885; x_wconf 88' lang='lat' dir='ltr'><strong>quicunque</strong></span> <span class='ocrx_word' id='word_1_680' title='bbox 1531 4818 1772 4871; x_wconf 86' lang='lat' dir='ltr'><strong>animum</strong></span> <span class='ocrx_word' id='word_1_681' title='bbox 1804 4822 2021 4886; x_wconf 86' lang='lat' dir='ltr'><strong>adjece-</strong></span> 
     </span>
    </p>
   </div>
   <div class='ocr_carea' id='block_1_103' title="bbox 454 4882 2017 4954">
    <p class='ocr_par' dir='ltr' id='par_1_103' title="bbox 454 4882 2017 4954">
     <span class='ocr_line' id='line_1_104' title="bbox 454 4882 2017 4954; baseline 0.006 -19"><span class='ocrx_word' id='word_1_682' title='bbox 454 4888 583 4945; x_wconf 88' lang='lat' dir='ltr'><strong>rittt,</strong></span> <span class='ocrx_word' id='word_1_683' title='bbox 608 4882 888 4941; x_wconf 87' lang='lat' dir='ltr'><strong>meliorem</strong></span> <span class='ocrx_word' id='word_1_684' title='bbox 920 4898 1019 4937; x_wconf 90' lang='lat' dir='ltr'><strong>nos</strong></span> <span class='ocrx_word' id='word_1_685' title='bbox 1053 4888 1103 4937; x_wconf 91' lang='lat' dir='ltr'><strong>in</strong></span> <span class='ocrx_word' id='word_1_686' title='bbox 1131 4882 1237 4938; x_wconf 83' lang='lat' dir='ltr'><strong>non</strong></span> <span class='ocrx_word' id='word_1_687' title='bbox 1262 4882 1452 4954; x_wconf 78' lang='lat' dir='ltr'><strong>paucis</strong></span> <span class='ocrx_word' id='word_1_688' title='bbox 1478 4890 1721 4942; x_wconf 77' lang='lat' dir='ltr'><strong>tenuiSse</strong></span> <span class='ocrx_word' id='word_1_689' title='bbox 1745 4882 2017 4946; x_wconf 77' lang='lat' dir='ltr'><strong>refutandi</strong></span> 
     </span>
    </p>
   </div>
   <div class='ocr_carea' id='block_1_104' title="bbox 453 4954 2016 5027">
    <p class='ocr_par' dir='ltr' id='par_1_104' title="bbox 453 4954 2016 5027">
     <span class='ocr_line' id='line_1_105' title="bbox 453 4954 2016 5027; baseline 0.008 -23"><span class='ocrx_word' id='word_1_690' title='bbox 453 4956 617 5018; x_wconf 90' lang='lat' dir='ltr'><strong>viam,</strong></span> <span class='ocrx_word' id='word_1_691' title='bbox 646 4968 811 5027; x_wconf 88' lang='lat' dir='ltr'><strong>quatn</strong></span> <span class='ocrx_word' id='word_1_692' title='bbox 842 4954 934 5027; x_wconf 86' lang='lat' dir='ltr'><strong>qui</strong></span> <span class='ocrx_word' id='word_1_693' title='bbox 962 4969 1060 5009; x_wconf 85' lang='lat' dir='ltr'><strong>nos</strong></span> <span class='ocrx_word' id='word_1_694' title='bbox 1090 4957 1391 5027; x_wconf 75' lang='lat' dir='ltr'><strong>antegressi</strong></span> <span class='ocrx_word' id='word_1_695' title='bbox 1420 4966 1548 5011; x_wconf 86' lang='lat' dir='ltr'><strong>sunt</strong></span> <span class='ocrx_word' id='word_1_696' title='bbox 1580 4972 1595 5009; x_wconf 86' lang='lat'><strong>:</strong></span> <span class='ocrx_word' id='word_1_697' title='bbox 1639 4959 1875 5027; x_wconf 84' lang='lat' dir='ltr'><strong>itemque</strong></span> <span class='ocrx_word' id='word_1_698' title='bbox 1904 4977 2016 5015; x_wconf 84' lang='lat' dir='ltr'><strong>cer-</strong></span> 
     </span>
    </p>
   </div>
   <div class='ocr_carea' id='block_1_105' title="bbox 454 5026 2021 5092">
    <p class='ocr_par' dir='ltr' id='par_1_105' title="bbox 454 5026 2021 5092">
     <span class='ocr_line' id='line_1_106' title="bbox 454 5026 2021 5092; baseline 0.007 -15"><span class='ocrx_word' id='word_1_699' title='bbox 454 5035 632 5078; x_wconf 90' lang='lat' dir='ltr'><strong>torutn</strong></span> <span class='ocrx_word' id='word_1_700' title='bbox 658 5026 1109 5092; x_wconf 82' lang='lat' dir='ltr'><strong>argumentorum</strong></span> <span class='ocrx_word' id='word_1_701' title='bbox 1143 5026 1271 5080; x_wconf 85' lang='lat' dir='ltr'><strong>hinc</strong></span> <span class='ocrx_word' id='word_1_702' title='bbox 1298 5028 1424 5083; x_wconf 89' lang='lat' dir='ltr'><strong>inde</strong></span> <span class='ocrx_word' id='word_1_703' title='bbox 1449 5028 1739 5082; x_wconf 89' lang='lat' dir='ltr'><strong>allatorutn</strong></span> <span class='ocrx_word' id='word_1_704' title='bbox 1784 5032 1866 5084; x_wconf 90' lang='lat' dir='ltr'><strong>vel</strong></span> <span class='ocrx_word' id='word_1_705' title='bbox 1892 5034 2021 5088; x_wconf 83' lang='lat' dir='ltr'><strong>vitia</strong></span> 
     </span>
    </p>
   </div>
   <div class='ocr_carea' id='block_1_106' title="bbox 450 5094 1516 5158">
    <p class='ocr_par' dir='ltr' id='par_1_106' title="bbox 450 5094 1516 5158">
     <span class='ocr_line' id='line_1_107' title="bbox 450 5094 1516 5158; baseline 0.005 -11"><span class='ocrx_word' id='word_1_706' title='bbox 450 5096 746 5158; x_wconf 79' lang='lat' dir='ltr'><strong>detexisse,</strong></span> <span class='ocrx_word' id='word_1_707' title='bbox 783 5094 864 5146; x_wconf 92' lang='lat' dir='ltr'><strong>vel</strong></span> <span class='ocrx_word' id='word_1_708' title='bbox 896 5105 1163 5150; x_wconf 89' lang='lat' dir='ltr'><strong>momenta</strong></span> <span class='ocrx_word' id='word_1_709' title='bbox 1202 5100 1516 5155; x_wconf 82' lang='lat' dir='ltr'><strong>adauxisse.</strong></span> 
     </span>
    </p>
   </div>
   <div class='ocr_carea' id='block_1_107' title="bbox 522 5163 2017 5239">
    <p class='ocr_par' dir='ltr' id='par_1_107' title="bbox 522 5163 2017 5239">
     <span class='ocr_line' id='line_1_108' title="bbox 522 5163 2017 5239; baseline 0.007 -22"><span class='ocrx_word' id='word_1_710' title='bbox 522 5163 701 5218; x_wconf 83' lang='lat' dir='ltr'><strong>Prima</strong></span> <span class='ocrx_word' id='word_1_711' title='bbox 760 5165 927 5239; x_wconf 76' lang='lat' dir='ltr'><strong>igitur</strong></span> <span class='ocrx_word' id='word_1_712' title='bbox 978 5171 1269 5239; x_wconf 84' lang='lat' dir='ltr'><strong>sententia,</strong></span> <span class='ocrx_word' id='word_1_713' title='bbox 1316 5184 1489 5239; x_wconf 86' lang='lat' dir='ltr'><strong>eaque</strong></span> <span class='ocrx_word' id='word_1_714' title='bbox 1526 5184 1672 5236; x_wconf 89' lang='lat' dir='ltr'><strong>vera,</strong></span> <span class='ocrx_word' id='word_1_715' title='bbox 1724 5182 1809 5226; x_wconf 91' lang='lat' dir='ltr'><strong>est</strong></span> <span class='ocrx_word' id='word_1_716' title='bbox 1860 5173 2017 5228; x_wconf 67' lang='lat' dir='ltr'><strong>haec:</strong></span> 
     </span>
    </p>
   </div>
   <div class='ocr_carea' id='block_1_108' title="bbox 452 5235 2020 5313">
    <p class='ocr_par' dir='ltr' id='par_1_108' title="bbox 452 5235 2020 5313">
     <span class='ocr_line' id='line_1_109' title="bbox 452 5235 2020 5313; baseline 0.007 -25"><span class='ocrx_word' id='word_1_717' title='bbox 452 5235 630 5304; x_wconf 83' lang='lat' dir='ltr'><strong>Opera</strong></span> <span class='ocrx_word' id='word_1_718' title='bbox 660 5249 783 5304; x_wconf 72' lang='lat' dir='ltr'><strong>qua:</strong></span> <span class='ocrx_word' id='word_1_719' title='bbox 813 5236 1074 5313; x_wconf 63' lang='lat' dir='ltr'><strong>Dionysii</strong></span> <span class='ocrx_word' id='word_1_720' title='bbox 1118 5235 1462 5313; x_wconf 73' lang='lat' dir='ltr'><strong>Areopagiite</strong></span> <span class='ocrx_word' id='word_1_721' title='bbox 1501 5235 1722 5295; x_wconf 89' lang='lat' dir='ltr'><strong>nomine</strong></span> <span class='ocrx_word' id='word_1_722' title='bbox 1757 5245 2020 5313; x_wconf 82' lang='lat' dir='ltr'><strong>inscripta</strong></span> 
     </span>
    </p>
   </div>
   <div class='ocr_carea' id='block_1_109' title="bbox 450 5306 2016 5377">
    <p class='ocr_par' dir='ltr' id='par_1_109' title="bbox 450 5306 2016 5377">
     <span class='ocr_line' id='line_1_110' title="bbox 450 5306 2016 5377; baseline 0.008 -20"><span class='ocrx_word' id='word_1_723' title='bbox 450 5317 599 5377; x_wconf 81' lang='lat' dir='ltr'><strong>sun_t,</strong></span> <span class='ocrx_word' id='word_1_724' title='bbox 630 5321 757 5361; x_wconf 89' lang='lat' dir='ltr'><strong>vere</strong></span> <span class='ocrx_word' id='word_1_725' title='bbox 792 5306 935 5361; x_wconf 84' lang='lat' dir='ltr'><strong>Illius</strong></span> <span class='ocrx_word' id='word_1_726' title='bbox 958 5318 1104 5374; x_wconf 81' lang='lat' dir='ltr'><strong>sunt,</strong></span> <span class='ocrx_word' id='word_1_727' title='bbox 1132 5319 1187 5360; x_wconf 88' lang='lat' dir='ltr'><strong>et</strong></span> <span class='ocrx_word' id='word_1_728' title='bbox 1214 5306 1313 5377; x_wconf 72' lang='lat' dir='ltr'><strong>pro</strong></span> <span class='ocrx_word' id='word_1_729' title='bbox 1344 5306 1546 5365; x_wconf 75' lang='lat' dir='ltr'><strong>talibus</strong></span> <span class='ocrx_word' id='word_1_730' title='bbox 1583 5314 1772 5366; x_wconf 85' lang='lat' dir='ltr'><strong>haberi</strong></span> <span class='ocrx_word' id='word_1_731' title='bbox 1797 5306 2016 5369; x_wconf 66' lang='lat' dir='ltr'><strong>decent.</strong></span> 
     </span>
    </p>
   </div>
   <div class='ocr_carea' id='block_1_110' title="bbox 522 5374 2021 5445">
    <p class='ocr_par' dir='ltr' id='par_1_110' title="bbox 522 5374 2021 5445">
     <span class='ocr_line' id='line_1_111' title="bbox 522 5374 2021 5445; baseline 0.003 -12"><span class='ocrx_word' id='word_1_732' title='bbox 522 5374 770 5433; x_wconf 81' lang='lat' dir='ltr'><strong>Primum</strong></span> <span class='ocrx_word' id='word_1_733' title='bbox 810 5374 1367 5445; x_wconf 48' lang='lat' dir='ltr'><strong>argumentumeuia</strong></span> <span class='ocrx_word' id='word_1_734' title='bbox 1399 5383 1443 5434; x_wconf 89' lang='lat' dir='ltr'><strong>si</strong></span> <span class='ocrx_word' id='word_1_735' title='bbox 1480 5381 1534 5433; x_wconf 88' lang='lat' dir='ltr'><strong>itt</strong></span> <span class='ocrx_word' id='word_1_736' title='bbox 1571 5399 1630 5436; x_wconf 90' lang='lat' dir='ltr'><strong>re</strong></span> <span class='ocrx_word' id='word_1_737' title='bbox 1659 5383 1820 5436; x_wconf 88' lang='lat' dir='ltr'><strong>dubia</strong></span> <span class='ocrx_word' id='word_1_738' title='bbox 1851 5396 1905 5437; x_wconf 86' lang='lat' dir='ltr'><strong>et</strong></span> <span class='ocrx_word' id='word_1_739' title='bbox 1940 5388 2021 5438; x_wconf 87' lang='lat' dir='ltr'><strong>in-</strong></span> 
     </span>
    </p>
   </div>
   <div class='ocr_carea' id='block_1_111' title="bbox 452 5447 2020 5517">
    <p class='ocr_par' dir='ltr' id='par_1_111' title="bbox 452 5447 2020 5517">
     <span class='ocr_line' id='line_1_112' title="bbox 452 5447 2020 5517; baseline 0.006 -17"><span class='ocrx_word' id='word_1_740' title='bbox 452 5447 871 5517; x_wconf 68' lang='lat' dir='ltr'><strong>certa,«qualem</strong></span> <span class='ocrx_word' id='word_1_741' title='bbox 896 5464 1018 5504; x_wconf 89' lang='lat' dir='ltr'><strong>esse</strong></span> <span class='ocrx_word' id='word_1_742' title='bbox 1042 5451 1184 5503; x_wconf 90' lang='lat' dir='ltr'><strong>hanc</strong></span> <span class='ocrx_word' id='word_1_743' title='bbox 1216 5451 1456 5503; x_wconf 86' lang='lat' dir='ltr'><strong>nonnulli</strong></span> <span class='ocrx_word' id='word_1_744' title='bbox 1485 5452 1691 5516; x_wconf 85' lang='lat' dir='ltr'><strong>volunt,</strong></span> <span class='ocrx_word' id='word_1_745' title='bbox 1723 5455 1913 5507; x_wconf 89' lang='lat' dir='ltr'><strong>melior</strong></span> <span class='ocrx_word' id='word_1_746' title='bbox 1935 5468 2020 5509; x_wconf 85' lang='lat' dir='ltr'><strong>est</strong></span> 
     </span>
    </p>
   </div>
   <div class='ocr_carea' id='block_1_112' title="bbox 454 5518 2019 5589">
    <p class='ocr_par' dir='ltr' id='par_1_112' title="bbox 454 5518 2019 5589">
     <span class='ocr_line' id='line_1_113' title="bbox 454 5518 2019 5589; baseline 0.005 -20"><span class='ocrx_word' id='word_1_747' title='bbox 454 5519 695 5572; x_wconf 86' lang='lat' dir='ltr'><strong>conditio</strong></span> <span class='ocrx_word' id='word_1_748' title='bbox 739 5518 1086 5587; x_wconf 88' lang='lat' dir='ltr'><strong>possidentis,</strong></span> <span class='ocrx_word' id='word_1_749' title='bbox 1114 5526 1323 5588; x_wconf 82' lang='lat' dir='ltr'><strong>quanto</strong></span> <span class='ocrx_word' id='word_1_750' title='bbox 1368 5520 1539 5589; x_wconf 75' lang='lat' dir='ltr'><strong>magis</strong></span> <span class='ocrx_word' id='word_1_751' title='bbox 1577 5537 1643 5575; x_wconf 80' lang='lat' dir='ltr'><strong>ex</strong></span> <span class='ocrx_word' id='word_1_752' title='bbox 1690 5534 1842 5578; x_wconf 85' lang='lat' dir='ltr'><strong>tanto</strong></span> <span class='ocrx_word' id='word_1_753' title='bbox 1882 5534 2019 5578; x_wconf 88' lang='lat' dir='ltr'><strong>tent-</strong></span> 
     </span>
    </p>
   </div>
   <div class='ocr_carea' id='block_1_113' title="bbox 453 5592 2014 5663">
    <p class='ocr_par' dir='ltr' id='par_1_113' title="bbox 453 5592 2014 5663">
     <span class='ocr_line' id='line_1_114' title="bbox 453 5592 2014 5663; baseline 0.006 -23"><span class='ocrx_word' id='word_1_754' title='bbox 453 5602 603 5662; x_wconf 87' lang='lat' dir='ltr'><strong>pore,</strong></span> <span class='ocrx_word' id='word_1_755' title='bbox 639 5598 697 5663; x_wconf 89' lang='lat' dir='ltr'><strong>et</strong></span> <span class='ocrx_word' id='word_1_756' title='bbox 732 5605 761 5641; x_wconf 86' lang='lat' dir='ltr'><strong>a</strong></span> <span class='ocrx_word' id='word_1_757' title='bbox 796 5600 874 5643; x_wconf 92' lang='lat' dir='ltr'><strong>t0t</strong></span> <span class='ocrx_word' id='word_1_758' title='bbox 916 5592 1149 5663; x_wconf 76' lang='lat' dir='ltr'><strong>Steculis,</strong></span> <span class='ocrx_word' id='word_1_759' title='bbox 1175 5592 1684 5663; x_wconf 57' lang='lat' dir='ltr'><strong>deletisoseniper</strong></span> <span class='ocrx_word' id='word_1_760' title='bbox 1721 5596 1845 5662; x_wconf 89' lang='lat' dir='ltr'><strong>jure</strong></span> <span class='ocrx_word' id='word_1_761' title='bbox 1894 5612 2014 5663; x_wconf 92' lang='lat' dir='ltr'><strong>suo,</strong></span> 
     </span>
    </p>
   </div>
   <div class='ocr_carea' id='block_1_114' title="bbox 453 5660 2019 5730">
    <p class='ocr_par' dir='ltr' id='par_1_114' title="bbox 453 5660 2019 5730">
     <span class='ocr_line' id='line_1_115' title="bbox 453 5660 2019 5730; baseline 0.002 -15"><span class='ocrx_word' id='word_1_762' title='bbox 453 5660 595 5715; x_wconf 81' lang='lat' dir='ltr'><strong>bona</strong></span> <span class='ocrx_word' id='word_1_763' title='bbox 634 5662 737 5713; x_wconf 87' lang='lat' dir='ltr'><strong>lide</strong></span> <span class='ocrx_word' id='word_1_764' title='bbox 778 5662 1144 5730; x_wconf 89' lang='lat' dir='ltr'><strong>possidentis?</strong></span> <span class='ocrx_word' id='word_1_765' title='bbox 1172 5660 1306 5715; x_wconf 82' lang='lat' dir='ltr'><strong>Nam</strong></span> <span class='ocrx_word' id='word_1_766' title='bbox 1340 5663 1409 5715; x_wconf 84' lang='lat' dir='ltr'><strong>ab</strong></span> <span class='ocrx_word' id='word_1_767' title='bbox 1435 5660 1849 5719; x_wconf 80' lang='lat' dir='ltr'><strong>immemorabili</strong></span> <span class='ocrx_word' id='word_1_768' title='bbox 1885 5660 2019 5720; x_wconf 68' lang='lat' dir='ltr'><strong>tent-</strong></span> 
     </span>
    </p>
   </div>
   <div class='ocr_carea' id='block_1_115' title="bbox 455 5731 2012 5807">
    <p class='ocr_par' dir='ltr' id='par_1_115' title="bbox 455 5731 2012 5807">
     <span class='ocr_line' id='line_1_116' title="bbox 455 5731 2012 5807; baseline 0.01 -30"><span class='ocrx_word' id='word_1_769' title='bbox 455 5744 587 5801; x_wconf 75' lang='lat' dir='ltr'><strong>pore</strong></span> <span class='ocrx_word' id='word_1_770' title='bbox 611 5731 788 5784; x_wconf 88' lang='lat' dir='ltr'><strong>habita</strong></span> <span class='ocrx_word' id='word_1_771' title='bbox 814 5742 941 5785; x_wconf 89' lang='lat' dir='ltr'><strong>sunt</strong></span> <span class='ocrx_word' id='word_1_772' title='bbox 974 5737 1087 5789; x_wconf 78' lang='lat' dir='ltr'><strong>inet:</strong></span> <span class='ocrx_word' id='word_1_773' title='bbox 1114 5733 1288 5803; x_wconf 86' lang='lat' dir='ltr'><strong>Opera</strong></span> <span class='ocrx_word' id='word_1_774' title='bbox 1326 5748 1424 5807; x_wconf 90' lang='lat' dir='ltr'><strong>pro</strong></span> <span class='ocrx_word' id='word_1_775' title='bbox 1454 5737 1619 5789; x_wconf 90' lang='lat' dir='ltr'><strong>rebus</strong></span> <span class='ocrx_word' id='word_1_776' title='bbox 1652 5736 2012 5807; x_wconf 66' lang='lat' dir='ltr'><strong>Areopagitae,</strong></span> 
     </span>
    </p>
   </div>
   <div class='ocr_carea' id='block_1_116' title="bbox 524 5866 882 5935">
    <p class='ocr_par' dir='ltr' id='par_1_116' title="bbox 524 5866 882 5935">
     <span class='ocr_line' id='line_1_117' title="bbox 524 5866 882 5935; baseline 0.006 -12"><span class='ocrx_word' id='word_1_777' title='bbox 524 5878 546 5911; x_wconf 71' lang='grc' dir='ltr'><strong>ε</strong></span> <span class='ocrx_word' id='word_1_778' title='bbox 576 5866 731 5925; x_wconf 77' lang='lat' dir='ltr'><strong>Cant.</strong></span> <span class='ocrx_word' id='word_1_779' title='bbox 758 5887 797 5935; x_wconf 84' lang='grc' dir='ltr'>ι,</span> <span class='ocrx_word' id='word_1_780' title='bbox 829 5871 882 5925; x_wconf 85' lang='grc'><strong>5.</strong></span> 
     </span>
    </p>
   </div>
   <div class='ocr_carea' id='block_1_117' title="bbox 2128 3838 3695 3915">
    <p class='ocr_par' dir='ltr' id='par_1_117' title="bbox 2128 3838 3695 3915">
     <span class='ocr_line' id='line_1_118' title="bbox 2128 3838 3695 3915; baseline 0.01 -24"><span class='ocrx_word' id='word_1_781' title='bbox 2128 3851 2250 3891; x_wconf 89' lang='lat' dir='ltr'><strong>cum</strong></span> <span class='ocrx_word' id='word_1_782' title='bbox 2285 3846 2586 3915; x_wconf 74' lang='lat' dir='ltr'><strong>nonqueat</strong></span> <span class='ocrx_word' id='word_1_783' title='bbox 2616 3838 2881 3915; x_wconf 80' lang='lat' dir='ltr'><strong>assignari</strong></span> <span class='ocrx_word' id='word_1_784' title='bbox 2911 3843 3170 3915; x_wconf 85' lang='lat' dir='ltr'><strong>spatium,</strong></span> <span class='ocrx_word' id='word_1_785' title='bbox 3192 3859 3298 3914; x_wconf 92' lang='lat' dir='ltr'><strong>quo</strong></span> <span class='ocrx_word' id='word_1_786' title='bbox 3328 3846 3444 3915; x_wconf 88' lang='lat' dir='ltr'><strong>ipsa</strong></span> <span class='ocrx_word' id='word_1_787' title='bbox 3473 3848 3695 3907; x_wconf 74' lang='lat' dir='ltr'><strong>alterius</strong></span> 
     </span>
    </p>
   </div>
   <div class='ocr_carea' id='block_1_118' title="bbox 2128 3909 3695 3983">
    <p class='ocr_par' dir='ltr' id='par_1_118' title="bbox 2128 3909 3695 3983">
     <span class='ocr_line' id='line_1_119' title="bbox 2128 3909 3695 3983; baseline 0.01 -24"><span class='ocrx_word' id='word_1_788' title='bbox 2128 3918 2185 3959; x_wconf 86' lang='lat' dir='ltr'><strong>et</strong></span> <span class='ocrx_word' id='word_1_789' title='bbox 2217 3924 2322 3960; x_wconf 81' lang='lat' dir='ltr'><strong>noti</strong></span> <span class='ocrx_word' id='word_1_790' title='bbox 2368 3909 2512 3983; x_wconf 82' lang='lat' dir='ltr'><strong>illius</strong></span> <span class='ocrx_word' id='word_1_791' title='bbox 2547 3909 2744 3983; x_wconf 68' lang='lat' dir='ltr'><strong>habita</strong></span> <span class='ocrx_word' id='word_1_792' title='bbox 2769 3914 2899 3965; x_wconf 88' lang='lat' dir='ltr'><strong>sint.</strong></span> <span class='ocrx_word' id='word_1_793' title='bbox 2933 3909 2975 3965; x_wconf 74' lang='grc' dir='ltr'><strong>Ᾱ</strong></span> <span class='ocrx_word' id='word_1_794' title='bbox 3007 3909 3321 3969; x_wconf 63' lang='grc' dir='ltr'><strong>ιιιίΙΙόθίιὶιιὶ</strong></span> <span class='ocrx_word' id='word_1_795' title='bbox 3346 3909 3520 3972; x_wconf 72' lang='grc' dir='ltr'><strong>’τευ-ο</strong></span> <span class='ocrx_word' id='word_1_796' title='bbox 3544 3927 3695 3976; x_wconf 84' lang='lat' dir='ltr'><strong>annis</strong></span> 
     </span>
    </p>
   </div>
   <div class='ocr_carea' id='block_1_119' title="bbox 2128 3980 3693 4057">
    <p class='ocr_par' dir='ltr' id='par_1_119' title="bbox 2128 3980 3693 4057">
     <span class='ocr_line' id='line_1_120' title="bbox 2128 3980 3693 4057; baseline 0.01 -26"><span class='ocrx_word' id='word_1_797' title='bbox 2128 3992 2307 4057; x_wconf 83' lang='lat' dir='ltr'><strong>eoque</strong></span> <span class='ocrx_word' id='word_1_798' title='bbox 2342 3980 2575 4057; x_wconf 72' lang='lat' dir='ltr'><strong>amplius</strong></span> <span class='ocrx_word' id='word_1_799' title='bbox 2611 3981 2862 4057; x_wconf 81' lang='lat' dir='ltr'><strong>laudatus</strong></span> <span class='ocrx_word' id='word_1_800' title='bbox 2892 3987 3217 4038; x_wconf 89' lang='lat' dir='ltr'><strong>nominatim</strong></span> <span class='ocrx_word' id='word_1_801' title='bbox 3248 3989 3529 4056; x_wconf 89' lang='lat' dir='ltr'><strong>reperitur</strong></span> <span class='ocrx_word' id='word_1_802' title='bbox 3569 3992 3693 4047; x_wconf 87' lang='lat' dir='ltr'><strong>Dio-</strong></span> 
     </span>
    </p>
   </div>
   <div class='ocr_carea' id='block_1_120' title="bbox 2132 4050 3695 4125">
    <p class='ocr_par' dir='ltr' id='par_1_120' title="bbox 2132 4050 3695 4125">
     <span class='ocr_line' id='line_1_121' title="bbox 2132 4050 3695 4125; baseline 0.011 -27"><span class='ocrx_word' id='word_1_803' title='bbox 2132 4050 2322 4125; x_wconf 75' lang='lat' dir='ltr'><strong>uysius</strong></span> <span class='ocrx_word' id='word_1_804' title='bbox 2352 4050 2706 4125; x_wconf 77' lang='lat' dir='ltr'><strong>Areopagita,</strong></span> <span class='ocrx_word' id='word_1_805' title='bbox 2754 4062 2811 4105; x_wconf 90' lang='lat' dir='ltr'><strong>ut</strong></span> <span class='ocrx_word' id='word_1_806' title='bbox 2848 4054 3040 4107; x_wconf 90' lang='lat' dir='ltr'><strong>horum</strong></span> <span class='ocrx_word' id='word_1_807' title='bbox 3092 4065 3285 4111; x_wconf 89' lang='lat' dir='ltr'><strong>auctor</strong></span> <span class='ocrx_word' id='word_1_808' title='bbox 3310 4050 3550 4125; x_wconf 72' lang='lat' dir='ltr'><strong>operum</strong></span> <span class='ocrx_word' id='word_1_809' title='bbox 3584 4078 3598 4114; x_wconf 93' lang='lat'>:</span> <span class='ocrx_word' id='word_1_810' title='bbox 3643 4073 3695 4117; x_wconf 83' lang='lat' dir='ltr'><strong>et</strong></span> 
     </span>
    </p>
   </div>
   <div class='ocr_carea' id='block_1_121' title="bbox 2129 4117 3691 4198">
    <p class='ocr_par' dir='ltr' id='par_1_121' title="bbox 2129 4117 3691 4198">
     <span class='ocr_line' id='line_1_122' title="bbox 2129 4117 3691 4198; baseline 0.01 -29"><span class='ocrx_word' id='word_1_811' title='bbox 2129 4117 2236 4198; x_wconf 71' lang='lat' dir='ltr'><strong>fuit</strong></span> <span class='ocrx_word' id='word_1_812' title='bbox 2274 4133 2437 4198; x_wconf 84' lang='lat' dir='ltr'><strong>nemo</strong></span> <span class='ocrx_word' id='word_1_813' title='bbox 2468 4117 2729 4176; x_wconf 77' lang='lat' dir='ltr'><strong>hactenus</strong></span> <span class='ocrx_word' id='word_1_814' title='bbox 2764 4132 2874 4198; x_wconf 85' lang='lat' dir='ltr'><strong>tam</strong></span> <span class='ocrx_word' id='word_1_815' title='bbox 2910 4124 3224 4198; x_wconf 84' lang='lat' dir='ltr'><strong>imprudens</strong></span> <span class='ocrx_word' id='word_1_816' title='bbox 3257 4117 3691 4198; x_wconf 50' lang='lat' dir='ltr'><strong>aut-impudens,</strong></span> 
     </span>
    </p>
   </div>
   <div class='ocr_carea' id='block_1_122' title="bbox 2133 4193 3695 4263">
    <p class='ocr_par' dir='ltr' id='par_1_122' title="bbox 2133 4193 3695 4263">
     <span class='ocr_line' id='line_1_123' title="bbox 2133 4193 3695 4263; baseline 0.01 -23"><span class='ocrx_word' id='word_1_817' title='bbox 2133 4193 2448 4263; x_wconf 67' lang='lat' dir='ltr'><strong>tatnaudax</strong></span> <span class='ocrx_word' id='word_1_818' title='bbox 2478 4196 2946 4263; x_wconf 6' lang='lat' dir='ltr'><strong>autatemerarius,</strong></span> <span class='ocrx_word' id='word_1_819' title='bbox 2993 4197 3084 4263; x_wconf 86' lang='lat' dir='ltr'><strong>qui</strong></span> <span class='ocrx_word' id='word_1_820' title='bbox 3120 4197 3299 4251; x_wconf 89' lang='lat' dir='ltr'><strong>alieno</strong></span> <span class='ocrx_word' id='word_1_821' title='bbox 3336 4200 3439 4252; x_wconf 88' lang='lat' dir='ltr'><strong>sub</strong></span> <span class='ocrx_word' id='word_1_822' title='bbox 3459 4193 3695 4256; x_wconf 54' lang='lat' dir='ltr'><strong>&#39;nomine</strong></span> 
     </span>
    </p>
   </div>
   <div class='ocr_carea' id='block_1_123' title="bbox 2130 4257 3693 4338">
    <p class='ocr_par' dir='ltr' id='par_1_123' title="bbox 2130 4257 3693 4338">
     <span class='ocr_line' id='line_1_124' title="bbox 2130 4257 3693 4338; baseline 0.012 -30"><span class='ocrx_word' id='word_1_823' title='bbox 2130 4272 2193 4338; x_wconf 77' lang='lat' dir='ltr'><strong>ea</strong></span> <span class='ocrx_word' id='word_1_824' title='bbox 2242 4257 2419 4338; x_wconf 70' lang='lat' dir='ltr'><strong>Qpera</strong></span> <span class='ocrx_word' id='word_1_825' title='bbox 2471 4260 2758 4338; x_wconf 78' lang='lat' dir='ltr'><strong>evulgarit.</strong></span> <span class='ocrx_word' id='word_1_826' title='bbox 2806 4257 3049 4338; x_wconf 59' lang='lat' dir='ltr'><strong>fuerunt</strong></span> <span class='ocrx_word' id='word_1_827' title='bbox 3094 4268 3311 4332; x_wconf 86' lang='lat' dir='ltr'><strong>quidem</strong></span> <span class='ocrx_word' id='word_1_828' title='bbox 3355 4269 3453 4338; x_wconf 86' lang='lat' dir='ltr'><strong>qui</strong></span> <span class='ocrx_word' id='word_1_829' title='bbox 3510 4274 3597 4324; x_wconf 87' lang='lat' dir='ltr'><strong>vel</strong></span> <span class='ocrx_word' id='word_1_830' title='bbox 3634 4276 3693 4325; x_wconf 83' lang='lat' dir='ltr'><strong>ad</strong></span> 
     </span>
    </p>
   </div>
   <div class='ocr_carea' id='block_1_124' title="bbox 2128 4328 3690 4409">
    <p class='ocr_par' dir='ltr' id='par_1_124' title="bbox 2128 4328 3690 4409">
     <span class='ocr_line' id='line_1_125' title="bbox 2128 4328 3690 4409; baseline 0.01 -29"><span class='ocrx_word' id='word_1_831' title='bbox 2128 4328 2526 4409; x_wconf 43' lang='lat' dir='ltr'><strong>dpolhuarem,</strong></span> <span class='ocrx_word' id='word_1_832' title='bbox 2553 4328 2637 4384; x_wconf 77' lang='lat' dir='ltr'><strong>vel</strong></span> <span class='ocrx_word' id='word_1_833' title='bbox 2669 4334 2739 4409; x_wconf 82' lang='lat' dir='ltr'><strong>ad</strong></span> <span class='ocrx_word' id='word_1_834' title='bbox 2769 4334 2989 4409; x_wconf 80' lang='lat' dir='ltr'><strong>aliuma</strong></span> <span class='ocrx_word' id='word_1_835' title='bbox 3020 4328 3205 4390; x_wconf 67' lang='lat' dir='ltr'><strong>nostro</strong></span> <span class='ocrx_word' id='word_1_836' title='bbox 3225 4328 3578 4408; x_wconf 70' lang='lat' dir='ltr'><strong>Dionysium,</strong></span> <span class='ocrx_word' id='word_1_837' title='bbox 3603 4357 3690 4397; x_wconf 82' lang='lat' dir='ltr'><strong>seu</strong></span> 
     </span>
    </p>
   </div>
   <div class='ocr_carea' id='block_1_125' title="bbox 2130 4400 3693 4479">
    <p class='ocr_par' dir='ltr' id='par_1_125' title="bbox 2130 4400 3693 4479">
     <span class='ocr_line' id='line_1_126' title="bbox 2130 4400 3693 4479; baseline 0.009 -28"><span class='ocrx_word' id='word_1_838' title='bbox 2130 4400 2497 4479; x_wconf 65' lang='lat' dir='ltr'><strong>corinthium,</strong></span> <span class='ocrx_word' id='word_1_839' title='bbox 2534 4416 2628 4455; x_wconf 90' lang='lat' dir='ltr'><strong>seu</strong></span> <span class='ocrx_word' id='word_1_840' title='bbox 2656 4404 3270 4479; x_wconf 83' lang='lat' dir='ltr'><strong>Alexandrinum,_suas</strong></span> <span class='ocrx_word' id='word_1_841' title='bbox 3299 4400 3493 4464; x_wconf 76' lang='lat' dir='ltr'><strong>tenues</strong></span> <span class='ocrx_word' id='word_1_842' title='bbox 3524 4400 3581 4465; x_wconf 74' lang='lat' dir='ltr'><strong>et</strong></span> <span class='ocrx_word' id='word_1_843' title='bbox 3611 4427 3693 4465; x_wconf 74' lang='lat' dir='ltr'><strong>vix</strong></span> 
     </span>
    </p>
   </div>
   <div class='ocr_carea' id='block_1_126' title="bbox 2133 4470 3689 4551">
    <p class='ocr_par' dir='ltr' id='par_1_126' title="bbox 2133 4470 3689 4551">
     <span class='ocr_line' id='line_1_127' title="bbox 2133 4470 3689 4551; baseline 0.01 -31"><span class='ocrx_word' id='word_1_844' title='bbox 2133 4470 2368 4551; x_wconf 75' lang='lat' dir='ltr'><strong>refutatu</strong></span> <span class='ocrx_word' id='word_1_845' title='bbox 2411 4472 2601 4551; x_wconf 82' lang='lat' dir='ltr'><strong>dignas</strong></span> <span class='ocrx_word' id='word_1_846' title='bbox 2633 4475 2975 4551; x_wconf 83' lang='lat' dir='ltr'><strong>applicarent</strong></span> <span class='ocrx_word' id='word_1_847' title='bbox 3017 4476 3409 4545; x_wconf 87' lang='lat' dir='ltr'><strong>conjecturas:</strong></span> <span class='ocrx_word' id='word_1_848' title='bbox 3460 4485 3561 4536; x_wconf 90' lang='lat' dir='ltr'><strong>sed</strong></span> <span class='ocrx_word' id='word_1_849' title='bbox 3606 4486 3689 4551; x_wconf 90' lang='lat' dir='ltr'><strong>qui</strong></span> 
     </span>
    </p>
   </div>
   <div class='ocr_carea' id='block_1_127' title="bbox 2130 4543 3690 4619">
    <p class='ocr_par' dir='ltr' id='par_1_127' title="bbox 2130 4543 3690 4619">
     <span class='ocr_line' id='line_1_128' title="bbox 2130 4543 3690 4619; baseline 0.008 -28"><span class='ocrx_word' id='word_1_850' title='bbox 2130 4543 2292 4619; x_wconf 63' lang='lat' dir='ltr'><strong>serio</strong></span> <span class='ocrx_word' id='word_1_851' title='bbox 2314 4543 2450 4619; x_wconf 75' lang='lat' dir='ltr'><strong>tueri</strong></span> <span class='ocrx_word' id='word_1_852' title='bbox 2481 4558 2547 4596; x_wconf 76' lang='lat' dir='ltr'><strong>ac</strong></span> <span class='ocrx_word' id='word_1_853' title='bbox 2578 4558 2918 4613; x_wconf 81' lang='lat' dir='ltr'><strong>pt&#39;0pugnare</strong></span> <span class='ocrx_word' id='word_1_854' title='bbox 2949 4543 3314 4612; x_wconf 84' lang='lat' dir='ltr'><strong>intemierent,</strong></span> <span class='ocrx_word' id='word_1_855' title='bbox 3361 4561 3461 4604; x_wconf 90' lang='lat' dir='ltr'><strong>aut</strong></span> <span class='ocrx_word' id='word_1_856' title='bbox 3502 4543 3690 4607; x_wconf 68' lang='lat' dir='ltr'><strong>nomen</strong></span> 
     </span>
    </p>
   </div>
   <div class='ocr_carea' id='block_1_128' title="bbox 2127 4610 3690 4690">
    <p class='ocr_par' dir='ltr' id='par_1_128' title="bbox 2127 4610 3690 4690">
     <span class='ocr_line' id='line_1_129' title="bbox 2127 4610 3690 4690; baseline 0.011 -30"><span class='ocrx_word' id='word_1_857' title='bbox 2127 4610 2362 4690; x_wconf 69' lang='lat' dir='ltr'><strong>alicujus</strong></span> <span class='ocrx_word' id='word_1_858' title='bbox 2388 4610 2605 4668; x_wconf 85' lang='lat' dir='ltr'><strong>illorum</strong></span> <span class='ocrx_word' id='word_1_859' title='bbox 2635 4610 2917 4684; x_wconf 71' lang='lat' dir='ltr'><strong>praefigere</strong></span> <span class='ocrx_word' id='word_1_860' title='bbox 2964 4618 3117 4672; x_wconf 88' lang='lat' dir='ltr'><strong>hisce</strong></span> <span class='ocrx_word' id='word_1_861' title='bbox 3155 4610 3374 4690; x_wconf 79' lang='lat' dir='ltr'><strong>scriptis</strong></span> <span class='ocrx_word' id='word_1_862' title='bbox 3405 4624 3690 4687; x_wconf 87' lang='lat' dir='ltr'><strong>auderent,</strong></span> 
     </span>
    </p>
   </div>
   <div class='ocr_carea' id='block_1_129' title="bbox 2126 4682 2535 4737">
    <p class='ocr_par' dir='ltr' id='par_1_129' title="bbox 2126 4682 2535 4737">
     <span class='ocr_line' id='line_1_130' title="bbox 2126 4682 2535 4737; baseline 0.015 -6"><span class='ocrx_word' id='word_1_863' title='bbox 2126 4682 2259 4735; x_wconf 88' lang='lat' dir='ltr'><strong>nulli</strong></span> <span class='ocrx_word' id='word_1_864' title='bbox 2292 4683 2535 4737; x_wconf 90' lang='lat' dir='ltr'><strong>fuerunt.</strong></span> 
     </span>
    </p>
   </div>
   <div class='ocr_carea' id='block_1_130' title="bbox 2197 4753 3691 4831">
    <p class='ocr_par' dir='ltr' id='par_1_130' title="bbox 2197 4753 3691 4831">
     <span class='ocr_line' id='line_1_131' title="bbox 2197 4753 3691 4831; baseline 0.007 -25"><span class='ocrx_word' id='word_1_865' title='bbox 2197 4753 2298 4817; x_wconf 86' lang='lat' dir='ltr'><strong>Qui</strong></span> <span class='ocrx_word' id='word_1_866' title='bbox 2326 4768 2456 4831; x_wconf 83' lang='lat' dir='ltr'><strong>vero</strong></span> <span class='ocrx_word' id='word_1_867' title='bbox 2479 4766 2608 4809; x_wconf 89' lang='lat' dir='ltr'><strong>ante</strong></span> <span class='ocrx_word' id='word_1_868' title='bbox 2643 4755 2791 4831; x_wconf 83' lang='lat' dir='ltr'><strong>mille</strong></span> <span class='ocrx_word' id='word_1_869' title='bbox 2815 4771 2996 4831; x_wconf 85' lang='lat' dir='ltr'><strong>annos</strong></span> <span class='ocrx_word' id='word_1_870' title='bbox 3031 4758 3175 4814; x_wconf 92' lang='lat' dir='ltr'><strong>hunc</strong></span> <span class='ocrx_word' id='word_1_871' title='bbox 3203 4762 3591 4831; x_wconf 77' lang='lat' dir='ltr'><strong>Areopagitam</strong></span> <span class='ocrx_word' id='word_1_872' title='bbox 3620 4763 3691 4817; x_wconf 85' lang='lat' dir='ltr'><strong>ci-</strong></span> 
     </span>
    </p>
   </div>
   <div class='ocr_carea' id='block_1_131' title="bbox 2128 4826 3687 4902">
    <p class='ocr_par' dir='ltr' id='par_1_131' title="bbox 2128 4826 3687 4902">
     <span class='ocr_line' id='line_1_132' title="bbox 2128 4826 3687 4902; baseline 0.008 -27"><span class='ocrx_word' id='word_1_873' title='bbox 2128 4833 2339 4902; x_wconf 60' lang='lat' dir='ltr'><strong>tarunt,</strong></span> <span class='ocrx_word' id='word_1_874' title='bbox 2366 4826 2419 4877; x_wconf 91' lang='lat' dir='ltr'><strong>in</strong></span> <span class='ocrx_word' id='word_1_875' title='bbox 2469 4838 2730 4902; x_wconf 80' lang='lat' dir='ltr'><strong>promptu</strong></span> <span class='ocrx_word' id='word_1_876' title='bbox 2758 4828 2933 4902; x_wconf 80' lang='lat' dir='ltr'><strong>habeo</strong></span> <span class='ocrx_word' id='word_1_877' title='bbox 2977 4828 3258 4884; x_wconf 87' lang='lat' dir='ltr'><strong>Leontium</strong></span> <span class='ocrx_word' id='word_1_878' title='bbox 3304 4826 3687 4902; x_wconf 70' lang='lat' dir='ltr'><strong>Byzantinutn,</strong></span> 
     </span>
    </p>
   </div>
   <div class='ocr_carea' id='block_1_132' title="bbox 2124 4896 3688 4971">
    <p class='ocr_par' dir='ltr' id='par_1_132' title="bbox 2124 4896 3688 4971">
     <span class='ocr_line' id='line_1_133' title="bbox 2124 4896 3688 4971; baseline 0.008 -26"><span class='ocrx_word' id='word_1_879' title='bbox 2124 4906 2178 4947; x_wconf 87' lang='lat' dir='ltr'><strong>et</strong></span> <span class='ocrx_word' id='word_1_880' title='bbox 2226 4897 2285 4949; x_wconf 71' lang='grc' dir='ltr'><strong>ὃ.</strong></span> <span class='ocrx_word' id='word_1_881' title='bbox 2314 4896 2662 4971; x_wconf 79' lang='lat' dir='ltr'><strong>AnaStasitnu</strong></span> <span class='ocrx_word' id='word_1_882' title='bbox 2684 4898 2990 4971; x_wconf 17' lang='lat' dir='ltr'><strong>ASiuaitatn,</strong></span> <span class='ocrx_word' id='word_1_883' title='bbox 3025 4904 3168 4955; x_wconf 85' lang='lat' dir='ltr'><strong>viros</strong></span> <span class='ocrx_word' id='word_1_884' title='bbox 3200 4896 3399 4971; x_wconf 77' lang='lat' dir='ltr'><strong>magna</strong></span> <span class='ocrx_word' id='word_1_885' title='bbox 3443 4904 3688 4958; x_wconf 84' lang='lat' dir='ltr'><strong>doctrina</strong></span> 
     </span>
    </p>
   </div>
   <div class='ocr_carea' id='block_1_133' title="bbox 2124 4969 3688 5043">
    <p class='ocr_par' dir='ltr' id='par_1_133' title="bbox 2124 4969 3688 5043">
     <span class='ocr_line' id='line_1_134' title="bbox 2124 4969 3688 5043; baseline 0.007 -27"><span class='ocrx_word' id='word_1_886' title='bbox 2124 4975 2180 5017; x_wconf 90' lang='lat' dir='ltr'><strong>et</strong></span> <span class='ocrx_word' id='word_1_887' title='bbox 2211 4970 2563 5043; x_wconf 78' lang='lat' dir='ltr'><strong>auctoritate,</strong></span> <span class='ocrx_word' id='word_1_888' title='bbox 2588 4969 2779 5025; x_wconf 87' lang='lat' dir='ltr'><strong>ambos</strong></span> <span class='ocrx_word' id='word_1_889' title='bbox 2810 4970 3114 5043; x_wconf 72' lang='lat' dir='ltr'><strong>imperante</strong></span> <span class='ocrx_word' id='word_1_890' title='bbox 3141 4969 3452 5027; x_wconf 80' lang='lat' dir='ltr'><strong>Justintano</strong></span> <span class='ocrx_word' id='word_1_891' title='bbox 3484 4972 3557 5043; x_wconf 88' lang='lat' dir='ltr'><strong>(is</strong></span> <span class='ocrx_word' id='word_1_892' title='bbox 3579 4991 3688 5029; x_wconf 78' lang='lat' dir='ltr'><strong>sus-</strong></span> 
     </span>
    </p>
   </div>
   <div class='ocr_carea' id='block_1_134' title="bbox 2124 5036 3687 5115">
    <p class='ocr_par' dir='ltr' id='par_1_134' title="bbox 2124 5036 3687 5115">
     <span class='ocr_line' id='line_1_135' title="bbox 2124 5036 3687 5115; baseline 0.006 -28"><span class='ocrx_word' id='word_1_893' title='bbox 2124 5036 2272 5115; x_wconf 79' lang='lat' dir='ltr'><strong>cepit</strong></span> <span class='ocrx_word' id='word_1_894' title='bbox 2304 5038 2597 5115; x_wconf 82' lang='lat' dir='ltr'><strong>imperium</strong></span> <span class='ocrx_word' id='word_1_895' title='bbox 2630 5054 2778 5115; x_wconf 76' lang='lat' dir='ltr'><strong>anno</strong></span> <span class='ocrx_word' id='word_1_896' title='bbox 2808 5036 3012 5095; x_wconf 80' lang='lat' dir='ltr'><strong>Christi</strong></span> <span class='ocrx_word' id='word_1_897' title='bbox 3053 5041 3265 5095; x_wconf 91' lang='lat' dir='ltr'><strong>Domini</strong></span> <span class='ocrx_word' id='word_1_898' title='bbox 3295 5043 3448 5112; x_wconf 74' lang='grc'><strong>527),</strong></span> <span class='ocrx_word' id='word_1_899' title='bbox 3478 5036 3687 5114; x_wconf 64' lang='lat' dir='ltr'><strong>Scriptis</strong></span> 
     </span>
    </p>
   </div>
   <div class='ocr_carea' id='block_1_135' title="bbox 2126 5109 3688 5177">
    <p class='ocr_par' dir='ltr' id='par_1_135' title="bbox 2126 5109 3688 5177">
     <span class='ocr_line' id='line_1_136' title="bbox 2126 5109 3688 5177; baseline 0.007 -20"><span class='ocrx_word' id='word_1_900' title='bbox 2126 5109 2389 5170; x_wconf 86' lang='lat' dir='ltr'><strong>illustres,</strong></span> <span class='ocrx_word' id='word_1_901' title='bbox 2431 5120 2485 5161; x_wconf 91' lang='lat' dir='ltr'><strong>et</strong></span> <span class='ocrx_word' id='word_1_902' title='bbox 2526 5110 2760 5177; x_wconf 87' lang='lat' dir='ltr'><strong>plurima</strong></span> <span class='ocrx_word' id='word_1_903' title='bbox 2806 5115 2908 5164; x_wconf 73' lang='grc' dir='ltr'><strong>δδ.</strong></span> <span class='ocrx_word' id='word_1_904' title='bbox 2957 5116 3177 5167; x_wconf 75' lang='lat' dir='ltr'><strong>Patrum</strong></span> <span class='ocrx_word' id='word_1_905' title='bbox 3223 5109 3462 5168; x_wconf 74' lang='lat' dir='ltr'><strong>lectione</strong></span> <span class='ocrx_word' id='word_1_906' title='bbox 3496 5109 3688 5168; x_wconf 66' lang='lat' dir='ltr'><strong>insiru-</strong></span> 
     </span>
    </p>
   </div>
   <div class='ocr_carea' id='block_1_136' title="bbox 2124 5178 3687 5251">
    <p class='ocr_par' dir='ltr' id='par_1_136' title="bbox 2124 5178 3687 5251">
     <span class='ocr_line' id='line_1_137' title="bbox 2124 5178 3687 5251; baseline 0.006 -22"><span class='ocrx_word' id='word_1_907' title='bbox 2124 5187 2263 5251; x_wconf 79' lang='lat' dir='ltr'><strong>etus.</strong></span> <span class='ocrx_word' id='word_1_908' title='bbox 2312 5178 2554 5244; x_wconf 80' lang='lat' dir='ltr'><strong>Quorum</strong></span> <span class='ocrx_word' id='word_1_909' title='bbox 2604 5182 2757 5251; x_wconf 86' lang='lat' dir='ltr'><strong>prior</strong></span> <span class='ocrx_word' id='word_1_910' title='bbox 2804 5180 2898 5236; x_wconf 88' lang='lat' dir='ltr'><strong>lib.</strong></span> <span class='ocrx_word' id='word_1_911' title='bbox 2939 5198 3000 5246; x_wconf 86' lang='grc' dir='ltr'>ιι,</span> <span class='ocrx_word' id='word_1_912' title='bbox 3048 5196 3238 5236; x_wconf 85' lang='lat' dir='ltr'><strong>contra</strong></span> <span class='ocrx_word' id='word_1_913' title='bbox 3281 5186 3593 5238; x_wconf 69' lang='lat' dir='ltr'><strong>{\estorium</strong></span> <span class='ocrx_word' id='word_1_914' title='bbox 3638 5194 3687 5238; x_wconf 87' lang='lat' dir='ltr'><strong>et</strong></span> 
     </span>
    </p>
   </div>
   <div class='ocr_carea' id='block_1_137' title="bbox 2125 5247 3685 5320">
    <p class='ocr_par' dir='ltr' id='par_1_137' title="bbox 2125 5247 3685 5320">
     <span class='ocr_line' id='line_1_138' title="bbox 2125 5247 3685 5320; baseline 0.006 -21"><span class='ocrx_word' id='word_1_915' title='bbox 2125 5247 2483 5318; x_wconf 73' lang='lat' dir='ltr'><strong>Eutychetem</strong></span> <span class='ocrx_word' id='word_1_916' title='bbox 2536 5247 2901 5319; x_wconf 81' lang='lat' dir='ltr'><strong>producturus</strong></span> <span class='ocrx_word' id='word_1_917' title='bbox 2952 5264 3198 5307; x_wconf 83' lang='lat' dir='ltr'><strong>veterum</strong></span> <span class='ocrx_word' id='word_1_918' title='bbox 3242 5256 3582 5320; x_wconf 87' lang='lat' dir='ltr'><strong>testimonia,</strong></span> <span class='ocrx_word' id='word_1_919' title='bbox 3613 5260 3685 5309; x_wconf 86' lang='lat' dir='ltr'><strong>sic</strong></span> 
     </span>
    </p>
   </div>
   <div class='ocr_carea' id='block_1_138' title="bbox 2124 5320 3688 5395">
    <p class='ocr_par' dir='ltr' id='par_1_138' title="bbox 2124 5320 3688 5395">
     <span class='ocr_line' id='line_1_139' title="bbox 2124 5320 3688 5395; baseline 0.005 -25"><span class='ocrx_word' id='word_1_920' title='bbox 2124 5323 2384 5395; x_wconf 67' lang='lat' dir='ltr'><strong>pra-tatur</strong></span> <span class='ocrx_word' id='word_1_921' title='bbox 2412 5333 2426 5369; x_wconf 92' lang='lat'><strong>:</strong></span> <span class='ocrx_word' id='word_1_922' title='bbox 2466 5320 2933 5395; x_wconf 68' lang='lat' dir='ltr'><strong>Quoniumgratia</strong></span> <span class='ocrx_word' id='word_1_923' title='bbox 2967 5322 3189 5387; x_wconf 78' lang='lat' dir='ltr'><strong>Christi,</strong></span> <span class='ocrx_word' id='word_1_924' title='bbox 3212 5328 3555 5395; x_wconf 73' lang='lat' dir='ltr'><strong>quwstiones,</strong></span> <span class='ocrx_word' id='word_1_925' title='bbox 3578 5340 3688 5394; x_wconf 69' lang='lat' dir='ltr'><strong>quis</strong></span> 
     </span>
    </p>
   </div>
   <div class='ocr_carea' id='block_1_139' title="bbox 2121 5390 3688 5459">
    <p class='ocr_par' dir='ltr' id='par_1_139' title="bbox 2121 5390 3688 5459">
     <span class='ocr_line' id='line_1_140' title="bbox 2121 5390 3688 5459; baseline 0.006 -20"><span class='ocrx_word' id='word_1_926' title='bbox 2121 5391 2343 5456; x_wconf 76' lang='lat' dir='ltr'><strong>speciem</strong></span> <span class='ocrx_word' id='word_1_927' title='bbox 2390 5390 2783 5457; x_wconf 75' lang='lat' dir='ltr'><strong>probabilitatis</strong></span> <span class='ocrx_word' id='word_1_928' title='bbox 2834 5393 3116 5459; x_wconf 73' lang='lat' dir='ltr'><strong>habebant,</strong></span> <span class='ocrx_word' id='word_1_929' title='bbox 3158 5390 3253 5459; x_wconf 76' lang='lat' dir='ltr'><strong>pro</strong></span> <span class='ocrx_word' id='word_1_930' title='bbox 3302 5398 3502 5447; x_wconf 73' lang='lat' dir='ltr'><strong>viribus</strong></span> <span class='ocrx_word' id='word_1_931' title='bbox 3541 5390 3688 5448; x_wconf 77' lang='lat' dir='ltr'><strong>som-</strong></span> 
     </span>
    </p>
   </div>
   <div class='ocr_carea' id='block_1_140' title="bbox 2122 5461 3683 5530">
    <p class='ocr_par' dir='ltr' id='par_1_140' title="bbox 2122 5461 3683 5530">
     <span class='ocr_line' id='line_1_141' title="bbox 2122 5461 3683 5530; baseline 0.003 -21"><span class='ocrx_word' id='word_1_932' title='bbox 2122 5474 2267 5522; x_wconf 84' lang='lat' dir='ltr'><strong>mus,</strong></span> <span class='ocrx_word' id='word_1_933' title='bbox 2295 5461 2509 5527; x_wconf 78' lang='lat' dir='ltr'><strong>polliciti</strong></span> <span class='ocrx_word' id='word_1_934' title='bbox 2543 5476 2659 5514; x_wconf 85' lang='lat' dir='ltr'><strong>vero</strong></span> <span class='ocrx_word' id='word_1_935' title='bbox 2689 5478 2873 5515; x_wconf 72' lang='lat' dir='ltr'><strong>sumus</strong></span> <span class='ocrx_word' id='word_1_936' title='bbox 2902 5466 3216 5521; x_wconf 77' lang='lat' dir='ltr'><strong>testimoniis</strong></span> <span class='ocrx_word' id='word_1_937' title='bbox 3243 5474 3476 5518; x_wconf 79' lang='lat' dir='ltr'><strong>veterum</strong></span> <span class='ocrx_word' id='word_1_938' title='bbox 3506 5468 3683 5530; x_wconf 54' lang='lat' dir='ltr'><strong>con/iro</strong></span> 
     </span>
    </p>
   </div>
   <div class='ocr_carea' id='block_1_141' title="bbox 2121 5532 3682 5603">
    <p class='ocr_par' dir='ltr' id='par_1_141' title="bbox 2121 5532 3682 5603">
     <span class='ocr_line' id='line_1_142' title="bbox 2121 5532 3682 5603; baseline 0.004 -25"><span class='ocrx_word' id='word_1_939' title='bbox 2121 5543 2267 5581; x_wconf 85' lang='lat' dir='ltr'><strong>mare</strong></span> <span class='ocrx_word' id='word_1_940' title='bbox 2313 5546 2432 5599; x_wconf 72' lang='lat' dir='ltr'><strong>qua:</strong></span> <span class='ocrx_word' id='word_1_941' title='bbox 2466 5532 2728 5595; x_wconf 73' lang='lat' dir='ltr'><strong>diximus;</strong></span> <span class='ocrx_word' id='word_1_942' title='bbox 2751 5535 2929 5603; x_wconf 87' lang='lat' dir='ltr'><strong>accipe</strong></span> <span class='ocrx_word' id='word_1_943' title='bbox 2974 5537 3032 5587; x_wconf 87' lang='lat' dir='ltr'><strong>in</strong></span> <span class='ocrx_word' id='word_1_944' title='bbox 3078 5535 3236 5601; x_wconf 79' lang='lat' dir='ltr'><strong>[idem</strong></span> <span class='ocrx_word' id='word_1_945' title='bbox 3293 5533 3682 5589; x_wconf 72' lang='lat' dir='ltr'><strong>multitudinem</strong></span> 
     </span>
    </p>
   </div>
   <div class='ocr_carea' id='block_1_142' title="bbox 2121 5604 3683 5671">
    <p class='ocr_par' dir='ltr' id='par_1_142' title="bbox 2121 5604 3683 5671">
     <span class='ocr_line' id='line_1_143' title="bbox 2121 5604 3683 5671; baseline 0.004 -23"><span class='ocrx_word' id='word_1_946' title='bbox 2121 5604 2561 5670; x_wconf 77' lang='lat' dir='ltr'><strong>testimoniorum,</strong></span> <span class='ocrx_word' id='word_1_947' title='bbox 2600 5605 2910 5671; x_wconf 61' lang='lat' dir='ltr'><strong>aequabilem</strong></span> <span class='ocrx_word' id='word_1_948' title='bbox 2937 5606 3271 5658; x_wconf 75' lang='lat' dir='ltr'><strong>modulorum</strong></span> <span class='ocrx_word' id='word_1_949' title='bbox 3300 5606 3537 5659; x_wconf 69' lang='lat' dir='ltr'><strong>veritatis</strong></span> <span class='ocrx_word' id='word_1_950' title='bbox 3568 5622 3683 5658; x_wconf 81' lang='lat' dir='ltr'><strong>con-</strong></span> 
     </span>
    </p>
   </div>
   <div class='ocr_carea' id='block_1_143' title="bbox 2122 5675 3680 5745">
    <p class='ocr_par' dir='ltr' id='par_1_143' title="bbox 2122 5675 3680 5745">
     <span class='ocr_line' id='line_1_144' title="bbox 2122 5675 3680 5745; baseline 0.002 -25"><span class='ocrx_word' id='word_1_951' title='bbox 2122 5678 2330 5745; x_wconf 71' lang='lat' dir='ltr'><strong>centum</strong></span> <span class='ocrx_word' id='word_1_952' title='bbox 2354 5676 2611 5727; x_wconf 84' lang='lat' dir='ltr'><strong>edentem.</strong></span> <span class='ocrx_word' id='word_1_953' title='bbox 2646 5675 2854 5729; x_wconf 87' lang='lat' dir='ltr'><strong>Deinde</strong></span> <span class='ocrx_word' id='word_1_954' title='bbox 2884 5686 3006 5745; x_wconf 89' lang='lat' dir='ltr'><strong>post</strong></span> <span class='ocrx_word' id='word_1_955' title='bbox 3034 5681 3280 5743; x_wconf 73' lang='lat' dir='ltr'><strong>quantum</strong></span> <span class='ocrx_word' id='word_1_956' title='bbox 3310 5678 3415 5730; x_wconf 84' lang='lat' dir='ltr'><strong>alia</strong></span> <span class='ocrx_word' id='word_1_957' title='bbox 3443 5679 3680 5745; x_wconf 82' lang='lat' dir='ltr'><strong>ejusdem</strong></span> 
     </span>
    </p>
   </div>
   <div class='ocr_carea' id='block_1_144' title="bbox 2123 5741 3680 5817">
    <p class='ocr_par' dir='ltr' id='par_1_144' title="bbox 2123 5741 3680 5817">
     <span class='ocr_line' id='line_1_145' title="bbox 2123 5741 3680 5817; baseline 0.007 -27"><span class='ocrx_word' id='word_1_958' title='bbox 2123 5741 2479 5808; x_wconf 71' lang='lat' dir='ltr'><strong>prml&#39;ationis,</strong></span> <span class='ocrx_word' id='word_1_959' title='bbox 2505 5748 2629 5799; x_wconf 91' lang='lat' dir='ltr'><strong>dum</strong></span> <span class='ocrx_word' id='word_1_960' title='bbox 2657 5746 2867 5816; x_wconf 84' lang='lat' dir='ltr'><strong>profert</strong></span> <span class='ocrx_word' id='word_1_961' title='bbox 2884 5741 3235 5813; x_wconf 47' lang='lat' dir='ltr'><strong>testia—iouia,</strong></span> <span class='ocrx_word' id='word_1_962' title='bbox 3258 5762 3436 5817; x_wconf 78' lang='lat' dir='ltr'><strong>prmio</strong></span> <span class='ocrx_word' id='word_1_963' title='bbox 3465 5741 3680 5817; x_wconf 66' lang='lat' dir='ltr'><strong>prorsus</strong></span> 
     </span>
    </p>
   </div>
  </div>
