3882 6594
76 455 198 509 839

1012 454 1072 512 P.
1109 451 1407 513 HALLOIX
1445 454 1594 513 SOC.
1627 454 1794 513 JESU
1855 455 2320 525 QUESTIONES
2352 455 2440 512 IV.

3261 454 3368 510 890

77 576 256 630 ﬁlias
273 573 438 642 igneo
466 576 919 650 curruilcrectiis
948 592 1111 650 supra
1159 577 1330 650 nubes
1366 587 1421 633 et
1461 578 1672 648 pluvias

1783 578 1982 650 γνησία
2010 577 2104 632 τοῦ
2125 579 2283 647 ἁγίου
2309 576 2582 650 Διονυσίου
2601 577 2804 650 βίϐλος.
2831 576 3110 650 Διελροντο
3132 576 3267 630 δὲ’ὲν
3289 578 3366 648 τῷ

74 657 141 696 ei
179 657 410 709 ventos,
435 656 490 698 et
517 647 778 714 quidquid
809 647 1037 700 mortale
1063 656 1168 716 est,
1195 647 1572 704 audacissimo
1593 650 1677 702 ni-

74 730 154 768 su
190 718 500 784 consurgit.
526 736 550 768 ›
584 716 656 769 Ita
687 716 774 770 ille
810 728 866 770 et
901 719 1059 772 bene.

165 784 300 857 Jam
330 787 398 840 de
428 797 669 855 tempore
696 789 1013 854 scriptionis
1037 789 1408 844 certissimum
1439 804 1504 844 ex
1542 789 1678 857 ipsis

75 856 362 928 operibus
382 857 1023 928 argunicntumdneitur,
1043 875 1105 912 ea
1132 860 1332 926 scripta
1359 875 1480 914 esse
1502 856 1677 928 primo

78 926 324 989 saeculo,
349 943 473 998 cum
523 927 740 998 illorum
773 937 964 981 auctor
1010 929 1208 982 nullius
1249 926 1537 998 scriptoris
1585 938 1678 983 aut

78 997 332 1049 alterius
382 996 610 1068 illustris
639 997 740 1049 viri
776 999 1104 1059 meminerit,
1138 1001 1228 1068 qui
1265 996 1377 1052 noni
1403 999 1677 1067 apostolo-

78 1081 215 1117 rum
252 1067 590 1136 temporibus
619 1069 852 1130 vixerit;
882 1077 936 1120 ct
959 1072 1102 1136 quod
1127 1067 1289 1137 caput
1312 1078 1414 1132 est,
1437 1085 1495 1125 se
1522 1069 1672 1123 Pauli

80 1137 333 1209 apostoli
367 1137 688 1209 discipulum
739 1146 926 1201 vocet,
965 1148 1128 1204 atque
1171 1141 1238 1192 ad
1276 1139 1484 1207 Titum,
1512 1151 1676 1209 atque

80 1205 544 1276 adATimotlieum
614 1208 862 1276 aliosque
889 1210 988 1262 aevi
1031 1209 1173 1264 illius
1207 1209 1423 1264 scribit.
1465 1205 1490 1267 '.

161 1273 304 1355 Quin
339 1293 471 1347 ergo
503 1277 590 1330 illa
613 1273 946 1355 scriptasub
977 1279 1198 1355 nomine
1240 1277 1678 1355 DionysiiAreo-

79 1349 293 1420 pagitie
345 1362 574 1420 semper,
608 1349 930 1415 prodierint,
971 1360 1026 1420 et
1083 1350 1224 1402 idem
1273 1349 1566 1420 Dionysius
1619 1351 1673 1403 in

77 1417 251 1490 omni
285 1417 610 1470 eruditionis
635 1434 836 1490 genere
868 1419 1112 1487 apprime
1136 1429 1381 1490 versatus
1417 1417 1676 1490 insignis-

78 1500 202 1548 que
238 1485 292 1538 in
335 1490 520 1555 paucis
557 1485 917 1557 philosophus
945 1485 1108 1542 fuerit
1159 1489 1348 1557 (solos
1379 1485 1682 1545 enim'l'ere

77 1558 360 1628 {eiusnodi
396 1558 542 1610 viros
574 1559 897 1628 admittebat
927 1561 1265 1627 Areopagus,
1297 1568 1356 1612 ut
1385 1559 1510 1614 alibi
1547 1576 1675 1628 pro-

77 1625 282 1678 liatuin
331 1628 459 1698 est)
507 1638 559 1680 et
589 1626 738 1680 Pauli
774 1629 995 1697 insuper
1023 1625 1254 1695 apostoli
1285 1625 1606 1698 discipulus,
1642 1645 1672 1683 a

77 1709 198 1760 quo
232 1705 284 1749 et
324 1697 576 1750 virtutem
611 1699 888 1761 eximiam,
915 1708 969 1751 et
991 1699 1259 1754 altissima
1286 1697 1564 1768 mysteria.
1586 1709 1672 1753 itt-

78 1778 219 1839 pute
254 1768 671 1839 eapacissimus,
691 1769 992 1839 addiscere
1023 1777 1080 1822 et
1106 1769 1366 1822 imbihere
1390 1772 1629 1839 potuerit
1656 1786 1678 1833 ;~

78 1836 220 1897 quis
253 1836 507 1909 dubitare
556 1838 746 1909 possit,
779 1843 910 1905 quin
947 1839 1059 1892 haec
1093 1839 1262 1909 ipsius
1294 1836 1424 1894 vera
1460 1849 1514 1895 et
1544 1855 1672 1909 ger—

81 1920 256 1956 mana
288 1908 490 1974 scripta
522 1906 669 1958 sint?

163 1991 183 2023 ι
218 1977 290 2028 At
322 1977 466 2047 enim
501 1977 671 2047 stylns
714 1976 909 2031 horum
946 1975 1232 2040 librorum,
1278 1977 1455 2045 inquit
1496 1979 1672 2032 Abra-

78 2043 290 2098 liamiis
321 2043 601 2100 Scultetiis
625 2045 946 2112 Calvinista,
983 2062 1085 2100 non
1118 2058 1198 2101 est
1223 2043 1454 2116 simplex
1479 2059 1534 2104 et
1561 2050 1669 2103 sin-

77 2128 275 2179 cerus,
309 2119 403 2168 sed
433 2126 658 2183 argutus
685 2117 870 2182 nimis,
915 2128 1001 2170 est
1031 2117 1249 2172 inﬂatus
1285 2128 1341 2172 et
1382 2117 1669 2174 aﬂeclattis

78 2195 138 2258 et
194 2201 403 2258 parum
441 2188 788 2258 apostolicus.
817 2205 835 2238 ι
873 2186 1068 2240 Verum
1105 2189 1382 2255 improbus
1434 2191 1674 2258 scriptor

80 2255 343 2327 improbe
382 2256 616 2308 fallitur.
653 2257 786 2310 Nam
830 2271 990 2326 quem
1024 2267 1184 2327 negat
1212 2274 1332 2327 esse
1369 2255 1670 2327 simplicem

81 2340 147 2399 ac
196 2325 500 2399 sint-erum,
547 2327 772 2399 meliora
823 2325 1115 2399 sectantes
1155 2326 1320 2399 546
1349 2325 1501 2382 aiunt
1549 2343 1672 2384 esse

79 2395 556 2461 simplicissimum
588 2412 651 2450 ac
682 2397 1117 2450 sincerissimum
1140 2395 1306 2460 fni—m-
1323 2401 1672 2466 simplicitate

81 2467 316 2540 quidem
356 2470 628 2540 sermonis
678 2469 829 2521 liumi
870 2467 1107 2540 repentis
1132 2468 1168 2540 _(
1197 2469 1289 2540 tali
1347 2471 1492 2523 enim
1529 2469 1676 2540 stylo

82 2537 353 2608 utendum
385 2545 488 2608 est
537 2537 588 2588 in
629 2540 790 2591 rebus
837 2536 1020 2604 parvis
1045 2548 1098 2590 et
1132 2536 1280 2591 hinni
1314 2536 1627 2608 repentibus
1655 2544 1670 2598 )

81 2605 181 2658 sed
213 2605 586 2672 simplicitate,
614 2621 720 2675 qua
774 2622 864 2661 res
916 2608 1126 2675 magnis
1165 2618 1221 2660 et
1252 2605 1506 2677 propriis,
1536 2611 1671 2663 sibi-

78 2689 189 2741 que
215 2677 646 2748 accommodatis
678 2679 882 2744 potius,
916 2692 1077 2744 quam
1114 2679 1288 2747 longis
1318 2681 1670 2748 ambagibus,

79 2756 131 2797 ct
175 2745 534 2798 translatitiis
565 2747 794 2800 voCibus
821 2748 1186 2814 explicantur.
1214 2745 1414 2802 Divina
1443 2745 1588 2802 enim
1615 2759 1670 2804 et

80 2815 335 2869 cmleslia
369 2829 493 2886 cum
516 2817 656 2870 miro
679 2828 734 2870 et
763 2817 976 2870 elevato
1009 2817 1209 2870 mentis
1230 2821 1483 2872 acumine
1509 2834 1672 2886 pcne-

82 2895 264 2939 traret
313 2886 392 2938 vir
445 2885 554 2947 ille,
585 2897 641 2940 et
687 2901 880 2940 sensus
907 2902 1035 2941 suos
1084 2887 1140 2940 iii
1189 2889 1348 2942 rebus
1391 2885 1671 2944 altiSsimis

81 2965 384 3010 conaretur
407 2957 702 3022 explicare,
741 2973 844 3011 nec
869 2957 1034 3026 verba
1064 2961 1326 3025 reperiret
1357 2960 1531 3026 paria,
1569 2975 1669 3014 tio-

82 3042 168 3078 ris
207 3026 424 3090 verbis;
455 3027 638 3081 Attice
670 3037 849 3081 tamen
875 3025 1193 3092 clioriiiatis,
1230 3027 1282 3080 in
1321 3025 1484 3084 rebus
1515 3032 1672 3084 novis

79 3107 135 3149 et
168 3110 518 3150 Communem
558 3110 773 3166 Captum
825 3099 1335 3152 transcendentibus
1384 3109 1469 3152 est
1517 3115 1667 3154 usus.

85 3167 541 3244 ῥὶιιυειυὴδδίιιιιιιιι
577 3171 700 3220 item
733 3169 908 3230 aiunt,
939 3171 1033 3221 Sed
1065 3170 1404 3231 sinceritate,
1434 3185 1554 3238 qua:
1583 3186 1670 3224 res

83 3249 159 3289 ita
185 3247 411 3308 notatur
440 3248 828 3306 reprws‘eiitare
854 3252 909 3290 tit
934 3251 1085 3301 sunt,
1117 3255 1221 3293 noti
1247 3251 1426 3292 antem
1459 3258 1520 3292 ea
1549 3255 1668 3308 qua:

83 3287 281 3380 rithan
306 3287 783 3380 δίαέηὶιὶ-Ῐιίζὲῖᾀιὶὄ
803 3287 1102 3376 agitas
1118 3287 1438 3378 gelatis;
1459 3287 1668 3380 tingi-.7;
1696 3287 1737 3346 (Ἰ

83 3386 139 3430 et
178 3378 424 3445 pulchra:
458 3377 762 3441 videantur,
791 3391 886 3432 aut
917 3398 946 3432 e
977 3380 1275 3433 contrario.

164 3450 322 3512 Quod
374 3463 532 3516 porro
579 3461 829 3517 argutum
865 3450 1026 3503 nimis
1069 3449 1286 3513 asserit,
1313 3459 1366 3501 et
1396 3447 1664 3517 inﬂatum,

83 3530 137 3570 tet
183 3519 516 3582 allectatinu,
551 3528 603 3570 et
653 3534 844 3587 parum
892 3521 1288 3587 apostolicum;
1347 3522 1451 3574 hoc
1492 3533 1665 3576 totum

87 3605 254 3655 nego,
312 3598 367 3640 et
396 3587 504 3653 aio,
535 3590 840 3643 Scultetuni
872 3591 925 3642 in
955 3590 1231 3658 prioribus
1260 3591 1482 3658 quidem
1513 3593 1666 3647 valde

88 3659 454 3730 hallucinari;
507 3661 558 3711 iii
605 3672 884 3726 postremo
923 3669 1129 3724 autem,
1165 3663 1251 3712 ubi
1289 3673 1442 3715 vocat
1474 3678 1666 3730 parum

85 3729 473 3850 apusltolicuni,
525 3732 817 3798 ipsuniinet
865 3747 980 3784 non.
1024 3746 1240 3800 parum,
1294 3736 1387 3784 sed
1437 3729 1666 3786 multum

86 3815 207 3850 aiio
231 3815 333 3850 ari.

86 3819 134 3851 ill
149 3815 333 3852 ιυωιῚ.

162 3871 298 3922 δοίη
332 3871 377 3921 si
406 3883 491 3923 res
519 3883 718 3938 parvas
738 3882 833 3924 aut
857 3869 1162 3925 mediocres
1189 3884 1254 3922 eo
1280 3869 1445 3940 Stylo,
1475 3879 1528 3924 et
1552 3871 1670 3927 istis

91 3943 279 3994 verbis
308 3941 505 4007 quibus
538 3943 852 4011 bicputitur,
878 3950 1178 4011 exponeret
1208 3940 1523 4009 Dionysms,
1553 3953 1666 3996 tum

85 4026 224 4066 sane
256 4013 472 4063 inﬂatus
508 4020 564 4066 et
591 4009 877 4064 aﬂectatus
922 4009 1051 4079 quin
1096 4013 1388 4074 diceretur,
1417 4013 1549 4064 nihil
1580 4027 1668 4066 re-

88 4096 394 4151 pugnarem
423 4098 437 4132 :
466 4095 650 4134 verum
675 4083 720 4134 si
757 4084 919 4136 verba
949 4085 1039 4135 hic
1065 4091 1195 4135 sunt
1221 4084 1470 4148 grandia,
1502 4094 1556 4136 et
1583 4099 1670 4138 res

87 4167 307 4222 quoque
339 4153 468 4223 ipsa
503 4153 673 4223 multo
706 4153 986 4221 grandior,
1019 4155 1149 4221 quid
1178 4159 1296 4223 est
1323 4156 1466 4218 quod
1514 4153 1668 4223 arglii

90 4221 301 4292 possit?
332 4221 442 4274 Nec
473 4237 600 4276 vero
629 4221 769 4274 alius
815 4223 870 4276 iti
908 4223 1145 4292 Dionysii
1175 4221 1331 4275 libris
1363 4221 1672 4291 spirituset

89 4291 406 4362 eloquentia
442 4302 690 4361 apparet,
723 4309 880 4360 quam
918 4297 970 4347 iti
1013 4291 1163 4346 Pauli
1207 4297 1557 4362 praeceptoris
1583 4296 1668 4348 sui

91 4365 370 4418 nonnullis
399 4363 672 4432 Epistolis,
708 4366 797 4416 ubi
828 4365 949 4417 talis
981 4378 1371 4430 nonnunquam
1414 4374 1498 4417 est
1537 4381 1668 4418 ora-

93 4441 189 4495 tio,
216 4436 419 4488 et‘tam
451 4437 589 4486 elata
637 4435 841 4497 verbis,
894 4448 948 4488 et
997 4445 1105 4488 tant
1142 4437 1331 4502 Ilgulls
1361 4447 1578 4496 ornata,
1613 4444 1678 4489 ut

90 4525 131 4560 si
163 4509 329 4575 verba
358 4506 584 4558 Sculteti
616 4505 669 4557 iii
698 4503 954 4575 Dionysio
984 4506 1253 4558 haberent
1280 4505 1478 4570 locum,
1504 4520 1667 4558 etiam

91 4588 146 4629 et
177 4577 230 4628 in
261 4573 484 4628 Paulum
510 4577 683 4642 ipsum
708 4573 1024 4629 viderentur
1051 4589 1216 4644 posse
1241 4589 1510 4641 grassari.
1531 4575 1664 4628 Nam

1783 647 1930 720 λόγῳ
1955 650 2236 711 ἐνστάσεις
2264 649 2544 720 τέσσαρες.
2591 647 2774 701 Lectus
2811 659 2887 702 est
2937 647 3195 720 Theodori
3247 647 3367 716 pre-

1781 717 1980 789 sbyteri
2011 721 2166 782 liber,
2205 736 2308 786 quo
2345 717 2491 771 docet
2543 734 2848 788 germanum
2873 734 2984 772 esse
3026 718 3086 772 S.
3123 717 3365 785 Dionysii

1782 806 1932 856 Opus.
1963 790 2239 844 Dissoluta
2289 798 2411 842 sunt
2457 800 2632 842 autem
2683 805 2742 842 eo
2790 804 2845 840 in
2891 789 3026 840 libro
3051 797 3365 854 argumenta

1817 872 2030 916 uatuor.

1817 876 2030 916 uatuor.

1779 876 1810 930 q
1849 929 2140 997 Subjnngit
2164 927 2360 982 deinde
2386 925 2615 981 Pli0tius
2646 943 2708 982 ea
2735 937 3081 994 argumenta,
3117 928 3212 980 sed
3239 929 3366 980 alis-

1779 1013 1886 1069 que
1941 999 2325 1060 solutionibus,
2378 1008 2665 1069 propterca
2716 999 2860 1066 quod
2907 999 3046 1069 liber
3087 998 3362 1052 Theodori

1779 1067 2086 1141 presbyteri
2119 1071 2174 1141 in
2212 1084 2319 1136 quo
2349 1086 2427 1141 ea:
2458 1067 2760 1141 solutiones
2801 1068 3227 1141 continebantur
3274 1084 3364 1121 sa-

1781 1140 1850 1192 tis
1875 1137 2019 1193 esset
2045 1139 2318 1209 vulgatus.
2347 1139 2457 1206 Ego
2485 1137 2712 1191 inferius
2744 1149 2849 1209 tam
2887 1139 3000 1206 ipsa
3037 1149 3360 1206 argumenta

1777 1223 1938 1276 quam
1972 1208 2274 1264 solutitines
2308 1213 2449 1277 (quin
2481 1209 2705 1275 quidem
2733 1208 2916 1262 afferri
2951 1219 3242 1277 potuerunt
3267 1216 3364 1260 aut

1778 1281 2108 1345 debuerunt,
2137 1279 2355 1348 quando
2387 1279 2604 1348 quidem
2659 1278 2783 1348 illm,
2809 1277 3080 1332 Theodori
3115 1293 3219 1330 non
3267 1294 3362 1331 ex-

1777 1350 1948 1417 stant)
1979 1351 2032 1403 in
2061 1347 2350 1403 contrariae
2385 1350 2669 1402 sententim
2705 1347 3033 1401 refutatione
3061 1348 3360 1417 proferam.

1849 1416 2134 1473 Postremo
2157 1420 2308 1472 addit
2334 1420 2475 1472 idem
2506 1418 2727 1470 Planius
2765 1420 2879 1471 huic
2909 1420 3070 1473 verba
3102 1436 3116 1471 :
3146 1416 3363 1479 Ταύτας

1775 1487 1867 1544 οὖν
1899 1489 1997 1554 τὰς
2027 1490 2295 1559 τέσσαρας
2319 1488 2556 1560 ἀπορίας
2585 1489 2829 1542 διαλῦσαι
2844 1489 3360 1560 Δὲτισιγωνισόιμενος.

1778 1561 2006 1630 βεϐαιοῖ,
2049 1562 2109 1614 τό
2131 1555 2210 1628 γε
2231 1561 2316 1612 ἐπ’
2344 1555 2516 1630 auiti),
2549 1560 2778 1628 γνησίαν
2817 1555 2953 1611 εἶναι
2986 1555 3089 1612 ποῦ
3126 1555 3360 1630 perditae

1775 1628 2052 1685 Διονυσίου
2099 1633 2198 1709 τῂν
2251 1628 2614 1709 βίϐλονζηαίσ
2643 1632 2810 1700 igitur
2853 1641 3086 1709 quatuor
3127 1628 3361 1698 difﬁcilia

1775 1711 2093 1770 argumenta
2117 1700 2404 1754 dissolvere
2435 1701 2705 1766 conuiuis,
2749 1700 3052 1768 conﬁrmat,
3105 1709 3361 1770 quantuni

1773 1767 1987 1838 quidem
2013 1773 2069 1826 in
2097 1787 2152 1825 se
2181 1781 2280 1837 est,
2325 1771 2614 1839 legitimum
2662 1787 2775 1824 esse
2803 1767 2982 1840 magni
3028 1769 3268 1837 Dionysii
3295 1767 3363 1819 li-

1777 1844 1953 1897 brum.

1703 1925 1746 1978 3
1844 1915 1927 1965 Ac
1955 1923 2022 1963 ne
2049 1909 2174 1979 quis
2201 1909 2518 1970 arbitretur.
2547 1924 2610 1963 ea
2644 1909 2814 1979 verba
2853 1907 3146 1962 contrarim
3177 1905 3362 1979 favere

1773 1978 2080 2043 sententiae,
2115 1981 2252 2032 sciat
2286 1981 2537 2033 eumdem
2583 1981 2758 2047 ipsum
2790 1978 3041 2033 Photiiiin

1775 2050 1978 2116 insigni
2010 2049 2320 2103 eruditione
2352 2059 2516 2118 atque
2564 2061 2760 2104 exacto
2790 2051 2843 2102 in
2876 2049 3174 2103 censendis
3210 2048 3364 2100 libris

3076 1981 3092 2046 (
3113 1981 3179 2030 de
3207 1977 3362 2047 cujus

1767 2120 1976 2189 judicio
2014 2119 2270 2172 catholici
2305 2136 2459 2187 teque
2483 2129 2536 2172 el
2564 2119 2804 2174 literetici
2836 2120 3231 2186 consentiunt)
3263 2133 3362 2171 cx-

1775 2191 1960 2259 pensis
1992 2191 2281 2257 utriusque
2307 2190 2582 2257 opinionis
2622 2189 2925 2259 rationibus
2965 2203 3029 2241 ac
3067 2190 3361 2242 momentis

1775 2258 1992 2313 tandem
2041 2261 2177 2314 istos
2212 2260 2408 2322 libros,
2440 2261 2506 2312 de
2536 2258 2736 2326 quibus
2789 2259 2877 2312 liic
2929 2259 3129 2320 agitur,
3164 2270 3360 2312 sancto

1773 2330 2032 2398 Dionysio
2066 2330 2430 2398 Areopagitae,
2467 2337 2524 2381 ut
2556 2329 2808 2397 proprios
2835 2327 3359 2398 adjudicasseQnod

1774 2396 1941 2468 liquet
1966 2415 2029 2453 cx
2055 2396 2244 2452 eadem
2279 2396 2449 2466 ipsius
2478 2396 2839 2462 Bibliotheca,
2863 2400 2982 2451 cod.
3014 2396 3143 2455 251,
3176 2402 3273 2468 ubi
3303 2399 3360 2451 in

1776 2467 2047 2523 rariorum
2082 2471 2400 2523 recensione
2448 2479 2762 2533 auctorum,
2793 2483 2932 2536 quos
2960 2469 3227 2520 citaverat
3259 2467 3362 2521 So-

1772 2541 2374 2608 phroiiiuspatriarcha
2402 2538 2952 2608 llicrosolyinitanns,
2977 2539 3052 2589 ita
3079 2536 3146 2608 de
3168 2547 3361 2608 llﬂSll’O

1770 2601 2098 2677 Areopagita
2129 2633 2138 2662 ;
2168 2609 2278 2661 Καὶ
2301 2609 2574 2670 Διονύσιος
2597 2609 2624 2660 ὁ
2650 2601 2814 2671 πολὺς
2842 2608 2940 2678 μὲν
2967 2607 3065 2678 τὴν
3085 2606 3359 2675 γλῶσσαν,

1773 2678 1972 2731 πλείων
2013 2679 2071 2732 δὲ
2103 2679 2201 2749 τὴν
2231 2678 2483 2749 Θεωρίαν,
2509 2679 2550 2749 ίὸ
2584 2678 2832 2749 μαθητὴς
2870 2677 3104 2749 Παύλου,
3137 2679 3231 2729 κού⁸
3265 2678 3360 2749 τοῦ

1771 2750 2007 2820 Χριστοῦ
2051 2747 2287 2820 μάρτυρ,
2315 2747 2409 2802 καὶ
2451 2748 2558 2802 τῶν
2589 2747 2902 2818 "AO-qvale
2941 2747 3260 2810 ἐπίσκοπος.
3284 2748 3360 2820 ΔΕι

1772 2817 2064 2889 Dionysius
2119 2817 2208 2872 ille
2237 2817 2494 2889 sermone
2520 2817 2729 2888 quidem
2759 2835 3005 2889 magnus,
3055 2820 3151 2870 srd
3186 2817 3360 2887 major

1771 2887 2238 2957 contemplatione,
2275 2887 2436 2942 Pauli
2480 2887 2770 2955 discipulus
2813 2900 2858 2940 et
2900 2888 3100 2941 Christi
3132 2899 3356 2957 martyr,

1771 2972 1820 3012 et
1851 2961 2248 3013 Atheniensium
2285 2961 2581 3028 episcopus.
2623 2962 2694 3010 lia
2743 2959 2853 3010 ille.
2885 2959 3016 3026 Qua:
3047 2968 3198 3011 certe
3248 2974 3358 3028 non

1771 3029 2001 3094 diceret,
2059 3029 2163 3083 nisi
2229 3029 2404 3098 Opera
2457 3045 2578 3098 qua:
2609 3031 2953 3096 Areopagitae
3010 3028 3237 3098 nomine
3271 3027 3360 3098 in-

1771 3099 1974 3166 scripta
2027 3109 2180 3165 sunt,
2226 3097 2570 3168 Areopagitre
2622 3100 2986 3164 adpulicaret.
3027 3097 3161 3168 Nam
3217 3097 3361 3168 unde

1773 3169 1941 3223 sciret
1991 3169 2139 3222 illum
2192 3166 2462 3223 sermone
2500 3184 2777 3238 maguum,
2811 3168 2855 3222 si
2890 3169 3024 3220 nihil
3067 3166 3185 3233 ejus
3215 3167 3361 3236 Ope-

1775 3253 1895 3292 rum
1948 3240 2210 3292 vidisset?
2267 3238 2416 3293 Unde
2469 3250 2524 3292 et
2577 3253 2837 3306 ιιιειιοωιιι
2897 3238 3361 3303 contemplatione

1773 3324 1933 3377 quam
1990 3323 2245 3364 sermone
2295 3319 2503 3366 nosset.
2563 3312 2606 3362 si
2668 3308 3184 3375 contemplationem
3241 3306 3363 3374 ejus

1773 3381 1974 3432 nullam
2026 3379 2282 3448 legisset?
2337 3380 2452 3432 Sub
2501 3381 2658 3448 hujus
2689 3379 2834 3430 enim
2865 3379 3101 3448 Dionysii
3139 3391 3362 3431 nomine

1773 3448 1919 3502 aliud
1955 3450 2086 3502 nihil
2117 3460 2297 3503 exstat
2327 3461 2526 3514 printer
2572 3450 2659 3502 illa
2689 3464 2853 3514 Opera
2890 3450 2958 3500 de
2989 3448 3187 3514 quibus
3217 3459 3362 3499 nunc

1771 3520 2065 3588 agitamus.
2097 3521 2206 3572 Aut
2245 3536 2376 3588 ergo
2428 3519 2516 3572 illa
2552 3521 2686 3572 vidit
2715 3528 2772 3571 et
2816 3519 2946 3586 legit
2984 3530 3038 3570 et
3077 3517 3358 3584 expendit,

1771 3599 1864 3642 aut
1913 3599 2062 3643 certe
2105 3591 2196 3652 iis,
2223 3593 2314 3658 qui
2349 3591 2600 3643 viderunt
2636 3601 2690 3643 et
2722 3589 2969 3658 legerunt
2999 3599 3052 3640 e't
3085 3588 3360 3655 expende-

1773 3669 1923 3721 ruut,
1953 3661 2209 3715 assensit.
2241 3665 2420 3727 Atque
2449 3663 2614 3712 etiam
2644 3663 2873 3713 observa
2924 3663 3225 3711 secundum
3273 3671 3362 3708 ar-

1771 3742 2090 3799 gumentum
2127 3746 2293 3798 supra
2345 3732 2604 3797 positum,
2650 3732 2738 3781 ubi
2783 3729 2850 3780 de
2896 3727 3136 3796 Dionysii
3169 3727 3357 3799 elocu-

1776 3798 1922 3853 tione
1967 3810 2022 3852 ct
2066 3802 2524 3870 contemplatione
2551 3799 2832 3868 agebatur,
2864 3798 3206 3870 conlirinari,
3234 3811 3358 3870 cum

1773 3869 1861 3922 illa
1917 3870 2170 3922 nimirum
2219 3867 2398 3923 l’tiotii
2447 3867 2612 3923 verba
2665 3870 2874 3922 directe
2918 3870 2969 3920 in
3015 3867 3362 3919 adversarios

1777 3940 2023 4003 tendant,
2057 3949 2111 3993 et
2144 3950 2250 3993 tam
2280 3955 2594 3993 sermonem
2630 3953 2795 4008 quam
2841 3935 3360 4004 contemplationem

1773 4011 2180 4064 commendent.

1845 4080 2108 4145 Quartum
2138 4089 2518 4149 argumentum
2553 4091 2619 4130 ex
2646 4090 2980 4149 magnorum
3013 4071 3172 4145 547
3215 4074 3362 4149 viro-

1774 4143 1895 4204 rum
1923 4143 2253 4204 auctoritaie
2279 4151 2519 4211 ducitur,
2549 4159 2604 4200 et
2635 4143 2825 4200 eorum
2855 4143 3214 4214 (ιυιιιειιιίιιυη
3253 4143 3361 4214 Illi‘

1774 4236 1879 4274 nus
1908 4220 2156 4274 doctrina
2188 4235 2353 4289 quam
2397 4223 2602 4286 pietate
2637 4213 3227 4289 illustrium,quorum
3278 4213 3360 4264 iii-

1776 4301 1958 4361 tcgras
2003 4285 2220 4344 turmas
2265 4293 2320 4344 iii
2373 4285 2591 4361 Martini
2635 4287 2800 4340 Delrii
2837 4285 3090 4361 Yindicds
3112 4295 3362 4361 spectare

1776 4355 1902 4415 lic'et
1938 4383 1949 4415 :
1981 4375 2090 4430 pra:
2114 4375 2344 4430 quorum
2372 4360 2740 4422 tnultitudiue,
2773 4358 2866 4426 qui
2898 4365 3047 4408 stant
3069 4371 3132 4407 ex
3167 4355 3363 4406 adver-

1774 4447 1861 4495 SO,
1885 4446 2145 4500 perpaum
2173 4445 2308 4484 sane
2337 4439 2720 4483 numerantur.

1848 4492 2047 4554 Name
2077 4502 2348 4570 theologis
2375 4499 2747 4560 scholasticis,
2783 4495 2830 4551 si
2874 4495 3167 4570 haereticos
3194 4492 3365 4570 omit-

1779 4582 1983 4640 tamus,
2019 4575 2238 4640 unicum
2272 4567 2405 4624 'lere
2438 4581 2534 4640 aut
2576 4578 2726 4621 certe
2778 4568 3117 4640 praecipuum
3159 4567 3362 4640 habent

91 4657 244 4701 certe
277 4645 427 4698 l’auli
460 4636 636 4714 stylus
663 4660 730 4697 ex
754 4651 996 4699 omnium
1021 4636 1366 4700 confessione
1401 4645 1562 4714 longe
1583 4663 1667 4701 est
1702 4642 1746 4696 D
1775 4636 2122 4714 Cajetaiium.
2153 4639 2265 4696 Nos
2310 4656 2442 4714 ve_ro
2471 4639 2841 4714 Aleitandrum
2873 4639 2941 4689 de
2972 4636 3125 4714 Ales,
3167 4636 3366 4714 {tiber-

92 4730 147 4770 ct
177 4717 247 4770 ab
279 4702 570 4785 Evangelio
597 4724 653 4768 et
684 4718 751 4786 ab
782 4720 1016 4769 aliorum
1048 4717 1418 4786 apostolorum
1455 4702 1673 4786 scriptis

92 4788 372 4842 ditl'erens.
396 4790 577 4854 Quare
603 4801 646 4838 si
683 4785 836 4839 l'auli
880 4789 1054 4856 stylus
1086 4785 1223 4841 cum
1268 4787 1423 4850 alibi,
1461 4785 1587 4841 cum
1618 4790 1672 4842 iii

93 4859 335 4912 secunda
382 4863 449 4911 ad
493 4857 810 4911 Corinthios
856 4858 1100 4927 Epistula
1155 4865 1262 4927 est,
1290 4857 1626 4924 apostolicus
1655 4898 1674 4924 ,

93 4935 259 4984 etiam
294 4928 559 4997 Dionysii,
593 4944 716 4980 cuin
755 4943 808 4981 in
839 4926 1002 4981 rebus
1029 4926 1354 4981 sublimibus
1389 4938 1475 4982 est
1503 4930 1676 4982 subli-

95 5017 221 5064 mis,
255 5008 309 5051 et
338 5004 390 5052 iii
421 5001 738 5052 ctelestibus
786 5001 1046 5062 cailestis,
1079 5009 1262 5068 potest
1290 5008 1345 5051 et
1377 5000 1536 5053 debet
1565 5002 1672 5054 dici

93 5071 465 5141 apostolicus;
495 5071 796 5137 prtesertini
828 5075 915 5122 ubi
949 5082 1051 5122 sub
1088 5071 1218 5131 itlis,
1247 5069 1445 5136 quibus
1479 5075 1674 5134 utitur,

96 5143 278 5196 \crbis
309 5151 454 5194 tanta
498 5155 678 5192 rerum
713 5142 1020 5193 divinarum
1051 5151 1347 5193 ll'SlltllullO
1398 5152 1451 5194 et
1500 5144 1676 5208 pietas

95 5214 259 5266 etiam
289 5212 598 5264 interlucet.

169 5282 413 5335 ’l‘ertiuin
467 5288 846 5350 argumentum
877 5290 1002 5344 ‘cst,
1036 5279 1182 5347 quod
1227 5293 1350 5332 cum
1384 5278 1537 5344 olim,
1572 5279 1678 5335 hoc

94 5363 204 5418 est,
249 5355 345 5405 sub
376 5368 578 5405 annum
609 5353 814 5404 Christi
845 5354 1355 5420 quadragesimum,
1383 5360 1504 5402 orta
1531 5363 1676 5405 essm

96 5442 166 5478 oe
212 5422 477 5492 Operibus
517 5424 694 5476 sancti
743 5423 987 5491 Dionysii
1035 5426 1377 5489 AreOpagitai
1421 5424 1678 5488 quiestio,

99 5495 454 5563 uonnutlique
486 5495 654 5547 certis
685 5494 752 5546 de
771 5498 1058 5563 causis,an
1081 5494 1199 5560 ejus
1227 5502 1413 5545 essent
1442 5493 1675 5560 legitimi

99 5577 284 5628 tuitus,
326 5562 661 5626 dubitarent,
694 5566 981 5631 scripserit.
1013 5562 1336 5616 Theodorus
1389 5565 1677 5630 presbyter

99 5646 294 5691 horum
334 5650 520 5695 unum,
579 5651 687 5703 quo
725 5637 911 5688 docuit
961 5635 1050 5687 illa
1098 5633 1276 5700 Opera
1326 5647 1450 5687 esse
1502 5633 1679 5686 Sancti

103 5705 340 5776 Dionysii
371 5709 709 5776 Areopagitae
739 5719 996 5773 germana
1030 5715 1192 5772 atque
1221 5705 1483 5772 legitima,
1507 5713 1561 5757 et
1585 5717 1677 5755 ra-

103 5775 275 5832 tiones
295 5787 552 5846 quatuor,
573 5775 692 5843 qda:
715 5786 906 5846 contra
938 5777 1223 5846 potissimo
1247 5775 1618 5841 otijiciebantu
1630 5788 1673 5846 r,

104 5843 367 5902 dissolvit.
388 5844 501 5901 lltic
523 5857 755 5901 testatur
784 5843 1011 5899 letiiis
1031 5849 1082 5898 iii
1104 5843 1464 5906 Bibliotheca,
1479 5851 1600 5899 cod.
1624 5844 1678 5905 l,

105 5927 252 5976 hisce
281 5922 493 5973 verbis:
526 5915 864 5988 Ἀνεγνώσθη
879 5915 1153 5986 Θεοδώρου
1183 5914 1575 5985 πρεσϐυτέρου,
1597 5913 1678 5965 ὅτι

1779 4705 1892 4766 tuin
1935 4711 2214 4784 Magnum,
2254 4714 2317 4768 S.
2365 4711 2636 4784 Thomam
2684 4711 3040 4784 Aquinatem,
3177 4705 3358 4784 Bona-

1776 4773 2090 4849 venturam,
2144 4773 2486 4844 Duranduni,
2540 4773 2788 4842 Scotum,
2840 4776 3204 4838 thliardiim,
3253 4773 3362 4828 Ga-

1777 4855 2032 4921 brielem,
2058 4864 2112 4908 et
2146 4854 2408 4922 reliquos.
2441 4852 2676 4922 Exialiis
2701 4851 2854 4922 varia
2883 4849 3362 4922 eruditioiieprtc-

1780 4927 1915 4979 ditis
1929 4914 2133 4979 habent
2151 4914 2738 4982 TheodorumGazaui,
2755 4919 3107 4972 Laurentium
3127 4914 3360 4975 Valiaiu,

1782 4995 2124 5050 Desideriuni
2164 4996 2489 5054 Erasmum,
2521 4991 2816 5058 Josephnni
2862 4990 3225 5058 Scaligertim,
3259 4985 3362 5036 De-

1779 5069 2046 5119 sideriuni
2078 5063 2394 5125 l-leraldum,
2424 5078 2630 5130 paucos
2654 5056 2896 5127 alicujus
2925 5071 3066 5130 nota:
3093 5056 3248 5130 alios.

1777 5189 1781 5198 ,
1854 5140 1963 5189 Sed
1989 5137 2076 5189 his
2098 5129 2446 5204 opponuntur
2467 5129 2706 5184 Joannes
2735 5131 2897 5182 Piens
2927 5129 3360 5204 Mirandulanus,

1779 5206 1865 5260 vir
1895 5207 1964 5260 ab
1999 5199 2216 5274 ingenio
2245 5216 2300 5257 et
2348 5204 2610 5274 memoria
2665 5213 2873 5274 ruitura:
2916 5199 3232 5274 miraculum
3264 5212 3362 5274 aps

1779 5277 2035 5346 pellatus,
2056 5266 2344 5328 ’Μαι-ξυιυς
2380 5272 2606 5326 Ficinus
2632 5281 2686 5324 et
2715 5266 3220 5346 Li_lius_Gyraldus,
3253 5272 3356 5318 viri

1784 5341 1893 5399 iam
1937 5362 2115 5416 magni
2152 5346 2396 5416 ingenio,
2429 5358 2615 5416 quain
2643 5343 2781 5416 varii
2830 5341 3084 5416 scientia,
3121 5353 3357 5416 quorum

1781 5421 1872 5472 ille
1905 5410 2125 5486 quiit'ein
2165 5410 2336 5482 ip'sius
2373 5414 2619 5482 Dionysii
2655 5413 2920 5486 libroruin
2957 5411 3230 5485 interpres
3259 5410 3362 5486 luit

1779 5499 1836 5540 et
1857 5480 2198 5549 admirator;
2229 5487 2316 5538 liic
2346 5480 2529 5537 autem
2557 5482 2808 5536 eumdem
2843 5480 3156 5548 Dionysium
3186 5493 3237 5529 in
3273 5480 3360 5529 di-

1781 5559 2032 5612 vinorum
2069 5559 2434 5626 explicatione
2473 5559 2751 5626 nominum
2778 5553 2992 5626 cunctis
3021 5557 3357 5626 anteposuit.

1781 5629 2013 5683 Budaeus
2048 5641 2104 5682 et
2139 5620 2359 5690 Dillius,
2419 5631 2526 5678 duo
2575 5625 2887 5676 litterarum
2938 5620 3252 5690 Graecarum
3305 5621 3357 5668 iti

1781 5700 1974 5753 Galliis
2025 5688 2593 5768 praelustria-lunitna,
2634 5691 2913 5768 Gilbertus
2943 5688 3356 5768 Genebrardus,

1781 5781 1839 5822 et
1867 5760 2145 5824 At‘ttaldus
2172 5770 2448 5822 Pontacus
2475 5767 2590 5832 pari
2619 5760 2802 5815 studio
2832 5762 3223 5832 litterartiiii_et
3243 5761 3359 5832 siti-

1783 5857 1923 5896 ccrte
1974 5841 2230 5894 amicitia:
2262 5841 2408 5891 cultu
2463 5828 2690 5887 nobiles.
2733 5832 2862 5886 item
2902 5829 3105 5885 Gwlius
3151 5828 3357 5883 Rhodi.

1747 5904 1750 5907 ’
1783 5913 1960 5981 sinus,
1990 5912 2238 5982 plurima:
2285 5908 2532 5964 lectionis
2560 5905 2828 5958 varietate
2856 5906 2942 5956 vis
2964 5903 3142 5957 sciens
3165 5914 3355 5973 parem
