3882 6550
177 441 296 498 917

1117 438 1175 499 P.
1231 441 1535 499 HALLOIX
1569 441 1718 500 SOC.
1750 441 1913 499 JESU
1951 443 2412 511 QUAL'STIONES
2449 446 2538 504 IV.

3329 457 3435 514 918

179 571 362 636 quain
389 554 510 610 vilis
558 555 854 636 Scultetus,
890 559 1259 636 rati_oc_in_ans;
1303 563 1460 636 longe
1510 563 1754 636 proiecto
1786 564 1828 620 Α
1855 563 2079 636 ἀρχαῖον
2110 564 2335 636 primum
2367 564 2671 631 signiﬁcat,
2700 580 2808 622 non
2831 567 2990 622 modo
3012 575 3169 623 vetus
3195 579 3290 623 aut
3331 543 3429 626 an-

177 626 441 700 melius,
468 641 629 694 quam
685 628 932 700 minister
977 626 1304 695 Calvinista,
1347 626 1586 700 sapiens.
1619 633 1752 687 Nam

175 702 302 750 duo
329 697 540 764 probat,
566 713 685 766 qua:
710 697 999 769 Dionysius
1018 703 1070 754 in
1099 702 1210 756 suis
1239 703 1390 756 libris
1412 697 1749 757 observavit:

175 781 506 844 utiuiii,_ne
545 767 804 844 mysteria
845 767 1161 844 evulgaret;
1207 771 1370 844 566
1412 772 1662 836 alterum,
1695 784 1756 828 ut

176 835 322 911 ssyli
371 835 710 911 obscuriiate
749 838 837 911 illa
890 835 1439 897 cotiiinunire'tfﬁon
1488 835 1757 911 upus’est

174 908 411 986 quidem
445 906 586 986 in__re
617 917 726 986 ta_m
754 908 924 975 clara,
952 922 1060 986 tam
1093 920 1305 986 testata,
1337 906 1583 986 pluribus
1611 913 1757 986 testi.

174 977 430 1030 iiioniis:
462 977 684 1045 aliquod
725 989 902 1034 tamen
943 997 973 1034 e
1010 980 1238 1045 Latinis,
1277 977 1351 1035 ne
1376 983 1514 1037 forte
1539 983 1754 1038 deside-

175 1057 363 1116 retur,
396 1048 484 1100 liic
515 1047 745 1114 subiicio
770 1065 784 1101 :
817 1064 1006 1116 nempe
1032 1052 1204 1106 sancti
1233 1052 1527 1114 Ambrosii,
1556 1068 1586 1108 e
1614 1054 1754 1110 libro

178 1113 266 1168 De
300 1116 365 1169 iis
393 1117 480 1190 qui
510 1113 768 1190 mysteriis
815 1113 1112 1183 initiantur,
1143 1123 1364 1190 capitei
1401 1144 1414 1178 :
1452 1142 1470 1174 t
1501 1113 1655 1178 Nunc
1688 1125 1756 1180 de

174 1187 492 1261 iiiysteriis,
522 1188 732 1254 inquit,
773 1199 982 1257 tempus
1025 1187 1224 1246 dicere
1256 1193 1544 1260 admonet,
1591 1203 1756 1261 atque

172 1255 431 1332 ipsorum
485 1255 950 1332 sacramentorum
1004 1261 1272 1317 rationem
1323 1263 1485 1316 edere
1525 1255 1540 1318 ξ
1586 1255 1752 1332 quam

172 1335 318 1378 ante
354 1326 690 1396 baptismum
722 1329 766 1381 si
799 1337 1141 1396 putassemus
1185 1334 1568 1386 insinuandum
1606 1326 1754 1387 non--

171 1397 316 1448 dum
349 1395 594 1462 initiatis,
625 1395 927 1467 prodidisse
953 1403 1135 1470 potius
1157 1418 1321 1472 quam
1349 1403 1588 1459 edidisse
1614 1403 1758 1460 testi-

173 1480 270 1518 ωε
281 1481 428 1518 reniu
437 1482 481 1519 l'.
506 1485 526 1519 ι

218 1603 234 1615 .
261 1533 379 1616 Hoc
399 1536 562 1589 etiam
593 1536 724 1603 facit
747 1538 912 1616 (quod
942 1554 1078 1616 pene
1104 1541 1495 1616 praeterieram)
1523 1542 1757 1616 Septua-

170 1611 338 1682 ginta
365 1611 720 1682 interpretum
751 1611 803 1662 in
831 1613 1105 1665 vertendis
1129 1627 1194 1667 ex
1222 1613 1446 1668 Hebraeo
1474 1611 1757 1682 prophetis

176 1673 472 1753 aﬂ‘eetatal
515 1673 845 1753 Hieronymo
878 1688 1038 1753 teste,
1081 1683 1414 1738 obscuritas.
1449 1673 1593 1736 Νοιιί
1635 1686 1756 1753 epi-

173 1745 328 1824 stola
370 1744 512 1824 ll7_:
552 1764 570 1797 ι
599 1744 754 1824 Unde
788 1749 1044 1824 conjicio,
1088 1753 1319 1824 inquit,
1345 1753 1586 1807 noluisse
1626 1744 1756 1810 tunc

173 1816 450 1884 temporis
481 1816 1204 1890 Septuagintainterpretes
1251 1822 1378 1877 tidei
1415 1831 1536 1878 Sua:
1569 1837 1756 1878 sacra-

174 1896 369 1964 iiienta
402 1889 1229 1964 perspicueeiliuicisprodere,
1259 1906 1328 1964 ne
1368 1902 1618 1948 sanctum
1663 1907 1750 1947 ca-

170 1955 366 2034 nibus,
391 1965 445 2008 et
471 1961 796 2034 margaritas
829 1955 1010 2034 porcis
1044 1955 1258 2034 darent.
1285 1961 1418 2026 Quae
1447 1978 1570 2034 cum
1615 1964 1754 2018 hanc

169 2025 479 2096 editionem
515 2025 792 2096 lugeretis,
817 2025 884 2084 ab
915 2030 1019 2085 illis
1043 2025 1495 2087 animadvertetis
1524 2034 1754 2088 abscon-

170 2094 322 2168 dit_:i.
347 2114 365 2147 ι
403 2097 478 2148 lta
515 2094 894 2168 Hieronymus.

252 2163 479 2245 Et‘ati‘te
506 2169 602 2222 hos
621 2163 823 2245 ριιιίξεε
858 2173 1075 2245 egregie
1100 2169 1361 2245 origenes
1390 2171 1613 2245 humilia
1639 2171 1664 2226 1
1699 2173 1754 2227 in

175 2235 556 2310 {face/rietemr
573 2256 591 2288 ι
615 2235 917 2305 Conﬁteor:
937 2235 1136 2306 inquit,
1159 2235 1419 2306 libenter,
1443 2256 1474 2294 a
1503 2243 1754 2310 sapiente

172 2305 332 2380 fideli
364 2305 703 2380 vii-edictam
735 2305 1082 2376 sententiain,
1107 2327 1268 2379 quam
1295 2305 1441 2380 saepe
1466 2305 1709 2380 suspicio
1736 2330 1748 2366 :

171 2375 260 2429 De
288 2374 395 2428 Deo
423 2378 576 2428 etiam
602 2381 942 2450 veraidtcere,
970 2374 1259 2448 periculum
1281 2374 1584 2450 est-Neque
1604 2383 1750 2436 enim

170 2461 244 2499 ea
284 2455 493 2519 tantum
529 2449 846 2519 periculosa
878 2460 1023 2514 sunt,
1050 2466 1170 2519 qua:
1201 2451 1335 2506 falsa
1369 2453 1436 2506 de
1467 2449 1532 2506 eo
1560 2452 1754 2505 dicun-

172 2525 298 2579 tur,
335 2517 428 2569 sed
470 2516 648 2590 etiam
682 2534 802 2584 quae
844 2535 970 2574 vera
1005 2516 1151 2587 sunt,
1199 2530 1254 2575 et
1299 2537 1409 2574 non
1449 2533 1753 2590 Opportune

170 2589 555 2653 proteruntur,
601 2589 800 2660 dicenti
852 2592 1151 2660 periculum
1201 2600 1409 2645 creant.
1456 2589 1750 2660 margarita

169 2670 310 2709 vera
342 2665 445 2730 est,
468 2673 488 2706 ι
521 2667 625 2730 etc.
665 2657 728 2710 Et
756 2657 882 2728 quia
931 2661 1070 2716 ratio
1103 2661 1218 2730 ipsa
1265 2661 1530 2715 naturalis
1568 2657 1748 2728 docet,

170 2727 637 2800 queiiiatliiioduin
686 2727 791 2783 non
835 2747 1026 2787 omnes
1055 2727 1295 2785 omnium
1329 2741 1459 2784 sunt
1497 2727 1746 2800 capaces,

173 2799 256 2850 ita
297 2811 397 2850 nec
429 2800 679 2855 omnibus
712 2801 942 2869 ingeniis
971 2803 1151 2856 omnia
1183 2802 1510 2869 scriptorum
1551 2799 1748 2868 genera

169 2880 304 2920 esse
336 2869 723 2941 committenda
768 2881 862 2924 aut
899 2873 1266 2941 permittenda
1307 2870 1512 2938 (futura
1544 2871 1750 2940 alioqui

169 2950 291 3008 non
321 2939 506 3008 paucis
554 2938 762 3005 fraudi,
804 2938 915 2994 non
942 2941 1329 3004 emolumento)
1362 2943 1489 2995 hinc
1526 2950 1581 2995 et
1624 2938 1752 3008 pro-

173 3007 660 3081 faniphilosuphi,
689 3012 939 3079 interque
968 3013 1091 3065 illos
1118 3012 1276 3065 Plato
1305 3020 1360 3066 et
1391 3007 1748 3081 Porphyrius,

169 3087 236 3130 ut
272 3077 386 3151 alii,
416 3077 666 3147 dogmata
713 3077 956 3136 veritatis
987 3082 1346 3145 abstriisiora,
1375 3082 1462 3136 vel
1492 3077 1750 3151 mysteria

170 3149 354 3217 magis
408 3151 722 3218 recondita,
752 3151 823 3222 in
869 3152 1060 3222 vulgus
1111 3151 1290 3206 ell'erri
1345 3151 1488 3205 haud
1545 3149 1751 3222 impru-

170 3225 372 3272 denter
395 3227 696 3274 vetuerunt.
728 3221 908 3287 Quare
943 3220 1238 3288 Scultetus,
1269 3223 1320 3276 in
1352 3236 1418 3276 eo
1447 3220 1592 3290 quod
1624 3221 1750 3276 Dio-

177 3291 399 3358 iiysiuni
431 3295 802 3358 reprehendit,
834 3290 1120 3346 manifeste
1147 3306 1202 3347 et
1235 3302 1426 3347 contra
1459 3291 1748 3356 rationein,

171 3373 232 3432 et
265 3367 454 3412 contra
497 3373 718 3416 omnem
761 3364 1180 3432 philosophiam,
1219 3371 1274 3416 et
1317 3371 1508 3417 contra
1539 3375 1752 3416 sacram

173 3429 522 3497 Scripturam
572 3429 778 3487 facere—
815 3429 1180 3488 conviiicitur.
1218 3432 1296 3487 Ac
1346 3433 1393 3486 si
1457 3445 1755 3499 argumen-

177 3510 298 3552 tum
330 3501 546 3573 quideni
576 3502 693 3573 ejus
725 3504 930 3573 valeret
954 3512 1301 3572 sequeretur,
1326 3502 1586 3573 nonnulla
1618 3517 1752 3573 quo-

170 3585 285 3638 que
319 3571 494 3624 sancti
527 3571 678 3643 Pauli
711 3572 877 3639 dicta,
905 3589 970 3627 ea
999 3571 1254 3627 nimirum
1288 3589 1408 3643 quae
1451 3571 1754 3628 eidem'Ti-

174 3645 403 3694 inotlieo
439 3657 561 3695 cuin
603 3639 733 3695 solis
767 3645 940 3699 doctis
980 3639 1440 3698 communicanda
1491 3644 1750 3709 tradidit,

173 3727 286 3763 non
335 3725 476 3774 esse,
517 3724 612 3766 aut
648 3727 839 3779 parum
891 3725 1040 3769 certe
1089 3729 1210 3768 esse
1253 3714 1571 3781 apostolica.
1620 3715 1751 3778 Qua:

170 3781 653 3854 audisti,inqiiit,
685 3801 717 3834 a
749 3800 830 3838 me
874 3801 965 3854 per
998 3787 1189 3836 multos
1234 3793 1407 3847 testes,
1450 3786 1562 3840 huic
1609 3800 1752 3837 coni-

171 3853 369 3904 mendu
398 3853 642 3920 fidelibus
686 3853 1006 3921 hominibus,
1031 3855 1122 3924 qui
1150 3856 1327 3908 idonei
1354 3866 1505 3908 erunt
1533 3862 1582 3908 et
1614 3857 1749 3909 alios

172 3929 366 3978 docete
398 3924 442 3976 ί.

253 3993 580 4047 Duodecima
622 4002 677 4048 et
703 4005 978 4063 postrema
1021 3993 1246 4050 Sculteti
1298 3994 1439 4048 ratio
1467 4004 1552 4048 est
1596 3996 1743 4052 ista:

178 4065 541 4135 «Postremo,
592 4067 795 4134 inquit,
844 4067 1025 4135 prodit
1067 4082 1126 4120 se
1172 4064 1307 4119 satis
1356 4063 1644 4121 manifeste
1693 4069 1748 4124 in

175 4144 291 4189 line
338 4133 679 4189 Hieran/tia!
712 4133 1099 4201 ecclesiasticae,
1146 4136 1238 4189 ubi
1291 4137 1512 4204 inquit:
1561 4139 1747 4194 Sancti

171 4216 542 4275 praeceptores
576 4208 748 4260 nostri
775 4223 841 4262 ex
869 4209 1099 4277 pristina
1131 4207 1422 4261 traditione
1452 4208 1630 4262 edocti
1679 4211 1747 4264 ad

170 4293 279 4332 nos
311 4277 642 4331 derivat-unt.
663 4297 683 4330 ι

245 4346 318 4401 Ει
355 4347 468 4398 haec
495 4363 712 4418 quoque
741 4348 882 4402 ratio
911 4347 1066 4404 valde
1095 4348 1394 4404 oscitanter
1426 4350 1494 4405 ab
1525 4362 1590 4404 eo
1623 4365 1750 4418 pro-

169 4421 338 4476 ducta
370 4424 472 4467 est.
521 4415 805 4473 Debuisset
835 4422 978 4473 enim
1012 4420 1312 4483 Scultetus,
1340 4431 1396 4475 et
1439 4436 1543 4490 qua
1583 4415 1648 4474 de
1692 4438 1750 4477 re

166 4491 248 4546 ibi
284 4498 640 4560 seitnoesset
665 4491 901 4559 aperire,
929 4499 986 4544 et
1012 4492 1285 4560 quomodo
1310 4492 1474 4546 verba
1503 4491 1747 4560 Dionysii

169 4563 338 4616 aliter
363 4558 625 4626 esplicari
660 4558 767 4614 non
795 4558 1045 4628 possent,~
1062 4562 1388 4627 ostendere;
1419 4576 1484 4614 ac
1511 4558 1746 4629 denique

1783 1927 1828 1982 Β
1859 1897 2091 1951 duorum
2139 1897 2576 1982 _discipulorum_,
2621 1911 2657 1982 ξ
2704 1897 2900 1982 quibus
2946 1900 3079 1979 citat

1863 634 2094 703 tiquum.
2148 634 2330 689 Potest
2380 636 2524 707 enim
2587 637 2786 705 aliquid
2839 652 2960 694 esse
3009 638 3279 707 primum,
3330 655 3434 699 nec

1859 714 2042 758 tamen
2085 713 2260 777 vetus
2287 715 2379 760 aut
2409 706 2722 775 antiquum;
2757 716 2812 762 et
2855 709 2991 763 item
3011 706 3338 777 antiquum,
3378 722 3431 766 et

1861 791 1965 850 non
2015 789 2138 830 esse
2182 775 2440 850 primum.
2478 777 2659 850 _Verba
2704 777 2880 850 igitur
2923 775 3169 850 Dionysii
3211 781 3278 834 de
3327 783 3429 836 bai-

1858 845 2067 921 ptismo_
2087 845 2432 921 parvulorum
2473 845 2912 921 Ιοίιιξεςηιίελεηιιι
2953 845 3105 921 ista}
3139 850 3275 921 Περὶ
3303 850 3430 904 τού-

1857 932 1948 990 suo
1970 915 2144 990 ταιξτά
2164 933 2362 990 φαμεν,
2386 917 2528 988 ἅπερ
2551 919 2598 990 οξ
2613 916 2860 990 θεοειδεῖς
2887 921 2918 990 ἡ
2928 919 3042 988 μῶν
3068 915 3431 990 ἱεροτελεσταὶ

1854 985 1991 1057 πρὸς
2023 986 2123 1055 τῆς
2173 985 2404 1109 (nguina;
2453 985 2746 1070 μνηοένίςες
2783 985 3432 1073 παρὰδόσεωέεζςὴιιεᾶς

1855 1058 2192 1109 προήγαγον.
2273 1073 2301 1109 e
2343 1058 2437 1109 illo
2478 1057 2590 1109 luet:
2623 1059 2865 1109 dioniius-
2897 1076 3015 1109 ana;
3058 1061 3218 1109 divini
3252 1072 3432 1109 inma-

1855 1058 2199 1128 προήγαγον,
2223 1057 2301 1110 De
2343 1058 2437 1128 illo
2478 1057 2590 1128 luet:
2623 1057 3015 1127 dicimus.’quw
3058 1061 3222 1114 divini
3252 1057 3434 1115 initia-

1855 1127 1994 1180 tores
2032 1127 2202 1181 nostri
2231 1144 2264 1181 a
2295 1127 2476 1198 prima
2509 1127 2680 1180 edocti
2725 1130 3011 1184 traditione
3053 1132 3120 1184 ad
3173 1147 3266 1184 nos
3308 1147 3433 1200 pro-

1854 1207 2120 1250 vexerunt.

1926 1265 2034 1339 Ista
2059 1281 2222 1339 porro
2251 1267 2439 1332 verba,
2464 1266 2716 1330 θεοειδεῖς
2743 1268 3126 1339 ἱεροτελεσταί,
3153 1270 3431 1338 deiformes

1856 1350 1951 1407 seu
1982 1336 2146 1392 dioitzi
2176 1339 2509 1402 initiatores;
2544 1347 2600 1393 et
2631 1354 2752 1407 qua:
2791 1336 2952 1406 paulo
2991 1336 3260 1405 inferius;
3296 1341 3430 1393 θεῖοι

1857 1406 2253 1477 καθηγεμόνες,
2287 1409 2452 1462 divini
2481 1406 2663 1473 duces,
2691 1409 2854 1464 nullis
2893 1410 3088 1464 melius
3118 1420 3431 1478 competunt

1856 1490 2022 1546 quam
2062 1479 2347 1545 apostolis,
2373 1493 2440 1548 ac
2468 1487 2754 1547 propterea
2787 1481 2854 1534 de
2893 1479 3000 1534 illis
3034 1481 3431 1548 interpretatus

1857 1556 1943 1619 est
1989 1556 2210 1602 sanctus
2244 1547 2516 1619 Maximus
2562 1549 2616 1602 in
2658 1548 2904 1619 ,Sclioliis
2948 1551 3016 1604 ad
3058 1549 3201 1603 hunc
3230 1549 3428 1604 locum.

1855 1614 2086 1688 Possunt
2120 1626 2300 1672 tamen
2327 1618 2494 1688 etiam
2542 1618 2765 1688 intelligi
2795 1621 2862 1674 de
2905 1629 3098 1674 sancto
3138 1619 3431 1673 Hierotlieo

1857 1687 1972 1758 (qui
2006 1689 2170 1741 etiam
2203 1687 2445 1758 Dionysii
2486 1687 2788 1756 praeceptor
2824 1688 2944 1758 fuit)
2974 1700 3029 1743 et
3060 1689 3126 1743 de
3154 1689 3430 1758 aliisillie-

1856 1757 2031 1829 rothei
2076 1757 2401 1829 aequalibus,
2439 1772 2532 1829 seu
2578 1758 2741 1829 etiam
2782 1760 2848 1814 de
2879 1757 3234 1829 evangelistis
3281 1757 3429 1814 Luca

1857 1837 1913 1910 e_t
1955 1825 2293 1910 Marcomani
2333 1828 2402 1910 de
2442 1827 2716 1896 aliquibus
2751 1825 3045 1910 eunumero
3066 1831 3433 1910 septuaginta

3177 1914 3431 1953 IODYSIUS

1857 1975 2104 2021 sanctum
2132 1964 2346 2020 Justu’m
2374 1980 2494 2034 cap.
2521 1967 2580 2020 li
2610 1965 2687 2020 De
2717 1968 2908 2021 divinis
2933 1969 3254 2023 nominibus.
3277 1964 3430 2024 Unde

1855 2048 1909 2091 et
1935 2046 2159 2090 sanctus
2191 2036 2469 2090 Maximus
2499 2036 2644 2092 beati
2678 2036 2917 2108 Dionysii
2951 2038 3160 2108 colligit
3188 2039 3430 2107 antiqiii~

1855 2116 2021 2160 tatem
2029 2146 2046 2162 .

1926 2176 2195 2250 Si__igitur
2229 2190 2334 2250 per:
2372 2174 2494 2250 illos
2539 2175 2754 2250 divinos
2800 2175 2970 2250 duces
3013 2186 3068 2250 et
3115 2177 3432 2250 initiatores

1855 2245 2232 2314 intelligantur
2271 2245 2617 2311 Hierotheus,
2661 2245 2866 2308 Justus,
2907 2247 3158 2315 Antipas,
3191 2245 3248 2300 ei
3277 2248 3432 2301 simi-

1854 2315 1969 2379 les,
2025 2315 2328 2370 rectissime
2387 2316 2640 2369 dicentur
2687 2316 2766 2368 illi
2823 2331 2852 2368 a
2903 2319 3080 2384 prima
3132 2316 3430 2370 traditione

1853 2385 2052 2447 edocti,
2085 2384 2189 2438 hoc
2215 2395 2320 2450 est,
2351 2399 2381 2438 a
2413 2386 2702 2440 traditione
2727 2385 3096 2453 apostolorum
3123 2404 3136 2440 :
3168 2400 3268 2438 nec
3289 2401 3430 2454 opus

1854 2456 1960 2510 erit
1991 2455 2058 2508 ad
2091 2455 2364 2508 Christum
2400 2469 2570 2524 usque
2613 2471 2912 2511 recurrere.
2952 2454 3046 2508 Sin
3086 2455 3187 2523 ipsi
3221 2454 3431 2510 intelli-

1853 2534 2052 2594 gantur
2096 2523 2348 2594 apostoli,
2381 2523 2492 2594 tum
2523 2525 2704 2580 edocti
2754 2525 3004 2580 dicentur
3033 2540 3064 2579 a
3102 2527 3276 2594 prima
3319 2536 3430 2579 tra-

1853 2593 2082 2658 ditione,
2115 2593 2219 2649 hoc
2254 2603 2360 2659 est,
2393 2610 2423 2647 a
2455 2593 2695 2660 Christo,
2739 2596 2829 2662 qui
2869 2597 3012 2664 ipsos
3065 2593 3190 2664 post
3238 2611 3428 2650 resur-

1852 2665 2155 2719 rectionem
2188 2678 2362 2730 suam,
2397 2673 2454 2717 ut
2485 2665 2552 2718 de
2603 2665 2784 2718 multis
2834 2666 2977 2730 aliis,
3023 2667 3104 2721 sic
3136 2675 3189 2718 et
3224 2666 3290 2719 de
3332 2669 3432 2720 ba-

1851 2734 2050 2803 ptismo
2083 2734 2240 2800 plene
2269 2735 2568 2788 edocuerit.
2602 2733 2736 2788 Nam
2768 2737 2990 2790 traditio
3021 2751 3128 2789 non
3157 2735 3223 2789 de
3263 2738 3432 2789 rebus

1857 2813 2066 2858 tantum
2102 2805 2341 2872 antiquis
2389 2803 2609 2867 dicitur,
2659 2804 2753 2859 sed
2800 2806 2966 2859 etiam
3006 2807 3071 2860 de
3117 2806 3316 2858 novis:
3353 2806 3429 2857 ita

1855 2883 1915 2926 iit
1966 2889 2102 2928 nova
2134 2872 2343 2927 Christi
2387 2883 2662 2942 praecepta
2704 2885 2760 2929 et
2793 2874 3121 2930 documenta
3168 2875 3432 2943 apostolis

1856 2945 2082 3009 tradita,
2127 2943 2220 2997 illo
2262 2944 2429 2998 etiam
2464 2945 2582 3012 ipso
2616 2956 2860 3014 tempore
2891 2961 2997 3014 quo
3047 2945 3429 3008 tradebantur,

1859 3025 2004 3085 recte
2031 3015 2778 3085 revocaretitur_traditiones.
2798 3012 2957 3085 567
2981 3014 3132 3069 Unde
3153 3027 3207 3068 et
3226 3013 3429 3068 Paulus

1852 3081 1895 3136 ll
1920 3083 2162 3138 Thessal.
2194 3099 2256 3147 ii,
2279 3083 2380 3138 Ma
2410 3082 2620 3152 Itaque,
2651 3081 3086 3154 fratrisﬂriquit,
3113 3092 3248 3137 state
3283 3096 3331 3138 et
3360 3096 3432 3137 te-

1853 3164 1966 3208 nete
2002 3155 2310 3206 traditiones
2341 3169 2473 3217 quas
2516 3155 2797 3221 didicistis,
2819 3171 2926 3209 sive
2969 3171 3062 3223 per
3103 3169 3426 3215 sermonem,

1853 3224 1958 3277 sive
1985 3240 2077 3292 per
2102 3223 2379 3290 epistolam
2419 3235 2672 3277 nostram.
2702 3227 2833 3289 Quae
2857 3227 3075 3292 quidem
3110 3225 3430 3278 traditiones

1853 3307 1962 3365 non
1988 3301 2240 3365 poterant
2263 3307 2384 3348 esse
2412 3302 2520 3365 tam
2550 3294 2806 3365 antiquae,
2831 3310 2995 3364 quam
3020 3295 3123 3350 illae
3143 3294 3209 3348 de
3231 3295 3432 3361 quibus

1853 3362 2178 3434 loquebatur
2213 3364 2548 3434 Dionysius.
2778 3417 2791 3434 ί.

1925 3433 2199 3488 Hactenus
2229 3434 2296 3487 de
2327 3432 2554 3488 Sculteti
2587 3432 3010 3503 objectionibus.
3040 3432 3197 3487 Nunc
3231 3433 3297 3487 ad
3323 3433 3433 3488 alia

1851 3505 2099 3572 quaedam
2134 3519 2255 3575 quae
2289 3506 2357 3558 ab
2389 3505 2510 3559 aliis
2545 3515 2897 3573 opponuntur
2937 3514 3032 3559 aut
3072 3503 3269 3575 apponi
3302 3519 3430 3573 pos-

1851 3585 2002 3638 sunt,
2036 3574 2285 3627 nonnihil
2313 3577 2683 3630 attendamus.

1927 3646 2124 3698 Dicunt
2172 3659 2302 3713 ergo
2354 3644 2601 3713 nonnulli
2663 3657 2858 3713 parum
2904 3641 3188 3712 probabile
3223 3644 3429 3708 videri,

1854 3723 2102 3783 tempore
2132 3712 2311 3768 sancti
2351 3712 2596 3783 Dionysii
2626 3712 2967 3783 A’reOpagitae
2989 3751 3005 3777 ,
3049 3715 3142 3781 qui
3187 3717 3431 3769 convixit

1851 3784 2146 3852 apostolis,
2175 3793 2381 3838 tantam
2415 3785 2581 3838 fuisse
2611 3785 3059 3838 caeremoniarum
3098 3785 3150 3836 in
3185 3785 3429 3840 Ecclesia

1850 3855 2260 3978 ιιόιᾶιιὶιμάίηθιυ
2282 3894 2298 3922 ,
2344 3865 2550 3924 quanta
2578 3854 2648 3908 ab
2673 3863 2898 3909 auctore
2929 3855 3128 3908 horum
3157 3855 3427 3910 librorum

1851 3939 1882 3978 a
1960 3937 2158 3978 ucitur.

1851 3925 2158 3984 adducitur.

1922 3994 2131 4061 Quibus
2173 4008 2274 4065 ego
2323 3993 2650 4064 reSpondeo,
2698 4009 2803 4048 non
2845 3993 2982 4048 satis
3013 3992 3183 4048 videri
3219 3994 3290 4049 ab
3320 3993 3429 4049 illis

1851 4066 2220 4123 examinatum
2251 4079 2374 4120 esse
2413 4074 2579 4133 atque
2623 4078 2991 4135 perpensum,
3030 4080 3205 4135 neque
3237 4079 3428 4118 nume-

1852 4150 1972 4191 rum
2001 4149 2188 4192 earum
2224 4134 2698 4198 caeremoniarum,
2731 4149 2906 4204 neque
2937 4134 3285 4203 qualitatem;
3318 4136 3428 4188 imo

1851 4222 1952 4261 nec
1981 4211 2353 4274 apostolorum
2376 4209 2525 4261 circa
2556 4205 2676 4259 illas
2698 4203 2785 4261 olli
2797 4203 2858 4258 cii
2881 4206 3123 4259 debitum
3147 4215 3310 4272 atque
3332 4221 3429 4259 eu-

1852 4291 1991 4330 ram.
2026 4280 2161 4334 nam
2190 4279 2260 4334 ad
2285 4293 2380 4333 eos
2407 4285 2558 4332 certe
2589 4276 2880 4345 spectavit,
2906 4274 3126 4328 abolitis
3155 4275 3430 4329 veteribus

1851 4348 2141 4405 sacrificiis
2167 4360 2332 4418 atque
2367 4349 2561 4402 ritibus
2593 4355 2650 4401 et
2677 4345 3020 4418 caeremoniis
3040 4385 3055 4411 ,
3082 4345 3185 4418 alia
3216 4345 3429 4400 sacrifi-

1850 4419 1958 4482 cia,
1983 4420 2123 4474 ritus
2150 4434 2203 4476 et
2231 4414 2586 4473 caeremonias
2607 4417 2693 4471 vel
2723 4431 2755 4467 a
2781 4414 2998 4470 Christo
3027 4416 3273 4469 instituta
3298 4429 3428 4484 pro-

1851 4503 2046 4543 curare
2076 4502 2136 4544 ut
2161 4492 2378 4555 ﬁerent,
2417 4487 2501 4541 vel
2525 4503 2637 4542 sua:
2665 4485 2853 4541 relicta
2887 4485 3252 4554 dispositioni,
3283 4500 3428 4554 prae-

1852 4559 2040 4612 sertim
2085 4563 2227 4628 quod
2257 4560 2324 4612 ad
2354 4559 2489 4612 ritus
2521 4558 2986 4624 caeseiiioniasque
3012 4560 3243 4620 attinet,
3271 4557 3433 4610 insti-

169 4613 339 4704 qiiani
379 4613 529 4681 ce-rto
579 4613 666 4696 id,
691 4613 847 4704 quod
877 4613 1080 4696 velle't,
1110 4613 1553 4704 concluderetur,
1599 4613 1746 4686 coiit:
1779 4613 1822 4668 D
1857 4639 2030 4683 tuere.
2071 4613 2183 4686 Nec
2204 4613 2356 4684 enim
2390 4639 2501 4682 tam
2543 4630 2680 4682 bene
2695 4613 2980 4704 constare,
3015 4613 3264 4704 tantique
3307 4629 3430 4680 tieri

169 4701 484 4772 monstrare
512 4716 526 4752 :
559 4717 790 4770 quorum
834 4701 997 4755 homo
1042 4716 1230 4757 socors
1261 4703 1397 4756 nihil
1446 4701 1600 4755 fecit.
1627 4704 1754 4772 Agit

165 4789 306 4842 ergo
341 4773 413 4822 ibi
456 4771 747 4841 Dionysius
792 4772 858 4826 de
905 4773 1176 4840 baptismo
1219 4772 1610 4843 parvulorum,
1657 4778 1750 4827 do-

167 4841 392 4910 cetque,
434 4845 727 4910 traditione
757 4843 1128 4908 apostolorum
1168 4841 1340 4898 licere
1373 4841 1631 4910 parvulos
1660 4844 1754 4898 ba-

167 4909 404 4984 ptiz’are.
437 4909 546 4966 Nec
573 4915 717 4984 enim
747 4913 971 4966 dubium
1021 4916 1176 4981 quin,
1199 4909 1619 4969 circumcisione
1640 4914 1752 4982 jam

166 4983 356 5039 ablata
404 4990 460 5034 et
514 4983 756 5049 abolita,
802 4984 1092 5051 quaesitum
1143 4984 1306 5039 fuerit
1359 4985 1427 5038 ab
1464 4985 1750 5052 apostolis,

166 5057 302 5124 quid
356 5053 540 5126 pueris
581 5067 744 5122 atque
796 5053 1098 5108 infantibus
1137 5056 1222 5126 (ut
1268 5055 1448 5110 solent
1492 5055 1644 5108 mnlti
1697 5057 1751 5108 in

167 5122 374 5181 tl-iiella
424 5122 517 5174 illa
562 5132 618 5177 et
663 5127 781 5179 rudi
832 5135 994 5178 actate
1039 5122 1366 5194 intermori)
1414 5126 1479 5178 ad
1519 5127 1750 5179 salutem

165 5199 318 5250 iacto
359 5208 496 5262 opus
541 5203 706 5257 esset,
742 5199 1119 5263 baptismusne
1155 5196 1259 5248 illis
1307 5195 1670 5262 adhibendus,
1698 5205 1753 5249 et

164 5278 449 5335 quomouo
487 5279 502 5316 :
538 5267 886 5334 respondisse
929 5276 1108 5318 autem
1157 5266 1458 5334 apostolos,
1496 5274 1550 5316 et
1583 5269 1754 5319 tradi-

164 5343 318 5392 tisse
349 5337 448 5404 (uti
486 5338 644 5390 docet
677 5337 995 5406 Dionysius)
1034 5338 1157 5390 illos
1198 5351 1320 5390 esse
1365 5337 1749 5404 baptizandus,

165 5410 412 5462 ntaxiiite
440 5406 494 5459 in
528 5413 725 5461 mortis
753 5408 1013 5475 periculo.
1043 5407 1148 5460 Ista
1187 5419 1368 5460 autem
1406 5408 1624 5459 traditio
1657 5421 1752 5460 vo-

164 5490 290 5532 cata
322 5487 406 5530 est
449 5478 519 5530 ab
565 5487 789 5531 auctore
823 5489 1008 5530 nostro
1043 5476 1249 5548 ἀρχαία
1284 5477 1607 5548 παράδοσις,
1647 5478 1750 5532 hoc

161 5559 250 5603 est
283 5549 457 5617 prima
485 5564 577 5601 seu
606 5547 1178 5619 priiitigeniartradittv.
1207 5548 1341 5601 Nam
1368 5567 1490 5603 cuni
1523 5551 1754 5619 dipxot‘t’og

165 5621 327 5687 plura
385 5620 690 5687 signiticet,
732 5623 849 5688 eius
891 5618 1322 5690 signiﬁcationes
1363 5635 1460 5688 pro
1505 5618 1749 5690 subiecta

167 5693 402 5761 inateria
432 5692 710 5761 capiendae
738 5701 884 5744 sunt.
917 5689 1063 5744 Inter
1090 5689 1214 5761 alia;
1235 5704 1364 5744 vero
1407 5690 1576 5761 (quod
1610 5689 1690 5745 vel
1719 5704 1750 5744 e

167 5759 394 5815 Lextcis
431 5760 641 5814 addisci
683 5768 860 5830 potest
877 5763 897 5824 )_
917 5761 1057 5818 sicut
1080 5759 1226 5832 ἀρχή
1275 5759 1630 5831 principium.
1674 5764 1746 5817 ita

248 5901 268 5941 ί
298 5898 345 5954 ιι
374 5897 518 5956 Tim.
547 5921 614 5972 ιι,
637 5904 696 5963 2.

1856 4713 1943 4754 res
1969 4714 2156 4756 sacras
2183 4704 2392 4770 absque
2419 4699 2782 4765 caeremoniis,
2802 4714 2966 4768 quam
3003 4712 3124 4752 cum
3153 4701 3282 4764 illis,
3317 4706 3432 4750 tam

1854 4784 1925 4824 ex
1951 4772 2069 4840 ipso
2105 4769 2702 4836 Vetere’Testaniento,
2742 4785 2907 4837 quam
2943 4783 3012 4822 ex
3043 4770 3279 4840 Spiritus
3301 4783 3431 4840 san-

1854 4845 1930 4896 eti
1967 4839 2226 4897 unctione
2250 4843 2366 4912 (qui
2401 4841 2549 4910 ipsos
2580 4841 2765 4894 omnia
2794 4840 3001 4910 docuit)
3029 4843 3198 4909 probe
3224 4839 3431 4912 didice-

1854 4921 1997 4966 rant.
2031 4913 2098 4968 Et
2126 4916 2193 4969 de
2222 4909 2410 4968 earum
2426 4909 2786 4964 multitudine
2826 4912 2958 4978 quid
2999 4912 3204 4963 frustra
3247 4917 3302 4962 et
3328 4909 3431 4960 iiii-

1854 4985 2050 5037 iiierito
2109 4983 2423 5053 arguimur?
2485 4995 2610 5034 cum
2667 4995 2920 5053 numero_
2962 4982 3077 5034 fere
3137 4982 3428 5053 innumero

1852 5055 2036 5122 plures
2066 5055 2118 5108 iii
2155 5049 2324 5109 v'eteri
2355 5053 2497 5120 Lege
2529 5066 2626 5118 per
2655 5066 2826 5122 unum
2872 5049 3124 5120 Moysen,
3170 5061 3333 5116 quam
3374 5050 3429 5102 in

1854 5121 1996 5177 iiova
2035 5139 2134 5191 per
2157 5124 2447 5178 duodecim
2476 5121 2960 5188 quatuordeciinve
2985 5122 3261 5191 apostolos
3297 5135 3431 5174 cono

1853 5189 2056 5248 stitutze
2087 5195 2215 5248 sint.
2265 5193 2452 5261 Neque
2499 5205 2676 5245 tamen
2722 5191 2873 5246 illum
2920 5201 3032 5244 tam
3079 5189 3430 5244 familiariter

1852 5280 1976 5318 cum
2018 5266 2211 5334 angelo
2241 5273 2519 5318 versatum
2563 5277 2688 5316 esse
2719 5263 3108 5334 credider_i_iii_,_
3132 5275 3292 5326 quam
3326 5262 3429 5334 hos

1852 5349 1976 5390 cum
2024 5331 2280 5390 Christo:
2312 5348 2488 5401 neque
2539 5345 2726 5400 tanta,
2796 5333 2928 5386 item
2967 5331 3209 5398 Spiritus
3253 5331 3428 5385 sancti

1852 5406 2048 5474 gratia,
2083 5421 2246 5474 quam
2274 5406 2520 5470 eosdem,
2545 5405 2715 5458 fuisse
2744 5405 3047 5473 perfusum.

1923 5478 2076 5530 Adde
2100 5472 2268 5544 porro
2298 5492 2388 5530 eas
2410 5472 2791 5538 caeremonias,
2824 5487 2945 5541 quae
2981 5487 3012 5525 a
3045 5472 3310 5544 Dionysio
3333 5477 3427 5530 de-

1851 5549 2066 5614 scripta:
2103 5559 2247 5611 sunt,
2279 5561 2400 5602 esse
2427 5561 2653 5600 numero
2679 5559 3013 5613 perpaucas,
3038 5553 3092 5598 et
3119 5545 3424 5614 aliquorum

1853 5622 2120 5672 duntaxat
2149 5628 2638 5678 sacramentorum,
2665 5631 2770 5669 non
2804 5617 3073 5679 omnium,
3103 5625 3157 5669 et
3181 5632 3276 5670 eas
3299 5622 3428 5686 qui-

1851 5690 1974 5742 detn
1996 5731 2014 5757 ,
2063 5699 2120 5742 ut
2165 5690 2274 5744 illis
2325 5690 2498 5743 initiis
2521 5728 2536 5752 ,
2570 5688 2862 5756 perbreves
2905 5695 2960 5740 et
2995 5688 3286 5759 pert'aciles
3318 5706 3332 5742 :
3367 5697 3428 5741 ut

1851 5759 2182 5818 venerabilis
2209 5761 2659 5826 eucharistiam“
2679 5773 2960 5816 sacrorum
2989 5762 3281 5825 ordinum;
3310 5762 3403 5829 qui
3428 5794 3430 5796 τ
