3882 6586
75 469 132 525 ιδ
993 468 1054 528 Ρ.
1081 466 1384 524 ι-ιΑιιοιχ
1427 463 1573 522 SOC.
1607 465 1633 522 J

1739 464 1774 522 U
1813 463 2276 534 QUA‘ZSTIONES
2311 464 2400 522 IV.

3206 468 3311 526 9‘26

76 603 227 640 rrum
260 586 562 656 Epistolis:
592 587 683 643 ubi
707 589 831 643 vita:
857 587 1184 644 Christiana:
1252 588 1476 642 erfectio
1499 602 1633 642 cori-

77 669 264 711 netur
304 668 360 712 et
390 659 824 714 commendatur.
861 661 995 714 sive.
1031 675 1154 714 cum
1206 605 1460 714 gltristus
1489 673 1633 714 anae-

1740 591 1920 652 πικοῖς
1952 587 2202 642 κάλλεσιν
2225 629 2239 652 ,
2291 587 2408 643 ἀλλ’
2457 585 2676 649 ἑνιαίοις
2728 585 2820 640 καὶ
2856 591 3108 660 μοναχοτς
3139 595 3220 658 εἰς
3250 601 3312 654 τὸ

1743 659 2142 714 Θεοειδέστατον
2161 658 2522 714 ἀναγομένην.
2561 656 2884 714 Capillorum
2921 673 3098 714 autem
3127 668 3312 714 detan-

77 669 264 711 netur
304 668 360 712 et
390 659 824 722 commendatur,
861 661 995 724 sive,
1031 675 1154 714 cum
1206 659 1460 714 Christus
1489 673 1637 725 qna:-

76 729 180 781 2nti
214 734 296 783 de
330 729 439 783 vita
471 738 678 782 acterna
731 730 1061 784 adolescenti
1116 729 1439 798 respondit:
1473 727 1534 782 Si
1564 729 1638 781 vis

76 797 326 863 arfectus
355 815 483 862 esse,
508 802 661 864 vade,
702 803 861 853 vende
885 816 1000 869 qua:
1043 797 1222 860 habes,
1253 808 1300 852 et
1338 798 1407 851 da
1439 814 1641 866 paupe-

76 869 219 928 bus,
252 877 312 921 et
339 869 552 922 habebis
579 869 883 923 tltesaurum
918 870 971 922 in
994 873 1119 923 caelo
1144 886 1163 924 :
1185 880 1231 923 et
1269 869 1400 930 veni,
1427 883 1640 936 sequere

75 945 208 991 ιε’.
257 937 330 990 Ει
366 954 488 992 cum
534 937 814 1008 discipulis
856 941 1035 993 dixit:
1066 940 1203 994 Sunt
1250 938 1512 1002 eunuchi,
1549 937 1639 1008 qui

76 1025 87 1056 ε
126 1025 290 1074 ipsos
330 1019 685 1062 castraverunt
721 1023 932 1076 propter
961 1026 1173 1077 regnum
1219 1009 1487 1061 caelorum.
1533 1008 1638 1072 Qui

75 1090 212 1129 utt'st
263 1095 487 1142 capere,
517 1081 688 1147 capiat
715 1089 764 1131 η.
803 1080 932 1132 Sive
961 1096 1084 1133 cum
1133 1079 1329 1132 Paulus
1363 1079 1429 1130 ad
1466 1079 1637 1131 casti-

75 1148 306 1201 toniam
351 1149 647 1202 adhortans
692 1152 807 1202 ait:
853 1147 978 1202 Volo
1017 1158 1193 1202 autem
1243 1164 1330 1202 vos
1369 1148 1480 1202 sine
1530 1149 1639 1200 sol-

77 1219 340 1271 citudine
382 1234 515 1270 esse.
568 1219 671 1283 Qui
735 1236 897 1274 uxore
946 1230 1062 1283 est,
1097 1218 1352 1272 sollicitus
1399 1228 1473 1272 est
1517 1233 1636 1286 qua:

75 1297 170 1338 unt
205 1289 422 1352 mundi,
451 1293 711 1356 quomodo
741 1293 945 1357 placeat
976 1290 1152 1349 uxori.
1174 1289 1226 1342 ἐι
1257 1288 1453 1340 divisus
1484 1298 1558 1340 est
1586 1294 1633 1340 ο.

75 1363 117 1410 ‘.x
170 1357 276 1411 illo
331 1357 474 1410 enim
533 1368 811 1427 tempore,
852 1361 1004 1412 velut
1059 1359 1244 1412 audito
1292 1357 1637 1427 perfectioris

79 1429 172 1480 ita:
214 1429 458 1482 classico
497 1439 550 1482 et
595 1430 887 1497 apostolica
921 1429 1197 1483 castitatis
1247 1429 1374 1482 tuba
1411 1439 1634 1482 cuncto-

75 1513 167 1550 utn
210 1500 450 1551 auribus
491 1499 800 1563 insonante,
827 1501 1048 1569 plurimi
1071 1502 1140 1553 ad
1172 1498 1636 1569 castimoniautet

77 1569 173 1620 itte
216 1571 522 1636 puritatem
555 1584 584 1620 a
625 1567 966 1624 smcularium
1012 1570 1347 1638 negotiorum
1401 1567 1631 1620 tumultu

75 1647 331 1692 ecretam
365 1640 694 1710 aspiravere.
736 1639 897 1710 572
935 1640 1106 1706 Quam
1139 1640 1232 1707 qui
1277 1647 1503 1710 externo
1536 1638 1634 1710 ita:

83 1710 162 1760 itu
195 1718 258 1762 et
286 1707 626 1776 professione
655 1707 894 1764 curia—nr
908 1712 1217 1774 faciebant,
1251 1708 1500 1762 monachi
1545 1707 1631 1761 vel

78 1779 303 1832 ultores
335 1777 782 1846 appellabantur;
813 1780 905 1834 alii
934 1790 1110 1834 autem
1145 1788 1352 1832 tantum
1391 1777 1628 1832 caelibes.

75 1849 108 1901 2t
162 1850 370 1902 borum
402 1849 619 1917 quidem
663 1850 910 1903 caalibunt
969 1851 1023 1904 itt
1069 1861 1298 1917 utroque
1343 1863 1472 1902 sexu
1524 1864 1630 1902 non

79 1933 360 1972 aucorum
391 1919 759 1972 meminerunt
801 1921 1027 1974 secundi
1077 1920 1259 1974 sasruli
1305 1919 1626 1985 scriptores,

84 1999 102 2041 t
141 1997 348 2060 notant
381 1989 446 2042 ad
475 1987 654 2043 Vitam
705 1988 762 2044 S.
789 1988 987 2044 Justini
1022 1989 1347 2060 philosophi.
1377 1988 1626 2060 Priorum

81 2068 262 2122 utem,
296 2059 414 2113 sive
446 2061 837 2114 monachorum
870 2059 1031 2129 (quia
1053 2059 1261 2114 scilicet
1291 2059 1426 2112 nihil
1451 2059 1630 2128 genti-

76 2145 177 2181 utut
215 2130 521 2192 intererat,
554 2140 743 2184 contra
773 2146 911 2200 quos
957 2130 1276 2184 scribebant
1297 2145 1438 2200 ,geos
1468 2144 1630 2183 nosse

81 2201 132 2251 el
185 2200 330 2252 tales
380 2200 516 2252 ritus
548 2200 712 2269 scire)
763 2198 866 2255 non
905 2201 1291 2255 meminerunt.
1323 2198 1455 2251 Nam
1497 2201 1631 2253 satis

75 2269 336 2323 labebant
360 2271 677 2332 ostendere,
705 2269 1047 2325 Christianos
1101 2285 1208 2323 non
1239 2284 1361 2324 esse
1389 2273 1630 2336 impuros

83 2352 101 2390 t
129 2342 398 2401 inceStos,
424 2341 877 2409 quemadmodum
914 2343 1014 2409 ipsi
1057 2355 1150 2394 eos
1173 2341 1628 2395 criminabantur.

75 2411 209 2464 titus
251 2420 438 2463 autem
469 2411 832 2465 consecrandi
867 2412 1230 2472 monachum,
1280 2421 1338 2462 ut
1370 2412 1462 2462 illo
1502 2419 1630 2462 tent-

75 2495 205 2546 θοι-ε,
244 2480 336 2533 hic
370 2488 452 2533 est
485 2497 498 2533 :
547 2482 817 2535 Sacerdos
852 2491 978 2535 ante
1021 2486 1193 2534 altare
1223 2491 1404 2534 certas
1435 2494 1629 2548 preca-

76 2553 231 2621 iones
279 2566 379 2619 pro
404 2553 797 2615 consecrando,
831 2554 921 2621 qui
955 2564 1076 2620 post
1107 2551 1260 2604 illnnt
1290 2562 1470 2604 rectus
1496 2559 1628 2615 stat,

75 2622 116 2672 ιιι
156 2619 334 2672 Deum
363 2624 603 2691 spargit;
637 2619 1064 2689 quibus’linitis,
1088 2623 1155 2674 ad
1185 2637 1309 2674 eum
1333 2660 1346 2682 ,
1373 2621 1463 2688 qui
1493 2635 1629 2672 con-

77 2692 357 2744 ecrandus
397 2703 516 2755 est,
544 2707 842 2748 conversus
889 2694 1054 2761 petit,
1099 2707 1166 2744 an
1201 2692 1361 2744 rebus
1402 2702 1459 2761 et
1485 2691 1631 2743 curis

76 2763 415 2816 arcularibus
441 2765 688 2816 ttuntiunt
713 2760 983 2828 remittat;
1007 2773 1258 2832 oportere
1277 2761 1421 2813 enim
1451 2760 1628 2832 ipsum

75 2832 223 2884 titam
264 2834 474 2899 reliquo
502 2834 698 2902 populo
726 2831 1107 2900 perfectiorem
1135 2831 1453 2902 instituere:
1481 2831 1627 2898 quod

76 2902 365 2955 trolessutn
392 2901 569 2974 forma
597 2906 777 2958 crucis
801 2906 980 2974 signat
1003 2944 1018 2968 ,
1048 2905 1340 2970 tondctqne
1383 2901 1630 2954 invocata

75 2973 414 3026 .anctissima
440 2971 728 3037 Trinitate,
759 2986 814 3028 et
838 2971 1009 3030 veteri
1040 2983 1264 3028 exutum
1292 2982 1460 3036 veste,
1491 2986 1629 3023 nova

77 3043 255 3108 nduit,
289 3043 528 3108 salutat,
559 3054 616 3098 et
643 3061 764 3098 cum
798 3045 889 3099 illo
925 3045 1017 3098 alii
1047 3045 1148 3096 viri
1191 3043 1360 3106 sacri,
1387 3059 1452 3096 ac
1479 3053 1632 3110 post-

75 3126 206 3163 cmo
236 3127 398 3167 sacra
428 3117 811 3169 communione
840 3117 1030 3169 donat.

123 3182 202 3235 En
235 3186 420 3255 omnis
450 3185 608 3248 ritus,
638 3200 863 3254 propter
885 3200 1046 3255 quem
1068 3223 1084 3249 ,
1109 3182 1264 3252 quasi
1305 3181 1397 3255 illo
1428 3181 1628 3238 saeculo

75 3254 459 3321 ‘ecentiorem,
496 3264 658 3309 tanta:
697 3254 914 3310 scilicet
951 3256 1218 3310 adversus
1251 3254 1456 3321 scripta
1502 3255 1633 3308 Dio-

1743 659 2142 714 Θεοειδέστατον
2161 658 2522 728 ἀναγομένην.
2561 656 2884 724 Capillorum
2921 656 3098 714 autem
3127 656 3314 722 deton-

1741 732 1824 784 sio
1846 747 2034 801 puram
2065 745 2158 782 nec
2185 729 2419 801 fucatam
2447 729 2604 801 vitam
2639 728 2910 801 declarat,
2956 747 3058 783 non
3095 734 3308 801 ﬁclitia-

1741 816 1858 852 runt
1889 799 2182 868 figurarum
2224 798 2522 866 adjectione
2564 798 2953 868 deformitatem
2993 798 3183 857 mentis
3209 810 3314 860 ad-

1741 867 2015 924 ornantem
2039 911 2054 934 ,
2089 871 2180 922 sed
2208 871 2373 937 ipsum
2405 869 2460 920 in
2487 883 2540 920 se
2567 867 2681 932 ipsa
2703 908 2719 933 ,
2766 884 2870 920 non
2915 869 3178 935 humana,
3216 880 3307 932 sed

1739 941 2005 1009 singulari
2027 947 2077 992 et
2110 941 2265 991 unica
2286 939 2705 1006 pulchritudine,
2731 939 2800 991 ad
2833 939 2888 991 id
2916 942 3056 1009 quod
3086 943 3309 1002 divinis-

1739 1011 1929 1064 simum
1965 1019 2066 1072 est,
2111 1009 2478 1062 adducentem.

1810 1080 1943 1134 Nota
1983 1080 2134 1158 item,
2173 1083 2242 1132 de
2272 1077 2782 1158 sintplicitonsiope
2807 1079 2954 1149 loqui
2982 1081 3070 1138 hic
3099 1083 3308 1158 Diony-

1739 1151 1904 1214 sium,
1940 1165 2048 1204 non
2090 1151 2157 1203 de
2198 1160 2445 1209 lonSnra,
2474 1156 2531 1200 ut
2569 1147 2679 1214 jattt
2723 1147 3038 1217 loquuntur,
3063 1147 3303 1212 clericali

1738 1233 1830 1274 aut
1861 1220 2164 1274 monachali
2197 1220 2250 1274 itt
2287 1233 2504 1274 coronae
2528 1218 2766 1278 modum,
2788 1223 2998 1274 tametsi
3030 1223 3111 1276 illa
3139 1228 3302 1281 etiam

1738 1293 1960 1412 antiqua
1998 1291 2185 1362 (unde
2233 1299 2289 1343 et
2327 1289 2624 1370 antiquitas
2669 1289 2929 1343 horumce
2971 1295 3303 1360 scriptorum

1738 1361 1868 1412 tntel
1895 1361 2171 1412 tanturl'et
2195 1375 2291 1412 uer
2319 1360 2480 1412 verba
2519 1358 2630 1412 illa.
2656 1358 3010 1412 ἐπιπλάστους
3039 1366 3300 1412 cannam-

1738 1358 2171 1435 intelligituryet
2194 1375 2291 1435 per
2319 1360 2480 1435 verba
2508 1358 2630 1435 illa,
2656 1358 3010 1435 ξςιῑιπλὰστοις
3039 1358 3302 1435 σχήμασι,

1734 1427 1936 1498 ﬁctitiis
1951 1427 2156 1500 ﬁguris,
2183 1427 2233 1484 et
2249 1427 2593 1492 ὲπιθετικῶς,
2611 1428 2882 1495 adjective,
2902 1427 3309 1499 prorsus'videri

1739 1502 2008 1572 respicere
2043 1502 2108 1572 ad
2153 1515 2340 1572 coinas
2386 1501 2840 1572 Atheniensium,
2885 1517 3021 1568 quas
3051 1506 3303 1572 adjectis,

1735 1580 1795 1624 ut
1821 1571 1929 1624 dixi
1955 1571 2138 1624 aureis
2163 1571 2367 1624 cicadis
2388 1569 2746 1624 adornabant.
2776 1568 2851 1621 De
2880 1573 3076 1639 quibus
3099 1568 3308 1632 cicadis

1735 1657 1834 1711 ago
1866 1642 2112 1711 pluribus
2141 1642 2194 1695 itt
2230 1641 2604 1694 notationibns
2635 1641 2701 1711 ad
2731 1639 2909 1695 Vitam
2956 1644 3128 1697 sancti
3179 1646 3306 1699 Hie-

1735 1710 1934 1766 rothei.
1977 1713 2058 1765 Ad
2086 1713 2256 1767 vestis
2297 1726 2460 1779 porro
2493 1710 2846 1764 mutationem
2881 1713 3026 1779 quod
3071 1715 3304 1781 attinet,

1731 1796 1798 1835 ex
1838 1782 2142 1837 inuitatione
2175 1782 2458 1836 descendit
2502 1781 2953 1835 caeremoniarum
3009 1783 3307 1851 baptisma-

1739 1853 1831 1914 tis,
1863 1853 1938 1904 uti
1962 1853 2152 1906 eodem
2178 1853 2298 1905 loco
2330 1853 2569 1905 insinuat
2593 1852 3154 1922 ευιιοιιιελυίυιιγδὶυε.
3177 1857 3304 1910 dum

1659 1948 1702 2003 Β
1733 1922 1815 2003 sic
1836 1922 2074 2003 scribit:
2099 1922 2184 2003 ,Ἦ
2217 1922 2284 2003 δὲ.
2301 1922 2403 2003 in};
2436 1921 2708 2003 προτέρας
2760 1919 2999 2003 sabinos;—
3033 1925 3308 2003 ἐξποϐρλῂ,

1732 1992 1826 2066 κα).
1874 1993 1974 2066 τῆς
2024 1992 2240 2066 ὲῖέρας-
2267 1991 2428 2062 λῆψις
2461 1991 2558 2066 τὴν
2591 1992 2698 2066 dare
2736 1991 2906 2066 μέσης
2959 1995 3111 2064 ἱερᾶς
3136 1991 3308 2066 -ζωῆς

1731 2063 1824 2137 ξπ).
1871 2061 1970 2137 τῂν
2015 2061 2349 2137 (τελέωτξραν
2395 2061 2685 2137 μεαιξάπαξιν
2713 2061 3308 2137 ῌὲμφαξνειίΚᾳΟάπέρ

1731 2131 1834 2206 ὲπὶλ
1870 2131 2172 2206 τῆς-ἱερᾶς
2222 2131 2564 2206 θίευγενεσίᾳς
2611 2135 2643 2203 ή
2678 2133 2778 2206 τῆς
2809 2132 3033 2206 ὲσΘῆτρς
3083 2131 3309 2206 ἄμειψιξ

1730 2202 2046 2278 ὲδῄλουήτὴν
2071 2202 2188 2278 ἀπὸ
2224 2202 2639 2278 δᾳθαιρομένηςς
2674 2202 2820 2278 ζῳῆς
2853 2205 2932 2278 εις
2967 2202 3309 2278 θεωρήτωὲὴν

1731 2271 1824 2329 καὶ
1858 2271 2193 2344 φωτιὰτικὴν
2227 2274 2339 2340 ἕξιν
2385 2271 2697 2343 ἀνάγωγήν.
2719 2271 2920 2344 Prioris
2948 2271 3309 2331 autem'vestis

1733 2341 1960 2414 abjectio
1977 2355 2024 2397 et
2055 2341 2274 2397 alterius
2305 2346 2598 2414 assumptio
2622 2341 3007 2414 traductionem
3032 2347 3304 2412 significat

1729 2432 1762 2467 α
1791 2411 1962 2468 media
1996 2430 2151 2468 sacra
2188 2416 2292 2468 vita
2335 2416 2402 2467 ad
2426 2413 2815 2480 perfectionem.
2849 2411 3307 2476 Quemadmodum

1730 2486 1787 2538 in
1809 2501 1964 2538 sacra
1995 2488 2385 2554 regeneratione
2425 2485 2576 2537 vestis
2608 2483 2855 2545 mutatio,
2882 2485 2998 2536 vita:
3019 2523 3034 2546 ,
3063 2501 3178 2551 qua:
3215 2503 3308 2539 ea:-

1730 2559 1998 2624 piabatur,
2032 2555 2409 2608 subvectiouem
2435 2555 2502 2606 ad
2534 2562 2730 2624 statum
2760 2554 3213 2619 contemplationis
3249 2568 3303 2609 et

1731 2623 2138 2678 illuminationis
2179 2624 2595 2678 demonstrabat.
2658 2623 2734 2694 De
2780 2626 3027 2694 tonsione
3070 2627 3308 2694 denique

1732 2696 2163 2761 monachorum,
2203 2696 2320 2748 sive
2364 2709 2556 2748 eorum
2579 2732 2596 2755 ,
2625 2693 2720 2758 qui
2754 2693 3049 2761 perfectius
3090 2710 3152 2748 ac
3182 2693 3309 2749 san-

1734 2769 1877 2818 ctins
1901 2765 2110 2817 vivendi
2134 2780 2308 2835 genus
2329 2765 2741 2832 proliterentnr,
2763 2763 2910 2830 quod
2929 2765 3039 2817 dixi
3067 2781 3098 2818 e
3116 2763 3310 2820 Vetere

1733 2835 2085 2889 Testamento
2113 2837 2420 2888 derivatum
2451 2876 2464 2900 ,
2495 2835 2673 2888 habeo
2705 2835 2835 2886 tttilti
2869 2837 3306 2901 patrocinantem

1732 2906 1994 2958 Isidor-nm
2048 2904 2415 2973 Hispalensem
2447 2905 2763 2972 episcopum
2785 2942 2801 2966 ,
2836 2905 2974 2957 libro
3007 2905 3080 2957 De
3108 2907 3303 2959 divinis

1732 2976 1913 3046 oﬁ'iciis
1940 3015 1954 3040 ,
1984 2975 2077 3046 ubi
2129 2976 2244 3028 haec
2295 2975 2488 3046 scribit
2517 2991 2532 3026 :
2571 2991 2589 3024 ι
2621 2974 2880 3027 Tonsurae
2915 2976 3304 3030 ecclesiasticae

1733 3045 1869 3100 usus
1897 3062 1926 3098 a
1951 3045 2258 3110 Nazaraeis,
2294 3047 2346 3098 tti
2391 3045 2582 3108 fallor,
2610 3054 2833 3098 exortus
2864 3055 2980 3108 est,
3025 3047 3118 3110 qui
3153 3050 3302 3113 prius

1731 3117 1888 3170 crine
1930 3125 2180 3179 servato,
2215 3118 2390 3170 denuo
2430 3125 2552 3184 post
2584 3130 2835 3183 magnam
2877 3116 2997 3168 vita:
3021 3119 3310 3170 continen-

1735 3185 1902 3254 tiam,
1949 3186 2238 3240 devotione
2273 3187 2542 3255 completa
2565 3224 2581 3248 ,
2609 3184 3085 3255 caputradebant,
3120 3197 3175 3239 et
3215 3202 3312 3241 ca-

1735 3256 1893 3325 pillos
1919 3256 1970 3309 in
1998 3257 2178 3326 ignem
2205 3253 2462 3310 sacrificii
2487 3269 2690 3324 ponere
2715 3253 3073 3323 jubebantur,
3093 3257 3310 3311 scilicet

76 3303 207 3391 ιγέῆ
244 3303 421 3378 iam};
443 3303 1630 3395 1355.53;gnatum"iactasti.
1657 3303 1701 3364 (ἶ
1735 3303 3313 3395 ἷιἶ’ῥὲτῖὁέῧόἧέἰιΓιῖέἑῶῐίὸῆιέ’ἐῐιᾶεξὑῦῖιῖιῖἑό’ἑὸἧὲὲὶξῇ

76 3396 163 3466 iis,
197 3408 332 3466 qua:
365 3396 510 3449 dicta
543 3406 692 3461 sunt,
716 3397 984 3466 assignari
1023 3403 1222 3466 potest,
1245 3394 1392 3463 quod
1425 3396 1494 3449 ab
1525 3396 1634 3448 ini-

75 3465 136 3516 tio
163 3479 275 3519 non
310 3465 500 3532 fuerit,
520 3476 612 3518 aut
636 3482 758 3521 esse
785 3482 892 3521 non
925 3465 1208 3522 debuerit?
1231 3468 1313 3518 An
1343 3479 1448 3518 non
1473 3479 1634 3534 opor-

75 3533 161 3607 .uit
185 3550 307 3603 eos,
334 3536 533 3604 quibus
566 3537 710 3590 inter
743 3552 1080 3607 congeneres
1116 3533 1630 3607 laicosfvirtute’ex-

75 3604 289 3676 :ellendi
333 3608 576 3660 studium
620 3609 724 3661 fuit
749 3647 764 3673 ,
797 3604 906 3676 quo
935 3619 992 3663 et
1018 3607 1140 3661 aliis
1181 3606 1544 3676 praelucerent
1568 3622 1634 3662 ac

75 3674 198 3728 velut
221 3677 373 3731 faces
398 3681 466 3731 ad
493 3679 578 3732 sui
606 3674 964 3734 imitationem
999 3674 1361 3733 accenderent
1384 3715 1400 3741 ,
1431 3678 1622 3746 aliquo

75 3748 616 3802 :xtrinsecusshabitu
657 3759 715 3804 et
757 3751 992 3803 instituti
1029 3751 1112 3803 sui
1163 3749 1634 3802 demonstratione

75 3817 354 3889 listingui?
385 3817 520 3872 Nam
565 3828 624 3873 et
670 3829 956 3889 propterea
1006 3820 1281 3873 variorum
1327 3827 1633 3889 temporum

76 3888 123 3937 td
151 3887 294 3943 hanc
325 3903 496 3958 usque
519 3887 735 3945 tetatem
767 3887 1048 3954 Successu,
1073 3899 1152 3943 tot
1178 3903 1245 3942 ac
1274 3899 1382 3939 tam
1414 3887 1549 3939 varii
1577 3897 1634 3941 et

75 3959 279 4029 uahitu,
309 3968 364 4012 et
404 3960 650 4016 moribus
695 3970 751 4014 et
801 3961 1007 4029 regulis
1048 3959 1295 4029 distincti
1346 3959 1630 4010 hominum

75 4028 436 4097 religiosorum
473 4033 694 4086 ordines
721 4047 827 4086 non
873 4028 1034 4085 modo
1063 4033 1129 4084 ad
1161 4028 1423 4082 Ecclesiae
1450 4029 1632 4096 Splen-

75 4101 243 4152 Joretn
291 4111 458 4169 atque
492 4112 914 4166 ornamentum,
960 4101 1057 4156 sed
1106 4101 1174 4154 ad
1213 4097 1455 4166 ejusdem
1508 4113 1632 4167 per-

75 4182 310 4236 magnam
343 4187 560 4241 quoque
585 4174 878 4226 utilitatem
905 4170 1162 4225 suscitati
1207 4178 1357 4224 sunt.
1388 4172 1542 4241 Quod
1584 4169 1633 4222 si

75 4240 256 4292 bonum
287 4242 407 4308 fuit,
441 4239 622 4310 aliqua
650 4246 704 4296 itt
736 4243 932 4313 populo
967 4244 1112 4296 velut
1132 4241 1434 4313 luminaria
1460 4239 1632 4292 collu-

75 4323 222 4374 θεῖε»
259 4321 426 4380 alqne
465 4318 530 4368 ab
565 4315 690 4368 aliis
711 4311 1006 4384 distingui;
1038 4312 1237 4367 melius
1266 4311 1548 4379 magisque
1577 4325 1631 4384 tu

75 4391 314 4449 promptu
358 4384 583 4438 formari
616 4401 680 4439 ea
726 4382 1004 4438 distinctio
1047 4384 1254 4452 potuit,
1287 4395 1451 4449 quam
1485 4390 1538 4433 et
1578 4382 1633 4433 in

75 4459 371 4525 attonstone
416 4469 701 4510 comarum
752 4455 847 4525 (in
893 4455 1092 4522 quibus
1139 4453 1443 4525 praesertim
1488 4453 1634 4521 apud

75 4521 418 4596 Athenienses
457 4527 600 4595 apud
629 4521 770 4595 quos
791 4521 978 4595 prima:
1013 4532 1065 4579 et
1098 4521 1496 4596 antiquissima:
1527 4538 1631 4577 no-

75 4591 284 4648 bilitatis
316 4610 416 4662 per
443 4591 711 4664 implexus
739 4591 985 4651 crinibus
1015 4609 1213 4648 aureas
1235 4595 1450 4647 cicadas
1477 4609 1634 4648 arro-

75 4673 219 4730 gatm,
244 4667 402 4726 signa
432 4668 610 4720 l'uttlia
639 4669 989 4738 eminebant)
1019 4677 1074 4720 et
1116 4666 1170 4719 iit
1211 4679 1420 4734 pompa:
1444 4664 1635 4718 luxus-

75 4749 168 4800 que
187 4737 420 4790 vestium
450 4737 928 4806 depositione,ubi
957 4738 1381 4806 l'el‘eAIIOIHIIIUIII
1417 4746 1634 4787 terrena

75 4813 119 4874 et
158 4811 359 4860 caduca
404 4804 734 4863 sectantium
779 4823 918 4862 vana
965 4823 1027 4862 se
1078 4804 1257 4874 iactat
1310 4806 1638 4859 insolentia?

75 4873 214 4929 littus
239 4887 421 4933 autem
452 4889 507 4932 et
536 4882 899 4943 catretnonite,
929 4893 1067 4948 quas
1093 4878 1383 4946 Dionysius
1407 4877 1638 4930 Athenis

75 4957 239 5024 natus,
265 4960 321 5002 et
344 4950 574 5005 Athenis
603 4953 762 5006 datus
787 4953 1080 5024 episcopus
1109 4950 1278 5002 rel‘ett
1299 4988 1315 5013 ,
1358 4952 1430 5024 tbi
1469 4958 1638 5016 potis-

75 5022 253 5072 sitnunt
277 5033 368 5074 aut
403 5031 544 5074 nata:
573 5033 666 5075 aut
699 5023 1072 5078 corroborata:
1100 5035 1219 5072 mea
1243 5022 1464 5086 quidem
1507 5035 1635 5070 sen-

75 5090 224 5162 tentia
266 5092 543 5146 videntnr.
581 5095 874 5162 Accepisse
921 5094 1067 5145 enim
1101 5105 1132 5142 a
1159 5091 1328 5162 Paulo
1359 5100 1413 5141 et
1446 5089 1637 5162 Hiero-

77 5160 205 5234 theo,
235 5177 328 5229 qut
361 5163 434 5217 ibi
472 5160 936 5230 praedicaverunt,
967 5172 1023 5215 et
1052 5177 1189 5229 quos
1219 5160 1634 5230 καθηγεμόνας,

76 5237 116 5304 Id
140 5243 217 5285 est
243 5243 408 5288 duces
438 5250 565 5288 suos
590 5246 645 5287 et
689 5243 1051 5304 praeceptores
1079 5234 1352 5298 appellat,
1387 5243 1638 5304 credide-

77 5315 184 5353 rntt.
232 5304 386 5357 Adde
431 5303 813 5360 caercntoniatu
869 5307 1135 5358 tonsionts
1177 5305 1293 5354 sive
1333 5303 1569 5355 rasionis
1608 5316 1639 5355 e

81 5369 254 5427 Vetere
301 5373 689 5442 Testamento,
723 5379 865 5432 sicut
912 5377 1047 5428 altas
1091 5373 1414 5434 nonnullas,
1465 5374 1638 5425 videri
1679 5389 1683 5398 ·

76 5445 391 5508 derivatum;
440 5447 535 5499 sed
596 5463 818 5502 causam
885 5456 938 5499 et
1000 5444 1456 5514 significationem
1512 5459 1635 5496 csse

78 5528 201 5580 eam,
231 5532 393 5584 quatit
435 5516 524 5569 lttc
551 5519 718 5572 refert
744 5520 797 5572 in
835 5520 1312 5583 Conctnplattone
1344 5514 1634 5584 D.onystns

80 5586 210 5659 hisce
243 5583 458 5659 vcrbis:
490 5587 553 5641 Ἠ
588 5589 644 5641 δὲ
677 5589 785 5641 τῶν
819 5588 1020 5659 τριχῶν
1045 5585 1359 5659 ναπόκαρσις
1383 5583 1635 5659 ἐμφαίνει

77 5655 159 5724 τὴν
191 5657 433 5730 καθαρὰν
466 5659 559 5711 καὶ
592 5655 1002 5731 ἁσχημάτὶσᾷον
1035 5658 1217 5731 ζωὴν,
1267 5658 1368 5731 oux
1409 5655 1640 5731 ξπιπλρι-

81 5739 204 5803 στυις
253 5725 494 5803 σχήμασι
544 5732 604 5784 τὸ
655 5725 799 5784 {diu
843 5725 1264 5803 vosv‘sucétss;
1316 5725 1640 5803 ἐπιθετικῶς

83 5800 530 5869 κλλλωπὶζὸὺσαν·
568 5803 682 5858 ἀλλ’
712 5803 883 5873 αὐτὴν
918 5800 1004 5870 ἐφ’
1040 5801 1241 5869 ἑαυτῆς
1287 5801 1389 5853 οὐκ
1429 5802 1641 5872 ἀνθρω-

143 5925 174 5946 ¹¹
203 5920 386 5976 Matth.
418 5937 536 5988 nx,
563 5921 654 5977 21.
732 5930 758 5958 ι’
783 5919 946 5986 lbid.,
981 5919 1065 5973 12.

1144 5924 1169 5954 ο
1206 5917 1377 5977 ιιιοτ.
1411 5932 1509 5984 vn,
1541 5918 1631 5984 32,
1668 5916 1758 5971 55.

1738 3406 1882 3452 rent.
1915 3397 2088 3467 Hujus
2125 3411 2258 3465 ergo
2297 3396 2532 3465 exempli
2564 3411 2692 3449 usus
2732 3400 2799 3449 ab
2845 3397 3107 3463 apostolis
3139 3397 3312 3451 intro-

1735 3469 1936 3523 ductus
1978 3478 2063 3522 est
2091 3485 2105 3522 :
2132 3478 2189 3521 ut
2218 3468 2311 3536 qui
2353 3468 2554 3520 divinis
2585 3467 2825 3536 cultibus
2858 3467 3150 3533 mancipati
3201 3467 3312 3520 Do-

1736 3539 1889 3593 mino
1933 3535 2353 3601 consecrantur,
2400 3538 2556 3604 quasi
2606 3535 2880 3599 Nazaraai,
2921 3541 2974 3589 id
3016 3547 3101 3590 est
3136 3538 3311 3591 sancti

1735 3609 1832 3664 Dei
1858 3610 2010 3663 crine
2035 3611 2266 3678 praeciso
2291 3607 2640 3678 innoventur.
2674 3625 2694 3657 ι
2735 3606 2866 3660 Vide
2899 3607 2970 3660 ibi
2988 3608 3174 3678 plura.
3208 3608 3316 3662 Ne-

1735 3694 1842 3747 que
1870 3680 2000 3733 viris
2025 3678 2185 3748 573
2215 3687 2422 3731 tantum
2473 3677 2579 3730 fuit
2608 3678 2696 3748 ille
2735 3677 3159 3748 resecandorutn
3199 3679 3306 3732 cri-

1736 3751 1886 3802 nium
1915 3765 2033 3804 tnos
2061 3747 2323 3814 usitatus,
2347 3748 2443 3802 sed
2475 3749 2639 3801 etiam
2671 3747 2908 3812 feminis,
2941 3747 3006 3800 iis
3031 3747 3312 3812 nimirum,

1735 3835 1858 3888 qua:
1902 3820 2065 3874 rebus
2102 3819 2285 3873 saeculi
2331 3818 2581 3871 nuntium
2618 3819 3000 3881 remittentes,
3027 3834 3168 3888 sese
3205 3818 3315 3872 Deo

1735 3887 2088 3952 devoverent,
2121 3889 2287 3957 idque
2315 3889 2510 3956 primis
2533 3888 2768 3950 saeculis,
2788 3899 2843 3941 et
2869 3901 2993 3940 ante
3022 3887 3084 3941 Β.
3103 3889 3314 3957 lliero-

1737 3961 1884 4029 nymi
1927 3956 2392 4027 tentpora.’anus
2420 3961 2591 4029 moris
2620 3959 2671 4010 ιιι
2707 3957 2863 4026 Syria
2908 3966 2960 4012 et
2988 3959 3042 4010 ιιι
3074 3956 3316 4028 ASgypto

1737 4028 1985 4098 usurpati
2035 4029 2290 4083 ittetninit
2320 4029 2476 4098 idem
2526 4028 2890 4098 Hieronymus
2930 4029 3091 4096 epist.
3133 4031 3201 4082 46
3246 4032 3314 4084 ad

1736 4097 2118 4155 Sabinianum.
2153 4117 2172 4149 ι
2196 4097 2362 4154 Moris
2380 4108 2484 4160 est,
2504 4099 2702 4166 inquit,
2728 4097 2781 4151 in
2802 4097 3022 4167 IEgypti
3055 4111 3111 4152 et
3140 4102 3314 4169 Syria:

1734 4171 2106 4233 monasteriis,
2141 4180 2200 4223 ut
2231 4181 2338 4223 tant
2367 4171 2523 4236 virgo
2552 4183 2718 4236 quant
2750 4172 2930 4232 vidua,
2962 4184 3084 4234 quae
3115 4188 3172 4222 se
3202 4177 3312 4224 er

1736 4244 2024 4306 voverint,
2056 4252 2112 4294 et
2155 4241 2354 4294 saeculo
2394 4242 2794 4304 renuntiantes,
2839 4254 3032 4291 omnes
3085 4240 3314 4294 delicias

1737 4310 1920 4366 saeculi
1951 4313 2347 4376 conculcariut,
2379 4311 2593 4363 crinem
2625 4310 3082 4364 monasteriorum
3115 4313 3315 4363 matri-

1735 4385 1837 4437 bus
1867 4381 2098 4435 offerant
2128 4382 2515 4435 desecandunt.
2544 4398 2564 4432 t

1807 4457 1990 4520 Atque
2023 4462 2078 4505 ut
2111 4454 2489 4514 ostendamus,
2521 4451 2763 4520 magistri
2793 4458 2848 4503 et
2881 4449 3156 4518 discipuli,
3209 4451 3313 4505 hoc

1737 4534 1820 4579 est
1851 4522 2005 4577 Pauli
2035 4533 2087 4577 et
2118 4522 2362 4591 Dionysii
2392 4523 2718 4575 documenta
2745 4530 2855 4574 tam
2887 4523 3029 4574 inter
3046 4536 3124 4586 se,
3149 4537 3314 4589 quam

1740 4610 1861 4648 cum
1893 4594 2096 4648 Christi
2146 4595 2340 4662 ipsius,
2375 4602 2436 4645 ut
2461 4597 2701 4659 supremi
2750 4593 2994 4644 omnium
3041 4595 3314 4660 magistri,

1741 4666 1988 4718 doctrina
2018 4667 2382 4727 concordare,
2414 4663 2814 4716 observandum
2850 4671 2936 4715 est
2983 4669 3056 4716 Ox
3100 4664 3316 4715 illoruttt

1742 4737 1904 4789 dictis
1947 4737 2216 4805 duplicem
2265 4735 2444 4802 colligi
2481 4733 3312 4805 justorumtettantlaicoruttt,

1741 4808 1906 4859 vitam
1941 4820 1956 4859 :
1996 4803 2158 4860 unam
2204 4805 2493 4859 indivisam
2543 4815 2599 4857 et
2657 4806 2748 4856 uni
2787 4803 2899 4857 Deo
2927 4804 3316 4867 adh-.erentetn,

1740 4890 1769 4928 a
1799 4887 1969 4930 terant
2003 4879 2234 4932 divisam
2283 4887 2338 4929 et
2381 4877 2434 4928 itt
2465 4877 2613 4927 varia
2645 4875 3000 4938 distractam;
3030 4885 3085 4926 et
3116 4877 3319 4924 utrius-

1740 4963 1847 5015 que
1870 4949 2162 5015 quamdam
2197 4946 2342 5000 velut
2373 4948 2771 5015 itttagittetn_itt
2811 4946 2919 4998 illis
2959 4944 3162 4998 Christi
3195 4957 3318 4994 ver-

1741 5013 1825 5070 liis
1854 5013 2300 5085 repraisentatant
2332 5033 2348 5070 :
2381 5015 2621 5085 Martha,
2648 5013 2886 5080 Mart/ta,
2911 5016 3138 5066 sollicita
3167 5028 3244 5085 es,
3266 5024 3316 5065 et

1741 5082 1972 5140 turbaris
2002 5103 2126 5155 erga
2155 5087 2406 5153 plurima.
2441 5082 2613 5135 Porro
2645 5099 2806 5136 unum
2839 5096 2910 5136 est
2941 5083 3315 5135 necessarium.

1746 5158 1928 5210 Maria
2001 5154 2255 5225 optimam
2317 5163 2518 5221 partem
2550 5154 2726 5222 elegit,
2753 5169 2869 5223 qua:
2902 5169 3003 5205 non
3045 5156 3318 5225 auferetur

1743 5233 1808 5279 ab
1839 5243 1898 5280 ea
1917 5238 1967 5291 P,‘
1998 5224 2073 5281 ita
2117 5236 2176 5279 ut
2219 5229 2273 5278 ιιι
2319 5225 2531 5276 Martha
2563 5226 2883 5294 designetur
2915 5233 3026 5274 Vita
3055 5224 3239 5294 divisa
3261 5231 3319 5276 et

1742 5299 1975 5352 sollicita
2007 5299 2260 5364 curisque
2290 5297 2536 5348 externis
2564 5295 2846 5357 distracta,
2899 5308 3020 5360 qua:
3051 5304 3107 5345 ct
3135 5293 3316 5364 activa

1743 5373 1881 5423 sulct
1911 5363 2210 5437 appellari;
2247 5368 2298 5419 itt
2322 5366 2490 5419 Maria
2515 5377 2695 5420 autem
2723 5363 2952 5432 simplex
2980 5373 3034 5416 et
3061 5363 3316 5437 indivisa,

1743 5451 1796 5493 ct
1825 5433 1959 5493 -unt'
1982 5433 2082 5502 illi,
2117 5440 2261 5506 quod
2292 5448 2375 5490 est
2409 5439 2804 5500 necessarium,
2837 5444 3080 5506 intenta;
3115 5443 3173 5486 et

1743 5521 1848 5576 est,
1889 5525 2010 5579 qua:
2045 5504 2197 5563 caret
2224 5509 2617 5570 sollicitudine,
2642 5517 2694 5558 et
2717 5505 3146 5579 contemplativa
3179 5504 3317 5579 dici-

1747 5574 1854 5636 tur.
1883 5574 1962 5634 Ᾱιι
1997 5583 2134 5634 hanc
2163 5582 2522 5648 posteriorem
2550 5580 2800 5630 hortatur
2829 5575 3053 5638 Paulus,
3081 5590 3202 5648 cunt
3230 5574 3318 5648 di-

1746 5657 1821 5708 cit
1854 5673 1866 5708 :
1904 5651 2030 5704 Volo
2055 5645 2230 5704 autem
2264 5668 2348 5704 vos
2384 5664 2494 5701 sine
2523 5647 2878 5699 sollicitudine
2907 5663 3035 5699 esse.
3072 5645 3174 5709 Qui
3203 5646 3318 5699 sine

1748 5742 1911 5779 uxore
1943 5733 2042 5785 est,
2075 5723 2335 5776 sollicitus
2371 5729 2446 5772 est
2489 5733 2608 5786 qua:
2639 5716 2851 5770 Domini
2880 5727 3024 5778 sunt,
3053 5715 3319 5777 quomodo

1747 5805 1950 5866 placeat
1980 5795 2088 5848 Deo
2106 5803 2154 5846 ιι.
2208 5795 2415 5860 Quibus
2447 5792 2500 5842 ιιι
2529 5792 2708 5842 verbis
2738 5788 2888 5840 illam
2919 5787 3208 5842 denuntiat
3233 5787 3316 5840 vi-

1839 5923 1866 5966 P
1898 5911 2032 5968 Luc.
2085 5927 2136 5978 ιι,
2184 5909 2273 5963 ιι.
2375 5905 2452 5960 ⁴ιι
2493 5907 2615 5963 Cor.
2655 5920 2752 5969 ιιι,
2785 5905 2876 5971 52,
2927 5902 3017 5957 55.
