3870 6558
477 433 583 502 959

1271 446 1354 499 DE
1394 446 1450 500 S.
1488 445 1784 503 DION‘YSII
1821 444 2282 502 AREOPAGszE
2317 443 2478 498 VITA
2511 442 2597 498 ET
2635 441 2945 498 SCRIPTIS
3621 446 3706 500 Diti

485 568 740 639 Dionysio
773 581 879 639 non
911 565 1169 639 dicimus,
1209 571 1352 636 quod
1382 569 1436 622 in
1472 569 1802 624 Dextro'dici
1838 567 2057 637 potest?
2083 573 2129 628 Α
2157 565 2500 639 PrinsAenim
2551 565 2682 618 mihi
2737 564 2803 618 ab
2851 563 2942 618 illo
2995 562 3251 639 quiddam
3301 562 3566 639 concedi_
3584 565 3704 629 vola,

484 637 684 706 Ecquis
707 638 851 708 enim
874 645 979 701 est,
1007 647 1101 690 aut
1140 637 1262 704 fuit,
1303 647 1394 693 aut
1425 640 1531 694 erit
1563 640 1824 708 (seposita
1862 639 2048 693 Dextri

485 706 832 777 auctoritate)
862 708 954 776 qui
982 710 1160 760 audita
1194 709 1567 777 inscriptione,
1590 706 1672 762 Ad
1703 707 2050 774 Timotheum,

484 794 594 831 non
629 777 814 830 statim
859 777 1015 848 illum
1049 777 1318 848 intelligat
1353 779 1724 843 Timotheum,
1766 780 1855 845 qui
1891 779 2049 832 abso-

484 849 597 902 lute
621 856 679 900 et
722 861 830 901 non
863 847 1023 902 aliter
1054 847 1572 916 quani’Timotlieus
1609 848 2056 917 appellatussit?

483 918 789 987 praesertim
825 917 870 970 si
916 927 1235 986 argumenta
1267 919 1471 985 omnia,
1507 915 1856 988 quaecontra
1887 915 2053 988 objici

489 997 752 1056 possunt,
795 988 1080 1058 commode
1119 989 1435 1043 diluantur?
1481 987 1646 1058 Atqui
1688 997 1742 1042 ct
1794 987 1862 1040 ab
1933 987 2057 1058 aliis

487 1070 614 1111 ante
644 1071 763 1122 nos,
795 1057 985 1111 saltem
1011 1072 1074 1112 ex
1109 1061 1285 1126 parte,
1317 1069 1480 1127 atque
1503 1075 1530 1111 a
1570 1056 1727 1113 nobis
1759 1060 1924 1111 etiam
1962 1056 2056 1110 ali-

487 1128 702 1194 quoties
726 1135 780 1180 et
809 1127 1026 1193 quidem
1055 1127 1269 1194 plenius
1293 1129 1343 1182 id
1366 1141 1451 1182 est
1481 1129 1703 1181 factum.
1731 1127 1818 1189 Et,
1850 1141 2054 1194 qnieso,

485 1198 694 1266 iudicet
748 1197 999 1251 sincerus
1050 1197 1244 1264 lector,
1297 1208 1476 1252 utrum
1527 1199 1598 1252 sit
1644 1197 1977 1268 probabilius
2037 1213 2050 1248 :

491 1268 877 1338 Dionysiumne
901 1268 1285 1338 Areopagitani
1327 1268 1522 1321 librum
1557 1265 1716 1322 suum
1745 1265 1821 1321 De
1854 1267 2056 1338 Divinis

487 1337 791 1391 nominibus
851 1337 1143 1406 scripsisse
1203 1355 1344 1393 anno
1400 1339 1521 1393 vitae
1585 1353 1696 1392 sua:
1752 1337 2054 1392 centesimo

488 1409 665 1478 primo
695 1415 790 1478 aut
816 1409 1076 1473 secundo,
1102 1425 1170 1462 an
1203 1422 1334 1464 vero
1356 1407 1636 1476 aliquanto
1654 1417 1782 1461 ante
1814 1417 2054 1474 tempore

489 1477 904 1548 composuisse,
940 1492 1034 1532 seu
1076 1480 1272 1548 prima,
1313 1480 1456 1547 quod
1499 1480 1675 1544 aiunt,
1722 1492 1882 1548 manu
1930 1491 2054 1548 cor-

488 1562 591 1615 pus
616 1543 974 1614 ipsum'libri
1009 1543 1268 1603 exarasse
1306 1543 1524 1617 (nempe
1552 1562 1692 1602 anno
1739 1547 1916 1602 aetatis
1946 1547 2057 1600 cir-

468 1618 632 1670 ~citer
659 1618 1082 1688 septuagesimo,
1115 1634 1222 1687 quo
1247 1618 1572 1688 integriores
1602 1617 1675 1671 illi
1705 1619 1850 1671 vires
1880 1628 2056 1681 erant,

491 1698 546 1741 et
579 1700 687 1755 quo
720 1687 832 1754 ipse
866 1686 1083 1770 vivebat
1103 1686 1159 1743 ei.
1185 1686 1402 1770 vigebat
1435 1687 1804 1770 Timotheus),
1825 1687 1928 1770 sed
1963 1689 2059 1739 de-

490 1771 638 1809 niutn
665 1771 808 1826 anno
829 1757 1006 1810 aetatis
1033 1759 1155 1826 plus
1187 1757 1364 1812 minus
1389 1759 1708 1822 centesimo,
1737 1758 1789 1811 id
1823 1765 2054 1822 tantum,

489 1826 636 1895 quod
669 1824 879 1898 (acilius
904 1824 1045 1886 erat,
1077 1830 1400 1898 perfecisse,
1443 1829 1543 1880 hoc
1566 1841 1650 1881 ρει
1701 1835 1923 1898 accepta
1946 1827 2057 1893 jam

491 1908 548 1950 et
565 1897 820 1967 perfecta
837 1897 1116 1967 utriusque
1135 1909 1242 1952 tam
1271 1897 1668 1967 Apocalypseos
1693 1913 1855 1966 quam
1881 1897 2058 1967 Evan-

491 1966 616 2036 gelii
646 1966 822 2019 sancti
874 1965 1098 2020 Joannis
1149 1965 1400 2033 historia,
1436 1965 1570 2022 locis
1610 1965 1736 2020 inde
1765 1966 2061 2034 assumptis

493 2035 789 2090 adauxisse
817 2043 870 2089 et
898 2037 1292 2105 locupletasse:
1323 2038 1626 2107 praesertim
1666 2051 1787 2107 cuni
1816 2036 1912 2102 ipsi
1947 2037 2062 2090 fere

494 2107 664 2159 libros
683 2113 916 2168 nostros,
946 2121 1050 2160 non
1071 2109 1249 2160 minus
1265 2105 1424 2176 quam
1447 2117 1701 2176 parentes
1725 2105 1948 2170 liberos,
1969 2107 2063 2159 ad-

498 2190 782 2239 ametnus;
809 2185 863 2228 et
890 2190 1010 2228 cum
1041 2187 1228 2231 ecrum
1249 2175 1549 2245 profectum
1569 2185 1622 2231 et
1647 2175 2060 2245 perfectionem,

495 2246 667 2314 inagis
685 2245 914 2299 subinde
934 2261 1094 2314 quam
1127 2247 1222 2312 illi,
1252 2246 1576 2301 tanidiuriio
1600 2261 1765 2315 quam
1794 2252 2062 2300 nocturno

493 2316 678 2370 studio
699 2329 1068 2383 procureinus.
1095 2315 1281 2386 Neque
1301 2330 1426 2370 vero
1441 2318 1617 2370 omnis
1635 2325 1786 2386 aetas,
1807 2325 1862 2368 iit
1878 2315 2064 2370 liberis

443 2389 448 2396 ’
494 2386 798 2456 gignendis,
829 2387 908 2439 sic
927 2386 1079 2440 libris
1101 2384 1324 2441 ede—udis
1365 2397 1450 2442 est
1479 2386 1698 2442 idonea.
1736 2384 1874 2441 Hinc
1916 2396 2064 2443 recte

494 2453 574 2510 Si:
601 2453 807 2519 Varro,
844 2471 975 2510 cum
1021 2457 1086 2510 de
1123 2458 1305 2525 quiete
1355 2473 1386 2510 a
1431 2457 1721 2512 scribendo
1765 2456 2062 2524 cogitaret,

496 2546 520 2579 ι
558 2527 898 2597 Αιιιιιιξγιιιρ,
935 2525 1240 2597 inquiebat,
1285 2529 1656 2597 octogesimus
1699 2528 1972 2592 admonet,
2007 2539 2065 2583 ut

493 2611 624 2650 vasa
657 2595 928 2668 colligant.
958 2596 1016 2649 Si
1059 2598 1204 2650 enim
1237 2597 1398 2668 homo
1421 2595 1606 2662 "bulla,
1650 2606 1856 2668 quanto
1888 2599 2064 2668 magis

494 2665 699 2721 senex?
729 2683 745 2716 ι
768 2665 920 2730 Quod
949 2675 1131 2719 autem
1158 2668 1290 2732 dixi,
1323 2665 1685 2722 Frauciscum
1705 2665 2062 2722 Bivariuin'in

498 2752 563 2790 ea
604 2750 726 2790 esse
755 2736 1049 2800 sententia,
1077 2746 1133 2790 ut
1161 2747 1346 2793 teneat
1387 2739 1706 2808 Dionysium
1741 2738 1911 2793 libros
1933 2754 2064 2793 suos

496 2809 784 2874 scripsisse
833 2821 978 2877 anno
1024 2808 1200 2862 aetatis
1248 2823 1360 2862 sua:
1413 2809 1710 2863 centesimo
1756 2808 1956 2877 primo,
2010 2811 2061 2862 id

497 2882 764 2946 probatur
789 2888 858 2930 ex
889 2876 1009 2931 istis
1052 2877 1171 2945 ejus
1205 2879 1390 2934 verbis
1439 2881 1496 2934 in
1542 2876 1950 2934 Commentario
1993 2879 2064 2933 ad

499 2949 781 3019 Dextrum,
817 2959 960 3019 anno
1002 2947 1210 3004 Christi
1246 2951 1569 3014 centesimo,
1601 2963 1721 3019 pag.
1754 2948 1862 3001 202
1888 2961 1902 2998 :
1927 2968 1945 3000 ι
1982 2950 2063 3003 Ad

496 3017 726 3080 calcem,
751 3017 949 3085 inquit,
979 3032 1202 3073 monere
1229 3032 1513 3074 necessum
1543 3017 1644 3081 est,
1672 3017 1780 3073 non
1811 3019 1930 3074 ideo
1962 3021 2065 3073 hoc

499 3102 650 3159 anno
667 3087 975 3141 centesimo
1013 3089 1190 3156 egisse
1221 3089 1481 3143 Dextrum
1514 3091 1581 3143 de
1608 3090 1762 3144 libris
1794 3087 2061 3159 Dionysii,

499 3157 654 3230 quasi
685 3171 749 3211 eo
777 3171 920 3230 anno
951 3160 1141 3222 scripti
1171 3162 1313 3224 sint;
1339 3169 1552 3213 constat
1577 3163 1746 3222 enim,
1776 3171 1896 3230 post
1935 3157 2066 3214 ccu-

501 3228 1068 3299 tesi_iuuiii_deciiuum
1116 3231 1381 3299 martyrio
1433 3230 1493 3284 S.
1547 3230 1746 3299 Ignatii
1778 3228 2063 3284 celebrem

500 3296 736 3370 scriptos
757 3295 963 3370 fuisse;
990 3300 1083 3352 sed
1114 3299 1243 3367 quia
1261 3295 1435 3354 semel
1462 3299 1530 3354 de
1551 3295 1808 3370 Dionysio
1838 3310 1894 3354 et
1918 3299 2059 3354 Mar-

498 3365 638 3438 cello
674 3365 915 3436 Eugenio
970 3365 1276 3423 sermonem
1323 3371 1544 3433 inierat,
1592 3365 1798 3438 placuit
1844 3371 1946 3426 hoc
1991 3372 2060 3425 de

500 3437 610 3491 illis
636 3438 904 3502 inserere,
929 3441 1228 3505 praesertim
1260 3442 1386 3507 quia
1421 3457 1526 3492 non
1549 3437 1685 3492 dixit
1714 3442 1814 3494 hoc
1839 3455 1982 3494 anno
2007 3441 2060 3494 id

501 3509 790 3580 accidisse,
825 3510 919 3560 sed
960 3523 1064 3580 per,
1091 3511 1192 3563 hoc
1230 3520 1464 3580 tempus,
1497 3509 1753 3563 nimirum
1792 3512 2061 3580 principio

501 3577 729 3630 secundi
769 3578 1068 3631 centenarii
1111 3577 1384 3633 annorum
1429 3581 1630 3634 Christi
1661 3577 1897 3636 Domini.
1935 3577 2062 3635 »Ει

502 3648 701 3715 quibus
725 3648 906 3721 verbis
935 3649 1246 3704 necessario
1267 3651 1558 3720 colligitdr,
1596 3651 1909 3721 Dionysium
1941 3654 2062 3706 illos

506 3720 674 3772 libros
696 3719 987 3794 Scripsisse
1030 3735 1175 3794 anno
1209 3719 1534 3794 aetatissua:
1563 3719 1862 3794 centesimo
1887 3725 2062 3794 primo

505 3799 598 3841 aut
621 3796 882 3842 secundo.
911 3787 1044 3842 Nam
1081 3791 1366 3860 Dionysius
1397 3792 1587 3862 viginti
1625 3792 1867 3862 quinque
1887 3787 2062 3846 anno-

506 3874 624 3912 runt
654 3867 772 3932 erat
809 3869 1068 3932 tempore.
1095 3863 1364 3930 passnonis
1391 3861 1595 3916 Christi
1625 3872 1708 3931 tut
1743 3861 1972 3932 ipsemet
1999 3864 2065 3916 de

505 3945 565 4004 se
595 3931 789 4004 scribit
823 3931 1109 4004 Dimiysius
1156 3934 1209 3985 iii
1241 3933 1468 4000 epistola
1495 3933 1562 3986 ad
1604 3933 2060 4004 Apollophanem)

507 4003 686 4074 itaut
731 4000 985 4054 Christus
1037 4003 1358 4074 Dionysium
1413 4013 1592 4069 aetate,
1648 4013 1707 4074 ut
1755 4000 2062 4070 summum,

505 4071 666 4126 annis
714 4083 904 4124 novem
948 4071 1332 4136 antecederet;
1377 4081 1456 4126 tot
1501 4075 1648 4127 enini
1685 4073 1821 4139 fere,
1854 4083 1910 4126 ct
1959 4088 2064 4126 non

506 4143 713 4213 plures,
762 4141 1031 4196 intersunt
1070 4144 1213 4198 inter
1258 4145 1587 4210 vigesimum
1633 4147 1882 4212 quintum
1940 4144 2068 4198 Dio-

507 4213 752 4283 nysii,et
784 4215 1125 4282 trigesimum
1148 4215 1369 4268 tertium
1403 4223 1500 4268 aut
1527 4215 1866 4283 trigesimum
1903 4227 2070 4283 quar-

506 4290 618 4336 tum
649 4282 873 4336 ChriSti.
1609 4282 1614 4283 ⁷
1927 4282 1930 4283 ⁷
2048 4308 2050 4310 τ

579 4355 636 4407 Si
667 4367 796 4421 ergo
823 4353 1116 4426 Dionysius
1139 4355 1356 4424 scripsit
1387 4353 1554 4410 libros
1581 4352 1657 4406 De
1685 4353 1871 4408 diuinis
1897 4357 2068 4409 nomi-

509 4423 667 4494 nibus
685 4433 806 4492 post
829 4423 1030 4478 annum
1061 4423 1267 4480 Christi
1299 4427 1654 4481 centesimum
1687 4429 1986 4494 decimum,
2015 4435 2073 4481 ut

511 4495 626 4572 vult
652 4492 925 4572 Bivarius,
954 4505 1104 4551 certe
1143 4498 1366 4566 scripsit
1398 4513 1543 4552 anno
1579 4499 1758 4572 aetatis
1796 4510 1911 4572 suae
1934 4492 2072 4572 cen-

511 4568 706 4616 tesimo
726 4569 966 4619 secundo
993 4580 1008 4617 :
1040 4581 1166 4620 nam
1201 4582 1377 4621 annus
1401 4568 1732 4621 centesimus
1755 4568 2071 4622 undecimus

509 4633 749 4708 Christi,
791 4644 876 4686 est
931 4637 1175 4706 Dionysii
1229 4638 1567 4708 centesimus
1605 4639 1899 4690 secundus.
1949 4637 2067 4691 1am

511 4717 644 4776 vero
668 4707 755 4755 cui
788 4715 971 4771 potest
1009 4710 1181 4760 videri
1219 4707 1522 4775 probabile,
1555 4707 1870 4776 Dionysium
1904 4709 2070 4761 libros

513 4774 634 4842 illos
650 4788 935 4842 scripsisse
964 4791 1107 4828 anno
1130 4776 1309 4828 aetatis
1334 4791 1444 4829 suae
1467 4774 1766 4831 centesimo
1791 4779 2070 4830 secundo?

511 4841 674 4897 Alias
707 4841 780 4896 illi
817 4845 1029 4897 scilicet
1077 4849 1336 4899 libroruin
1386 4845 1621 4899 fecunda
1657 4856 1765 4899 est.
1811 4848 1877 4898 Et
1908 4848 1954 4899 si
1983 4848 2070 4898 Ii-

512 4918 670 4967 bium
700 4912 776 4966 De
804 4915 993 4967 divinis
1020 4915 1314 4968 nominibus
1341 4917 1560 4982 scripsit
1588 4931 1731 4969 anno
1763 4918 1938 4969 aitatis
1963 4932 2073 4970 sua:

511 4987 810 5056 centesimo
865 4987 1126 5052 secundo,
1176 4988 1372 5056 librum
1428 4987 1506 5040 De
1546 4987 1767 5055 mystica
1810 4986 2071 5056 theologia

511 5055 720 5126 quoto?
759 5069 887 5110 nam
942 5055 1087 5109 hunc
1133 5055 1417 5126 scripsisse
1469 5069 1594 5126 post
1642 5058 1813 5122 illum,
1848 5055 2071 5124 prorsus

513 5125 723 5194 liquet;
749 5140 872 5180 cuin
901 5127 1080 5197 capite
1110 5125 1273 5182 tertio
1310 5128 1431 5182 libri
1465 5125 1544 5182 De
1567 5129 1788 5196 mystica
1811 5129 2070 5197 theologia

514 5198 592 5250 ita
617 5199 823 5250 Scribat
850 5211 866 5249 :
899 5195 968 5250 In
1003 5197 1137 5250 libro
1177 5209 1350 5250 autem
1395 5199 1471 5252 Dc
1499 5195 1700 5252 divuiis
1734 5195 2065 5262 nominibus,

513 5274 775 5335 quomodo
811 5268 974 5321 bonus
1006 5267 1296 5336 appelletur
1337 5270 1504 5336 illeus
1539 5271 1772 5338 seilicet)
1810 5270 2068 5336 quomodo

515 5355 628 5400 ens,
657 5341 917 5405 quomodo
949 5349 1075 5402 vita,
1110 5338 1389 5407 sapientia,
1426 5343 1612 5403 virtus,
1635 5352 1682 5393 et
1710 5344 1840 5403 alia,
1861 5355 1979 5408 qua:
2000 5341 2069 5391 ad

516 5411 814 5479 divinorum
853 5412 1125 5462 nominum
1159 5411 1412 5477 pertinent
1460 5412 1882 5479 intelligentiam,
1924 5409 2068 5462 dixi-

515 5494 654 5531 mus.
699 5478 757 5532 In
808 5480 973 5548 hasce
1019 5481 1275 5533 videlicet
1319 5479 1561 5534 salebras
1604 5478 1664 5535 se
1709 5481 2070 5548 iitduiit,.qui

522 5565 681 5600 unam
709 5549 849 5603 beati
876 5547 1067 5618 Ignatii
1104 5550 1360 5618 martyris
1389 5563 1716 5605 sententiain
1747 5553 1873 5617 alio,
1905 5547 2068 5620 quam

520 5630 787 5684 oporteat,
815 5634 978 5673 sensu
1011 5623 1255 5688 capiunt,
1285 5631 1340 5674 et
1365 5621 1458 5687 qui
1484 5622 1626 5675 male
1658 5623 1925 5676 iutrusain
1948 5636 2069 5675 esse

521 5687 576 5760 in
612 5691 945 5760 Dionysium,
974 5687 1282 5744 nouantem
1319 5706 1348 5743 a
1373 5691 1630 5758 Dionysio
1647 5693 1930 5760 scriptam,
1961 5707 2067 5746 nou

521 5759 848 5827 intelligunt.
890 5765 956 5812 lat
996 5762 1110 5815 hinc
1152 5771 1257 5824 est,
1285 5777 1450 5830 quam
1496 5766 1642 5814 idem
1687 5759 1934 5818 Bivarius
1971 5778 2069 5832 pro

523 5837 760 5901 secundo
787 5833 1072 5885 adversum
1121 5846 1218 5886 nos
1267 5843 1608 5901 argumento,
1658 5833 1803 5886 velut
1842 5834 2068 5901 inexpu-

521 5898 793 5967 gnabilem
820 5903 1150 5970 machinam,
1179 5898 1461 5972 admovet;
1489 5903 1556 5958 de
1585 5917 1691 5974 qua
1714 5919 1839 5959 mox
1865 5898 2064 5961 dicam.

2161 636 2302 703 quod
2326 635 2471 702 juste
2504 649 2759 688 recusare
2810 649 2915 686 non
2957 640 3158 702 potest.
3188 631 3323 685 Nam
3355 648 3481 686 cum
3533 633 3708 687 Dexter

2159 705 2322 777 583
2350 705 2416 759 ad
2449 719 2651 777 annum
2682 704 2887 777 Christi
2922 705 3286 777 centesimum
3329 712 3485 777 notet
3524 703 3710 777 Diony-

2156 771 2311 830 s'iiini
2331 789 2425 844 per
2450 775 2552 828 hoc
2595 774 3052 844 tempusdioasse
3081 771 3283 844 librum
3313 771 3391 844 De
3423 771 3710 844 diuinis-b-

2157 842 2392 899 minibus
2420 842 2735 898 Timotheo:
2767 845 2883 914 ipse
2906 843 3160 914 Bivarius
3193 842 3326 895 illud
3354 858 3448 910 per
3480 842 3708 896 noctein.
3783 906 3786 908 γ

2153 933 2252 980 pus
2277 915 2389 968 vult
2414 929 2520 968 non
2543 913 2861 984 signiﬁcare
2886 913 2981 968 illo
3003 913 3255 967 restricte
3271 926 3435 973 anno,
3459 914 3556 966 sed
3571 927 3708 980 posse

2157 987 2224 1040 ad
2254 984 2506 1039 undecim
2541 999 2716 1038 annos
2763 984 2815 1038 in
2869 995 3085 1051 tempus
3128 992 3418 1052 posterum,
3456 985 3703 1049 protrahi.

2159 1055 2231 1108 ita
2261 1067 2320 1107 ut
2351 1055 2493 1108 idem
2523 1057 2593 1109 sit
2618 1064 2782 1121 atque
2827 1056 2874 1108 si
2921 1056 3148 1116 diceret,
3177 1066 3321 1105 anno
3364 1051 3573 1105 ChriSIi
3603 1067 3706 1107 ccu-

2160 1125 2379 1178 tosimo.
2407 1123 2581 1194 Igitur
2612 1125 2681 1176 ab
2731 1123 2824 1179 illo
2869 1124 3109 1194 vicissim
3151 1131 3300 1191 peto,
3341 1130 3400 1172 nt
3440 1122 3586 1176 sicut
3611 1124 3706 1191 ipse

2157 1192 2534 1262 protrahi-{ad
2583 1195 2836 1248 undecim
2884 1208 3057 1247 annos
3093 1192 3145 1244 in
3185 1203 3394 1260 tempus
3417 1194 3704 1259 posterius,

2159 1265 2234 1317 ita
2283 1265 2414 1318 mihi
2460 1263 2627 1319 liceat
2659 1265 2726 1316 ad
2780 1265 3031 1317 undecim
3067 1276 3240 1314 annos
3279 1263 3330 1313 iii
3364 1263 3522 1329 prius
3553 1273 3706 1316 retra-

2159 1335 2291 1388 here
2319 1350 2333 1388 :
2377 1334 2660 1399 nimirum,
2695 1343 2751 1386 ut
2775 1349 2867 1400 per
2896 1336 2995 1387 hoc
3021 1342 3224 1400 tempus
3260 1331 3533 1400 signiﬁcet
3557 1337 3706 1386 unde—

2159 1406 2265 1457 cim
2301 1405 2461 1457 annis
2483 1415 2612 1458 ante
2633 1404 2836 1459 Christi
2865 1404 3247 1468 centesimum,
3277 1401 3368 1469 qui
3393 1401 3500 1454 erit
3527 1400 3706 1455 Christi

2148 1475 2523 1541 ’octogesiinus
2559 1488 2761 1536 nonus,
2791 1483 2845 1526 et
2871 1473 3171 1528 Domitiani
3221 1481 3432 1533 sextus,
3450 1481 3622 1541 atque
3648 1473 3705 1524 ita

2160 1539 2312 1597 nihil”
2335 1559 2559 1611 prorsus
2585 1543 2846 1607 obstabit,
2883 1545 3015 1611 quin
3046 1551 3101 1596 et
3133 1541 3270 1611 liber
3297 1541 3387 1594 ille
3435 1539 3515 1611 l_)e
3540 1543 3708 1594 divinis

2163 1608 2456 1666 nominibus
2477 1614 2731 1683 potuerit
2752 1627 2873 1668 esse
2896 1608 3108 1667 dicatus
3135 1610 3419 1683 Timotheo
3444 1608 3594 1683 gauli
3618 1612 3706 1664 dis-

2164 1682 2370 1752 cipulo,
2409 1680 2585 1752 prima
2616 1684 2826 1737 scilicet
2857 1683 3252 1751 compositione
3275 1692 3331 1752 et
3358 1680 3703 1752 dedicatione;

2161 1750 2283 1824 cuin
2317 1750 2449 1824 satis
2479 1762 2708 1824 constet,
2735 1753 2894 1824 longe
2934 1750 3275 1824 pest_(etiai_n
3319 1750 3498 1824 ipsius
3521 1751 3706 1824 confes-

2163 1823 2319 1876 sione
2340 1822 2564 1890 Bivarii)
2594 1819 2865 1877 mortuum
2897 1819 3019 1877 esse
3049 1819 3417 1890 Timotheum,
3451 1819 3586 1873 Nam
3607 1822 3706 1875 loca

2169 1893 2446 1959 Evangelii
2477 1889 2704 1948 Joannis
2731 1903 2787 1948 et
2807 1893 3208 1963 Apocalypseos
3239 1900 3364 1963 post
3403 1889 3530 1944 libri
3557 1903 3707 1963 retia-

2166 1963 2456 2016 ctationem
2485 1977 2607 2018 esse
2655 1961 2871 2029 addita,“
2902 1961 3028 2030 iam
3053 1961 3270 2018 ostendi
3301 1976 3315 2012 :
3353 1975 3456 2014 nec
3515 1962 3707 2024 obstare

2167 2032 2342 2084 locum
2375 2032 2591 2102 lgnatii,
2625 2034 2738 2104 jam
2777 2033 3085 2098 ostendam,
3115 2041 3211 2085 aut
3249 2030 3484 2100 digitum
3512 2031 3705 2096 Saltem,

2166 2104 2310 2171 quod
2338 2103 2560 2171 dicitur,
2589 2103 2654 2157 ad
2689 2104 2892 2158 fontem
2926 2105 3222 2157 intendam.

2238 2170 2552 2227 Secundum
2589 2174 2752 2244 igitur
2781 2179 3164 2244 argumentum
3210 2170 3494 2244 Francisci
3531 2171 3705 2244 Biviiiii

2167 2251 2271 2316 est,
2302 2246 2446 2316 quod
2479 2245 2537 2298 ὃ.
2573 2241 2868 2316 Dionysius
2890 2258 3012 2313 cap.
3039 2243 3072 2296 4
3101 2243 3178 2316 De
3209 2242 3401 2297 diuinis
3429 2241 3706 2316 nominibus

2165 2312 2297 2366 citet
2321 2315 2584 2384 Ignotium
2617 2331 2683 2369 ex
2714 2312 2966 2384 Epistula
2995 2317 3062 2368 ad
3098 2314 3373 2368 Romanos
3397 2313 3601 2382 scripta
3624 2328 3704 2365 uu-

2166 2384 2379 2437 dcciuio
2408 2383 2630 2454 Trajani
2658 2383 2824 2448 anno,
2854 2386 3058 2440 Christi
3083 2393 3268 2437 autem
3300 2385 3601 2438 centesimo
3632 2386 3706 2436 de-

2167 2455 2311 2506 cimo
2347 2456 2429 2509 vel
2459 2453 2756 2510 centesimo
2787 2457 3096 2510 undecimo.
3144 2453 3247 2508 Cui
3283 2455 3707 2524 argumentoliic

2167 2539 2272 2576 non
2315 2527 2676 2595 respondebo,
2721 2527 2845 2594 quia
2901 2527 3050 2594 prius
3093 2523 3414 2594 responsum
3462 2533 3565 2576 est.
3598 2523 3706 2576 Vide

2167 2609 2332 2662 supra
2376 2595 2730 2665 quaestionem
2766 2599 2823 2650 11
2876 2598 2929 2649 in
2972 2599 3327 2664 responsione
3356 2595 3423 2647 ad
3455 2605 3702 2661 quartum,

2167 2677 2224 2716 et
2261 2666 2314 2718 iii
2351 2666 2753 2720 Commentario
2803 2678 2995 2721 nostro
3046 2667 3115 2720 ad
3163 2665 3357 2735 lguatii
3407 2665 3704 2735 epistolam,

2168 2744 2332 2803 atque
2371 2737 2536 2790 etiam
2574 2737 2626 2790 in
2660 2736 3040 2791 Notatiouibus
3070 2738 3138 2791 ad
3177 2734 3351 2791 Vitam
3386 2751 3402 2788 :
3437 2734 3545 2788 illis
3583 2735 3704 2787 enini

2170 2803 2305 2877 locis
2331 2807 2477 2861 clare
2505 2807 2874 2870 ostendimus,
2905 2821 2972 2861 ex
3003 2807 3094 2862 illo
3133 2805 3326 2877 lgnatii
3369 2804 3490 2858 loco
3527 2804 3704 2857 nullam

2169 2875 2380 2930 desumi
2415 2891 2575 2946 posse
2604 2885 2794 2932 contra
2823 2877 2993 2931 libros
3026 2875 3268 2946 Dionysii
3308 2884 3703 2944 argumentum:

2166 2949 2608 3015 quandoquidem
2659 2947 2806 3000 illam
2854 2957 3215 3012 sententiain,
3273 2964 3292 2996 ι
3351 2950 3524 2998 Amor
3569 2958 3699 2996 metis

2167 3014 2464 3070 crucillxus
2489 3027 2594 3078 est,
2627 3035 2645 3067 ι
2681 3031 2792 3071 non
2818 3018 3080 3086 scriptam
3114 3030 3235 3071 esse
3267 3031 3296 3068 a
3331 3015 3590 3084 Dionysio
3617 3014 3704 3082 (cui

2169 3087 2306 3140 nihil
2341 3088 2638 3212 potuisset?
2671 3091 2766 3141 sed
2799 3089 3061 3142 intrusain
3103 3089 3153 3142 in
3186 3087 3506 3156 Dionysium
3534 3087 3597 3138 ab
3626 3090 3705 3137 bo-

2171 3159 2313 3211 mine
2346 3173 2538 3212 sensus
2571 3159 2605 3211 il
2634 3160 2716 3212 ius
2746 3159 2958 3212 ianaro.
2993 3167 3356 3212 monstratum
3382 3167 3490 3208 εει.

2171 3159 2313 3211 mine
2346 3173 2538 3212 sensus
2571 3159 2716 3212 illius
2746 3159 2958 3226 ignaro,
2993 3167 3356 3212 monstratum
3382 3167 3490 3208 εει.

2240 3228 2391 3294 Quod
2423 3237 2604 3281 autem
2631 3243 2661 3281 a
2685 3225 2900 3282 Biv’ario
2932 3227 3158 3282 alfcrtur
3190 3230 3256 3280 de
3286 3227 3550 3295 periculo.
3581 3225 3703 3293 quod

2168 3309 2479 3352 sanctorum
2506 3298 2660 3354 libris
2688 3298 2989 3362 immineat,
3021 3303 3066 3352 si
3098 3300 3258 3352 liceat
3288 3298 3492 3364 aliquid
3515 3308 3708 3364 proprio

2169 3369 2341 3424 Marte
2369 3383 2434 3423 ex
2461 3369 2572 3422 illis
2603 3369 2722 3424 siue
2751 3368 2980 3436 alicujus
3010 3368 3220 3436 antiqui
3252 3367 3462 3421 codicis
3487 3370 3684 3420 testiino

2170 3443 2261 3493 nio
2318 3441 2621 3506 abradere;
2661 3443 3098 3506 respondemus,
3150 3441 3255 3492 nos
3312 3439 3534 3504 proprio
3561 3437 3706 3488 Mane

2170 3525 2275 3563 non
2322 3511 2592 3566 abradere
2619 3549 2635 3575 ,
2689 3511 2788 3565 sed
2828 3510 3053 3563 onit‘iino
3100 3509 3473 3562 abradeudum
3521 3506 3705 3559 ratione

2167 3581 2517 3634 convincere.
2547 3581 2704 3646 Eam,
2737 3579 2782 3633 si
2817 3582 3069 3649 dignetur
3094 3580 3211 3648 ipse
3235 3579 3482 3646 legendis
3506 3580 3702 3649 nostrisZ

2169 3653 2325 3726 sicut
2352 3666 2450 3705 nos
2493 3654 2611 3726 suis
2637 3646 2901 3726 ,lege‘ndis
2946 3646 3508 3726 Iibcntcrdeuinius,’
3531 3646 3704 3726 aliquid

2173 3723 2349 3800 vacui
2383 3718 2653 3790 temporis
2699 3718 2961 3788 ti'ibuere,
3013 3719 3148 3776 locis
3189 3719 3304 3791 jam
3357 3718 3540 3772 citatis
3579 3718 3704 3771 iur:-

2170 3802 2302 3843 ιιιιξι.

2242 3861 2358 3914 Alia
2392 3875 2582 3916 rursus
2607 3861 2742 3934 bina
2775 3869 3094 3934 argumenta
3123 3875 3189 3915 ex
3216 3857 3348 3928 ipsis
3372 3857 3602 3928 Dionysii
3626 3872 3702 3934 pe-_

2174 3936 2268 3984 lita
2302 3935 2456 3986 libris
2491 3931 2695 4001 profert
2746 3934 2799 3985 iu
2845 3930 3104 3988 inediam.
3152 3934 3396 3985 Primum
3439 3939 3546 4001 est,
3585 3930 3702 3996 quod

2173 4017 2295 4054 cum
2343 3999 2634 4072 Dionysius
2665 4006 2997 4068 sexcenties,
3049 4011 3108 4055 ut
3144 4003 3259 4074 ipse
3291 4003 3403 4074 ait,
3454 3999 3704 4074 alloquens

2173 4074 2203 4124 Ἰ
2222 4067 2543 4147 iiiiothcuiit,
2563 4075 2788 4147 referat
2821 4088 2889 4126 ex
2919 4082 3149 4147 utraque
3168 4067 3326 4124 Pauli
3355 4073 3421 4124 ad
3450 4084 3570 4147 eum

2173 4143 2310 4210 stola
2342 4145 2658 4209 sententias,
2697 4158 2974 4215 nunquam
3005 4145 3176 4215 dicat,
3199 4155 3272 4215 λιι
3304 4151 3449 4215 recte
3466 4140 3557 4191 tibi
3581 4140 3702 4215 lfac-

2172 4215 2253 4265 lus
2280 4215 2514 4282 scripsit,
2545 4226 2640 4268 aut
2669 4210 2848 4268 simile
2873 4214 3172 4283 quidpiam.
3197 4210 3701 4283 Respondemalisui

2173 4279 2436 4338 libroruin
2481 4279 2574 4354 qui
2610 4285 2678 4337 ad
2717 4279 2914 4338 inultos
2957 4279 3224 4353 spectant,
3269 4279 3431 4334 aliaat
3474 4279 3701 4354 epistola-

2176 4371 2292 4407 rum
2319 4369 2441 4423 quae
2462 4349 2709 4424 singulos
2733 4349 3132 4425 tanguutfesse
3165 4354 3456 4407 rationein.
3486 4349 3541 4402 In
3575 4349 3701 4424 libris

2172 4426 2272 4499 qui-
2311 4429 2379 4479 ad
2419 4440 2614 4499 omnes
2657 4426 2983 4495 diriguntur,
3018 4439 3125 4499 non
3152 4427 3459 4499 est._ni0t'is,
3488 4436 3606 4499 eum
3631 4431 3699 4470 cui

2174 4498 2372 4550 librum
2404 4496 2720 4551 dedicamus
2756 4494 2951 4550 crebro
2964 4495 3190 4566 __alloqui
3212 4531 3229 4558 ,
3258 4495 3371 4566 imo
3403 4507 3434 4544 a
3461 4494 3702 4566 plerisque

2175 4569 2453 4632 omnibus,
2481 4569 2587 4620 etsi
2622 4570 2760 4622 bona
2813 4581 2872 4621 se
2917 4564 3115 4620 onerat
3153 4564 3388 4630 occasio,
3423 4569 3622 4615 tantum
3657 4564 3701 4610 in

2102 4617 2149 4674 Ῑ)
2176 4617 2509 4706 praefatione
2523 4617 3243 4704 seuwdedicaioria“epistola
3271 4617 3388 4688 liti,
3409 4635 3466 4686 in
3488 4633 3702 4699 epistolis

2175 4718 2380 4770 autem,
2420 4723 2539 4775 tium
2573 4714 2639 4761 ad
2678 4723 2847 4762 unum
2887 4716 3207 4771 exarantur,
3247 4705 3303 4759 id
3346 4705 3700 4776 liberaliustic

2171 4779 2301 4842 Quae
2333 4771 2502 4845 igitur
2529 4778 2824 4847 Dionysius
2855 4779 2922 4831 ad
2950 4777 3296 4831 Timotheum
3333 4776 3568 4842 scripsit,
3603 4771 3701 4847 libri

2172 4858 2300 4899 δυιιι
2329 4886 2344 4909 .
2395 4864 2504 4900 non
2559 4845 2820 4916 epistolae.
2881 4849 3203 4915 Itespoudeo
3246 4855 3558 4916 secunao,_
3578 4845 3702 4892 satia

2172 4918 2454 4973 Fraucisci
2494 4913 2696 4974 Bivarii
2725 4933 2882 4986 pace,
2911 4913 3040 4972 raro
3081 4926 3174 4970 aut
3219 4929 3496 4984 nunquam
3530 4913 3703 4986 Dion)-

2171 4990 2311 5041 siam
2343 4991 2520 5042 citare
2552 4982 3038 5045 seuteiitias’PauH
3070 5001 3137 5040 ex
3166 4982 3424 5055 Epistolis
3450 4986 3519 5037 ad
3548 4982 3704 5055 Τιιιιυ-

2173 5061 2382 5123 theum,
2432 5069 2562 5114 tunc
2605 5061 2817 5114 scilicet
2867 5075 2996 5114 cum
3039 5054 3332 5126 alloquitur
3362 5054 3701 5126 Timotheum.

2172 5127 2333 5198 longe
2377 5130 2535 5184 abest
2563 5139 2622 5184 ut
2653 5132 2980 5185 sexcenties.
3019 5126 3089 5181 Et
3128 5124 3273 5197 quod
3302 5129 3437 5181 dicit
3467 5129 3613 5179 citari
3641 5124 3702 5169 lo-

2171 5197 2293 5252 cum
2332 5214 2399 5252 ex
2429 5202 2448 5252 Ι
2478 5203 2547 5254 ad
2577 5200 2918 5254 Timotheum
2952 5215 3004 5264 l,
3042 5198 3104 5250 17
3141 5216 3155 5252 :
3187 5197 3312 5266 Regi
3350 5206 3523 5250 autem
3563 5205 3704 5244 sacl-

2171 5269 2343 5321 lorum
2387 5271 2700 5337 immortali,
2753 5271 3034 5335 invisibili,
3087 5278 3220 5334 etc.,
3275 5269 3433 5322 valde
3477 5266 3702 5319 audacter

2171 5340 2335 5410 dieit,
2376 5356 2500 5410 cum
2554 5345 2608 5396 id
2659 5357 2766 5396 non
2815 5345 2990 5410 possit
3025 5343 3080 5394 in
3133 5341 3391 5408 Dionysio
3425 5337 3698 5406 ostendere.

2171 5409 2280 5464 Sed
2315 5426 2437 5464 cum
2472 5409 2582 5464 Rex
2618 5409 2931 5466 saeculorum
2966 5411 3038 5465 sit
3067 5425 3233 5482 unum
3263 5426 3295 5462 e
3322 5411 3518 5464 divinis
3552 5415 3681 5482 uouit

2169 5483 2353 5546 nibus,
2402 5483 2535 5535 illud
2579 5497 2796 5552 quoque
2823 5482 3064 5551 eXplicat
3093 5481 3152 5534 ὃ.
3184 5481 3492 5548 Dionysius,
3521 5491 3628 5552 cap.
3655 5481 3697 5530 δι

2170 5555 2264 5604 sed
2303 5568 2404 5606 nec
2433 5554 2602 5608 citato
2629 5553 2816 5617 I’aulo,
2847 5568 2948 5606 nec
2978 5552 3160 5604 allatis
3195 5553 3316 5617 eius
3351 5557 3549 5603 verbis.
3581 5552 3696 5596 'I‘air

2172 5632 2284 5674 tum
2325 5625 2469 5676 enim
2509 5626 2591 5678 sic
2627 5626 2761 5678 dicit
2793 5623 2922 5679 :Atb
2955 5622 3050 5674 καὶ
3091 5621 3338 5690 βασιλεὺς
3380 5619 3585 5690 λέγετᾳι
3615 5626 3699 5684 sui?

2169 5691 2411 5764 uitiivmv,
2457 5693 2533 5756 ὡς
2578 5696 2636 5747 ὲν
2681 5695 2858 5764 αὐτῷ,
2902 5695 2996 5745 καὶ
3039 5686 3163 5763 πέρὶ
3209 5693 3387 5764 αὐτὸνῇ
3403 5686 3592 5764 παῖτὸς
3625 5695 3698 5764 ξθυ

2169 5760 2306 5840 εἶναι
2327 5801 2341 5827 ,
2370 5756 2465 5815 καὶ
2493 5766 2643 5826 ὄντος
2664 5767 2756 5817 καὶ
2783 5756 3144 5840 ὗερεςξτηκὸτρξ
3163 5801 3178 5826 ,
3213 5763 3304 5814 καὶ
3335 5759 3453 5840 οξτε
3484 5756 3569 5832 ἦν,
3598 5756 3700 5840 Ῡῦτε

2170 5834 2352 5895 ἔσται,
2401 5836 2523 5887 οὔτε
2566 5831 2836 5902 ὲγένετοί
2867 5831 2991 5888 οὔτέ
3039 5833 3282 5904 γίνεται,
3333 5831 3454 5885 οὔτε
3488 5831 3700 5904 κτενήσότ

2171 5921 2278 5959 ται.
2332 5891 2468 5960 Hinc
2511 5917 2555 5961 et
2594 5891 2705 5962 lica:
2745 5891 3063 5966 siliculorum.
3093 5891 3310 5972 dicitur,
3354 5891 3544 5975 inquii,
3583 5891 3698 5966 σὶϐυά
