3870 6548
448 425 543 479 951

941 421 1029 474 DE
1063 422 1121 476 S.
1159 421 1452 477 DIONYSH
1487 422 1948 482 ΑΒΕΟΡΑΕΙΤᾹΞ
1984 428 1993 444 ‘

2102 428 2144 480 Α
2181 427 2266 481 ΕΤ
2302 425 2612 482 SCRIPTIS
2643 425 3102 493 QUAiSTlONES
3133 427 3218 483 IV.

3581 437 3689 491 952

384 594 388 597 ,
445 553 610 610 utens
637 539 1175 610 dixrsset,prtecipue
1231 540 1399 592 sancti
1427 537 1670 608 Dionysii
1727 558 1943 608 corpore
1991 561 2018 597 e
2046 549 2089 602 A
2119 542 2276 596 didit.
2314 541 2511 595 Fertur
2570 551 2775 606 autem,
2833 542 2978 610 quod
3019 543 3228 610 prazl‘ati
3285 559 3500 601 vermes
3548 554 3689 607 adeo

445 608 642 666 Galliis
703 610 944 662 traducto
976 608 1274 669 honorauit,
1318 617 1414 662 aut
1461 620 1612 664 certe
1659 610 1822 666 simili
1872 628 2014 674 quo-

445 680 592 736 niam
650 679 922 732 sermonis
971 687 1171 743 genere
1201 695 1334 737 usus
1364 689 1534 734 esset.
1581 679 1632 734 ls
1667 691 1846 735 autem
1877 683 2017 738 Otho

446 749 608 819 longe
665 757 750 802 est
809 750 917 803 ﬁde
968 749 1180 817 dignior
1209 765 1372 818 quam
1427 757 1521 803 aut
1568 751 1892 817 Aventinus,
1920 763 2016 808 aut

445 819 759 900 Crantzius,
791 834 929 889 quos
956 819 1374 892 quadringentis
1419 820 1614 876 saltem
1665 823 1825 878 annis
1859 831 2018 879 ante-

442 899 576 945 CeSSl
585 899 624 944 ι.

513 957 723 1013 Tertio.
747 956 1138 1030 Witicbindus,
1161 961 1252 1030 qui
1283 960 1442 1015 annis
1469 961 1754 1016 minimum
1783 976 2015 1018 sexcen-

447 1030 515 1084 tis
537 1029 760 1085 eosdein
813 1029 1141 1084 Aventinum
1175 1029 1230 1084 et
1265 1032 1584 1088 Crantzium
1608 1033 1896 1087 scribendo
1921 1049 2014 1087 an-

445 1099 622 1172 teivit,
651 1108 707 1172 et
743 1099 854 1172 illis
887 1099 1089 1172 litteris
1140 1101 1629 1172 Ratisponensihns
1661 1102 1874 1172 integro
1912 1117 2014 1157 saa-

440 1168 565 1239 c_ulo
593 1170 867 1239 antiquior
899 1171 1030 1238 fuit;
1063 1173 1128 1236 is,
1161 1168 1404 1239 inquam,
1434 1168 1802 1227 Witichindus
1826 1171 1968 1227 libro
1993 1192 2009 1229 t

442 1236 738 1312 Gestar_um'
779 1236 1165 1296 Saxonicorum
1209 1236 1423 1302 scribit,
1479 1241 1738 1296 Carolum
1791 1241 2012 1312 Simpli-

443 1323 561 1363 cem
605 1309 945 1365 Francorum
977 1327 1181 1378 regem,
1239 1312 1504 1368 adversus
1543 1326 1702 1380 quem
1735 1311 1818 1368 sui
1858 1309 2011 1380 prin.

443 1380 592 1448 ripes
654 1391 766 1435 tum
823 1381 1249 1448 rebellaverant,
1286 1382 1500 1436 misisse
1559 1397 1780 1436 manum
1835 1383 2006 1438 sancti

444 1447 684 1523 Dionysii
727 1452 794 1523 ad
823 1450 1109 1523 Henricum
1144 1451 1550 1523 Saxonicorumr
1575 1468 1758 1523 regem
1791 1454 2009 1522 (nempe

439 1533 587 1592 anno
611 1521 826 1592 Domini
880 1521 1031 1587 920).
1079 1522 1334 1575 amicitia:
1361 1523 1478 1592 ejus
1513 1522 1615 1577 sibi
1646 1521 2008 1578 conciliandae

438 1590 638 1660 gratia.
678 1591 858 1645 Verba
891 1593 1006 1660 ejus
1036 1593 1345 1646 sunthaec:
1392 1590 1425 1644 ἐ
1456 1592 1688 1658 Quando
1729 1607 1862 1646 vero
1907 1609 2002 1646 rex

438 1657 691 1732 Rhenum
720 1657 1047 1716 transiv’erat
1076 1664 1142 1716 ad
1177 1657 1508 1716 dilatandam
1533 1677 1696 1732 super
1716 1661 2006 1719 Lolharios

440 1730 726 1800 imperium
753 1748 932 1792 suum,
954 1733 1188 1787 occurrit
1231 1731 1280 1786 ei
1313 1732 1521 1800 legatus
1550 1730 1756 1797 Garuli,
1802 1743 1856 1787 et
1910 1748 2002 1786 sa-

440 1797 610 1870 lutato
636 1816 700 1856 eo
738 1802 922 1856 verbis
954 1802 1292 1865 humillimis,
1322 1797 1584 1856 Dominus
1609 1817 1781 1868 meus,
1806 1801 1998 1870 inquit.

2123 610 2476 687 scaturirent,
2502 611 3147 687 _ut_null_i_sumedicorum
3181 613 3328 668 curis
3356 617 3528 670 minui
3559 636 3688 687 pos.

2119 680 2540 754 sentuﬂsicjbt.
2569 681 2637 754 Et
2663 681 3014 735 nihilominus
3050 683 3153 754 illae
3183 698 3342 750 supra
3373 680 3574 754 positae
3596 691 3687 744 lit-

2123 762 2252 806 tera:
2513 750 2728 825 volunt,
2781 760 2840 804 ut
2890 766 2993 825 rex
3050 753 3293 825 Francia:
3345 750 3688 825 congaudeat

2119 820 2465 888 apostoli—sui
2509 820 2714 890 glorias,
2762 839 2782 873 ι
2813 823 2902 888 qui
2937 831 3046 876 tam
3076 824 3326 878 devotum
3371 820 3550 880 furem
3603 833 3683 884 sui

2121 893 2367 961 corporis
2401 891 2609 954 habuit,
2638 907 2774 961 auro
2804 892 2990 958 utique
3017 902 3071 945 et
3100 893 3313 961 topazio
3343 898 3680 953 malit)me

2108 959 2249 1018 Idem
2275 960 2703 1038 absurditateml
2759 961 3072 1038 Et_quidem
3094 1033 3106 1038 _
3125 959 3249 1032 post
3278 972 3427 1021 tanta
3474 968 3680 1038 ﬂagitia

2113 1042 2171 1085 et
2197 1031 2484 1101 sacrilegia
2537 1031 2736 1083 litteris
2788 1031 2874 1101 adA
2904 1031 3279 1100 posteritatem
3313 1031 3679 1093 exarata'non

2115 1099 2335 1171 erubuit
2383 1099 2645 1171 scriptum
2673 1101 2812 1171 illud
2847 1099 3243 1171 Ratisponense
3291 1106 3360 1160 de
3411 1107 3508 1163 illo
3568 1111 3682 1164 hac

2115 1169 2440 1245 enuntiare:
2469 1168 2506 1222 ι
2525 1168 2626 1234 Qui
2662 1169 2808 1245 fures
2838 1168 3023 1245 atque
3070 1172 3366 1245 sacrilegos
3393 1187 3518 1232 erat
3544 1179 3681 1232 soli-

2111 1249 2200 1309 tus
2229 1240 2649 1294 condemnare.»
2699 1240 2947 1309 Baptista
2971 1243 3100 1298 item
3129 1240 3388 1309 Egnaiius
3418 1247 3563 1302 libro
3595 1263 3657 1304 ιιι

2113 1258 2200 1294 tus
2229 1258 2649 1294 condemnare.)
2699 1258 2939 1309 uapusm
2971 1258 3100 1298 item
3129 1258 3163 1296 ιι
3243 1258 3388 1298 atrus
3419 1258 3563 1302 libro
3595 1263 3657 1304 ιιι

2113 1308 2470 1384 Romanorum
2517 1311 2837 1384 principum,
2876 1311 3118 1379 ejusdem
3166 1258 3434 1384 finulpbi
3471 1317 3683 1373 scelera

2101 1381 2162 1454 'el
2190 1379 2456 1454 scelerum
2500 1394 2706 1454 paruas
2726 1381 2828 1454 __ita
2874 1396 3036 1450 quam
3065 1379 3686 1454 brevissinieperstrin-

2110 1451 2190 1504 xit
2208 1448 2425 1526 z-«Quia
2445 1449 2706 1526 adversus
2726 1448 3088 1526 Nortmann‘os
3120 1467 3204 1507 res
3225 1448 3475 1526 egregias
3503 1459 3684 1526 primo

2110 1520 2299 1589 gessit,
2325 1534 2452 1572 mox
2485 1519 2538 1595 i_u
2587 1522 2837 1595 rapinas,
2866 1519 3299 1595 templorumqu'e
3322 1519 3684 1595 spoliationes

2109 1602 2443 1661 conversus,
2495 1589 2664 1661 justag
2693 1593 2973 1644 numinum
3014 1592 3090 1646 ira
3144 1589 3416 1661 plectitur.
3459 1597 3598 1651 Nam
3627 1611 3683 1652 et

2107 1661 2258 1732 prior
2316 1659 2468 1732 illum
2502 1657 2761 1732 ’felicitas
2786 1661 3027 1732 desegtit
3075 1657 3322 1718 et'brevi
3375 1667 3678 1732 pediculari

2109 1727 2301 1806 inorbo
2326 1727 2610 1806 coniectus
2656 1730 2810 1806 _obiit_.
2839 1748 2858 1780 ι
2915 1728 3207 1806 _Sitnil_lima
3244 1727 3493 1806 reperies,
3537 1740 3681 1806 apud

2106 1798 2366 1853 Iacobum
2396 1798 2890 1870 Wimpbelengium
2915 1800 2966 1852 in
2993 1799 3230 1868 Epitome
3259 1798 3431 1858 rerum
3453 1798 3680 1862 Genita-

437 1869 662 1942 L‘arolus
692 1873 839 1942 regia
872 1873 1148 1940 quondam
1199 1880 1470 1942 potestate
1505 1871 1787 1939 praeditus,
1839 1869 2002 1942 modo
2033 1884 2074 1938 Β
2105 1871 2344 1942 uicerunt
2378 1871 2576 1942 capite
2631 1869 2843 1942 decimo
2888 1871 3191 1942 quinto;sic
3227 1875 3376 1928 enim
3435 1878 3678 1931 scribit:

438 1940 699 2004 privatus,
728 1940 877 1995 niisit
904 1956 993 1994 me
1025 1942 1090 1994 ad
1123 1950 1192 2002 te.
1246 1941 1578 1996 demandans
1609 1942 1736 2007 quia
1777 1941 1912 1995 nihil
1947 1944 1996 1997 ei

438 2009 506 2062 ab
535 2009 774 2066 inimicis
799 2013 1168 2068 circumvento
1221 2011 1540 2080 jucundius,
1589 2011 1722 2066 nihil
1789 2012 2000 2067 dulcius

435 2093 557 2151 esse
589 2087 782 2151 possit,
810 2097 973 2150 quam
1005 2083 1072 2135 de
1095 2084 1172 2136 tui
1213 2081 1485 2148 magniﬁci
1517 2080 1794 2150 profectus
1823 2081 1999 2151 gloria

435 2147 638 2216 aliquid
671 2147 886 2215 audire,
942 2152 1083 2207 fama
1133 2154 1394 2206 virtutum
1449 2147 1662 2205 tuarum
1700 2147 1994 2209 consolari.

434 2217 499 2272 Et
531 2220 635 2276 hoc
678 2223 772 2276 tibi
804 2222 1017 2292 signum
1076 2222 1198 2276 ﬁdei
1249 2230 1308 2276 et
1360 2222 1608 2275 veritatis
1671 2223 1994 2292 transmisit,

432 2292 764 2363 protulitque
789 2291 1004 2347 desinit
1060 2308 1276 2363 manum
1328 2292 1551 2363 pretiosi
1583 2293 1839 2363 martyris
1874 2291 1997 2346 Dio-

433 2361 570 2432 nysii
602 2361 735 2418 auro
768 2364 1104 2432 gemmisque
1137 2362 1422 2417 inclusam.
1480 2361 1613 2427 Hoc,
1668 2361 1867 2430 inquit,
1897 2363 1996 2416 ha-

431 2430 557 2503 beto
608 2430 806 2501 pignus
869 2432 1092 2487 foederis
1147 2432 1520 2503 perpetuiuet
1583 2435 1810 2503 amoris
1850 2433 1997 2486 vica-

434 2499 523 2561 rii,
553 2522 573 2552 ι
610 2499 720 2560 etc.
764 2503 898 2557 Vide
940 2518 1102 2572 supra
1133 2499 1264 2571 cap.
1288 2502 1386 2566 29,
1421 2501 1555 2558 Vitae
1590 2503 1760 2572 ipsius
1788 2501 1849 2558 S.
1872 2504 1994 2557 Dio-

427 2573 588 2638 nysii.
1117 2611 1123 2618 -

507 2644 624 2699 Jam
655 2646 699 2698 si
731 2658 916 2698 verum
969 2651 1053 2697 est
1102 2644 1246 2713 quod
1297 2643 1723 2712 llatisponenses
1781 2659 1995 2698 asseve-

429 2725 578 2776 rant,
617 2725 791 2769 totum
823 2730 880 2768 se
903 2728 1102 2781 corpus
1125 2714 1298 2767 sancti
1333 2713 1571 2784 Dionysii
1616 2715 1892 2782 accepisse
1923 2716 1994 2768 ab

431 2785 713 2854 Arnulpho
767 2800 889 2852 rege
921 2785 1315 2854 Bajoariorum,
1379 2785 1480 2838 sub
1523 2799 1722 2837 annum
1778 2785 1988 2837 Domini

429 2857 652 2912 circiter
678 2855 782 2911 890
815 2865 962 2921 (nam
1018 2855 1141 2924 sub
1169 2855 1217 2907 id
1252 2864 1462 2920 tempus
1511 2855 1815 2924 regnabat),
1850 2856 1990 2908 unde

429 2929 630 2981 habere
659 2928 833 2994 potuit
859 2925 1092 2980 Carolus
1122 2923 1361 2992 Simplex
1411 2923 1591 2977 annis
1616 2925 1836 2993 triginta
1871 2933 1993 2994 post

430 2993 845 3059 manumillam,
874 3011 1035 3066 quam
1071 2995 1137 3048 ad
1171 2993 1471 3066 HenriCnm
1491 2995 1683 3066 imper.
1712 2995 1900 3048 misit?
1930 2993 1988 3048 Si

427 3083 458 3120 e
489 3067 722 3120 Francia
758 3064 907 3132 (inde
937 3065 1080 3118 enim
1111 3079 1171 3119 se
1214 3065 1430 3135 mittere
1460 3064 1690 3135 indicat)
1717 3080 1844 3134 ergo
1880 3081 1987 3118 non

429 3147 600 3190 totum
631 3152 854 3204 corpus,
893 3145 1114 3204 exectus
1171 3134 1394 3204 minima
1453 3134 1987 3202 manus'particula,

425 3206 534 3272 iam
568 3203 884 3275 Ratispunaa
927 3203 1082 3258 erat:
1125 3205 1207 3258 sin
1259 3203 1554 3272 Ratispona
1603 3204 1813 3268 habuit,
1846 3215 1900 3259 et
1931 3207 1985 3258 iu

428 3277 727 3330 Saxoniam
761 3277 1083 3341 transmisit,
1113 3275 1382 3343 quomodo
1410 3287 1628 3328 centum
1662 3284 1780 3342 post
1834 3276 1992 3329 annis

427 3362 604 3414 eoque
635 3347 889 3413 amplius,
929 3348 1028 3399 hoc
1077 3353 1160 3398 est
1209 3358 1351 3397 anno
1411 3345 1551 3398 1052
1602 3347 1684 3412 (ut
1711 3347 1811 3411 ipsi
1845 3348 2000 3400 aiunt

431 3416 877 3485 Ratispoueuses)
913 3416 1129 3470 decerni
1161 3417 1360 3481 potuit,
1393 3415 1662 3485 integrum
1713 3418 1856 3483 apud
1905 3431 1999 3470 eos

426 3501 624 3553 corpus
678 3486 843 3540 esse?
897 3489 1051 3554 cujus
1105 3485 1290 3539 multa:
1348 3495 1534 3555 partes
1586 3487 1637 3537 in
1689 3487 1838 3538 varia
1877 3487 1996 3539 loca

431 3565 810 3624 transportatae
852 3556 964 3622 jam
1022 3565 1198 3618 erant,
1253 3570 1444 3608 manus
1478 3557 1531 3608 in
1585 3556 1902 3619 Saxoniam,
1937 3571 1998 3609 os

425 3625 632 3680 brachii
669 3627 920 3689 Itomam,
966 3625 1070 3680 alia
1123 3639 1245 3679 ossa
1278 3625 1330 3677 iu
1362 3624 1750 3694 Burgundiam,
1799 3635 1853 3679 et
1879 3625 1999 3681 aliae

426 3697 537 3748 alio
571 3697 815 3762 ejusdem
875 3699 1015 3750 sacri
1071 3696 1320 3764 corporis
1373 3696 1657 3764 reliquiae?
1695 3695 1769 3750 De
1801 3697 1998 3764 quibus

427 3767 946 3890 \'ltl380AllllQIliialeS
970 3767 1196 3820 abbatia:
1214 3765 1272 3818 S.
1293 3764 1538 3837 Dionysii
1567 3767 1618 3820 in
1638 3765 1869 3822 Francia
1894 3765 1932 3820 l.
1951 3782 1992 3831 ι,

427 3850 467 3890 c.
578 3881 591 3890 .

419 3850 467 3890 C.
501 3850 591 3893 ὒυ.

492 3910 721 3973 Quarto.
760 3907 814 3960 In
863 3908 1054 3962 iisdem
1110 3906 1585 3976 Ratisponensium
1642 3905 1842 3961 litteris
1876 3906 1993 3959 fur-

420 3987 534 4032 ttitu
567 3978 723 4040 illud,
773 3980 890 4032 sive
942 3980 1122 4047 potius
1161 3976 1428 4030 nefarium
1477 3977 1846 4047 sacrilegium,
1886 3992 1993 4044 quo

422 4051 490 4102 ad
526 4065 584 4101 se
618 4049 945 4101 translatum
987 4047 1228 4119 Dionysii
1295 4062 1494 4119 corpus
1529 4047 1715 4101 ferunt
1771 4047 1838 4114 (si
1867 4049 1992 4115 qui-

417 4119 539 4172 dem
577 4133 664 4171 res
695 4133 824 4172 vera
856 4120 1023 4184 esset)
1056 4117 1239 4173 verbis
1271 4117 1527 4172 mollibus
1577 4128 1633 4170 et
1665 4121 1842 4184 vanis,
1876 4131 1994 4170 tuo.

419 4189 729 4255 Iestainque
780 4190 1212 4243 consolationem
1260 4186 1632 4250 aﬂ'ereutibus,
1667 4197 1724 4240 et
1751 4188 1985 4255 impera-

420 4259 557 4312 toris
582 4259 784 4326 pietate
819 4268 1148 4323 excusatur;
1199 4272 1322 4310 cum
1370 4267 1552 4310 tamen
1583 4257 1718 4311 satis
1741 4265 1989 4321 constet,

417 4343 540 4398 eum
593 4328 755 4398 longe
798 4329 1200 4397 .impiissimum
1255 4327 1473 4382 fuisse:
1512 4342 1674 4396 quem
1730 4337 1786 4380 et
1838 4327 1991 4398 impii

419 4397 652 4451 llerodis
691 4397 886 4451 morbo
917 4401 988 4453 ob
1017 4414 1112 4452 sua
1141 4398 1346 4466 ﬂagitia
1382 4398 1636 4467 periisse,
1668 4397 1848 4452 cuncti
1877 4397 1992 4453 fere

417 4467 663 4539 scribunt
693 4469 969 4524 historici.
1002 4468 1405 4539 Luithpraudus
1435 4479 1583 4522 certe
1599 4467 1742 4539 _vira
1767 4468 1991 4539 oberu-

417 4538 682 4590 ditionem
714 4547 769 4591 et
795 4540 1146 4605 prudentiam,
1167 4536 1372 4601 inultie,
1403 4549 1462 4592 ut.
1493 4539 1568 4591 ait
1599 4536 1982 4601 Bellarminus,

416 4608 922 4679 auctoritatisiiis
951 4621 1035 4662 est
1061 4625 1218 4676 quem
1271 4608 1634 4679 Berengarius
1684 4608 1983 4679 imperator

423 4677 678 4748 legatum
723 4677 872 4730 misit
920 4680 985 4732 ad
1039 4677 1473 4732 Constantinum
1516 4678 1647 4746 imp.
1709 4678 1982 4748 Graecum)

429 4747 607 4800 libi-ot
643 4746 832 4799 Rerum
887 4750 949 4801 ab
981 4747 1207 4816 Europa:
1257 4749 1658 4814 imperatoribus
1687 4763 1748 4799 ac
1780 4746 1984 4816 regibus

419 4828 706 4886 gestarum,
756 4818 827 4869 ita
861 4820 927 4873 de
981 4820 1264 4886 Arnulpbo
1314 4833 1409 4886 per
1440 4816 1634 4870 lethale
1674 4818 1926 4884 poculum
1953 4835 1984 4872 a

419 4888 671 4942 sensibus
706 4888 944 4943 alienato
1001 4891 1192 4942 scribit
1224 4906 1237 4942 :
1308 4905 1327 4938 ι
1357 4887 1534 4940 Credo
1567 4897 1748 4939 autem
1782 4887 1984 4942 Annul-

415 4959 584 5025 pliutn
617 4974 796 5025 regem
823 4961 971 5025 jusla
1004 4961 1178 5012 severi
1203 4959 1400 5028 judicis
1421 4971 1648 5010 censura
1679 4957 1982 5024 hujusmodi

413 5039 620 5094 pestem
656 5030 976 5083 incurrisse.
1026 5029 1291 5084 Secunda:
1339 5029 1483 5081 enim
1518 5043 1626 5092 res,
1660 5031 1787 5080 dum
1813 5031 1986 5099 impe-

414 5100 551 5150 rium
586 5099 745 5169 hujus
783 5102 984 5169 ubique
1017 5103 1451 5169 inagniﬁcarent,
1487 5099 1674 5152 virtuti
1705 5113 1817 5152 suae
1846 5115 1985 5154 cuu-

411 5179 496 5218 cta
533 5168 745 5234 tribuit,
782 5168 1166 5224 non’dehituiu
1192 5170 1551 5237 omnipotenti
1581 5169 1692 5223 Deo
1716 5170 1979 5224 honorem

413 5237 667 5290 reddidit.
695 5238 1019 5294 Sacerdotes
1042 5239 1135 5293 Dei
1162 5241 1324 5294 vincti
1358 5240 1718 5294 trahebantur
1743 5257 1758 5293 :
1809 5256 1982 5296 sacra:

409 5307 652 5379 virgines
679 5312 726 5362 vi
755 5311 1223 5379 Opprintebantur,
1270 5310 1570 5376 coniugata:
1613 5311 1978 5366 violabantur.

411 5376 597 5449 Neque
617 5381 762 5449 enim
793 5376 1046 5436 ecclesia
1078 5380 1519 5445 confugientibus
1551 5391 1805 5449 poterant
1857 5397 1981 5436 esse

412 5447 646 5516 asylum.
678 5448 736 5502 In
790 5453 875 5506 his
927 5468 1159 5520 namque
1196 5449 1437 5522 symbola
1475 5447 1767 5516 faciebant,
1792 5464 1980 5521 gestus

418 5526 624 5584 turpes,
655 5533 851 5577 cautus
883 5519 1117 5576 ludicros
1179 5519 1240 5576 et
1281 5519 1756 5578 debacchationes.
1791 5519 1896 5577 Sed
1925 5532 1981 5576 et

418 5589 675 5660 mulieres
721 5593 772 5645 in
832 5596 1022 5647 eodem
1071 5593 1282 5660 publice
1340 5592 1857 5658 prostituebantur.»
1913 5593 1980 5647 Et

411 5657 569 5730 paulo
600 5660 830 5730 inferius
858 5665 924 5716 de
982 5657 1154 5716 morte
1180 5663 1297 5728 ejus
1347 5661 1658 5728 turpissima
1688 5664 1766 5716 sic
1808 5665 1980 5730 subji-

409 5727 485 5801 ..ξι
516 5741 531 5780 :
569 5746 587 5778 ι
621 5727 1016 5801 Profectusque
1052 5735 1103 5786 in
1147 5727 1391 5800 propria,
1427 5731 1740 5798 turpissima
1769 5727 1977 5786 valetu-

409 5797 535 5869 dine
585 5797 941 5869 exspiravit.‘
973 5797 1194 5855 Minutis
1247 5797 1446 5869 quippe
1496 5804 1793 5867 vermibus,
1842 5818 1977 5869 quos

410 5867 695 5924 Dedicnlos
723 5875 894 5942 aiunt,
941 5867 1289 5928 vehementer
1317 5867 1544 5927 amictus
1570 5873 1819 5940 spiritum
1853 5867 1976 5928 red-

2107 1957 2128 1991 ι
2165 1938 2500 2016 _Aruulpbus,
2529 1940 2794 2006 septimus
2827 1955 2856 1992 a
2909 1939 3103 2016 Carolo
3133 1941 3677 2016 Magnoimperator,

2102 2011 2278 2078 pritno
2305 2011 2522 2076 quidem
2559 2019 2779 2062 strenue
2810 2012 3039 2078 sumptis
3095 2013 3266 2067 armis
3308 2011 3680 2070 Nortmannos

2103 2079 2335 2132 rebelles
2386 2078 2698 2146 perdomuit
2753 2093 2938 2132 verum
2975 2095 3100 2134 mox
3151 2083 3205 2134 in
3259 2085 3677 2140 ecclesiasticos

2100 2150 2351 2222 saeviens,
2385 2149 2476 2202 Dei
2523 2160 2654 2202 nunt
2706 2149 3000 2222 pediculari
3052 2155 3276 2220 morbo,
3305 2169 3472 2222 quem
3501 2157 3677 2212 Graeci

2099 2218 2676 2290 φθειρίαᾳινννορειηι,
2730 2218 3274 2290 breviiconsun‘iptus
3313 2218 3420 2288 est,
3484 2229 3678 2281 relicto

2100 2290 2208 2366 tilio
2226 2287 2510 2366 Ludovico
2531 2303 2873 2366 successore.
2884 2288 3005 2366 _Non
3033 2287 3340 2366 inve—nimus
3359 2298 3675 2366 quempiam

2100 2359 2238 2412 ﬁlios
2276 2359 2508 2411 ﬁliorum
2538 2373 2756 2412 suorum
2788 2361 3010 2424 vidisse,
3056 2372 3149 2414 aut
3188 2359 3419 2418 feliciter
3452 2359 3672 2421 tandem

2097 2437 2388 2502 mortuum.
2422 2429 2512 2496 qui
2552 2429 2782 2502 clerum,
2817 2429 2906 2498 qui
2941 2430 3263 2502 Ecclesium,
3301 2437 3394 2502 qui
3452 2439 3546 2490 Dei
3573 2437 3675 2489 mi-

2097 2501 2304 2552 nistros
2331 2509 2649 2565 persecutus
2678 2499 2875 2554 damno
2900 2500 2986 2552 vel
3031 2499 3381 2558 contumeliis
3426 2522 3524 2560 eos
3551 2506 3675 2560 ιπε-

2095 2571 2318 2624 cisset.»
2349 2567 2424 2620 Ita
2471 2567 2579 2623 ille.
2615 2569 2824 2635 Quibus
2881 2572 3136 2625 omnibus
3167 2576 3406 2629 succinit
3433 2576 3674 2632 Jacobus

2096 2639 2228 2692 Piuo
2249 2641 2302 2693 in
2329 2636 2475 2692 Seria
2528 2637 2884 2693 Romanorum
2941 2639 3351 2710 imperatorum,
3407 2649 3494 2702 bis
3547 2663 3673 2702 νοτ-

2094 2711 2243 2764 sibus
2290 2729 2302 2762 :

2091 2825 2400 2900 Arnuiplius
2419 2827 2581 2900 subit,
2613 2827 2848 2896 egregias
2876 2845 2966 2898 qui
3008 2831 3168 2898 gessit
3195 2833 3250 2886 in
3283 2833 3422 2900 ipso.

2091 2899 2342 2968 gusuicio
2367 2897 2572 2968 imperii
2603 2914 2684 2950 res
2717 2897 2962 2953 strenuus
2982 2897 3156 2965 {inde
3182 2897 3403 2968 rapinas

2091 2965 2360 3036 ﬂectatur,
2391 2965 2583 3033 spoliat
2615 2969 2804 3036 templa
2833 2980 2881 3021 et
2919 2971 3143 3023 donaria
3182 2965 3366 3026 diuum
3398 2988 3418 3025 :

2084 3033 2242 3106 {inde
2277 3037 2372 3088 luit
2399 3053 2600 3104 poenas,
2631 3033 2970 3106 consumptus
3023 3037 3274 3094 Numinis
3302 3044 3388 3096 ira

2100 3103 2431 3170 Vermiculis,
2460 3123 2652 3160 nonum
2683 3103 2885 3161 interea
2907 3109 3032 3162 dum
3064 3113 3338 3166 clauditur
3366 3130 3559 3173 avum,

2093 3195 2148 3252 id
2169 3207 2272 3273 est,
2285 3198 2592 3273 exspiravit
2612 3209 2844 3254 exeunte
2885 3215 3028 3256 nono
3056 3203 3260 3258 Christi
3288 3207 3523 3273 saeculo,
3552 3209 3670 3262 sive

2099 3271 2199 3324 sub
2225 3285 2420 3322 annum
2444 3269 2652 3338 Domini
2683 3273 3170 3338 nongentesimuui.

2171 3339 2393 3416 Quinto.
2421 3337 2702 3404 Quomodo
2753 3337 2928 3408 putuit
2979 3342 3116 3395 tanti
3165 3341 3666 3416 Francorumapo—

2100 3411 2225 3463 stoli
2257 3423 2476 3476 corpus,
2508 3418 2657 3461 tanta
2708 3425 2923 3478 semper
2954 3427 3085 3465 cura
3129 3415 3484 3476 custoditum.
3520 3411 3665 3470 tanta

2101 3478 2424 3548 populorum
2467 3479 2816 3534 veneratione
2865 3481 3109 3545 cultum,
3163 3487 3300 3538 tanti
3357 3502 3386 3538 a
3446 3490 3669 3541 cunctis

2100 3549 2435 3603 Francorum
2464 3550 2681 3617 regibus
2708 3550 3057 3610 aestimatum.
3087 3562 3180 3606 aut
3217 3556 3407 3610 insciis
3437 3570 3532 3611 aut
3555 3560 3666 3612 dis-

2100 3619 2480 3696 simulantibus
2508 3620 2692 3696 Sanui
2721 3621 2958 3696 Dionysii
2984 3624 3317 3696 cmuobitise
3343 3639 3536 3696 crypta
3563 3644 3664 3684 sua

2099 3691 2239 3753 erui,
2268 3703 2300 3742 e
2329 3691 2664 3744 monasterio
2685 3690 2928 3760 educi,ie
2964 3706 3127 3760 regno
3154 3694 3358 3760 etlerri,
3397 3690 3460 3751 at
3485 3700 3666 3754 nullus

2098 3761 2324 3835 omnino
2357 3761 2423 3812 ad
2475 3773 2802 3828 quemquam
2856 3759 3193 3816 Francorum
3246 3769 3387 3833 rapti
3420 3772 3504 3820 sui
3535 3785 3666 3835 apo-

2097 3831 2222 3884 stoli
2251 3845 2436 3884 rumor
2458 3841 2552 3882 aut
2595 3845 2840 3884 murmur-
2865 3835 3188 3886 emanaret?
3229 3831 3408 3890 nullus
3437 3831 3662 3893 verbum

2098 3899 2528 3975 utiuni__l'aceret?
2553 3897 2686 3975 Nam
2715 3901 2939 3975 lingere,
2963 3915 3152 3956 omnes
3180 3917 3405 3975 prorsus
3441 3911 3653 3975 religio-

2097 3985 2188 4025 sos
2225 3970 2370 4024 illius
2397 3970 2632 4024 cteuobii
2661 3969 2742 4041 ita
2768 3974 2896 4023 vino
2917 3969 3216 4041 somnoque
3239 3974 3410 4030 fuisse
3435 3969 3664 4033 obrutos

2099 4051 2468 4114 sepultosque.
2500 4049 2557 4114 ut
2583 4039 2712 4114 quid
2743 4041 2887 4114 domi
2915 4039 3214 4109 gereretur,
3251 4048 3571 4114 nescirent;
3603 4062 3663 4103 ut

2096 4110 2279 4165 claves
2302 4113 2368 4164 ad
2409 4109 2542 4164 tanti
2582 4109 2984 4179 subreptionem
3017 4115 3253 4168 thesauri
3285 4117 3370 4170 vel
3403 4109 3665 4172 ultm'or-

2095 4179 2324 4245 ferrent,
2354 4181 2437 4234 vel
2483 4197 2512 4232 a
2553 4195 2613 4252 se
2643 4181 2754 4233 tolli
2789 4196 2893 4233 non
2945 4185 3442 4252 persentiscerent,
3499 4191 3662 4245 nimis

2094 4265 2318 4316 vanum,
2345 4252 2506 4305 nimis
2531 4251 2943 4328 ri_diculut_n_est.
2965 4253 3119 4328 Adde
3145 4271 3292 4328 vero,
3323 4259 3466 4321 quod
3495 4272 3661 4328 caput

2093 4331 2198 4394 est,
2231 4333 2491 4394 extrema:
2532 4323 2584 4375 id
2631 4321 2885 4389 nequitiae
2931 4333 2987 4376 et
3038 4325 3405 4394 improbitatis
3461 4321 3658 4394 videri,

2093 4393 2298 4446 audere
2323 4391 2556 4459 aliquem
2583 4399 2792 4444 tantum
2819 4403 2876 4446 et
2908 4401 3012 4445 tam
3051 4391 3378 4450 horrendum
3429 4391 3658 4455 sacrile;

2093 4461 2238 4528 gium
2268 4471 2574 4525 attentare;
2636 4461 2892 4541 nimirum
2938 4462 2990 4516 id
3021 4468 3164 4541 quod
3191 4468 3374 4541 aliquo
3403 4471 3456 4523 in
3492 4485 3658 4541 regno

2098 4543 2207 4607 tam
2237 4547 2478 4595 sacrum,
2533 4542 2640 4607 tam
2696 4532 3006 4607 religiosum
3047 4532 3157 4607 'sit,
3214 4532 3452 4607 id—quod
3506 4532 3657 4596 tanto

2087 4603 2233 4680 c_ult_u
2260 4611 2315 4657 et
2347 4605 2692 4680 veneratione
2737 4603 3075 4680 celebretur,
3110 4606 3162 4657 id
3200 4603 3338 4680 quo‘
3360 4611 3499 4664 nihil
3536 4627 3654 4680 pro

2053 4689 2056 4692 ’
2089 4673 2320 4749 tiosius,
2339 4673 2472 4749 nihil
2499 4672 2753 4749 sanctius
2778 4673 2920 4725 inter
2947 4686 3175 4749 cunctas
3213 4672 3332 4741 ejus
3357 4672 3552 4749 gentis.
3570 4700 3654 4734 re-

2087 4743 2286 4816 liquias
2308 4743 2597 4816 habeatur,
2625 4740 2799 4816 justis_
2832 4753 2940 4816 tam
2973 4745 3115 4815 longi
3146 4740 3410 4816 temporis
3435 4767 3656 4805 succes-

2085 4814 2301 4868 scribus
2330 4815 2448 4866 sine
2475 4829 2637 4866 causa
2669 4811 2967 4867 subfurari.

2154 4883 2296 4950 Quin
2350 4893 2404 4936 et
2457 4884 2562 4937 boc
2622 4882 2874 4935 fortassis
2925 4885 3150 4939 minime
3193 4890 3650 4943 contemnendum

2085 4954 2280 5021 aliquis
2305 4954 2652 5023 judicaverit,
2686 4963 2850 5004 totam
2880 4954 3354 5022 Ratispuueusium
3375 4962 3443 5012 de
3462 4962 3562 5012 hac
3584 4963 3649 5014 ad

2085 5041 2144 5100 se
2172 5026 2529 5100 translatione
2551 5023 2807 5087 fabulam,
2827 5036 3005 5100 ortum
3027 5028 3226 5100 habere
3243 5038 3299 5080 et
3322 5031 3646 5100 principium

2086 5097 2154 5150 ab
2188 5095 2425 5170 hominis
2477 5109 2710 5170 nequam
2744 5103 2799 5170 et
2838 5097 3092 5170 sacrilegi
3150 5095 3405 5170 dictofet
3433 5095 3648 5170 jureju-

2084 5166 2256 5241 rando
2275 5166 2408 5241 icui
2432 5166 2614 5234 potius
2636 5163 2904 5241 creditum
2940 5167 3009 5218 sit
3037 5168 3240 5241 dicenti
3273 5169 3402 5222 illud
3428 5163 3644 5241 corpus,

2082 5237 2226 5304 quod
2275 5233 2634 5312 [tatisponaut
2674 5233 2906 5312 aberret
2935 5240 3001 5303 (si
3051 5239 3178 5305 quid
3235 5249 3420 5312 tamen
3444 5233 3644 5312 attulit)

2081 5321 2203 5361 esse
2235 5322 2434 5374 corpus
2465 5305 2638 5358 sancti
2674 5304 2932 5375 Dionysii.
2966 5304 3129 5377 quam
3188 5310 3441 5365 omnibus
3485 5304 3643 5367 simul

2083 5377 2358 5448 religiosis
2385 5377 2698 5446 Dionysiani
2743 5379 2976 5432 ctenolni
3016 5379 3082 5431 id.
3118 5389 3306 5433 sancte
3337 5395 3642 5448 pernegan-

2083 5447 2249 5511 tibus,
2283 5458 2446 5514 atque
2497 5449 2638 5516 apud
2691 5461 2751 5500 se
2787 5461 2906 5502 esse
2957 5451 3131 5518 palam
3187 5447 3640 5516 monstrantibus,

2080 5518 2190 5592 into
2215 5521 2536 5592 etgxternis
2584 5518 2801 5586 regibus
2823 5521 3253 5592 acgprincipihus
3295 5523 3348 5575 id
3376 5528 3640 5592 proﬁten-

2083 5590 2244 5643 tibus.
2276 5589 2408 5644 γωδ
2459 5605 2620 5657 supra
2650 5599 2814 5656 caput
2844 5590 2913 5641 27
2961 5590 3114 5653 Vitae,
3145 5592 3234 5644 ubi
3273 5589 3438 5648 verba
3467 5597 3636 5649 sancti

2080 5661 2318 5713 Eduardi
2385 5661 2526 5727 regis
2575 5661 2909 5726 Anglorum,
2964 5663 3169 5727 scripta
3223 5680 3370 5717 anno
3425 5665 3632 5718 Domini

2080 5732 2369 5804 millesimo
2393 5731 2846 5804 quinquagesimo
2871 5747 3033 5799 nouo,
3084 5736 3323 5804 laudavi,
3359 5737 3413 5789 in
3443 5736 3632 5804 quibus

2080 5801 2230 5878 dicit,
2280 5811 2524 5878 sanctum
2550 5799 2866 5878 Dionysium
2897 5807 3037 5878 apud
3065 5803 3271 5878 éngtos
3303 5799 3524 5874 quidem
3545 5819 3631 5878 cis-

2079 5875 2247 5927 lebris
2273 5871 2544 5926 memoria!
2571 5871 2862 5937 nonnnari,
2893 5877 3031 5941 apud
3064 5871 3306 5934 Fra'ncos
3326 5871 3625 5933 autcmcoli
