3870 6562
145 448 309 504 1013
982 444 1324 503 DEFENSIO
1363 447 1647 505 CONTRA
1690 448 2151 505 CALVINISTAM
2196 449 2596 507 MlNlSTRUMl
3278 456 3415 511 10M

144 585 253 636 qui
281 578 391 619 tam
430 582 587 629 prore
606 582 669 617 ac
700 568 972 636 perperam
1001 567 1276 632 sentiunt;
1307 566 1478 627 nobis,
1509 566 1750 634 inquam,
1796 568 1987 635 quibus
2022 567 2179 620 veluti
2205 569 2337 620 ueris
2377 583 2439 620 ac
2477 567 2724 634 legitimis
2748 566 3137 633 possessoribus
3164 568 3217 618 id
3244 586 3407 623 unum

146 635 297 690 satis
320 652 432 690 esse
460 637 630 697 debet,
663 645 718 687 ut
746 635 1065 703 objectiones
1094 640 1357 689 duntaxat
1384 652 1582 700 omnes,
1608 637 1685 689 vel
1718 654 1782 691 ea:
1817 639 2046 690 advectis
2076 648 2125 691 et
2162 638 2342 691 ascitis
2369 638 2692 704 extrinsecus
2720 638 3031 689 testimoniis
3060 651 3412 704 comparatas,

150 707 245 762 vel
270 722 340 760 ea:
369 708 536 767 ipsius
566 705 691 757 libri
714 698 1001 757 visceribus
1038 706 1258 774 e/fossas
1285 722 1347 758 ac
1385 698 1576 759 erutas
1600 705 1926 771 refellamus.
1964 706 2030 759 Et
2057 708 2266 773 quidem
2298 708 2396 761 nisi
2424 716 2621 759 certam
2644 698 2811 758 'nobis
2842 707 3078 775 praifatte
3107 698 3414 774 inscriptio;

148 778 250 829 riis
291 776 600 844 ﬁrmitatem
641 775 959 843 objectiones
1003 776 1115 829 illa:
1152 778 1545 844 qualescunque
1591 777 1914 840 convellunt,
1954 776 2136 843 ﬁrmus
2163 777 2340 845 utique
2369 793 2570 843 semper
2593 779 2646 829 in
2681 793 2741 829 ea
2777 777 2953 830 laudis
2979 788 3028 829 et
3064 776 3249 845 gloriae
3274 790 3415 833 sorte

147 847 421 915 perstabit
452 856 666 898 sanctus
702 853 900 916 noster,
930 862 1089 911 quam
1116 855 1194 897 tot
1225 846 1306 897 illi
1336 846 1569 897 seriatini
1601 846 1819 907 sa’cula,
1839 858 1911 899 tot
1939 846 2287 916 eruditissimi
2308 848 2372 898 ab
2402 849 2516 914 ipsa
2535 848 2648 914 jam
2679 848 2992 916 antiquitate
3015 847 3311 915 pontiﬁces,
3338 860 3413 903 tot

148 916 526 969 ecclesiastica
551 915 802 985 concilia,
829 924 907 967 tot
939 916 1183 968 unanimi
1210 916 1554 985 consensione
1580 916 1824 969 nationes
1846 933 1908 969 ac
1939 917 2121 984 populi
2144 915 2482 979 detulerunt;
2506 932 2533 968 e
2562 917 2750 985 quibus
2776 918 3067 969 etiantnum
3101 927 3178 968 tot
3211 935 3274 969 ac
3303 928 3414 971 tam

68 993 85 1011 ‘
150 1002 355 1053 graves
394 985 520 1048 piri,
550 984 840 1053 provolutis
870 986 1152 1037 identidem
1195 996 1320 1038 ante
1350 983 1573 1037 caelestis
1604 986 1758 1038 istius
1804 983 2031 1038 hominis
2078 1002 2237 1052 opera
2265 987 2503 1055 genibus,
2533 983 2776 1039 latentem
2813 987 2866 1038 in
2906 987 2972 1039 iis
2998 986 3413 1055 profunditatem

150 1072 440 1117 sensuum,
474 1064 525 1107 et
553 1070 732 1124 parem
761 1056 1000 1107 sensibus
1024 1055 1339 1108 elocutionis
1372 1055 1703 1121 majestatem
1731 1058 2065 1109 adorabundi
2092 1059 2466 1123 propemodum
2486 1064 2802 1109 reverentur.
2836 1055 3047 1119 Merito,
3077 1056 3321 1124 inquam,
3356 1060 3413 1110 in

150 1141 227 1176 ea
271 1124 449 1177 laudis
498 1135 550 1177 et
571 1123 753 1193 glorias
785 1134 931 1177 sorte
951 1125 1229 1191 perstabit,
1265 1126 1391 1177 dum
1440 1140 1526 1177 eos
1564 1124 1797 1189 interim,
1845 1127 1937 1192 qui
1968 1125 2101 1177 lianc
2130 1128 2299 1191 ipsam
2352 1126 2434 1178 illi
2485 1126 2700 1178 honoris
2734 1137 2983 1180 tesseram
3030 1123 3186 1179 irrito
3220 1138 3413 1180 conatu

152 1193 312 1247 velut
338 1195 389 1247 in
417 1195 712 1264 ctelunt,__ut
731 1194 902 1257 aiunt,
937 1207 1201 1259 spuentes,
1228 1195 1514 1261 prwripere
1536 1204 1629 1245 aut
1667 1195 1915 1249 abdicare
1938 1198 2245 1249 tentaverint
2268 1195 2604 1261 .justissimo
2635 1197 2811 1264 utique
2837 1208 2945 1249 tam
2967 1196 3211 1263 sacrilegi
3244 1196 3412 1248 latro-

149 1265 298 1316 cinii
325 1268 525 1330 pudore
554 1262 808 1330 su/fusas,
839 1279 942 1317 non
976 1264 1127 1315 aliud
1149 1281 1309 1332 qnam
1333 1265 1583 1332 probrum
1630 1281 1692 1316 ac
1726 1264 1952 1319 dedecus
1986 1281 2051 1317 ex
2080 1282 2215 1318 ausu
2246 1266 2337 1317 illo
2368 1282 2462 1319 suo
2495 1262 2763 1331 reportare
2802 1277 3037 1331 oporteat
3058 1283 3076 1330 ;
3098 1266 3144 1317 si
3164 1262 3413 1319 uidelicet

152 1343 497 1405 mortuorum
526 1334 778 1399 spoliatio
805 1334 1048 1401 qita'dam
1088 1334 1358 1403 sacrilegii
1398 1335 1596 1399 species
1643 1335 1824 1387 habita
1873 1351 2075 1403 semper
2097 1347 2196 1397 est,
2224 1346 2270 1389 et
2309 1336 2492 1389 haberi
2514 1334 2814 1403 justissinte
2850 1338 3017 1403 reipsa
3039 1334 3210 1399 debet,
3252 1352 3415 1405 eaque

153 1406 337 1455 multo
354 1403 577 1471 justius,
609 1419 715 1475 qua
742 1414 1013 1475 sanctum,
1032 1420 1142 1475 qua
1171 1420 1479 1473 martyrem,
1512 1420 1615 1471 qua
1646 1414 1755 1456 tant
1787 1421 1997 1457 sacrum
2030 1406 2377 1475 divinumque
2410 1406 2672 1458 hominem
2709 1405 2895 1459 violari
2927 1408 3215 1475 contingat.
3253 1403 3413 1461 Nunc

154 1490 312 1537 vero,
354 1490 473 1526 cum
490 1486 611 1543 tam
634 1472 785 1540 justa
816 1489 926 1525 sese
953 1474 1145 1543 offerat
1179 1492 1240 1525 ac
1270 1472 1377 1527 tam
1408 1485 1703 1540 opportuna
1735 1490 1917 1528 eorum
1950 1474 2354 1543 refellendorum
2386 1475 2617 1538 occasio,
2644 1490 2761 1542 qua:
2784 1491 2959 1527 recens
2996 1472 3234 1539 liac'ipsa
3270 1479 3335 1529 de
3362 1492 3417 1530 re

149 1544 430 1615 quispiam
452 1542 782 1615 Charentoni
814 1545 1057 1615 minister
1089 1542 1267 1615 effutit
1298 1555 1345 1597 et
1376 1544 1602 1596 blateret
1650 1560 1709 1596 ea
1737 1545 1850 1615 sine
1895 1542 2054 1597 dubio
2084 1561 2301 1613 carpens
2340 1562 2455 1615 qui?
2486 1561 2578 1599 nec
2616 1547 2722 1614 ipse
2760 1545 3060 1613 perlegerit,
3102 1562 3261 1614 eoque
3304 1547 3415 1613 ipso

151 1623 271 1664 tam
300 1613 497 1667 eximia
522 1616 656 1665 citra
686 1613 1137 1678 comparationem
1175 1614 1337 1667 ullam
1371 1630 1528 1678 opera
1554 1614 1875 1676 convellens,
1904 1630 2023 1683 qua:
2048 1632 2196 1668 nemo
2227 1613 2403 1683 palam
2425 1617 2655 1681 inspecta
2689 1616 3027 1682 perstringet,
3060 1629 3116 1667 ut
3151 1613 3204 1668 in
3228 1617 3415 1683 quibus

153 1685 399 1736 maxime
421 1693 543 1734 ante
568 1683 749 1736 omnia
779 1700 883 1735 non
909 1683 1145 1751 fucatam
1189 1685 1573 1747 sinceritatem,
1599 1692 1647 1736 et
1677 1700 1796 1752 qua:
1827 1700 1921 1737 nec
1944 1703 1975 1736 a
2011 1684 2271 1752 [iilsatore
2305 1684 2414 1739 ullo
2446 1686 2616 1752 fucari
2647 1684 2833 1753 possit,
2864 1686 3041 1750 palam
3077 1686 3144 1737 sit
3174 1686 3413 1747 elucere;

152 1755 493 1819 subindeque
529 1768 609 1804 res
634 1754 748 1819 ipsa
790 1756 1041 1819 postulet,
1073 1762 1127 1805 ut
1154 1757 1251 1805 Itoc
1287 1756 1354 1805 ad
1386 1754 1699 1821 religionem
1726 1756 1992 1817 pertinens
2020 1766 2407 1822 argumentum,
2441 1756 2532 1806 uni
2561 1756 2791 1821 cuipiam
2834 1769 2899 1807 ea:
2939 1754 3283 1807 divinioribus
3309 1756 3415 1806 illis

149 1837 435 1893 germana;
464 1821 750 1890 religionis,
777 1838 879 1875 non
910 1823 1248 1887 adulterinw,
1270 1825 1523 1876 ministris
1555 1840 1614 1875 ac
1645 1824 1933 1876 rectoribus
1962 1821 2263 1877 animarum
2288 1824 2543 1892 episcopis
2567 1834 2916 1891 nuncupetur.
2951 1823 3098 1876 Inter
3114 1841 3244 1893 quos
3274 1843 3305 1877 a
3336 1833 3415 1878 tot

141 1908 277 1957 Jnm
313 1892 468 1943 annis
492 1893 769 1960 insigniter
790 1895 1010 1952 emines,
1045 1903 1099 1944 ut
1129 1894 1220 1961 qui
1246 1894 1523 1959 nimirum,
1554 1893 1705 1959 genio
1736 1895 1896 1945 simul
1923 1905 1970 1946 et
2003 1910 2101 1945 usu
2135 1896 2203 1946 ad
2234 1910 2495 1947 summam
2532 1895 2609 1945 iiii
2634 1895 3003 1962 perfectionem
3028 1892 3267 1947 certatim
3292 1910 3433 1947 con-~

150 1972 385 2026 lcrente,
409 1962 669 2030 quidquid
698 1962 941 2030 conferre
967 1964 1036 2014 ad
1061 1964 1360 2016 absolutam
1404 1979 1732 2016 summorum
1764 1966 1998 2015 uirorum
2030 1963 2457 2030 efformationem
2487 1964 2650 2028 solet,
2688 1964 2995 2017 inusitatam
3039 1966 3409 2023 eruditionem,

150 2046 346 2096 parem
372 2032 530 2084 etiam
559 2032 936 2102 eloquentiam,
962 2032 1282 2100 judicioque
1318 2049 1479 2101 prope
1515 2034 1698 2085 divino
1719 2034 2056 2100 spectabilem
2087 2050 2203 2086 cum
2237 2034 2433 2102 insigni
2462 2034 2621 2085 sintnl
2649 2034 2767 2086 vita:
2812 2037 3092 2086 sanctitate
3122 2034 3416 2101 COHjullIE‘

154 2104 275 2163 ris;
316 2104 510 2154 nemini
534 2103 689 2172 plane
711 2101 916 2169 justius
942 2119 1102 2171 quant
1129 2105 1221 2155 tibi
1253 2106 1554 2170 nuncupari
1585 2118 1734 2171 posse
1752 2104 1945 2167 sentio,
1975 2103 2128 2170 cujus
2160 2113 2206 2156 et
2231 2101 2481 2171 auspiciis
2520 2104 2668 2169 ipsis,
2697 2105 3016 2172 imperioque
3038 2120 3100 2156 ac
3134 2118 3264 2157 nutu
3293 2120 3418 2157 con-

142 2183 370 2237 ceptum
400 2183 497 2223 est.
532 2170 733 2239 Excipe
774 2172 961 2240 igitur,
994 2172 1354 2225 illustrissime
1384 2170 1597 2239 priesul,
1625 2188 1688 2225 ac
1712 2184 1878 2237 tuere,
1909 2176 2046 2235 quod
2080 2189 2174 2241 ego
2205 2175 2313 2240 ipse
2350 2185 2497 2225 tuum
2523 2190 2632 2227 esse
2653 2173 2921 2241 profiteor.

3290 2326 3382 2334 ..το-η

149 2330 371 2343 2,—r1—
386 2330 643 2337 -‘--—-——

2102 2329 2599 2337 μᾜ--Α-..γ-τη
2644 2329 2719 2334 ...,-

1820 2330 2099 2338 W

321 2330 371 2336 ..-
386 2330 1007 2337 ..-α--ρ--ο--ν-------ν
1020 2332 1031 2335 -
1050 2332 1073 2336 η-
1092 2333 1103 2337 -
1116 2331 1299 2337 ψ-ς-ρκκ
1316 2334 1325 2337 ς
1338 2332 1551 2338 ι.--,γ---
1586 2334 1593 2337 -
1606 2332 1671 2338 ...γ
1682 2331 1817 2339 “-

897 2492 1850 2609 AREOPAGlT/E
1931 2492 2674 2608 DEFENSIO.

148 2341 2323 2357 W

1760 2822 1808 2877 Α
1836 2807 2175 2879 celebratas:
2211 2803 2436 2879 alteram
2474 2800 2865 2879 quidein'inter
2892 2796 3194 2879 catholicos
3231 2807 3284 2851 et
3314 2796 3414 2879 se-

1842 2878 2117 2939 veriaiios,
2150 2878 2201 2928 in
2244 2892 2349 2942 qua
2381 2873 2672 2926 haereticos
2706 2871 2766 2926 Β.
2790 2870 3040 2942 Dionysii
3069 2870 3412 2942 Areopagita:

1838 2949 2044 3015 scripta
2089 2938 2449 3015 proici-entes,
2486 2943 2744 3015 falsitatis
2785 2938 3057 3015 Hypatius
3086 2938 3411 3015 postulavit;

653 2807 881 2866 CAPUT
921 2808 1212 2865 PRIMUM.

227 2943 464 3000 (lictoris
507 2940 773 2997 hactenus
820 2944 1161 3009 argumentis
1205 2943 1463 2998 omnibus
1516 2944 1734 2999 abunde

152 3030 486 3084 responsum
514 3026 618 3075 est,
650 3014 848 3084 quibus
875 3015 1156 3081 antiquam
1184 3016 1342 3067 liilein
1370 3015 1593 3068 eludens
1626 3016 1735 3069 ha:-

152 3083 383 3147 reticns,
417 3084 685 3153 ascriptOs
711 3083 822 3151 jain
856 3084 1056 3137 dudum
1089 3085 1150 3136 ὃ.
1197 3085 1453 3155 Dionysio
1491 3091 1732 3155 Areopa-

146 3162 283 3224 git.e
328 3156 497 3207 libros
520 3157 786 3222 abrogare
828 3166 1083 3217 conatur,
1117 3170 1181 3208 ac
1214 3154 1360 3207 velut
1390 3154 1734 3211 adulterinos

152 3232 347 3286 ticius,
402 3240 637 3292 operave
692 3224 908 3291 spuria,
963 3236 1017 3278 et
1065 3225 1348 3293 illegitinie
1416 3225 1495 3278 illi
1554 3226 1731 3280 allicta

149 3295 525 3367 proscribere.
573 3296 685 3348 Diio
731 3305 938 3346 tantiiin
983 3303 1300 3367 supersunt,
1347 3310 1466 3362 qua:
1497 3297 1731 3350 delibata

155 3365 399 3420 nonduin
431 3380 495 3419 ac
523 3367 791 3426 discussa,
828 3365 1069 3431 expediri
1116 3382 1263 3418 nunc
1296 3367 1539 3433 diluiqiie
1569 3384 1732 3434 opor-

150 3450 303 3499 teat;
338 3435 570 3487 alterum
599 3437 817 3502 quidem
850 3434 1150 3487 ascititiuin
1189 3448 1244 3488 et
1269 3436 1619 3497 extrinsecus
1643 3453 1737 3493 ac-

149 3507 443 3565 cersitum,
478 3518 575 3557 nec
627 3506 732 3557 nisi
783 3506 850 3556 ad
902 3521 1176 3558 summum
1234 3508 1511 3576 negativa,
1554 3520 1611 3561 ut
1649 3510 1729 3564 lo—

150 3589 426 3647 quuntur,
475 3577 792 3647 probatione
837 3588 1132 3647 constans;
1177 3589 1456 3646 quatenus
1508 3594 1728 3647 nempe,

149 3644 271 3701 sive
303 3655 589 3698 auctorum
624 3644 769 3697 circa
804 3648 917 3698 haec
941 3646 1055 3714 ipsa
1087 3644 1251 3714 opera
1285 3647 1585 3710 silentium,
1615 3644 1731 3704 sive

148 3727 347 3784 aperta
375 3715 667 3783 professio,
692 3721 835 3783 quod
864 3716 1202 3783 incomperta
1235 3735 1299 3771 ea
1332 3718 1434 3770 sibi
1469 3728 1523 3770 et
1549 3719 1731 3784 ignota

148 3799 289 3849 sint,
329 3802 433 3838 non
464 3786 609 3857 aliud
645 3787 887 3855 praebere
914 3798 1298 3857 argumentum
1332 3797 1533 3855 potest,
1566 3806 1729 3857 quam

146 3858 339 3927 qualia
367 3857 419 3908 in
456 3855 660 3909 scholis
690 3860 941 3925 negativa
976 3855 1124 3919 dici,
1158 3857 1493 3925 proiiideque
1538 3855 1605 3911 ad
1646 3859 1729 3911 l'a-

142 3926 403 3984 ciendam
433 3926 683 3979 veritatis
717 3928 901 3987 ﬁdem,
934 3928 1381 3994 probandutnque
1410 3930 1552 3995 quod
1584 3944 1732 3997 qua:-

149 4012 318 4061 ritiir,
346 3998 560 4050 inlirina
593 3998 896 4050 existimari
932 3998 1128 4050 solent.
1156 3999 1403 4050 Alterum
1439 3998 1726 4055 iiisiiitiuin

146 4069 583 4138 quodaminodo,
619 4067 701 4135 vel
742 4066 986 4128 allixum,
1027 4083 1122 4120 seu
1162 4083 1228 4121 ex
1272 4068 1389 4136 ipso
1420 4067 1542 4120 libri
1586 4085 1729 4139 penu

145 4143 388 4206 sinuque
421 4154 484 4191 ac
523 4139 831 4191 Visceribus
876 4149 1092 4191 erutum
1124 4155 1185 4191 ac
1223 4138 1624 4207 depromptum.
1662 4141 1729 4192 Et

146 4211 380 4278 quidem
413 4208 708 4262 ascititiiiin
756 4208 886 4261 illud
918 4210 1060 4276 quod
1105 4210 1458 4261 extrinsecus
1504 4210 1729 4263 advehit

144 4293 206 4333 et
239 4279 476 4333 accersit
528 4278 837 4347 lnereticus,
868 4280 953 4332 his
996 4279 1218 4333 omnino
1255 4279 1457 4341 verbis,
1503 4294 1627 4347 pag.
1657 4280 1727 4335 48

146 4352 278 4403 libri
312 4352 380 4402 ab
420 4364 485 4403 eo
517 4346 727 4402 Gallice
757 4351 1052 4417 conscripti
1092 4350 1363 4410 exaratis,
1387 4346 1676 4403 conticiiur
1707 4366 1724 4405 :

146 4428 206 4474 tn
239 4438 327 4481 ca,
372 4424 569 4486 inquit,
612 4420 902 4472 collatione
934 4436 1054 4488 quin
1094 4420 1237 4473 inter
1262 4420 1563 4473 Catholicos
1593 4423 1724 4474 oliiii

144 4512 215 4545 ac
250 4492 578 4544 Severianus
603 4490 887 4543 haereticos
919 4494 1099 4543 habita
1137 4500 1219 4542 est
1249 4505 1368 4542 cuin
1395 4491 1448 4542 id
1482 4493 1534 4543 in
1570 4508 1725 4544 nien-

147 4574 263 4616 tein
310 4560 625 4613 Severianis
674 4562 937 4632 venisset,
983 4572 1040 4613 ut
1071 4560 1327 4632 Dionysii
1381 4564 1723 4632 Areopagitas

142 4634 356 4702 Scripta
389 4632 721 4702 proterrent,
762 4629 1027 4699 Hypatius
1064 4630 1372 4697 Ephesinus
1401 4629 1715 4700 episcopus,

141 4706 243 4771 qui
268 4701 571 4754 catholicae
605 4701 993 4768 disputationis
1031 4709 1215 4770 partes
1257 4702 1477 4767 agebat,
1524 4714 1718 4757 contra

140 4770 388 4833 Obstitit,
418 4783 474 4826 et
518 4786 583 4825 ea
625 4770 752 4825 falsi
797 4772 1113 4840 postulavit.
1156 4772 1299 4835 Quin
1336 4780 1390 4824 et
1429 4771 1719 4827 Liberatus

142 4854 406 4904 testatur,
445 4842 589 4910 quod
633 4842 1044 4913 cuiiiAcephali
1087 4841 1222 4913 alios
1262 4844 1527 4910 quosdam
1553 4842 1719 4913 639

139 4916 208 4969 ὃ.
250 4913 440 4983 Cyrilli
490 4914 711 4965 omnino
756 4911 946 4977 libros,
993 4915 1049 4966 iii
1096 4911 1298 4979 quibus
1342 4911 1653 4967 testimonia
1685 4911 1716 4968 ἒς

139 4987 207 5039 5.
250 4983 494 5052 Dionysii
524 4983 867 5050 AreOpagitae
903 4984 1124 5052 scriptis
1161 4984 1331 5050 petita
1362 4984 1713 5037 contineren-

142 5067 262 5121 tur,
292 5054 622 5122 obiecisscnt
658 5055 865 5122 (dicere
902 5054 1091 5107 debuit
1125 5055 1416 5107 lucreticus
1445 5056 1497 5107 in
1523 5057 1713 5109 eadem

136 5130 443 5181 coitatione
478 5126 530 5178 id
555 5126 806 5192 factum),
826 5125 1081 5177 catholici
1102 5139 1318 5190 quoque
1348 5127 1416 5178 ob
1454 5128 1566 5178 hate
1598 5141 1712 5193 ipsa

140 5197 460 5250 testimonia
491 5194 702 5264 (debuit
730 5206 785 5247 et
833 5196 1033 5247 addere
1074 5196 1142 5246 ob
1191 5196 1297 5246 alia
1345 5198 1615 5262 quaedam)
1648 5196 1713 5248 li-

137 5270 274 5321 bros
308 5267 428 5318 illos
459 5277 516 5318 ut
548 5268 809 5318 coutictos
860 5280 925 5317 ac
954 5264 1333 5332 supposititios
1379 5276 1706 5332 reiecerunt.

134 5337 220 5391 Ita
253 5338 342 5390 ille
371 5337 612 5404 quidem.
644 5336 749 5388 bed
781 5336 927 5387 enim
976 5350 1079 5386 una
1126 5336 1428 5403 eademque
1467 5335 1706 5399 collatio,

137 5418 204 5462 ut
227 5417 284 5461 et
331 5405 623 5459 Liberatus
671 5406 835 5458 etiam
881 5404 1021 5473 ipse,
1054 5407 1121 5457 de
1168 5406 1321 5459 libris
1373 5407 1609 5475 loquitur
1653 5408 1706 5459 in

135 5480 546 5533 contentionem
590 5484 644 5529 et
685 5475 1115 5530 controversiam
1165 5487 1454 5529 revocatis.
1500 5477 1705 5541 t\enipe

135 5552 211 5601 de
249 5549 421 5600 tribus
453 5558 641 5601 contra
677 5548 972 5600 Diodorum
1017 5564 1082 5599 ac
1115 5544 1459 5600 Theodorum
1490 5548 1701 5614 episco—

1839 3009 2065 3071 alteriiin
2089 3009 2235 3071 'vei'o
2282 3017 2546 3067 adversus
2582 3013 2892 3079 Acelihalos
2925 3010 3192 3073 habitam,
3226 3009 3276 3061 in
3307 3025 3413 3077 qua

1838 3089 2344 3156 prieterniissojaiii
2370 3083 2598 3156 Hypatio
2640 3080 3217 3156 episcopoiblphcsiiio,
3254 3094 3416 3147 repu-

1835 3152 2011 3212 diatus
2039 3175 2067 3209 a
2093 3154 2381 3211 catholicis
2426 3158 2504 3206 ait
2548 3154 2715 3206 libros
2745 3154 3041 3221 quosdam,
3076 3152 3167 3216 qui
3216 3160 3410 3202 sancto

1837 3230 2040 3299 Cyrillo
2065 3228 2227 3280 atlicti
2249 3236 2467 3299 essent,
2502 3234 3030 3299 eteahcertecausa
3070 3222 3408 3299 repudiatus,

1838 3291 1983 3367 quod
2034 3298 2369 3369 nonnullae
2414 3294 2590 3369 sancti
2640 3293 2881 3369 Dionysii
2934 3291 3275 3369 Areopagitas
3312 3293 3409 3369 de:

1839 3362 2111 3439 ptonipta
2148 3366 2370 3433 scriptis
2392 3435 2418 3439 __
2441 3364 2753 3439 testimonia
2823 3362 3190 3439 continerent.
3246 3362 3411 3439 Atqui

1837 3430 2017 3508 reisz
2045 3437 2207 3508 iidem
2230 3430 2360 3491 sunt
2388 3432 2675 3508 Severiani
2706 3432 2975 3508 lueretici,
3006 3430 3419 3508 quiAcepltali'.

1836 3520 1892 3564 et
1921 3500 2143 3563 collatio
2194 3507 2283 3567 illa
2336 3522 2459 3574 qua:
2493 3505 2559 3557 ad
2600 3520 2800 3556 annuin
2852 3503 3066 3574 Domini
3112 3500 3237 3565 552,
3272 3517 3414 3553 iiun-

1836 3595 1999 3647 quam
2029 3580 2167 3632 satis
2214 3571 2489 3631 laudando
2524 3575 2873 3647 imperatoris
2901 3571 3193 3647 .lustiiiiaiii
3225 3574 3412 3625 studio

1836 3644 2305 3716 Constantinopoli
2358 3648 2541 3717 habita
2593 3644 3025 3717 esttipsissinia
3069 3654 3153 3717 est
3195 3650 3408 3717 eadem,

1837 3734 2003 3787 quam
2035 3734 2103 3774 ex
2142 3713 2385 3772 Liberali
2426 3715 2673 3787 Africani
2707 3714 2990 3787 Bi‘eviario
3030 3713 3195 3787 refert
3225 3716 3409 3787 acre-

1837 3780 2024 3843 censet
2066 3790 2400 3852 haireticus;
2437 3786 2700 3839 nimirum
2742 3784 2889 3838 circa
2937 3780 3175 3852 Nestorii
3206 3794 3258 3835 et
3302 3782 3408 3835 Eu-

1839 3860 2072 3929 tychetis
2119 3851 2394 3922 haereses,
2449 3871 2586 3924 quas
2631 3854 2810 3929 capite
2870 3854 3080 3929 decimo
3119 3851 3409 3906 Liberatus

1806 3921 2508 3998 .perstriiigit,coiivocata,
2536 3937 2593 3998 ut
2630 3921 2953 3998 ipsecapite
2982 3932 3401 3998 llUllti‘lcs-ltillﬂ'.

1834 3992 2010 4065 Estque
2046 3992 2102 4051 iii
2129 4015 2190 4052 ea
2219 4006 2368 4051 certe
2400 3998 2519 4050 illos
2538 3996 2683 4064 ipsos
2708 3992 3405 4065 libi-oscontraDiodorum

1835 4084 1901 4122 ac
1923 4063 2274 4122 Theodorum
2290 4063 2653 4134 conscriptos,
2703 4067 2769 4117 de
2796 4063 2994 4134 quibus
3026 4063 3136 4116 illic
3162 4064 3407 4129 loquitur

1835 4138 2141 4204 Liberatus,
2165 4138 2434 4191 hatretitns
2453 4132 2720 4206 B.tLyrilli
2745 4132 3405 4206 nomine,proterentibus,

1831 4210 2084 4262 catholici
2114 4209 2420 4277 rejecerunt
2446 4205 2837 4273 autsuspeCtos
2860 4205 3400 4277 potiushabueriint.

1832 4279 1951 4333 Non
1984 4286 2053 4333 ob
2084 4274 2245 4331 ullam
2281 4290 2463 4331 tamen
2495 4278 2903 4345 inscriptionem
2934 4274 3055 4327 falsi
3098 4279 3164 4326 ah
3204 4275 3398 4327 iisdcni

1831 4351 2125 4404 catholicis
2158 4352 2422 4402 adtersus
2452 4346 2512 4400 Β.
2562 4346 2805 4415 Dionysii
2846 4347 3190 4413 Areopagitae
3225 4348 3399 4398 intenv

1831 4428 1999 4472 tatam
2037 4419 2088 4472 id
2138 4420 2484 4487 piaestituni;
2528 4422 2623 4471 sed
2672 4421 2811 4469 hanc
2852 4432 3011 4467 uiiani
3059 4420 3405 4487 obdcaiisaiu

1828 4490 2091 4542 duntaxat
2114 4485 2168 4543 et
2196 4499 2555 4553 momentum,
2586 4489 2729 4554 quod
2757 4502 2985 4539 sanctus
3014 4485 3245 4555 Cyrillus
3272 4503 3404 4538 coii-

1829 4570 1980 4614 tenta
2035 4561 2165 4622 illic,
2205 4571 2316 4613 tuin
2365 4560 2537 4629 ipsius
2581 4557 2642 4609 Β.
2685 4556 2953 4627 Dionysii,
3001 4568 3111 4609 tuin
3166 4558 3403 4611 aliorum

1826 4633 2216 4698 quorumdam,
2253 4631 2561 4683 testimonia
2595 4631 2920 4695 pi‘odunsse
2967 4639 3096 4680 tunc
3138 4642 3244 4679 non
3273 4644 3403 4695 pos-

1823 4711 1928 4765 set,
1962 4717 2025 4755 ac
2054 4702 2312 4770 deinceps
2345 4711 2525 4753 tamen
2553 4700 2742 4753 eadem
2773 4702 3033 4751 adversus
3066 4700 3399 4761 t‘t‘estoriiiin,

1826 4772 2100 4825 viventem
2132 4775 2333 4837 adhuc,
2363 4772 2614 4824 omisisse
2640 4785 2654 4821 :
2689 4772 2823 4823 adeo
2855 4781 2912 4821 ut
2935 4774 3047 4821 haec
3071 4771 3183 4835 ipsa
3212 4784 3399 4821 eorum

1826 4842 2101 4896 dubitatio
2132 4858 2183 4895 in
2219 4853 2469 4896 sanctum
2501 4840 2764 4909 Cyrillum
2788 4842 2967 4908 potius
2990 4842 3217 4901 recidat,
3244 4840 3401 4904 cujus

1824 4910 2349 4982 pi‘atteriiiissioneui
2374 4912 2636 4967 catholici
2662 4919 2889 4978 carpant
2917 4922 2971 4961 et
3000 4920 3207 4972 notent,
3234 4925 3394 4976 quain

1825 5000 1879 5035 in
1917 4984 1971 5036 id
2009 4987 2154 5053 quod
2199 4995 2395 5036 sancto
2425 4983 2683 5053 Dionysio
2708 4988 3005 5046 ascriptum
3047 4982 3398 5053 protei-ebant

1824 5050 2094 5120 haeretici,
2145 5068 2247 5107 nec
2294 5055 2396 5121 ipsi
2443 5050 2698 5105 catholici
2745 5054 3094 5117 respuebant,
3136 5050 3397 5121 nisihac

1825 5139 1933 5175 una
1968 5127 2286 5193 conjectura
2318 5120 2631 5183 iduiitaxat,
2671 5131 2817 5189 quod
2846 5122 3107 5186 eJUsuiodi
3151 5120 3396 5171 testiino-

1824 5196 1932 5246 niis
1988 5210 2118 5247 usus
2176 5206 2361 5260 postea
2419 5193 2669 5261 Lyrillus
2704 5209 2809 5243 non
2864 5195 3082 5252 luisset;
3142 5206 3396 5257 quamvis

1826 5279 2011 5332 ignota
2049 5274 2271 5317 inteiiiii
2307 5264 2409 5317 sibi
2440 5260 2618 5317 sancti
2654 5260 2895 5331 Dionysii
2930 5276 3094 5329 opera
3122 5270 3393 5316 testaren-

1812 5342 1922 5387 tur.
2108 5345 2114 5351 ”

1893 5404 1992 5459 llic
2038 5421 2166 5457 vero
2206 5414 2316 5456 tam
2348 5412 2663 5456 accuratum
2695 5420 2753 5454 se
2789 5403 3163 5465 terniiuoruin,
3205 5412 3263 5456 ut
3297 5419 3391 5459 vo-

1820 5488 1976 5540 cant,
2006 5493 2101 5530 seu
2131 5491 2322 5527 vocum
2350 5476 2705 5542 interpretem
2748 5474 3037 5525 hat'cticus
3061 5473 3302 5541 exhibet,
3329 5490 3393 5529 ac

1831 5553 1961 5601 dum
2015 5549 2145 5601 alibi
2204 5556 2305 5599 tria
2356 5545 2819 5598 Chalcedonensis
2866 5546 3084 5597 concilii
3131 5547 3390 5613 capitula,

136 5633 272 5688 pum
308 5616 748 5687 Mopsucstciiunt
785 5618 1130 5685 conscriptis,
1172 5626 1228 5669 et
1274 5610 1721 5671 loi'tassisetiatii
1755 5610 1798 5668 C
1837 5629 1950 5671 tres
1994 5621 2137 5672 illius
2168 5617 2384 5672 concilii
2436 5615 2699 5683 capitales
2746 5625 2927 5682 partes
2976 5610 3244 5683 appellat;
3272 5634 3394 5685 qua:

137 5687 208 5743 de
236 5687 325 5740 illo
350 5694 480 5750 alio,
509 5704 669 5756 quem
699 5696 764 5742 de
813 5689 1191 5742 liicariiatione
1223 5688 1508 5756 scripsisse
1552 5688 1723 5742 l'et'tur

133 5770 367 5816 sanctus
399 5760 561 5812 idem.
596 5761 813 5813 Diccres
856 5770 1060 5823 tamen,
1108 5761 1365 5812 haeretica
1393 5762 1498 5813 isto
1526 5775 1720 5828 perpe-

136 5850 261 5886 e‘ant
298 5840 652 5898 suggerente,
702 5842 1135 5898 aigunientaqiie
1188 5832 1349 5882 veluti
1406 5840 1719 5900 geiniiiapte

133 5904 287 5973 quod
336 5918 503 5955 unum
551 5911 657 5967 est,
696 5914 830 5957 uuas
878 5903 1047 5956 luisse
1093 5900 1415 5957 collationes
1449 5901 1716 5971 eiusmodi

1834 5690 1970 5742 nihil
2000 5692 2178 5741 minus
2213 5700 2394 5742 tamen
2427 5705 2587 5754 quani
2621 5688 2839 5737 concilii
2890 5702 3101 5753 paries,
3133 5703 3196 5739 ac
3228 5691 3393 5740 multo

1826 5764 2008 5813 minus
2040 5766 2299 5827 capitales
2345 5768 2522 5820 erant,
2554 5762 2632 5807 vel
2670 5756 2833 5807 ullam
2865 5760 3235 5809 detiiittitinem
3271 5760 3393 5812 liuet

1828 5833 2218 5893 continebant;
2246 5832 2337 5882 sed
2369 5828 2580 5880 atticuli
2609 5828 2876 5880 duntaxat
2902 5838 3060 5880 erant
3112 5839 3213 5893 (sic
3248 5829 3392 5883 enini

1828 5904 2177 5971 interpretari
2207 5901 2437 5967 capitula
2481 5906 2717 5968 oportet)
2742 5905 2807 5951 ad
2850 5916 3058 5957 uterum
3090 5916 3279 5973 putum
3306 5925 3396 5961 ec-
