3870 6554
505 440 643 499 ιιι-ιδ

507 556 835 615 rlesiasticaa~
877 557 1082 629 politiie
1113 559 1314 613 factum
1365 559 1709 629 pertinentes
1751 574 1764 610 :

508 635 658 684 circa
693 630 837 684 Ibam
882 628 1202 699 episcopum
1253 631 1495 694 Etlessae,
1536 645 1600 683 ac
1628 643 1884 698 maguum
1926 628 2077 681 illum

507 701 905 755 'l‘heodoretum
950 702 1002 753 in
1032 701 1385 769 episcopatus
1418 701 1738 767 dignitatem
1765 708 1819 751 et
1853 712 2078 751 suarum

479 771 1165 839 'possessionemisedinm
1221 771 1523 823 restitutos.
1576 769 1694 836 Qua
1746 770 1799 821 in
1842 783 1920 829 re,
1970 782 2076 821 non

510 838 785 910 religionis
812 855 875 894 ac
909 838 1053 905 fidei,
1087 840 1182 893 sed
1222 856 1580 910 personarum
1612 841 1880 893 duntaxat
1909 851 2077 910 causa

502 907 849 965 versabatur.
900 907 1344 978 Quandoquidem
1397 918 1525 963 tunc
1574 918 1783 962 tantum
1840 907 2076 961 restituti

502 981 664 1034 ambo
694 990 843 1043 sunt,
874 989 1165 1049 postquam
1203 991 1435 1046 uterque
1473 978 1778 1034 Nestorium
1834 978 2074 1030 unanimi

502 1051 850 1104 anathemate
869 1052 1312 1115 praidainnasset.
1340 1049 1458 1104 Jain
1485 1051 1626 1119 quod
1657 1050 1723 1102 ad
1744 1058 2074 1102 momentum

506 1122 757 1184 tertium,
827 1135 1021 1189 nempe
1089 1120 1361 1173 Theodori
1433 1120 1799 1189 Mopsuesteni
1852 1120 2072 1189 scripta

504 1200 735 1258 spectat,
781 1191 911 1243 nihil
944 1187 1171 1242 omnino
1200 1194 1265 1244 de
1302 1192 1367 1243 iis
1399 1191 1508 1245 illic
1524 1187 1741 1251 iactum,
1766 1199 1825 1241 ιιι
1851 1187 2075 1242 Facun-

503 1265 602 1315 ilns
627 1260 743 1330 ipse
769 1260 862 1314 lib.
890 1277 947 1313 iii
978 1272 1033 1314 et
1062 1261 1152 1313 lib.
1187 1276 1240 1325 κ,
1279 1262 1582 1329 profitetur,
1617 1276 1679 1313 ac
1699 1262 1870 1313 multo
1895 1258 2075 1312 minus

476 1332 779 1399 ‘quidpiani
813 1332 1116 1384 deliiiituin.
1151 1330 1315 1395 Quin,
1347 1333 1397 1385 id
1433 1332 1497 1383 ad
1524 1331 1770 1398 quintam
1804 1330 2072 1400 synodum

505 1402 750 1454 revocari
798 1402 1000 1454 factum
1046 1411 1283 1471 Oportet,
1333 1404 1420 1455 tibi
1477 1414 1709 1454 excussa
1763 1416 1951 1453 eorum
2010 1415 2074 1453 ac

501 1471 697 1525 librata
723 1472 972 1525 doctrina
1006 1470 1124 1533 est;
1163 1480 1223 1523 ut
1259 1480 1312 1524 et
1343 1472 1543 1525 ibidem
1573 1470 1903 1523 Theodoreti
1933 1486 2073 1539 quo-

499 1556 607 1609 que
658 1550 850 1595 contra
885 1542 941 1594 S.
974 1542 1240 1610 Cyrillum
1293 1544 1493 1611 scripta
1548 1550 1760 1593 versata
1820 1551 1968 1603 sunt,
2016 1551 2071 1594 et

499 1612 724 1679 epistola
758 1613 861 1665 Iba:
890 1623 1078 1665 contra
1116 1610 1306 1664 Marini
1340 1610 1558 1665 Persam
1597 1612 1789 1664 eodem
1820 1611 2071 1665 examine

500 1682 787 1745 ventilata;
828 1683 1041 1746 triaque
1082 1682 1173 1735 illa
1224 1683 1439 1736 scilicet
1481 1682 1849 1735 accusationis
1890 1683 2068 1749 capita

500 1750 758 1813 fuerunt;
790 1768 1020 1819 quorum
1046 1767 1211 1805 unum
1252 1753 1317 1805 ad
1356 1753 1559 1820 scripta
1593 1752 1842 1818 Urigenis
1885 1752 2068 1804 vindi—

499 1822 666 1874 cauda
695 1826 968 1892 vergebat,
1003 1823 1307 1891 cujusinodi
1333 1824 1626 1889 primarius
1649 1820 1917 1875 Theodori
1952 1822 2069 1873 Ca:-

452 1905 458 1911 ‘
499 1894 762 1945 sariensis
790 1895 842 1945 in
872 1894 1218 1961 Cappadocia
1255 1894 1497 1961 episcopi
1540 1908 1738 1959 scopiis
1765 1902 1819 1944 et
1848 1893 2066 1944 institu-

503 1971 612 2014 tuti!
648 1962 768 2029 l'nit,
804 1978 869 2017 ac
909 1963 1104 2016 deinde
1148 1971 1207 2014 iit
1251 1978 1349 2031 per
1388 1974 1489 2015 tria
1536 1963 1622 2014 illa
1658 1964 1832 2029 capita
1881 1963 2064 2025 simul,

498 2032 969 2086 Chalcedonensis
1017 2032 1231 2087 concilii
1283 2033 1692 2093 auctoritatem,
1739 2034 1881 2085 velut
1925 2032 2067 2084 obli-

496 2103 621 2170 quis
653 2104 998 2157 anfractibus
1040 2114 1093 2156 et
1117 2102 1408 2165 cuniculis,
1436 2104 1538 2156 etsi
1573 2104 1774 2155 lrustra
1821 2104 2041 2156 teutatis

498 2175 868 2241 admotisque,
910 2173 1261 2227 convelleret.
1307 2173 1529 2227 Frustra
1581 2173 1633 2225 id
1665 2173 2066 2241 sane;qiiippe

501 2244 636 2295 duos
687 2243 808 2296 illos
849 2244 997 2296 viros
1044 2243 1097 2296 in
1146 2258 1367 2297 suarum
1411 2244 1619 2298 sediuin
1665 2258 2063 2311 possessionem

502 2314 804 2365 restituisse
836 2314 1125 2367 concilium
1156 2324 1430 2380 potuerat,
1454 2325 1510 2367 et
1535 2330 1652 2367 eam
1684 2313 2061 2378 nihilominus,

497 2398 616 2450 quie
654 2384 721 2435 de
754 2382 1040 2437 Theodoro
1080 2381 1465 2453 Mopsuesteno
1510 2387 1738 2453 agebat,
1781 2382 2061 2453 epistolam

502 2454 791 2517 tolerasse;
827 2454 940 2508 sola
974 2455 1185 2508 scilicet
1230 2468 1586 2522 personarum
1623 2455 1809 2507 habita
1854 2454 2065 2508 ratione

495 2524 614 2576 sine
648 2523 753 2575 ulla
793 2538 979 2578 eorum
1015 2524 1360 2578 discussione
1390 2541 1509 2593 qua:
1538 2526 1898 2591 scripserant,
1930 2539 2067 2591 qua-

496 2594 598 2645 lem
633 2593 688 2645 iii
727 2597 1017 2661 posteriori
1048 2595 1279 2648 concilio
1307 2594 1506 2649 factam
1539 2605 1777 2657 constat,
1828 2598 1962 2647 adeo
2006 2604 2065 2648 ut

496 2674 791 2732 uirumque
828 2668 1045 2719 diverso
1079 2675 1327 2733 respectu
1354 2665 1647 2719 concilium
1689 2676 1839 2718 recte
1871 2664 2065 2718 fecisse

496 2735 604 2787 dici
639 2745 859 2803 posset;
904 2750 1028 2789 cum
1063 2735 1253 2800 utique
1283 2738 1473 2789 ambos
1515 2737 1634 2788 illos
1664 2737 1947 2803 episcopos
1978 2738 2061 2788 iii-

496 2815 707 2858 structa
741 2807 793 2858 iii
827 2820 923 2859 eos
950 2815 1304 2859 accusatione
1354 2806 1591 2860 liberare
1634 2816 1903 2873 potnisset
1935 2807 2062 2858 illud

493 2877 752 2943 primum,
800 2876 1149 2946 quantumvis
1199 2873 1582 2930 Nestorianaiu
1634 2879 1897 2929 hactenus
1954 2878 2060 2929 lia:-

495 2948 660 2998 resini
695 2948 929 3015 professi
976 2956 1185 3011 essent,
1220 2946 1299 2999 vel
1337 2950 1559 3017 scriptis
1589 2950 1753 3000 etiam
1786 2948 1899 2999 suis
1927 2962 2062 2999 con-

492 3018 823 3084 sigiiasscnt,
860 3019 1018 3071 modo
1049 3031 1168 3070 eam
1203 3017 1482 3086 deinceps.
1518 3032 1576 3070 ιιι
1611 3027 1837 3085 uterque
1858 3026 2065 3084 praesti-

495 3088 580 3149 tit,
619 3090 964 3141 anathemate
1021 3087 1287 3152 adliibito,
1326 3095 1776 3142 condemnarent.
1820 3088 1925 3139 Sed
1958 3088 2062 3141 hoc

478 3158 560 3209 ‘ad
593 3157 768 3224 ipsum
800 3172 982 3212 causa:
1020 3158 1270 3220 fundum,
1310 3167 1623 3226 statumque
1664 3173 1768 3210 non
1802 3158 2059 3226 pertinet,

490 3232 941 3298 quemadmodum
1001 3228 1054 3283 id
1107 3231 1367 3295 pertinet,
1419 3230 1562 3297 quod
1616 3229 1827 3298 prolata
1878 3230 2059 3298 sancti

492 3277 1131 3370 i‘itdiiﬂii'ﬁec‘ipag'ﬁae'
1148 3277 1367 3370 eam;
1393 3277 1853 3366 r.'ia'1.o:i.;i;;s.
1880 3277 2059 3368 ista:
2087 3277 2133 3338 C

494 3371 601 3424 tius
641 3369 710 3422 ab
768 3370 1024 3421 liazretico
1057 3369 1160 3421 isto
1208 3369 1259 3420 iii
1297 3385 1393 3421 sua
1440 3372 1527 3421 illa
1566 3370 1874 3436 obiectione
1920 3384 2061 3435 pne-

498 3442 717 3493 texitur.
754 3437 868 3491 Nec
922 3441 1069 3491 enim
1111 3439 1403 3507 postulatio
1449 3440 1590 3503 falsi,
1639 3449 1693 3491 et
1731 3452 1795 3490 ea
1840 3440 2058 3507 quidem

496 3526 602 3561 liUll
662 3513 849 3572 lirina,
898 3523 997 3561 nec
1048 3509 1208 3577 plane
1256 3512 1589 3580 omninoque
1637 3508 1897 3572 formata,
1952 3510 2063 3563 illic

494 3596 724 3648 usquam
756 3590 961 3632 tentata
990 3589 1093 3642 est,
1124 3581 1226 3632 nisi
1268 3581 1527 3633 adversus
1575 3581 1860 3648 epistolam
1893 3595 2061 3633 tinam

492 3653 781 3713 duntaxat,
818 3652 898 3703 vel
932 3657 1039 3703 duo
1072 3651 1402 3714 testimonia,
1436 3666 1554 3718 qua:
1601 3651 1779 3703 sancti
1813 3650 2060 3721 Di0nysii

494 3725 715 3789 scriptis
746 3722 1012 3774 contineri
1042 3722 1387 3784 dicerentur;
1430 3737 1537 3773 non
1585 3723 1847 3775 adversus
1894 3736 2061 3789 opera

493 3794 630 3861 ipsa,
663 3807 791 3861 quae
816 3807 915 3845 nec
942 3791 1010 3843 ad
1044 3806 1262 3844 manuni
1296 3791 1402 3845 illis
1428 3801 1606 3857 erant,
1645 3809 1747 3845 nec
1775 3794 1841 3845 ad
1871 3807 2059 3845 eorum

494 3860 742 3915 notitiam
773 3860 914 3916 forte
939 3870 1324 3931 pervenerant,
1362 3862 1455 3931 qui
1493 3877 1555 3915 ea
1596 3865 1909 3917 testimonia
1937 3876 2063 3930 pro-

494 3934 749 3986 tulissent
781 3953 792 3984 :
821 3948 882 3987 ac
904 3933 1101 3986 deinde
1128 3930 1293 4002 640
1320 3930 1579 3986 adversus
1600 3934 1836 4001 ascripta
1871 3938 1929 3988 ὃ.
1960 3934 2063 4003 Cy-

495 4004 615 4057 rillo
635 4007 839 4072 scripta
865 4003 1140 4071 quaedam,
1158 4018 1386 4070 quorum
1410 4006 1716 4057 auctoritas
1738 4007 2064 4059 adastrucn-

492 4076 617 4127 dam
671 4075 937 4142 ejusmodi
995 4075 1433 4126 testimoniorum
1483 4076 1769 4127 veritatem
1818 4076 2061 4126 adhibita

493 4153 617 4198 tunc
658 4146 871 4197 luisset.
905 4144 971 4196 Et
1000 4158 1097 4198 eos
1129 4146 1319 4213 utique
1348 4146 1517 4198 libros
1552 4159 1811 4212 respuere
1840 4143 2061 4196 Facun-

492 4223 592 4267 dus
625 4226 715 4268 aut
767 4214 999 4268 inliciari
1027 4230 1191 4268 ausus
1238 4232 1344 4268 non
1376 4226 1493 4280 est;
1521 4230 1771 4283 quamvts
1799 4216 1968 4285 ipsius
2008 4218 2062 4267 in

491 4285 838 4339 Theodorum
888 4286 1331 4353 Mopsueslenuni
1369 4287 1686 4354 episcopmn
1733 4302 1908 4338 amica
1937 4300 2062 4352 pi'o-

491 4360 702 4423 pensio,
727 4357 951 4410 nimium
976 4367 1239 4425 quantum
1281 4371 1475 4424 urgere
1501 4358 1651 4409 illum
1677 4356 1978 4420 videretur,
2006 4364 2064 4409 ut

491 4427 543 4479 id
570 4428 747 4480 vellet.

567 4497 796 4564 Verique
817 4498 996 4553 simile
1024 4499 1193 4553 videri
1224 4507 1421 4566 potest,
1448 4498 1665 4553 nonnisi
1694 4513 1855 4551 unam
1881 4497 2061 4551 Sancti

491 4568 736 4636 Dionysii
768 4570 1054 4637 epistolam
1092 4576 1277 4638 (quam
1322 4587 1424 4639 ego
1457 4573 1676 4639 qmdeni
1713 4583 1936 4638 propter
1966 4586 2061 4621 vo-

490 4639 767 4701 cabulum,
811 4638 1133 4711 θεανδρικήν
1153 4679 1170 4704 ,
1208 4638 1459 4706 quartam
1486 4657 1606 4695 esse
1632 4641 1890 4708 arbitror)
1922 4643 2062 4692 inter

492 4711 826 4762 beverianos
850 4722 943 4763 aut
967 4714 1271 4779 Acephalos
1298 4725 1424 4763 tunc
1462 4713 1725 4780 temporis
1755 4712 2050 4764 exstitisse.

491 4782 624 4845 Quae
658 4781 703 4833 si
754 4782 1000 4849 profecto
1054 4790 1349 4849 depravata
1383 4780 1494 4847 jani
1549 4792 1661 4833 tum
1712 4782 1933 4844 fuiSset,
1979 4781 2058 4832 uti

489 4852 857 4905 blonotlielita:
898 4860 1084 4919 postea
1118 4860 1469 4919 depravatum
1517 4850 1688 4906 fuisse
1726 4860 2056 4915 annnerunt,

492 4921 809 4974 nonnullam
860 4938 991 4975 sane
1047 4923 1363 4985 catholicis,
1422 4933 1645 4991 propter
1705 4923 2058 4983 vocabulum,

491 4994 702 5063 καινήν,
745 5008 871 5047 cum
919 4994 1177 5057 dictione,
1219 4993 1369 5062 μίαν,
1404 5002 1799 5046 commutatum
1828 4994 2057 5045 dillicul-

492 5074 658 5117 tatem
683 5078 749 5116 ac
784 5065 1089 5118 molestiam
1134 5066 1465 5118 facessisset.
1492 5064 1794 5133 Epistolaiii
1824 5068 2058 5116 subinde

494 5135 639 5187 illam
675 5136 949 5189 nonnullis
973 5149 1189 5205 quoque
1237 5136 1361 5189 aliis
1387 5136 1631 5202 epistolis
1670 5138 2053 5197 aduectebant,

490 5221 522 5258 ε
549 5207 750 5274 quibus
783 5208 993 5274 aliquas
1034 5206 1297 5260 catholici
1344 5216 1488 5259 velut
1526 5207 1731 5260 allictas
1760 5221 1823 5259 ac
1859 5222 2058 5273 suppo-

490 5277 695 5329 sititias
722 5288 1081 5347 respuerant;
1126 5278 1230 5330 hoc
1259 5277 1430 5329 solum
1467 5279 1682 5331 interim
1713 5282 1777 5330 de
1807 5280 1908 5330 ista
1929 5292 2057 5340 pro-

493 5351 745 5401 nuntiare
773 5351 1052 5417 .COIllCIlll,
1076 5350 1219 5416 quod
1255 5352 1441 5400 eadem
1477 5352 1770 5402 collatione
1800 5352 2054 5401 contine-

496 5430 621 5471 tur:
662 5422 750 5473 illa
784 5424 929 5473 enim
980 5420 1290 5473 testimonia
1336 5434 1454 5486 quae
1505 5437 1599 5473 vos
1643 5421 1885 5488 Bionysii
1934 5432 2055 5470 esse

494 5492 695 5555 dicitis,
752 5493 893 5545 unde
930 5491 1158 5557 potestis
1209 5498 1497 5542 ostendere
1544 5505 1674 5542 vera
1721 5506 1867 5553 esse,
1911 5490 2055 5543 sicut

492 5564 887 5631 suspicainini?
917 5567 1203 5617 Enimvero
1258 5568 1404 5629 quod
1447 5562 1630 5624 aiunt,
1674 5562 2052 5628 suspicaiiiiiii,

495 5632 675 5689 minus
703 5644 828 5702 apte
855 5638 921 5689 de
968 5636 1106 5687 libro
1158 5648 1253 5686 seu
1302 5646 1472 5698 opere
1511 5633 1744 5703 integro,
1795 5647 1956 5700 quam
1986 5638 2055 5682 de

493 5716 793 5772 compactis
839 5708 1159 5775 quibusdam
1207 5707 1535 5757 testimoniis
1581 5707 1884 5775 diceretur;
1933 5716 2055 5769 (λικε

495 5778 713 5839 quidem
738 5774 936 5843 plurali
985 5790 1207 5829 numero
1240 5779 1477 5829 lizei'ctici
1506 5785 1661 5840 juxta
1699 5774 1913 5826 insitam
1945 5780 2054 5824 ha:-

497 5849 605 5897 tesi
641 5851 1083 5908 ostentationem,
1122 5862 1185 5900 ac
1238 5860 1481 5900 nativum
1522 5849 1665 5899 illius
1693 5843 1889 5899 fastum
1919 5845 2051 5896 ell'ea

500 5917 708 5981 iebant,
744 5934 864 5971 cum
897 5919 1108 5971 nonnisi
1145 5927 1323 5971 tanien
1365 5920 1593 5971 alterum
1622 5928 1882 5985 praeterea
1903 5918 2050 5985 ejus.

1624 430 1631 441 ’
1713 441 1771 497 S.
1814 438 2109 496 DlONYSIl
2147 439 2607 497 AREOP..ulT£

1815 546 2075 611 nimirum
2106 558 2326 620 Amodi
2382 556 2747 610 testiinonium
2796 569 2862 609 ex
2927 553 3199 608 universis
3267 569 3386 618 quae
3443 553 3593 620 apud
3659 570 3767 606 ειυς

3628 440 3771 493 filo

2185 636 2423 689 exstant,
2452 626 2602 679 illius
2651 627 2913 693 operibus
2963 626 3330 679 ascivissent:
3377 638 3581 691 nempe
3627 625 3767 677 illud

2184 698 2328 766 quod
2362 697 2599 751 secundo
2641 698 2823 764 capite
2865 695 2943 749 De
2982 695 3173 750 divinis
3223 695 3766 766 noniinibus‘vidgre

2182 763 2308 833 est,
2356 767 2445 820 ubi
2496 763 2756 836 Quaedam
2807 766 3141 833 operationis
3197 767 3351 819 istius
3401 763 3761 836 Θεανδριιῆς,

2182 853 2345 901 quam
2396 837 2691 891 Deivirilem
2736 834 2917 889 Latini
2966 839 3219 899 reddunt,
3257 836 3449 893 effecta
3500 834 3761 888 commeo

2183 919 2360 961 morat
2388 917 2441 958 et
2476 920 2745 961 recenset.
2788 908 2869 960 Ad
2924 909 3083 962 istam
3130 922 3295 972 porro
3342 904 3759 959 catholicorum

2180 978 2558 1046 exceptionem
2610 978 3019 1041 reviiicendam,
3059 977 3234 1046 prima
3279 976 3513 1030 subinde
3554 992 3623 1029 nc
3656 991 3761 1044 pc-

2182 1050 2392 1101 tissiina
2431 1048 2816 1102 haereticorum
2864 1047 3180 1101 reclamaiio
3208 1062 3330 1100 esse
3370 1047 3668 1110 debuerat,
3702 1060 3761 1101 nt

2178 1130 2671 1171 commemoratum
2704 1135 2732 1170 a
2768 1133 2827 1171 se
2852 1118 3027 1172 Sancti
3060 1116 3301 1187 Dionysii
3333 1118 3541 1171 librtiiii
3573 1117 3758 1185 palam

2177 1189 2499 1257 publiceque
2531 1191 2868 1256 proferrent;
2903 1203 3010 1257 quo
3041 1186 3223 1241 certus
3252 1205 3378 1242 esse
3408 1198 3603 1255 posset
3636 1186 3759 1239 bir-

2181 1260 2383 1312 reticus
2417 1261 2518 1312 iste
2566 1270 2784 1319 nosmr,
2825 1273 2893 1312 an
2941 1260 3139 1311 librum
3190 1259 3341 1311 illiiiii
3390 1261 3581 1327 reipsa
3630 1257 3755 1312 falsi

2176 1330 2503 1396 postulasset
2539 1327 2821 1397 Hypatius,
2858 1338 2913 1381 ut
2942 1330 3209 1397 praetexit.

2251 1400 2356 1452 Sed
2377 1414 2499 1450 cum
2522 1400 2757 1452 Ιιιιεκειίεἰ
2790 1399 3000 1452 ii0iinisi
3020 1399 3296 1467 epistolas,
3320 1399 3402 1452 vel
3420 1401 3754 1467 deprompta

2174 1484 2241 1521 ex
2277 1468 2537 1537 Epistolis
2563 1470 2899 1533 testinoaia,
2924 1468 3332 1539 fragmentaque
3354 1486 3464 1537 pra:
3490 1472 3756 1522 inanibus

2175 1540 2477 1603 haberent,
2508 1550 2561 1591 et
2585 1556 2646 1593 ea
2693 1541 2912 1608 quidem
2945 1554 2974 1591 a
3008 1539 3294 1593 catholiCIs
3346 1540 3481 1592 falsa
3518 1540 3597 1593 ob
3632 1555 3755 1601 eam

2172 1624 2395 1662 causam
2436 1611 2766 1674 existimata,
2791 1612 2933 1678 quod
2976 1609 3061 1662 illa
3104 1624 3202 1661 nec
3234 1622 3456 1666 sanctus
3485 1610 3612 1677 ipse
3642 1611 3755 1679 Cy-

2172 1680 2325 1733 rillus
2353 1680 2508 1742 alibi,
2536 1694 2637 1734 nec
2675 1691 2900 1735 saueius
2940 1679 3269 1733 Athanasius
3296 1687 3458 1748 (quos
3487 1684 3755 1745 antiquos

2172 1749 2470 1820 appellant)
2510 1761 2901 1818 usurpassetit;
2946 1750 3256 1820 criniisola,
3303 1755 3554 1817 inquam,
3599 1751 3755 1819 ejus-

2174 1822 2318 1874 inudi
2350 1822 2657 1875 testimonia
2696 1831 2893 1888 praesto
2922 1820 3031 1873 illis
3075 1819 3273 1882 forent,
3300 1822 3498 1888 quibus
3532 1821 3605 1873 ad
3647 1821 3753 1873 ali-

2174 1892 2316 1958 quod
2371 1892 2494 1944 fidei
2548 1905 2906 1951 momentum,
2956 1892 3125 1960 ipsam
3169 1896 3340 1944 sancti
3386 1892 3633 1958 Cyrilli,
3681 1908 3747 1945 ea

2174 1962 2284 2014 illic
2333 1963 2665 2029 iisurpantis,
2715 1961 3098 2015 auctoritatem
3143 1975 3430 2014 accersere
3471 1976 3753 2030 cogeren—

2173 2042 2294 2093 tur;
2325 2031 2544 2086 catliolii
2569 2036 2613 2086 is
2640 2034 2812 2085 visum
2852 2042 2960 2091 est.
2990 2046 3156 2098 penes
3182 2047 3319 2099 quos
3344 2032 3553 2083 nullius
3586 2033 3750 2099 plane

2170 2105 2430 2156 momenti
2479 2113 2618 2164 erat,
2644 2103 2905 2170 quidquid
2952 2105 3016 2154 ad
3050 2101 3450 2155 conciliandam
3488 2108 3750 2156 testimo-

2168 2175 2275 2225 niis
2323 2174 2429 2224 illis
2480 2174 2659 2233 Iidem,
2698 2188 2760 2227 ex
2810 2173 3067 2243 ascriptis
3108 2172 3361 2243 nimirum
3411 2183 3613 2225 sancto
3643 2176 3749 2243 Cy-

2168 2244 2293 2295 rillo
2336 2243 2488 2297 libris
2530 2244 2870 2310 jactabatur,
2920 2250 2976 2293 ut
3010 2242 3097 2295 illa
3141 2242 3366 2295 omnino
3420 2242 3746 2311 rejicereut,

2169 2315 2296 2381 quia
2325 2327 2548 2367 sanctus
2589 2317 2709 2381 ipse
2743 2313 2977 2382 Cyrillus
3010 2327 3111 2365 nec
3153 2313 3205 2365 in
3241 2314 3509 2378 epistolis,
3552 2330 3664 2366 nec
3691 2315 3745 2366 in

2167 2384 2418 2437 articulis
2478 2393 2572 2436 aut
2618 2382 3113 2436 aiiatheniatisniis‘
3147 2383 3468 2447 duodecnn,
3528 2400 3640 2437 nec
3696 2389 3746 2436 in

2168 2454 2439 2521 Epliesiiio
2477 2453 2733 2517 concilio,
2780 2456 2868 2507 ubi
2918 2469 2979 2508 ea
3026 2455 3143 2519 ipsa
3179 2455 3491 2506 testimonia
3547 2463 3749 2507 contra

2167 2523 2502 2586 Nestorium,
2534 2525 2833 2592 spirantem
2888 2527 3064 2577 adhuc
3111 2533 3166 2577 et
3201 2525 3415 2587 vivum,
3453 2534 3749 2592 tantopere

2168 2594 2243 2646 illi
2281 2596 2591 2648 necessaria
2643 2608 2763 2647 esse
2797 2608 2860 2647 ac
2911 2601 3175 2663 prodesse
3217 2605 3533 2660 potuerant,
3592 2610 3749 2662 repe-

2169 2664 2342 2717 riatur
2369 2678 2700 2733 usurpasse;
2728 2666 2778 2717 id
2814 2664 2988 2717 visain
3021 2665 3233 2725 saltem,
3274 2674 3332 2716 ut
3361 2665 3430 2717 ab
3457 2666 3745 2718 hereticis

2167 2736 2232 2786 ad
2259 2752 2356 2789 eos
2387 2737 2577 2799 libros,
2609 2740 2703 2804 qui
2739 2746 2932 2787 sancto
2962 2734 3161 2804 Cyrillo
3192 2736 3631 2795 ascribereiitur,
3660 2740 3751 2789 ad-

2160 2805 2309 2871 jecta
2345 2820 2467 2859 esse
2507 2819 2673 2874 atque
2700 2819 2886 2858 assuta
2920 2809 3331 2874 respondi-rent.
3367 2806 3504 2871 Quin
3552 2808 3655 2859 ubi
3684 2821 3746 2860 ea

2167 2890 2225 2928 se
2254 2877 2509 2944 deinceps
2531 2892 2598 2929 ex
2635 2877 2881 2944 ipsismet
2904 2877 3078 2928 sancti
3106 2876 3290 2945 Cyrilli
3328 2876 3749 2944 patriarchaias

2165 2948 2407 2999 arcliivis
2436 2963 2501 2999 ac
2543 2947 2919 3000 monumentis
2943 2948 3257 3014 deprompta
3291 2948 3623 3014 prodituros
3659 2964 3748 2999 re-

2166 3026 2429 3085 ceperunt
2453 3017 2716 3079 haeretici,
2750 3015 3034 3070 catholicis
3069 3032 3255 3069 rursus
3287 3027 3385 3069 hoc
3423 3019 3612 3084 ipsum
3655 3034 3741 3069 re-

2166 3088 2395 3156 pudiare
2429 3088 2603 3141 visum
2646 3098 2752 3151 est,
2797 3086 2905 3138 nisi
2961 3095 3089 3139 ante
3131 3100 3344 3139 ceriuiu
3391 3088 3627 3153 aliquod
3676 3106 3742 3141 ac

2166 3157 2448 3224 praefixum
2501 3167 2711 3226 tempus
2759 3158 3040 3210 exstitisse
3074 3166 3419 3210 monumenta
3460 3160 3554 3209 illa
3610 3174 3745 3210 coar-

2166 3237 2357 3291 staret,
2389 3244 2487 3282 seu
2533 3228 2704 3281 fuisse
2746 3229 2847 3281 sub
2891 3228 3021 3296 ipsis
3060 3226 3290 3281 Protei-ii
3342 3244 3404 3281 ac
3435 3227 3742 3291 Timothei,

2164 3311 2528 3367 cognomento
2560 3298 2899 3360 Salofacioli,
2932 3301 3268 3367 temporibus
3310 3299 3600 3367 explorata
3626 3300 3743 3367 jam

2163 3377 2218 3421 et
2248 3379 2523 3435 comperta
2572 3384 2670 3436 pro
2702 3370 2887 3421 certis.
2921 3371 3100 3437 Atque
3144 3371 3231 3422 ubi
3261 3373 3485 3423 subinde
3515 3377 3595 3421 ad
3647 3386 3745 3422 ex-

2164 3442 2445 3507 pendenda
2462 3438 2775 3510 singulatim
2797 3441 3135 3501 teStimonia,
3154 3450 3521 3507 etpriesertiiu
3553 3441 3738 3492 saucii

2166 3510 2427 3578 Dionysii,
2474 3520 2694 3563 ventum
2724 3520 2828 3573 est,
2864 3515 3264 3577 veritatemque
3311 3510 3451 3563 illius
3479 3511 3739 3578 epistola.-

2165 3581 2605 3648 disqmrendaiii,
2638 3597 2744 3633 non
2788 3580 3021 3648 amplius
3051 3582 3383 3634 adhibentur
3425 3581 3510 3632 illa
3566 3584 3737 3633 verba

2166 3654 2309 3718 (quae
2339 3654 2619 3713 praemissa
2648 3662 2948 3717 generatim
2978 3652 3241 3719 fuerant.)
3270 3653 3541 3704 liitantiim
3582 3653 3739 3704 falsa;

2166 3732 2295 3773 sunt
2323 3723 2583 3789 epistol-.e,
2629 3736 2744 3775 Sive
2775 3723 3206 3783 testificationes,
3245 3731 3303 3774 ut
3343 3738 3513 3790 neque
3565 3739 3737 3772 uuam

2164 3800 2387 3845 sanctus
2423 3792 2660 3862 Cyrillus
2703 3794 2934 3845 voluerit
2965 3793 3262 3846 recordari.
3300 3791 3493 3860 Utpote
3516 3796 3577 3843 in
3612 3809 3734 3860 qui-

2166 3862 2267 3914 bus
2299 3865 2565 3916 dnbitaiio
2592 3865 2846 3916 falsitatis
2870 3865 2937 3915 ad
2967 3865 3140 3916 sancti
3171 3864 3353 3933 Cyrilli
3379 3880 3735 3916 emissionem

2168 3934 2425 3995 refertur,
2453 3937 2518 3987 iis
2563 3935 2695 4003 ipsis
2727 3934 2859 3986 locis
2890 3945 3154 3996 notatam,
3191 3938 3284 3987 ubi
3329 3944 3622 4002 tantopere
3654 3938 3739 3988 his

2164 4003 2411 4071 epistolis
2459 4020 2523 4072 ac
2566 4004 2893 4058 testimoniis
2938 4004 3248 4071 indigebat:
3288 4011 3379 4057 sed
3426 4007 3541 4057 lucc
3596 4009 3738 4058 duu-

2169 4085 2319 4125 taxat
2357 4080 2468 4126 sola
2523 4086 2838 4140 nectuntur,
2892 4080 3032 4126 unde
3080 4089 3223 4128 nunc
3271 4088 3493 4142 potesns
3552 4088 3738 4129 osten-

2166 4148 2316 4207 dere,
2354 4150 2481 4212 quia
2514 4145 2658 4199 illius
2684 4154 2832 4209 sunt,
2870 4147 3055 4199 nescio
3085 4161 3098 4196 :
3132 4155 3187 4197 et
3224 4155 3442 4214 quidem
3473 4158 3603 4213 post
3634 4151 3736 4198 alia

2164 4213 2252 4266 illa
2283 4231 2393 4282 iam
2442 4219 2760 4284 praemissa;
2805 4232 2999 4283 nempe
3028 4218 3170 4283 quod
3222 4213 3444 4270 sanctus
3471 4220 3733 4268 Athana-

2162 4301 2299 4349 sms,
2331 4286 2374 4337 si
2410 4303 2507 4353 pio
2535 4299 2685 4340 certo
2714 4286 2832 4354 ejus
2866 4289 3032 4340 fuisse
3063 4290 3252 4342 sciret.
3283 4291 3366 4339 An
3399 4302 3524 4339 vero
3561 4296 3621 4341 id
3654 4306 3734 4339 est

2164 4372 2287 4408 cum
2320 4368 2464 4409 tanta
2495 4359 2750 4411 lirniitate
2783 4360 2954 4425 loqui,
2985 4367 3185 4425 qtianta
3211 4358 3484 4427 iactatur?
3512 4372 3618 4410 aut
3648 4376 3735 4412 ne-

2163 4443 2295 4494 gare
2325 4432 2567 4498 omnino,
2598 4433 2740 4495 quod
2782 4439 3004 4481 sanctus
3048 4430 3372 4482 Athanasius
3422 4443 3593 4498 Opera
3644 4438 3726 4481 illa

2167 4497 2433 4551 vniisset?
2475 4497 2565 4551 Vel
2615 4501 2907 4567 quidquam
2943 4500 3085 4551 aliud
3134 4503 3257 4551 inde
3298 4497 3478 4567 colligi
3526 4513 3728 4567 posui,

2166 4584 2328 4636 quam
2358 4584 2525 4637 penes
2567 4584 2793 4623 neutros
2834 4570 3072 4634 illorum,
3107 4572 3197 4636 qui
3241 4576 3343 4623 bac
3373 4576 3439 4623 de
3466 4586 3521 4622 re
3549 4579 3729 4626 diste-

2167 4642 2417 4707 ptabant,
2460 4645 2727 4706 eiusmodi
2771 4658 2936 4709 opera
2979 4640 3293 4694 exstitisse?
3323 4655 3729 4710 prOptereaqui:

2168 4713 2470 4763 catholicos
2503 4728 2555 4761 iii
2599 4727 2762 4764 unum
2794 4724 2888 4765 aut
2918 4712 3148 4764 alterum
3189 4714 3587 4774 testiinonium,
3630 4720 3725 4766 ad-

2164 4795 2356 4834 versus
2384 4796 2477 4833 eos
2506 4783 2651 4850 ipsos
2674 4783 2963 4850 prolatum,
2991 4797 3095 4834 non
3126 4788 3367 4846 potuisse
3389 4785 3725 4847 consentire,

2162 4854 2295 4917 quin
2342 4852 2514 4919 major
2545 4858 2653 4906 illis
2688 4871 2751 4907 ac
2785 4857 3013 4918 certior,
3052 4869 3215 4922 quam
3256 4869 3287 4905 e
3323 4864 3497 4907 sancti
3530 4855 3725 4922 Cyrilli

2163 4923 2544 4986 conteiitiosis,
2583 4926 3062 4992 controveisisque
3091 4925 3331 4992 scriptis,
3365 4927 3599 4977 lirinitas
3633 4940 3724 4980 ac—

2162 4996 2440 5046 cessisset.
2468 4994 2523 5045 ιιι
2563 5008 2692 5047 vero
2721 4994 2775 5047 iii
2819 5012 2882 5048 ea
2929 5005 3035 5048 tam
3068 4996 3277 5062 prolixa
3324 4998 3645 5060 collatione,
3674 5000 3725 5051 iii

2160 5078 2263 5129 qua
2294 5064 2410 5133 ipse
2440 5065 2582 5117 iliius
2619 5076 2903 5119 enarrator
2932 5069 2998 5119 de
3026 5074 3185 5119 rebus
3213 5075 3292 5119 tot
3314 5081 3379 5118 ac
3405 5076 3508 5119 tam
3538 5068 3727 5121 diver-

2160 5136 2236 5187 sis
2262 5146 2446 5188 actiim
2476 5151 2599 5188 esse
2632 5145 2883 5200 testatur,
2914 5151 3254 5204 excussaque
3297 5147 3574 5190 momenta
3617 5148 3723 5191 tam

2161 5208 2332 5270 varia,
2366 5216 2425 5258 ut
2458 5209 2664 5259 relerre
2696 5210 2947 5261 universa
2982 5224 3088 5261 non
3128 5208 3322 5274 possit,
3364 5214 3499 5261 satis
3548 5223 3725 5278 agno-

2161 5289 2320 5330 Scerc
2349 5277 2450 5345 ipsi
2486 5287 2802 5346 potuerant.
2847 5280 3329 5343 Queiiiadnioduiu
3353 5289 3408 5332 et
3439 5294 3498 5332 se
3520 5277 3724 5333 ibidem

2161 5352 2483 5401 nonnullum
2516 5363 2583 5401 ex
2610 5348 2733 5401 aliis
2758 5365 2979 5417 quoque
3003 5352 3333 5403 testimoniis
3359 5351 3581 5417 legisse,
3620 5357 3724 5405 imo

2157 5430 2213 5470 et
2242 5421 2424 5472 omnia
2476 5421 2779 5487 pervitiisse
2827 5423 3165 5489 signiﬁcant;
3204 5437 3327 5474 cum
3365 5437 3516 5490 prius
3565 5427 3722 5476 aiunt

2158 5491 2998 5567 prodeSseillausaiictoCyritlo
3039 5500 3230 5567 contra
3262 5494 3579 5547 hesioriuni
3630 5508 3724 5567 po-

2159 5561 2349 5625 tuisse,
2384 5563 2427 5613 si
2450 5563 2518 5613 ab
2552 5563 2642 5613 illo
2667 5562 2907 5616 adhibita
2941 5573 3069 5614 tunc
3092 5561 3342 5617 fuissent.

2228 5629 2367 5694 Quid
2413 5633 2577 5700 igitur
2608 5646 2671 5684 ex
2703 5633 2785 5686 liis
2816 5637 3034 5687 demum
3075 5636 3190 5687 erui
3224 5636 3479 5689 omnibus
3515 5646 3720 5705 potest,

2157 5709 2586 5776 qiio‘generalis
2631 5706 2718 5755 illa
2767 5714 2821 5756 et
2868 5706 3190 5775 perantiqua
3239 5709 3549 5774 persuasio.
3602 5724 3721 5776 qna:

2158 5774 2260 5824 hos
2289 5774 2435 5838 ipsos
2464 5776 2622 5825 beato
2648 5776 2902 5845 Dionysio
2925 5774 3331 5841 libi'os’asserit,
3352 5777 3600 5832 cont'ella
3612 5774 3722 5832 tot?

2156 5847 2241 5896 An
2267 5847 2523 5918 priedicta
2558 5848 2809 5900 fortassis
2856 5851 3250 5903 catholicorum
3286 5854 3588 5910 recusatio.
3618 5866 3721 5918 qua

2156 5928 2432 5984 suscipere
2455 5917 2573 5973 illos
2600 5930 2834 5974 renuunt
2860 5934 2923 5973 ac
2945 5919 3288 5976 detrectant?
3314 5921 3385 5973 At
3407 5923 3549 5975 enim
3581 5917 3720 5978 nilnl
