3870 6548
479 385 615 443 1027

1703 394 1767 449 R.
1803 393 1865 449 P.
1907 394 1967 449 Β.
2002 392 2071 449 Μ.
2116 393 2200 448 ΟΕ
2237 391 2489 449 RUBEIS

3610 395 3745 450 “HS

478 507 713 563 sium....
752 505 903 573 Quod
932 517 1109 563 autem
1151 510 1303 570 prius
1338 509 1441 563 dici
1474 509 1685 573 debuit,
1727 512 1833 565 hoc
1876 512 1927 566 in
1964 512 2048 564 ul-
2074 515 2121 570 Α
2155 519 2324 569 sunt.
2373 510 2546 563 multo
2584 511 2755 575 magis
2814 519 3003 565 contra
3037 510 3339 564 Nestorium
3368 512 3746 576 (βηηηίςηηι

478 579 627 651 timo
656 578 774 651 loco
805 578 1068 651 dicimus;
1105 579 1193 634 illa
1234 579 1377 633 enim
1406 582 1764 651 testimonia,
1795 598 1916 651 qum
1948 597 2042 633 vos

475 645 645 720 ϐω
686 649 920 718 Dionysii
976 650 1336 720 Areopagitm,
1386 650 1586 711 dicitis,
1629 645 1771 706 unde
1814 645 2042 720 potestis

476 720 765 771 ostendere
808 734 932 771 vera
977 735 1117 778 esse.
1171 721 1310 774 sicut
1352 721 1747 787 suspicamini;
1803 724 1848 775 si
1895 723 2039 776 enim

477 788 612 863 eius
635 797 811 846 erant.
847 805 952 863 non
982 790 1481 863 potuissentlatere
1508 792 1723 863 beatum
1750 792 2038 863 Cyrillum.

476 856 613 932 Quid
655 859 924 932 autem‘de
952 863 1109 932 beato
1138 860 1340 932 Cyrillo
1367 861 1525 915 dico?
1564 856 1874 932 Quando'et
1912 863 2043 917 bea-

479 938 565 981 tus
591 929 939 989 Athanasius.
963 930 1005 983 si
1028 947 1125 999 pro
1145 929 1296 984 certo
1329 932 1520 986 scisset
1545 932 1662 998 eius
1684 931 1877 994 fuisse,
1915 942 2041 987 ante

475 1003 655 1053 omnia
684 1001 735 1054 in
764 999 987 1055 Nicieno
1015 1002 1248 1054 concilio
1274 1002 1339 1054 de
1382 1003 1729 1056 substantiali
1767 1001 2041 1057 Trinitate

473 1071 661 1123 eadem
693 1072 997 1125 testimonia
1032 1072 1346 1138 protulisset
1378 1072 1637 1127 adversus
1668 1074 1781 1127 Arii
1812 1075 2041 1128 diversae

476 1141 797 1196 substantia:
841 1141 1227 1209 blasphemias.
1262 1142 1316 1196 Si
1356 1150 1536 1195 autem
1575 1144 1756 1197 nullus
1796 1159 1860 1197 ex
1893 1144 2039 1197 anti-

473 1212 593 1275 quis
628 1213 950 1266 recordatus
994 1222 1077 1267 est
1116 1228 1203 1275 ea,
1233 1212 1379 1266 unde
1419 1229 1561 1271 nunc
1596 1214 1824 1281 potestis
1855 1224 2042 1267 osten-

472 1281 623 1353 dere,
666 1283 793 1350 quia
849 1282 991 1336 illius
1040 1284 1168 1339 sint.
1206 1285 1416 1353 nescio.
1479 1302 1496 1335 ι
1549 1284 1628 1337 Ad
1661 1298 1821 1352 opera
1878 1285 2041 1353 igitur

470 1352 632 1422 vulgo
656 1348 1031 1421 Areopagitica
1071 1353 1211 1420 quod
1248 1348 1464 1416 attinet,
1509 1348 1775 1422 sptiriact
1803 1348 2041 1409 con‘licta

472 1420 713 1478 illa’esse
738 1420 1092 1494 ostendebant
1121 1422 1385 1494 Hypatius
1409 1440 1475 1478 e-x
1517 1420 1762 1477 veterum
1804 1425 2036 1486 silentio,

472 1497 814 1564 maximeque
841 1492 1025 1563 Cyrilli
1069 1502 1119 1547 et
1168 1492 1488 1564 Athanasii;
1528 1496 1832 1564 eademque
1882 1495 2043 1547 vide-

472 1573 559 1615 tur
602 1562 856 1618 habuisse
890 1562 989 1629 pro
1024 1564 1152 1617 fastu
1195 1562 2039 1633 Apollinaristarum,'quemad-

471 1634 688 1685 modum
730 1642 785 1685 et
829 1633 1057 1687 aliorum
1099 1633 1319 1687 Patrum
1357 1634 1691 1698 testimonia,
1733 1649 1855 1702 quin
1903 1634 2039 1688 alle-

470 1713 730 1772 gaverant
772 1702 1047 1758 Severiani
1090 1720 1103 1757 :
1155 1721 1179 1756 ι
1225 1704 1329 1757 Vos
1379 1722 1482 1758 non
1535 1707 1900 1773 suspicamur,
1954 1705 2038 1759 in-

470 1773 803 1845 qiiieiis._scd
835 1774 1089 1842 antiquos
1113 1776 1399 1845 lucreticos
1428 1774 1871 1845 Apollinaristas.
1907 1794 1926 1829 ι

540 1842 616 1897 De
656 1843 808 1897 libris
846 1844 1238 1911 Areopagiticis
1287 1844 1433 1897 litem
1478 1842 1540 1899 'in
1592 1846 1694 1898 hac
1742 1845 2037 1899 collatione
2072 1850 2111 1909 Β
2146 1845 2512 1911 Theodorum.
2571 1844 2981 1903 contendebant
3047 1842 3354 1900 Severiani.

470 1922 646 1968 actam
680 1927 787 1967 non
823 1913 1014 1974 fuisse,
1048 1923 1201 1983 putat
1234 1913 1437 1968 Natalis
1474 1913 1784 1971 Alexander
1811 1916 2033 1972 dissert,

465 1984 559 2043 2‘2.
607 1983 787 2036 saeculi
836 1984 1030 2052 primi;
1086 1983 1179 2037 sed
1236 1983 1555 2040 intentatam
1610 1986 2036 2051 postulationem

471 2054 591 2108 l'alsi
625 2053 885 2106 adversus
910 2054 1175 2108 duntaxat
1217 2055 1525 2120 epistolam,
1554 2055 1641 2109 vel
1672 2057 1920 2122 quaedam
1959 2066 2039 2110 te-

468 2123 746 2186 stimonia,
769 2138 888 2189 qua'
920 2123 971 2175 in
1000 2125 1333 2191 Areopagitie
1360 2126 1578 2193 Scriptis
1606 2127 1874 2181 contineri
1900 2141 2036 2179 con-

469 2194 756 2246 tendebant
805 2193 1108 2246 Severiaui.
1161 2193 1312 2259 Quod
1364 2210 1465 2260 ego
1514 2212 1621 2251 non
1670 2198 1743 2249 ita
1801 2195 2033 2250 solidum

464 2262 761 2334 doctissimi
798 2263 898 2314 viri
932 2265 1357 2334 existimaveriut
1394 2280 1715 2334 responsum
1756 2281 1879 2320 cum
1909 2280 2034 2320 cer—

464 2343 575 2386 tum
616 2333 690 2386 sit
716 2342 1187 2400 compertumque,
1225 2333 1435 2401 objecta
1467 2333 1535 2389 ab
1576 2336 1922 2390 heterodoxis
1950 2345 2034 2390 te—

465 2403 721 2478 stimonia
746 2402 798 2455 in
821 2402 951 2478 ipsis
978 2403 1244 2478 contingi
1279 2403 1452 2478 libris,
1486 2422 1607 2473 quze
1633 2406 1795 2460 tribui
1831 2404 2034 2478 Diony-

464 2472 545 2526 sio
575 2472 917 2540 AreOpagitae
948 2473 1143 2526 solent.
1180 2472 1254 2525 Ex
1278 2472 1641 2529 Collectaneis
1673 2491 1802 2530 mss.
1840 2472 2032 2530 contra

461 2544 678 2594 eosdem
742 2542 1059 2606 hznreticos,
1112 2557 1232 2609 quae
1286 2559 1313 2595 a
1359 2560 1417 2598 se
1474 2546 1585 2597 visa
1634 2559 1697 2600 ac
1746 2546 2034 2611 diligenter

465 2612 691 2665 lustrata
712 2611 877 2664 refert
901 2611 1131 2666 Michael
1148 2612 1456 2678 Lequieuus
1485 2614 1908 2669 dissertationeﬁ
1929 2614 2033 2668 Da-

466 2684 806 2743 maseenica,
856 2681 1117 2735 Severum
1168 2684 1541 2750 patriarcliam
1594 2684 1929 2740 addiscimus
1977 2684 2031 2739 iu

462 2751 828 2821 patrocinium
850 2752 1059 2806 erroris
1084 2752 1195 2806 haec
1222 2754 1467 2807 attulisse
1491 2754 1593 2808 sub
1618 2754 1837 2809 nomine
1860 2756 2033 2808 Areo-

465 2820 866 2892 pagitaziverba
902 2838 916 2875 :
966 2839 984 2871 ι
1025 2821 1117 2877 Dei
1147 2823 1324 2877 sancti
1362 2823 1464 2877 viri
1505 2838 1701 2877 novam
1733 2826 2029 2892 quamdam

467 2891 778 2963 Dcivirilein
826 2893 1233 2963 operationem.
1281 2912 1299 2943 ι
1350 2908 1487 2963 quae
1514 2891 1781 2947 habentur
1824 2895 1876 2963 in
1916 2895 2031 2963 epi-

461 2962 599 3015 stola
632 2960 686 3031 t,
710 2961 789 3031 At}
820 2959 1031 3031 Cajum.
1063 2962 1233 3015 Allert
1258 2959 1422 3016 etiam
1464 2962 1785 3018 Anastasius
1818 2959 2029 3018 Sinaita

460 3031 516 3113 in
567 3028 811 3113 'oeqro,
847 3028 952 3113 seu.
987 3032 1128 3113 Duce
1156 3034 1252 3113 vi};
1284 3034 1480 3113 'capite
1524 3035 1614 3113 15,
1668 3036 1938 3113 prolatas_
1963 3035 2031 3087 ab
2072 3088 2079 3089 ,

459 3100 752 3173 Acephalis
778 3101 878 3152 sub
909 3101 1148 3167 ejusdem
1186 3100 1421 3173 Dionysii
1457 3100 1681 3158 nomine
1705 3104 2027 3165 sententias,

461 3170 583 3247 (pia!
622 3170 828 3247 pariter
885 3172 1118 3247 totidem
1158 3170 1339 3247 verbis
1377 3178 1433 3247 _i_n
1486 3175 1654 3247 citata
1707 3175 1787 3228 Ad
1838 3173 2030 3247 (Jejum
2059 3189 2102 3247 ο

460 3241 688 3308 epistola
719 3241 990 3308 leguntur,
1019 3253 1073 3294 et
1107 3241 1159 3295 in
1194 3242 1333 3296 libro
1366 3245 1441 3296 Ile
1472 3245 1661 3297 divinis
1711 3241 2031 3299 nominibus.

460 3311 577 3364 Alia
614 3311 763 3379 plura
796 3311 1041 3363 dabimus
1072 3312 1232 3365 infra.
1262 3312 1384 3366 llaec
1410 3329 1540 3367 vero
1572 3317 1710 3369 satis
1745 3316 1994 3369 indicant
2019 3355 2033 3379 ,

460 3381 790 3454 Severianus
832 3396 948 3454 pra:
992 3381 1245 3454 manibus
1292 3398 1455 3454 opera
1499 3385 1889 3454 Areopagitica
1937 3384 2028 3437 ha-

461 3450 678 3523 buisse;
718 3464 785 3502 ex
829 3450 978 3523 hisce
1018 3450 1337 3523 deprompta
1364 3453 1451 3523 ab
1479 3450 1869 3521 eisdetnfqua:
1898 3454 2040 3523 obji-

455 3520 743 3573 ricbautur
777 3520 1112 3585 testimonia,
1144 3530 1201 3573 ut
1228 3537 1334 3576 una
1359 3522 1414 3577 in
1439 3524 1659 3578 Christo
1690 3520 1881 3579 natura
1913 3520 2039 3579 sua-

458 3590 785 3662 deretur,_et
813 3592 1086 3658 operatio;
1115 3599 1225 3662 tum
1261 3592 1373 3662 ipsa
1400 3608 1528 3647 vero
1560 3595 1890 3660 testimonia,
1921 3605 2033 3649 tum

458 3660 844 3734 areopagitica
869 3662 1070 3729 scripta
1100 3660 1167 3734 ab
1198 3660 1523 3718 orthodoxis
1549 3665 1819 3734 episcopis
1849 3667 1902 3718 iu
1926 3666 2037 3719 col—

459 3728 666 3804 latione
702 3728 1333 3804 Constantinopolitana,
1374 3734 1541 3788 veluti
1585 3728 1780 3803 spuria
1828 3734 2033 3804 rejecta

457 3798 648 3865 fuisse,
679 3812 733 3856 et
765 3802 833 3856 ab
864 3798 1137 3857 hareticis
1163 3817 1323 3857 cusa.

457 3983 541 4040 An
569 3983 901 4054 Areopagitae
932 3988 1155 4054 scripta,
1182 3986 1258 4040 vel
1295 3986 1597 4039 testimonia
1627 3984 1862 4055 Cyrillus
1906 3988 2035 4041 Ale-

532 4058 826 4109 xandrinus
859 4057 1154 4108 laudaverit
1186 4058 1240 4108 in
1272 4056 1423 4109 libris
1445 4067 1636 4115 contra
1659 4058 1947 4113 Diodorum
1978 4068 2035 4113 et

460 4152 466 4157 ·
530 4121 916 4179 Theodorum?
968 4124 1399 4179 Orthodoxorum
1449 4127 1715 4193 responsio
1762 4127 1820 4180 in
1866 4130 2034 4182 colla-

528 4197 669 4249 tione
708 4193 1322 4261 Coristantinonolilana.
1354 4196 1586 4249 Liberali
1635 4198 1851 4251 diaconi
1883 4198 2031 4254 locus

522 4281 783 4336 expensus
806 4280 853 4319 et
882 4267 1213 4320 emendatus.

527 4362 660 4417 Cum
711 4362 979 4433 Hypatius
1016 4373 1070 4416 et
1110 4362 1409 4433 orthodoxi
1454 4361 1728 4430 episcopi,
1766 4360 2029 4416 testiﬁca-

459 4433 633 4487 tiones
672 4432 983 4497 Athanasii,
1012 4432 1213 4488 Felicis
1239 4442 1293 4487 et
1328 4432 1455 4486 Julii
1492 4434 1858 4486 Itonianorum
1893 4447 2029 4498 pon-

460 4503 683 4566 tilicuui,
711 4504 957 4574 Gregorii
1001 4503 1391 4572 Thaumaturgi
1424 4514 1478 4555 et
1510 4503 1751 4574 Dionysii
1785 4503 2030 4574 Areopa-

457 4574 602 4639 gitae,
624 4589 758 4640 quas
790 4572 843 4629 iii
878 4574 1113 4627 medium
1146 4574 1486 4643 proiuleraut
1517 4572 1824 4643 Severiani.
1854 4572 2021 4625 veluti

454 4640 670 4710 ‘spurias
700 4654 753 4696 ct
796 4649 857 4697 ab
893 4645 1124 4712 antiquis
1148 4640 1430 4696 ’Im-reticis
1466 4642 1859 4708 Apollinaristis
1891 4656 2021 4694 con-

455 4713 612 4765 li'ctas
642 4712 979 4780 rejecisseut,
1027 4724 1386 4779 reposuerunt
1432 4713 1484 4765 iu
1538 4712 1652 4764 lucc
1699 4713 1867 4764 verba
1915 4712 2019 4780 ipsi

456 4783 760 4847 Severiaui,
795 4793 853 4835 ιιι
899 4784 1200 4849 oppositam
1247 4782 1460 4845 νοθείας
1504 4789 1686 4834 notant
1733 4781 2024 4835 amoliren-

394 4863 398 4867 ‘
454 4865 544 4905 tur
573 4870 586 4905 :
618 4871 635 4901 ι
662 4851 962 4921 Possumus
986 4854 1293 4915 ostendere,
1324 4853 1649 4921 iuqnicntes,
1677 4853 1800 4917 quia
1834 4854 2021 4905 beatus

455 4916 691 4994 Cyrillus
721 4940 850 4994 usus
876 4930 961 4977 est
994 4924 1112 4975 istis
1140 4916 1463 4994 testimoniis
1500 4922 1549 4972 iu
1582 4916 1735 4994 libris
1760 4923 2021 4974 adversus

458 4989 750 5047 Diodorum
785 4993 1163 5065 (Tarsensem)
1185 5003 1249 5065 et
1278 4992 1623 5047 Theodorum
1657 4989 2018 5065 (Mopsueste-

455 5064 604 5130 num)
652 5061 873 5119 editis.»
914 5061 1051 5115 llinc
1085 5063 1150 5115 lis
1184 5063 1324 5116 inter
1374 5074 1556 5132 partes
1599 5072 1812 5129 erupit,
1847 5063 1897 5115 id
1942 5063 2017 5115 ita

452 5147 575 5203 esse
614 5136 937 5203 negantibus
980 5132 1320 5198 orthodoxis,
1370 5133 1643 5186 aientibus
1681 5134 2017 5186 beverianis.

453 5200 609 5256 Parvi
664 5200 917 5258 momenti
954 5219 1043 5257 res
1076 5218 1180 5255 non
1214 5213 1377 5267 esset,
1416 5207 1460 5257 si
1493 5214 1643 5255 certo
1678 5203 2019 5256 innotescere

454 5276 670 5343 quidem
724 5285 939 5343 posset,
983 5274 1291 5326 testimonia
1343 5274 1586 5340 ιιιιῖειιειιιι
1645 5276 1746 5326 sub
1798 5276 2018 5328 nomine

454 5342 692 5413 Dionysii
712 5342 1051 5413 AreOpagita:
1078 5352 1203 5396 ante
1223 5343 1459 5413 medium
1481 5344 1735 5395 saeculum
1765 5346 2014 5411 quintum

450 5415 711 5481 allegasse
735 5415 992 5483 Cyrillum
1014 5414 1471 5478 Alexandrinum;
1500 5413 1636 5467 obiit
1666 5416 1867 5483 quippe
1891 5430 2017 5468 sau-

448 5485 724 5537 ctissnuus
751 5484 911 5539 Pater
940 5502 1081 5538 anno
1110 5484 1234 5536 444.

516 5553 586 5605 At
630 5557 972 5609 reclamantis
1002 5555 1215 5625 llypatii
1247 5552 1410 5625 verba
1459 5563 1622 5607 sunt:
1660 5572 1679 5604 ι
1711 5553 1870 5608 Modo
1901 5570 2016 5608 mae

448 5630 593 5677 xime
635 5635 688 5677 et
742 5625 861 5679 illus
908 5624 1171 5679 adversus
1220 5624 1510 5677 Diodorum
1561 5635 1618 5677 et
1665 5625 2013 5680 Theodorum

448 5696 615 5746 libros
646 5697 927 5764 ambiguos
960 5697 1159 5759 facitis,
1202 5705 1458 5763 tauquam
1513 5694 1704 5759 (ictos;
1754 5698 2013 5749 adversus

448 5774 687 5817 tnot'tuos
728 5766 964 5833 prolatos
997 5768 1261 5829 dicentes,
1304 5765 1394 5831 qui
1430 5780 1532 5817 non
1567 5776 1816 5833 poterant
1848 5768 2010 5819 refel-

443 5833 557 5887 lere
581 5834 897 5891 falsitatem.
936 5838 995 5894 Si
1039 5837 1183 5891 cnim
1216 5837 1476 5893 adversus
1528 5849 1771 5891 mortuos
1810 5840 2009 5906 prolati

2148 582 2297 633 enim
2338 580 2623 649 Hypatius,
2660 581 2967 634 testimonia
3016 581 3106 634 illa
3157 597 3261 634 non
3297 582 3534 635 inveniri
3573 598 3601 633 a
3635 582 3745 650 Cy-

2146 652 2272 703 rillo
2306 652 2551 704 adhibita
2586 653 2636 704 in
2678 651 2836 704 libris
2862 661 3054 705 contra
3089 652 3454 714 blasphemias
3496 652 3747 706 Nestorii

2146 720 2512 785 elucubratis)
2541 730 2595 776 et
2627 736 2721 773 eos
2751 722 2844 790 qui
2876 731 3068 775 contra
3097 722 3332 787 capitula
3360 721 3478 784 ejus
3514 722 3748 789 (nempe

2144 790 2355 861 Cyrilli)
2404 791 2782 861 scripserunt.
2830 790 3077 857 proferre
3126 792 3381 845 habuerit
3409 793 3615 846 eadem
3666 801 3748 845 te-

2146 862 2426 915 stimonia.
2447 860 2552 931 Sed
2579 876 2720 914 nunc
2738 861 2976 919 videtur.
2999 864 3257 931 quoniam
3278 871 3331 913 et
3360 863 3414 913 in
3446 863 3563 914 illis
3590 862 3747 914 libris

2153 930 2395 985 haeretici
2449 929 2713 984 falsautes
2761 929 3092 986 addiderunt
3123 947 3209 985 ea.
3240 952 3255 983 ι
3298 932 3626 985 Severianis
3658 946 3747 984 re-

2144 1003 2492 1069 ponentibns,
2528 1000 2691 1055 facile
2723 1016 2886 1068 posse
2916 1016 2982 1055 ex
3028 1002 3270 1070 antiquis
3301 1003 3744 1070 exemplaribus.

2144 1071 2385 1124 maxime
2419 1071 2465 1126 si
2495 1087 2559 1124 ex
2594 1071 2943 1125 Alesandrim
2980 1072 3218 1125 archivis
3256 1082 3552 1133 eruantur,
3581 1086 3742 1125 com-

2147 1140 2396 1209 probari,
2442 1157 2632 1195 revera
2672 1141 2939 1211 Cyrillum
2987 1143 3277 1209 praedictas
3310 1143 3571 1197 attulisse
3614 1141 3744 1196 Dio-

2145 1212 2291 1284 nysii
2337 1221 2392 1263 et
2422 1212 2657 1284 aliorum
2714 1211 3070 1266 auctoritates
3098 1216 3398 1284 ;_regessit
3438 1212 3741 1284 Hypatius,

2145 1282 2448 1335 indubitata
2487 1282 2601 1335 fore
2634 1284 2899 1336 duntaxat
2931 1282 3293 1350 exemplaria,
3324 1301 3447 1349 qua:
3470 1285 3581 1337 sub
3612 1282 3748 1336 Pro-

2144 1353 2305 1413 terio,
2339 1352 2423 1406 vel
2456 1351 2750 1407 Timotheo
2795 1352 3129 1407 Solol‘aciolo
3161 1354 3439 1423 descripta
3479 1354 3745 1423 ostende~

2144 1433 2370 1484 rentur;
2407 1439 2530 1478 cum
2563 1424 2708 1476 enim
2743 1423 2830 1476 illa
2861 1438 2890 1476 a
2927 1423 3136 1483 multis.
3162 1424 3255 1491 qui
3305 1422 3470 1480 recte
3498 1422 3743 1477 duarum

2144 1503 2463 1546 naturarum
2514 1493 2844 1547 confessioni
2893 1494 3352 1560 adversabantur,
3395 1494 3740 1560 jampridem

2144 1563 2541 1637 retinerentur;
2576 1563 3049 1637 adigicatholicos
3082 1579 3429 1637 nequaquam
3464 1579 3653 1633 posse,
3685 1573 3742 1617 ut

2142 1633 2579 1704 adversariorum
2610 1633 2834 1704 suorum
2870 1634 3181 1687 testimonia
3214 1636 3559 1704 suscipiant.

2210 1703 2519 1761 Laudatum
2550 1720 2681 1767 ergo
2725 1719 2754 1759 a
2786 1703 2991 1773 Cyrillo
3035 1704 3447 1773 Areopagitam,
3497 1704 3738 1771 ejusque

2144 1782 2459 1835 testimonia
2507 1776 2751 1833 adhibita
2804 1775 2857 1827 in
2901 1774 3059 1827 libris
3103 1774 3302 1829 Contra
3352 1776 3661 1829 Diodorum
3689 1786 3737 1827 et

3427 1844 3732 1899 Dolcndum

2143 1926 2258 1978 haec
2288 1936 2450 1989 opera
2480 1917 2763 1989 deperdita
2792 1930 2915 1970 esse
2942 1930 3108 1989 :_qu:e
3136 1917 3428 1989 consulere
3457 1932 3592 1969 eum
3628 1930 3730 1967 non

2141 1986 2573 2050 liceandubium
2606 1995 2809 2051 manet,
2835 1986 2977 2053 quod
3006 1987 3141 2056 satis
3170 1986 3421 2055 expediri
3452 1999 3735 2056 nunquam

2141 2062 2361 2136 poterit,
2386 2082 2513 2119 num
2544 2056 2822 2136 Severian]
2855 2055 3113 2136 digerint,
3146 2058 3197 2110 in
3229 2057 3440 2111 eisdem
3473 2055 3735 2136 primum

2140 2124 2483 2202 Areopagitae
2533 2126 2868 2202 testimonia.
2915 2124 3134 2202 lulirma
3178 2127 3729 2202 quoquemvideutur

2142 2196 2690 2281 Hypatiiuresponsa.
2734 2196 3001 2281 Repostiit
3048 2196 3250 2281 primo,
3294 2198 3732 2281 Cyrilloulibros

2140 2265 2277 2335 isios
2306 2265 2511 2333 Contra.
2540 2273 2833 2330 Diodorum
2859 2279 2904 2320 et
2937 2265 3273 2326 Theodorum
3303 2265 3443 2323 falso
3473 2266 3732 2329 attribui;

2139 2366 2261 2419 qua:
2302 2356 2450 2403 certe
2498 2342 2778 2419 responsio
2810 2339 3052 2419 maxime
3094 2352 3309 2419 nutat,
3337 2354 3463 2419 cum
3512 2338 3597 2391 illi
3624 2352 3735 2419 pro

2138 2410 2393 2485 genuinis
2442 2410 2663 2473 admissi
2697 2410 2935 2476 lectique
2968 2411 3175 2485 fuerint
3209 2413 3514 2485 collatione
3539 2410 3731 2485 quinta

2134 2479 2300 2563 6‘9
2328 2489 2538 2563 synodi
2569 2486 2773 2552 quintae
2813 2484 3167 2563 meumeniea:
3190 2506 3223 2563 _:
3265 2482 3518 2563 id_quod
3569 2479 3731 2563 etiam

2137 2552 2410 2624 a'gi'iovei'e
2460 2559 2751 2613 Liberatus
2801 2552 3064 2624 diaconus
3104 2554 3157 2607 in
3190 2554 3499 2624 Breviario,
3553 2552 3730 2624 capite

2138 2618 2242 2695 ἰὸς
2269 2631 2530 2701 Leontius
2559 2624 2910 2701 Bizantiuui
2926 2621 3001 2677 De
3030 2626 3185 2701 sertis
3222 2629 3442 2701 actione
3468 2620 3525 2701 ξ,
3556 2629 3614 2673 el
3636 2618 3730 2701 Etl-

2137 2688 2310 2769 log'ius
2342 2688 2743 2754 Alexandrinus
2774 2694 2828 2748 in
2865 2691 3139 2769 Escerptis
3169 2699 3308 2762 apud
3332 2692 3613 2769 Photium.
3637 2688 3733 2741 Ne-

2135 2765 2241 2839 que
2276 2770 2446 2823 solida
2482 2778 2596 2832 est,
2629 2782 2751 2835 quae
2799 2765 3053 2839 subditur
3090 2769 3251 2839 ratio,
3295 2784 3360 2823 ac
3388 2765 3436 2818 si
3483 2776 3595 2814 non
3635 2773 3734 2839 po-

2133 2834 2300 2895 tuerit
2325 2840 2565 2910 Cyrillns
2595 2834 2839 2910 veterum
2867 2834 3087 2910 illorum
3126 2836 3348 2910 Patrum
3394 2834 3731 2910 sententiaf.

2134 2927 2279 2981 quas
2314 2904 2751 2981 praetermiserat
2779 2908 2833 2961 in
2864 2904 3603 2981 libris_contra_Nestorium
3651 2904 3731 2949 vi-

2136 2973 2352 3036 ventem
2387 2978 2792 3049 lucubratis,in
2827 2975 2950 3049 aliis
2983 2973 3176 3049 aﬂerre
3212 2979 3388 3049 libris,
3422 2989 3571 3044 quos
3600 2985 3733 3049 cou-

2137 3063 2219 3106 tra
2257 3052 2551 3105 Diodorum
2597 3058 2651 3101 et
2686 3045 3029 3101 Theodorum
3080 3048 3188 3101 vita
3220 3047 3439 3103 functos
3486 3045 3732 3101 conscri-

2136 3120 2268 3189 psit.
2315 3120 2421 3175 Sed
2458 3121 2741 3188 utriusque
2773 3116 2999 3189 rationis
3031 3115 3172 3189 forte
3219 3120 3440 3187 cognita
3478 3112 3726 3189 levitate,

2136 3184 2201 3247 eo
2234 3192 2449 3246 tandem
2493 3204 2552 3243 se
2597 3184 2803 3257 recepit
2857 3184 3137 3256 Hypatius,
3188 3196 3248 3241 ut
3284 3184 3514 3242 eosdem
3544 3185 3729 3251 CYrilli

2138 3263 2308 3317 libros
2341 3262 2544 3315 diceret
2575 3262 2917 3326 depravatos,
2948 3257 3324 3311 hrcreticorum
3361 3273 3531 3312 manu
3568 3260 3725 3311 ιδειί-

2141 3331 2349 3387 moniis
2383 3331 2630 3393 insertis,
2673 3328 2740 3381 de
2770 3326 2967 3394 quibus
2998 3327 3238 3395 agimus:
3276 3345 3295 3379 ι
3327 3328 3438 3382 Sed
3471 3341 3622 3381 nunc
3652 3329 3729 3380 vi-

2138 3402 2318 3465 detur,
2366 3400 2648 3469 inquiens,
2695 3396 2955 3469 quoniam
3002 3406 3055 3450 et
3098 3396 3151 3450 in
3190 3397 3294 3452 illis
3329 3398 3580 3453 haeretici
3628 3398 3727 3453 fal-

2139 3483 2323 3527 santcs
2353 3467 2678 3523 addiderunt
2706 3483 2793 3520 ea.
2821 3486 2840 3520 ι
2879 3467 2998 3532 Quo
3034 3482 3167 3521 sane
3210 3482 3481 3536 responso
3528 3470 3722 3523 conﬁci

2138 3556 2299 3611 posse
2327 3541 2544 3594 videtur
2581 3538 2633 3591 in
2665 3538 2880 3611 eisdem
2903 3536 3092 3611 Cyrilli
3116 3536 3278 3611 libris
3307 3538 3726 3611 testiﬁcationes

2140 3604 2371 3667 insertas
2405 3624 2555 3672 esse,
2605 3623 2726 3677 quae
2769 3623 2797 3660 a
2847 3604 3590 3677 Severianisiaﬂ'erebantur,
3623 3613 3719 3661 sub

2138 3680 2453 3736 nominibus
2492 3676 2794 3734 Athanasii.
2829 3677 3043 3740 Felicis,
3078 3688 3134 3731 et
3159 3676 3288 3731 Julii
3334 3677 3717 3732 Romanorum

2140 3752 2474 3819 pontiﬁcum,
2497 3748 2749 3819 Gregorii
2769 3747 3176 3819 Thanmatnrgi,
3200 3758 3256 3801 et
3280 3748 3528 3817 Dionysii
3555 3752 3723 3804 Areo-

2138 3816 2377 3891 pagitae;
2414 3829 2480 3891 at
2529 3832 2624 3872 eas
2670 3817 2833 3891 veluti
2873 3816 3084 3891 spurias
3132 3826 3310 3891 tamen
3365 3816 3615 3891 reiectas
3657 3821 3721 3871 ab

2137 3887 2479 3954 orthodoxis,
2501 3896 2687 3952 utpote
2722 3905 2741 3937 ι
2770 3887 2838 3941 ab
2869 3887 3107 3955 antiquis
3136 3888 3408 3942 lnereticis
3437 3888 3722 3957 Apollina-

2140 3961 2288 4013 rislis
2320 3980 2337 4011 ι
2388 3960 2674 4021 confictas,
2720 3959 3039 4026 additusque
3085 3958 3500 4027 interpolatrice
3559 3974 3718 4013 manu

2137 4030 2327 4100 Cyrilli
2370 4029 2542 4100 libris.

2210 4100 2417 4154 Favere
2447 4099 2660 4154 videtur
2686 4099 2974 4154 Liberatus
3026 4097 3452 4152 archidiaconus
3481 4097 3719 4152 Cartha-

2142 4169 2405 4238 ginensis,
2431 4169 2483 4222 in
2506 4169 2781 4225 Breviario
2821 4183 3001 4223 causa:
3033 4166 3488 4238 Nestorianoruin
3515 4178 3573 4221 et
3616 4170 3719 4222 Eu-

2140 4237 2549 4311 tychianorum,
2575 4241 2718 4311 quod
2750 4240 2914 4307 paqu
2938 4247 3061 4311 post
3091 4239 3374 4311 prasfatain
3399 4237 3715 4311 Constanti-

2137 4309 2510 4378 nopolitanam
2538 4310 2885 4363 collationem
2916 4310 3211 4363 scribebat.
3237 4310 3331 4364 Sic
3366 4309 3533 4362 habet
3570 4312 3713 4363 enim

2134 4380 2416 4449 capitoli)
2441 4379 2461 4432 ε’
2494 4397 2515 4431 ι
2542 4378 2775 4433 Basilius
2804 4378 3025 4449 quidam
3061 4378 3344 4441 diaconus,
3376 4394 3605 4433 sumens
3634 4390 3714 4432 to-

2136 4465 2281 4502 mum
2314 4448 2489 4520 Procli
2543 4448 3159 4520 (Constantinopolitaui
3215 4451 3496 4519 episcopi)
3551 4465 3710 4520 quem

2061 4525 2105 4580 ι)
2132 4519 2405 4589 Armeniis
2447 4520 2761 4589 scripserat,
2792 4518 3180 4574 Alexandriam
3215 4520 3362 4572 venit
3392 4541 3403 4571 :
3436 4532 3493 4573 et
3526 4518 3714 4589 Arme-

2139 4588 2356 4659 niorum
2391 4588 2602 4643 libellus
2644 4590 2757 4643 suis
2792 4589 2987 4659 libellis
3018 4589 3342 4659 adnectens.
3376 4590 3581 4659 obtulit
3609 4588 3711 4659 Cy-

2128 4658 2251 4712 rillo
2280 4658 2521 4723 ejusdem
2555 4661 2706 4714 urbis
2735 4658 2989 4714 antistiti.
3020 4656 3225 4723 Quibus
3274 4664 3359 4726 (ut
3401 4658 3589 4713 lerunt
3618 4656 3709 4711 rii-

2128 4730 2331 4795 mores)
2363 4739 2643 4795 permotus
2689 4729 2945 4797 Cyrillus,
2976 4739 3212 4797 quatuor
3249 4730 3419 4782 libros
3465 4730 3703 4795 scripsit,

2127 4808 2235 4851 tres
2266 4800 2532 4852 adversus
2578 4796 2868 4853 Diodorum
2914 4808 2970 4851 et
3000 4796 3372 4861 Theodorum,
3404 4801 3562 4867 quasi
3600 4799 3703 4851 Ne-

2123 4868 2353 4922 storiani
2403 4869 2675 4938 dogmatis
2722 4878 2994 4933 auctores,
3038 4876 3092 4922 et
3130 4869 3290 4921 alium
3335 4869 3403 4921 de
3448 4868 3701 4923 lucerna—

2122 4940 2271 5009 t_iono
2317 4938 2546 5002 librum;
2602 4938 2657 4991 in
2709 4940 2907 5007 quibus
2955 4939 3700 5009 continentur;antiquorum

2120 5005 2341 5077 Patrum
2378 5010 2691 5062 testimonia
2723 5005 3059 5077 incorrupta,
3108 5010 3158 5059 id
3191 5020 3275 5061 est
3304 5005 3509 5062 Felicis
3556 5025 3701 5077 papa:

2120 5076 2620 5148 Romani,Diouysii
2641 5078 2983 5147 Areopagitae.
3000 5076 3412 5148 Corinthiorum
3427 5076 3694 5147 episcopi,

2118 5159 2173 5201 et
2200 5148 2449 5215 Gregorii
2484 5146 2745 5202 Mirabilis
2783 5146 3205 5215 coguouiinatiu
3247 5146 3420 5203 Verba
3456 5146 3567 5211 illa,
3600 5168 3620 5200 ι
3645 5159 3701 5200 ιιι

2121 5219 2307 5271 ferunt
2328 5233 2591 5280 rumores,
2607 5235 2626 5267 ι
2654 5233 2871 5271 sensum
2896 5219 3061 5270 edere
3083 5218 3582 5280 videntur,rninore
3600 5235 3697 5286 pu-

2118 5289 2259 5342 blico
2296 5302 2361 5358 ac
2411 5287 2549 5341 fama
2583 5288 2861 5358 communi
2904 5297 3183 5358 constare,
3229 5290 3406 5342 editos
3434 5305 3464 5341 a
3496 5289 3697 5358 Lyrillo

2117 5367 2307 5412 contra
2342 5356 2634 5411 Diodorum
2671 5369 2726 5411 et
2754 5357 3097 5410 Theodorum
3130 5359 3333 5420 libros;
3388 5356 3695 5426 quanquam

2115 5427 2379 5480 eteadem
2410 5428 2577 5487 verba
2618 5429 2813 5481 nonad
2853 5427 2998 5493 ipsos
3022 5427 3209 5496 Cyrilli
3252 5428 3421 5482 libros
3474 5430 3693 5490 referri,

2115 5497 2208 5551 sed
2266 5496 2333 5549 ad
2378 5497 2547 5550 solam
2611 5498 2885 5551 scribendi
2931 5512 3028 5551 eos
3076 5499 3422 5551 occasionem
3478 5498 3692 5561 datam,

2124 5566 2587 5620 animadvertunt
2616 5566 2918 5620 doctissimi
2953 5567 3077 5620 viri.

2184 5636 2263 5688 Ad
2298 5635 2383 5687 illa
2419 5639 2581 5689 verba
2612 5655 2625 5691 :
2665 5657 2683 5688 ι
2719 5637 2957 5705 Diooysii
3005 5637 3344 5706 Areopagita:
3377 5636 3691 5692 Corinthio-

2115 5721 2234 5757 rum
2279 5707 2600 5774 episcopi,»
2663 5719 2849 5761 notam
2904 5706 3151 5774 adpingit
3201 5712 3252 5758 in
3300 5722 3398 5759 sua
3451 5711 3695 5761 coitione

2111 5774 2348 5828 Joannes
2389 5776 2690 5830 Garnerius
2735 5793 2751 5829 :
2808 5794 2827 5825 ι
2859 5777 3050 5829 Addita
3100 5787 3253 5838 erat,
3307 5780 3595 5845 inquiens,
3643 5780 3693 5828 in

2111 5846 2271 5899 editis
2308 5847 2586 5903 codicibus
2624 5863 2724 5902 vox
2771 5848 3151 5917 Areopagum;
3188 5848 3283 5902 Scd
3336 5848 3694 5918 espnugcnda
