3870 6560
171 488 340 549 10415

1132 490 1463 548 VINDICUE
1500 490 1787 547 OPERUM
1824 489 2503 547 ABEOPAGITICORUM.

3324 489 3343 542 l
3356 488 3460 545 046

164 629 351 683 men,
380 614 656 683 inquiens,
680 615 939 684 quoniam
988 614 1557 685 istamipmponentes
1588 614 1785 668 adver-
1818 619 1863 676 A
1895 624 2062 678 tentia
2097 618 2381 675 sanissima
2422 624 2505 669 est
2534 633 2548 668 :
2600 614 2781 668 minus
2811 624 2922 668 tute
2955 612 3090 681 (arvo
3122 615 3461 681 potissimum

169 699 291 755 sus
326 701 423 739 nos
456 701 700 745 causam,
735 700 801 739 ex
826 700 892 738 eo
915 686 1057 750 quod
1093 684 1342 739 videntur
1373 687 1481 740 tale
1511 684 1772 755 ﬂagitium

173 754 545 825 impugnare,
596 769 723 811 suas
780 756 1065 825 opiniones
1113 757 1504 819 corroborant;
1570 754 1773 810 bonum

172 836 304 892 est,
338 838 392 882 ut
429 839 517 881 tua
547 827 599 879 in
630 826 852 881 Christo
883 825 1170 894 perfectio,
1216 835 1378 895 prout
1408 827 1504 881 tibi
1535 826 1586 880 in
1624 840 1777 880 meu-

180 908 308 953 tem
368 897 617 965 iniecerit
676 898 914 967 Spiritus
962 908 1210 960 sanctus,
1238 912 1426 951 eorum
1454 896 1777 952 occasiones

176 979 465 1039 amputet,
498 967 591 1036 qui
629 979 881 1037 quierunt
916 966 1181 1020 adversus
1213 983 1313 1021 nos
1331 968 1687 1039 occasiones;
1716 976 1776 1039 et

176 1038 531 1109 persuadeat
580 1040 685 1101 eis,
716 1039 807 1107 qui
862 1052 960 1108 per
1003 1039 1328 1092 calumniam
1371 1040 1485 1092 haec
1520 1038 1776 1092 Ecclesia:

179 1108 289 1165 hei
320 1109 537 1164 crimini
570 1118 813 1173 vertunt,
853 1108 1057 1161 nullum
1092 1110 1400 1174 huiusmodi
1436 1108 1573 1176 apud
1614 1109 1777 1163 Chri-

178 1183 409 1237 stianos
437 1194 559 1234 esse
592 1182 810 1249 dogma,
841 1194 1018 1248 neque
1052 1180 1395 1246 praedicari.»
1425 1179 1562 1232 Tum
1618 1180 1672 1232 in
1713 1194 1780 1232 eo

183 1254 436 1320 «lenique
472 1261 615 1306 totus
645 1260 751 1314 est,
783 1260 843 1304 ut
889 1250 1167 1314 ostendat,
1228 1251 1500 1306 binarium
1538 1250 1777 1304 ﬁliorum

180 1337 487 1377 numerum
527 1322 751 1392 minime
783 1322 962 1392 colligi
994 1335 1059 1374 ex
1107 1338 1125 1370 ι
1153 1320 1540 1389 conjunctione
1570 1330 1780 1374 natum

187 1394 455 1448 humanae
507 1406 632 1446 cum
703 1390 971 1451 Verboz'i
1038 1392 1132 1445 sed
1189 1411 1206 1442 ι
1243 1402 1465 1461 propter
1526 1398 1780 1445 exactam

184 1464 457 1519 unionem
480 1471 769 1531 assumpta:
790 1463 971 1515 carnis
994 1471 1049 1515 et
1069 1464 1396 1517 asstinientis
1418 1461 1776 1524 divinitatis»

186 1536 291 1588 uni
322 1533 461 1587 Filio
485 1532 707 1587 Christo
740 1550 758 1583 ι
791 1534 1185 1586 communicari
1232 1544 1286 1587 et
1322 1541 1510 1586 umtun
1545 1532 1663 1585 dari
1695 1548 1783 1585 no-

188 1606 372 1667 mina,
402 1604 477 1657 ita
510 1612 569 1657 ut
610 1612 665 1657 et
698 1604 992 1657 humanum
1019 1617 1083 1655 ex
1112 1604 1316 1669 divino,
1349 1614 1401 1656 ct
1437 1603 1679 1656 divinum
1713 1617 1781 1655 ex

187 1675 442 1731 humano
474 1674 913 1728 denominetur.»
958 1672 1250 1728 Verbnlnm
1273 1676 1518 1728 occurrit
1550 1673 1780 1732 nullum,

188 1748 343 1811 quod
377 1743 709 1806 subiudicet,
766 1742 1068 1812 Tlteopltilo
1102 1744 1474 1799 Alexandrino
1511 1744 1783 1814 placuisse

186 1823 562 1885 temperatum
613 1814 1128 1883 Apollinaristarum
1186 1816 1431 1885 dogma;
1495 1816 1785 1885 ipsumque

185 1883 442 1947 curasse,
481 1894 541 1939 ut
571 1894 779 1940 natura:
824 1886 1005 1937 unitas
1044 1886 1096 1939 in
1152 1883 1377 1940 Christo
1426 1885 1591 1939 editis
1627 1883 1782 1937 libris

1892 695 2008 756 illo)
2046 694 2184 745 duas
2213 690 2319 744 dici
2364 689 2415 741 in
2465 686 2685 756 Christo
2731 695 2957 738 naturas
2989 686 3090 739 nisi
3125 701 3225 738 una
3255 688 3463 741 dicatur

1882 754 2043 819 Verbi
2080 774 2271 817 natura
2308 761 2609 813 incarnata.
2634 754 2926 825 Propterea
2951 757 3091 823 quod
3121 756 3210 809 ubi
3231 759 3350 811 diue
3376 758 3463 811 di-

1879 846 2081 891 cuntur
2097 831 2301 889 Christi
2320 840 2544 891 naturae,
2563 827 2788 881 duarum
2805 826 2989 880 statim
3014 825 3207 881 ebullit
3225 828 3462 895 suspicio

1879 920 2267 978 personarum.
2289 900 2637 978 Etenim_nou
2660 896 2804 951 aliud
2821 906 3133 978 estnatura.
3166 898 3311 952 aliud
3339 914 3464 978 per.

1879 968 2009 1034 scina
2041 994 2055 1037 ;
2087 977 2182 1029 sed
2213 988 2318 1028 una
2350 981 2403 1026 et
2426 970 2612 1023 eadem
2649 984 2736 1021 res
2775 982 2894 1019 cum
2927 970 3017 1034 sit,
3050 968 3206 1020 aliter
3229 980 3281 1020 et
3304 970 3463 1024 aliter

1881 1049 2229 1115 signiﬁcatur
2259 1047 2401 1112 (qua:
2430 1038 2710 1115 distinctio
2742 1040 2794 1090 in
2826 1038 3329 1115 scholisnvirtualis
3363 1057 3462 1110 ap-

1880 1110 2164 1192 pellatur),
2202 1110 2455 1185 quocirca
2487 1110 2784 1192 plurimum
2838 1110 3065 1192 periculi
3123 1110 3350 1192 ingruit,
3395 1127 3463 1192 ne

1882 1179 2157 1261 iremiuata
2212 1179 2445 1261 natura,
2489 1179 2815 1251 'geminetur
2865 1190 2935 1261 et_
2962 1194 3217 1249 persona.
3260 1179 3461 1237 Deinde

1882 1251 2006 1319 curn
2039 1262 2158 1315 duae
2192 1260 2449 1313 dicuntur
2494 1263 2729 1311 naturm,
2785 1251 2936 1317 quasi
2983 1266 3047 1304 ex
3088 1267 3240 1319 :eqno
3272 1268 3462 1307 nume.

1884 1344 2092 1399 rantur,
2133 1345 2309 1400 eoque
2342 1325 2574 1400 seorsim
2623 1336 2967 1400 unaquaque
3017 1323 3292 1400 cogitatur
3322 1341 3336 1376 :
3368 1324 3461 1377 vix

1884 1391 2091 1468 autem,
2114 1417 2177 1456 ac
2219 1391 2319 1455 nec
2344 1399 2432 1451 vix
2455 1391 2691 1465 cogitari
2726 1394 2954 1468 seorsim
2986 1393 3243 1468 quaelibet
3285 1403 3463 1468 potest

1886 1462 2106 1538 natura,
2133 1472 2261 1541 quin
2307 1462 2553 1541 personae
2611 1462 3269 1541 proprietatevestiatur.
3303 1464 3466 1541 Deni-

1884 1561 1991 1614 que
2018 1531 2128 1598 non
2154 1531 2261 1595 alia
2285 1531 2458 1608 magis
2485 1533 2738 1589 machina
2769 1531 3055 1614 Nestorins
3082 1534 3217 1614 duas
3242 1534 3462 1614 scinde-

1886 1604 1978 1673 liat
2002 1629 2293 1685 personas,
2327 1604 2492 1677 quam
2526 1615 2736 1685 natura!
2754 1604 3001 1685 duplicis
3033 1605 3457 1685 praedicatione:

1887 1673 2050 1755 atque
2086 1686 2156 1739 ita
2174 1673 2701 1755 iab’ipsatveritate
2752 1673 2977 1729 falsitati
3025 1677 3277 1755 praesidia
3312 1692 3463 1730 com-

1886 1747 2136 1829 parabat.
2166 1754 2225 1808 Si
2256 1747 2376 1829 dua}
2409 1758 2593 1829 autem
2631 1757 2843 1829 naturae
2896 1761 3002 1797 non
3040 1747 3113 1799 ita
3143 1756 3464 1829 statuantur

1887 1816 1958 1886 ob
1983 1830 2197 1888 oculos,
2234 1837 2292 1878 ut
2319 1822 2459 1877 bina:
2507 1816 2667 1888 simul
2700 1832 2765 1871 ex
2812 1830 2969 1883 aequo
3002 1818 3464 1888 procedantased

1889 1910 1945 1953 ut
1975 1900 2147 1953 altera
2173 1886 2536 1963 subiungatur
2585 1887 2787 1963 alteri;
2832 1896 2891 1963 ut
2933 1902 3037 1940 una
3086 1886 3463 1963 principaliter

185 1959 610 2031 vindicaretur;
666 1969 870 2031 eosque
908 1956 1108 2031 invecti
1161 1957 1359 2031 biparii
1406 1954 1642 2009 ﬁliorum
1681 1970 1784 2008 nu-
1814 1965 1858 2021 Β
1886 1973 2156 2031 emineat,
2200 1954 2647 2021 διάη-,λεεωεῑο
2693 1959 2811 2027 ejus
2842 1957 3094 2031 simillia
3140 1957 3303 2010 fuerit
3328 1974 3465 2012 sem-

185 2029 335 2083 meri
370 2026 738 2089 insiinulasse,
768 2027 858 2094 qui
895 2026 1032 2080 duas
1076 2027 1128 2079 in
1174 2025 1397 2081 Christo
1440 2036 1667 2080 naturas
1697 2037 1784 2079 tu-

184 2100 477 2154 tabantur.
532 2096 644 2151 lmo
706 2096 1171 2165 Apollinaristas,
1226 2098 1392 2150 veluti
1462 2097 1784 2165 impostnrze

182 2169 559 2235 fabros,apud
596 2167 953 2235 Theoiihihnn
981 2179 1202 2221 accusat
1237 2168 1549 2237 Nyssenus;
1578 2169 1784 2234 ipsum-

180 2256 300 2310 que
365 2253 685 2307 permovere
728 2245 950 2301 studet,
986 2248 1103 2310 -ιιιί
1146 2240 1427 2293 hominum
1490 2239 1780 2292 audaciam

180 2308 497 2374 cohibeat,
566 2323 904 2378 causamque
985 2308 1243 2365 Ecclesiae
1315 2325 1413 2378 pro
1479 2310 1622 2362 virili
1686 2311 1779 2361 de-

177 2382 396 2437 feudat.

267 2452 389 2503 Vita
442 2451 656 2505 mortali
708 2449 894 2505 functo
922 2449 1244 2516 Theophila.
1284 2452 1467 2503 sedent
1540 2450 1778 2503 Alexan-

179 2524 407 2577 drinam
439 2537 582 2575 anno
611 2521 739 2584 M2,
790 2522 1029 2576 obtinuit
1058 2521 1323 2592 Cyl-illus.
1362 2520 1436 2575 Ex
1466 2520 1771 2590 Areopagi-

177 2593 461 2661 ticisiain
486 2592 735 2646 conﬁctis
765 2594 918 2647 libris
952 2591 1272 2661 deprOmpta
1306 2592 1375 2645 ab
1415 2607 1481 2645 eo
1515 2591 1774 2645 nonnulla

177 2658 865 2733 testimonia,eademque
895 2662 1133 2717 adhibita
1166 2658 1216 2716 in
1242 2678 1406 2731 opere
1429 2672 1620 2715 contra
1649 2662 1777 2715 Dio-

177 2738 388 2790 dorum
422 2742 477 2791 et
529 2732 903 2797 Theodorum,
946 2735 1113 2787 nimia
1152 2735 1482 2787 confidentia
1536 2747 1777 2801 pronun-

177 2808 289 2860 tiat
320 2804 587 2860 Crozeus.
646 2804 963 2859 Severianis
1000 2804 1051 2858 id
1090 2805 1365 2857 aientibus
1400 2805 1452 2855 in
1501 2802 1775 2858 Constan-

176 2875 555 2944 tinopolitano
594 2874 908 2937 collatione,
946 2885 1054 2927 tam
1113 2874 1278 2928 facile
1320 2875 1480 2944 ﬁdem
1513 2882 1775 2943 priestan-

176 2943 455 3002 dam’non
487 2958 631 3007 esse,
689 2944 1081 3000 admonuimus
1132 2962 1282 2998 num.
1339 2945 1395 3001 2.
1432 2943 1771 3012 Lequicnum

172 3033 341 3083 vero,
372 3032 533 3083 quem
565 3017 729 3069 veluti
776 3017 877 3080 sibi
937 3015 1209 3070 faventem
1260 3014 1526 3084 appellat,
1564 3015 1770 3070 diserte

174 3092 483 3145 adversum
519 3088 682 3141 habet
739 3087 792 3141 in
837 3088 1235 3145 Dissertatione
1284 3085 1673 3139 Damascenica
1714 3086 1769 3149 2,

172 3176 343 3215 ιιιιιιι.
375 3158 463 3224 l7,
497 3160 589 3211 ubi
623 3159 737 3212 haec
764 3158 929 3213 habet
960 3173 973 3210 :
1012 3176 1029 3208 ι
1060 3156 1137 3210 Ex
1177 3158 1282 3211 illis
1312 3157 1517 3225 itaque,
1548 3158 1613 3209 de
1646 3158 1769 3223 qui-

172 3232 290 3285 bus
322 3236 450 3282 ante
501 3230 794 3297 disputavi,
834 3229 1308 3281 lucubrationibus
1361 3228 1553 3291 variis,
1578 3242 1768 3280 acnon

173 3317 248 3355 ex
287 3300 529 3369 Dionysii
578 3300 971 3368 (Areopagitae)
1034 3299 1210 3362 libris,
1273 3298 1512 3368 Cyrillus
1560 3298 1767 3362 intulit,

177 3386 357 3425 unam
382 3370 669 3424 dicendam
698 3386 820 3425 esse
852 3369 1057 3425 Christi
1093 3370 1306 3423 Domini
1338 3379 1590 3424 naturain
1636 3384 1763 3437 pro-

176 3454 310 3511 pter
347 3442 711 3495 arctissiutam
764 3443 1018 3495 unionem
1069 3439 1375 3511 divinitatis
1405 3454 1529 3511 cum
1574 3440 1769 3494 huma-

174 3510 397 3566 ititate:
448 3527 610 3565 unam
672 3512 855 3566 itidem
893 3512 982 3563 Dei
1013 3510 1169 3564 Verbi
1222 3521 1478 3564 naturam
1507 3510 1768 3565 incarna-

175 3594 354 3638 tam.»
420 3579 688 3636 Nimirum
758 3584 871 3635 hinc
925 3581 1231 3649 posteriora
1291 3582 1456 3634 verba
1515 3581 1769 3649 leguntur

175 3655 329 3707 libro
357 3668 395 3705 ιι
427 3665 610 3706 contra
653 3652 982 3715 Nestorium,
1017 3662 1071 3705 et
1124 3652 1177 3705 in
1238 3652 1481 3718 Epistola
1519 3656 1587 3702 ad
1627 3650 1770 3703 Aca—

171 3726 325 3778 cium
363 3724 767 3785 Melitinensem,
826 3732 882 3777 et
925 3722 976 3774 in
1031 3723 1446 3785 Conimonilorio
1500 3723 1567 3774 ad
1606 3721 1769 3772 Eulo-

173 3811 331 3865 gium
358 3808 376 3845 :
402 3795 702 3865 eademque
739 3795 808 3849 ab
838 3793 986 3865 oinni
1010 3793 1423 3865 Apollinaris_u_ni
1448 3793 1768 3860 suspicione

177 3863 437 3935 purgavit
467 3865 518 3917 in
551 3863 808 3933 Epistolis
840 3864 907 3915 ad
937 3864 1271 3918 Successum.
1328 3863 1610 3917 Habeu'tur
1636 3876 1769 3935 vero

177 3932 371 4005 priora
402 3936 565 3989 verba
596 3932 647 4005 in
702 3936 920 3989 laudato
967 3935 1405 4000 Cammouitorio,
1438 3935 1525 3987 ubi
1583 3934 1663 3987 sic
1691 3932 1769 3985 ait

175 4003 569 4061 S:iiictissiiiius
618 4003 780 4060 Pater
828 4028 837 4060 :
920 4023 939 4057 ι
976 4006 1234 4061 Unitione
1292 4019 1591 4070 concessa,
1659 4018 1767 4059 non

178 4080 394 4130 distant
426 4076 661 4144 amplius
684 4078 751 4130 ab
784 4077 1040 4144 invicem,
1093 4090 1213 4144 qua:
1264 4076 1412 4130 unita
1451 4090 1613 4142 sunt;
1671 4076 1769 4132 sed

179 4150 450 4228 deinceps
476 4148 645 4201 Filius
672 4157 756 4203 est
781 4166 885 4203 una
920 4147 1091 4218 ipsius
1126 4156 1345 4213 natura,
1376 4146 1554 4201 Verbo
1578 4148 1766 4217 utique

171 4235 351 4273 carne
379 4220 544 4271 facto.
560 4238 578 4269 ι

253 4292 389 4355 Qua:
432 4303 555 4343 cum
609 4291 722 4359 ipse
780 4299 837 4345 et
895 4292 1216 4360 scripserit,
1274 4303 1327 4347 et
1388 4294 1764 4357 vindicaverit,

173 4370 451 4430 quantum
476 4361 555 4433 ab
586 4378 777 4416 errore
826 4362 1340 4432 Apollinaristarum
1398 4366 1768 4433 Eolychiano-

175 4427 420 4500 furtique
475 4427 792 4503 loiigissime
852 4427 1101 4497 distaret,
1160 4435 1378 4503 egregie
1438 4427 1670 4503 probant
1704 4450 1769 4490 ac

173 4505 448 4555 evincunt
508 4501 821 4572 Lequienus
878 4505 998 4558 loco
1040 4501 1241 4569 citato,
1275 4501 1583 4559 Ludovicus
1616 4504 1767 4559 Tho-

175 4572 462 4647 tnassinus
498 4573 570 4647 De
602 4576 1007 4639 lncarnatione,
1042 4574 1181 4629 libro
1233 4590 1317 4641 Ill,
1347 4580 1528 4647 capite
1568 4578 1657 4642 15,
1713 4585 1769 4630 et

178 4644 479 4712 Dionysius
512 4644 767 4700 Petavius
819 4648 956 4700 libro
1007 4661 1085 4709 ιν,
1120 4647 1297 4713 capite
1326 4648 1380 4709 7,
1416 4644 1470 4702 et
1502 4647 1642 4701 libro
1689 4662 1763 4712 vt,

175 4716 274 4768 ubi
308 4728 641 4788 auunymum
673 4716 1058 4772 Calvinianum
1116 4716 1387 4772 hominem
1422 4734 1518 4788 pro
1558 4720 1767 4773 meritis

174 4785 438 4863 castigat,
459 4785 563 4863 qui
598 4788 701 4863 hoc
727 4789 1209 4863 demonStrandnin
1264 4785 1517 4863 suscipit,
1567 4788 1765 4863 Nesto-

176 4861 329 4911 rium
365 4858 799 4930 impurissimum
840 4859 1287 4924 literesiarcham,
1316 4858 1463 4930 pium
1496 4871 1553 4914 et
1581 4862 1770 4915 catho-

177 4926 587 4997 licumfuisse:
636 4932 757 4985 illos
800 4938 1008 4992 autem,
1061 4943 1091 4982 a
1142 4926 1341 4997 quibus
1368 4932 1770 4986 condemnatus

173 5008 297 5073 est,
330 4996 595 5073 Cyrillum
646 4999 1081 5073 etipresinani
1135 4996 1425 5073 synodum,
1480 5003 1769 5057 haereticos

175 5078 236 5123 et
280 5069 501 5141 impios.
528 5070 768 5125 Consule
798 5079 962 5137 caput
985 5071 1040 5134 8,
1068 5072 1121 5127 in
1150 5069 1257 5140 quo
1285 5074 1580 5135 sententia,
1604 5088 1767 5141 quant

176 5152 234 5195 et
264 5140 510 5196 Crozeus
533 5144 785 5213 opponit,
816 5142 1041 5213 innoxia
1094 5156 1150 5197 et
1204 5145 1450 5212 apprime
1494 5140 1766 5197 catholica

179 5213 513 5265 ostenditur.
556 5210 789 5267 Mentem
831 5210 1044 5281 Cyrilli,
1076 5210 1495 5278 consiliumque.
1523 5216 1765 5269 omnium

180 5282 529 5354 lucidissime
590 5283 853 5354 patefacit
896 5284 1155 5337 laudatus
1213 5284 1610 5337 Theniassinus
1658 5288 1763 5340 loc.

178 5356 281 5411 cit.
325 5353 502 5409 Verba
536 5353 653 5424 eius
681 5354 1053 5424 refero,iquze
1105 5355 1344 5408 maximo
1371 5364 1424 5408 et
1465 5354 1606 5409 infra
1641 5357 1765 5411 usui

178 5423 773 5499 nobis_erunt.’662_
820 5423 1145 5499 rNestorio,
1202 5425 1399 5499 inquit,
1452 5424 1767 5499 insidiosirus

181 5499 322 5550 duas
350 5496 602 5566 iactante
622 5496 695 5550 iri
716 5497 939 5552 Christo
969 5505 1193 5550 naturas
1214 5536 1230 5561 ,
1265 5506 1319 5548 et
1348 5498 1517 5564 (quod
1548 5498 1769 5567 nequis-

180 5568 386 5622 simum
423 5567 635 5623 fraudis
657 5584 827 5637 genus
853 5569 959 5636 est)
1010 5568 1077 5620 de
1113 5569 1341 5620 veritate
1392 5570 1506 5634 ipsa
1548 5570 1765 5622 veritati

182 5637 447 5692 invidiam
480 5638 792 5705 conﬁante;
826 5653 893 5692 ue
924 5648 1159 5691 duarum
1189 5646 1508 5691 naturarum
1542 5639 1769 5692 obtentu

180 5711 305 5780 duae
358 5722 582 5778 quoque
611 5711 1044 5780 impingereutnr
1076 5722 1345 5776 personae,
1380 5710 1520 5762 hanc
1547 5721 1642 5763 aut
1668 5724 1765 5762 ex-

177 5778 469 5848 cogitavit,
501 5790 597 5833 aut
630 5778 960 5834 instauravit
990 5779 1229 5848 Cyrillus
1281 5782 1393 5849 iam
1440 5793 1577 5846 pene
1605 5782 1767 5834 oblit-

180 5861 421 5904 teratam
472 5852 794 5919 eloquendae
845 5850 1242 5904 Incarnationis
1293 5851 1585 5903 formulam
1620 5850 1765 5919 (cum

179 5924 417 5987 diceret,
451 5937 613 5975 unam
635 5936 756 5977 esse
784 5921 939 5975 Verbi
970 5920 1061 5972 Dei
1096 5931 1344 5973 naturam
1381 5921 1763 5988 incarnatain).

178 5992 351 6061 Cujus
383 5993 593 6049 oraculi
652 5994 1056 6049 IleJDttXltlle
1109 5993 1457 6063 signiﬁcatio,
1501 6000 1615 6048 lucc
1645 6010 1767 6047 seu-
1806 6050 1835 6063 θ,

1888 2058 1984 2110 per
2013 2050 2068 2095 et
2099 2027 2290 2110 pergat
2339 2048 2479 2110 esse,
2543 2031 2713 2110 altera
2771 2043 2942 2097 nuper
2975 2027 3050 2081 illi
3109 2031 3459 2110 accrevcrii:

1888 2099 1994 2166 una
2023 2099 2117 2165 sua
2169 2099 2272 2162 sibi
2322 2107 2419 2165 sit,
2476 2100 2559 2157 sui
2588 2099 2730 2167 iuris
2782 2114 3003 2168 sumque
3048 2100 3337 2168 potestatis
3365 2099 3462 2165 sit,

1884 2198 1984 2251 per
2012 2198 2069 2235 se
2105 2174 2521 2251 immutabiliter
2553 2183 2607 2251 et
2642 2170 3128 2251 sempiterneusit;
3176 2172 3347 2251 altera
3380 2170 3465 2251 illi

1886 2240 1943 2307 iit
1981 2252 2228 2319 subiecto
2262 2247 2519 2319 aecidcns
2556 2242 2872 2319 incumbat,
2924 2240 3002 2319 illi
3053 2249 3464 2319 super§miatnr

1884 2335 1941 2376 ut
1969 2311 2349 2381 fundamento,
2400 2314 2546 2367 illius
2584 2311 2695 2381 iuri
2751 2312 3054 2381 censuique
3092 2311 3331 2376 ascripta
3366 2311 3461 2377 sit,

1883 2396 2031 2449 illius
2065 2391 2284 2461 propria
2321 2380 2377 2443 et
2414 2385 2567 2451 quasi
2603 2380 2943 2461 portiuncula
2965 2383 3058 2444 sit,
3093 2395 3190 2448 per
3219 2396 3277 2436 se
3310 2396 3465 2461 seor-

1880 2467 1983 2519 sitn
2021 2451 2123 2518 nec
2148 2451 2244 2524 sit,
2274 2474 2375 2514 nec
2420 2468 2657 2522 unquam
2707 2451 2910 2524 fuerit;
2953 2462 3065 2524 tum
3113 2466 3249 2524 vero
3283 2452 3462 2524 omnis

1882 2537 2100 2591 eluetur
2136 2534 2187 2587 in
2228 2522 2461 2601 geminae
2496 2535 2705 2578 naturae
2736 2522 3075 2593 professione
3107 2523 3346 2591 suspicio
3368 2538 3464 2593 ge-

1882 2607 2101 2661 minata:
2132 2616 2401 2672 personar.

1959 2694 1979 2727 ι
2009 2678 2079 2729 At
2112 2664 2162 2729 id
2187 2671 2422 2742 Cyrillus
2453 2668 2669 2742 molitus
2693 2708 2708 2732 ,
2758 2668 2808 2722 id
2858 2675 3195 2742 consecutus
3235 2673 3320 2720 est
3368 2664 3460 2742 ubi

1880 2762 2044 2804 unam
2070 2747 2209 2800 dixit
2234 2736 2485 2795 naturam
2506 2739 2667 2794 Verbi
2690 2744 3051 2793 iucarnatam.
3083 2736 3295 2791 Eminet
3314 2737 3461 2791 enim

1879 2830 1935 2874 et
1970 2819 2179 2887 primas
2215 2822 2381 2893 tetigt,
2418 2813 2529 2893 iino
2559 2811 2671 2892 sola
2707 2809 2759 2893 in
2788 2820 3144 2893 conspectuin
3173 2808 3357 2889 statim
3388 2822 3462 2886 se

1877 2878 1985 2943 dat'
2020 2878 2396 2957 principali‘ter
2423 2880 2680 2936 divinitas
2710 2879 2905 2957 Verbi;
2951 2894 3047 2957 nec
3078 2878 3209 2931 latet
3239 2878 3457 2957 interim

1874 2949 2126 3015 caro-seu
2163 2949 2500 3015 humanitas,
2532 2967 2600 3005 ex
2633 2967 2741 3020 quo
2781 2951 2982 3005 dicito!
3019 2949 3322 3020 incuruata.
3355 2949 3460 3003 Oc-

1876 3039 2060 3085 corsat
2112 3030 2316 3096 itaque
2342 3038 2446 3076 non
2495 3018 2670 3096 deitas
2702 3032 2757 3075 et
2792 3037 2955 3096 carm,
2994 3018 3104 3096 sed
3127 3018 3304 3072 deitas
3334 3035 3458 3073 cum

1876 3116 2075 3156 carne:
2134 3089 2239 3150 non
2296 3094 2439 3147 Deus
2485 3102 2539 3148 et
2575 3092 2757 3155 homo,
2788 3092 2881 3145 sed
2912 3089 3052 3143 Deus
3094 3090 3454 3153 humanatus;

1876 3186 1984 3224 non
2014 3170 2208 3238 duplex
2238 3173 2460 3230 natura,
2484 3164 2662 3217 deitas
2684 3159 3457 3238 ethnmanitas,sed,_siiiiplex

1877 3230 2341 3300 natura'deitalis,
2385 3250 2508 3289 cum
2554 3234 2869 3287 accessione
2907 3230 3279 3286 humanitatis.
3324 3232 3452 3285 Ete-

1873 3311 1984 3366 uim
2012 3311 2098 3364 ubi
2129 3310 2249 3363 dua:
2298 3316 2509 3359 natura:
2541 3306 2796 3357 dicuntur
2823 3304 2964 3358 Deus
3002 3311 3056 3356 et
3084 3301 3269 3365 homo,
3302 3312 3456 3354 utra-

1872 3398 1979 3451 que
2008 3389 2202 3434 nalura
2248 3390 2342 3447 per
2374 3390 2433 3429 se
2467 3374 2807 3451 nominatur,
2832 3388 2930 3442 per
2966 3388 3027 3427 se
3058 3372 3358 3451 cogitatur;
3402 3378 3457 3425 et

1872 3443 1969 3522 per
2004 3467 2060 3505 se
2110 3443 2382 3504 nominari
2423 3446 2721 3522 cegitarive
2762 3449 2849 3522 vix
2904 3453 3111 3522 potest,
3144 3443 3276 3522 quin
3328 3459 3452 3511 per-

1873 3513 2019 3578 sona:
2064 3523 2257 3588 cuique
2301 3534 2413 3573 sua:
2453 3514 2692 3585 suspicio
2738 3513 2985 3588 obrepat.
3033 3520 3105 3568 At
3136 3513 3225 3588 ubi
3258 3527 3453 3588 natura

1875 3602 2082 3647 tantum
2119 3583 2282 3645 Verbi
2326 3583 2617 3641 incarna’ta
2667 3583 2888 3659 dicitur,
2933 3602 3035 3639 una
3086 3583 3345 3659 primario
3399 3596 3455 3636 et

1872 3679 1969 3731 per
2021 3677 2079 3716 se
2128 3661 2674 3731 subsistcns__natura
2721 3658 3042 3709 obversatur
3088 3658 3455 3719 auinto,cutn

1871 3728 2079 3787 natura:
2111 3732 2332 3783 alterius
2359 3728 2745 3781 additamento.

1950 3822 1970 3855 ι
2019 3804 2382 3867 Quamobrem
2437 3796 2648 3867 singula
2702 3797 2819 3866 eius
2876 3798 3235 3852 confessionis
3286 3800 3451 3854 verba

1875 3864 2132 3929 momenti
2178 3870 2489 3941 pilll‘illlllll_1_
2507 3864 2700 3941 afferre
2727 3864 2853 3941 non,
2877 3867 3146 3941 immerito
3178 3870 3449 3941 videntur,

1873 3949 1940 3999 ad
1985 3943 2106 3997 Iidei
2141 3936 2405 3995 adversus
2448 3936 2799 3991 Nestor-ianos
2844 3939 3070 3991 insidias
3111 3938 3454 3993 stabilimen-

1875 4025 2011 4068 tuni.
2048 4012 2180 4065 Nam
2219 4011 2257 4063 l.
2298 4010 2502 4062 Natura
2536 4023 2641 4060 una
2673 4010 2875 4062 dicitur
2909 4007 3101 4062 Verbi:
3131 4023 3195 4060 ac
3225 4011 3453 4076 proinde

1873 4086 2101 4153 perinde
2134 4082 2294 4136 nobis
2318 4092 2422 4145 est,
2454 4094 2548 4133 seu
2588 4087 2838 4153 naturain
2872 4080 2943 4132 ibi
2973 4095 3069 4147 pro
3103 4089 3293 4153 natura
3324 4085 3452 4153 stri-

1874 4149 2036 4218 otius,
2086 4168 2180 4207 seu
2236 4168 2331 4220 pro
2377 4164 2610 4219 persona
2638 4150 2812 4220 laxius
2856 4159 3126 4217 sumptam
3166 4149 3452 4204 arbitreris

1873 4228 2152 4296 (namque
2203 4218 2463 4292 Cyrillum
2516 4220 2607 4296 alii
2664 4218 2823 4273 aliter
2874 4221 3214 4296 interpretati
3262 4226 3448 4296 sunt).

1872 4291 2018 4351 Nihil
2065 4291 2160 4347 aut
2212 4291 2503 4361 perparum
2556 4291 3122 4361 interest,ntrishbet
3184 4295 3449 4357 accedas;
3532 4318 3537 4323 ι

1873 4382 1999 4423 nam
2024 4360 2258 4435 persona
2290 4373 2344 4416 et
2369 4372 2563 4415 natura
2605 4376 2711 4413 non
2746 4360 3023 4435 dill'crunt,
3048 4363 3153 4416 nisi
3178 4374 3449 4435 conceptu

1874 4430 2107 4501 mentis;
2139 4445 2195 4490 et
2226 4449 2320 4504 seu
2360 4448 2646 4504 personant
2680 4430 2763 4504 vel
2798 4434 3136 4504 hypostasim
3176 4431 3331 4488 Verbi
3361 4449 3447 4488 tu-

1870 4516 2154 4565 carnatam
2178 4501 2272 4561 seu
2301 4512 2547 4557 naturam
2574 4501 2737 4556 Verbi
2764 4512 2821 4555 ut
2847 4503 3201 4572 principalem
3223 4511 3277 4557 et
3298 4516 3450 4557 sum-

1872 4594 2016 4633 mam
2064 4586 2120 4631 et
2166 4576 2432 4632 totalitate
2474 4589 2573 4628 sua
2616 4587 2714 4642 per
2766 4586 2826 4627 se
2859 4573 3055 4627 fretam
3099 4589 3221 4628 cum
3263 4576 3450 4631 carnis

1874 4649 2221 4717 adiunctione
2239 4647 2353 4714 iam
2382 4644 2613 4716 cogites,
2646 4643 2875 4713 perinde
2900 4655 3013 4717 est.
3038 4644 3276 4698 Persona
3301 4647 3447 4717 etaim

1872 4716 1977 4775 non
2028 4718 2175 4773 aliud
2203 4728 2306 4781 est,
2334 4731 2492 4785 quam
2526 4727 2719 4769 natura
2754 4724 2810 4768 ut
2849 4716 3211 4784 principatum
3249 4716 3332 4770 sui
3368 4726 3448 4770 te-

1873 4806 2032 4852 nens,
2063 4798 2121 4842 ut
2144 4805 2240 4859 per
2275 4804 2334 4843 se
2363 4788 2694 4859 consistens,
2729 4785 3206 4859 ut_ac_cidentibus
3232 4787 3446 4859 erad-

1871 4854 2185 4915 ditamentis
2217 4858 2473 4915 omnibus
2494 4855 2851 4911 substaus.ll.
2886 4854 3087 4910 Natura
3123 4855 3277 4910 Verbi
3304 4856 3445 4911 dici-

1871 4941 1981 4995 tur,
2014 4947 2082 4985 ne
2128 4932 2196 4986 ad
2244 4939 2411 4984 totam
2459 4927 2783 4985 Trinitatem
2820 4940 3069 4995 spectare
3098 4927 3447 4981 exnstimetur

1873 5005 2057 5057 carnis
2100 5002 2422 5069 assumptio.
2473 4999 2563 5052 ιιι.
2594 4999 2883 5052 lncarnata
2926 5000 3152 5063 dicitur,
3177 5012 3284 5069 quo
3315 5014 3444 5051 caro

1871 5074 2217 5141 designatur,
2249 5073 2345 5125 sed
2380 5070 2639 5141 oblique;
2670 5080 2726 5122 et
2756 5080 2813 5122 ut
2842 5085 2947 5123 non
2998 5084 3093 5136 per
3123 5086 3202 5134 se,
3236 5083 3333 5123 nec
3356 5074 3442 5125 sui

1872 5140 2060 5208 causa,
2097 5158 2196 5197 nec
2227 5143 2307 5195 sui
2349 5140 2524 5211 iuris:
2570 5143 2707 5194 adeo
2750 5150 2806 5193 ut
2849 5142 3042 5193 unitati
3080 5141 3441 5211 hypostaseos

1872 5214 2214 5267 vindicandae
2246 5212 2716 5266 accommodatius
2746 5214 2817 5265 sit
2849 5224 2975 5273 tllCl,
3001 5222 3251 5264 naturain
3282 5212 3441 5267 Verbi

1873 5285 2240 5347 incarnatam,
2256 5298 2417 5351 quam
2436 5282 2859 5337 uaturamVerbi
2881 5291 2937 5335 et
2953 5296 3195 5339 carnem.
3217 5281 3307 5338 lV.
3326 5283 3441 5341 Una

1871 5356 2075 5409 dicitur
2104 5352 2269 5408 Verbi
2301 5364 2544 5419 natura,
2567 5370 2691 5408 nam
2737 5357 2915 5406 unitas
2951 5355 3093 5407 sicut
3116 5364 3173 5408 et
3200 5355 3440 5411 totalitas

1872 5442 2039 5494 penes
2069 5435 2322 5479 naturam
2352 5424 2794 5495 principaliotcm
2824 5432 2909 5475 est
2938 5424 3303 5495 attendenda,
3324 5425 3440 5481 Una

1871 5508 1954 5550 est
1980 5497 2123 5551 enim
2144 5494 2375 5564 persona
2406 5494 2678 5559 Christus,
2703 5496 2831 5561 quia
2854 5509 2997 5548 unus
3023 5504 3108 5549 est
3138 5495 3233 5548 Dei
3264 5494 3440 5550 Filius

1872 5571 2240 5636 sempiternus
2276 5579 2332 5620 et
2370 5567 2855 5633 incorruptibiliter
2894 5567 3076 5631 idem;
3116 5566 3269 5637 prius
3318 5570 3438 5622 sine

1872 5653 2076 5705 carne,
2106 5652 2251 5691 nunc
2284 5652 2404 5691 cum
2456 5652 2654 5700 carne,
2702 5652 2918 5705 semper
2956 5637 3134 5699 idem,
3187 5652 3441 5706 unusque

1872 5724 2086 5778 semper
2112 5708 2289 5772 idem;
2341 5724 2439 5763 nec
2472 5709 2651 5760 minus
2685 5715 2860 5760 totum
2902 5710 3054 5775 prius
3092 5710 3211 5762 sine
3239 5724 3436 5773 carne,

1852 5797 1972 5833 ~nec
1991 5778 2165 5850 magis
2182 5788 2355 5834 totum
2375 5796 2501 5832 coni
2526 5794 2691 5832 carne
2708 5787 2929 5844 ;auctus
2944 5780 3060 5833 sine
3079 5781 3435 5842 incremento,

1872 5866 1971 5904 nec
2004 5854 2179 5920 maior
2238 5852 2412 5920 factus
2441 5850 2621 5903 carnis
2669 5852 3007 5903 accessione.
3068 5850 3260 5907 Unitas
3307 5867 3437 5919 ergo

1869 5919 2114 5991 personae
2142 5931 2249 5975 tota
2284 5938 2312 5973 a
2348 5919 2501 5975 Verbi
2531 5928 2719 5973 natura
2753 5922 3039 5989 repetenda
3064 5931 3240 5978 est....

1948 6010 1968 6045 ι
1987 5991 2124 6049 illnc
2150 5994 2301 6050 litem
2331 6000 2494 6063 (inter
2512 6010 2626 6055 eos.
2654 5994 2746 6063 qui
2776 5995 2830 6047 in
2859 5995 3228 6064 proposftioue
3250 5992 3438 6067 Cyrilli
