3870 6570
483 457 620 514 106⁸1

1715 450 1779 507 R.
1817 450 1878 506 P.
1921 450 1981 506 Β.
2017 450 2086 506 Μ.
2124 451 2212 508 DE
2253 450 2507 509 RUBEIS

3635 459 3760 515 10(ιέ

481 595 652 652 prava
685 588 866 636 mente
912 591 976 632 ac
1018 591 1189 647 pravo
1227 591 1386 652 sensu
1419 577 1560 631 dicta
1604 576 1946 652 _i-licerentur.
1993 577 2060 629 At
2094 582 2139 637 Α
2170 576 2465 652 ritAeadem
2496 577 2566 652 ab
2590 587 2815 652 auctore
2863 577 2938 630 ita
2982 578 3232 652 usurpari
3279 577 3556 652 potuisse,
3595 589 3657 629 ut
3693 581 3756 652 si

485 646 600 707 haec
628 657 945 718 argumenta
982 646 1180 718 praesto
1211 665 1315 702 non
1349 647 1569 701 fuerunt
1601 646 1900 718 Lequieno.

553 717 856 787 Czete’ruqui
890 735 1020 772 vero
1055 733 1121 772 ex
1149 720 1249 772 hac.
1277 719 1466 771 intima
1501 727 1556 771 et
1584 717 1821 771 mirabili
1855 727 2068 774 natura!

485 795 732 846 humanae
755 791 808 843 in
837 789 1058 843 Christo
1082 788 1468 854 conjunctione
1493 803 1618 840 cum
1650 797 1840 842 natura
1881 789 2066 843 divina

485 865 537 916 in
570 875 672 913 una
725 859 1088 914 sanctissima:
1127 859 1411 913 Trinitatis
1456 873 1686 926 persona
1739 857 2068 928 colligebant

483 942 697 986 veteres
735 929 928 983 Patres
959 931 1166 998 absque
1209 930 1312 982 ulla
1362 930 1568 982 erroris
1603 929 1938 997 suspicione,
1987 929 2068 982 fa-

483 1011 626 1056 ctam
657 1001 804 1054 illam
831 1014 953 1053 esse
979 1000 1240 1062 divinam,
1280 1009 1336 1054 et
1372 1001 1706 1062 deilicatam,
1751 1008 1804 1051 et
1829 1000 1880 1052 in
1923 998 2065 1053 alte-

486 1089 605 1126 rum
639 1071 1041 1140 quodammodo
1069 1080 1270 1124 statum
1307 1070 1658 1134 translatam,
1686 1085 1753 1122 ac
1786 1079 1935 1123 recto
1973 1073 2068 1140 de-

484 1159 632 1201 mum
659 1139 713 1196 et
739 1142 1009 1194 catholico
1041 1156 1202 1195 sensu
1239 1153 1269 1192 a
1314 1141 1596 1195 divinitate
1643 1140 1981 1210 absorptam.
2006 1139 2064 1194 Id

484 1227 636 1274 vero,
683 1228 746 1266 ac
779 1219 1042 1279 praeterea
1074 1211 1232 1269 nihil.
1265 1212 1556 1265 verborum
1588 1225 1811 1264 suorum
1856 1213 2066 1277 magni—

481 1283 722 1345 ﬁcentia,
757 1291 810 1335 et
838 1282 1030 1349 grandi
1060 1282 1387 1349 sublimique
1417 1281 1630 1334 dicendi
1655 1295 1877 1348 genere,
1909 1284 2068 1334 docet

482 1363 680 1408 auctor
708 1351 1238 1418 Areopagitieorum.
1277 1351 1494 1404 Patrum
1527 1352 1835 1406 testimonia
1874 1352 2068 1421 Diony-

482 1426 596 1478 sius
624 1422 880 1478 Petavius
913 1421 1052 1476 libro
1081 1435 1132 1475 tv
1159 1421 1235 1474 De
1262 1421 1638 1475 lncarnatione
1659 1460 1675 1486 ,
1724 1423 1904 1491 capite
1933 1420 1967 1475 9
2011 1420 2068 1477 et

483 1496 621 1549 libro
651 1509 709 1556 κ,
739 1493 918 1561 capite
952 1491 1002 1552 1,
1035 1508 1138 1544 non
1171 1507 1341 1560 pauca
1377 1491 1608 1559 profert,
1651 1507 1773 1560 qute
1806 1501 2064 1546 naturam

483 1567 777 1620 humanam
836 1563 888 1616 in
941 1562 1160 1616 Christo
1213 1563 1513 1630 dei/iratam
1564 1564 1898 1616 enuntiant:
1949 1580 2068 1631 quae

484 1649 774 1706 perperam
805 1642 859 1706 e_t
887 1632 1081 1706 injuria
1110 1635 1176 1686 ad
1211 1634 1471 1706 invidiam
1509 1631 1846 1686 conﬂandam
1877 1635 2065 1706 tradu-

482 1701 763 1759 carentur.
814 1701 1224 1765 Orthodoxum,
1275 1704 1477 1772 cuique
1523 1707 1768 1771 pervium
1807 1705 2067 1770 exprimit

484 1792 706 1830 sensum
732 1773 852 1827 loco
875 1772 1149 1842 posterius
1173 1774 1340 1827 citato
1363 1789 1513 1827 num.
1546 1775 1602 1837 8,
1628 1775 1718 1829 ubi
1752 1775 1934 1828 varias
1970 1791 2068 1830 na-

485 1857 626 1900 turae
686 1847 938 1900 humana:
979 1844 1347 1914 proprietates
1393 1843 1715 1912 distinguit;
1759 1845 2065 1913 docetque,

482 1917 682 1986 quibus
713 1915 828 1977 illa,
873 1913 1021 1968 salva
1051 1913 1388 1982 integritate,
1429 1915 1666 1986 spoliari
1705 1917 1904 1984 possit,
1945 1917 2067 1985 qui-

485 1984 694 2056 busque
740 1999 877 2056 non.
932 1986 1068 2038 Aliae
1102 1992 1244 2056 sun!
1290 1984 1562 2056 specilicte
1589 2024 1606 2050 ,
1660 1996 1718 2037 ut
1750 1984 2062 2056 ratiocinari

483 2053 666 2125 posse,
711 2054 1055 2124 intelligere,
1100 2053 1280 2122 loqui,
1329 2054 1500 2107 libere
1533 2070 1724 2124 agere,
1771 2055 2063 2111 individuis

481 2128 735 2180 uinnibus
771 2126 1386 2195 humaniscommuncs,
1419 2132 1474 2176 et
1507 2127 1573 2177 ad
1608 2127 1906 2180 essentiam
1941 2141 2066 2195 per-

485 2198 744 2259 tinentes,
790 2195 876 2248 vel
919 2193 1246 2265 proﬂuentes
1273 2209 1339 2248 ex
1387 2196 1644 2248 essentia.
1686 2196 1820 2248 Alia:
1864 2193 2069 2250 adven-

485 2268 618 2322 tilia:
665 2277 720 2321 et
761 2267 1110 2330 accidentes,
1157 2265 1274 2320 sine
1324 2265 1524 2334 quibus
1560 2276 1815 2319 constare
1867 2277 2067 2322 natura

484 2347 698 2407 potest;
739 2335 827 2389 vel
859 2337 1152 2390 individuis
1177 2335 1859 2407 omnibusconvenientes,
1879 2337 2068 2406 cujus-

484 2405 626 2461 inodi
654 2416 780 2462 sunt
819 2415 1089 2476 aegrotare
1134 2420 1311 2473 posse,
1365 2405 1447 2460 vel
1478 2420 1669 2460 sanum
1718 2421 1840 2460 esse
1885 2405 2065 2476 posse,

484 2477 647 2530 morti
677 2486 730 2530 et
756 2475 1092 2546 corruptioni
1111 2476 1407 2530 obnoxium
1428 2490 1571 2540 esse,
1599 2475 2067 2546 concupiscentia,

481 2560 537 2603 et
565 2549 616 2602 in
655 2555 936 2616 peccatum
985 2548 1297 2616 propensio,
1350 2546 1548 2614 quibus
1595 2547 1878 2600 hominum
1908 2563 2070 2602 neuio

483 2613 827 2672 caret—citra
860 2613 1161 2686 singulare
1215 2613 1310 2679 Dei
1362 2613 1729 2683 beneficium;
1769 2617 1856 2671 vel
1905 2622 2071 2673 certis

483 2694 754 2742 duntaxat
780 2685 1106 2753 individuis,
1157 2701 1261 2740 non
1293 2687 1553 2741 omnibus
1585 2697 1982 2755 competentes,
2015 2699 2073 2742 ut

473 2761 775 2828 aegritudo,
807 2759 944 2811 bona
973 2758 1246 2820 valetudo,
1280 2758 1469 2828 \i_tium
1491 2760 1739 2827 corporis
1763 2768 1855 2810 aut
1877 2761 2066 2823 animi,

480 2826 604 2899 quae
638 2845 744 2883 non
779 2831 964 2882 insunt
993 2831 1271 2899 omnibus.
1322 2826 1444 2880 Jam
1497 2826 1625 2899 vero
1663 2843 1792 2899 eum
1825 2832 2071 2896 proprias

476 2896 691 2955 natura:
723 2899 974 2952 humana:
1001 2898 1318 2953 alfectiones
1354 2898 1632 2967 protulere
1662 2896 1855 2953 Patres
1891 2901 1942 2953 in
1984 2902 2070 2954 di-

480 2971 711 3024 vinitate
730 2968 858 3024 Jesu
883 2969 1088 3022 Christi
1133 2972 1424 3038 absorptas
1448 2983 1514 3022 ac
1547 2969 1691 3023 velut
1736 2969 2069 3036 exstinctas,

481 3045 552 3094 de
576 3041 760 3110 priore
787 3053 990 3110 genere
1018 3039 1415 3108 proprietatum
1454 3040 1617 3092 locuti
1663 3038 1891 3094 minime
1913 3052 2066 3095 sunt.

481 3114 562 3165 Ac
589 3125 722 3164 sane
745 3111 889 3178 quod
918 3114 1119 3164 attinet
1148 3111 1214 3162 ad
1239 3119 1523 3164 auctorem
1542 3110 2069 3178 Areopagiticorum,

479 3183 610 3250 quis
653 3180 854 3234 dixerit
905 3181 1047 3233 hanc
1097 3183 1165 3233 ab
1205 3195 1270 3233 eo
1317 3181 1611 3234 admissam
1665 3181 2070 3249 absorptionem

480 3252 1046 3330 exstinctionemque,
1079 3267 1206 3305 cum
1242 3250 1445 3318 passim
1471 3257 1664 3330 doceat
1694 3263 1944 3330 naturam
1973 3253 2074 3306 bu—
2100 3273 2142 3330 (ς

483 3338 703 3375 manam
735 3336 765 3374 a
799 3319 976 3374 Verbo
1005 3331 1338 3388 assumptum
1379 3337 1517 3384 vere,
1549 3321 1770 3389 integre,
1813 3323 2063 3390 perfecte,

484 3392 745 3454 totaliter,
778 3391 1100 3454 omnimode,
1123 3391 1289 3444 salvis
1317 3393 1564 3443 humana:
1591 3402 1798 3443 natura:
1829 3393 2068 3444 veritati-

486 3467 605 3525 bus,
638 3476 702 3513 ac
740 3461 992 3513 inviolato
1022 3470 1277 3530 manente
1305 3461 1690 3529 proprietatum
1729 3469 1906 3513 statu:
1945 3477 2068 3530 quas

487 3547 597 3585 tam
652 3529 971 3600 frequenter
1012 3529 1300 3600 inculcata
1355 3533 1529 3600 verba
1573 3546 1792 3584 sensum
1849 3529 2066 3586 omnem

485 3599 765 3672 rejieiunt,
791 3610 846 3654 et
869 3599 1389 3670 Apollinaristieum,
1421 3611 1476 3654 et
1503 3599 1943 3672 Eutyc’hianum?

554 3676 796 3727 Alterius
845 3672 1062 3741 generis
1117 3680 1511 3740 proprietatum
1562 3673 1831 3741 quaedam
1880 3674 2064 3727 statim

482 3746 736 3798 exclusus
778 3742 1023 3796 funditus
1065 3743 1392 3810 penitusque
1458 3743 1514 3794 in
1556 3744 1778 3796 Christo
1833 3743 2070 3798 docuere

484 3815 706 3877 Patres;
737 3813 1022 3883 quasdam,
1070 3813 1196 3866 dum
1233 3815 1286 3866 iu
1327 3813 1490 3866 terris
1535 3812 1650 3882 ipse
1676 3815 1904 3879 viveret,
1940 3828 2070 3882 pro-

484 3890 742 3938 curandae
773 3883 966 3936 salutis
994 3887 1247 3936 humanae
1275 3884 1452 3952 gratia
1493 3885 1804 3938 retinuisse.
1844 3883 2069 3940 Priores

484 3970 562 4010 em
588 3965 737 4019 sunt,
769 3970 892 4023 qua:
921 3953 1250 4021 contagione
1278 3953 1455 4022 eulpae
1477 3953 1660 4022 aliqua
1686 3963 1814 4008 sunt
1840 3953 2067 4022 amatae;

483 4027 792 4095 eujusmodi
838 4034 924 4078 est
967 4026 1230 4095 peccandi
1278 4035 1546 4092 potestas,
1597 4025 1888 4080 intestinus
1933 4041 2068 4080 con-

484 4094 837 4165 cupiscentia:
869 4106 1070 4160 motus,
1103 4094 1154 4146 id
1182 4109 1357 4163 genus
1383 4095 1513 4150 alia.
1560 4096 1630 4149 At
1671 4108 1793 4163 quae
1833 4106 1960 4149 sunt
1991 4101 2071 4149 al-

487 4164 660 4221 terius
690 4167 916 4235 speciei,
945 4174 999 4218 et
1028 4172 1219 4233 procul
1258 4164 1328 4218 ab
1373 4170 1504 4220 vitio
1549 4178 1884 4233 peceatoque
1917 4179 2065 4233 sunt,

488 4234 1016 4292 tametsi’viltssima
1059 4250 1124 4306 ac
1172 4234 1553 4302 indignissima
1591 4245 1742 4289 tanta
1787 4235 2069 4306 majestate

485 4308 717 4372 t'ueriut,
756 4307 1037 4375 aliquanto
1074 4304 1130 4358 in
1171 4320 1230 4359 se
1270 4315 1514 4375 tempore
1553 4307 1832 4374 suscepit;
1874 4304 1935 4361 ut
1983 4319 2071 4364 est

486 4378 758 4432 iitoriendi
792 4377 1060 4440 conditio,
1093 4377 1335 4436 triStitta,
1370 4380 1559 4442 lames,
1590 4375 1879 4444 lassitudo,
1921 4379 2067 4445 sitis,

485 4466 551 4502 ae
577 4449 784 4516 reliqua
809 4449 860 4501 id
889 4461 1060 4516 genus
1083 4449 1337 4501 humana:
1361 4449 1696 4502 inlirmitatis
1720 4460 2067 4516 argumenta.

485 4522 617 4584 Quae
631 4529 831 4580 tamen,
851 4518 1062 4572 mortali
1080 4517 1199 4570 Vita:
1213 4528 1358 4570 Statu
1376 4518 1894 4590 perl‘unetus,678
1904 4521 2071 4590 depo-

487 4593 600 4642 suit
626 4591 835 4650 omnia,
861 4599 916 4642 et
945 4591 998 4642 iu
1025 4589 1464 4657 praestantiorem
1497 4604 1562 4642 ac
1601 4589 1846 4644 divumm
1871 4589 2067 4645 absor-

487 4640 1191 4726 beri,aboleriq’uevvblutt,
1218 4640 1417 4726 tteiupe
1585 4640 2062 4716 resurrectio-item.
2098 4640 2144 4695 Ῑ)

488 4729 781 4798 Egregium
816 4739 1011 4800 praesto
1050 4730 1614 4800 est_Areopagtttcum
1663 4734 2064 4800 testimonium,

485 4797 744 4873 qualiter:
772 4799 1022 4873 doctrina
1045 4797 1366 4873 _ot'tbodoita
1409 4800 1641 4873 miriﬁce
1685 4797 2061 4873 conﬁrmatur;

485 4867 681 4940 Capite
709 4871 743 4923 5
771 4867 850 4920 De
872 4867 1742 4940 ecclesiasticailtierarchiamum.
1767 4870 1824 4933 4,
1852 4869 1954 4940 ἐξ,
1987 4873 2067 4926 sie

487 4938 654 4996 habet
676 4949 902 4993 auctor:
949 4938 1045 4991 Det
1079 4939 1396 5008 principalis
1441 4942 1691 4993 bonitatis
1726 4938 1937 5008 inﬁnita
1974 4943 2062 4994 be-

487 5015 741 5083 nignitas.
761 5048 776 5064 .
802 5045 818 5061 .
837 5019 1138 5083 nostrorum
1163 5016 1394 5083 omnium
1428 5025 1562 5083 vere,
1595 5012 1654 5064 ἐν
1680 5010 1890 5080 ἀληθεῖ,
1921 5011 2064 5080 facta

483 5081 770 5154 particeps,
793 5081 988 5154 absque
1009 5092 1219 5148 peccato
1240 5081 1657 5152 ἀναμαρτήτως,
1681 5084 2066 5152 Ιιιιηιιιιιαιιιιαε

486 5149 876 5217 ὴοεινωωιὶια,
897 5149 1042 5205 salvo
1075 5149 1458 5218 proprietatum
1483 5149 1703 5205 suarum
1734 5164 1877 5206 statu
1909 5149 2066 5222 pror-

485 5242 576 5280 sus
614 5224 892 5292 inconfuso
921 5229 969 5275 et
998 5222 1271 5287 inmolato,
1311 5225 1463 5292 cujus
1495 5225 1654 5276 etiam
1679 5223 1852 5288 nobis,
1887 5234 2065 5292 utpote

485 5295 764 5365 congeneis
791 5294 1117 5365 consortium
1144 5293 1310 5365 dedit.
1337 5293 1590 5361 Peecato,
1619 5306 1674 5349 et
1699 5296 1765 5348 iis
1790 5310 1912 5364 qua:
1938 5313 2066 5363 pec-

485 5363 601 5421 cati
613 5365 937 5436 contagione
959 5363 1141 5436 aliqua
1164 5363 1342 5436 alllata
1367 5373 1493 5417 sunt
1514 5369 1779 5436 exceptis,
1802 5363 2064 5435 particeps

485 5440 666 5491 laetus
702 5446 786 5489 est
831 5433 921 5488 Dei
956 5433 1129 5487 Filius
1163 5434 1398 5486 omnium
1438 5433 1758 5490 nostrorum.
1799 5433 2067 5490 Animad-

484 5519 660 5567 verte.
686 5507 868 5560 omnia
899 5517 1088 5559 nostra
1113 5520 1144 5556 a
1175 5503 1268 5556 Dei
1286 5505 1439 5577 .lf‘tlio
1470 5519 1770 5577 assumpta,
1799 5509 2063 5574 animam,

484 5593 704 5646 corpus,
748 5578 1142 5631 humanitatem
1181 5589 1248 5627 ex
1289 5575 1356 5629 iis
1402 5575 1826 5644 coalescentem,
1870 5583 2066 5649 prandi-

488 5661 703 5719 tainque
731 5649 1220 5702 suiS‘lacultattbus
1259 5658 1314 5700 et
1339 5653 1768 5717 operationibus.
1796 5653 2062 5704 Animad-

485 5731 638 5772 verte
686 5735 910 5784 rursus,
949 5719 1064 5774 hinc
1103 5720 1297 5772 eadem
1344 5722 1502 5773 verba
1540 5736 1557 5773 :
1589 5720 1912 5775 Nostrorum
1952 5738 2064 5774 om-

486 5795 633 5843 nium
674 5806 786 5844 vere
843 5793 987 5859 [acta
1034 5799 1329 5859 particeps,
1381 5807 1601 5845 sensum
1641 5794 1806 5846 edere
1847 5795 2063 5846 nonnisi

482 5866 868 5928 ortnodoxum,
917 5859 1253 5930 Eulyehiauo
1277 5865 1514 5932 dogmati
1543 5878 1610 5915 ex
1641 5868 1912 5918 diametro
1963 5877 2066 5918 ad-
2093 5863 2103 5876 ‘

492 5949 726 6003 versuta,
758 5936 1019 6002 illumque
1049 5945 1248 6002 cuique
1282 5935 1551 6003 pervium.
1581 5935 1713 6001 Quis
1746 5949 1874 5991 vero
1903 5938 2061 5992 dixe-

2169 646 2497 716 gniﬁcarent
2552 649 2951 702 lmmanitatem
2995 649 3096 701 sibi
3143 647 3310 702 Deum
3348 647 3643 714 junxisse,
3690 649 3759 700 Li.

2167 716 2459 770 cultatibus
2517 719 2633 773 suis
2689 733 2755 772 ac
2808 719 3222 787 operationibus
3298 720 3640 784 multatam,
3705 735 3758 772 ac

2168 787 2334 842 veluti
2366 789 2791 843 instrumentum
2837 789 3097 852 inanitne,
3140 804 3239 856 per
3277 791 3422 857 quod
3471 803 3613 841 suas
3644 805 3758 842 exe-

2170 865 2316 930 reret
2354 859 2565 913 divinas
2602 859 2953 928 operationes
2977 899 2991 921 ,
3033 875 3154 930 quin
3213 869 3436 912 nosti-as
3497 859 3757 912 humanas

2172 928 2523 982 imitarentur
2579 940 2634 983 et
2685 928 3068 999 supplercntf
3114 930 3530 999 Eulychiannm
3605 929 3755 983 hocce

2169 1010 2535 1071 commentum
2566 999 2790 1071 impingi
2821 1003 3056 1062 auctori,
3091 1003 3182 1070 qui
3215 1002 3512 1068 superiora
3545 1001 3757 1071 protulit

2170 1069 2503 1138 scripsitque
2531 1071 2718 1132 verba,
2749 1069 2850 1138 per
2876 1069 3126 1139 iniuriam
3153 1072 3374 1138 quidem
3405 1079 3624 1139 potest,
3646 1069 3755 1137 jure

2172 1154 2236 1193 ac
2273 1142 2468 1196 merito
2491 1141 2603 1212 (me
2627 1156 2761 1196 sane
2782 1142 2989 1212 judice)
3020 1143 3243 1196 minime
3269 1153 3475 1212 potest.

2882 1275 3044 1334 XVII.

2177 1394 2446 1450 Postrema
2477 1392 2712 1468 ejusdem
2739 1396 2978 1462 epistola
3007 1396 3077 1449 ad
3107 1395 3321 1460 Caium,
3350 1398 3525 1452 veluti
3550 1404 3749 1468 speciali

2245 1480 2366 1520 nota
2390 1467 2572 1537 digna,
2608 1467 2909 1537 Lequienus
2937 1469 3151 1537 opponit
3188 1469 3363 1522 verba.
3408 1468 3552 1534 Qua:
3580 1467 3748 1526 tamen

2243 1555 2347 1612 non
2380 1535 2567 1602 unam,
2599 1535 2705 1612 sed:
2725 1555 2910 1612 novam
2939 1535 3240 1590 Deivirilem
3289 1541 3342 1592 in
3379 1539 3610 1595 Christo
3641 1561 3750 1612 ope-

2241 1609 2500 1663 rationem
2522 1609 2785 1662 enuntiat.
2825 1607 2952 1660 llwc
2973 1624 3095 1660 vero
3132 1626 3234 1662 non
3271 1612 3466 1663 mistus
3502 1607 3750 1666 duntaaet

2239 1694 2306 1732 ea:
2328 1682 2601 1750 utriusque
2624 1687 2847 1750 natura:
2866 1678 3118 1745 con/luxu
3165 1683 3508 1747 Operationes
3542 1687 3752 1748 comple-

2241 1750 2423 1824 ctitur;
2451 1749 2631 1803 verum
2675 1751 2744 1803 ad
2777 1749 2904 1819 ealia
2943 1765 3147 1818 quoque
3191 1752 3540 1820 protenditur
3582 1771 3749 1824 opera-

2242 1821 2444 1874 tionum
2469 1836 2688 1890 genera.

2099 1933 2140 1988 Β
2245 1913 2522 1988 Postrema
2575 1912 2817 1988 ejusdem
2871 1921 3083 1988 quarta:
3139 1913 3207 1968 ad
3269 1913 3470 1988 Caium
3524 1917 3749 1984 epistola:

2172 1984 2359 2049 verba,
2405 1998 2557 2054 qua:_
2583 1983 3070 2036 animadvertenda
3107 1986 3366 2052 proponit
3417 1983 3746 2054 Lequienus,

2173 2058 2288 2110 luec
2323 2051 2451 2108 sunt
2477 2071 2490 2106 :
2519 2051 2782 2106 Craterum
2814 2054 3018 2124 divina,
3044 2070 3150 2107 non
3182 2051 3288 2124 qua
3322 2055 3472 2108 Deus
3490 2051 3746 2123 patrabat;

2173 2141 2336 2194 neque
2342 2124 2614 2196 _Itumana,
2635 2133 2895 2193 quatenus
2918 2123 3075 2177 homo
3101 2123 3350 2192 gerebat;
3378 2128 3475 2182 sed
3501 2138 3748 2196 quatenus

2169 2193 2280 2250 erat
2331 2193 2473 2247 Deus
2522 2203 2571 2248 et
2619 2195 2808 2258 homo,
2866 2210 3052 2248 novam
3106 2200 3420 2262 quamdam,
3494 2193 3747 2250 nobiscum

2178 2265 2556 2336 conuersando,
2586 2263 2938 2336 rdeivirilyemﬁ,
2981 2264 3324 2336 Θεανᾷρικήν,
3401 2270 3745 2334 operationem

2174 2335 2477 2391 exhibebat.
2513 2335 2594 2389 Ad
2626 2349 2746 2401 qua:
2775 2335 2854 2406 sic
2896 2335 2985 2388 ille
3015 2353 3028 2388 :
3067 2353 3085 2386 t
3112 2333 3295 2406 Pergit
3322 2333 3639 2392 ementitus
3664 2355 3748 2390 au—

2173 2416 2316 2468 ctor,
2371 2407 2666 2472 statimque
2715 2405 2900 2460 subdit
2935 2419 3057 2475 quae
3111 2405 3281 2476 magis
3335 2425 3517 2462 unam
3558 2411 3746 2462 deitatis

2173 2476 2644 2544 humanitatisque
2712 2485 2960 2528 naturam
3037 2480 3398 2543 compositam
3486 2487 3745 2541 astruuut,

2173 2556 2395 2616 propter
2417 2547 2592 2599 mist:e
2615 2546 2772 2598 unius
2795 2560 2859 2600 ac
2888 2545 3156 2601 Deivirilis
3180 2549 3534 2615 operationis
3560 2565 3745 2609 vocem,

2173 2631 2337 2685 quam
2373 2616 2488 2686 ipse
2520 2616 2765 2670 omnium
2798 2617 3007 2686 primus
3038 2618 3263 2672 invexit.
3291 2635 3310 2669 ι
3336 2618 3571 2673 Miratio
3603 2621 3747 2679 subit,

2173 2687 2344 2758 asseri
2385 2705 2414 2738 a
2448 2685 2744 2758 Lequieno,
2777 2688 2994 2741 mistam
3024 2703 3182 2741 unam
3208 2704 3272 2742 ac
3303 2690 3615 2743 deinirilem
3637 2707 3750 2758 opr-

2176 2757 2444 2811 rationem
2474 2757 2660 2810 abillo
2698 2768 2924 2812 auctore
2963 2759 3258 2822 invectam,
3291 2761 3390 2826 qui
3432 2777 3548 2814 non
3584 2757 3748 2820 unam,

2174 2828 2267 2882 sed
2296 2843 2484 2900 novam
2511 2830 2796 2900 quamdam
2839 2829 3076 2900 appellat
3130 2829 3446 2900 Deivirilem
3487 2833 3750 2900 operatio-

2177 2910 2323 2952 nem.
2347 2896 2750 2951 Animadvertit
2783 2897 2983 2953 ibidem
3014 2901 3128 2967 ipse
3171 2896 3543 2956 doctissimus
3575 2914 3751 2956 auctor

2174 2968 2380 3038 Cyrum
2438 2967 2874 3021 Alexandrinum
2933 2969 3395 3024 anathematismo
3447 2970 3500 3038 7,
3531 2984 3590 3026 et
3635 2972 3750 3026 Ser-

2175 3052 2324 3107 gium
2352 3037 3015 3107 ConstantinopoliIanum
3045 3042 3097 3092 in
3138 3039 3367 3107 epistola
3399 3037 3744 3097 ad’eumdcm

2175 3110 2400 3182 Cyrum,
2431 3111 2595 3161 ambo
2623 3107 3100 3182 Monotbelitarum
3150 3110 3429 3182 haereseos
3495 3125 3750 3182 patronos

2178 3179 2506 3246 praecipuos,
2537 3186 2596 3231 ut
2618 3181 2766 3232 virus
2817 3194 2974 3232 sumn
3011 3181 3077 3234 de
3109 3195 3214 3234 una
3239 3180 3452 3237 Christi
3482 3179 3750 3237 voluntate

2177 3259 2234 3302 et
2276 3251 2598 3322 operatione
2637 3249 2841 3302 melius
2886 3249 3260 3322 infunderent,
3297 3253 3551 3322 Dionysii
3596 3254 3751 3322 ipsius

2176 3319 2353 3393 verba
2393 3318 2734 3393 labefactare
2789 3335 2895 3373 non
2953 3318 3585 3393 dubitassezquasique
3617 3318 3750 3385 'vero

2171 3405 2276 3464 nou
2295 3389 2385 3464 eis
2414 3387 2727 3464 sulliceret,‘
2749 3401 3028 3444 auctorem
3062 3393 3224 3464 istum
3254 3387 3444 3446 nosam
3467 3387 3749 3464 quamdam

2169 3459 2462 3512 deivirilem
2511 3460 2893 3526 operationem
2947 3462 3264 3529 protulisse,
3298 3459 3493 3518 vocem
3529 3470 3677 3518 illam
3701 3473 3746 3520 ia

2171 3545 2332 3606 unum
2373 3530 2667 3583 deivirilem
2693 3531 3070 3606 operationem
3101 3544 3365 3588 mutasse.
3398 3534 3518 3588 Cur
3552 3552 3681 3606 ergo
3703 3549 3749 3591 et

2172 3600 2286 3668 ipse
2319 3610 2520 3655 textum
2546 3601 2800 3672 eumdem
2831 3599 3146 3672 labefactat,
3177 3617 3241 3656 ac
3271 3620 3436 3660 unam
3482 3599 3746 3672 enuntiat,

2173 3685 2279 3722 non
2314 3686 2504 3723 novam
2540 3671 2916 3738 operationem
2946 3671 3293 3727 deivirilemi

2239 3741 2408 3818 Addit
2437 3740 2528 3795 ille
2554 3758 2585 3818 _r
2616 3757 2637 3793 ι
2665 3741 2823 3808 Quod
2851 3742 3071 3818 quidem
3103 3759 3440 3818 postremum
3506 3750 3749 3818 epistola

2171 3810 2502 3890 membrum,
2552 3810 2678 3890 licet
2730 3813 3006 3890 sequio_ris
3054 3810 3154 3867 aevi
3184 3814 3412 3890 Patrum
3448 3810 3747 3890 complures

2169 3880 2861 3955 postAScythopohtanum
2910 3880 3202 3948 Joannem,
3250 3887 3458 3955 aliique
3528 3880 3747 3946 subinde

2174 3951 2431 4021 theologi
2463 3953 2529 4006 ad
2569 3968 2765 4007 sanum
2797 3967 3024 4008 sensum
3048 3955 3217 4009 variis
3253 3951 3386 4010 iutei
3402 3967 3746 4024 pretamenus

2175 4024 2478 4096 transferre
2523 4024 2707 4078 cenati
2757 4032 2908 4096 sunt,
2944 4024 3019 4078 ita
3056 4034 3139 4096 rut
3179 4027 3296 4096 jam
3341 4028 3581 4086 Domino
3628 4033 3744 4088 Jesu

2171 4093 2435 4147 deivirilis
2462 4096 2711 4165 operatio
2738 4095 2984 4164 quautam
3016 4093 3226 4165 absque
3258 4098 3386 4152 lidei
3426 4101 3747 4157 detrimento

2171 4165 2536 4238 attribuatur;
2568 4164 2925 4238 nihilominus
2943 4168 3103 4220 obvra
3124 4164 3287 4222 totius
3320 4172 3563 4238 periodi,
3584 4190 3746 4227 niaxi-

2173 4246 2259 4310 me
2276 4236 2392 4310 _ubi
2419 4249 2542 4310 cum
2574 4237 2793 4310 iisquae
2820 4250 3221 4310 praecesserunt
3269 4236 3657 4310 comparatur,
3677 4247 3745 4297 si-

2171 4305 2512 4374 gniﬁcantia,
2545 4305 2908 4383 nihil’prteter
2936 4309 3099 4383 unius
3149 4319 3357 4364 natura:
3403 4305 3743 4383 composita,

2174 4391 2228 4450 In
2270 4391 2391 4450 _qua
2459 4384 2639 4431 tamen
2691 4380 2872 4446 potior
2909 4379 3001 4443 sit,
3055 4381 3463 4450 humanamque
3519 4379 3745 4441 involvat

2170 4447 2451 4510 divinitas,
2490 4451 2850 4524 assertionem
2888 4460 3306 4524 repraesentat.»
3340 4447 3414 4505 Ᾰι
3461 4471 3589 4524 qua:
3622 4472 3744 4524 pra:-

2172 4527 2460 4571 cesseruut
2504 4519 2688 4574 omnia
2735 4537 2788 4573 lll
2823 4521 3070 4588 epistola:
3110 4532 3398 4587 contextu,
3441 4519 3556 4578 non
3597 4519 3743 4580 u'utus

2172 4587 2377 4666 Christi
2429 4598 2641 4666 natura
2672 4587 3039 4666 assertionem
3089 4605 3542 4666 reprwsentaut:
3584 4613 3741 4666 neque

2173 4658 2465 4735 verbuluur
2481 4660 2657 4735 ‘adest
2685 4661 3119 4735 quodnamram
3144 4663 3346 4716 Christi
3383 4666 3456 4717 ita
3484 4658 3742 4735 compost-

2171 4739 2280 4783 tam
2305 4729 2622 4800 signiticet,
2653 4741 2711 4784 ut
2743 4731 2923 4799 potior
2958 4741 3136 4785 tatnen
3189 4743 3263 4786 stt
3311 4737 3524 4800 divina,
3549 4729 3741 4792 et'hxc

2168 4798 2414 4853 involvat
2435 4798 2758 4866 humanam,
2779 4810 2834 4855 et
2854 4801 2968 4857 haec
3002 4805 3240 4856 buinana
3262 4819 3324 4858 se
3349 4798 3554 4861 habeat
3583 4814 3741 4862 instar

2169 4871 2518 4948 instrumenti
2544 4871 2828 4948 inanimis,
2858 4887 2956 4940 per
2983 4878 3127 4943 quod
3160 4876 3426 4931 divinitas
3456 4893 3738 4948 aperietur;

2169 4955 2272 5018 nec
2329 4940 2450 5018 aliae
2498 4956 2529 4994 a
2574 4953 2764 5018 natura
2787 4940 3035 5018 humana
3087 4957 3442 5011 operatioues
3482 4940 3741 5018 proﬂuunt

2169 5013 2275 5085 nisi
2308 5012 2526 5077 divinas,
2555 5027 2679 5080 qua:
2705 5013 2989 5068 imitentur
3017 5031 3083 5070 ac
3125 5018 3418 5085 suppleam
3457 5012 3738 5075 iiutuanas.

2166 5081 2311 5138 Hinc
2363 5095 2498 5136 vero
2541 5092 2876 5151 postremum
2917 5081 3575 5154 Epistulae—membrum,
3628 5097 3738 5146 sive

2168 5163 2520 5232 epinp‘aretur
2562 5168 2685 5207 eum
2745 5159 3204 5232 praecedentibus,
3239 5164 3357 5213 sive
3410 5165 3578 5216 obvia
3633 5180 3742 5232 eius

2170 5223 2541 5293 signiﬁcantia
2570 5223 3097 5304 erpendaturmtibil
3146 5240 3296 5284 certe
3327 5234 3514 5288 minus
3548 5223 3740 5304 repre-

2169 5305 2563 5370 sentat,_quam
2584 5294 3010 5370 Motmphysitica
3037 5313 3367 5356 commenta.

2234 5367 2322 5420 Ad
2373 5366 2548 5435 ipsam
2605 5366 3241 5437 novam'tbeaudrtcam,
3272 5390 3370 5428 seu
3429 5374 3740 5430 Deivirilem

2165 5436 2542 5506 Operationem
2559 5442 2793 5516 accedo.
2838 5441 3016 5516 voces
3052 5445 3194 5500 istas
3225 5436 3335 5499 tam
3363 5462 3564 5514 parum
3592 5458 3741 5516 aptas

2167 5517 2234 5586 ad
2273 5511 2668 5586 arcessendum
2698 5512 2895 5566 unitati
2925 5523 3158 5582 naturae,
3181 5529 3237 5572 et
3279 5511 3740 5586 operatioiiis'pa-

2170 5580 2464 5656 trocmiqu
2512 5581 2902 5656 existimat/ere
2951 5580 3149 5656 Cyrus
3186 5580 3738 5652 Alexandrinum-et

2169 5649 2394 5721 §er~gius
2423 5649 3066 5721 Constatitinopolitatms
3089 5659 3253 5713 ambo
3287 5649 3663 5712 Monothelitie
3690 5671 3740 5711 et

2164 5717 2563 5795 Monophysita:
2596 5734 2695 5778 :ut
2718 5717 2827 5805 .ill'e
2861 5741 2880 5775 ι
2905 5741 3101 5805 novam
3125 5729 3523 5805 Aimmutaudo,
3579 5743 3738 5781 uuam

2165 5805 2266 5860 pro
2292 5809 2432 5849 nova
2460 5798 2755 5850 asseruerit
2775 5817 2789 5849 ς
2813 5815 2832 5849 ι
2861 5807 2916 5852 et
2943 5798 3046 5852 iste
3077 5815 3097 5849 ι
3123 5800 3565 5854 immutationem
3593 5814 3743 5852 novze

2166 5865 2520 5932 eonlirmans,
2555 5868 2865 5922 Deivirilem
2897 5872 3272 5938 amputaverit
3295 5871 3514 5939 penitus
3539 5884 3738 5930 vocem.

2168 5947 2330 5994 unam
2363 5940 2608 5998 absolute
2636 5942 2688 5996 iu
2722 5941 2945 5998 Christo
2976 5949 3088 5999 Deo
3119 5944 3498 6012 dogmatisaus
3547 5958 3740 6011 opera-
