3870 6596
113 487 248 543 ίύϐθ

1033 490 1352 546 ἫΝΒΗΣΙᾹΞ
1393 489 1677 547 OPERI'M
1714 491 2396 550 AREOI’AGITICORUM.

3223 492 3363 548 1070

117 613 342 686 tionem.
375 631 396 665 ι
427 609 710 686 Il_a‘.c_sunt
739 613 904 666 verba
952 613 1170 668 Martini
1210 615 1436 668 Romani
1472 615 1690 686 pontili-
1719 627 1760 681 Α
1791 617 1882 684 qui
1915 617 2366 685 quemadmodum
2401 616 2541 671 Deus
2563 613 2722 670 simul
2754 625 2809 670 et
2842 616 3005 670 homo
3025 625 3129 681 est,
3162 615 3236 669 ita
3268 632 3366 670 na-

114 683 195 735 cis
235 683 282 736 in
310 684 516 752 synodo
553 683 931 748 Laterauensi,
965 686 1366 739 consultatione
1395 687 1450 739 '5.

184 753 384 806 Novam
415 768 546 824 ergo
572 769 637 807 ex
675 753 1058 811 Incarnatione
1096 755 1217 809 Filii
1263 757 1353 808 Dei
1401 757 1678 824 operatio-

112 843 236 880 nem
269 822 592 896 Deivirilein
637 826 957 896 apparuisse
1003 827 1168 879 docet
1219 826 1387 896 679
1437 822 1675 880 auctor:

111 896 450 960 quidnivero
475 895 546 946 ita
567 895 833 958 docuerit,
860 911 982 951 cum
1010 897 1170 964 plane
1195 895 1330 949 nova
1353 895 1432 951 iac
1457 897 1684 951 mirabi-

113 968 178 1019 lis
212 965 348 1018 facta
384 965 549 1018 fuerit
593 965 824 1019 duarum
873 979 1194 1021 naturarum
1236 969 1288 1020 in
1334 981 1444 1019 uno
1480 983 1683 1034 suppo-

112 1039 225 1091 sito
265 1035 470 1090 unitio?
505 1034 558 1087 Id
613 1051 783 1102 genus
829 1039 1208 1106 operationmn
1260 1046 1511 1091 naturam
1560 1051 1685 1104 pro-

113 1109 390 1175 priamque
441 1106 700 1170 in’dolem,
735 1109 856 1174 quae
891 1107 1176 1162 Deiviriles
1207 1123 1301 1161 seu
1343 1107 1683 1161 theandricm

112 1179 472 1248 appellantur,
527 1187 728 1248 p_r:eter
769 1175 1034 1232 Joannem
1084 1177 1592 1248 Scylhopolitanum
1631 1186 1686 1231 et

115 1247 407 1302 Maximum
440 1248 493 1300 in
543 1245 793 1318 Schorliis,
822 1248 1064 1318 aliusque
1109 1245 1318 1302 veteres
1347 1249 1684 1302 orthodoxos

116 1321 326 1379 Patres,
358 1319 450 1387 qui
504 1317 873 1388 Eutychianos
913 1317 1397 1372 et’Monothelitas
1448 1317 1683 1372 insecuti

116 1401 283 1452 Stlltl.
335 1400 444 1442 tam
501 1387 777 1442 luculenta
823 1390 1071 1442 oratione
1120 1397 1384 1442 enarrant
1428 1387 1686 1442 Petavius

118 1463 258 1514 libro
304 1476 401 1514 vin
455 1458 530 1512 De
561 1459 931 1512 incarnatione
958 1475 984 1512 a
1015 1459 1195 1528 capite
1229 1457 1317 1522 IO,
1339 1466 1393 1511 et
1412 1457 1684 1512 Thomas-

115 1534 265 1585 sinus
320 1531 461 1583 libro
487 1545 543 1583 vr
577 1545 604 1581 a
633 1529 812 1598 capite
858 1529 910 1590 8.
951 1539 1010 1583 ut
1045 1531 1244 1581 mirum
1295 1528 1365 1582 sit
1404 1538 1683 1598 auctorem

115 1601 616 1670 Areopagiticorum
643 1596 863 1668 propter
881 1615 943 1654 ea
986 1600 1170 1670 verba,
1195 1612 1313 1670 quae
1332 1596 1683 1670 multiplicem

116 1666 354 1726 effr-runi
393 1666 720 1724 catholicum
747 1666 1017 1731 sensum,
1047 1670 1113 1722 ad
1147 1666 1406 1720 invidiam
1450 1666 1683 1721 traduci.

115 1741 289 1795 Pauca
329 1742 515 1809 paucis
551 1739 733 1793 verbis
767 1739 949 1794 delibo
988 1753 1114 1807 ego.
1152 1737 1370 1804 Triplex
1416 1738 1686 1809 operatio-

116 1829 244 1889 num
277 1805 476 1889 Christi
502 1825 671 1889 genus
711 1805 1078 1889 discernitur;
1111 1823 1321 1869 earum,
1349 1823 1470 1889 qua:
1497 1805 1687 1860 Deita-

115 1884 188 1938 tis
239 1893 382 1950 sunt,
432 1878 571 1936 sir'ut
605 1881 864 1932 mundum
897 1894 1116 1941 creare;
1162 1893 1348 1950 earum
1381 1878 1533 1950 item,
1566 1893 1686 1948 qua:

1794 696 1928 740 tui-te
1955 688 2176 767 propria
2231 689 2517 751 utriusque
2568 688 2792 758 exsequi
2823 687 3045 742 dicitur.
3083 687 3360 742 Latiorem

1786 767 2142 826 praetermitto
2172 771 2508 810 SCI‘IIIOI'ICIII.
3189 771 3196 779 ”

1857 828 2407 881 Animadvertendum
2451 836 2533 882 est
2591 827 2656 881 ad
2698 827 2750 882 id
2789 842 3060 882 summam
3099 829 3361 897 qumstio-

1785 899 1870 951 nis
1916 898 2107 964 redigi,
2145 909 2326 950 utrutn
2373 897 2675 952 deivirilem
2725 900 3101 966 operationem
3162 898 3359 951 Monoo

1787 969 2274 1038 physiticosensn
2313 968 2512 1021 dixerit
2560 969 3071 1037 Areopagiticorum
3135 979 3359 1030 auctor,

1788 1035 2145 1103 ut'operatio,
2168 1035 2550 1107 quamcunque
2575 1035 2830 1092 Christus
2886 1040 3097 1099 ederet,
3129 1053 3230 1092 nec
3258 1041 3363 1090 hu-

1789 1118 2146 1184 aliamnesset,
2184 1123 2285 1160 nec
2329 1108 2534 1184 divina,
2593 1108 2812 1184 tametsi
2865 1110 2933 1164 ab
2987 1109 3365 1164 homine-Deo

1785 1174 2164 1241 proficiscens;
2185 1188 2371 1247 verum
2392 1181 2549 1232 tertia
2582 1177 2830 1247 quaedam
2861 1195 2928 1234 ex
2960 1190 3194 1247 utraque
3238 1194 3369 1232 coa-

1786 1255 2085 1318 galeritata,
2107 1258 2163 1318 ut
2181 1246 2548 1318 Monothelitte
2577 1246 2818 1302 nonnulli
2840 1246 3237 1318 loquebantur;
3275 1248 3364 1301 vel

1788 1317 2026 1370 divinam
2063 1317 2304 1385 quidem,
2340 1319 2434 1388 sed
2493 1335 2591 1388 per
2639 1317 3033 1373 humanitatem
3086 1320 3264 1388 edita.
3301 1334 3368 1371 ac

1787 1388 2065 1454 propriam
2095 1388 2354 1455 suppleas
2401 1387 2759 1443 humanitatis
2787 1391 3192 1458 operationem.
3227 1387 3365 1442 Tam

1787 1458 2056 1510 absurdos
2087 1471 2282 1512 sensus
2329 1459 2381 1512 in
2429 1458 2833 1582 Areopagiticis
2875 1462 3058 1514 verbis
3095 1459 3368 1514 invenerit

1790 1541 1970 1582 nemo.
2008 1527 2112 1580 nisi
2141 1529 2231 1582 aui
2260 1529 2424 1582 verba
2466 1531 2578 1582 ipsa
2616 1544 2644 1582 a
2712 1530 2762 1582 id
2787 1530 3207 1582 simnilicandum
3250 1541 3364 1582 tor-

1790 1541 1970 1590 neino,
2008 1527 2112 1580 nisi
2141 1529 2231 1596 qui
2260 1529 2424 1584 verba
2466 1527 2594 1597 ipsa
2616 1527 2684 1582 ad
2712 1530 2762 1582 id
2787 1530 3207 1598 signiﬁcandum
3250 1541 3364 1584 tor-

1788 1607 1975 1668 queat,
2011 1599 2154 1666 quod
2192 1599 2415 1652 minime
2469 1600 2806 1668 signiﬁcant.
2840 1603 2932 1654 Ait
2958 1615 3094 1654 vero
3127 1608 3322 1654 auctor
3350 1617 3362 1651 :

1788 1665 2051 1720 Caeterum
2076 1668 2275 1731 divina,
2300 1684 2406 1722 non
2437 1665 2545 1736 qua
2571 1669 2712 1724 Deus
2750 1673 3033 1737 patrabat;
3063 1687 3228 1738 neque
3269 1671 3368 1724 hu-

1788 1753 1971 1810 mana,
2017 1749 2290 1810 quatenus;
2316 1742 2471 1792 homo
2522 1741 2892 1809 gerebat;sed
2949 1751 3209 1810 quatenus
3257 1751 3370 1793 erat

1791 1806 1932 1859 Deus
1965 1818 2013 1860 et
2046 1810 2221 1863 homo.
2275 1808 2446 1862 Porro
2478 1806 2831 1878 quurrendum
2865 1806 2971 1874 est,
3014 1827 3142 1864 num
3179 1812 3368 1864 divina

1792 1893 1916 1951 cum
1946 1889 2190 1945 patraret
2242 1879 2518 1945 Christus,
2554 1896 2604 1932 v.
2660 1897 2713 1951 ε.
2778 1882 3017 1950 regendo
3080 1883 3370 1939 mundum,

115 1947 476 2038 humanitatis
531 1951 770 2034 propria!
822 1960 971 2038 sunt,
1015 1949 1183 2034 .velut
1233 1949 1421 2028 cdere,
1462 1949 1682 2038 ‘bibere,
1722 1978 1765 2038 Β
1796 1947 1909 2000 haec
1939 1963 2137 2038 lrevera
2170 1965 2275 2038 non
2323 1961 2472 2031 esset
2521 1947 2766 2038 operatio
2801 1947 3009 2038 divina,
3059 1954 3152 2006 sed
3211 1951 3370 2005 tertia

114 2024 284 2094 loqui,
322 2023 469 2094 ﬂere,
508 2019 652 2092 pati;
685 2035 872 2094 earum
905 2022 1162 2088 denique,
1203 2033 1323 2086 qua:
1354 2019 1526 2094 mista:
1564 2030 1689 2074 sunt

113 2088 521 2161 quodammodo
559 2107 625 2146 ex
679 2093 963 2159 utriusque
1034 2101 1244 2144 naturae
1285 2088 1562 2157 conlluxu,
1631 2100 1694 2145 ut

114 2175 264 2220 tactu
297 2164 478 2221 carnis
502 2171 775 2219 mortuum
811 2163 1175 2216 easuscitare.
1406 2170 1410 2174 '

185 2237 430 2290 Fuerunt
460 2245 703 2288 veterum
732 2233 1014 2297 nonnulli,
1044 2231 1137 2300 qui
1174 2229 1529 2284 theandricas
1556 2245 1688 2300 Ope-

112 2309 359 2362 rationes
389 2305 763 2373 intelligerent
795 2301 990 2357 mistas
1035 2303 1151 2356 illas
1193 2310 1401 2373 tantum
1421 2318 1445 2373 _:
1477 2317 1587 2373 qua
1624 2305 1690 2357 de

111 2395 172 2432 re
198 2379 485 2432 diﬂicultas
521 2371 690 2442 nulla,
715 2388 841 2427 cum
891 2383 1112 2442 tangere
1137 2388 1188 2426 v.
1215 2387 1269 2441 ε.
1303 2371 1373 2424 sit
1420 2371 1683 2442 hominis,

116 2451 208 2502 Dei
237 2458 417 2502 autem
445 2441 684 2499 excitare
711 2446 1010 2498 mortﬁum.
1032 2443 1101 2496 At
1127 2441 1462 2510 Operationis
1497 2441 1687 2494 thean-

113 2521 280 2573 drica:
340 2531 529 2572 vocem
581 2516 748 2570 latius
791 2525 998 2583 patere,
1051 2527 1284 2581 seseque
1321 2513 1384 2564 ad
1419 2512 1521 2564 alia
1555 2527 1685 2580 ope-

115 2592 389 2644 ratiounm
429 2602 627 2656 genera
658 2584 1008 2655 protendere,
1033 2587 1253 2656 egregie
1289 2596 1355 2656 ac
1398 2583 1686 2656 perspicue

110 2651 457 2732 patefaciuni
498 2651 699 2732 laudaii
729 2656 1044 2722 scriptores,
1076 2669 1141 2708 ac
1177 2651 1414 2732 theologi
1439 2666 1647 2732 omnes.

185 2731 296 2784 Cur
325 2729 468 2783 enim
504 2729 738 2779 humana
763 2740 992 2794 quaeque
1028 2725 1273 2794 operatio
1312 2722 1417 2775 dici
1454 2737 1559 2794 non
1593 2725 1686 2776 de-

112 2803 237 2856 beat
272 2797 610 2860 theandrica,
643 2793 990 2850 cum’eadem
1016 2793 1177 2848 sicuti
1205 2811 1232 2846 a
1261 2805 1454 2845 natura
1494 2793 1684 2845 huma-

112 2888 211 2933 na,
247 2872 322 2924 ita
345 2878 402 2922 et
427 2885 457 2922 a
491 2882 720 2936 persona
754 2867 937 2922 divina
963 2861 1443 2936 proﬁcisceretur?
1477 2860 1687 2936 Norunt

111 2932 449 3010 ιιιιὶΙοιιορΙιί,
481 2932 830 2992 consentiunt
880 2932 1116 3006 theologi
1161 2932 1678 3010 quique_,_nullam,

111 3004 218 3066 nisi
270 3004 682 3071 subsiStentem,
730 3021 895 3076 agere
944 3004 1195 3060 naturain
1247 3004 1563 3072 quidpiam;
1614 3019 1680 3057 ac

111 3085 270 3152 prius
299 3079 516 3152 deliniri
539 3095 602 3130 ac
627 3077 907 3152 terminari
936 3078 1394 3152 illam_oportere,
1422 3084 1683 3152 certaque

109 3145 455 3208 consistendi
482 3150 816 3218 proprietate
845 3146 1129 3212 devinciri,
1160 3145 1680 3218 quatnl'uuctionent

109 3224 282 3277 ullam
319 3214 597 3289 praestare
610 3218 814 3286 possit;
839 3234 903 3273 ae
949 3214 1284 3289 personalem
1313 3214 1530 3289 demum
1557 3229 1681 3289 pro-

112 3285 430 3364 prietatem,
455 3289 553 3343 etsi
585 3285 683 3358 per
716 3303 776 3343 se
806 3297 860 3344 et
910 3285 1134 3364 praecise
1156 3285 1448 3364 loquendo,
1481 3300 1584 3336 non
1612 3285 1682 3337 sit

108 3357 306 3417 emc'ax
352 3369 408 3414 et
440 3357 687 3424 actuosa,
719 3375 838 3414 eam
873 3357 1050 3413 tamen
1085 3359 1193 3412 vim
1235 3357 1455 3421 habere,
1491 3364 1549 3406 ut
1587 3372 1677 3406 na-

113 3444 298 3487 turam
322 3432 562 3484 alliciens
593 3439 649 3484 et
687 3430 967 3499 complens
997 3446 1059 3482 ac
1085 3427 1411 3499 terminans,
1439 3425 1685 3499 eamdem

110 3506 186 3557 ad
233 3505 502 3583 agendum
538 3497 860 3583 instructam
891 3511 946 3583 et
990 3500 1252 3583 idoneam
1305 3497 1519 3583 reddat.
1557 3497 1688 3583 quae

108 3589 244 3628 cum
269 3566 343 3626 ita
371 3587 431 3625 se
463 3571 728 3634 habeant,
768 3582 961 3638 sponte
989 3570 1119 3624 illttd
1152 3570 1346 3630 oritur,
1390 3577 1449 3620 ut
1491 3566 1687 3634 quaeh-

106 3645 209 3700 bet
230 3644 376 3696 aetio
405 3640 610 3696 Christi
647 3641 831 3695 divina
863 3642 956 3706 sit,
987 3642 1153 3694 etiam
1213 3638 1300 3692 illa
1359 3653 1483 3706 qua:
1540 3649 1688 3690 mere

107 3723 200 3778 est
231 3715 508 3776 humana;
535 3725 821 3780 propterea
855 3711 998 3780 quod
1039 3711 1350 3763 humanitas
1380 3721 1688 3780 eatu__exer-

107 3775 243 3840 cere
276 3784 362 3840 vel
413 3775 650 3852 perpeti,
688 3782 790 3834 uisi
843 3775 1024 3836 divina
1065 3780 1225 3833 Verbi
1259 3775 1530 3852 personati
1562 3791 1688 3844 pro-

107 3858 355 3925 prietate
397 3851 586 3908 alfecta
629 3860 683 3905 et
722 3853 994 3925 completa
1043 3865 1108 3904 ac
1160 3851 1541 3925 determinata
1576 3862 1685 3925 non

108 3917 320 3998 potest.
359 3926 528 3998 Adest
546 3917 1012 3998 ergonorihodoxo
1041 3921 1284 3998 apprime
1315 3934 1479 3998 sensu
1511 3917 1686 3998 dein-

107 3990 235 4052 rilis
277 3995 522 4066 operatio
571 3993 625 4046 in
667 3992 908 4066 Christo,
939 4007 986 4047 ν.
1020 4009 1069 4061 g.
1104 3993 1332 4066 locutio,
1361 3990 1690 4066 loquebatur

105 4069 265 4123 enim
296 4059 439 4120 Deus
469 4065 663 4128 homo;
691 4063 996 4132 eademque
1015 4059 1268 4130 operatio
1297 4059 1688 4132 proﬁcisceba-

106 4151 205 4192 tur
231 4147 291 4190 et
321 4137 390 4191 ab
435 4137 800 4196 humanitate,
827 4143 884 4188 et
908 4130 943 4186 a
969 4147 1202 4202 persona
1249 4134 1464 4194 divina;
1491 4132 1560 4202 ab
1586 4130 1688 4182 ista

106 4220 173 4262 ut
213 4225 244 4262 a
280 4205 586 4278 supposito,
622 4201 1073 4278 quodloquitur;
1096 4205 1163 4257 ab
1196 4203 1380 4278 i_l_la‘nt
1411 4219 1441 4254 a
1479 4201 1690 4278 printer

104 4281 230 4351 pio,
271 4273 646 4351 quo'persona
683 4276 882 4351 divina
907 4276 1173 4351 loquitur.
1206 4273 1312 4351 Sed
1359 4281 1418 4327 et
1452 4273 1543 4351 alii
1600 4273 1693 4324 de-

107 4343 270 4412 inum
288 4343 433 4402 sunt
462 4348 623 4410 modi,
649 4347 806 4415 queis
833 4346 1091 4398 divinitas
1116 4359 1236 4398 sese
1268 4343 1523 4396 humanis
1555 4355 1689 4415 Oppe—

106 4419 430 4475 ratiouibus
463 4412 801 4482 infundebat,
838 4431 932 4470 eas
963 4417 1199 4484 regendo
1239 4428 1302 4466 ac
1337 4412 1688 4484 inoderando,

103 4491 312 4560 eisque
342 4489 658 4559 dignitatem
691 4487 986 4541 maximam
1030 4483 1097 4540 ac
1127 4485 1401 4538 iuliuitum
1452 4483 1690 4552 pretium

102 4562 595 4616 communicando.

185 4631 419 4689 Divinas
450 4631 617 4698 ipsas,
647 4643 769 4698 quae
798 4637 1114 4699 supersunt,
1138 4639 1208 4699 ac
1241 4632 1368 4678 sunt
1398 4621 1491 4699 Dei
1528 4619 1688 4699 Verbi

101 4694 509 4771 operatioues',
567 4694 933 4771 multifariam
996 4697 1287 4771 multisque
1345 4694 1522 4771 modis
1582 4694 1689 4771 dici

105 4763 695 4842 theandricas'posse,
734 4770 938 4842 laudati
988 4763 1292 4836 scriptores
1339 4764 1559 4842 egregie
1591 4763 1690 4818 de-

101 4845 350 4902 clarant.
390 4834 686 4896 Rationem
708 4841 998 4909 duplicem,
1037 4834 1200 4909 quiain
1229 4834 1466 4909 _veteres
1499 4834 1690 4909 Patres

99 4922 425 4984 exponunt,
461 4913 646 4981 paucis
676 4905 900 4984 exhibet
940 4905 1593 4984 Joannespaniasceuus
1624 4905 1690 4958 li—

100 4978 216 5042 bro
261 4999 322 5037 ιιι
376 4978 583 5050 Deliae
619 4983 936 5046 orthodoxa,
968 4988 1147 5052 capite
1188 4979 1272 5052 εξ).
1306 4978 1602 5052 ΔΝιιιιιιιιιιει
1637 4986 1693 5030 et

99 5071 250 5112 caro
285 5048 548 5121 vicissim,
584 5056 679 5117 ait,
709 5068 831 5107 cum
876 5048 1140 5122 operante
1192 5049 1375 5122 Verbi
1404 5048 1692 5102 divinitate

99 5125 562 5182 communicabat
583 5141 598 5177 :
619 5137 730 5176 tum
757 5125 881 5192 quia
915 5121 1014 5193 per
1045 5137 1262 5194 corpus,
1297 5121 1689 5194 velutinstruf

101 5207 368 5252 mentum
390 5198 687 5264 quoddam,
711 5187 934 5250 divinas
949 5187 1197 5248 actiones
1227 5196 1380 5260 (puta
1406 5187 1690 5264 miracula)

96 5261 422 5328 elliciebat;
463 5277 574 5319 tum
621 5267 748 5334 quia
801 5282 948 5322 unus
991 5267 1243 5333 idemque
1289 5270 1429 5322 erat,
1479 5261 1571 5334 qui
1618 5273 1693 5334 et

98 5342 308 5393 divino
333 5341 496 5392 simul
525 5349 580 5390 et
613 5331 852 5390 humano
875 5337 1034 5390 modo
1060 5331 1417 5404 operabatur.
1436 5349 1466 5404 γι
1501 5331 1695 5404 natio-

100 5425 241 5464 nem
281 5413 427 5462 hanc
469 5409 824 5475 posteriorem
851 5411 1074 5475 adoptat
1098 5401 1573 5475 'Anselmuslibro
1618 5401 1694 5453 De

96 5472 692 5540 sacramentoaltaris,
717 5479 898 5548 capite
917 5472 973 5532 5:
995 5496 1013 5529 t
1042 5475 1248 5529 Natura
1272 5472 1475 5548 carnis,
1496 5472 1689 5548 inquit,

94 5567 178 5608 ex
214 5567 334 5619 quo
362 5565 574 5603 summe
605 5549 682 5602 illi
717 5543 1104 5619 naturatmrita
1147 5556 1252 5612 est,
1289 5545 1340 5598 in
1388 5551 1538 5595 tanta
1572 5543 1694 5595 uui-

99 5634 225 5677 tate
256 5630 316 5674 et
357 5622 426 5675 ab
459 5625 574 5688 ipso
619 5633 890 5692 conceptu
921 5618 1155 5688 Virginis
1190 5627 1274 5692 est
1306 5624 1592 5682 concepta,
1632 5622 1692 5667 ut

99 5708 214 5748 nec
252 5693 378 5745 sine
437 5692 660 5746 homine
713 5690 921 5755 divina,
953 5707 1053 5745 nec
1088 5692 1205 5744 sitie
1240 5690 1347 5742 Deo
1399 5696 1694 5754 agerentur

98 5770 400 5828 humana;
434 5775 490 5816 et
523 5777 621 5830 per
671 5765 811 5817 hanc
873 5763 1138 5816 unitatem
1187 5761 1353 5814 etiam
1411 5758 1464 5809 iu
1496 5757 1693 5830 diebus

96 5836 306 5889 carnis
336 5826 450 5887 suae
480 5826 643 5886 homo
674 5834 930 5889 Christus
966 5833 1141 5901 potuit
1189 5831 1398 5885 divina.
1433 5845 1454 5879 ι
1485 5826 1691 5881 Christi

97 5919 362 5972 namque
416 5904 788 5972 operationes,
833 5919 1065 5975 quarum
1098 5904 1219 5958 alia:
1251 5913 1380 5957 sunt
1412 5902 1692 5975 humanae,

96 5979 238 6032 ante
272 5983 406 6031 sunt
435 5975 652 6043 divinae,
687 5974 924 6034 unius’et
947 5975 1190 6047 ejusdem
1227 5974 1688 6044 suutoperantis;

1796 2019 2062 2085 quaedam,
2093 2034 2191 2074 nec
2226 2020 2437 2085 divina,
2471 2036 2573 2076 nec
2609 2022 3081 2090 humana?Apage
3105 2030 3212 2074 tam
3241 2036 3371 2089 pra-

1797 2103 1922 2161 vdm
1966 2093 2214 2153 sensum”,
2246 2091 2316 2143 ab
2351 2091 2753 2161 Areopagiticis
2808 2093 3157 2161 dogmatibus
3215 2091 3377 2158 longe

1793 2158 2055 2231 alienum.
2094 2161 2216 2212 Pari
2255 2177 2386 2228 ergo
2439 2158 2657 2214 domum
2708 2158 2922 2216 ratione
2977 2163 3230 2217 docuerit
3283 2163 3376 2214 illo

1793 2244 2097 2298 nunquam,
2136 2231 2402 2286 humanas
2432 2231 2635 2285 Christi
2665 2235 3020 2299 Operationes
3066 2249 3175 2285 non
3205 2232 3378 2284 fuisse

1793 2312 1919 2371 vere
1949 2301 2237 2365 humanas,
2269 2303 2362 2355 sed
2395 2302 2615 2356 tertium
2648 2302 2798 2370 quid,
2825 2306 2975 2371 quod
3031 2317 3100 2357 ne
3130 2302 3377 2371 cogitan-

1791 2369 1875 2440 do
1909 2371 2135 2440 quidem
2196 2372 2516 2426 adumbrari
2573 2369 2767 2440 potest.
2820 2369 2928 2428 Sed
2971 2382 3131 2426 erant
3191 2369 3376 2425 t‘aiiien

1791 2439 2074 2494 deiviriles
2125 2441 2479 2508 operationes
2547 2439 2832 2510 multiplici
2913 2443 3222 2498 orthodoxa
3286 2443 3378 2496 illo

1789 2523 1978 2574 sensu,
2007 2525 2172 2580 quem
2208 2513 2342 2566 satis
2374 2512 2805 2567 declarat-imus.

2489 2604 2674 2660 XVIII.

1789 2691 2097 2749 Postremus
2127 2695 2274 2750 locus
2301 2700 2582 2764 opponitur
2611 2716 2676 2753 ea:
2704 2699 2840 2753 libro
2868 2699 2942 2753 Ile
2967 2698 3166 2753 divinis
3201 2703 3378 2755 nomi-

1858 2767 2042 2821 nibus.
2080 2767 2298 2820 Mistam
2329 2775 2618 2837 quamdam
2659 2787 2762 2823 non
2814 2771 3007 2822 invehit
3037 2771 3380 2841 Areopagitiv

1858 2854 2041 2908 cirum
2078 2852 2264 2891 auctor
2303 2841 2658 2907 operationem
2695 2842 2748 2893 in
2779 2841 3013 2901 Christo,
3049 2857 3168 2908 (μιαί
3200 2844 3275 2894 ita
3313 2846 3380 2895 sit

1858 2907 2054 2961 Christi
2091 2911 2332 2976 propria,
2386 2921 2441 2962 ut
2504 2911 2558 2962 in
2604 2927 2720 2964 eam
2769 2907 3106 2964 sanctissima
3145 2910 3381 2966 Trinitas

1859 2980 2061 3030 nullam
2113 2990 2350 3033 exerceat
2389 2981 2739 3050 elﬁcieutiam.
2769 2980 2911 3046 Quid
2943 2981 2999 3033 in
3027 2981 3223 3035 eisdem
3258 2999 3380 3050 ope.

1857 3050 2152 3102 rationibus
2183 3049 2454 3117 praprium
2502 3049 2700 3120 Christi
2743 3053 2930 3120 fuerit,
2954 3052 3080 3120 quid
3127 3049 3381 3108 Triuitati

1855 3134 2146 3180 commune,
2195 3121 2520 3173 declaratur.
2573 3119 2757 3175 Sancti
2795 3119 3010 3175 Thema:
3039 3121 3366 3178 Commenta-

1858 3191 1994 3256 rius,
2026 3200 2073 3242 et
2109 3189 2222 3243 alia
2251 3193 2460 3259 egregia
2488 3190 2730 3259 ejusdem
2759 3193 3080 3246 testimonia.

1855 3281 2022 3352 680
2058 3279 2385 3336 Malesanam
2429 3297 2494 3337 ac
2543 3282 2859 3338 hzereticam
2895 3285 2961 3339 de
2992 3301 3095 3338 una
3146 3285 3237 3341 illa
3277 3291 3390 3344 Do-

1789 3354 1921 3426 mitii
1946 3355 2082 3426 desu
2115 3355 2434 3426 operatione
2468 3355 2773 3426 composita
2806 3359 3148 3426 sententiam
3203 3373 3384 3426 suam,

1788 3423 2064 3491 Lequieno
2090 3423 2133 3476 si
2163 3425 2464 3488 credimus,
2507 3423 2736 3480 vocibus
2765 3425 2892 3479 aliis
2935 3426 3132 3480 iterum
3162 3423 3385 3487 exhibet

1788 3505 1982 3567 auctor
2013 3494 2546 3567 Areopagiticorum,
2575 3509 2698 3563 quae
2723 3511 2847 3567 cap.
2873 3495 2910 3549 2
2945 3495 3020 3549 De
3056 3499 3256 3567 divinis
3285 3519 3383 3556 no-

1789 3564 2045 3627 minibus,
2081 3563 2109 3635 ς
2139 3565 2173 3617 6
2207 3563 2495 3619 habentur.
2531 3566 2670 3619 Sunt
2699 3563 2808 3621 illai
2833 3582 2960 3621 vero
2994 3584 3007 3620 :
3041 3566 3212 3623 Porro
3243 3593 3276 3629 α
3301 3576 3386 3628 be.

1788 3635 2248 3713 nignis‘simafrg‘a
2277 3651 2369 3689 nos
2393 3636 2669 3713 efﬁcientia
2698 3637 2876 3713 divina
2912 3641 3387 3713 s_ecernitur,quotl

1787 3707 1898 3772 ipse
1924 3705 2066 3758 Deus
2085 3703 2347 3786 .Verbum,
2373 3703 2463 3774 qui
2492 3722 2654 3773 supra
2677 3709 3030 3786 substantiam
3055 3721 3155 3786 est,
3186 3703 3387 3786 iniegre

1788 3791 1852 3827 ac
1896 3791 2032 3839 vere,
2068 3779 2230 3843 juxta
2270 3791 2332 3827 ac
2379 3792 2499 3838 nos,
2532 3787 2689 3844 atque
2719 3781 2784 3830 ea:
2823 3779 2971 3832 nobis
2995 3779 3386 3839 substantiaius

1789 3845 1949 3911 fuerit
1967 3848 2298 3924 ;_egeritque,
2326 3860 2677 3924 et_perpe_ssus
2712 3849 2802 3910 sit,
2829 3864 2948 3924 qua:
2980 3849 3079 3918 τῆς
3110 3851 3390 3924 ἀνθρωπί-

1789 3933 1891 3989 γης
1940 3915 2104 3968 αὐτοῦ
2150 3914 2503 3989 Αθεουργίαςί
2550 3914 3386 3989 humano-dirimi:‘opera'tionis

1790 3986 1959 4052 ipsius
1997 3987 2268 4055 praecipua
2290 3999 2411 4040 sunt
2443 3999 2494 4041 et
2522 3989 2841 4056 singularia.
2867 3987 2934 4040 In
2957 3989 3038 4042 his
3080 3986 3214 4045 nihil
3240 4011 3379 4049 com-

1791 4073 1948 4136 mune
1991 4059 2188 4136 habuit
2229 4058 2516 4136 Pater,_ac_
2542 4057 2772 4136 Spiritus
2811 4069 3064 4136 sanctus,
3111 4064 3213 4136 nisi
3267 4070 3387 4136 quis

1790 4127 1958 4200 dicat,
1991 4127 2738 4200 secundumbenignissimum
2778 4130 3123 4186 voluntatem.
3157 4127 3388 4192 Inviola-

1792 4197 1957 4251 bilem
1986 4198 2244 4276 Ecclesia:
2274 4197 2581 4276 doctrinam
2628 4214 2751 4254 esse
2793 4203 3020 4276 adnotat
3049 4203 3385 4276 Lequienus,

1791 4278 2016 4347 externa
2051 4269 2257 4347 quaevis
2304 4268 2532 4323 Deitatis
2563 4285 2732 4336 opera
2768 4272 2942 4325 tribus
2974 4268 3225 4342 personis
3259 4268 3388 4347 per;

1792 4339 1919 4392 iude
1942 4341 2250 4392 communia
2281 4355 2440 4404 esse;
2476 4351 2536 4393 ut
2564 4355 2906 4410 quaecunque
2936 4339 3196 4400 niiracula
3222 4339 3388 4402 C'hri-

1794 4418 1934 4470 stus,
1963 4411 2130 4463 etiam
2177 4412 2427 4463 adhibita
2477 4426 2669 4472 carne,
2711 4414 2968 4476 ediderit,
2998 4419 3189 4470 eadem
3221 4418 3389 4475 Pater

1793 4481 2407 4553 etASpiritusAsanctus
2439 4481 2603 4553 simul
2641 4493 2696 4534 et
2742 4498 2809 4539 ex
2841 4498 2996 4551 aequo
3027 4491 3384 4553 perl’eeerint.

1801 4566 1820 4598 ι
1849 4549 2084 4629 Quodsi
2105 4550 2393 4629 Christus,
2414 4567 2519 4629 seu
2559 4550 2792 4629 Verbum
2829 4549 3179 4611 incarnatum
3214 4552 3389 4629 (sub-

1794 4624 1966 4676 sumit
1991 4621 2120 4690 ille)
2151 4631 2346 4697 printer
2376 4623 2720 4697 ellicientiam
2752 4638 2904 4676 suam
2941 4638 3091 4680 mere
3118 4621 3386 4697 divinam,

1721 4679 1768 4734 D
1798 4706 1962 4760 quam
2015 4679 2336 4746 cum'Patre
2365 4703 2420 4745 et
2449 4694 2654 4760 Spiritu
2685 4706 2877 4748 sancto
2907 4679 3390 4756 communem—lia:

1793 4764 1918 4828 bet;
1943 4764 2134 4836 _a|tel'a
2175 4765 2397 4831 insuper
2422 4766 2901 4828 divino~humana,
2939 4783 3063 4836 qua:
3095 4787 3195 4826 nec
3236 4775 3387 4828 Patri

1794 4848 1896 4908 nec
1926 4833 2156 4904 Spiritui
2190 4845 2381 4889 saneto
2403 4838 2712 4908 communis
2735 4845 2843 4901 est,
2868 4833 3069 4893 eximia
3096 4857 3266 4908 opera
3290 4859 3389 4898 seu

1796 4907 2067 4959 miracula
2097 4908 2308 4980 edidit;
2359 4908 2489 4980 quid
2521 4907 2822 4980 aliud‘hiuc
2855 4907 3235 4980 consequitur,
3275 4916 3385 4969 nisi

1792 4987 2074 5030 auctorem
2109 4978 2272 5031 istum
2320 4977 2414 5046 qui
2463 4977 2578 5030 hate
2607 4976 2828 5042 elfutiit,
2862 4995 2928 5033 eo
2959 4982 3010 5033 in
3040 4976 3230 5037 errore
3260 4999 3386 5038 ver-

1792 5060 1972 5100 satum
2003 5061 2126 5101 esse
2163 5065 2178 5102 :
2207 5049 2377 5101 Deum
2415 5046 2671 5110 Verbum,
2708 5059 2990 5118 assumpta
3022 5055 3383 5118 humanitate,

1795 5120 2016 5171 mistum
2068 5120 2342 5189 quoddam
2392 5127 2599 5171 natura:
2648 5131 2820 5187 genus
2855 5135 3077 5175 nactum
3113 5139 3254 5189 esse,
3284 5143 3382 5180 seu

1795 5198 2048 5242 naturam
2095 5188 2455 5258 compositam
2505 5203 2625 5257 quae
2677 5192 2838 5256 hujus
2883 5191 3188 5248 elﬁcientia:
3217 5188 3385 5250 veluti

1794 5259 2043 5325 turmale,
2089 5270 2150 5312 ut
2197 5259 2508 5333 scholastici
2564 5261 2881 5328 loquuntur,
2917 5264 3248 5333 principium
3299 5283 3389 5322 es-

1794 5338 1910 5394 set;
1942 5346 2171 5401 quteque
2206 5346 2305 5384 nec
2333 5327 2533 5395 Patris,
2565 5327 2668 5385 net:
2709 5327 2951 5401 Spiritus
3003 5327 3182 5390 sancti
3234 5339 3385 5392 exsi-

1794 5414 1988 5455 Slel‘el.
2019 5421 2038 5454 ι

1866 5473 2000 5527 Mira
2034 5473 2190 5548 nobis
2233 5473 2349 5527 haec
2376 5472 2654 5548 videntur.
2691 5473 2816 5548 liene
2863 5476 3057 5531 eadem
3085 5477 3384 5548 Areopagi-

1795 5545 1901 5600 tica
1935 5547 2101 5597 verba
2134 5546 2190 5597 in
2217 5544 2425 5613 synodo
2448 5542 2808 5600 Lateranensi
2838 5542 3270 5613 consultatione,
3290 5542 3385 5605 seu

1793 5617 2093 5669 secretario
2122 5615 2155 5670 5
2190 5618 2494 5685 alleganlur
2518 5631 2725 5681 omnia,
2756 5627 2814 5669 ut
2847 5619 3045 5687 duplex
3073 5636 3126 5672 ιιι
3161 5620 3388 5674 Christo

1793 5687 2081 5740 evincatur
2108 5698 2359 5756 operatio
2387 5687 2843 5755 quemadmodum
2879 5690 3075 5758 duplex
3108 5691 3161 5743 in
3191 5706 3257 5744 eo
3290 5705 3389 5742 na-

1796 5768 1916 5812 tura
1947 5765 2053 5830 est.
2088 5760 2407 5827 Argumenti
2439 5759 2810 5830 vimexpono.
2836 5758 3040 5828 Nempe
3071 5763 3251 5830 aliqua
3290 5777 3388 5814 ne~

1796 5829 2036 5883 cessario
2071 5831 2396 5883 Stabilienda
2423 5839 2506 5883 est
2528 5828 2733 5883 Christi
2763 5833 3012 5899 operatio
3051 5828 3220 5900 usque
3249 5834 3386 5883 adeo

1795 5902 2014 5970 propria
2051 5908 2109 5954 et
2137 5901 2456 5969 peculiaris,
2491 5910 2552 5951 ut
2577 5900 2630 5952 in
2659 5900 2782 5968 ejus
2807 5905 3250 5956 communionem
3281 5916 3382 5954 nec

1796 5974 1979 6043 Pater,
2017 5988 2116 6032 nec
2170 5972 2407 6045 Spiritus
2456 5983 2680 6030 sanctus
2736 5983 2981 6031 vocetur.
3026 5975 3095 6030 At
3128 5976 3242 6030 haec
3276 5988 3385 6025 non
