3870 6562
473 415 606 470 1071

1699 419 1761 477 R.
1799 420 1957 478 P.'B.
1990 422 2058 477 Μ.
2093 421 2180 478 DE
2220 421 2472 478 BUBEIS

3631 424 3758 476 18ἷῖ

472 541 578 624 alia
614 544 1063 628 .QIl‘filti‘i-ltltlmlia.
1087 543 1338 612 operatio
1375 550 1567 628 potest
1585 544 1914 628 excogitari,
1943 562 2063 628 quin
2094 572 2134 628 Α
2167 545 2312 628 quod
2335 545 2486 628 .Dens
2521 540 2756 628 Verbum
2802 542 2856 597 in
2892 543 3250 628 humanitate
3277 551 3578 612 assumpta
3605 556 3757 623 pecii-

474 613 550 666 ita
581 614 655 666 sit
687 612 848 667 Verbi
881 616 1124 683 propria,
1177 624 1238 666 ut
1269 629 1374 666 non
1412 615 1480 667 sit
1527 612 1705 666 Patris
1734 624 1789 667 et
1821 615 2058 683 Spiritus

471 684 672 757 sancti,
703 685 766 736 ad
794 701 917 738 eum
952 687 1169 738 modum
1201 699 1310 757 quo
1342 693 1423 757 est
1467 683 1661 757 Verbi;
1691 687 1848 757 sicut
1875 695 1928 739 et
1955 689 2057 742 hii-

473 753 707 826 tnaititas
731 765 1008 826 assumpta
1044 757 1113 809 ita
1143 766 1224 809 est
1248 753 1408 807 Verbi
1428 755 1752 826 peculiaris,
1782 764 1839 809 ut
1865 759 2056 812 eadem

472 826 590 888 ipso
636 824 757 893 jure
807 823 931 880 nec'
958 826 1136 880 Patris
1167 827 1257 889 sil,
1294 839 1393 878 nec
1422 823 1659 892 Spiritus
1689 827 1882 883 sancti.
1921 828 2056 894 Quia

467 897 617 949 enim
651 896 800 950 soliis
831 913 891 951 se
920 899 1071 951 carni
1102 896 1372 965 implicuit
1407 894 1638 949 Verbum
1671 896 1832 962 Deus,
1867 899 2058 952 Imma-

471 967 697 1038 nitatem
731 981 825 1021 sua
862 969 1132 1035 personali
1183 967 1369 1020 divina
1413 967 1749 1038 proprietate
1779 969 2060 1038 complen-

470 1035 562 1102 do,
594 1038 920 1102 definiendo,
951 1039 1328 1101 terininando;
1367 1035 1423 1090 in
1449 1037 1565 1104 ejus
1593 1041 1755 1092 etiam
1788 1035 2059 1107 unitisjus

471 1109 776 1173 personale,
811 1120 866 1163 et
918 1109 1194 1178 proprium
1235 1123 1456 1161 censum
1510 1109 1698 1178 eadem
1745 1110 2059 1167 humanitas

469 1181 706 1248 ascripta
739 1190 844 1236 est.
883 1181 960 1234 Ex
1009 1195 1117 1249 quo
1172 1180 1221 1233 id
1273 1178 1437 1232 etiam
1488 1177 1740 1242 eﬂicitur,
1773 1188 1830 1232 ut
1877 1182 2058 1237 munis

466 1251 718 1320 Operatio
746 1251 1128 1313 humanitatis,
1162 1249 1323 1303 veluti
1351 1249 1618 1317 peculium
1643 1251 1715 1303 sit
1743 1249 1904 1304 Verbi
1933 1268 2055 1320 pro-

468 1319 668 1391 prium,
704 1330 962 1389 tanquant
992 1337 1055 1375 ex
1087 1320 1307 1391 proprio
1353 1321 1474 1391 ejus
1523 1337 1655 1389 agro
1702 1319 2057 1378 succresCeus

465 1389 655 1456 arbor,
688 1391 774 1446 vel
826 1395 878 1446 in
932 1389 1154 1462 propria
1209 1389 1405 1446 arbore
1453 1389 1666 1446 fructus
1713 1402 1930 1448 enatus.
1965 1394 2060 1447 Est

465 1470 646 1514 autem
677 1472 939 1530 praeterea
974 1463 1134 1516 Verbi
1179 1462 1429 1530 operatio
1476 1462 1683 1523 divina,
1734 1472 1792 1516 ut
1841 1477 2054 1525 creare.

467 1543 821 1598 conservare,
856 1549 1044 1603 regere
1072 1533 1357 1596 mundum,
1397 1532 1661 1603 miracula
1709 1543 1951 1598 patrare,
1993 1547 2059 1589 ac

467 1614 530 1674 fa
574 1605 791 1670 operari
843 1601 1206 1674 quaecunque,
1260 1617 1384 1672 qua:
1430 1601 1572 1674 Deus
1617 1613 1899 1673 operatur,
1933 1621 2056 1674 cuni

468 1669 633 1745 Datre
659 1683 711 1727 et
746 1669 949 1745 Spiritu
996 1669 1187 1729 sancto
1215 1669 1332 1727 sine
1363 1673 1529 1728 dubio
1557 1669 1884 1732 communis.
1918 1673 2056 1745 Ergo

467 1741 664 1811 duplex
703 1741 1018 1800 est‘Christi
1046 1745 1320 1813 Operatio.

541 1815 791 1884 Agnitam
823 1816 890 1868 ab
911 1825 1137 1869 auctore
1166 1813 1670 1884 Areopagiticorum
1701 1813 2053 1870 efﬁcientiam

467 1899 619 1938 mere
669 1887 909 1939 divinam
957 1888 1159 1940 fatetur
1215 1884 1544 1952 Lequieitus,
1583 1901 1746 1954 quam
1800 1885 2054 1941 Christus

467 1971 808 2010 communem
867 1973 988 2010 cum
1041 1957 1202 2010 Patre
1246 1965 1302 2008 et
1338 1954 1547 2024 Spiritu
1598 1964 1792 2010 sancto
1838 1955 2053 2013 habeat.

464 2025 731 2088 Alteram,
760 2027 836 2078 ait
860 2028 970 2090 ille,
1002 2029 1070 2083 ab
1095 2027 1286 2080 eodem
1316 2026 1849 2097 auctore_distingui,
1877 2037 1932 2080 et
1961 2043 2057 2097 ap-

467 2097 657 2166 pellari
689 2098 1223 2152 humano-divinam.
1257 2112 1378 2166 qua:
1405 2112 1504 2151 nec
1529 2095 1680 2150 Patri
1711 2113 1808 2152 nec
1830 2095 2053 2166 Spiritui

465 2170 1016 2238 sanctorcommunis
1066 2177 1147 2238 est
1180 2184 1198 2238 :7
1223 2167 1369 2238 quod
1414 2177 1706 2236 repugnat,
1740 2166 1936 2238 inquit,
1973 2169 2057 2222 iii-

464 2237 708 2291 violaliili
759 2239 1022 2293 doctrinae
1075 2237 1374 2300 Ecclesiae,
1435 2253 1557 2306 qua:
1615 2237 1781 2292 tradit
1829 2249 2054 2293 externa

464 2309 675 2376 qumvis
707 2307 932 2362 Deitatis
965 2324 1128 2378 opera
1179 2309 1399 2374 (omnia
1432 2318 1612 2362 autem
1647 2323 1812 2378 opera
1869 2319 2052 2363 nostra

464 2386 519 2430 et
551 2379 665 2446 ipse
689 2389 951 2448 operatur
986 2379 1151 2447 Dens)
1181 2379 1357 2432 tribus
1388 2379 1637 2447 personis
1662 2379 1888 2446 perinde
1905 2396 2056 2434 cont-

463 2450 647 2519 munia
701 2463 841 2503 esse.
876 2448 1066 2518 Magna
1101 2452 1235 2504 latet
1266 2451 1651 2519 acqpivocatio,
1685 2451 1735 2502 iu
1769 2466 1930 2519 quam
1968 2454 2020 2503 in

465 2517 668 2574 cidisse
696 2522 910 2573 videtur
956 2517 1041 2573 iiir
1085 2517 1456 2574 doctissimus.
1504 2517 1919 2582 Animadverto,
1959 2522 2055 2574 liti-

464 2604 658 2643 manas
685 2591 1038 2658 operationes
1066 2591 1271 2644 Christi
1302 2591 1408 2645 hoc
1441 2589 1560 2643 loco
1591 2590 1658 2643 ab
1697 2589 1788 2644 illo
1830 2603 2058 2645 auctore

462 2660 722 2782 appellari
749 2661 1260 2724 humano-divinas,
1294 2661 1483 2715 eodem
1531 2659 1689 2728 plane
1734 2675 1895 2730 sensu
1947 2678 2057 2730 quo

464 2743 494 2781 a
524 2730 593 2782 ibi
645 2731 859 2782 vocavit
907 2747 1002 2782 eas
1048 2730 1365 2782 Deiviriles:
1416 2740 1606 2782 utpote
1646 2745 1766 2782 una:
1795 2748 1824 2782 a
1861 2742 2052 2782 natura

464 2730 593 2783 alibi
645 2731 859 2785 vocavit
907 2747 1002 2785 eas
1048 2730 1365 2794 Dciviriles;
1416 2740 1606 2799 utpote
1646 2745 1766 2799 qua:
1795 2748 1824 2785 a
1861 2742 2052 2786 natura

463 2801 724 2867 humana,
746 2802 891 2856 velut
915 2801 1184 2872 principio
1211 2800 1424 2856 foriiiali
1454 2802 1780 2869 procedunt,
1801 2812 1854 2856 et
1877 2818 1905 2854 a
1929 2818 2056 2869 per-

461 2886 594 2930 sona
629 2872 813 2926 divina
863 2883 1122 2940 tanquam
1172 2873 1457 2942 supposito
1496 2881 1719 2942 agente;
1750 2884 1880 2926 sunt
1909 2875 2054 2926 enim

461 2943 730 3004 actiones,
749 2944 1142 3010 passionesque
1170 2940 1596 3013 suppositarum,
1617 2940 1852 3013 Rursum
1883 2945 2058 2996 anim-

460 3013 878 3077 advertendum,
908 3015 962 3068 iit
1013 3015 1166 3068 hisce
1208 3012 1687 3068 humano-divitiis
1717 3014 2054 3082 operationi-

459 3085 562 3138 bus
591 3085 870 3154 quidpiam
900 3099 1045 3147 esse,
1072 3083 1216 3153 quod
1243 3082 1604 3154 sanctissimis:
1627 3082 1883 3138 'l‘rinitati
1909 3099 2054 3138 com-

462 3170 624 3208 mune
677 3163 782 3218 est,
839 3169 1031 3223 nempe
1087 3155 1434 3209 ellicicntiam
1495 3153 1663 3222 illam,
1705 3169 1811 3222 qua
1856 3155 2057 3209 dicitur

462 3226 604 3280 Deus
635 3225 817 3278 omnia
858 3240 1025 3292 opera
1059 3235 1247 3279 nostra
1282 3224 1530 3294 operari;
1578 3227 1671 3279 sed
1700 3225 1866 3278 etiam
1894 3227 2054 3294 quid-

2165 615 2286 669 liari
2325 617 2448 679 Iure
2490 616 2783 668 exercebat
2815 613 3078 682 quidquid
3109 615 3178 668 ad
3211 614 3483 667 humanas
3520 613 3758 682 pertint»

2162 687 2256 740 bat
2281 686 2660 754 operatioues;
2685 686 2906 753 ipseque
2932 684 3216 738 dicebatur
3241 683 3584 752 intelligere,
3603 683 3754 754 velle,

2159 752 2388 820 esurire,
2419 757 2603 820 edere,
2638 752 3026 820 sitire,’bihere
3051 771 3116 809 ac
3146 753 3293 824 pati;
3347 771 3460 810 non
3493 754 3635 808 item
3660 752 3754 806 Pa-

2164 836 2268 890 ter,
2297 843 2403 880 non
2429 824 2666 893 Spiritus
2693 837 2938 881 sanctus.
2968 824 3075 880 Sed
3104 827 3239 880 istas
3268 825 3556 880 humanas
3581 834 3753 878 tamen

2159 897 2506 968 operatioues
2551 911 2616 951 ac
2663 897 3044 968 perpessioues
3076 906 3252 968 uocat
3284 897 3524 966 insuper
3554 907 3753 968 auctor

2163 965 2684 1032 humano-divinas;
2721 965 2842 1022 cum
2878 981 2983 1020 non
3011 965 3157 1020 solus
3186 966 3375 1031 homo,
3409 965 3512 1023 sed
3550 967 3756 1022 Deuset

2162 1039 2324 1122 homo
2352 1047 2498 1122 esset
2526 1038 2638 1104 ille,
2677 1040 2767 1122 qui
2803 1046 3012 1122 ageret,
3041 1037 3131 1105 qui
3162 1047 3470 1122 pateretur.

2233 1109 2386 1174 Quod
2417 1118 2656 1162 attamen
2695 1108 2749 1164 in
2783 1109 2986 1162 eisdem
3015 1108 3433 1175 operationibus
3463 1121 3753 1164 commune

2161 1179 2524 1234 sanctissima:
2553 1178 2809 1234 Trinitati
2853 1178 2960 1232 dici
3012 1186 3248 1248 poterat,
3293 1180 3484 1234 statim
3537 1187 3752 1233 enarrat

2160 1249 2414 1304 laudatus
2457 1258 2653 1304 auctor
2685 1270 2698 1306 :
2728 1250 2847 1304 Nisi
2878 1249 3017 1315 quis,
3065 1248 3335 1316 inquiens,
3373 1251 3527 1304 dicat
3573 1265 3753 1302 sectis-

2159 1323 2284 1373 dum
2309 1320 2735 1388 benignissimam
2754 1321 3108 1382 voluntatem;
3133 1333 3198 1373 ac
3220 1321 3445 1386 insuper
3467 1322 3749 1374 secundum

2160 1406 2364 1444 omnem
2410 1377 2554 1444 iitum
2603 1392 2916 1446 eminentem
2965 1377 3120 1460 atque
3165 1377 3494 1459 ineﬂabilem
3526 1390 3751 1460 divinois

2161 1461 2539 1531 Operationem,
2573 1479 2752 1531 quam,
2781 1461 2923 1527 apud
2955 1459 3050 1515 nos
3081 1462 3334 1531 exsistens
3362 1461 3412 1514 is
3434 1460 3542 1531 qui:
3568 1459 3752 1531 iuniu-

2159 1529 2338 1584 tabilis
2371 1542 2510 1595 erat,
2540 1528 2794 1596 exercuit,
2830 1533 2886 1585 in
2921 1539 3200 1601 quantum
3226 1530 3368 1585 Deus
3415 1528 3466 1586 et
3505 1529 3608 1601 Dei
3642 1528 3751 1584 Ver-

2161 1601 2319 1665 bum;
2371 1616 2494 1670 qnai
2546 1602 2712 1657 verba
2761 1599 3132 1670 prteterinittit
3181 1599 3523 1671 Lequienus.
3583 1599 3752 1654 Primo

2161 1671 2345 1740 itaque
2374 1673 2718 1728 sanctissima
2751 1671 3016 1735 Trinitas,
3053 1672 3286 1726 consilio
3316 1682 3376 1726 et
3413 1673 3752 1741 beneplacito

2159 1755 2280 1813 suo,
2337 1743 2479 1797 sicut
2523 1744 2885 1813 humanitatis
2932 1741 3363 1813 assuinptionem
3408 1743 3748 1813 approbavit,

2161 1812 2234 1865 ita
2262 1822 2316 1866 et
2342 1823 2569 1880 eieteras
2594 1828 2785 1868 omnes
2809 1812 2970 1869 Verbi
3002 1811 3170 1866 divini
3195 1811 3560 1880 operation‘es
3592 1815 3642 1866 in
3665 1813 3749 1865 hu-

2163 1883 2422 1937 manitate
2452 1893 2754 1948 assumpta.
2790 1883 3000 1940 Deinde
3027 1882 3335 1938 communis
3366 1884 3556 1938 eidem
3587 1882 3748 1936 Triiii-

2159 1951 2254 2005 tati
2283 1963 2402 2008 erat
2429 1953 2714 2008 eﬂicientia
2747 1953 2834 2009 illa
2865 1955 3113 2009 eminens
3144 1961 3199 2008 et
3229 1952 3534 2009 ineﬂ'abilis
3560 1953 3748 2020 divina,

2159 2037 2264 2090 qua
2315 2033 2371 2080 et
2421 2024 2656 2079 Verbum
2702 2035 2761 2078 ut
2807 2025 3114 2081 subsistens
3147 2026 3199 2077 in
3230 2033 3432 2079 natura
3472 2025 3750 2086 divina,et

2162 2092 2323 2166 Pater
2342 2103 2399 2166 et
2431 2096 2674 2164 Spiritus
2703 2107 2926 2150 sanctus
2951 2095 3300 2166 operationes
3325 2111 3541 2152 omnes
3578 2096 3748 2151 huuiao

2159 2179 2271 2236 nas
2294 2163 2498 2220 Christi
2524 2166 2686 2221 simul
2716 2163 3114 2236 Operahaiitur.

2231 2234 2362 2289 Tant
2414 2239 2704 2306 perspicue
2754 2234 2908 2306 itero,
2961 2247 3067 2292 tam
3120 2234 3340 2306 egregie
3390 2251 3528 2292 cum
3579 2246 3748 2290 auctor

2158 2304 2662 2376 Areopagiticoruni
2693 2308 2759 2362 de
2787 2304 3452 2362 hniiiauo-iliviuisVerbi
3481 2307 3742 2362 lncarnati

2158 2378 2573 2448 operationibus
2602 2389 2655 2434 et
2689 2377 3038 2446 passionibus
3071 2385 3221 2448 agat,
3239 2377 3446 2431 mirum
3481 2393 3646 2442 sane,
3680 2379 3742 2432 si.

2159 2447 2329 2500 lentio
2369 2449 2699 2517 praeteriisse
2741 2449 3082 2518 Lequienuin
3114 2447 3530 2518 iperpessiones
3563 2448 3742 2503 Christi

2157 2532 2371 2582 omnes,
2405 2533 2580 2589 neque
2615 2517 2859 2574 animum
2907 2521 2975 2573 ad
3026 2518 3079 2573 id
3131 2517 3494 2589 applicuisse.
3530 2519 3744 2585 quoda

2157 2603 2279 2656 quae
2309 2587 2545 2644 Verbuiu
2577 2590 2670 2646 Dei
2700 2605 2921 2658 passum
2955 2600 3060 2656 est,
3091 2587 3384 2644 necPater
3422 2590 3554 2646 sine
3579 2590 3744 2654 dubio,

2160 2672 2261 2712 nec
2312 2658 2551 2730 Spiritus
2601 2673 2825 2716 sanctus
2863 2661 3108 2730 perpessi
3141 2661 3296 2716 sunt!
3323 2659 3537 2714 Mirum
3573 2663 3743 2722 etiam,

2158 2730 2413 2809 priedicta
2445 2730 2629 2809 omnia
2676 2731 3088 2809 quibusi’ater
3133 2742 3189 2786 et
3240 2730 3488 2809 Spiritus
3537 2741 3749 2786 saueius

2154 2801 2309 2871 juxta
2341 2804 2672 2856 sententiain
2700 2801 2948 2857 auctoris
2985 2818 3094 2857 non
3124 2801 3640 2865 communicarunt,
3669 2818 3747 2871 pe-

2159 2869 2350 2942 culiari
2377 2873 2586 2927 Scilicet
2608 2888 2673 2928 eo
2697 2874 2820 2942 jure
2842 2888 2952 2942 quo
2973 2872 3167 2928 eadem
3199 2873 3251 2927 in
3279 2885 3454 2926 carne
3479 2869 3746 2940 assumpta

2159 2938 2263 2993 sibi
2299 2938 2890 3006 vindicaliatVe'rbum',
2917 2944 2985 2997 ad
3011 2958 3174 2996 unam
3209 2942 3492 3012 redegisse
3524 2938 3746 3012 Lequie-

2159 3025 2288 3084 nnm
2319 3013 2643 3082 efﬁcientiam
2674 3014 2844 3076 illam,
2888 3029 2996 3084 qua
3027 3013 3220 3068 eximia
3261 3029 3425 3084 opera
3461 3029 3562 3066 seu
3599 3015 3749 3066 mira-

2159 3082 2279 3151 cula
2308 3084 2496 3137 edebat
2522 3086 2802 3149 Christus;
2835 3082 2958 3138 cuin
3005 3087 3215 3151 absque
3261 3083 3370 3135 ulla
3426 3083 3661 3150 ambage
3687 3085 3748 3138 de

2161 3150 2229 3206 iis
2257 3164 2559 3222 pertractet
2585 3157 2841 3211 omnibus
2883 3167 3097 3218 auctor,
3124 3150 3244 3224 quat
3271 3154 3438 3223 egerit
3470 3153 3745 3218 Christus,

2159 3233 2206 3274 et
2238 3239 2513 3295 perpessus
2540 3226 2647 3280 sit!
2683 3227 2822 3292 Quid
2853 3236 2940 3280 est
2964 3241 3113 3288 vero,
3157 3228 3299 3295 quod
3329 3226 3384 3278 in
3417 3224 3628 3278 eisdem
3659 3228 3745 3278 mi-

458 3296 604 3365 piam
640 3295 854 3366 admitti
885 3290 1158 3363 oportere,
1186 3290 1335 3364 quod
1358 3307 1505 3349 esset
1528 3295 1689 3366 Verbi
1726 3290 2053 3366 divitii'pro-
2083 3290 2126 3345 C
2163 3290 2458 3366 rabilibus,
2493 3313 2612 3365 qua:
2639 3290 2893 3351 Ctiristus
2942 3290 3216 3366 patrabat,
3269 3311 3376 3366 non
3428 3296 3746 3366 discreverit

460 3364 661 3431 prium,
694 3364 850 3430 cujus
901 3367 1114 3420 ratione
1157 3367 1441 3419 dicebatur
1487 3365 1576 3419 ille
1624 3366 1675 3418 in
1715 3364 2055 3420 humanitate

461 3444 739 3502 assumpta
790 3436 1116 3504 intelligere,
1157 3436 1316 3501 velle,
1368 3439 1601 3500 esurire,
1645 3437 1822 3501 sitire,
1867 3439 2052 3501 edere,

461 3507 672 3570 bibere,
703 3507 846 3572 pati;
877 3523 983 3558 uoii
1019 3507 1148 3565 item
1183 3506 1368 3570 Pater,
1397 3522 1505 3560 non
1537 3506 1777 3576 Spiritus
1809 3516 2056 3562 sanctus.

461 3576 589 3631 Haec
609 3576 748 3647 trita
779 3585 862 3631 est
895 3577 1036 3646 apud
1070 3578 1350 3647 theologos
1381 3579 1649 3631 doctrina.
1680 3576 1924 3647 Sylviuin
1958 3593 2057 3630 au-

459 3647 580 3702 dire
605 3646 766 3700 liceat
797 3663 855 3700 tu
887 3663 967 3716 p.,
998 3656 1194 3716 qua-st.
1231 3646 1318 3713 19,
1361 3658 1469 3700 art.
1504 3647 1524 3699 l
1564 3664 1578 3700 :
1609 3664 1628 3698 ι
1657 3649 1898 3703 Atdices
1937 3648 2056 3715 (sic

458 3718 708 3785 opponit)
745 3734 759 3772 :
791 3718 1055 3772 Actiones
1098 3721 1164 3772 ad
1220 3730 1374 3773 extra
1421 3727 1551 3772 sunt
1600 3733 1922 3774 communes
1957 3722 2052 3775 toti

515 3789 758 3854 rinitati;
809 3789 946 3843 tales
990 3799 1174 3843 autem
1218 3801 1376 3844 erant
1428 3791 1677 3844 humanae
1707 3791 2055 3858 Operationes

459 3857 667 3930 Christi
696 3875 711 3912 :
740 3874 893 3930 ergo,
939 3870 1047 3915 etc.
1097 3860 1257 3930 ltesp.
1300 3859 1431 3929 Neg.
1472 3857 1759 3928 conseun
1795 3862 2052 3929 quoniam

459 3929 716 3983 humanae
747 3929 952 4000 Christi
991 3929 1339 3999 operationes
1363 3941 1523 3985 erant
1553 3931 1773 4000 quidem
1803 3947 2052 3986 continu-

457 4015 561 4055 nes
612 4000 706 4054 toti
755 3999 1036 4066 Trinitati,
1069 4002 1390 4071 inquautum
1441 4016 1506 4055 ex
1555 3999 1644 4066 ea,
1677 4001 1841 4056 veluti
1886 4017 2052 4058 causa

459 4071 841 4142 principaliter
862 4071 1127 4126 elliiziente
1151 4071 1548 4140 procedebant;
1575 4072 1837 4142 peculiari
1868 4081 2049 4128 tamen

460 4141 644 4213 aliqua
685 4143 896 4198 ratione
935 4145 1305 4212 procedebant
1333 4159 1362 4195 a
1391 4141 1636 4214 Christo,
1662 4142 1824 4214 681
1850 4157 2054 4214 §ecuu-

460 4209 588 4268 dum
617 4219 782 4283 quam
832 4209 950 4268 non
973 4216 1344 4282 procedebant
1376 4231 1404 4266 a
1435 4211 1617 4278 l’atre,
1648 4209 1761 4268 "ea
1779 4209 1822 4267 ἐῐ
1845 4209 2050 4282 Spiritu

458 4296 675 4340 sancto.
705 4285 840 4349 Quia
892 4283 1146 4356 Christus
1185 4285 1516 4356 operabatur
1545 4299 1638 4356 eas
1668 4299 1766 4356 per
1795 4295 2049 4338 naturain

459 4357 778 4424 humanam,
815 4355 916 4410 sibi
953 4355 1085 4424 (non
1118 4354 1290 4420 Patri,
1324 4370 1429 4408 non
1455 4354 1681 4422 Spiritui
1713 4357 1926 4422 sancto)
1953 4357 2054 4425 hy-

459 4428 731 4496 postatice
755 4428 962 4480 unitam
992 4445 1004 4479 :
1039 4441 1103 4481 ac
1128 4441 1224 4496 per
1256 4441 1600 4494 consequens
1624 4441 1860 4496 persona
1889 4427 2049 4480 Verbi

460 4496 805 4568 (tionPater,
838 4513 946 4550 non
977 4496 1216 4567 Spiritus
1245 4498 1492 4565 sanctus)
1521 4508 1640 4551 erat
1671 4512 1835 4552 causa
1865 4497 2053 4564 proxi-

457 4567 548 4648 nia
585 4567 706 4650 ilius
732 4568 956 4622 eliciens
988 4584 1089 4650 per
1122 4579 1374 4650 naturain
1409 4573 1726 4650 humanam,
1751 4583 1916 4650 quam
1943 4579 2049 4623 ter-

2161 3363 2251 3418 ille
2282 3366 2428 3434 quod
2454 3363 2550 3420 toti
2581 3367 2834 3422 Trinitati
2863 3363 3177 3429 coi'ninune,
3216 3365 3360 3435 quod
3387 3365 3674 3434 proprium
3697 3379 3744 3420 et

2159 3437 2440 3508 peculiare
2492 3439 2640 3492 verbi
2685 3449 2834 3500 erat;
2873 3453 2921 3492 ιι.
2954 3454 3009 3508 g.
3036 3448 3196 3507 sputo
3239 3436 3369 3508 caeci
3416 3437 3537 3489 nati
3569 3439 3745 3508 oculos

2159 3505 2430 3574 liniendo,
2487 3508 2660 3562 visum
2722 3509 2898 3562 eidem
2953 3505 3192 3562 reStituit
3239 3506 3521 3561 Christus.
3573 3507 3746 3560 Linire

2157 3587 2319 3648 sputo
2350 3577 2562 3641 oculos,
2595 3595 2797 3648 eosque
2839 3589 3060 3648 tangere
3088 3586 3245 3631 erant
3276 3577 3529 3631 actiones
3576 3579 3743 3632 homi-

2159 3647 2268 3710 nis,
2303 3649 2384 3702 vel
2428 3649 2592 3704 etiam
2647 3647 3150 3711 limitatio-divinae,
3200 3656 3258 3702 ut
3309 3661 3457 3716 Saepe
3509 3647 3743 3712 dictum;

2157 3732 2355 3773 curare
2402 3734 2628 3783 caecum,
2663 3736 2728 3776 ac
2782 3721 2956 3773 visum
3009 3727 3300 3773 restituere
3346 3726 3471 3772 erat
3504 3730 3742 3785 operatio

2157 3785 2363 3844 divina.
2405 3790 2479 3843 ita
2528 3790 2674 3846 Deus
2710 3792 2945 3846 Verbum
2976 3789 3030 3843 itt
3063 3799 3257 3842 natura
3291 3789 3539 3842 humana
3573 3789 3732 3843 subsi-

2156 3867 2311 3913 stens
2360 3861 2606 3915 deliuivit
2651 3866 2866 3923 oculos.
2896 3869 2957 3914 ut
3001 3874 3103 3913 nec
3153 3859 3317 3912 Pater
3359 3873 3461 3913 nec
3508 3858 3743 3929 Spiritus

2155 3940 2382 3984 sanctus
2403 3933 2653 3986 dicantur
2676 3932 2866 3986 oculos
2892 3932 3134 3985 liiiivisse
3161 3945 3226 3982 ac
3259 3929 3545 3998 tetigisse;
3572 3944 3629 3984 at
3657 3946 3743 3983 eu-

2159 4000 2296 4053 ratio
2350 4003 2482 4056 caici
2529 4004 2644 4057 nati
2705 4005 2815 4058 Deo
2860 4003 3056 4065 Verbo,
3085 4009 3140 4054 et
3181 3999 3354 4066 Patri,
3411 4008 3467 4053 et
3520 4001 3739 4070 Spiritui

2155 4081 2348 4126 sancto
2381 4088 2539 4142 teqno
2571 4072 2730 4128 modo
2760 4075 3052 4137 convenit;
3080 4071 3200 4142 imo
3223 4083 3280 4124 et
3316 4070 3436 4139 ipse
3459 4075 3740 4130 oculorum

2158 4147 2336 4214 tactus
2366 4141 2658 4212 metusque
2702 4145 3005 4214 impressus
3031 4141 3370 4196 etliciebatur
3395 4157 3427 4195 a
3457 4145 3738 4197 sanctissi-

2154 4225 2241 4263 ina
2268 4209 2650 4280 Trinitate,'ut
2672 4209 2901 4270 etEt-ctus
2925 4230 2956 4268 a
2994 4229 3157 4269 causa
3185 4226 3462 4280 suprema.
3496 4214 3639 4280 Quid
3662 4222 3740 4266 est

2154 4292 2452 4348 postremo,
2481 4285 2647 4338 verba
2699 4287 2819 4351 illa,
2849 4296 3124 4350 operatum
3178 4297 3501 4351 passamque
3551 4287 3739 4336 eximis

2151 4367 2475 4424 quaecunque
2522 4365 2573 4408 et
2616 4356 2930 4411 excellentia
2969 4355 3428 4408 divitia-aututino:
3453 4355 3736 4423 eﬂicientnr

2153 4437 2331 4499 opera,
2362 4425 2414 4479 in
2442 4441 2665 4482 sensum
2697 4428 3189 4499 Monophysiticum
3223 4424 3586 4499 pertrahere;
3613 4443 3676 4480 ac
3696 4426 3735 4478 si

2152 4494 2432 4569 Christus,
2464 4511 2572 4550 non
2605 4499 2794 4569 rmodo
2847 4494 2956 4569 qua
3008 4499 3172 4569 homo
3223 4495 3733 4569 exstabat,‘veruni

2152 4565 2315 4618 etiam
2366 4568 2480 4636 ipsa
2530 4568 2735 4623 deitate
2764 4565 2888 4622 cuni
2919 4568 3256 4628 humanitate
3284 4566 3598 4632 Composita
3624 4584 3735 4636 pro-

461 4638 740 4711 minabat;
773 4649 943 4711 atque
986 4638 1062 4693 ita
1105 4640 1368 4711 dicebant
1411 4639 1770 4693 intrinsecum
1798 4638 2045 4711 ordinem
2080 4643 2128 4702 D
2154 4645 2276 4711 pter
2297 4652 2422 4711 _nos
2467 4640 2774 4694 sublimiori
2815 4639 3051 4711 quadam
3083 4644 3477 4711 rat.on_c_esset
3507 4641 3734 4706 passus?

461 4709 529 4761 ad
558 4708 979 4780 humanitatem,
1017 4718 1076 4780 ut.
1099 4710 1167 4763 ad
1196 4709 1525 4779 principium
1553 4725 1661 4777 quo
1692 4710 1912 4780 (agitur)
1944 4725 1956 4759 :
1988 4720 2044 4765 et

460 4781 528 4834 ad
558 4776 796 4833 Verbum
846 4779 1171 4850 humanitati
1198 4776 1592 4850 'conju'uctuin,
1619 4789 1679 4834 ut
1702 4776 1790 4836 ad
1838 4776 2047 4848 princi-

461 4854 612 4920 pium
645 4850 788 4919 quod
818 4849 1001 4920 (agit).
1031 4866 1050 4900 ι

505 4921 591 4976 -ld
620 4918 785 4975 unum
818 4918 993 4992 docet,
1021 4930 1215 4974 auctor
1242 4918 1770 4992 Areopagiticorum.
1799 4921 1890 4976 Ait
1915 4922 2003 4979 ille
2028 4937 2044 4978 :

460 4989 635 5064 Porro
659 5011 691 5047 a
710 4991 1084 5061 benignissima
1114 5007 1238 5059 erga
1261 5007 1355 5044 nos
1383 4989 1656 5061 efﬁcientia
1691 4993 1870 5046 divina
1897 5000 2050 5064 (quae

463 5065 562 5118 toti
588 5063 842 5136 'l‘rinita‘ti
869 5064 1230 5136 sanctissimae
1257 5069 1562 5136 communis
1588 5066 1694 5136 est)
1716 5063 2010 5119 secernitur
2026 5081 2047 5120 :

459 5139 600 5205 quod
634 5137 743 5204 ipse
772 5133 914 5186 Deus
953 5132 1200 5205 Verbum,
1243 5135 1335 5202 qui
1375 5150 1540 5201 supra
1584 5132 1934 5190 substantiam
1971 5148 2046 5192 est

462 5221 609 5273 (non
643 5205 824 5268 Pater,
859 5220 963 5259 non
998 5204 1236 5272 Spiritus
1271 5211 1536 5276 sanctus)
1580 5208 1804 5276 integre,
1828 5217 1875 5260 et
1905 5224 2044 5272 vere,

454 5281 619 5349 juxta
650 5293 712 5330 ac
741 5293 857 5340 nos,
886 5286 1135 5349 atque“:
1158 5275 1306 5349 nobis
1336 5275 1724 5345 substantiatu’s
1752 5278 1937 5347 fuerit.
1961 5284 2043 5334 Ait

461 5342 555 5418 qui
585 5342 962 5409 contenderet,
987 5363 1016 5400 a
1045 5347 1151 5400 Deo
1173 5342 1350 5399 Verbo
1379 5342 1713 5417 assumptum
1743 5342 1912 5403 fuisse
1942 5352 2042 5404 liu-

462 5421 805 5482 manitatein,
840 5419 1138 5472 mutilatum
1168 5419 1348 5469 anima
1367 5418 1667 5488 velniente,
1686 5421 1922 5488 propriis
1960 5419 2044 5474 fa-

460 5493 758 5546 cultatibus
783 5497 841 5562 et
859 5488 1267 5560 Operationibns
1287 5486 1594 5556 spoliatam,
1617 5486 2042 5562 italoqueretur,

462 5572 524 5616 ut
546 5577 613 5617 ex
646 5562 802 5614 nobis
833 5561 1226 5633 humanitatem
1251 5563 1613 5633 assuutpserit
1641 5563 1851 5633 integre
1872 5573 1926 5618 et
1953 5579 2046 5618 ve-

465 5649 544 5696 re,
575 5647 640 5687 ac
673 5635 837 5686 homo
865 5630 1044 5684 factus
1073 5640 1216 5684 esset
1256 5631 1409 5697 juxta
1445 5647 1510 5685 ac
1547 5632 1684 5686 nos?
1712 5630 1850 5688 Hinc
1878 5635 2042 5688 etiam

462 5707 638 5757 oritur
682 5704 825 5772 quod
873 5704 986 5770 ipse
1022 5703 1169 5774 Deus
1229 5701 1462 5756 Verbum
1502 5703 1665 5772 egerit
1695 5713 1744 5757 et
1767 5721 2043 5774 perpessus

465 5777 554 5838 sit,
587 5790 704 5842 qua:
731 5773 1187 5826 humano-divina:
1214 5776 1536 5842 operationis
1575 5776 1738 5842 ipsius
1768 5773 2042 5844 praecipua

464 5857 653 5918 suntet
674 5845 1000 5918 singularia,
1027 5846 1156 5918 quin
1187 5860 1240 5897 in
1282 5845 1363 5898 his
1396 5862 1669 5899 commune
1705 5846 1906 5918 aliquid
1949 5849 2042 5900 lia-

463 5917 632 5971 bum’t
660 5913 825 5970 Pater
887 5927 929 5972 et
960 5917 1190 5984 Spiritus
1224 5926 1436 5971 sanctus
1463 5932 1480 5970 :
1509 5927 1728 5988 propter
1754 5913 1818 5974 ea
1849 5935 2043 5988 nempe

2152 4707 2382 4762 Pervius
2409 4719 2466 4763 et
2494 4711 2684 4779 planus
2705 4705 2903 4765 sens'iis
2928 4708 3230 4779 catholicus
3255 4706 3344 4760 his
3371 4705 3608 4760 eﬂ’ertur
3628 4723 3737 4762 rer-

2151 4780 2271 4840 bis;
2298 4777 2602 4835 sublimiori
2627 4783 2859 4849 quadam
2887 4781 3098 4834 ratione
3126 4777 3407 4832 Christum
3432 4789 3731 4846 operatum,

2153 4861 2486 4919 passumque
2527 4867 2650 4905 esse
2693 4853 2894 4906 eximia
2941 4862 3279 4920 quaecunque
3309 4859 3365 4902 et
3393 4851 3733 4916 excellentia,

2155 4933 2275 4990 quae
2305 4923 2372 4974 ad
2399 4921 2518 4990 ejus
2553 4923 2986 4976 incarnationem
3012 4932 3069 4975 et
3095 4921 3496 4974 incarnationis
3523 4933 3736 4974 (Econo-

2155 4989 2321 5061 iniain
2376 4989 2752 5061 pertinebant;
2799 4994 2926 5061 quia
2976 5008 3084 5046 non
3130 4993 3292 5044 homo
3334 4992 3512 5056 solus,
3557 5006 3732 5046 rerum

2156 5057 2300 5114 Deus
2326 5057 2389 5134 et:
2409 5065 2572 5118 homo
2603 5057 2866 5130 erat'ille,
2893 5065 2987 5133 qui
3021 5065 3238 5134 agebat,
3266 5064 3372 5134 qui
3401 5065 3730 5131 patiebatur,

2155 5141 2316 5206 prqu
2355 5133 2754 5190 incarnationis
2777 5133 3116 5206 dispensatio
3145 5133 3476 5206 postulabat.

2223 5201 2349 5259 Haec
2378 5205 2699 5276 omnia.pari
2729 5201 2938 5261 ratione
2964 5223 3030 5260 ac
3055 5201 3219 5259 sensu
3245 5203 3520 5258 intellexit
3568 5202 3730 5260 Scho-

2155 5271 2372 5341 liastes;
2413 5271 2716 5347 eademque
2743 5275 3101 5348 Eutycliianis
3135 5285 3466 5348 continentis
3501 5280 3731 5331 maxime

2149 5349 2404 5417 adversa,
2464 5349 2764 5403 adnutavit.
2803 5346 3025 5404 scholia
3075 5346 3298 5417 profero
3328 5361 3344 5400 :
3380 5362 3400 5396 ι
3431 5347 3732 5402 Seccrniiiir

2149 5416 2226 5470 uel
2279 5418 2586 5472 distinctum
2638 5431 2737 5474 est.
2788 5419 2950 5486 Nota,
2984 5416 3144 5473 Verbi
3201 5421 3643 5472 lncarnatiouetu
3703 5437 3729 5472 ει

2147 5499 2333 5544 sancta
2366 5488 2638 5546 'l‘rinitate
2675 5494 2900 5547 omnino
2928 5507 2995 5547 ac
3026 5503 3153 5544 vere
3183 5487 3502 5543 distinctam
3705 5507 3723 5539 ι

2146 5560 2321 5633 item“:
2363 5577 2382 5611 ι
2416 5558 2626 5627 Nostri,
2651 5562 2729 5616 vel
2761 5563 2926 5633 juxta
2966 5578 3028 5616 ac
3073 5577 3189 5615 nos.
3225 5558 3341 5613 Hoc
3373 5559 3499 5614 loco
3538 5562 3722 5614 iterum

2147 5635 2214 5686 de
2255 5632 2667 5699 dispensatione
2721 5632 2819 5689 seu
2867 5634 3256 5688 lucarnatioue
3313 5641 3582 5696 tractans,
3608 5645 3722 5686 eaut

2145 5703 2246 5766 soli
2278 5701 2391 5758 Deo
2417 5702 2594 5759 Verbo
2622 5707 2894 5770 attribuit,
2928 5706 3050 5761 sine
3073 5705 3180 5759 ulla
3203 5704 3385 5756 Patris
3413 5715 3470 5758 et
3494 5703 3726 5773 Spiritus

2143 5775 2316 5830 sancti
2350 5778 2868 5840 communicatione,
2903 5777 3006 5830 nisi
3039 5777 3339 5832 secundum
3370 5777 3724 5830 voluntatem.

2143 5846 2278 5902 Nota
2318 5862 2447 5902 vero
2481 5861 2799 5918 accuratam
2830 5847 3258 5918 dispensationis
3301 5853 3725 5904 enarrationem.

2145 5919 2413 5987 Quoniam
2446 5920 2591 5976 Deus
2623 5917 2860 5977 Verbum
2903 5917 3439 5992 supersubstantiate,
3472 5927 3722 5980 substan-
