3870 6586
147 436 330 491 1677
1125 432 1442 488 VINDICUE
1477 431 1753 488 OPERUM

1862 431 2356 490 KEOPAGITICOR
2368 434 2484 492 UM.
2628 440 2656 468 ⁴
3309 437 3450 492 1078

143 570 237 612 ut
271 569 531 613 naturam
571 556 867 610 lmmanam
901 567 1165 623 perneget
1194 569 1314 608 cum
1350 554 1766 624 proprietatibus
1797 563 1840 618 Α
1873 565 2164 627 propterea
2189 558 2332 624 quod
2384 556 2563 610 omnis
2597 553 2844 625 operatio
2875 551 3106 620 Christi,
3160 554 3281 610 sive
3326 573 3447 623 quia:

148 637 299 683 suis
333 639 380 683 et
408 627 798 694 operationibus
837 637 1193 696 assumplam.
1460 693 1473 696 _
1719 694 1728 696 _
1883 629 2155 682 miracula
2187 631 2462 696 patr-nbat,
2506 627 2620 680 sive
2668 641 2791 696 qua:
2821 631 3057 679 humana
3089 635 3208 680 erat
3232 629 3300 678 ab
3331 628 3448 695 ipsa

253 693 533 755 Timothei
562 696 736 752 [Eluri
759 693 923 748 verba
954 703 1281 761 sequuntur,
1314 707 1435 763 quae
1460 693 1694 760 legimus
1717 694 1768 748 in

154 773 310 834 eius
337 767 716 822 lucubratione
748 775 934 818 contra
959 765 1243 833 epistolam
1279 764 1338 834 5τ
1374 763 1570 819 Leonis
1592 764 1769 833 Magni

158 841 248 894 ad
294 839 660 894 Flavianum:
697 854 716 888 ι
754 835 880 888 Sola
916 835 1177 888 divinitas
1199 844 1286 889 est
1311 833 1518 890 Christi
1549 843 1768 900 natura,

158 911 293 965 etsi
351 912 653 963 incarnata.
686 925 704 958 ι
758 905 989 960 Pravam
1048 915 1289 959 mentem
1343 920 1498 959 suam
1551 904 1768 974 aperire

162 982 332 1050 apud
395 978 730 1050 Lequienum
780 976 991 1047 pergit,
1041 975 1173 1050 dum
1232 974 1310 1050 ait
1375 973 1765 1030 humanitatem

159 1047 401 1106 Christi
435 1049 585 1102 omni
620 1048 835 1102 actione
868 1047 1088 1115 propria
1127 1047 1398 1110 caruisse,
1437 1060 1535 1098 nec
1565 1060 1764 1116 opera-

170 1124 372 1176 tiones
390 1119 524 1174 alias
549 1119 650 1172 nisi
676 1118 886 1170 divinas
909 1131 1004 1185 per
1021 1131 1139 1168 eam
1159 1125 1408 1170 exscrtas
1424 1129 1546 1170 esse
1565 1131 1582 1178 ;
1601 1125 1766 1184 atque

165 1194 330 1246 adeo
374 1205 496 1258 qua:
554 1187 910 1242 humanitatis
964 1186 1311 1258 operatioues
1362 1185 1762 1258 censebantur,

163 1254 462 1329 passiones
524 1259 704 1326 potius
745 1268 799 1312 et
842 1254 1021 1311 meras
1065 1256 1455 1329 exsecutiones,
1481 1254 1669 1329 Auden
1709 1267 1765 1310 et

167 1324 439 1404 ίπράξεις,
462 1324 593 1404 esse
623 1329 1031 1404 nuncupandas.
1063 1324 1267 1404 L_ocu_m
1304 1325 1493 1404 severi
1526 1324 1759 1404 similem

172 1396 400 1470 profert
425 1401 506 1454 vir
541 1396 988 1470 doctissimusex
1024 1397 1260 1470 epistola
1294 1399 1363 1470 ad
1395 1397 1624 1470 (Eoum.
1657 1396 1761 1453 Co-

171 1467 304 1526 init.
333 1471 586 1538 (Aetione
630 1471 696 1523 lt)
727 1468 918 1539 synodi
961 1470 1150 1536 sextae)
1173 1468 1264 1521 ubi
1301 1467 1712 1539 hatcghabentur
1741 1487 1756 1524 :

177 1562 198 1593 ι
240 1544 300 1597 lu
325 1537 570 1604 Christo,
599 1541 714 1595 sive
754 1537 935 1596 divina
967 1547 1176 1609 ageret,
1200 1548 1328 1607 puta
1363 1537 1627 1609 miracula
1658 1554 1754 1609 pa-

172 1614 411 1672 trando;
445 1613 562 1664 sive
599 1612 861 1672 humana,
896 1608 1217 1676 gradiendo,
1267 1609 1530 1662 mutando
1573 1608 1754 1663 locum

168 1686 258 1748 (id
285 1684 429 1752 quod
460 1693 650 1750 suapte
680 1691 869 1734 natura
903 1695 1128 1752 prorsus
1154 1681 1449 1752 humanum
1483 1677 1629 1752 est);
1651 1695 1753 1752 non

170 1749 318 1808 illud
366 1753 511 1806 illius
541 1749 748 1806 natura:
779 1749 922 1821 esse,
946 1765 1046 1804 nec
1076 1750 1222 1804 istud
1247 1749 1436 1821 istius;
1462 1751 1556 1802 sed
1585 1749 1752 1821 685

171 1826 349 1879 tritius
383 1834 439 1878 et
466 1823 706 1892 ejusdem
739 1820 1063 1884 divinitatis,
1099 1835 1221 1889 qua:
1268 1819 1468 1892 di_v_iua_
1511 1819 1749 1892 ratione,

171 1904 319 1948 tum-
344 1889 626 1963 prodigia,
656 1902 768 1945 tum
797 1892 1033 1963 humana
1083 1906 1248 1963 Opera
1284 1889 1568 1944 alliciebat.
1603 1909 1629 1963 i
1661 1889 1752 1963 ilis

167 1946 364 2033 pariat
386 1946 553 2026 sunt”,
601 1946 882 2033 ’Lequieno
929 1960 974 2016 si
1021 1946 1320 2033 crediums,
1369 1961 1747 2033 Areopagitica
1786 1946 1825 2000 Β

166 2030 324 2088 ἰιίοιει
349 2033 627 2088 nonnulla.
647 2034 739 2086 Ait
760 2032 846 2085 ille
862 2049 983 2100 cap.
1003 2033 1100 2086 cit.
1120 2030 1196 2084 De
1219 2031 1410 2087 divinis
1427 2032 1749 2095 nominibus,

166 2106 198 2177 ᾗ
231 2106 299 2157 10
335 2123 350 2160 :
389 2104 646 2177 Divinitas
682 2101 814 2156 Filii
853 2100 958 2177 Dei
1000 2102 1158 2174 (quod
1210 2102 1446 2177 omnium
1499 2116 1751 2177 novorum

169 2171 560 2237 novissimum)
603 2175 658 2228 in
702 2171 1036 2228 naturalibus
1079 2173 1274 2226 nostris
1326 2171 1752 2240 supernaturalis

166 2256 319 2312 erat,
354 2257 399 2299 et
428 2246 480 2297 in
504 2245 944 2298 substantialibus
987 2242 1542 2312 supersubstantialis,
1573 2245 1753 2295 omnia

167 2328 363 2370 nostra
411 2331 476 2368 ea:
523 2315 673 2368 nobis
720 2325 768 2368 et
824 2330 986 2380 supra
1037 2311 1130 2366 nos
1175 2311 1488 2366 excellenter
1530 2312 1750 2366 habens.

172 2389 411 2440 Dixerat
438 2386 722 2455 superiore
753 2384 780 2456 ᾖ
812 2386 845 2437 6
873 2401 887 2437 :
935 2383 1057 2451 Ipse
1087 2382 1226 2436 Deus
1270 2381 1514 2456 Verbum,
1550 2385 1640 2452 qui
1664 2398 1755 2435 su-

168 2473 276 2525 pra
308 2451 655 2509 substantiam
693 2451 791 2518 esi,
832 2457 1030 2524 integre
1076 2470 1139 2506 ac
1171 2469 1306 2516 vere,
1337 2451 1500 2520 juxta
1524 2451 1587 2506 ac
1636 2468 1752 2516 nos,

169 2524 340 2594 atque
374 2543 438 2579 ea:
471 2527 621 2579 nobis
658 2525 1043 2578 substantiams
1074 2535 1186 2585 est;
1233 2524 1359 2592 egit,
1393 2535 1440 2576 et
1471 2539 1751 2593 perpessus

165 2610 249 2650 est
275 2614 396 2666 qua:
447 2597 898 2649 humano-divina:
930 2597 1248 2666 operationis
1279 2594 1447 2666 ipsius
1489 2596 1754 2666 pra'cipua

166 2663 302 2720 sunt
327 2679 373 2719 et
402 2667 719 2735 singularia.
748 2667 1015 2720 Aitetiam
1037 2665 1089 2717 in
1117 2665 1346 2732 epistola
1370 2663 1404 2717 4
1432 2665 1499 2717 ad
1530 2665 1750 2718 Caium:

167 2739 363 2806 Supra
392 2739 665 2789 hominum
690 2735 1046 2806 conditionem
1073 2737 1232 2804 gessit
1258 2751 1342 2797 ea,
1366 2750 1485 2804 qua:
1515 2746 1636 2787 sunt
1662 2738 1757 2790 Ito-

169 2804 378 2872 minis;
408 2808 550 2876 quod
585 2808 824 2859 declarat
863 2815 909 2858 et
944 2804 1127 2874 Virgo,
1160 2821 1276 2874 qua:
1309 2821 1473 2872 supra
1507 2815 1756 2858 naturain

169 2879 359 2945 parit;
409 2889 456 2929 et
491 2895 626 2945 aqua
673 2879 960 2946 pro/luens,
1012 2891 1131 2944 qua:
1186 2880 1374 2946 pedum
1427 2883 1756 2928 terrenarum

169 2950 494 3017 gravitatem
526 2948 770 3012 sustinet,
811 2963 902 3000 nec
931 2950 1091 3008 cedit,
1129 2950 1220 3000 sed
1265 2947 1460 3000 virtute
1500 2961 1758 3017 superna-

169 3016 345 3070 turali
376 3021 490 3071 sine
521 3017 808 3086 di/fustone
835 3019 1095 3072 subsistit.
1129 3017 1218 3072 Ait
1244 3017 1464 3070 domum
1508 3016 1708 3070 ibidem
1737 3032 1751 3067 :

171 3089 440 3142 Caeterum
463 3090 664 3153 divina,
699 3105 800 3142 non
824 3105 927 3157 qua
962 3088 1122 3149 Deus,
1152 3090 1432 3159 patrabat;
1465 3102 1626 3155 neque
1651 3086 1754 3138 ltu—

172 3176 360 3224 mana,
408 3170 668 3226 quatenus
717 3162 872 3211 homo
901 3159 1154 3226 gerebat:
1186 3160 1277 3212 sed
1330 3168 1589 3226 quatenus
1639 3167 1755 3210 erat

170 3230 323 3281 Deus
354 3239 404 3282 et
431 3232 606 3290 homo,
649 3245 838 3282 novatn
882 3228 1191 3298 quamdam,
1243 3228 1510 3280 nobiscum
1537 3243 1754 3282 conver-

170 3301 366 3362 sando,
397 3301 686 3351 deivirilem
715 3313 1072 3365 operationem
1101 3298 1398 3354 exhibebat.

247 3368 496 3430 Pervius,
526 3369 825 3438 facilesque
860 3369 1167 3437 hujusmodi
1196 3367 1614 3438 sententiarum,
1635 3368 1752 3421 cui-

171 3454 285 3508 que
321 3440 534 3501 obvios,
560 3437 916 3507 propriosque
947 3453 1138 3492 sensus
1159 3438 1490 3492 orthodoxos
1518 3437 1626 3504 jam
1656 3454 1755 3491 ex-

176 3511 486 3580 posuimus.
532 3512 615 3562 Au
661 3511 882 3563 easdem
927 3525 1051 3564 cum
1083 3508 1534 3580 Monopliysiticis
1573 3509 1756 3562 allatis

175 3578 516 3635 iestinmntis
554 3592 908 3648 comparatas
942 3579 1379 3647 espeudeutibus
1410 3578 1755 3648 Eutychiaua

171 3653 430 3705 suboleat
462 3651 744 3720 pravitas?
788 3650 1201 3712 Animadverte,
1233 3651 1300 3720 de
1333 3648 1424 3702 illo
1454 3665 1536 3716 agi
1571 3649 1759 3703 Mono-

173 3720 455 3791 physitico
493 3731 828 3783 commento,
878 3736 988 3790 quo
1037 3736 1140 3774 una
1198 3719 1404 3791 divina
1439 3721 1753 3786 ellicientia,

172 3788 300 3862 qua:
329 3793 421 3844 uni
455 3793 716 3845 convenit
742 3788 950 3844 naturae
981 3791 1201 3851 divinae,
1229 3788 1671 3862 constituebatur
1701 3792 1754 3843 iu

172 3863 422 3928 Christo,
455 3877 559 3930 qua
595 3863 708 3924 ille,
741 3877 848 3929 qua
889 3863 1030 3914 Deus
1069 3872 1176 3923 est,
1216 3876 1314 3928 per
1357 3869 1610 3912 naturam
1649 3861 1754 3914 hu-

174 3949 418 3997 manam,
452 3934 616 3986 veluti
650 3947 743 4000 per
773 3940 1217 3994 lustrumcutum,
1255 3943 1365 3983 tum
1387 3944 1552 3997 opera
1583 3931 1753 3984 mira-

171 4009 365 4057 culosa
393 4005 746 4072 operabatur,
781 4012 892 4055 tum
942 4017 1004 4056 ea
1041 4002 1309 4056 etlicisbat
1351 4003 1588 4054 ltumana
1638 4018 1758 4056 om-

172 4091 292 4138 nia,
325 4088 452 4142 qua:
478 4074 532 4126 iu
565 4075 720 4126 nobis
743 4075 810 4126 ab
839 4074 954 4142 ipsa
981 4074 1215 4126 lmmana
1250 4084 1467 4136 natura,
1495 4079 1752 4142 tanquam

173 4164 204 4198 a
241 4146 512 4214 principio
567 4154 794 4197 actuoso
849 4146 1064 4198 turmali
1125 4144 1565 4212 proﬁciscuntur.
1599 4143 1751 4196 Nihil

173 4217 344 4268 eStin
399 4215 803 4283 Areopagiticis
855 4216 1044 4278 dictis,
1097 4216 1245 4283 quod
1307 4222 1452 4266 hunc
1501 4227 1752 4267 errorem

177 4288 488 4341 adumbret.
523 4285 688 4336 Docet
715 4295 926 4349 auctor,
963 4285 1198 4338 Verbum
1223 4284 1315 4337 Dei
1337 4283 1390 4334 iu
1427 4286 1632 4338 nostris
1656 4299 1754 4336 na-

177 4358 441 4408 turalibus
471 4366 525 4408 et
549 4357 990 4408 substantialibus
1030 4357 1328 4423 assumptis
1355 4354 1635 4423 propriam
1671 4369 1755 4408 re-

180 4427 413 4479 tinuisse
443 4428 646 4493 absque
675 4429 783 4478 ullo
807 4429 1138 4480 detrimento
1165 4425 1531 4487 divinitatem,
1556 4440 1751 4493 super-

178 4497 616 4561 naturalitatem,
648 4496 1330 4563 supersuostautialitatem
1358 4511 1371 4547 :
1422 4493 1532 4547 imo
1562 4504 1617 4548 et
1643 4512 1754 4548 om-

179 4583 270 4619 nia
325 4578 508 4620 nostra
547 4581 612 4618 ea;
657 4569 803 4619 nobis
858 4579 1137 4634 assumpta
1175 4565 1430 4619 habuisse
1458 4579 1619 4632 supra
1656 4582 1751 4618 nos

1874 699 2183 764 procedens
2234 697 2576 752 humanitate
2629 696 2839 764 integre
2867 705 2923 749 et
2968 709 3099 750 vere
3146 707 3444 765 assumpta,

1874 783 1979 822 non
2001 778 2119 823 erat
2142 770 2378 822 humana
2409 768 2605 831 solum,
2634 783 2739 821 non
2765 774 2885 819 erat
2913 765 3096 819 divina
3131 766 3329 829 solum,
3351 767 3450 819 sed

1870 849 1988 894 erat
2029 838 2501 901 humano-divina,
2548 837 2851 907 procedens
2894 853 2922 888 a
2956 834 3066 907 Deo
3102 833 3281 907 Verbo
3315 837 3449 890 sub-

1870 909 2101 964 sistente
2151 908 2203 962 in
2256 909 2491 962 humana
2524 904 2744 962 natura.
2781 904 2966 976 Longe
2995 906 3109 959 haec
3145 905 3353 960 absunt
3381 907 3479 958 ab’

1871 994 1976 1032 una
2009 979 2100 1034 illa
2145 978 2483 1050 Eutychiana
2538 977 2741 1034 Christi
2774 977 3120 1050 operatione,
3165 991 3447 1050 qu_:_e_non

1868 1059 1988 1104 erat
2025 1051 2130 1104 nisi
2176 1044 2358 1104 divina
2385 1048 2698 1113 ellicientia,
2745 1058 2858 1102 tum
2888 1046 3153 1100 miracula
3184 1044 3448 1108 elliciens,

1869 1129 1981 1173 tum
2024 1120 2192 1175 etiam
2225 1119 2481 1188 supplons
2516 1122 2782 1173 humanas
2811 1119 3163 1188 operatioues
3184 1155 3201 1180 ,
3252 1117 3450 1170 Imma-

1867 1190 2040 1248 nitate
2063 1205 2122 1244 se
2163 1187 2400 1246 habente
2430 1190 2603 1244 instar
2631 1187 2946 1258 appendicis
2978 1196 3033 1239 et
3074 1187 3445 1258 instrumenti.

1870 1259 2058 1332 Neque
2079 1262 2254 1316 solum
2309 1260 2449 1314 Deus
2483 1257 2718 1315 Verbum
2753 1261 2805 1312 in
2836 1259 2938 1313 sibi
2967 1257 3220 1332 capulata
3253 1265 3448 1332 natura

1868 1327 2107 1385 humana
2142 1333 2218 1385 ita
2253 1333 2490 1397 agebat;
2539 1346 2728 1384 verum
2760 1331 2924 1384 etiam
2978 1328 3089 1395 pati
3135 1327 3445 1390 dicebatur,

1869 1411 1982 1456 tum
2023 1403 2301 1472 passiones
2334 1400 2640 1458 forinsecus
2665 1402 2943 1472 immissas
2976 1398 3310 1472 recipiendo,
3335 1409 3446 1472 tum

1869 1469 2038 1528 etiam
2079 1473 2361 1543 passiones
2420 1472 2588 1542 ipsas,
2643 1487 2697 1524 v.
2729 1487 2782 1541 g.
2825 1470 3060 1532 dolores,
3089 1469 3448 1543 percipiendo

1863 1543 1916 1597 in
1955 1541 2092 1612 ipsa
2121 1541 2468 1598 humanitate
2513 1551 2792 1610 assumpta
2827 1556 2840 1592 :
2879 1541 3162 1609 supposito
3188 1552 3446 1612 namque,

1858 1623 1909 1668 et
1932 1609 2198 1684 personat,
2229 1614 2389 1668 sicuti
2425 1613 2691 1684 actiones,
2712 1612 3102 1684 _ita_pas_sione_s
3133 1609 3446 1684 attribuun-

1858 1679 1967 1741 tur.
1991 1686 2060 1739 At
2088 1701 2196 1739 non
2223 1685 2398 1738 solum
2430 1683 2678 1738 actiones
2710 1682 2762 1734 in
2789 1681 3013 1736 Christo
3045 1679 3297 1740 Domino,
3316 1679 3448 1748 ipsa!

1857 1758 2020 1809 etiam
2046 1757 2328 1824 passiones
2345 1763 2500 1808 erant
2520 1750 3010 1824 humano-divitum,
3031 1765 3154 1824 cum
3185 1750 3250 1802 ad
3269 1750 3446 1824 ipsum

1859 1825 2026 1880 Deum
2048 1821 2295 1881 'Verbum
2323 1825 2376 1878 iu
2409 1832 2604 1878 natura
2643 1825 2880 1877 humana
2927 1821 3239 1876 subsistens
3274 1821 3447 1874 veris-

1856 1899 1995 1951 sime
2028 1896 2388 1966 pertinerent.

1925 1969 2006 2020 An
2029 1959 2281 2021 errorem
2317 1965 2595 2020 redoleant
2619 1979 2682 2019 ea
2726 1963 2930 2018 verba:
2968 1959 3144 2030 Supra
3167 1960 3445 2015 hominum

1855 2038 2210 2092 conditionem
2244 2037 2403 2106 gessit
2442 2052 2529 2099 ea,
2564 2051 2683 2104 qute
2715 2044 2838 2087 sunt
2871 2032 3140 2086 hominis?
3174 2032 3268 2087 Vel
3304 2032 3445 2106 ipsa,

1857 2123 1978 2177 quae
1997 2103 2364 2177 subjiciuntur
2384 2106 2656 2174 exempla,
2675 2120 2920 2158 errorem
2941 2118 3160 2156 omnem
3180 2103 3447 2177 amoliun-

1860 2173 2234 2247 tur.Natnque
2273 2175 2436 2246 Virgo
2468 2173 2576 2239 est,
2608 2191 2732 2245 qua:
2773 2179 2936 2243 supra
2974 2183 3224 2226 naturam
3273 2173 3444 2240 parit.

1858 2249 2157 2303 Vcrissima
2195 2247 2434 2302 hominis
2463 2248 2812 2314 estaperatio
2853 2258 3068 2312 parere,
3100 2260 3165 2298 ac
3196 2258 3323 2296 vere
3352 2259 3449 2312 pe-

1857 2319 1999 2388 perit
2022 2317 2196 2372 Maria
2218 2316 2414 2386 Virgo;
2441 2316 2535 2371 sed
2558 2316 2822 2386 virginem
2848 2329 3062 2384 parere,
3090 2329 3252 2381 supra
3276 2314 3450 2388 homi-

1859 2385 1983 2442 num
2004 2385 2361 2442 conditionem
2387 2388 2614 2441 dicitur.
2639 2389 2826 2454 Aquas
2855 2395 3100 2454 tangere,
3133 2385 3449 2447 moveri,‘et

1860 2469 2072 2514 mutare
2089 2459 2289 2522 locum,
2309 2467 2435 2512 sunt
2469 2459 2716 2510 lunnaute
2743 2457 3121 2523 uperationes;
3150 2455 3246 2507 sed
3275 2468 3450 2522 aquas

1859 2529 2054 2596 pedum
2116 2529 2387 2600 gravitate
2433 2541 2665 2600 pressas
2695 2541 2800 2579 non
2842 2523 3123 2600 diﬂluere,
3163 2523 3446 2600 hominum

1857 2594 2230 2654 conditionem
2260 2594 2502 2654 excedit.
2539 2598 2817 2652 Christum
2845 2595 3083 2663 denique
3111 2599 3192 2664 (ut
3228 2594 3451 2648 verissi-

1859 2683 1976 2724 mas
2016 2671 2287 2724 humanas
2333 2683 2524 2723 omnes
2579 2670 2934 2735 operatioues
2983 2665 3443 2734 complectamur)

1857 2742 2096 2807 esurire,
2136 2744 2326 2801 edere.
2375 2739 2552 2802 sitire,
2585 2740 2794 2801 bibere,
2827 2751 2890 2789 ac
2919 2735 3120 2788 similia
3157 2750 3446 2798 exercere,

1860 2810 2086 2878 perinde
2120 2820 2206 2866 est
2237 2826 2300 2865 ac
2335 2810 2616 2864 Christum
2654 2823 2715 2861 ea
2753 2823 2933 2878 gerere
2953 2820 3074 2878 qua:
3106 2816 3232 2858 sunt
3274 2807 3450 2878 [tomi-

1861 2876 1977 2943 nis;
2028 2884 2120 2935 sed
2162 2881 2276 2945 ille,
2308 2896 2432 2935 cum
2477 2894 2587 2933 non
2624 2890 2770 2932 esset
2799 2876 2949 2930 solus
2979 2876 3165 2942 homo,
3199 2877 3290 2929 sed
3323 2893 3448 2944 per-

1858 2965 1989 3004 sona
2022 2951 2207 3005 divina
2243 2953 2295 3004 in
2338 2957 2533 3003 natura
2565 2951 2805 3003 humana
2849 2947 3177 3010 subsistens,
3216 2950 3449 3017 gerebat

1858 3037 2021 3086 supra
2049 3022 2318 3074 hominum
2352 3021 2726 3074 conditionem.

1937 3092 2171 3146 Sensum
2221 3093 2364 3145 hunc
2407 3090 2656 3159 apprime
2685 3086 3052 3143 orthodoxam
3085 3085 3448 3159 conﬁrmant,

1859 3173 2105 3215 errorem
2129 3163 2337 3215 nullmn
2371 3157 2666 3230 propitiant
2698 3174 2762 3215 ea
2797 3159 3017 3230 demum
3047 3157 3246 3212 verba:
3280 3157 3454 3211 Crete-

1861 3247 1978 3284 rnm
2002 3232 2202 3296 divina,
2234 3249 2336 3285 non
2366 3229 2470 3300 qua
2497 3230 2660 3295 Dens,
2695 3229 2981 3297 patrabat;
3016 3243 3184 3295 neque
3208 3235 3448 3300 humana

1899 3311 2124 3356 uatenus
2168 3305 2345 3364 homo,
2376 3297 2631 3371 gerebat;
2671 3300 2758 3354 sed
2802 3311 3063 3368 quatenus
3088 3308 3201 3350 erat
3228 3297 3368 3371 Deus
3399 3311 3448 3371 et

1899 3318 2124 3356 natenus
2168 3318 2345 3364 nomo,
2381 3318 2631 3371 gerebat;
2671 3318 2757 3354 sea
2802 3318 3063 3368 quatenus
3088 3318 3201 3350 erat
3228 3318 3368 3350 ueus
3399 3318 3448 3351 et

1858 3318 2032 3425 zonto.
2061 3373 2348 3435 Videlicet,
2380 3384 2555 3440 neque
2588 3372 2850 3425 miracula
2876 3384 2996 3438 qua:
3023 3366 3451 3440 patraliatChri-

1857 3454 1996 3508 stus,
2036 3457 2211 3510 neque
2240 3438 2595 3512 operationes
2624 3441 2894 3494 humanas
2925 3454 3064 3512 quas
3100 3438 3192 3512 ille
3221 3439 3445 3503 edebat,

1861 3522 1955 3565 aut
2003 3513 2154 3567 solus
2191 3511 2331 3568 Deus
2364 3513 2718 3580 Operabatur,
2771 3520 2864 3562 aut
2912 3511 3062 3565 solus
3097 3511 3301 3574 homo;
3349 3513 3446 3564 sed

1859 3583 2024 3638 homo
2057 3585 2202 3638 Deus
2235 3583 2320 3638 vel
2352 3579 2498 3637 Deus
2535 3585 2699 3636 nemo
2737 3579 2928 3641 simul,
2968 3581 3070 3634 hoc
3096 3590 3180 3632 est
3213 3595 3446 3646 persona

1858 3653 2044 3707 divina
2095 3657 2148 3707 in
2188 3663 2384 3708 natura
2431 3653 2743 3706 subsistens
2774 3652 3038 3704 lunuana.
3092 3650 3246 3715 Quod
3281 3651 3325 3704 si
3359 3652 3447 3704 di-

1859 3725 2098 3794 cendum
2146 3723 2326 3788 foret,
2385 3724 2622 3776 humana
2674 3736 2801 3794 non
2838 3722 3076 3794 gessisse
3111 3721 3446 3794 _Christum,

1858 3790 2128 3862 quatenus
2175 3796 2473 3862 hominem,
2501 3807 2570 3845 eo
2593 3793 2721 3861 quia
2753 3792 2935 3844 divina
2982 3790 3276 3845 eﬂicientia
3311 3806 3444 3861 ope-

1860 3861 2090 3917 rabatur
2113 3879 2217 3928 ea;
2266 3865 2337 3917 ita
2377 3861 2732 3926 fabulandum
2774 3871 2945 3925 esset,
2990 3862 3172 3914 divina
3214 3877 3446 3931 uuupa-

1861 3942 2037 3987 trasse
2079 3933 2352 3988 Christum
2399 3942 2674 4003 quatenus
2723 3932 2917 3997 Deum,
2967 3932 3104 4003 ac__si
3145 3931 3442 3987 eﬂicientia

1857 4005 2106 4074 quamam
2150 4005 2388 4057 humana
2418 4001 2802 4058 'miraculosos
2826 4002 2946 4056 illos
2978 4001 3208 4056 all'cctus
3236 4018 3436 4071 opera-

1862 4083 2033 4130 retur.
2072 4077 2260 4144 Apage
2282 4089 2480 4144 nugas.

1925 4146 2058 4210 Quze
2100 4142 2223 4199 cum
2269 4150 2338 4198 ita
2366 4142 2447 4197 'se
2486 4143 2743 4208 habeant,
2789 4157 2892 4196 vox
2938 4142 3085 4197 nulla
3132 4144 3438 4213 excogitari

1858 4228 2040 4286 aptior
2071 4225 2284 4284 poterat
2311 4216 2379 4267 ad
2411 4215 2722 4284 hupismodi
2758 4212 2887 4270 Jcsu
2913 4213 3122 4286 Christi
3155 4212 3444 4283 operatio-

1857 4285 1954 4340 nes
1991 4286 2373 4351 declaraudas,
2416 4301 2582 4353 quam
2621 4301 2770 4339 novae
2807 4285 3066 4338 deivirilis
3095 4286 3445 4353 operationis.

1855 4357 2323 4428 Quemadmodum
2387 4356 2556 4428 686
2618 4359 2770 4428 enim
2831 4354 3108 4428 Christum
3167 4358 3447 4428 credimus

1858 4427 2027 4481 Deum
2057 4426 2590 4494 verum,verumque
2617 4426 2892 4479 hominem
2928 4440 2944 4478 :
2981 4427 3058 4478 ita
3082 4427 3445 4494 Operatioues

1855 4498 1974 4567 ejus
1999 4496 2498 4567 (merashumauas
2524 4501 2577 4549 in
2605 4499 2915 4565 exetiiplum
2948 4497 3182 4567 adduco)
3211 4496 3443 4564 proﬁci-

1856 4566 2158 4622 scebantur
2184 4569 2254 4622 ab
2280 4569 2626 4621 humanitate
2661 4568 2808 4621 velut
2841 4583 2870 4618 a
2897 4566 3172 4635 principio
3198 4568 3444 4632 formali,

177 4639 450 4689 excellenti
476 4649 530 4688 et
553 4638 757 4689 csitmo
781 4643 963 4692 modo.
1007 4639 1270 4705 lutcgratu
1302 4649 1466 4704 quam
1500 4636 1623 4703 quis
1647 4651 1750 4690 non
1780 4643 1822 4702 ο
1858 4646 1913 4691 et
1943 4653 1972 4690 a
2003 4651 2242 4706 persona
2270 4637 2460 4691 divina
2488 4637 2571 4691 vel
2593 4636 2664 4690 ab
2697 4639 3002 4707 hypostasi,
3029 4637 3196 4691 Veluti
3230 4637 3440 4706 princi-

179 4718 361 4760 vndeat
393 4707 720 4778 catholicam
758 4710 940 4770 tidem,
965 4724 1073 4778 qua
1105 4711 1398 4767 credimus,
1422 4707 1625 4778 omnia
1651 4723 1753 4759 uo-

181 4790 293 4831 st‘ra
333 4795 362 4828 a
398 4777 535 4830 Filio
569 4779 664 4832 Dei
697 4776 998 4846 assumpta,
1030 4792 1094 4830 ea:
1122 4780 1270 4829 nobis
1303 4776 1546 4845 quidem,
1582 4779 1634 4830 id
1667 4784 1752 4830 est

179 4862 307 4902 vere
335 4866 399 4901 ac
425 4850 652 4916 integre,
688 4853 781 4902 sed
803 4865 962 4916 supra
988 4865 1104 4912 nos,
1134 4859 1318 4916 utpote
1341 4850 1434 4914 qui
1457 4857 1752 4915 conceptus

181 4919 346 4971 fuerit
379 4933 446 4970 cx
485 4916 742 4986 Virgine,
798 4929 867 4972 ab
914 4921 1061 4972 oumi
1113 4921 1372 4971 itmnunis
1413 4926 1642 4984 peccato
1685 4935 1751 4972 ac

181 5005 328 5042 omm
369 5003 580 5058 peccati
635 4991 996 5057 contagione?
1029 4993 1147 5055 Qua
1197 5003 1415 5042 rursum
1449 4988 1748 5052 credimus,

181 5062 370 5114 eadem
421 5060 608 5112 omnia
663 5074 850 5114 nostra
908 5059 1219 5126 excellenti,
1258 5061 1418 5112 modo
1455 5074 1522 5112 ac
1566 5060 1753 5112 divino

182 5131 362 5185 inesse
381 5129 626 5194 Christo,
652 5146 775 5185 cum
807 5131 987 5184 divina
1015 5131 1138 5184 Filii
1181 5144 1412 5200 persona
1454 5130 1753 5185 subsisten-

185 5211 290 5255 tem
328 5201 515 5254 reddat
541 5212 790 5254 uaturam
834 5204 1158 5266 humanam,
1183 5201 1485 5268 eademque
1514 5215 1748 5268 persona

183 5272 360 5324 divina
392 5274 446 5323 iu
482 5274 718 5325 humana
751 5281 942 5326 natura
983 5281 1263 5338 assumpta
1304 5278 1378 5324 Sit
1419 5271 1747 5338 principium

183 5357 632 5411 quarumcuuque
659 5343 864 5398 Christi
907 5341 1326 5413 opet‘attonum?

252 5414 328 5467 Ea
353 5423 438 5467 est
478 5410 647 5466 etiam
679 5410 958 5467 sententia
988 5414 1233 5468 auctoris
1259 5427 1274 5464 :
1310 5411 1476 5465 Deum
1521 5410 1748 5465 Verbum

184 5487 236 5540 in
268 5487 613 5538 humanitate
635 5485 832 5554 integre
862 5496 908 5537 et
933 5501 1051 5538 vere
1071 5484 1175 5537 sibi
1197 5484 1474 5552 copulata,
1504 5485 1670 5552 egisse
1699 5494 1746 5535 et

182 5571 393 5626 passum
439 5571 551 5607 esse
597 5571 715 5625 qua:
761 5557 1218 5609 humano-divinae
1254 5557 1575 5626 operationis
1631 5554 1746 5623 ejus

181 5625 444 5695 prtecipua
474 5637 595 5679 sunt
636 5636 684 5679 et
729 5627 1051 5695 singularia.
1091 5627 1207 5678 non
1253 5635 1330 5678 ait
1374 5625 1554 5679 divma
1610 5641 1749 5694 qua-

184 5701 304 5751 dam
325 5697 617 5751 etiicieutia
647 5700 829 5767 egisse
865 5712 1033 5764 opera
1065 5696 1252 5750 divina
1300 5697 1653 5760 miraculosa,
1688 5702 1748 5748 et

183 5770 356 5836 egisse
404 5783 470 5820 ac
514 5771 796 5838 sopplesse
825 5770 1170 5838 operationes
1212 5767 1509 5836 caetcroqui
1548 5769 1746 5820 buma-

186 5854 299 5892 nas.
331 5840 424 5892 Ait
455 5837 622 5906 vero,
657 5839 825 5892 Deum
856 5837 1087 5893 Verbum
1109 5839 1285 5906 egisse
1304 5853 1368 5892 ea
1395 5843 1745 5907 umnia,qoat

187 5912 249 5964 ad
284 5915 790 5966 humano-divinam
822 5926 938 5980 eius
981 5925 1351 5982 operationem
1387 5913 1741 5979 spectabant;

1858 4710 1945 4776 pio
1990 4716 2223 4775 agente;
2280 4710 2529 4776 adeoque
2581 4723 2688 4761 una
2747 4722 2879 4761 voce
2917 4708 3259 4776 appellanda.-
3315 4719 3446 4762 sunt

1855 4779 2159 4833 dcivirtles.
2188 4778 2260 4831 At
2291 4782 2753 4847 quemadmodum
2800 4793 2906 4833 non
2950 4795 3055 4831 una
3102 4793 3184 4834 est
3231 4780 3442 4832 Christi

1858 4862 2054 4903 natura
2081 4863 2148 4902 ex
2173 4851 2387 4903 duabus
2419 4848 2679 4912 conﬂata,
2726 4851 2998 4914 sed,nova
3036 4864 3356 4903 naturarum
3390 4855 3444 4904 tu

1854 4934 1919 4973 eo
1975 4919 2152 4974 unitio
2198 4923 2341 4973 tacta
2379 4927 2504 4974 est:
2557 4922 2634 4973 ita
2681 4935 2782 4973 nec
2827 4936 2958 4984 una,
2997 4921 3207 4974 scilicet
3236 4921 3442 4985 divina,

1853 4990 1958 5043 fuit
1983 4990 2186 5044 Christi
2220 4994 2491 5058 operatio,
2523 4992 2618 5044 sed
2645 5006 2775 5041 nam
2813 5003 3069 5059 apparuit
3094 4995 3147 5043 in
3177 5005 3243 5042 eo
3269 4991 3409 5042 deivi
3435 5019 3444 5028 -

1854 5060 1990 5116 rilis.
2016 5059 2135 5132 Non
2165 5061 2239 5114 ita
2269 5061 2614 5132 Eutychiano
2649 5063 2826 5113 errori
2860 5075 3164 5114 consonam
3197 5074 3443 5129 agnove-

1855 5141 1982 5183 runt
2040 5129 2434 5200 Mouophystue
2483 5131 2794 5183 deivu'ilem
2851 5142 3247 5199 cperattonem,
3301 5145 3440 5200 quin

1853 5203 2039 5270 potius
2084 5201 2250 5254 veluti
2297 5204 2584 5254 adversam
2629 5201 2923 5268 rejocerint
2962 5215 3072 5253 non
3113 5201 3302 5268 pauci.
3334 5203 3446 5257 Pro

1852 5285 1986 5324 noua
2046 5271 2426 5327 sustinuerunt
2492 5285 2654 5322 unum
2690 5271 2970 5337 nonnulli;
3003 5286 3164 5323 unum
3202 5275 3444 5326 retinen-

1853 5350 1960 5404 tes,
1991 5342 2296 5395 deivirilem
2322 5343 2636 5410 rejeceruut
2669 5340 2789 5405 alii,
2827 5342 3070 5395 divinam
3096 5341 3442 5399 solutmnodo

1851 5419 2235 5480 agnoscentes.

1877 5479 1980 5534 7lu
2007 5479 2372 5552 Lateranensi
2418 5481 2651 5536 concilio
2707 5482 2810 5536 sub
2858 5480 3094 5537 Martiuo
3123 5497 3263 5552 papa
3299 5499 3444 5541 anno
3515 5519 3518 5523 -

1849 5550 1956 5606 649
1989 5553 2292 5617 celebrato,
2319 5551 2830 5623 Mouephysttarum
2879 5565 3111 5607 duorum
3124 5550 3444 5620 ,conthctus

1850 5624 2145 5691 exponitur
2172 5627 2478 5678 secretario
2507 5625 2542 5678 5
2563 5663 2579 5691 ,
2612 5627 2826 5678 scilicet
2855 5623 3096 5679 Collutlii
3127 5635 3182 5679 et
3211 5626 3441 5680 Themi--

1849 5697 1938 5748 stit
1963 5709 1978 5746 :
2014 5707 2249 5762 quorum
2284 5694 2388 5766 iste
2416 5709 2576 5747 unam
2603 5697 2893 5748 deiviritem
2920 5697 3295 5766 operationem
3328 5707 3441 5752 sta-

1853 5767 2056 5827 tuebat,
2082 5767 2227 5832 quod
2257 5764 2424 5819 etiam
2449 5766 2627 5834 Cyrus
2649 5765 3082 5830 AleXandt‘iuus,
3117 5764 3443 5823 Theodorus

1850 5834 2206 5908 Pharattttes,
2225 5838 2452 5903 Sergius
2472 5848 2530 5888 et
2550 5836 2798 5908 Pyrrhus
2821 5838 3442 5908 Constantinopolitanoi,

1850 5906 2050 5976 altique
2093 5907 2377 5972 dixerunt;
2422 5921 2582 5961 unam
2635 5907 2726 5962 ille
2772 5908 3025 5978 quidem,
3074 5911 3143 5964 ad
3192 5906 3441 5965 divinam
