3870 6570
469 441 609 497 1079

462 565 828 651 solummodo,
862 580 955 619 seu
1004 564 1116 651 Deo
1157 574 1545 651 congruentem.
1573 573 1634 618 ut
1672 562 1901 651 vgcabat
1930 562 2045 651 ille,
2076 596 2119 651 Α

464 644 562 688 aut
605 636 837 691 barbaro
878 634 1144 691 vocabulo
1185 635 1295 688 Deo
1337 635 1647 698 decibilem.
1693 634 1885 688 Grzece
1929 633 2048 689 Θεο-

463 705 675 776 πρεπῆ,
718 707 1094 775 appellandam
1144 720 1267 761 esse
1311 705 1700 761 contendebat.
1740 707 1941 761 Verum
1990 706 2043 759 in

465 723 509 759 π
545 723 675 776 επη,
718 723 1094 775 appeiianoam
1144 723 1267 761 esse
1311 723 1700 761 contendebat.
1748 723 1941 761 verum
1990 723 2043 759 in

465 723 542 831 ida
568 777 987 831 consentiebant
1023 778 1245 831 demum
1295 791 1525 840 omnes,
1559 785 1619 830 ut
1644 792 1748 830 una
1800 786 1946 830 esset
1992 777 2044 829 in

463 847 682 902 Christo
726 849 975 916 operatio
1021 848 1232 912 divina,
1261 847 1416 917 cujus
1448 862 1615 900 unum
1666 844 1811 903 esset
1840 847 2047 915 princi-

460 918 613 981 pium
664 928 946 974 actuosum
995 933 1166 989 penes
1217 917 1598 982 divinitatem,
1651 918 2043 972 humanitatem

463 1003 558 1041 seu
589 988 772 1043 anima
806 988 1056 1043 rationali
1083 999 1139 1044 et
1167 1003 1400 1056 corpore
1426 1004 1486 1043 se
1511 989 1837 1043 habentibus
1868 989 2046 1043 instar

462 1058 651 1129 organi
690 1068 745 1113 et
766 1059 1162 1129 Ainstrumenti,
1199 1074 1296 1128 per
1334 1059 1480 1126 quod
1527 1059 1641 1127 ipsa
1677 1058 2042 1126 trajicerctur.

461 1127 739 1184 Theodori
765 1127 1080 1185 Pharanitis
1108 1127 1271 1184 verba
1304 1130 1509 1187 refero.
1536 1144 1657 1195 quae
1690 1131 1963 1184 habentur
1989 1131 2042 1184 in

460 1200 671 1269 synodo
715 1216 766 1255 νι
801 1202 1140 1256 tecumenica
1192 1202 1411 1256 actione
1493 1200 1600 1259 15,
1633 1208 1687 1253 et
1729 1202 1784 1255 in
1814 1201 2044 1255 Latera-

461 1270 616 1325 nensi
648 1271 820 1326 citato
848 1272 1083 1327 concilio
1113 1272 1413 1325 secretario
1444 1272 1498 1335 '5,
1526 1271 1810 1340 desumpta
1831 1286 1896 1326 ex
1927 1272 2046 1340 ejus

459 1341 690 1410 epistola
725 1342 793 1396 ad
834 1343 1085 1412 Sergium
1128 1342 1506 1398 Arsenoitaiu:
1573 1360 1590 1395 i
1620 1340 1849 1412 Oportet
1878 1340 2046 1411 igitur

460 1426 658 1481 sapere
703 1422 759 1467 et
810 1411 996 1467 dicere
1048 1427 1166 1477 nos,
1214 1412 1395 1466 omnia
1427 1428 1548 1481 quae
1575 1414 1626 1466 in
1658 1411 2045 1468 lncarnatione

461 1479 768 1538 Sa‘lvatoris
794 1482 1000 1538 Christi
1028 1482 1285 1538 dicuntur
1310 1479 1457 1549 esse,
1490 1499 1651 1537 unam
1686 1484 1830 1537 scire
1854 1499 2048 1552 opera-

461 1554 663 1607 tionem
709 1569 865 1620 esse;
915 1552 1077 1621 hujus
1126 1565 1307 1607 autem
1355 1555 1608 1624 opiﬁcem
1653 1562 1707 1608 et
1736 1562 2042 1609 creatorem

460 1626 629 1677 Deum
664 1624 919 1687 Verbum,
950 1640 1215 1694 organum
1255 1639 1385 1694 vero
1425 1625 1816 1679 humanitatem
1857 1625 2041 1679 consi-

460 1704 629 1749 stere.
666 1694 807 1764 Ergo
838 1693 1067 1764 qumque
1098 1694 1262 1748 veluti
1294 1693 1359 1746 de
1393 1696 1504 1749 Deo
1528 1737 1541 1754 .
1576 1704 1670 1748 ant
1696 1698 1935 1749 humane
1975 1696 2043 1751 de

459 1764 580 1832 ipso
621 1764 902 1828 dicuntur,
932 1765 1113 1819 omnia
1147 1782 1254 1820 una
1300 1774 1383 1818 est
1415 1767 1666 1834 operatio
1698 1766 1862 1820 Verbi
1895 1766 2043 1819 divi-

460 1833 670 1890 nitatis.
706 1854 724 1887 ι
774 1835 896 1903 Quo
922 1836 1040 1890 loco
1069 1833 1533 1891 Monotheliticum
1562 1846 1618 1890 et
1650 1836 2044 1906 Monophysiti-

457 1920 583 1975 cum
625 1920 868 1960 errorem
921 1908 1206 1975 perspicue
1252 1908 1562 1974 expositum
1617 1907 1804 1961 habes.
1865 1910 2039 1973 Quam

1259 417 1537 498 Nomia
1577 439 1644 495 iN
1683 440 1740 495 s.
1789 436 2175 494 DIONYSIUM
2211 435 2674 493 PARISIENSEM
2709 437 2929 495 EPISC.

3641 432 3779 487 1080

2154 561 2450 617 suscitare.
2498 562 2737 631 llujuscc
2784 571 3046 616 extrema:
3088 559 3284 613 classis
3325 555 3779 631 operationitais

2152 632 2501 700 frequentius
2525 627 2744 692 Patres.
2780 634 2869 701 qui
2901 631 3279 684 Monothelitas
3298 641 3362 701 et
3393 627 3779 701 Moimpbysi-

2154 713 2239 758 tas
2259 697 2501 758 insecuti
2531 710 2684 766 sunt,
2708 697 2975 757 deivirilis
3002 700 3338 769 operationis
3371 714 3599 752 nomen
3635 697 3779 769 indi-

2150 776 2385 837 derunt;
2438 776 2742 843 eodemque
2789 768 3169 844 operationuin
3205 786 3426 844 genere
3473 768 3772 827 adhibito,

2149 846 2285 901 duas
2310 846 2362 899 in
2396 844 2617 900 Christo
2657 843 3008 911 operationes
3038 843 3476 905 emisiituebant,
3520 852 3774 907 quarum

2151 915 2324 989 altera
2348 915 2713 989 a_divinitate,
2740 932 2767 969 a
2794 925 2989 989 natura
3015 915 3251 989 humana
3282 912 3775 989 proﬁciscebatur

2150 986 2345 1042 altera.
2378 986 2629 1057 Tangere
2677 1001 2935 1051 carnem,
2971 987 3313 1055 inquiebant,
3348 984 3769 1057 CUjllSAgSLIIi‘S‘i

2150 1057 2420 1122 heminis;
2454 1051 2695 1126 efcujiis
2724 1066 2811 1111 est
2858 1051 3128 1110 mortuum
3159 1058 3435 1116 excitare,
3473 1053 3601 1108 nisi
3636 1051 3771 1105 Dei?

2222 1128 2491 1183 Caeterum
2552 1144 2678 1181 cum
2711 1127 3219 1198 Arenpagiticorum
3273 1136 3479 1181 auctor
3537 1134 3608 1179 et
3646 1134 3769 1198 post

2150 1200 2326 1268 ipsum
2380 1198 2715 1253 Scholiastes
2761 1198 2901 1264 ejus.
2938 1196 3155 1267 aliique
3192 1198 3393 1254 Patres
3439 1196 3765 1268 universini

2148 1265 2422 1324 aﬁirment
2454 1271 2675 1339 (verbis
2706 1280 2830 1323 utor
2860 1265 3117 1322 Ludovici
3151 1268 3512 1323 Thomassiiii
3551 1266 3644 1320 De
3676 1265 3766 1317 ln-

2149 1342 2491 1404 curnati‘one,
2524 1341 2662 1396 libro
2701 1356 2763 1402 v,
2792 1338 2973 1409 capite
3004 1340 3060 1404 6,
3095 1341 3147 1395 ll
3171 1342 3220 1408 )z
3258 1359 3277 1392 ι
3310 1354 3418 1393 nec
3465 1351 3531 1392 ut
3588 1339 3763 1390 Deum

2149 1411 2354 1477 divina,
2404 1429 2504 1467 nec
2551 1420 2610 1463 ut
2655 1412 2931 1465 honinem
2986 1412 3221 1465 humana
3269 1421 3577 1479 operatum
3640 1424 3766 1461 esse

2146 1480 2455 1546 Christum;
2484 1483 2579 1537 scd
2612 1492 2667 1535 et
2699 1482 2750 1534 in
2781 1483 2982 1537 divinis
3019 1482 3439 1551 Operationibus
3483 1481 3760 1541 hominis,

2146 1560 2201 1607 et
2230 1554 2282 1606 in
2302 1552 2690 1635 AhiiinanisDei
2715 1553 2931 1635 aliquas
2961 1552 3389 1635 partesl’uisse;
3431 1552 3577 1635 quid
3606 1551 3761 1635 aliud

2147 1633 2318 1678 restat
2356 1625 2458 1679 nisi
2491 1640 2557 1677 ex
2591 1625 2700 1677 Deo
2746 1634 2799 1678 et
2833 1621 3055 1678 homine
3092 1624 3284 1678 inistas
3324 1621 3760 1692 quodammodo

2146 1694 2314 1749 fuisse
2344 1712 2536 1748 omnes
2567 1693 2769 1747 Christi
2798 1695 3145 1763 operationes
3181 1709 3244 1746 ac
3274 1695 3520 1761 proinde
3553 1708 3757 1747 omnes

2148 1766 2519 1819 theandricas.
2548 1765 2799 1833 Alioquin
2828 1782 2933 1819 non
2968 1767 3039 1819 ita
3075 1765 3604 1826 indiscrimiiiatiin,
3648 1780 3754 1816 non

2146 1835 2221 1890 ita
2272 1835 2681 1890 inconsiderate
2734 1835 3195 1903 pronuntiandum
3240 1846 3391 1899 erat,
3427 1852 3533 1891 nec
3563 1835 3750 1887 divina

2148 1915 2208 1959 ut
2239 1907 2430 1974 Deum,
2467 1922 2566 1960 nec
2595 1908 2830 1960 humana
2860 1919 2918 1959 ut
2943 1908 3218 1960 hominem
3251 1918 3555 1975 operatum
3587 1920 3749 1967 eSse;

458 1974 614 2043 longe
638 1991 767 2031 vero
791 1978 1006 2045 lateque
1032 1974 1233 2032 distant
1253 1977 1632 2045 Areopagitica
1657 1977 1832 2031 dicta!
1863 1976 2040 2030 Unam
2073 1993 2115 2046 Β
2145 1979 2240 2033 sed
2273 1977 2722 2047 circumspectius
2766 1979 3022 2032 aicuduin
3055 1977 3254 2047 fuerat,
3284 1974 3487 2030 divina
3523 1976 3751 2042 quidem

456 2055 616 2099 vocat
640 2048 1011 2114 operationem
1036 2048 1236 2102 Christi
1268 2047 1611 2109 Theodorus,
1638 2065 1827 2101 novam
1850 2058 2042 2101 auctor

458 2125 678 2170 noster:
709 2118 944 2171 divinam
978 2118 1319 2173 solummodo
1348 2118 1460 2181 ille,
1491 2118 1783 2171 deivirilem
1818 2129 1913 2171 aut
1937 2119 2042 2169 liu-

456 2189 883 2241 mano—divi’nam
918 2188 1052 2243 iste:
1092 2190 1527 2257 proliciscentem
1558 2206 1586 2241 a
1617 2187 1732 2243 sola
1771 2186 1927 2241 Verbi
1958 2189 2044 2241 di-

453 2258 671 2311 vinitate
713 2259 1057 2324 Pliaranites,
1109 2278 1137 2312 a
1176 2258 1286 2313 Deo
1316 2270 1363 2312 et
1394 2259 1603 2313 homine
1633 2268 1824 2313 auctor
1867 2260 2042 2313 Areo-

454 2328 858 2399 pagiticorutn:
899 2329 1186 2397 trajectatn
1221 2330 1440 2383 demum
1481 2346 1578 2399 per
1617 2330 2037 2394 humanitatem,

454 2397 621 2469 veluti
660 2415 755 2469 per
783 2415 1049 2469 organum
1101 2400 1224 2465 ille;
1265 2416 1371 2469 qua
1410 2397 1569 2465 voce.
1599 2411 1696 2455 30l-
1724 2400 1918 2467 δίωίηι
1947 2411 2041 2454 θυι

452 2466 598 2540 :iﬁiiii
631 2466 762 2523 u—sus
794 2466 897 2525 iste
929 2486 1206 2540 nunquam
1235 2466 1337 2525 est.

524 2536 683 2611 Patet
709 2556 872 2608 quam
909 2536 1170 2608 maxime,
1199 2549 1436 2597 mentem
1482 2540 1600 2610 ejus
1638 2542 2042 2611 consiliumque

452 2610 595 2663 haud
610 2607 801 2678 fuisse,
819 2621 877 2665 ut
902 2628 1066 2665 unam
1097 2607 1392 2667 iquristo
1416 2607 1663 2667 divinam
1689 2607 2039 2669 efﬁcientiam

450 2689 744 2751 statueret,
778 2697 900 2751 quae
928 2681 1169 2736 elIiceret
1193 2682 1377 2737 omnia
1396 2722 1412 2746 ,
1441 2684 1556 2737 sive
1585 2683 1769 2736 divina
1818 2696 2001 2738 essent
2024 2725 2040 2749 ,

452 2750 571 2823 sive
602 2750 838 2805 humana
874 2766 1207 2823 apparerent
1235 2768 1401 2821 opera
1432 2755 1571 2822 ejus.
1602 2752 1715 2808 lino
1744 2754 1794 2806 id
1829 2754 1930 2808 sibi
1972 2756 2041 2808 ab

452 2822 570 2890 ipso
598 2825 938 2892 propositum
976 2825 1113 2877 satis
1142 2833 1384 2887 constat,
1429 2834 1487 2877 ut
1536 2839 1727 2878 novatn
1768 2827 2042 2893 operatio-

451 2907 576 2945 nem
621 2893 860 2959 Christi,
892 2910 958 2949 ex
1011 2909 1149 2947 nova
1195 2896 1427 2948 duarum
1476 2907 1794 2949 naturarum
1832 2897 1884 2949 in
1933 2912 2039 2950 una

451 2977 686 3031 persona
716 2963 837 3018 Filii
866 2968 1066 3018 unione
1082 2976 1494 3035 exsurgentem,
1522 2964 1832 3020 declararet
1848 2968 2042 3021 condi-

454 3035 655 3088 tionem
686 3034 1038 3104 indoleniqiie
1066 3038 1118 3089 in
1142 3050 1208 3090 eo
1230 3037 1486 3103 positam,
1519 3045 1578 3089 ut
1604 3038 1856 3104 operatio
1879 3037 2041 3091 Chri-

451 3104 522 3156 sti
574 3104 832 3168 quaelibet
881 3107 1140 3159 deiviri‘li’s
1193 3117 1379 3168 esset.
1428 3117 1523 3159 aut
1566 3106 2038 3161 humano-divina.

451 3173 676 3243 Triplex
704 3176 820 3246 jam
840 3193 1022 3245 genus
1042 3177 1423 3247 Operationuin
1452 3177 1568 3244 ejus
1597 3177 1854 3246 distingui
1881 3193 2042 3246 opor-

451 3256 567 3300 tere
582 3249 1000 3311 ailnotavinnis;
1030 3265 1216 3303 earum
1237 3249 1467 3313 Scilicet,
1489 3263 1612 3318 quae
1632 3248 1865 3302 Deitatis
1886 3261 2037 3318 sunt,

452 3327 512 3368 ut
541 3320 810 3372 mundum
841 3334 1068 3385 creare;
1100 3334 1289 3373 earum
1323 3320 1450 3374 item
1478 3359 1493 3383 ,
1528 3333 1649 3387 qua:
1681 3320 2040 3374 humanitatis

456 3388 774 3456 specialiter
801 3394 1036 3455 propriae
1065 3401 1215 3453 sunt,
1253 3399 1310 3441 ut
1338 3391 1587 3453 esurire,
1615 3389 1815 3455 edere;
1851 3406 2040 3443 earum

450 3456 708 3525 denique,
728 3474 846 3524 qua:
870 3460 1045 3513 inista:
1060 3460 1316 3512 dicuntur
1333 3460 1735 3527 quodammodo
1753 3475 1821 3512 ex
1841 3461 2043 3514 utrius-

450 3543 558 3594 que
592 3538 797 3584 natura:
826 3529 1103 3594 conlinitn,
1136 3541 1195 3583 ut
1225 3541 1373 3583 tactu
1419 3532 1605 3585 carnis
1633 3540 1907 3583 mortuum
1942 3547 2042 3584 ex-

2146 2058 2202 2100 iit
2260 2049 2450 2112 Deum,
2501 2046 2736 2101 humana
2794 2058 2853 2102 ut
2916 2046 3193 2100 hominem
3240 2049 3583 2117 plerumque
3633 2063 3751 2115 per-

2143 2119 2360 2187 egisse;
2413 2134 2541 2172 raro
2598 2130 2803 2179 autem,
2849 2133 3043 2186 nempe
3068 2118 3193 2169 dum
3226 2119 3501 2172 miracula
3535 2118 3748 2175 ederet,

2144 2192 2327 2243 divina
2358 2196 2415 2241 ut
2440 2188 2741 2255 hominem,
2774 2191 3011 2243 humana
3038 2198 3095 2239 ut
3115 2188 3280 2242 Deum
3308 2188 3597 2253 eﬂ‘ccisse,
3622 2189 3747 2242 dum

2146 2260 2419 2325 tangendo
2448 2261 2751 2313 suscitabat
2789 2270 3086 2323 mortuum,
3115 2270 3170 2311 et
3198 2261 3534 2315 suscitando
3562 2272 3745 2328 tange-

2145 2330 2259 2384 bat.
2305 2333 2376 2384 At
2422 2331 2629 2383 nullum
2662 2332 2765 2385 sibi
2800 2330 3026 2385 limitem
3056 2331 3171 2398 ligit
3205 2342 3447 2385 auctor:
3480 2330 3741 2385 Cancrum

2145 2416 2308 2470 neque
2338 2402 2516 2454 diuina
2547 2411 2601 2453 iit
2639 2401 2798 2466 Deus,
2830 2417 2992 2469 neque
3045 2402 3281 2455 humana
3324 2413 3381 2454 ut
3414 2408 3581 2455 homo
3625 2418 3742 2470 age.

2144 2472 2270 2552 (irit;
2298 2473 2683 2552 sed_qualenus
2715 2481 2829 2525 erat
2861 2471 3003 2552 Deus
3025 2482 3079 2552 et.
3114 2472 3292 2552 homo,
3330 2490 3532 2526 novam
3562 2489 3742 2541 quain—

2142 2544 2289 2607 dam,
2322 2543 2593 2595 nobiscum
2631 2544 3014 2609 conservando,
3046 2543 3349 2612 deivirilem.
3375 2557 3740 2610 operationem

2143 2613 2437 2685 exhibebat.
2466 2634 2483 2664 ι
2528 2614 2629 2676 Οιιί
2675 2623 2730 2666 et
2769 2614 3031 2685 alioglocu
3062 2627 3167 2666 non
3204 2615 3388 2685 solum
3426 2614 3740 2685 θεουργίαν,

2142 2682 2377 2757 divinam
2407 2685 2787 2753 operationem,
2814 2683 2909 2738 sed
2938 2687 3101 2736 etiam
3128 2682 3740 2757 ἀνδρικήνιιιιιηιὶιηαηι,

2148 2755 2251 2826 hoc
2282 2758 2369 2809 est
2404 2756 2911 2809 humano-divinam
2950 2764 3126 2826 vocat.
3161 2775 3178 2804 i
3202 2759 3280 2808 Ac
3320 2755 3593 2826 praetcrea
3628 2761 3742 2808 the-

2144 2824 2382 2897 andrij
2431 2828 2767 2897 operationis
2820 2825 3147 2897 priuetpiiiiu
3207 2824 3466 2897 indigitat
3510 2839 3738 2887 auctor,

2147 2893 2317 2946 Deum
2352 2897 2615 2949 hominem
2636 2893 2868 2963 factum,
2893 2908 2948 2950 et
2979 2912 3008 2948 a
3050 2895 3162 2950 Deo
3190 2893 3417 2953 homine
3450 2899 3605 2952 facto
3637 2916 3739 2949 non

2143 2967 2368 3019 tertium
2399 2977 2608 3019 tantum
2659 2971 2992 3037 mistumque
3034 2983 3205 3034 genus
3238 2972 3614 3038 operationis,
3647 2969 3741 3022 Sed

2142 3046 2198 3087 et
2230 3038 2493 3104 primum,
2523 3047 2579 3091 et
2620 3040 2919 3092 secundum
2965 3038 3305 3107 prolliiebat;
3360 3051 3420 3093 et
3453 3041 3542 3095 sui
3576 3042 3741 3094 fontis

2144 3120 2395 3180 saporem
2444 3107 2641 3175 triplex
2692 3110 2782 3162 hic
2819 3109 3027 3163 rivulus
3069 3124 3169 3176 pro
3191 3126 3293 3164 suo
3334 3114 3580 3180 quisque
3628 3127 3740 3165 ino-

2144 3177 2710 3253 dnloaliqiieiirsane
2733 3187 3010 3253 servabat.
3044 3200 3062 3232 ι
3102 3177 3529 3253 Εςτυείειίιιιιιὶι
3564 3184 3741 3252 pergit

2146 3247 2237 3299 ille
2256 3251 2481 3323 docere.
2518 3250 2645 3323 llaec
2676 3256 2807 3306 satis
2861 3252 3018 3323 uenis
3065 3247 3410 3323 eratin—qna:
3463 3247 3740 3309 hac-tenus

2068 3350 2111 3407 ο
2147 3318 2496 3407 tradidimus,
2523 3335 2582 3403 ut
2636 3322 3166 3407 integrancatholica
3209 3318 3341 3405 ﬁdes
3385 3326 3737 3393 Areojiagiii—

2151 3406 2341 3466 corum
2363 3395 2628 3466 auctoris,
2657 3392 2817 3462 longe
2845 3395 3086 3459 diversa,
3120 3396 3475 3466 maximeque
3504 3392 3735 3450 auvérsa

2151 3460 2509 3542 Eutychianis
2581 3460 2931 3529 commentis,
2958 3480 3057 3533 pro
3086 3465 3229 3518 virili
3264 3460 3542 3521 vindicata
3570 3479 3626 3523 et
3646 3484 3739 3522 ex-

2150 3544 2328 3598 posita
2359 3543 2685 3588 innotescat.

459 3664 3719 3691 .————-——————-————-—_—————————‘h—_—_——

871 3783 1671 3940 NOTITIA
1727 3788 1930 3938 IN
1993 3783 2153 3939 S.
2216 3784 3306 3947 DlONYSlUM

1339 4042 1804 4099 PABISIENSEM
1841 4042 2229 4099 EPISCOPUM
2260 4044 2344 4098 ET
2382 4045 2796 4100 lllAllTYllEM.

931 4192 1131 4264 (Gallia
1168 4194 1493 4260 Christiana,
1533 4208 1686 4248 novae
1734 4192 1995 4247 editionis
2028 4202 2067 4246 t.
2103 4191 2212 4256 Vll,
2249 4210 2301 4263 p.
2342 4196 2398 4261 4,
2432 4196 2485 4249 in
2517 4197 2786 4277 episcopis
2816 4196 3267 4265 Parisieiisibus.)

521 4461 582 4514 S.
634 4459 953 4529 Dionysium
1004 4475 1034 4512 a
1093 4460 1354 4529 pontiﬁce
1394 4462 1645 4516 Romano
1690 4460 2034 4526 ordinatum,

450 4529 861 4584 Parisiensibus
882 4531 1086 4585 Christi
1127 4534 1288 4584 ﬁdem
1329 4533 1716 4597 annnntiasse,
1751 4531 2033 4586 Parisien-

451 4616 567 4654 sem
599 4602 914 4656 condidisse
942 4601 1270 4663 Each-siam,
1304 4605 1545 4671 primum
1595 4603 1756 4671 hujus
1793 4604 2032 4670 gessisse

449 4670 1491 4742 episcopatum,martyrioqne’vitain
1544 4670 1753 4727 ﬁniisse
1803 4676 1855 4726 in
1894 4688 2035 4726 cou-

451 4742 601 4795 fesso
628 4750 713 4794 est
745 4741 888 4809 apud
919 4741 1136 4796 omnes.
1174 4745 1308 4807 Quis
1334 4756 1519 4797 autem
1570 4744 1735 4797 fuerit
1767 4743 1858 4797 ille
1896 4743 2032 4797 Dio-

454 4813 667 4882 nysius,
708 4826 819 4880 quo
851 4821 1095 4882 tempore
1134 4814 1355 4877 vixerit,
1399 4825 1455 4867 et
1495 4830 1524 4866 a
1571 4829 1681 4882 quo
1734 4830 1764 4867 e
1804 4814 2034 4867 suminis

451 4884 807 4954 puntiliCibus
873 4884 927 4936 in
978 4884 1210 4939 Calliam
1258 4885 1330 4938 sit
1379 4885 1685 4954 delegatus,
1736 4884 1838 4938 sub
1877 4883 2033 4951 cujus

451 4953 763 5026 principatu
789 4957 1111 5026 martyrium
1137 4954 1351 5021 l'ecerit,
1384 4953 1621 5026 qiitestio
1652 4964 1758 5019 est,
1786 4970 1909 5023 qua:
1936 4970 2030 5009 su—

452 5024 656 5095 periori
698 5027 906 5079 saiculo
935 5024 1159 5095 magnis
1195 5024 1433 5093 partium
1479 5028 1679 5081 studiis
1732 5036 2030 5089 renovata,

451 5094 958 5167 pluresvdoctrina,
991 5094 1213 5166 ingenio
1242 5106 1298 5150 et
1334 5100 1544 5167 pietate
1593 5097 1838 5167 insignes
1881 5097 2032 5151 viros

453 5166 782 5235 exagitavit.
824 5166 1085 5221 Nostrum
1130 5166 1369 5222 nonest
1409 5177 1593 5221 tantas
1638 5168 1765 5222 lites
1809 5182 2035 5235 compo-

454 5251 609 5294 nere.
634 5235 756 5292 Jam
784 5239 930 5292 enim
975 5239 1029 5291 in
1061 5237 1381 5306 praefatione
1407 5238 1655 5308 generali
1688 5248 1880 5292 noster
1908 5252 2032 5291 nio-

453 5309 577 5361 nuit
604 5308 1072 5363 Saiuinarthanus
1105 5309 1274 5363 nostri
1325 5325 1429 5364 non
1474 5325 1598 5363 esse
1629 5309 1868 5363 instituti
1901 5323 2031 5378 pro-

378 5414 379 5419 η
453 5378 583 5433 lixis
605 5380 1086 5435 dissertationibus
1122 5380 1493 5435 Ecelesiaruni
1521 5380 1765 5450 origines
1796 5379 2031 5434 investi-

455 5464 611 5518 gare,
634 5452 835 5522 quibus
860 5452 998 5506 ultra
1028 5451 1202 5521 legem
1236 5459 1400 5503 tantae
1419 5451 1577 5522 molis
1599 5466 1737 5522 opus
1761 5452 2030 5522 tenderet.

453 5523 525 5573 At
556 5536 681 5576 cum
712 5523 778 5576 de
817 5522 1133 5592 primordiis
1164 5523 1423 5577 Ecclesia:
1459 5521 1791 5576 Parisiensis
1816 5521 2032 5590 gravis-

452 5593 607 5647 sima:
622 5594 1027 5660 disputationes
1062 5595 1206 5646 inter
1231 5596 1382 5647 viros
1403 5593 1647 5646 historiae
1663 5592 2034 5661 peritissimos

452 5666 733 5730 praeterito
791 5665 1029 5718 maxime
1077 5664 1282 5718 saeculo
1337 5665 1391 5717 in
1454 5663 1631 5717 lucem
1690 5664 2032 5730 prodierint,

452 5735 661 5804 absque
704 5735 1053 5806 negligentiae
1104 5744 1255 5800 nota,
1302 5743 1399 5789 aut
1446 5734 1697 5806 veritatis
1738 5734 2031 5804 dispendio

451 5804 795 5859 diversarum
826 5804 1147 5876 opinionum
1174 5806 1535 5860 fundamenta
1573 5804 2032 5857 Samniartliano-

454 5888 578 5929 rum
595 5877 843 5946 vestigiis
865 5875 1230 5941 inhzereiites,
1263 5892 1366 5932 nec
1390 5875 1483 5929 ulli
1508 5876 1712 5929 addicti
1737 5876 2030 5946 magistro,

452 5947 676 6003 silentio
725 5945 1165 6023 praetermittere
1196 5964 1305 6004 non
1355 5961 1672 6020 possumus.
1728 5945 1922 6017 itaque
1974 5956 2035 6001 ut

2064 4344 2135 4355 u—

2151 4458 2368 4513 ratione
2398 4458 2558 4514 etvia
2589 4466 2778 4513 nostra
2804 4457 3066 4526 procedat
3086 4457 3286 4521 oratio,
3308 4455 3507 4526 triplex
3541 4457 3727 4511 distin-

2143 4530 2357 4598 guenda
2400 4530 2617 4583 videtur
2646 4531 2856 4596 opinio,
2888 4545 3076 4582 eorum
3113 4530 3205 4597 qui
3246 4544 3415 4581 unum
3450 4532 3726 4581 ennulem-

2142 4615 2248 4666 que
2264 4600 2579 4671 Dionysium
2600 4603 2639 4652 Α
2650 4602 2981 4669 reopagitam
2998 4610 3052 4654 et
3069 4599 3439 4671 Parisiensem
3454 4610 3721 4671 astruunt,

2068 4659 2112 4713 Ι)
2143 4659 2316 4724 altera
2344 4659 2538 4725 eo'ruin
2569 4673 2661 4739 qui
2694 4659 3084 4741 Ai'eopagitaiii
3110 4687 3138 4723 a
3171 4670 3474 4723 Parisiensi
3500 4659 3721 4738 quidem

2136 4742 2512 4809 distinguunt,
2545 4741 2640 4795 sed
2677 4742 2822 4795 hunc
2852 4760 2881 4796 a
2915 4747 2975 4799 ὃ.
3003 4742 3285 4795 Clemente
3317 4742 3552 4794 missum
3583 4756 3723 4793 asse-

2106 4845 2112 4851 -
2141 4823 2288 4865 runt.
2324 4812 2610 4864 Postrema
2631 4826 2820 4866 eorum
2857 4822 2941 4867 est
2968 4815 3057 4881 qui
3099 4810 3419 4881 Dionysium
3450 4810 3718 4881 Parisieu-

2136 4896 2253 4937 sem
2289 4893 2345 4935 et
2379 4882 2544 4952 687
2569 4883 2636 4935 ab
2662 4879 2998 4955 Areopagita
3024 4879 3347 4955 discernunt
3373 4892 3435 4955 et_
3457 4898 3488 4934 a
3520 4879 3578 4934 S.
3600 4885 3719 4935 Cleo

2137 4961 2319 5007 mente
2347 4968 2573 5024 missum
2602 4964 2824 5024 negant,
2867 4953 3048 5009 medio
3089 4966 3271 5024 autem
3299 4953 3531 5006 circiter
3564 4956 3718 5007 tertio

2137 5024 2341 5104 saeculo
2384 5039 2415 5077 e
2460 5021 2728 5078 Romanis
2774 5026 3025 5094 partibus
3072 5027 3123 5080 in
3168 5021 3380 5078 Gallias
3448 5025 3719 5095 appulisse

2135 5096 2477 5148 existimant.

2203 5166 2285 5219 Ac
2316 5165 2495 5234 primo
2524 5164 2743 5234 quidem
2773 5166 2813 5221 S
2856 5166 3147 5237 Dionysius
3168 5168 3507 5238 Areopagita
3539 5165 3719 5221 multis

2136 5235 2339 5290 abhinc
2363 5238 2580 5310 saeculis
2615 5238 2862 5310 creditus
2890 5235 3231 5293 Parisiorum
3265 5235 3482 5310 primus
3512 5239 3717 5310 episco-

2136 5320 2238 5379 pus
2275 5317 2333 5360 et
2364 5307 2667 5375 apostolus,
2702 5308 2770 5362 de
2797 5310 2922 5363 lidei
2964 5311 3244 5379 mysteriis
3266 5307 3304 5363 a
3338 5312 3504 5365 beato
3551 5308 3717 5363 Paulo

2136 5377 2386 5450 edoctus,
2412 5380 2746 5450 baptizatus,
2775 5390 2833 5434 et
2852 5377 3274 5434 Atheniensium
3305 5383 3601 5450 episcopus
3626 5393 3717 5432 or-

2137 5448 2381 5514 dinatus,
2419 5462 2542 5502 cum
2588 5448 2837 5518 pluribus
2883 5451 3041 5504 annis
3089 5452 3231 5508 hanc
3280 5448 3591 5507 Ecclesiain
3632 5450 3714 5503 di-

2140 5519 2401 5592 rexisset,
2447 5535 2638 5573 ainore
2687 5518 2834 5574 Pauli
2884 5522 3133 5589 magistri
3183 5523 3292 5589 sui,
3335 5538 3500 5592 quem
3534 5522 3718 5574 Romae

2139 5591 2380 5643 vinctum
2430 5603 2742 5659 acceperat,
2792 5593 2999 5647 relictis
3041 5594 3293 5657 Athenis,
3334 5591 3403 5648 ad
3448 5609 3576 5648 eum
3618 5591 3714 5643 iter

2138 5659 2290 5714 fecit.
2318 5661 2515 5715 Postea
2558 5677 2687 5716 vero
2719 5681 2746 5714 a
2773 5662 3057 5717 Clemente
3089 5666 3375 5732 pontiﬁce,
3411 5664 3582 5718 sociis
3608 5660 3711 5713 Bu-

2137 5732 2280 5785 stico
2304 5736 2647 5802 presbytero,
2684 5733 3001 5787 Eleutherio
3033 5735 3266 5788 diacono
3286 5742 3343 5788 et
3373 5736 3497 5789 aliis
3519 5734 3711 5801 pleris-

2138 5816 2269 5873 qnc,
2295 5806 2347 5855 in
2381 5804 2589 5858 Callias
2616 5806 2943 5873 praedicandi
2986 5806 3268 5873 Evangelii
3297 5820 3465 5860 causa
3495 5806 3708 5867 missus,

2138 5872 2416 5927 Lutetiam
2466 5878 2797 5939 devcniens,
2850 5891 2975 5928 cuin
3023 5877 3095 5930 ibi
3144 5872 3241 5943 per
3288 5892 3461 5930 annos
3504 5874 3712 5944 aliquot

2139 5952 2493 6001 commissum
2531 5945 2634 6001 sibi
2666 5960 2803 6017 opus
2852 5947 3088 6002 ﬁdeliter
3120 5957 3575 6019 prosequeretur,
3601 5958 3711 5999 tau-
