3870 6560
121 442 308 498 1085
754 444 760 451 ⁷
1009 439 1290 498 NOTITIA
1328 439 1394 495 IN
1433 439 1491 496 S.
1528 434 1910 495 DIONYSIUM
1944 431 2402 490 PARISIENSEM
2442 434 2660 492 EPISC.
3313 436 3450 495 1086

117 561 478 658 Ludo‘vicus
513 561 811 658 imperatgr
839 571 898 614 ut
934 563 1173 658 Ili'onysi’i
1204 562 1543 658 Parisie‘nsi's
1570 572 1756 658 gestq-
1785 601 1832 658 Α
1863 557 2083 658 stlolaska
2121 567 2312 658 sancto
2341 555 2564 638 .Ignatio
2609 558 3034 658 adntaﬂyrium
3069 559 3449 658 prolirilscen'm

119 649 281 658 _--....
357 633 602 658 ξ..ι,...ι-...
638 648 700 658 Α..
799 634 951 658 ..ι-ιιι2..
1030 635 1139 658 -.2.-
1169 649 1301 658 ---.-
1334 649 1412 658 Α-.
1439 635 1504 658 ξιιι
1551 647 1612 658 ..η
1644 647 1702 658 ΔΑ
1862 643 1891 658 Α
1917 643 2018 658 nn“
2064 643 2119 658 sua
2152 643 2208 658 na
2270 643 2421 658 nne-no
2460 644 2624 658 ...ιιι-ιη
2651 639 2780 658 nulla.
2855 630 3091 658 ιιιηιηιῖηι.
3123 632 3175 658 ξ..
3231 632 3240 658 ἒ
3269 648 3346 658 ι-..
3427 648 3449 658 Α

119 649 282 688 rum
315 628 602 686 historiam
635 648 701 688 ex
744 633 953 690 Graecis
982 628 1304 702 Latinisque
1331 635 1614 689 codicibus
1641 632 1754 702 θοι-ς
1785 628 1832 658 λ
1861 628 2239 702 elucubratas,
2269 628 2424 702 cujus
2460 644 2625 702 unam
2649 629 2782 702 citat
2806 628 3093 702 Dionysius
3123 632 3176 684 in
3210 630 3346 684 lihro
3372 632 3449 684 De

127 704 363 774 ligeret
385 723 401 760 :
427 704 589 774 huius
617 703 1170 772 epistolmmandato,
1199 697 1319 774 quae
1338 713 1518 759 exstat
1535 715 1686 759 tomo
1710 701 1751 756 II
1861 698 2060 774 divinis
2091 698 2422 774 nominibus.
2449 698 2521 752 At
2552 697 2793 764 Ignalius
2812 697 2969 774 juxta
2995 699 3289 774 Barouium
3325 717 3446 774 mo-

130 773 462 828 Concilior.
486 767 698 838 Gallitit,
733 773 952 842 collegit
974 775 1194 837 Iibrmn,
1217 767 1301 828 cui
1328 775 1512 829 titulus
1543 793 1555 828 :
1587 781 1750 829 Areo-
1863 768 2006 842 ritur
2035 783 2124 823 an.
2153 767 2275 832 109,
2309 784 2356 842 a_
2379 783 2486 836 quo
2515 779 2762 842 tempore
2787 769 3007 842 librum
3038 770 3286 842 perfecit,
3322 769 3447 826 Dio—

127 847 431 911 pagitica,
467 861 574 912 quo
598 846 832 914 primus.
865 846 1064 913 inquit,
1097 847 1348 902 omnium
1391 846 1574 899 docuit
1617 846 1748 900 Dio-

134 917 383 983 nysium
403 917 784 984 Areopagitam
818 917 1067 969 eumdem
1088 933 1213 971 cum
1239 916 1531 970 Parisiensi
1555 934 1570 982 ;
1602 919 1747 983 quod

139 998 217 1041 ut
253 997 497 1047 astruat.
523 987 742 1041 chartas
774 1001 839 1038 ex
876 987 1118 1053 armario
1163 987 1461 1042 Parisiensi
1496 989 1755 1043 vetustis-

139 1059 362 1124 simas,
391 1055 771 1126 Martyrologia
797 1073 862 1111 ex
903 1058 1101 1112 abditis
1131 1058 1316 1111 Romae
1351 1073 1502 1112 nova;
1531 1058 1752 1114 scriniis

139 1130 382 1192 profert
410 1128 462 1182 in
488 1128 688 1188 lucem.
717 1127 1048 1194 Gregorium
1085 1144 1217 1184 vero
1245 1127 1620 1184 Turonensem
1655 1131 1746 1196 qui

142 1202 388 1256 diversa
447 1199 686 1253 senserit
739 1198 1114 1263 simplicitatis
1186 1210 1430 1254 accusat.
1492 1199 1750 1255 Creditur

148 1271 460 1326 llildninns
498 1282 616 1324 arte
640 1268 954 1323 Grtecorum
979 1271 1218 1326 favorem
1249 1267 1364 1334 ejus
1393 1269 1748 1326 ambientium

142 1342 416 1407 delusus,
444 1350 502 1394 ιιι
531 1341 622 1408 qui
655 1339 882 1406 perditis
921 1356 1109 1396 eormn
1154 1341 1317 1395 rehns
1350 1359 1376 1391 a
1407 1339 1747 1398 Francorum

145 1412 395 1481 regibus
424 1411 705 1479 suppetias
735 1411 1110 1474 postulabant.
1139 1411 1281 1466 (litat
1314 1412 1480 1462 etiam
1506 1410 1750 1469 Aristar-

143 1485 330 1537 ohnm
359 1482 649 1536 Hildninns
671 1493 720 1535 et
742 1481 1016 1547 Vishinm,
1045 1498 1165 1550 qum
1188 1481 1368 1534 omnia
1391 1490 1504 1535 toto
1521 1485 1749 1551 capitel

149 1553 579 1608 dissertationis
606 1551 855 1608 confutat
889 1553 1232 1606 Sirmondus.
1263 1562 1312 1604 et
1345 1553 1572 1620 apponit
1610 1569 1751 1620 prm-

150 1627 354 1694 cipue.
386 1621 894 1694 Martyrologiorum
956 1623 1366 1694 Gallicanorum
1426 1633 1747 1694 perpetuam

150 1692 571 1750 auctoritatem.
619 1692 822 1746 Deimle
869 1695 1086 1763 ignotus
1132 1693 1232 1746 fuit
1265 1693 1473 1748 Graecis
1504 1696 1748 1764 episcopi

150 1768 436 1821 transitus
467 1779 496 1817 a
540 1764 668 1817 sede
711 1764 1004 1832 episcopali
1046 1767 1113 1819 ad
1158 1764 1345 1825 aliam.
1383 1764 1456 1817 ita
1500 1775 1562 1820 ut
1606 1769 1747 1834 apud

151 1837 314 1900 ipsos
343 1839 446 1892 hoc
479 1834 805 1890 adulterium
829 1846 1170 1896 censeretur.
1215 1850 1337 1889 cum
1373 1839 1611 1892 antistes
1638 1836 1750 1891 Ec-

149 1906 348 1963 clesia:
371 1923 482 1963 suae
517 1904 682 1958 veluti
717 1921 932 1974 sponsas
962 1907 1244 1961 adhaerere
1281 1921 1494 1961 summa
1527 1908 1633 1962 llde
1657 1919 1740 1961 te-

1861 838 2052 908 nysius
2076 839 2384 908 composuit
2404 855 2540 908 opus
2563 837 2638 894 De
2657 839 2914 908 theologia
2939 837 3251 908 symbolice.
3280 843 3447 897 docet

1910 898 2234 972 imotheum',
2262 898 2492 962 Romani
2527 898 2916 975 proﬁciscitur.
2953 898 3077 966 Haec
3106 898 3359 966 accurate
3389 923 3445 966 et

1858 979 2015 1042 plura
2049 978 2315 1033 Marinus.
2339 979 2562 1046 Insuper
2587 981 2923 1034 tlcmonstrat
2955 981 3282 1036 Sirmondus
3312 983 3443 1036 Dio-

1859 1049 2076 1120 nysium
2105 1050 2497 1118 Areopagitam
2537 1066 2640 1103 non
2679 1052 2782 1104 sub
2805 1050 3040 1119 Trajano
3061 1052 3142 1106 vel
3174 1053 3442 1119 Adriano,

1858 1119 1952 1174 sed
1987 1119 2434 1190 subgDomitiano
2482 1123 2805 1190 martyrium
2835 1120 3054 1186 fecisse,
3091 1131 3148 1175 ut
3194 1138 3441 1178 comme—

1856 1198 2074 1260 morant
2106 1188 2526 1260 Metaphrastes.
2558 1188 2887 1256 Methodius,
2922 1192 3040 1260 ipse
3063 1192 3351 1248 Ililduinus
3383 1202 3441 1248 et

1862 1258 2178 1321 Rutbertus,
2211 1258 2463 1332 quamvis
2496 1263 2564 1315 de
2606 1277 2750 1316 anno
2775 1258 3086 1332 discrepent
3110 1272 3166 1317 et
3202 1263 3314 1332 die.
3343 1261 3440 1318 llis

1858 1332 2199 1399 argumentis
2242 1331 2348 1384 alia
2406 1332 2800 1387 dissertatione
2856 1330 3163 1388 Ger—manus
3203 1330 3439 1388 Milletus

1857 1401 2002 1472 edita
2035 1399 2177 1472 ιδιξ).
2207 1401 2438 1467 singulis
2481 1401 2758 1456 Sirmondi
2803 1405 3077 1472 capitibus
3131 1404 3434 1472 respondit.

1859 1467 2101 1544 Tandem
2127 1470 2364 1544 Joannes
2397 1474 2465 1526 de
2493 1472 2716 1544 Launoy
2745 1467 2934 1529 eodem
2967 1490 3113 1529 anno
3143 1467 3438 1544 discussio-

1853 1556 1979 1613 nem
2006 1541 2265 1613 inlucem
2287 1543 2476 1606 edidit,
2510 1544 2562 1596 in
2595 1541 2704 1610 qua
2745 1545 3036 1613 probatum
3076 1561 3105 1597 a
3142 1542 3438 1598 Sirmondo

1853 1611 1921 1664 de
1950 1611 2165 1665 dttobus
2193 1611 2463 1672 Dionysiis
2492 1611 2786 1668 discrimen
2834 1629 2900 1668 ex
2945 1614 3252 1668 inveniendi
3287 1630 3438 1672 asse-

1853 1681 2125 1751 rendique
2167 1683 2279 1736 vcri
2333 1681 2546 1751 legibus
2592 1682 2928 1750 defenditur,
2978 1683 3262 1750 subjunxit
3307 1698 3439 1738 vero

1854 1751 2146 1825 utriusque
2179 1752 2354 1807 Vitam
2374 1753 2634 1825 ‘l_)iouysii
2667 1771 2731 1806 cx
2763 1755 2988 1823 optima:
3038 1754 3159 1825 lidei
3191 1755 3435 1825 auctori:

1853 1819 1958 1892 bus
2010 1819 2316 1877 collectam.
2372 1819 2628 1877 Mirac‘uh
2679 1819 3013 1879 Parisiensis
3070 1823 3241 1878 habes
3289 1824 3436 1892 apud

1853 1889 2180 1962 Gregorium
2212 1893 2609 1962 Turonensem.
2639 1895 2776 1948 libro
2811 1911 2851 1959 ι,
2879 1909 3002 1962 cap.
3039 1894 3130 1959 72,
3157 1893 3234 1946 De
3263 1889 3435 1947 mira-

153 1961 416 2046 meretur;
441 1961 543 2042 qui
571 1990 690 2030 mos
732 1961 787 2030 in
822 1977 1062 2031 Ecclesia
1116 1977 1306 2031 Latina
1339 1993 1516 2046 usque
1544 1961 1743 2032 adno-

1852 1961 2142 2046 c‘ulisalib.
2172 1961 2406 2046 vnllist.)
2430 1979 2559 2046 .cap.
2599 1965 2689 2046 ὃς),
2716 1974 2771 2046 et
2804 1965 2900 2046 lib.
2935 1961 2991 2031 ιι,
3026 1980 3146 2046 cap:
3305 1963 3438 2045 Fre:

152 2066 293 2104 num
329 2050 584 2104 samulum
621 2046 813 2110 viguit.
839 2046 992 2111 Quod
1025 2063 1155 2102 vero
1175 2047 1482 2102 Germanus
1511 2048 1746 2104 Millctns

151 2121 389 2188 opponit
431 2136 496 2174 ex
539 2115 770 2173 Socrate
821 2121 919 2172 lib.
961 2135 1061 2182 vn,
1103 2134 1226 2186 cap.
1269 2118 1361 2178 55.
1410 2121 1501 2188 qui
1556 2119 1744 2188 plures

151 2187 386 2244 Grzecos
409 2192 696 2262 cpiscoqqs
719 2190 877 2243 sedes
902 2199 1140 2245 mutasse
1165 2187 1443 2251 recenset;
1458 2187 1744 2262 retorquet

154 2257 551 2330 argumentum
605 2257 971 2316 Sirmondns:
1017 2269 1236 2315 etcum
1300 2262 1432 2316 nihil
1485 2257 1745 2318 occurrat
1793 2305 1796 2309 .

154 2335 308 2398 apud
347 2331 625 2386 Socratem
663 2331 728 2384 de
760 2331 1016 2403 Dionysio
1055 2343 1163 2385 tam
1199 2331 1399 2386 celebri
1426 2336 1565 2400 apud
1592 2333 1744 2403 Grai-

156 2420 279 2464 cos,
307 2404 437 2457 hinc
464 2403 666 2472 Optime
690 2401 987 2470 conjicitur
1013 2403 1214 2457 nullam
1241 2403 1383 2470 apud
1407 2407 1552 2472 ipsos
1582 2402 1742 2470 huius

161 2474 435 2527 transitus
476 2473 529 2526 in
561 2471 767 2528 Gallias
809 2474 976 2528 fni-sse
1024 2475 1366 2527 memoriam.
1404 2471 1516 2530 lmo
1551 2475 1743 2528 conci-

161 2542 298 2597 lium
354 2542 701 2607 Sardicense,
748 2559 958 2599 canone
997 2545 1050 2610 1,
1089 2555 1278 2612 aperte
1329 2545 1488 2600 docet
1532 2545 1742 2598 nullum

155 2615 474 2676 episconnm
508 2630 535 2666 a
565 2612 772 2680 majore
800 2616 1020 2669 civitate
1051 2615 1116 2668 ad
1143 2618 1407 2670 minorem
1433 2616 1740 2680 transiisse,

159 2687 310 2758 quod
341 2685 535 2758 falsum
572 2695 738 2742 esset.
771 2689 816 2739 si
860 2685 1150 2758 Dionysius
1181 2686 1422 2758 Athenas
1467 2686 1742 2758 ﬂorentis-

159 2756 362 2809 simam
409 2755 685 2810 civitatem
747 2755 1081 2826 reliquisset,
1132 2765 1190 2810 ut
1241 2757 1419 2811 adiret
1467 2755 1739 2810 Lutetiam

161 2834 297 2879 tunc
345 2826 608 2894 temporis
653 2826 880 2881 Athenis
933 2827 1121 2881 multis
1175 2827 1349 2881 titulis
1395 2828 1736 2882 inferiorem.

159 2895 340 2960 Onam
365 2911 497 2950 vero
529 2911 716 2963 parum
752 2898 1125 2955 credibileest
1169 2897 1486 2967 Dionysium
1521 2905 1742 2961 octoge-

165 2967 325 3038 nario
358 2968 628 3038 majorem
650 2975 727 3038 Iot
763 2969 1034 3034 tantisque
1063 2968 1599 3038 peregrinationibus
1622 2967 1742 3034 lon-

161 3037 406 3107 cissimis
443 3046 495 3089 et
529 3037 856 3092 dillicillimis
903 3049 1044 3092 terra
1085 3040 1336 3107 marique
1369 3039 1739 3106 perfunctum,

164 3107 399 3167 Italiam,
425 3107 679 3170 Galliam,
703 3109 1016 3177 Hispaniam
1044 3119 1099 3164 et
1119 3110 1302 3162 Asiam
1322 3107 1552 3162 Joannis
1578 3123 1742 3160 evan-

164 3179 374 3245 gelistze
398 3180 606 3232 visendi
638 3181 811 3244 gratia
841 3181 1200 3246 peragrasse!
1239 3179 1376 3245 Quid
1402 3179 1546 3248 quod
1574 3177 1742 3232 Joan-

165 3265 265 3302 nes
310 3249 567 3308 Marinus.
614 3249 852 3305 Oratorii
913 3253 1203 3320 presbyter
1254 3249 1627 3308 doctissimus.
1685 3249 1738 3301 iu

165 3320 488 3384 pmiatione
515 3335 797 3375 sacrarum
823 3322 1231 3375 ordinationum
1267 3321 1644 3388 decerplarum
1672 3335 1736 3372 cx

165 3391 228 3446 S.
263 3389 508 3462 Dionysii
538 3389 694 3462 ilihro
724 3391 799 3446 De
845 3393 1145 3446 hierarchia
1189 3391 1572 3462 ecclesiastica,
1603 3389 1743 3462 typis

164 3462 312 3515 edita
345 3459 489 3517 anno
529 3461 694 3526 1655,
735 3465 927 3528 prohat
964 3471 1222 3516 accurate
1246 3463 1427 3516 omnia
1467 3459 1582 3514 fere
1617 3459 1743 3514 Dio-

170 3533 312 3602 nysii
341 3547 506 3600 opera
565 3532 618 3584 in
648 3532 772 3586 Asia
807 3533 873 3586 ah
903 3548 967 3585 eo
999 3531 1339 3600 conscripta,
1374 3532 1607 3602 indeque
1641 3548 1739 3584 au-

167 3600 389 3668 lequam
438 3605 490 3656 in
534 3603 743 3660 Gallias
795 3603 1434 3669 adveniretcentenario
1479 3600 1741 3668 majorem

165 3672 360 3727 fuisse.
397 3672 574 3728 Unum
603 3683 696 3727 aut
719 3674 946 3727 alterum
971 3683 1354 3739 argumentum
1384 3687 1451 3726 ex
1476 3673 1594 3740 ipso
1618 3686 1745 3739 pro-

167 3743 426 3797 feremus.
456 3744 687 3799 Vivebat
717 3745 769 3797 in
799 3745 1022 3798 Oriente
1056 3743 1348 3812 Dionysius
1387 3758 1508 3796 cum
1539 3742 1738 3795 librum

165 3815 445 3869 scribebat
473 3813 552 3868 De
583 3815 774 3867 divinis
805 3813 1127 3876 nominibus,
1161 3824 1220 3867 ut
1247 3814 1651 3866 demonstratur
1675 3826 1743 3866 ex

169 3885 329 3937 titulo
360 3900 375 3938 :
409 3886 551 3939 hunc
580 3885 724 3938 enim
763 3883 1049 3938 Timotheo
1090 3883 1447 3953 Ephesiorum
1487 3883 1743 3952 episcopo

168 3965 449 4024 nuncupat
478 3955 712 4009 :deintle
738 3955 910 4017 verba
935 3955 1134 4024 quibus
1164 3953 1296 4006 liber
1317 3953 1526 4014 linitur,
1557 3967 1744 4007 neces-

168 4027 319 4079 sario
363 4027 619 4080 evincunt
665 4034 955 4091 utrumque
991 4026 1042 4078 in
1075 4026 1263 4080 eadem
1310 4034 1402 4076 aut
1443 4025 1618 4077 vicina
1655 4037 1744 4076 re-

168 4097 333 4156 gione
364 4097 588 4150 vixisse.
614 4096 799 4163 Quare
831 4111 958 4148 vero
987 4095 1032 4148 si
1069 4105 1202 4150 tunc
1233 4095 1286 4147 in
1319 4093 1528 4148 Gallias
1552 4108 1742 4147 versa-

170 4177 262 4221 tus
301 4178 471 4231 esset,
501 4165 689 4220 Grmce
728 4177 784 4220 et
825 4179 931 4218 non
979 4164 1172 4220 Latine
1221 4165 1526 4220 scriberet?
1561 4163 1743 4229 Quare

171 4253 281 4290 non
306 4239 486 4305 potius
518 4235 890 4306 prazdicationi
921 4247 973 4291 et
1019 4235 1547 4305 peregrinationibus
1577 4248 1746 4306 vacas

171 4316 277 4369 ret,
307 4314 365 4359 ιιι
393 4305 551 4360 ﬁdem
584 4317 933 4375 propagaret,
973 4316 1028 4362 et
1062 4308 1363 4360 insumeret
1389 4315 1604 4375 tempus
1633 4305 1741 4359 sibi

169 4392 493 4432 concessum
511 4379 576 4430 ad
607 4379 1008 4445 pr:edicandum
1037 4375 1388 4444 Evangelinm
1423 4375 1580 4429 libris
1611 4389 1744 4428 con-

173 4447 510 4509 scribendis,
551 4464 672 4516 qua:
708 4449 876 4501 otium
928 4447 1254 4516 profundmn
1305 4447 1744 4516 altissimamqne

169 4517 414 4584 quietem
448 4515 804 4571 desiderant?
831 4515 1016 4584 Itaque
1039 4519 1090 4570 in
1111 4516 1237 4570 Asia
1269 4517 1516 4572 condidit
1543 4515 1741 4568 librum

223 4604 252 4641 ε
275 4587 468 4641 divinis
500 4589 802 4641 nominibus
835 4597 958 4654 post
982 4599 1211 4642 mortem
1230 4587 1445 4655 lgnatii,
1471 4599 1591 4654 qua}
1619 4600 1744 4640 con-

171 4658 296 4726 tigit
347 4674 488 4712 anno
537 4657 739 4712 Christi
783 4657 916 4719 109;
966 4658 1096 4712 citat
1138 4657 1282 4711 enim
1336 4673 1457 4725 cap.
1491 4656 1525 4710 4
1566 4655 1742 4709 sancti
1774 4655 1822 4714 D

172 4727 365 4798 lgnatii
391 4729 718 4781 sententiam
763 4729 1054 4782 scribentis
1087 4744 1208 4780 cum
1235 4727 1471 4798 Romam
1499 4727 1744 4798 admar-

173 4796 374 4868 tyrium
400 4799 698 4857 duceretur
721 4801 788 4852 ad
815 4798 1087 4852 Romanos
1114 4798 1320 4852 lideles.
1345 4796 1552 4867 Agebat
1579 4797 1744 4921 igitur

173 4867 466 4921 Dionvsius
495 4883 696 4921 annum
727 4868 848 4921 102.
877 4885 999 4921 cum
1034 4884 1096 4921 ex
1129 4870 1254 4921 Asia
1283 4869 1366 4921 vel
1387 4867 1559 4920 media
1642 4882 1744 4919 rte-

173 4867 466 4938 Dionysius
495 4883 696 4921 annum
727 4868 848 4932 102,
877 4885 999 4922 cum
1034 4884 1096 4922 ex
1129 4870 1254 4922 Asia
1283 4869 1366 4922 vel
1387 4867 1559 4920 media
1589 4867 1745 4938 Grie-

171 4941 258 4993 cia
284 4937 509 4992 Romam
533 4953 593 4993 se
619 4941 866 5002 contulit,
894 4940 980 4991 ubi
1011 4938 1325 4992 Pontilicem
1356 4937 1744 5006 deprehendis-

173 5017 280 5075 set,
330 5023 436 5062 non
482 5008 842 5071 Cletnentem,
897 5021 956 5061 ut
1004 5010 1229 5070 volunt,
1281 5011 1373 5062 sed
1423 5007 1743 5061 Anacletum

169 5079 472 5133 Clementis
495 5079 756 5149 martyrio
795 5080 962 5132 futicti
997 5095 1390 5134 successorem.
1419 5081 1488 5132 At
1510 5079 1555 5132 si
1589 5093 1740 5132 com-

173 5165 431 5218 paremus
453 5149 637 5202 ultima
659 5150 818 5202 verba
845 5149 966 5202 libri
986 5149 1062 5203 De
1083 5149 1268 5202 divinis
1294 5149 1590 5202 nominibus
1621 5163 1742 5202 cum

176 5221 245 5274 iis
273 5234 395 5288 qua:
418 5221 623 5288 profert
651 5219 807 5272 initio
833 5220 1076 5288 epistolae
1099 5221 1164 5273 ad
1193 5219 1375 5272 Titum
1406 5220 1742 5288 episcopum,

175 5292 491 5361 necessario
515 5290 835 5360 colligemus
865 5289 1210 5361 Dionysium,
1231 5297 1522 5361 antequam
1547 5289 1746 5343 inGaI-

175 5362 278 5414 lias
317 5360 774 5428 proﬁcisceretur,
807 5375 980 5414 annos
1011 5360 1209 5412 ’natutn
1259 5360 1452 5413 saltem
1505 5361 1748 5427 quinque

173 5440 271 5483 aut
305 5444 398 5483 sex
422 5443 582 5498 supra
624 5440 869 5498 centum,
905 5446 967 5483 ac
994 5429 1216 5497 proinde
1248 5447 1356 5485 non
1392 5446 1420 5482 a
1444 5430 1744 5493 Clemente,

180 5514 284 5553 nec
316 5499 384 5551 ab
414 5499 694 5559 Anaclelo,
729 5502 822 5553 sed
870 5503 939 5553 ab
982 5501 1231 5554 Evaristo
1262 5516 1527 5554 annosum
1559 5514 1746 5556 senem

174 5584 302 5623 esse
325 5569 548 5623 missum
576 5586 590 5622 :
621 5570 815 5626 liniens
847 5571 990 5625 enim
1027 5571 1223 5624 librum
1251 5571 1329 5624 De
1358 5572 1552 5625 divinis
1578 5571 1749 5623 nomi-

177 5640 354 5712 nibus,
380 5644 456 5693 ait
487 5656 546 5712 se
576 5650 704 5695 tunc
743 5643 810 5695 ad
857 5642 1184 5710 theologiam
1231 5641 1612 5712 symboltcam.
1637 5639 1747 5695 Deo

177 5710 336 5773 duce,
382 5711 781 5774 transiturum;
819 5712 976 5766 initio
1026 5727 1155 5766 vero
1203 5710 1398 5766 littera:
1445 5712 1513 5765 ad
1561 5712 1746 5766 Titum

176 5777 312 5851 dicit
339 5793 396 5851 se
427 5780 494 5834 de
527 5781 795 5849 theologia
841 5782 1137 5851 symbolica
1171 5783 1480 5849 scripsisse,
1513 5795 1748 5851 eamque

178 5848 469 5920 Timmheo
493 5851 640 5904 domi
675 5848 787 5906 sua:
809 5848 1110 5920 cit—plicasse
1146 5870 1160 5905 :
1195 5848 1298 5908 ista
1320 5869 1426 5906 non
1457 5848 1750 5920 potuerunt

183 5918 428 5990 proiecto
471 5922 811 5992 contingere,
850 5918 952 5978 nisi
1010 5924 1215 5994 aliquot
1263 5925 1423 5979 annis
1459 5918 1589 5992 post
1634 5923 1746 5995 epi-

1849 2034 2159 2099 degarium,
2183 2033 2442 2089 Chronici
2469 2050 2588 2100 cap.
2621 2036 2712 2098 54,
2745 2037 3069 2088 Audoenum
3104 2033 3436 2103 Rothomag—i

1847 2103 2134 2175 praesulem
2172 2105 2224 2156 in
2263 2104 2379 2158 Vita
2414 2104 2474 2158 S.
2509 2105 2689 2174 Eligii,
2715 2106 2808 2159 lib.
2841 2120 2882 2171 ι,
2911 2121 3037 2175 cap.
3064 2105 3157 2158 29..
3191 2104 3433 2175 Duorum

1847 2187 2068 2244 quoque
2099 2173 2481 2244 Dionysiorum
2515 2173 2806 2229 diserimen
2847 2173 3079 2243 probant
3111 2177 3163 2229 in
3205 2173 3433 2244 scriptis

1847 2243 1982 2314 suis,
2016 2243 2290 2314 Aubertus
2319 2244 2534 2298 Mirazus
2561 2247 2611 2298 in
2645 2245 2949 2299 Annalibus
2975 2244 3230 2314 Belgicis,
3280 2243 3436 2298 Ileri-

1847 2312 2037 2386 herlus
2077 2313 2485 2386 Rosweiduset
2532 2314 2826 2386 Dionysius
2859 2312 3118 2386 Petavius
3145 2316 3432 2386 societatis

1845 2380 1973 2437 Jesu
2023 2386 2356 2453 presbyteri,
2404 2380 2688 2440 Nicolans'
2723 2385 2936 2446 Faber,
2995 2384 3254 2439 Ludovici
3318 2384 3433 2438 XIII

1846 2463 2174 2521 praeceptor,
2209 2455 2484 2509 Antonius
2511 2454 2798 2516 Loisellus,
2833 2458 3081 2509 Andreas
3111 2455 3431 2521 Querceta-

1847 2537 1949 2576 nus
1992 2525 2044 2577 in
2079 2524 2222 2578 nolis
2252 2527 2321 2578 ad
2376 2524 2766 2579 Bibliothecam
2818 2524 3225 2580 Cluniacensem
3260 2535 3316 2579 et
3373 2527 3425 2579 in

1849 2591 1992 2647 Vitis
2033 2593 2374 2662 pontiﬁcum.
2418 2595 2748 2664 Franciscus
2774 2599 2939 2651 etiam
2971 2596 3281 2662 Bosquetus
3309 2596 3430 2664 epi-

1847 2677 2045 2731 scopus
2095 2665 2448 2719 Lentevensis
2496 2663 2639 2720 llist.
2691 2667 2787 2724 lib.
2830 2683 2867 2732 ι,
2913 2681 3036 2734 cap.
3071 2667 3161 2731 26,
3209 2665 3277 2718 de
3327 2663 3430 2719 hac

1845 2734 2158 2806 quaestione
2191 2735 2308 2789 fuse
2339 2736 2580 2798 disserit,
2612 2747 2665 2790 et
2697 2738 2796 2792 alii
2826 2739 2965 2790 bene
2999 2739 3154 2790 multi
3189 2752 3426 2806 quorum

1846 2804 2036 2875 procul
2069 2805 2238 2860 dubio
2275 2806 2603 2861 testimoniis
2644 2822 2946 2875 persuasus
2978 2804 3295 2861 Ludovicus
3318 2808 3432 2859 Au-

1845 2874 2028 2928 touius
2069 2876 2137 2929 de
2167 2876 2406 2932 Noailles
2439 2874 2750 2932 decessoris
2782 2877 2863 2931 sui
2894 2876 3164 2945 judicium
3205 2879 3270 2930 de
3319 2893 3430 2944 quo

1845 2960 2034 3017 supra,
2058 2947 2478 3017 reformandum
2515 2949 2751 3012 putavit,
2780 2949 2870 3017 qui
2907 2949 2958 3000 in
3007 2945 3288 3001 Breviario
3319 2947 3428 2999 Pa-

1847 3014 2094 3078 risiensi,
2124 3018 2269 3085 quod
2297 3033 2444 3070 anno
2482 3017 2620 3071 1700
2654 3014 2990 3073 auctoritate
3026 3017 3201 3084 ipsius
3234 3031 3300 3071 ac
3328 3032 3426 3070 ve-

1848 3086 2112 3158 nerabilis
2139 3089 2362 3156 capituli
2397 3103 2664 3158 consensu
2692 3089 2896 3142 editum
2929 3098 3035 3154 cst,
3062 3087 3198 3141 duos
3228 3087 3430 3158 Diony-

1845 3155 1956 3209 sius
1986 3155 2256 3228 distinxit,
2291 3167 2348 3211 et
2373 3157 2460 3228 die
2488 3158 2522 3212 5
2551 3160 2672 3213 Oct.
2706 3158 2947 3212 cilicium
2977 3158 3321 3228 semiduples
3359 3155 3428 3228 de

1843 3236 2034 3300 sancto
2080 3227 2336 3300 Dionysio
2369 3227 2715 3300 Areopagita,
2747 3246 2810 3300 ac
2841 3232 2873 3282 9
2906 3229 3156 3300 ejuslein
3203 3227 3414 3300 mensis

1771 3312 1814 3377 ρ
1847 3296 2112 3377 so’lemme
2161 3296 2334 3366 majus
2385 3298 2453 3377 de
2489 3296 2744 3377 Dionysio
2792 3297 3095 3352 Parisiensi
3143 3297 3428 3367 sociisque

1846 3368 2188 3438 recitandum
2221 3370 2580 3438 praescripsit.

1913 3436 2081 3508 690
2094 3439 2171 3492 Ad
2190 3436 2350 3509 quem
2371 3436 2551 3494 autem
2574 3437 2880 3508 pertineant
2902 3439 3102 3507 scripta
3129 3455 3249 3508 qua:
3262 3438 3427 3509 vulgo

1846 3508 2089 3578 Dionysii
2141 3508 2488 3579 Areopagitae
2531 3511 2752 3563 nomine
2810 3511 3212 3575 inscribuntur,
3266 3508 3428 3563 intri-

1849 3579 2131 3632 catissitna
2164 3590 2382 3648 qucque
2422 3580 2732 3634 dtﬂicultas.
2763 3579 3149 3634 Certissimutn
3184 3589 3263 3635 est
3296 3591 3428 3634 ante

1845 3663 2048 3720 annum
2094 3648 2199 3703 552
2251 3650 2447 3704 horum
2501 3651 2941 3720 apudauetores
2999 3651 3247 3719 probata:
3302 3651 3424 3703 lidei

1846 3718 2056 3771 nullam
2092 3721 2209 3773 lieri
2256 3718 2613 3774 mentionem.
2642 3719 2830 3773 Citant
2876 3720 2962 3771 illa
2993 3718 3226 3788 primum
3259 3720 3424 3776 Seve-

1846 3789 1982 3841 riaui
2025 3789 2267 3844 haeretici
2298 3791 2348 3842 in
2382 3791 2675 3843 collatione
2710 3791 2894 3842 habita
2934 3804 3058 3842 cum
3095 3791 3418 3853 catholicis,

1845 3873 1971 3928 quas
2003 3859 2242 3928 episcopi
2275 3860 2535 3913 catholici
2569 3875 2628 3913 se
2675 3859 2934 3928 ignorare
2979 3859 3240 3915 fatentur.
3275 3860 3426 3914 Pau-

1846 3927 1998 3981 latim
2033 3927 2211 3983 tamen
2241 3929 2496 3983 detuirati
2530 3927 2884 3997 sequentibus
2918 3931 3254 3998 temporibus
3281 3931 3424 3986 tanti

1846 3999 2136 4066 scriptoris
2169 4000 2472 4053 doctrinam
2496 4001 2784 4052 sublimem
2817 4011 2868 4053 et
2895 4013 3026 4052 vere
3057 4002 3420 4055 orthodoxam

1886 4069 2150 4124 robarunt
2187 4073 2472 4138 pontiﬁces
2512 4071 2570 4123 S.
2617 4068 2915 4136 Gregorius
2961 4079 3018 4123 et
3065 4069 3334 4124 Martinus
3372 4072 3418 4126 Ι.

1886 4085 2150 4124 rouarunt
2187 4085 2472 4138 ponunces
2512 4085 2570 4123 δ.
2617 4085 2915 4136 Gregorius
2961 4085 3018 4123 et
3065 4085 3334 4124 atarttnus
3373 4085 3418 4126 I.

1845 4085 2192 4207 gophronius
2225 4151 2278 4194 et
2325 4139 2595 4194 Maximus
2623 4141 2923 4194 iuonachus
2952 4139 3294 4210 Areopagitae
3320 4144 3420 4195 tri-

1825 4211 2042 4276 ,buunt,
2071 4211 2319 4278 quamvis
2347 4228 2452 4264 non
2483 4212 2623 4265 levia
2655 4219 2944 4278 suppetant
2981 4223 3299 4281 argmnenta
3324 4213 3423 4265 sub

1847 4281 2012 4334 linem
2061 4283 2244 4348 quarti
2291 4282 2476 4336 sawuli
2521 4293 2616 4334 aut
2662 4282 3042 4352 potiuspaulo
3085 4293 3212 4336 ante
3252 4283 3424 4352 Euty-

1847 4354 2064 4404 cbetem
2091 4352 2406 4405 damnatum
2441 4352 2495 4404 in
2538 4352 2772 4405 concilio
2811 4351 3238 4406 Chalcedoncnsi
3276 4351 3420 4405 anno

1846 4421 1946 4474 451
1992 4435 2115 4475 esse
2145 4422 2476 4492 conscripta.
2519 4422 2628 4476 Sed
2670 4421 2769 4474 ista
2800 4435 2904 4492 non
2949 4422 3109 4489 hujus
3142 4422 3246 4476 loci
3274 4440 3290 4478 :
3323 4438 3421 4474 tto-

1845 4499 2086 4545 slrarum
2135 4506 2264 4544 vero
2319 4495 2558 4561 partium
2607 4507 2730 4546 esse
2779 4491 3033 4546 duximus
3070 4495 3314 4548 diversas
3353 4493 3420 4545 de

1848 4563 1911 4618 S.
1947 4562 2208 4632 Dionysio
2231 4563 2519 4631 opiniones
2550 4580 2578 4616 a
2610 4561 2786 4615 doctis
2814 4563 2945 4617 viris
2979 4564 3105 4617 hinc
3144 4565 3266 4618 inde
3297 4578 3422 4632 pro-

1850 4633 2412 4704 pugnatas‘prudettti
2450 4634 2643 4686 lectori
2692 4633 2900 4704 absque
2936 4635 3187 4688 veritatis
3221 4649 3421 4704 pra-ju-

1847 4701 1993 4758 dicio
2025 4701 2316 4769 subjicere.
2351 4702 2442 4756 Sic
2468 4706 2762 4771 prudenter
2791 4701 3422 4762 reformatoreslkeﬂa-

1850 4775 1918 4828 rii
1942 4774 2263 4828 I’arisiensts
2294 4789 2436 4828 anno
2475 4773 2616 4828 1700
2645 4776 2812 4842 (quod
2846 4787 3031 4842 postea
3084 4777 3260 4828 secuti
3293 4773 3420 4828 novi

1847 4861 1940 4901 an.
1984 4844 2120 4898 1756
2145 4845 2402 4914 editores)
2428 4845 2665 4898 omisere
2693 4844 2954 4912 quidquid
2979 4861 3103 4898 cum
3122 4855 3272 4899 tanto
3295 4845 3420 4898 fun-

1847 4921 2104 4973 damento
2125 4917 2546 4970 controvertitur
2569 4917 2636 4969 de
2657 4931 2757 4968 suo
2784 4914 2878 4967 illo
2897 4925 3124 4984 patrono
3150 4933 3164 4968 :
3187 4930 3420 4983 cumque

1849 4985 2124 5043 abbatissa
2191 4985 2393 5040 Montis
2446 4984 2745 5053 Martyrum
2801 4987 3206 5053 consanguinea
3275 4988 3420 5054 regis

1849 5059 2014 5126 hujus
2043 5059 2453 5122 interposuisset
2484 5058 2886 5120 auctoritatem,
2915 5071 2983 5109 ne
3010 5056 3230 5108 omnino
3249 5055 3423 5108 Areo-

1850 5130 2030 5201 pagita
2073 5136 2369 5201 taceretur,
2405 5143 2510 5181 non
2537 5135 2958 5201 consenserunt
3001 5137 3060 5184 ut
3087 5127 3420 5201 nominare-

1852 5196 1961 5264 iur,
2000 5199 2174 5270 gratia
2218 5209 2406 5270 tamen
2439 5196 2582 5270 regis
2631 5207 2931 5270 posuerunt
2977 5198 3278 5266 capitulum
3325 5213 3421 5266 pro

1847 5263 2093 5340 vespe'ris
2117 5267 2468 5340 ac_l_audtbus
2487 5263 2703 5324 {Stans
2729 5263 2938 5340 Paulus
2970 5270 3024 5321 in
3047 5263 3228 5340 inedia
3256 5263 3422 5340 Λέω-

1848 5337 1999 5410 pagi,
2033 5343 2104 5395 ait
2138 5357 2152 5393 :
2193 5338 2308 5392 Viri
2339 5342 2703 5402 Athenienses,
2731 5347 2863 5404 etc.,
2887 5339 2952 5391 de
2979 5355 3076 5392 ara
3101 5337 3268 5408 Ignoti
3301 5339 3418 5406 Dei,

1851 5421 2107 5480 tauquam
2136 5421 2320 5478 aptum
2369 5416 2416 5465 ei
2447 5415 2538 5480 qui
2566 5413 2862 5482 gentilibus
2901 5415 3238 5484 prtedicavit.
3275 5415 3413 5468 Tan-

1851 5493 2030 5557 torum
2074 5484 2315 5535 virorum
2358 5486 2425 5557 ad
2457 5485 2786 5557 exemplum,
2833 5489 3088 5554 sepositis
3127 5488 3249 5540 aliis
3298 5507 3419 5557 qua:

1851 5503 2030 5536 ιυι·ιιιιι
2074 5503 2315 5535 νιιυτυιιι
2358 5503 2425 5537 au
2457 5503 2786 5607 cxmurluttl,
2833 5503 3088 5554 sepositis
3127 5503 3249 5540 atns
3298 5507 3416 5557 qua:

1850 5553 1905 5629 in
1943 5557 2085 5629 hanc
2147 5568 2261 5605 rem
2305 5555 2501 5622 agitari
2543 5571 2605 5609 so
2629 5565 2724 5609 ent
2751 5595 2766 5619 ,
2821 5560 3102 5629 fusiusque
3169 5562 3416 5629 pluribus

1851 5624 1906 5699 in
1946 5625 2132 5699 locis
2182 5635 2491 5699 tractantur
2559 5624 3414 5699 quaestionibus,iMariyrologii

1853 5649 1906 5677 ιιι
1979 5649 2113 5680 tuus
2183 5649 2491 5680 tractantur
2559 5649 2994 5694 qttazsuoumus,
3041 5649 3181 5685 mart

1833 5692 2167 5820 Earisiensis
2211 5695 2392 5749 verbis
2429 5695 2821 5750 concludemus
2869 5698 2938 5750 ad
2982 5695 3125 5748 diem
3170 5649 3214 5750 ὅ

1874 5781 1949 5818 ris
1986 5781 2000 5818 :

1874 5781 1949 5818 ι·ιὸ
1986 5781 2000 5818 Ξ

1912 5833 2141 5915 Parisiis
2191 5831 2390 5918 natalis
2445 5842 2751 5918 sanctorum
2780 5843 3117 5918 martyrum.
3147 5833 3412 5918 Qionysiis

1833 5905 1994 5975 primi
2045 5905 2276 5974 episcopi
2313 5907 2380 5957 ad
2432 5905 2878 5959 disseminandam
2919 5905 3117 5959 Christi
3157 5905 3314 5974 ﬁdem
3356 5923 3411 5960 ιη

3254 5695 3416 5751 Οριῖι-
3495 5695 3504 5714 ‘
