3870 6560
192 424 218 479 1
230 427 338 480 1193

186 539 286 589 δίε
310 553 416 588 mos
462 535 695 600 antiquus
732 539 782 586 in
805 545 1084 589 sanctorum
1131 538 1480 588 festivitatibus
1516 540 1768 587 solemnes

188 610 471 650 conventus
507 600 634 661 apud
670 613 843 664 eorum
879 603 1116 664 ecclesias
1149 601 1486 664 agendi,_'590.
1521 601 1646 649 Laus
1680 601 1770 650 Ec-

189 665 366 772 ilse‘siaa
386 663 725 719 Atheniensis,
751 661 843 709 459
886 662 1123 711 Ecclesiae
1145 661 1376 725 regimini
1395 666 1506 721 quis
1525 665 1589 710 sit
1607 670 1768 724 aptus,

263 787 721 836 Ecclesiasticornm
745 785 1001 847 disciplina
1029 799 1111 834 res
1141 787 1339 835 maximi
1382 786 1637 841 momenti,
1658 784 1768 834 451.

257 848 516 909 Eclipseos
540 861 652 908 quin
674 853 898 909 tempore
925 848 982 909 8.
1015 849 1236 907 Dionysii
1263 850 1500 897 acciderit
1545 848 1772 909 Phlegon

192 916 251 958 et
275 908 535 958 Africanus
559 911 854 971 meminere.
877 908 988 957 645.
1017 910 1274 971 Eclipseos
1303 912 1348 957 in
1372 910 1552 961 Christi
1576 908 1773 971 occubi-

193 979 247 1020 tu
269 972 562 1032 exploratio.
587 969 696 1018 451.
719 970 1075 1031 Apollophanis
1097 967 1160 1020 de
1186 973 1359 1032 eclipsi
1380 971 1636 1030 judicium,
1651 967 1767 1019 ibid.

258 1034 437 1082 Editba
468 1032 565 1092 (S.)
595 1033 836 1094 templum,
862 1036 1100 1094 construit
1135 1034 1187 1082 S.
1227 1034 1482 1092 Dionysio,
1508 1032 1616 1080 525.

197 1095 474 1204 ibgduardi
491 1091 588 1156 (8.)
601 1091 737 1155 regis
753 1096 804 1142 in
819 1093 868 1142 S.
885 1093 1172 1156 Dionysium
1187 1096 1346 1157 pietas
1356 1091 1770 1152 etmuniﬁcentia,

246 1169 260 1204 ι
305 1194 316 1204 .
407 1178 410 1180 -

189 1167 316 1205 una.
407 1178 410 1180 '

263 1217 455 1268 Eliaius
467 1216 566 1278 (8.)
581 1218 697 1264 olim
711 1217 972 1265 excellens
983 1219 1170 1267 aurifex
1189 1223 1338 1266 totam
1349 1214 1469 1266 artis
1481 1216 1770 1266 industriam

190 1278 246 1326 in
263 1281 429 1342 sancti
457 1279 675 1338 Dionysii
697 1280 1219 1342 honoremlimpendit,
1240 1278 1359 1329 ibid.

257 1341 598 1401 Energumeni
622 1341 705 1400 qui
729 1343 846 1396 sint,
871 1339 978 1388 566.

257 1403 462 1451 Entium
487 1402 663 1450 divisio
687 1417 818 1463 quae,
846 1401 923 1460 14,
950 1402 1027 1452 15.

259 1463 493 1525 Episcopi
531 1476 694 1526 ιιοάρχιι
739 1471 993 1524 vocantur,
1030 1463 1076 1512 1.
1119 1464 1473 1526 Episcoporum
1515 1469 1684 1524 partes
1721 1464 1771 1511 in

191 1525 449 1574 laboribus
476 1525 734 1587 praécipuze
758 1539 871 1574 esse
893 1525 1100 1585 debent,
1140 1525 1249 1574 468.
1279 1527 1549 1574 Primoruin
1577 1526 1772 1586 episco-

193 1601 371 1646 porum
397 1593 447 1634 in
476 1589 712 1635 rlcclesiis
737 1601 824 1634 cur
846 1590 1008 1635 series
1027 1591 1234 1648 incerta,
1258 1588 1370 1636 457.
1413 1588 1492 1637 Ad
1518 1592 1773 1649 episc0pa-

194 1656 302 1698 tum
327 1651 425 1696 duo
449 1655 566 1696 sunt
587 1653 890 1707 necessaria,
917 1649 1028 1698 451.

260 1711 498 1772 Epistolaa
523 1711 746 1769 Dionysii
767 1711 826 1758 ad
856 1711 1204 1773 Demophilum
1229 1710 1495 1771 utilitates,
1518 1709 1630 1758 452.

256 1773 495 1833 Errantes
518 1784 720 1833 semper
744 1774 1043 1830 instruendi,
1067 1774 1178 1821 520.

253 1831 412 1884 Error
433 1834 497 1881 de
519 1831 839 1895 preces-sione
861 1835 1076 1896 Spiritus
1097 1836 1273 1893 sancti,
1305 1833 1411 1884 120.

261 1899 384 1946 ἐστὶι
408 1896 536 1943 unde
554 1896 830 1953 derivetur,
855 1897 965 1942 528.

256 1956 567 2006 Eucbaristia
591 1952 834 2018 baptismo
859 1955 1088 2018 sanctior.
1111 1957 1220 2005 425.
1244 1955 1562 2018 Venerabilis
1589 1952 1776 2003 Eucha-

187 2019 353 2066 ristiaa
375 2019 572 2067 nomina
593 2016 720 2080 apud
746 2019 797 2066 8.
833 2017 1140 2079 Dionysium,
1184 2019 1292 2068 570.
1325 2016 1650 2068 Eucharistia:
1669 2021 1777 2064 tan-

191 2093 346 2140 quam
369 2083 491 2128 vivae
513 2087 565 2128 et
589 2081 806 2128 videntis
827 2081 1090 2137 invocatio,
1113 2080 1220 2129 508.

257 2141 470 2204 Eugenii
501 2143 596 2204 (8.)
623 2143 845 2203 episcopi
883 2141 1110 2190 Toletani
1138 2142 1326 2204 Iaudes,
1351 2141 1461 2190 504.
1484 2141 1535 2204 8.
1563 2139 1776 2204 Ευεεηῇῇ

190 2203 242 2250 in
265 2201 472 2252 Galliam
493 2201 730 2264 profectio
749 2201 810 2251 et
821 2205 1124 2262 martyrium,
1148 2201 1266 2252 ibid.
1283 2202 1538 2265 llorpusS.
1563 2201 1777 2265 Eugenii

189 2265 429 2313 ducentis
453 2262 559 2326 post
586 2273 795 2313 mortem
817 2267 959 2314 annis
982 2267 1252 2326 integrum,
1276 2262 1397 2313 ibid:
1424 2265 1593 2314 Sancti
1613 2262 1780 2326 Euge-

188 2324 558 2394 niibonorlﬁca
578 2329 924 2394 sepulluralet
946 2327 1006 2394 ad
1049 2324 1336 2394 sepulcrum
1380 2326 1635 2394 miracula,
1663 2324 1775 2394 505.

190 2387 246 2435 8.
277 2387 526 2448 Gerardus
549 2386 699 2437 abbas
723 2389 1009 2437 Broniensis
1028 2386 1230 2437 obtinet
1275 2389 1466 2448 aliquas
1488 2387 1541 2436 8.
1567 2386 1777 2448 Eugenii

190 2450 454 2509 reliquias,
483 2447 604 2511 ibid.
631 2451 684 2498 S.
741 2450 951 2511 Eugenii
984 2449 1103 2499 Acta
1133 2451 1207 2511 Vin
1253 2446 1468 2499 concilio
1513 2446 1779 2496 Leodieusi

192 2509 614 2574 ιζρεοκηὶυιλξιήά.
643 2509 883 2574 Stephani
923 2510 1141 2574 episcopi
1166 2512 1423 2560 decretum
1445 2511 1508 2574 de
1533 2511 1780 2574 honoran-

193 2572 274 2635 ῥίς
297 2569 690 2635 sanctiEugenii
710 2569 1107 2635 réliquiisﬁibid.
1129 2573 1321 2635 Cuvinli
1344 2573 1528 2635 oppido
1546 2569 1780 2635 dimcesis

192 2631 494 2682 Leodieusis
520 2631 838 2693 deponuntur
960 2636 1172 2696 Eugenii
1200 2631 1447 2696 reliquize,
1493 2631 1780 2696 ibid._lleli-

190 2697 422 2755 quiarum
447 2699 603 2744 sancti
635 2696 844 2758 Eugenii
893 2693 1170 2754 translatio,
1199 2693 1326 2744 ibid.’
1346 2697 1606 2756 Philippus
1629 2693 1670 2741 Ii
1695 2695 1782 2742 Hi-

193 2759 497 2818 spanirerex
527 2771 553 2804 a
594 2759 777 2818 Carolo
818 2759 900 2817 1X,
926 2760 1096 2808 Galliae.
1144 2770 1285 2818 rege.
1334 2758 1579 2818 reliquias
1623 2763 1778 2804 sancti

192 2817 410 2882 Eugenii
435 2819 684 2882 impetrat,
711 2816 829 2882 ibid.
867 2816 1100 2882 Ejusdem
1141 2816 1359 2880 Philippi
1381 2822 1432 2867 in
1455 2816 1780 2882 reliquiarum

195 2877 337 2943 cultu
367 2877 545 2941 pietas,
567 2877 685 2929 ibid.
729 2877 1086 2943 Translationis
1125 2877 1347 2943 corporis
1369 2881 1526 2928 sancti
1570 2877 1783 2941 Eugenii

191 2939 430 2990 Toletum
456 2948 634 2991 attesta
645 2944 733 3000 tio,
754 2940 878 2992 ibid.

256 3001 526 3064 Eutropius
549 3003 648 3064 (S.)
677 3005 738 3053 ad
763 3004 958 3053 labores
982 3004 1196 3053 Gallicos
1225 3004 1356 3051 unde
1380 3002 1667 3064 imprudens
1695 3014 1782 3049 ex-

191 3073 436 3174 iggserat,
463 3068 760 3125 revertitur,
786 3066 894 3115 465.
929 3067 981 3114 8.
1014 3067 1239 3128 Ευῐτορίί
1268 3065 1439 3114 nobile
1464 3066 1781 3125 martyrium,

255 3188 584 3252 Evangelium
607 3189 762 3236 sancti
789 3189 990 3237 Joannis
1009 3187 1324 3252 scribendum
1349 3187 1656 3252 prtedicitur,
1673 3185 1780 3235 475.

253 3248 575 3311 Exemplaria
605 3257 839 3299 vocantur
865 3251 1012 3310 ideae,
1040 3250 1147 3299 178.

970 3357 1018 3415 F

257 3449 406 3500 Fides
426 3465 522 3500 non
542 3452 724 3502 sufﬁcit
752 3453 810 3501 ad
852 3454 1096 3510 salutem;
1145 3451 1236 3500 sed
1271 3451 1604 3514 requiruntur
1639 3449 1785 3514 bona

195 3520 449 3584 operamet
474 3517 568 3564 vita
589 3513 1371 3584 Christianoyiroconsentanea,
1397 3513 1508 3562 577.
1532 3513 1786 3584 0ptin_ii_im

199 3573 404 3623 docendi
425 3590 587 3637 genus
612 3580 724 3638 plus
748 3577 984 3638 operibus
1009 3579 1262 3626 instruere
1285 3589 1433 3637 quam
1463 3573 1652 3633 vocem,
1671 3575 1783 3622 578.

190 3634 342 3684 Fidei
362 3638 652 3686 Christianae
677 3641 913 3686 efﬁcacia.
943 3640 1051 3686 425.

239 3645 342 3684 mei
362 3645 652 3687 Christiana;
677 3645 913 3696 eilicacia,
943 3645 1051 3686 425.

257 3696 399 3747 Finis
443 3701 712 3760 opponitur
754 3701 983 3750 inﬁnitati
1032 3697 1306 3748 secundum
1331 3695 1707 3746 aliirmationem
1733 3701 1786 3744 et

193 3761 541 3820 negationem,
570 3761 679 3808 512.

257 3821 452 3883 Fulgur
477 3823 596 3882 quid
621 3825 706 3883 sit,
730 3820 840 3872 521.

967 3906 1020 3966 G

259 4002 541 4055 Germania.-
563 4007 846 4066 conversio,
871 4005 986 4054 579.

972 4091 1027 4151 H

192 4189 470 4302 ωοιῐξῗὲίσί
508 4190 528 4239 1
561 4190 866 4242 Francorum
892 4195 1030 4255 regis
1068 4205 1188 4257 erga
1216 4191 1270 4242 S.
1303 4191 1596 4252 Dionysium
1629 4189 1786 4238 devo-

240 4265 291 4308 ο,
319 4265 428 4300 515.

261 4313 553 4377 Hierarchia
597 4313 932 4377 ecclesiastica
965 4317 1083 4377 quid
1113 4317 1196 4372 sit,
1222 4315 1298 4364 55.
1344 4314 1649 4364 Ηὶρτπειιὶω
1670 4315 1784 4377 quis

191 4376 266 4424 sit
287 4376 396 4423 ﬁnis
420 4389 509 4423 seu
537 4390 734 4438 scopus,
759 4374 878 4425 ibid.
907 4373 1195 4427 Hierarchia
1237 4378 1487 4425 hominum
1509 4379 1665 4438 signis
1686 4373 1785 4423 Uti-

193 4441 282 4486 tur
301 4442 354 4485 et
373 4438 710 4497 sensibilibus,
743 4439 818 4486 54.
849 4439 1153 4488 Ηὶθτεπςὶιὶιε
1178 4439 1531 4488 ecclesiastica:
1550 4451 1658 4486 cum
1686 4450 1782 4485 cin-

193 4498 318 4547 lesti
364 4498 698 4558 conformitas,
737 4499 844 4548 474.
895 4501 1183 4549 Hierarchia
1230 4497 1618 4550 Christianorum
1662 4499 1786 4547 deos

191 4558 318 4622 facit
335 4565 388 4608 et
409 4561 638 4611 absolvit.
666 4560 742 4608 51.
773 4561 850 4609 Ab
871 4559 1144 4610 Hierotheo
1168 4563 1462 4622 instituitur,
1491 4561 1598 4608 544.

261 4621 566 4694 _}_1ie_roth_eus
691 4623 770 4694 lfit
830 4623 1163 4694 thenlensium
1177 4619 1786 4694 episcopus,$_._l1ie_-

192 4683 361 4746 rothei
383 4687 563 4746 scripta
582 4683 844 4732 intellectu
871 4684 1143 4734 difficiliora
1166 4683 1310 4746 quam
1335 4683 1576 4746 Dionysii,
1597 4683 1704 4732 471.
1729 4683 1781 4746 8.

195 4744 467 4793 Hierothei
488 4744 681 4804 laudes,
708 4745 818 4794 510.
845 4748 896 4795 8.
924 4744 1229 4795 Hierotheus
1273 4744 1482 4805 insignis
1526 4745 1782 4805 Evangelii

237 4760 467 4793 uerornei
491 4760 681 4804 iauues,
708 4760 818 4794 DIU.
845 4760 896 4795 δ.
924 4760 1229 4795 meminens
1273 4760 1365 4794 msr
1408 4760 1482 4793 llls
1526 4760 1782 4805 nvangeui

237 4819 383 4863 meo,
409 4806 518 4855 511.
546 4807 679 4855 Idem
707 4809 799 4856 soli
846 4815 1173 4870 comparatur.
1226 4804 1346 4855 ibid.
1478 4806 1785 4870 Hierotlicus

250 4870 428 4932 ionvsii
451 4870 702 4918 secundus
723 4867 969 4931 magister
987 4872 1036 4918 in
1068 4870 1329 4932 religionis
1355 4869 1626 4932 mysteriis,
1673 4867 1782 4917 456.

199 4930 598 5038 7llierotheus
623 4930 907 4992 aliquandiu
929 4935 1066 4982 rexit
1091 4930 1366 4981 Ecclesiam
1387 4930 1746 4980 Atheniensem
1769 4966 1784 4992 ,

266 5051 440 5113 llilarii
461 5053 568 5101 dies
585 5053 702 5113 quid
720 5054 839 5112 sint,
861 5054 907 5102 7.
927 5053 1112 5103 Hilaria
1135 5053 1260 5103 festa
1285 5053 1455 5104 Matris
1472 5054 1650 5107 Deum.
1673 5052 1783 5101 455.

264 5111 426 5163 Homo
445 5127 504 5163 ex
530 5111 711 5176 quibus
733 5121 941 5173 constat,
967 5116 1046 5164 94.
1079 5117 1235 5164 Homo
1275 5115 1438 5176 qualis
1463 5129 1577 5164 esse
1604 5114 1788 5164 debeat

199 5188 316 5223 cum
340 5177 448 5224 Deo
473 5185 779 5234 versaturus,
808 5177 914 5225 452.
945 5177 1209 5225 Hominum
1241 5178 1532 5235 injuriorum
1553 5187 1608 5226 et
1629 5177 1789 5226 bene-

198 5239 404 5298 ﬁcorum
432 5244 526 5286 tam
554 5252 684 5286 nunc
703 5252 848 5298 quam
868 5239 916 5285 in
940 5245 1194 5298 posterum
1221 5240 1506 5293 discrimen,
1528 5239 1642 5288 455.

265 5297 631 5362 ῌοερὶωιὶωιὶε
650 5303 700 5349 in
723 5297 924 5349 sanctos
945 5297 1137 5362 quanta
1155 5302 1426 5362 commoda,
1455 5300 1566 5351 150.

264 5360 575 5410 Humilitatis
599 5365 677 5412 vis
696 5375 921 5425 quzenam
945 5363 1030 5422 sit,
1059 5361 1168 5411 440.

989 5447 1017 5507 Ι

266 5526 574 5658 ἒῒηρίξαοῗιξᾞ
586 5523 1061 5658 cimseminatus
1081 5588 1169 5658 est
1203 5585 1312 5658 sine
1336 5588 1682 5658 permistlone,
1708 5587 1785 5658 45.

265 5645 502 5706 ignorans
523 5662 620 5712 non
646 5648 801 5712 debet
821 5647 1128 5696 erubescere
1155 5648 1207 5712 in
1252 5647 1319 5712 iis
1335 5645 1449 5712 qua;
1472 5645 1684 5712 ignorat,
1706 5651 1785 5701 50.

199 5707 499 5769 Ignorantes
519 5710 728 5760 docendi
753 5717 870 5758 sunt
888 5715 942 5758 et
960 5721 1058 5757 non
1083 5709 1342 5769 puniendi,
1357 5707 1476 5758 319.

203 5767 518 5882 ωξηίέιόιὲἱυ
539 5786 650 5834 quae
671 5772 737 5821 sit
757 5786 850 5834 per
871 5767 1197 5834 privationem
1220 5775 1274 5819 et
1291 5784 1403 5833 qua:
1422 5786 1513 5834 per
1531 5771 1791 5824 excellen-

278 5843 344 5888 m,
367 5843 477 5879 ouo.

273 5893 563 5958 lmaginatio
584 5898 668 5960 qui
694 5896 864 5948 diilert
887 5910 914 5948 a
938 5895 1218 5958 cognitione
1241 5906 1334 5946 seu
1357 5898 1579 5960 consilio,
1607 5897 1715 5947 101.

1315 417 1520 474 INDEX
1562 419 1804 476 RERUM
1843 419 1927 476 ET
1963 420 2364 478 VEBBORUM.

3309 422 3330 474 1
3339 421 3447 476 094

1932 539 2232 604 lmaginandi
2265 541 2466 604 facultas
2487 541 2718 590 diViditur
2741 541 2790 591 in
2817 547 2920 591 tres
2940 547 3123 604 partes,
3151 540 3258 592 102.

1936 603 2104 664 Imago
2124 606 2206 664 qui
2231 603 2400 664 dilfert
2420 603 2480 651 ab
2503 605 2801 664 exemplari,
2825 605 2898 652 72.

1933 663 2255 714 imbecillitas
2273 663 2434 712 divina
2457 665 2636 713 dicitur
2659 663 2932 714 voluntaria
2947 665 3305 714 condescensio
3328 664 3447 714 Filii

1867 723 1964 788 Dei
1991 739 2149 786 usque
2172 727 2231 774 ad
2255 739 2431 788 corpus
2450 726 2636 787 absque
2658 738 2877 788 peccato,
2899 727 3008 776 122.

1940 787 2214 836 lncarnatio
2237 796 2315 835 est
2336 787 2491 836 solius
2515 789 2609 837 Dei
2631 787 2804 844 Verbi,
2831 788 2937 836 110.

1934 845 2150 910 lngeniti
2176 849 2466 910 signiﬁcatio
2487 858 2610 910 quot
2634 849 2790 899 modis
2809 852 3036 908 sumitur,
3056 847 3165 896 205.

1936 908 2244 973 lnitiatoruni
2265 918 2485 972 potestas
2506 908 2589 958 est
2613 915 2819 973 triplex,
2842 913 2920 958 78.

1933 969 2220 1034 intellectio
2240 969 2335 1034 qua
2364 974 2555 1021 ratione
2579 969 2746 1022 diti‘ei-t
2768 969 2826 1021 ab
2847 973 3128 1034 intellectu,
3152 969 3259 1020 104.

1935 1033 2266 1098 lntelligibile
2290 1041 2343 1081 et
2365 1036 2658 1098 intelligens
2679 1036 2798 1098 quid
2819 1035 2934 1089 sint,
2957 1033 3037 1080 48.

1873 1093 2339 1217 8elllitcil6ligibilium
2361 1097 2483 1146 ordo
2510 1093 2791 1158 postremus
2812 1099 3012 1159 proprie
3053 1099 3338 1160 appellatur
3358 1108 3451 1142 an-

1983 1193 1997 1216 ,
2089 1193 2101 1204 .

1983 1193 1997 1216 ,
2027 1193 2101 1204 -.η

2647 1241 2682 1301 J

1937 1361 2085 1410 Jesus
2105 1362 2450 1434 qualislio‘mo,
2479 1363 2594 1434 506.
2621 1364 2769 1434 Jesus
2798 1369 2945 1434 totam
2971 1364 3184 1434 hominis
3224 1363 3454 1414 substan-

1878 1423 1994 1487 tiam
2017 1427 2297 1484 assumpsit,
2326 1424 2446 1473 ibid.
2479 1427 2564 1474 Est
2587 1439 2730 1487 supra
2754 1427 3024 1485 hominem,
3051 1423 3170 1476 ibid.

1937 1486 2154 1548 Joannes
2179 1487 2277 1546 (8.)
2304 1487 2500 1547 quando
2539 1489 2586 1534 in
2623 1485 2844 1535 Patmum
2867 1490 3125 1548 relegatus
3147 1487 3315 1547 fuerit,
3340 1485 3453 1537 550.

1874 1546 1929 1594 8.
1950 1547 2175 1611 Joannes
2196 1550 2270 1611 sol
2285 1546 2558 1610 Evangelii,
2573 1550 2680 1596 552.
2699 1550 2900 1597 Joannis
2917 1546 3126 1611 apostoli
3141 1552 3327 1605 laudes,
3343 1549 3450 1596 476.

1939 1608 2100 1672 Quoto
2137 1609 2300 1672 aetatis
2321 1608 2450 1658 anno
2496 1611 2547 1658 8.
2575 1611 2790 1659 Joannes
2829 1608 3084 1672 scripserit
3112 1612 3453 1672 Evangelium,

1875 1667 1983 1716 477.
2032 1670 2236 1734 Joannis
2256 1672 2579 1734 Evangelium
2602 1673 2778 1733 Ephesi
2805 1667 3082 1733 evulgatur,
3107 1673 3216 1722 480.
3240 1667 3456 1734 Joannes

1873 1729 2168 1793 convenitur
2191 1732 2368 1792 Ephesi
2393 1729 2420 1781 Ξ
2449 1729 2702 1791 Dionysio,
2725 1735 2831 1781 485.
2865 1729 3094 1793 Ejusdem
3121 1735 3309 1791 laudes,
3335 1731 3452 1782 ibid.

1873 1792 2076 1901 iggnnis
2095 1793 2158 1842 Ev
2168 1797 2420 1856 angelium
2435 1794 2697 1844 altitudine
2721 1792 3066 1856 mysteriorum
3093 1797 3206 1844 aliis
3227 1795 3457 1854 nobilius,

1939 1914 2145 1980 Joannis
2181 1917 2388 1966 solitarii
2419 1919 2544 1966 visio
2584 1918 2647 1966 de
2695 1918 2977 1980 Dagoberto
3016 1931 3161 1980 rege,
3210 1917 3318 1966 515.
3347 1918 3456 1965 Rex

1875 1975 2156 2047 Clotharius
2177 1982 2400 2047 agnoscit
2443 1980 2722 2042 prodigium
2749 1975 2803 2030 et
2825 1994 2935 2029 cum
2977 1975 3386 2041 ﬁlio'Dagoberto
3409 1981 3458 2026 in

1879 2040 2086 2100 gratiam
2110 2041 2264 2097 redit,
2287 2040 2406 2090 ibid.

1939 2101 2077 2164 Jonis
2096 2102 2589 2164 presbyterilaudes,
2611 2103 2720 2153 505.
2736 2103 2789 2153 8.
2813 2105 2924 2154 Jon.
2947 2105 3162 2152 recisum
3183 2107 3331 2164 caput
3355 2115 3458 2150 ma-

1880 2161 2028 2210 nibus
2059 2161 2301 2224 portavit,
2325 2161 2443 2212 ibid.

1940 2222 2092 2288 Juda’s
2115 2224 2270 2273 factus
2290 2232 2368 2272 est
2391 2228 2642 2288 particeps
2684 2241 2710 2276 a
2755 2227 2964 2276 Domino
3002 2226 3198 2288 mystici
3221 2222 3362 2287 panis
3406 2231 3459 2272 et

1879 2286 2060 2349 calicis,
2085 2299 2181 2334 non
2203 2293 2366 2334 autem
2390 2286 2754 2348 mysteriorum.
2779 2289 2890 2349 596,
2913 2288 3024 2338 597.

1938 2346 2128 2411 Judicis
2149 2349 2362 2411 extremi
2393 2346 2620 2411 arquitas,
2643 2349 2752 2399 476.

1941 2407 2144 2458 Justitia
2168 2409 2288 2470 quid
2313 2411 2396 2469 sit,
2420 2407 2532 2460 198.
2608 2407 2616 2411 ’
2704 2416 2705 2419 “

1938 2547 2100 2598 Labes
2121 2550 2252 2600 nulla
2274 2554 2352 2598 est
2379 2551 2428 2600 in
2451 2552 2623 2613 quavis
2661 2552 2942 2600 caelestium
2985 2557 3268 2600 naturarum
3291 2558 3461 2600 contra

1884 2609 2180 2660 Origeuem.
2204 2611 2284 2659 84.

1930 2623 2403 2748 ῗξξὲέὲῒῶδὲιίδόυε
2428 2675 2478 2723 in
2516 2675 2740 2724 Ecclesia
2764 2673 3060 2724 Atheniensi
3106 2683 3161 2723 et
3201 2673 3464 2723 monacho-

1879 2734 2670 2860 l.‘lﬂirgiii’inatronaDionysium
2691 2796 2865 2860 magia
2906 2803 3122 2860 accusat,
3148 2803 3203 2846 et
3241 2795 3461 2860 Lishium

1879 2859 2108 2905 maritum
2130 2858 2403 2920 impietatis
2424 2860 2470 2906 in
2494 2861 2618 2908 deos
2641 2856 2912 2920 insimulat,
2937 2859 3048 2908 489.
3074 2856 3256 2908 Larciae
3279 2856 3464 2908 nobilis

1879 2925 2118 2966 matronae
2140 2922 2420 2977 conversio,
2446 2921 2553 2968 497.
3095 2929 3102 2936 ’

1948 2981 2214 3045 μεωειειὶο
2257 2983 2377 3045 quid
2423 2983 2506 3036 sit,
2553 2981 2631 3029 16.
2678 2981 2890 3045 Veteris,
2915 2983 3045 3045 legis
3083 2982 3464 3040 commendatio,

1948 2996 2013 3026 Le
2033 2996 2214 3029 ’lSlatlt')
2257 2996 2377 3042 quin
2423 2996 2506 3036 Slt,
2553 2996 2631 3029 lo.
2685 2996 2879 3030 veteris
2917 2996 2978 3044 ιρι

1881 3040 1991 3103 455.
2017 2996 2168 3091 bima
2192 3043 2318 3103 legis
2337 3057 2479 3091 causa
2502 3051 2554 3090 et
2578 3045 2844 3103 institutio,
2871 3043 2978 3092 456.

1883 3164 1914 3212 d
1947 3102 2049 3212 feto
2069 3106 2279 3211 {gstigia
2303 3117 2390 3152 sua
2429 3117 2493 3152 ne
2526 3102 2872 3165 cognoscatur,
2912 3120 2940 3153 a
2969 3105 3286 3155 venatoribus
3309 3105 3462 3153 cauda

1918 3177 1946 3212 e
1971 3177 1998 3211 e
2029 3203 2041 3212 .
2135 3201 2146 3212 .

1918 3177 2041 3221 eiet,
2069 3177 2146 3212 ea.

1947 3226 2215 3274 Libidinosi
2237 3242 2262 3276 a
2286 3227 2530 3275 daemonio
2550 3233 2779 3287 aguntur,
2813 3230 2894 3282 62.

1949 3287 2080 3349 libri
2101 3290 2254 3349 sancti
2275 3291 2356 3349 qui
2385 3288 2633 3349 dicuntur,
2659 3290 2736 3338 65.

1947 3347 2077 3397 Libri
2125 3345 2343 3409 Dionysii
2395 3352 2460 3400 De
2500 3345 2680 3400 turbasti
2732 3347 3014 3403 hierarchia
3051 3357 3097 3402 ei
3139 3345 3466 3401 ecclesiastica

1883 3411 2053 3466 scripti
2075 3419 2191 3460 sunt
2214 3414 2262 3460 in
2289 3411 2466 3467 Gallia,
2494 3411 2604 3459 471.

1948 3471 2118 3531 Lisbii,
2140 3486 2202 3520 ex
2233 3474 2372 3534 cujus
2392 3472 2546 3534 stirpe
2575 3473 3018 3524 Montmoranciana
3039 3473 3240 3522 exsistit
3263 3470 3463 3534 familia,

1884 3532 2095 3596 insignis
2116 3532 2375 3596 adChr‘isti
2403 3532 2547 3582 fidem
2572 3539 2846 3592 conversio,
2888 3535 2994 3584 470.
3040 3535 3270 3596 Ejusdem
3299 3533 3464 3596 iLisbii

1884 3595 1964 3654 pia
1986 3595 2272 3657 benignitas
2297 3605 2345 3644 et
2382 3597 2736 3657 munificentia.
2781 3596 2900 3647 ibid.
2932 3595 3086 3645 Lisbii
3128 3609 3255 3644 uxor
3295 3595 3467 3644 Larcia

1883 3655 2173 3704 Christianis
2196 3659 2419 3712 adversa,
2443 3655 2562 3706 ibid.
2594 3657 2745 3706 Lisbii
2795 3661 2976 3707 ardens
3015 3660 3062 3706 in
3088 3658 3331 3710 Christum
3356 3658 3467 3717 pie-

1883 3721 1977 3778 tas.
2138 3719 2287 3767 Lisbii
2313 3734 2336 3766 a
2366 3719 2617 3778 Dionysio,
2637 3719 2697 3766 ad
2745 3721 2890 3769 fidem
2916 3725 3144 3768 conversi
3170 3720 3464 3778 conStantia,

2020 3777 2578 3845 Ejllfdcmmartyrium,
2602 3777 2854 3845 ibid._Sua3
2879 3782 3231 3845 hospitalitatis
3251 3777 3475 3840 merces,

1883 3839 2003 3888 ibid.
2029 3839 2069 3888 Α
2095 3840 2148 3888 8.
2171 3841 2334 3890 Lisbio
2382 3841 2846 3892 Montmoranciana:
2887 3839 3064 3892 domus
3087 3841 3226 3904 origo
3251 3848 3305 3889 et
3345 3839 3463 3903 proi-

1883 3905 2117 3950 sperilas.
2143 3899 2264 3950 ibid.

1883 3905 2117 3961 sperilas,
2143 3905 2264 3951 ibid.

1945 3962 2244 4028 Litterarum
2259 3977 2507 4028 sacrarum
2527 3965 2899 4028 slylushumilis
2910 3979 3006 4014 non
3027 3967 3157 4028 sapit
3171 3962 3464 4027 gentilibus,

1882 4022 1992 4072 451.
2013 4023 2216 4074 Littera:
2240 4024 2519 4074 donationis
2545 4022 2756 4074 E‘duardi
2783 4031 2936 4084 regis,
2967 4026 3077 4075 524.

1948 4086 2187 4149 Locorum
2212 4090 2262 4136 in
2285 4090 2482 4149 templis
2506 4089 2780 4148 distinctio,
2809 4086 2910 4137 445.
2936 4089 3171 4149 Locorum
3195 4089 3244 4135 in
3265 4087 3466 4148 templis

1883 4146 2183 4208 distributio,
2207 4149 2314 4197 455.
2342 4146 2592 4199 (Iuliorum
2625 4146 2832 4198 locuset
2852 4163 3048 4208 munus,
3071 4146 3464 4198 ibid.l.ocus'ubi

1884 4207 2152 4274 Dionysius
2199 4217 2252 4258 et
2295 4209 2424 4274 socii
2473 4217 2685 4259 mortem
2739 4207 3464 4274 oppetierunt,Monsmarty-

1885 4283 1991 4334 rum
2011 4272 2190 4330 dictus,
2218 4279 2269 4319 et
2294 4273 2459 4333 lingua
2499 4275 2652 4334 patria
2690 4272 3024 4332 Moizfnwrlre,
3049 4272 3158 4322 497.

1879 4365 1896 4378 .
1944 4332 2196 4395 Lucianus
2219 4332 2484 4395 presbyter
2502 4332 2616 4395 quis
2645 4335 2812 4392 fuerit,
2837 4335 2944 4382 546.

1944 4393 2177 4456 Ludovici
2203 4393 2274 4443 Pii
2301 4393 2600 4444 Francorum
2627 4398 2760 4456 regis
2785 4395 2954 4454 verba,
2979 4395 3088 4446 514.

1881 4455 2180 4565 57:15.udovici
2205 4457 2302 4520 (S.)
2332 4463 2385 4506 et
2410 4455 2817 4517 Blanchaematris
2841 4471 2960 4521 erga
2971 4457 3262 4519 Dionysium
3282 4457 3462 4519 pietas,

2643 4609 2708 4669 M

1947 4724 2200 4788 Magorum
2223 4727 2371 4776 trium
2391 4726 2450 4776 ad
2477 4728 2721 4779 Christum
2749 4728 2989 4786 evocatio,
3012 4727 3104 4776 412

1948 4787 2128 4898 rasus?
2174 4803 2271 4839 non
2313 4797 2394 4840 est
2432 4803 2542 4848 ens,
2587 4791 2698 4840 482.
2743 4791 2924 4840 Malum
2968 4792 3168 4852 proprie
3206 4795 3461 4852 peccatum

1889 4857 1986 4903 est.
2011 4857 2099 4898 5‘21
2112 4889 2122 4898 .

1950 4912 2337 4962 Mansuetudinis
2359 4913 2606 4961 uberrima
2630 4914 3011 4971 commendatio,
3036 4913 3141 4960 452.

1948 4974 2236 5033 Martyrium
2261 4976 2464 5022 immota
2489 4977 2784 5029 constantia,
2819 4976 2925 5022 495.
2953 4975 3004 5022 In
3049 4973 3344 5034 martyribus
3366 4975 3462 5023 alia

1885 5038 2205 5084 conscientia:
2226 5037 2300 5084 vis
2321 5050 2466 5096 quam
2485 5037 2539 5096 in
2569 5035 2854 5085 facinorosis
2880 5051 2891 5082 :
2914 5043 3161 5096 postrema
3190 5041 3463 5096 martyrum

1884 5100 2129 5166 sociorum
2160 5098 2210 5144 S.
2233 5094 2455 5166 Dionysii
2464 5094 2822 5166 interrogatio,
2841 5094 2946 5166 495.
2969 5095 3243 5166 Responsio
3266 5109 3464 5166 eorum-

1884 5160 2001 5208 dem
2022 5171 2287 5220 generosa,
2312 5157 2436 5220 ibid.
2463 5157 2761 5208 Eorumdem
2786 5161 3130 5208 condemnatio
3169 5166 3223 5206 et
3257 5158 3464 5206 obtrun-

1885 5217 2044 5273 catioI
2064 5217 2182 5268 ibid.
2211 5217 2373 5282 Varia:
2413 5221 2680 5282 sententiae
2712 5228 2844 5276 sunt,
2891 5221 2998 5282 sub,
3025 5233 3123 5281 quo
3161 5221 3464 5282 imperatore

1885 5283 2175 5342 martyrium
2199 5279 2385 5342 obterit
2410 5281 2462 5329 S.
2492 5282 2778 5342 Dionysius,
2801 5283 2906 5330 497.
2958 5279 3245 5341 Martyrium
3265 5281 3318 5329 S.
3347 5281 3463 5330 Dio-

1885 5341 2014 5403 nysii
2035 5356 2096 5390 ex
2124 5341 2374 5390 Methodio
2395 5355 2487 5391 seu
2522 5341 2821 5403 Metrodoro,
2847 5343 2956 5401 594,
2979 5344 3072 5390 595
3116 5349 3161 5392 ει
3196 5356 3295 5403 seq.
3328 5343 3459 5393 Mar-

1887 5406 2069 5467 tyrium
2096 5404 2150 5452 S.
2177 5404 2398 5463 Dionysii
2421 5417 2483 5453 ex
2515 5405 2751 5467 Dionysio
2775 5406 2993 5457 Guerino
3013 5405 3224 5467 medico,
3250 5404 3359 5454 407.

1953 5467 2155 5515 Materia
2178 5478 2275 5512 non
2301 5473 2379 5514 est
2403 5468 2604 5524 malum,
2628 5466 2734 5514 160.

1950 5529 2118 5577 Mensa
2143 5527 2301 5588 typica
2325 5541 2546 5588 quaenam
2568 5531 2650 5582 sit,
2673 5527 2783 5577 526.

1949 5586 2238 5638 Meritorum
2259 5586 2545 5650 magnitudo
2566 5589 2696 5651 unde
2716 5588 2842 5651 apud
2864 5589 3022 5639 Deum
3047 5592 3328 5643 censeatur,
3353 5586 3462 5636 465.

1949 5651 2200 5700 Monachis
2221 5649 2485 5712 quailsunt
2507 5649 2787 5707 interdicta.
2813 5652 2892 5700 80.
2921 5651 3142 5700 Monachi
3184 5653 3377 5712 quales,
3412 5657 3465 5698 et

1887 5714 2020 5763 unde
2041 5714 2180 5772 dicri,
2203 5711 2311 5760 452.
2337 5713 2478 5762 Acris
2515 5715 2564 5761 in
2588 5714 2880 5762 monachum
2904 5715 3074 5762 altiora
3099 5726 3155 5761 se
3196 5711 3465 5760 audentem

1887 5789 1950 5825 ex
2001 5775 2370 5836 comparatione
2413 5772 2703 5835 increpatio,
2746 5774 2858 5822 455.
2901 5775 3119 5823 Monachi
3148 5785 3370 5835 tempore
3410 5772 3462 5820 8.

1887 5834 2218 5897 Dionysii‘qui
2263 5837 2499 5895 qualesve
2529 5834 2732 5891 fuerint,
2757 5835 2866 5895 571,
2893 5837 3001 5892 572,
3026 5843 3070 5886 ει
3093 5848 3192 5898 seq.

1951 5894 2410 5950 MOntmOranciaute
2431 5899 2602 5949 donius
2620 5900 2760 5962 origo
2787 5905 2838 5947 et
2854 5894 3166 5960 ιιι-υδνυιδὶιεέ
3184 5913 3208 5947 a
3228 5898 3280 5945 S.
3301 5894 3466 5944 Lishio
