4158 6370
2400 422 2516 487 ἰλιι

1658 639 2569 788 ELENCHUS
2688 538 2693 543 ’

598 978 1123 1053 AUCTORUM
1173 976 1286 1051 ET
1331 956 1723 1052 eranum
1773 978 1998 1063 ρυλε
2050 979 2138 1051 m
2192 979 2504 1054 HOCCE
2550 981 2813 1055 τοΜο
2861 983 2948 1055 ιν
2996 981 3662 1058 CONTINENTUB

1722 1285 2439 1315 ψ

515 1754 751 1818 Scholia
780 1755 974 1817 sancti
1006 1754 1247 1819 Maximi
1295 1755 1354 1815 in
1392 1769 1576 1834 opera
1620 1753 1781 1816 beati
1818 1752 2108 1833 Dionysii.
3448 1753 3559 1816 col.
3648 1753 3726 1816 13

510 1890 844 1969 Scriptores
879 1889 1036 1951 varii
1066 1890 1216 1951 Vitae
1249 1888 1310 1950 S.
1349 1888 1620 1968 Dionysii
1654 1888 2069 1969 Areopagitae.
3605 1888 3723 1950 5'77

1110 2368 1201 2420 DE
1251 2366 1568 2421 SCHOLIIS
1618 2367 1707 2419 AD
1756 2366 2262 2423 AREOPAGITAM
2308 2368 2381 2421 IN
2425 2366 2565 2421 HOC
2614 2366 2812 2421 TOMO
2856 2366 3107 2422 EDlTlS.

582 2654 771 2709 Utrum
788 2652 1049 2707 Germani
1070 2652 1395 2723 patriarchae
1417 2651 1626 2706 scholia
1646 2651 1714 2704 ad
1736 2651 2144 2721 Areopagitam,
2190 2667 2313 2720 quae
2345 2652 2545 2721 partim
2584 2651 2765 2706 adhuc
2789 2651 2843 2704 in
2869 2666 3003 2706 mss.
3042 2650 3203 2706 codd.
3240 2649 3415 2705 latere
3434 2649 3719 2715 videntur,

508 2753 784 2807 seniorem
818 2752 1053 2805 habeant
1082 2758 1365 2821 parentem
1399 2751 1757 2816 Germanum,
1790 2757 1847 2803 ut
1867 2756 2022 2818 putat
2050 2749 2319 2803 Baronius
2342 2748 2413 2802 ad
2433 2763 2526 2804 an.
2552 2751 2677 2813 730,
2710 2764 2778 2801 an
2796 2749 3092 2818 jnniorem,
3117 2763 3259 2803 nunc
3280 2746 3503 2817 quidem
3524 2746 3719 2818 dispu—

507 2856 625 2903 tare
655 2864 763 2903 non
795 2856 972 2902 vacat.
1007 2848 1273 2901 Caeterum
1316 2862 1422 2917 ego
1452 2846 1505 2898 in
1543 2846 1805 2900 Vaticano
1823 2844 2012 2899 codice
2033 2846 2176 2901 hanc
2195 2844 2451 2917 legebam
2481 2846 2834 2916 praepositam
2856 2846 3081 2901 scholiis
3110 2845 3523 2916 inscriptionem
3548 2860 3560 2899 :
3586 2843 3720 2898 Ὅσαι

511 2946 595 3017 μὲν
627 2946 804 3018 ἔχουσι
830 2946 915 2998 τὸν
945 2945 1166 3018 ἀριθμὸν,
1201 2945 1384 3017 σχόλια
1409 2943 1501 2997 εἰσὶ
1530 2944 1780 3014 Γερμανοῠ
1824 2945 2149 3016 πατριάρχου”
2185 2945 2279 2997 ὅσα
2316 2940 2369 2995 δὲ
2399 2944 2510 2997 ἄνευ
2550 2944 2779 3016 ἀριθμοῦ,
2821 2942 3049 3017 Μαξιμου
3094 2950 3337 3015 μοναχοῢ’
3375 2946 3722 3015 ραανεαηᾳιιϐ

515 3043 720 3098 habent
752 3043 1084 3114 adjuncta-in.
1115 3059 1436 3108 numerum,
1471 3059 1535 3095 ea
1566 3048 1701 3096 sunt
1733 3043 2000 3097 Germani
2023 3042 2374 3113 patriarchae
2401 3043 2647 3109 scholia;
2687 3060 2809 3115 quae
2842 3060 2966 3098 vero
3004 3049 3144 3098 nota
3184 3043 3471 3097 numerali
3512 3048 3710 3097 carent

517 3140 828 3195 Maximum
854 3139 1191 3194 monachum
1224 3139 1429 3194 habent
1462 3144 1769 3195 auctorem.
1805 3141 2191 3195 Verumtamen
2223 3139 2297 3196 ibi
2334 3140 2390 3195 in
2430 3142 2683 3214 margine
2714 3143 2831 3197 haec
2860 3141 2930 3196 ab
2960 3140 3284 3195 amanuensi
3312 3140 3370 3194 ﬁt
3397 3140 3718 3197 adnotatio:

506 3238 857 3310 Συγχώρησον,
891 3236 1087 3309 ἀδελφὲ,
1121 3239 1199 3291 ὅτι
1228 3236 1326 3308 ἐγὼ
1353 3244 1447 3292 τῶν
1476 3238 1557 3290 δύο
1589 3238 1675 3289 ἕνα
1703 3237 1904 3310 ἀριθμον
1932 3240 2123 3311 τέταχα
2147 3266 2148 3269 π

2079 3259 2123 3311 ια
2147 3245 2235 3292 τοῦ
2271 3239 2484 3306 βιϐλίου·
2518 3240 2757 3310 Ignosce,
2788 3240 3015 3309 frater;
3046 3240 3259 3296 etenim
3287 3254 3385 3309 ego
3415 3241 3721 3310 utrumque

507 3320 797 3392 auctorem
824 3336 923 3390 sub
955 3352 1069 3391 uno
1099 3352 1334 3391 numero
1364 3336 1631 3391 collocavi
1662 3336 1761 3391 hoc
1789 3341 1851 3390 in
1874 3337 2034 3393 libro.
2055 3338 2113 3391 Id
2136 3354 2238 3409 ego
2261 3354 2326 3391 eo
2350 3336 2608 3393 libentius
2628 3337 2941 3403 observavi,
2964 3337 3090 3408 quia
3109 3354 3163 3393 v.
3184 3338 3252 3393 cl.
3286 3337 3402 3393 Jac.
3435 3336 3721 3391 Morellius

506 3432 646 3488 Bibl.
683 3435 782 3489 Gr.
817 3433 870 3489 S.
906 3434 1079 3488 Marci
1107 3450 1159 3503 p.
1196 3437 1282 3501 89,
1318 3433 1614 3504 prudenter
1640 3434 1753 3503 jam
1783 3434 2151 3503 dubitaverat,
2184 3451 2314 3489 num
2339 3432 2620 3491 distinctio
2651 3435 2990 3490 scholiorum
3011 3434 3232 3490 Maximi
3263 3442 3317 3491 et
3349 3433 3618 3490 Germani
3648 3433 3718 3489 ad

516 3531 909 3604 Areopagitam
948 3540 1094 3587 recte
1124 3547 1183 3587 se
1217 3533 1429 3586 habeat.
1467 3563 1535 3571 —
1564 3533 1695 3601 MAI,
1731 3531 1991 3605 Spicileg.
2030 3534 2208 3599 Rom.,
2244 3533 2361 3600 VII,
2391 3533 2480 3588 74.
