4158 6370
1007 742 2207 877 TYPOGBAPHUS
2296 745 3043 881 LECTORI.

1497 1018 1601 1089 (Ex
1642 1017 1781 1074 edit.
1815 1020 2022 1074 Venet.
2056 1018 2195 1075 anni
2229 1019 2387 1089 1755,
2422 1024 2462 1075 t.
2498 1021 2566 1093 II)

2001 1228 2071 1239 ._..

383 1378 590 1434 Paucis
620 1394 687 1433 ac
716 1377 1033 1433 brevissime
1066 1380 1117 1431 te
1143 1377 1204 1431 in
1228 1377 1424 1431 limine
1452 1378 1569 1447 ejus
1596 1374 1829 1431 secundi
1856 1392 1920 1431 ac
1945 1378 2212 1447 postremi
2256 1376 2492 1447 Operum
2531 1377 3033 1449 Areopagiticorum
3062 1382 3201 1435 tomi
3229 1380 3461 1449 detineo,
3496 1384 3731 1451 benigne

318 1469 506 1523 Lector
528 1466 973 1540 quandoquidem
996 1468 1053 1520 in
1076 1466 1190 1521 Mon
1201 1466 1272 1521 ito
1289 1465 1358 1520 ad
1378 1467 1619 1535 priorem
1641 1471 1851 1519 tomum
1868 1466 2100 1536 praeﬁxo
2112 1467 2232 1536 jam
2262 1474 2309 1521 te
2334 1467 2621 1521 certiorem
2646 1468 2756 1536 feci
2784 1467 2850 1522 de
2896 1484 3116 1523 summa
3138 1486 3259 1525 mea
3290 1472 3348 1525 in
3370 1472 3471 1526 hac
3490 1471 3732 1529 editione

314 1556 649 1627 conficienda
679 1565 730 1612 et
759 1553 1098 1611 exornanda
1126 1571 1265 1610 cura
1292 1570 1357 1609 ac
1384 1554 1694 1610 sedulitate.
1731 1554 1903 1621 Quam
1931 1558 2120 1609 exacte
2144 1553 2305 1622 ﬁdem
2333 1571 2524 1609 meam
2556 1555 2908 1611 liberaverim
2929 1558 2989 1612 in
3018 1560 3301 1613 enuntiato
3322 1564 3560 1631 tempore
3579 1569 3730 1616 utro-

316 1664 415 1719 que
445 1656 591 1703 tomo
611 1647 824 1718 publici
852 1646 996 1716 juris
1019 1645 1315 1715 faciundo,
1348 1661 1457 1700 non
1490 1648 1566 1700 est
1604 1661 1703 1700 cur
1726 1645 1888 1699 verba
1917 1646 2141 1714 faciam,
2186 1661 2308 1699 cum
2351 1662 2487 1716 opus
2531 1646 2716 1716 ipsum
2745 1662 2845 1717 per
2872 1662 2985 1702 sese
3019 1648 3293 1717 loquatur.
3329 1656 3511 1705 Pauca
3542 1654 3732 1706 tamen

315 1737 455 1793 mihi
479 1737 710 1792 dicenda
737 1738 865 1790 sunt
894 1734 959 1790 de
989 1736 1063 1791 iis
1106 1751 1229 1807 quae
1278 1734 1412 1790 huic
1441 1738 1581 1790 tomo
1612 1750 1903 1804 accessere,
1945 1735 2181 1806 quidque
2222 1736 2281 1788 in
2320 1750 2400 1802 eo,
2435 1739 2495 1789 ut
2534 1736 2793 1791 ornatior
2833 1739 3035 1805 exiret,
3073 1740 3454 1808 praetisterim.
3508 1740 3730 1795 Scholia

318 1826 501 1881 Greca
530 1829 590 1880 in
621 1825 797 1896 Opera
828 1824 1217 1895 Areopagitica
1275 1840 1401 1879 cum
1457 1824 1793 1879 nitidissimo
1835 1824 1890 1879 8.
1942 1825 2112 1879 Marci
2159 1823 2339 1879 codice
2395 1824 2816 1893 diligentissime
2862 1827 3193 1897 conferenda
3227 1830 3441 1896 curavi,
3498 1831 3729 1886 selectas

312 1916 496 1972 varias
521 1915 800 1982 lectiones,
841 1920 937 1968 aut
963 1916 1348 1981 correctiones,
1384 1914 1653 1969 breviores
1698 1914 1938 1985 quidem,
1971 1914 2044 1969 ad
2074 1916 2382 1985 marginem
2412 1914 2690 1985 adnotavi,
2720 1917 2962 1985 fusiores
2992 1933 3140 1985 vero,
3180 1933 3304 1989 quae
3340 1919 3524 1989 potius
3554 1919 3727 1974 Addi-

314 2011 573 2061 tamenta
600 2002 857 2076 quaedam
887 2002 1121 2058 dicenda
1149 2010 1298 2071 sunt,
1344 2003 1542 2073 quibus
1577 2003 1948 2074 praecedentes
1986 2003 2256 2059 editiones
2287 2020 2474 2060 omnes
2516 2021 2765 2071 caruere,
2799 2004 2870 2060 ad
2895 2008 3116 2076 paginae
3163 2005 3391 2077 calcem,
3443 2024 3555 2063 una
3600 2024 3726 2064 cum

312 2094 554 2149 versione
582 2094 804 2161 Latina,
836 2094 1064 2163 opposui
1092 2092 1188 2163 (1).
1224 2093 1313 2146 Ex
1344 2091 1427 2146 his
1448 2092 1596 2146 haud
1625 2107 1759 2147 sane
1795 2108 1968 2163 pauca
1997 2093 2261 2161 invenies,
2293 2096 2603 2165 praesertim
2623 2096 2680 2148 in
2707 2094 2845 2149 libro
2866 2094 2947 2150 De
2980 2094 3195 2151 divinis
3226 2096 3588 2152 nominibus.
3609 2098 3723 2152 Lit-

312 2184 454 2236 teras
486 2180 667 2237 Graeci
696 2178 995 2250 alphabeti,
1028 2194 1126 2234 seu
1155 2182 1313 2234 notas
1335 2180 1675 2245 numerales,
1704 2179 1897 2250 quibus
1926 2179 2135 2235 scholia
2164 2179 2422 2236 Germani
2445 2182 2783 2252 patriarchae
2810 2181 2882 2235 ad
2910 2181 3132 2237 scholiis
3179 2184 3420 2237 Maximi
3465 2183 3724 2238 monachi

312 2269 453 2325 dicto
513 2270 575 2323 in
631 2268 810 2323 codice
866 2267 1142 2338 distingui
1197 2268 1486 2335 dicuntur,
1544 2272 1818 2335 accurate,
1873 2271 1988 2339 ipso
2052 2271 2235 2325 codice
2290 2269 2579 2336 habentur,
2627 2270 2882 2341 adjunxi.
2939 2272 3112 2328 Labor
3148 2273 3331 2342 major
3360 2272 3724 2329 insumendus

308 2361 416 2429 fuit
445 2360 520 2414 ad
551 2359 967 2413 Lansselianam
998 2357 1309 2412 versionem
1338 2357 1673 2413 scholiorum
1700 2360 1754 2414 8.
1788 2360 2032 2415 Maximi
2058 2360 2188 2413 huic
2214 2358 2445 2415 editioni
2471 2358 2925 2430 aptandam,qua:
2944 2376 3145 2430 parum
3175 2360 3464 2416 commoda
3496 2360 3723 2417 videba-

309 2454 419 2504 tur.
461 2450 535 2503 Et
581 2463 714 2503 sane
756 2446 908 2502 haud
942 2447 1071 2501 satis
1117 2448 1334 2517 assequi
1373 2448 1488 2517 ipse
1538 2464 1760 2518 possum
1805 2448 1938 2519 quid
1982 2448 2155 2503 editor
2202 2450 2487 2503 Pariensis
2524 2465 2641 2519 prae
2683 2450 2854 2503 oculis
2902 2447 3175 2517 habuerit,
3235 2458 3314 2517 ut,
3362 2466 3489 2505 cum
3536 2451 3727 2506 omnia

308 2537 701 2610 Areopagitica
732 2536 911 2605 Opera
939 2552 1061 2590 cum
1090 2536 1160 2590 cl.
1192 2537 1303 2590 viri
1322 2536 1663 2591 Balthasaris
1693 2536 1940 2591 Corderii
1972 2538 2180 2593 Latina
2218 2537 2471 2591 versione
2517 2537 2768 2603 ededirit,
2820 2538 2874 2592 8.
2935 2538 3166 2593 Maximi
3216 2541 3277 2593 in
3325 2538 3511 2594 eadem
3550 2538 3726 2610 Opera

305 2627 530 2682 scholiis
551 2626 816 2681 Lansselii
846 2626 1149 2681 versionem
1169 2640 1442 2696 apponere
1472 2623 1757 2694 maluerit,
1790 2642 1915 2681 cum
1950 2629 2133 2680 tamen
2162 2634 2361 2696 praesto
2391 2626 2482 2680 illi
2508 2632 2646 2681 esset
2677 2628 3001 2681 earumdem
3040 2630 3215 2683 versio
3254 2630 3322 2683 ab
3356 2630 3471 2700 ipso
3516 2628 3714 2684 Corde-

305 2719 387 2773 rio
416 2718 594 2786 facta,
622 2719 671 2770 et
700 2715 939 2771 editioni
966 2715 1357 2780 Antuerpiensi
1387 2731 1480 2769 an.
1506 2714 1646 2768 4634
1678 2716 1905 2785 inserta,
1939 2730 2108 2787 eaque
2129 2715 2326 2786 procul
2358 2714 2520 2769 dubio
2552 2714 2786 2769 nitidior
2833 2720 2886 2770 et
2921 2721 3233 2772 accuriator
3280 2720 3373 2779 sit,
3414 2734 3579 2789 quam
3625 2719 3731 2773 illa

304 2805 699 2870 tumultuaria,
734 2809 794 2858 ut
827 2821 949 2858 eam
977 2812 1127 2859 vocat
1157 2803 1473 2859 Lansselius
1503 2804 1637 2874 ipse,
1670 2807 1858 2874 utpote
1889 2818 2062 2874 quam
2091 2818 2307 2857 summa
2351 2818 2475 2856 cum
2510 2804 2870 2871 festinatione
2899 2801 3086 2875 facere
3116 2806 3435 2875 aliquorum
3460 2807 3716 2874 precibus

309 2895 619 2966 compulsus
644 2896 778 2965 fuit,
803 2910 927 2948 cum
957 2895 1203 2965 primum
1232 2893 1412 2948 erce
1443 2897 1660 2947 tantum
1690 2891 1995 2947 Maximum
2028 2891 2288 2947 exhibere
2317 2892 2706 2962 constituisset,
2736 2900 2794 2948 ut
2824 2892 3079 2947 idemmet
3106 2897 3357 2948 testatur.
3393 2897 3583 2965 Quare
3632 2895 3720 2950 nil

306 2985 445 3041 vitio
472 2983 791 3039 vertendum
819 2984 958 3050 viro,
991 2981 1219 3037 aliunde
1248 2982 1603 3053 peritissimo,
1638 2983 1687 3036 si
1705 2982 1975 3053 ejusmodi
2002 2981 2177 3036 versio
2206 2981 2370 3053 paulo
2408 2981 2709 3051 obscurior,
2759 2986 2811 3037 et
2855 2982 3246 3054 inelegantior,
3294 2990 3346 3038 et
3384 2983 3444 3037 in
3491 2984 3721 3055 quibus-

307 3072 437 3127 dam
461 3073 628 3127 etiam
660 3071 812 3138 locis,
833 3072 1025 3126 minus
1054 3074 1316 3126 accurata
1336 3070 1624 3141 prodierit.
1658 3069 1761 3125 Sed
1790 3085 1901 3125 non
1971 3071 2049 3125 ita
2108 3069 2308 3125 editori
2352 3070 2668 3124 Parisiensi
2703 3069 3126 3126 condonandum
3166 3069 3405 3140 videtur,
3455 3072 3551 3142 qui
3597 3088 3723 3127 eam

307 3163 547 3219 versioni
576 3161 935 3217 Corderianee
959 3160 1298 3231 prxtulerit,
1321 3161 1529 3230 illaque
1556 3160 1776 3230 rejecta,
1809 3161 1869 3213 in
1897 3158 2191 3214 editionem
2218 3175 2377 3213 suam
2407 3160 2683 3225 asciverit,
2712 3161 3043 3229 praesertim,
3085 3176 3210 3215 cum
3243 3164 3292 3215 et
3322 3160 3464 3215 illud
3510 3162 3722 3217 incom-

310 3252 458 3305 modi
482 3250 776 3318 accederet,
807 3249 975 3320 quod,
1008 3264 1131 3303 cum
1189 3249 1349 3303 verba
1405 3256 1584 3303 textus
1642 3247 1698 3302 8.
1735 3248 1989 3317 Dionysii
2016 3248 2164 3302 circa
2194 3262 2319 3318 qua:
2345 3248 2561 3303 scholia
2600 3252 2912 3317 versantur,
2946 3247 3112 3319 plane
3139 3249 3325 3318 aliter,
3353 3250 3723 3321 utplurimum

308 3356 364 3395 se
386 3338 623 3395 habeant
654 3341 712 3393 in
745 3338 909 3394 haece
938 3339 1185 3393 versione
1217 3336 1589 3400 Lansseliana,
1621 3352 1785 3407 quam
1816 3338 1877 3390 in
1910 3335 2273 3403 Corderiana,
2308 3338 2418 3393 imo
2447 3344 2498 3392 et
2521 3353 2923 3408 nonnunquam
2948 3336 3227 3393 diversum
3266 3340 3489 3393 omnino
3518 3341 3720 3410 praefe-

308 3433 394 3484 rat
422 3445 669 3490 sensum;
700 3429 926 3484 nonnisi
952 3426 1283 3497 difﬁcillime
1312 3444 1346 3481 a
1376 3427 1574 3482 lectore
1607 3425 1816 3483 Graecae
1847 3426 2066 3498 linguae
2104 3427 2302 3496 ignaro
2334 3425 2673 3494 deprehendi
2696 3429 2872 3498 potest
2901 3431 2974 3483 ad
3025 3444 3190 3498 quam
3229 3432 3449 3498 partem
3476 3427 3723 3495 eiusdem

307 3523 485 3574 textus
514 3518 739 3587 singula
768 3516 979 3573 scholia
1006 3517 1321 3586 pertineant
1358 3532 1370 3570 :
1402 3519 1454 3571 et
1483 3531 1542 3570 eo
1564 3515 1645 3570 vel
1678 3516 1918 3570 maxime
1946 3514 2085 3585 quod
2115 3516 2590 3586 paragraphorum
2630 3516 2691 3570 in
2736 3531 2867 3586 quos
2903 3517 3087 3585 capita
3117 3516 3301 3571 divisa
3330 3520 3464 3571 sunt
3495 3518 3559 3571 in
3585 3519 3721 3573 Cor-

303 3607 541 3662 deriana
568 3610 750 3661 textus
779 3605 835 3660 8.
868 3605 1126 3675 Dionysii
1153 3606 1423 3673 versione,
1454 3619 1717 3657 numerus
1748 3603 1806 3657 in
1836 3603 2209 3657 Lansseliana
2254 3602 2593 3657 scholiorum
2614 3604 2883 3668 versione,
2914 3610 3078 3673 atque
3100 3605 3158 3657 in
3180 3603 3487 3658 Parisiensi
3525 3603 3723 3660 editio-

302 3711 371 3751 ne
395 3697 561 3768 plane
590 3696 821 3751 omissus
851 3695 923 3749 sit
950 3712 973 3758 ;
1001 3693 1354 3765 quamobrem
1382 3692 1696 3767 eorumdem
1724 3691 2052 3746 scholiorum
2080 3708 2212 3746 usus
2240 3694 2467 3748 nonnisi
2487 3692 2941 3763 impeditissimus
2969 3708 3086 3748 esse
3114 3695 3307 3761 potest.
3348 3693 3476 3749 Haec
3516 3694 3596 3747 ita
3637 3708 3724 3748 me

301 3793 705 3858 permoverant,
738 3792 803 3839 ut
829 3799 1032 3852 parum
1060 3783 1309 3854 abfuerit
1340 3783 1473 3853 quin
1505 3783 1638 3852 ipse,
1663 3782 1869 3852 rejecta
1889 3780 2034 3836 dicta
2055 3781 2331 3837 Lansselii
2377 3781 2710 3837 scholiorum
2738 3785 2797 3838 S.
2832 3782 3062 3837 Maximi
3107 3784 3368 3849 versione,
3420 3781 3722 3838 Corderia-

306 3892 435 3930 nam
462 3873 777 3930 eorumdem
809 3874 1115 3929 versionem
1142 3872 1305 3939 juxta
1335 3871 1627 3926 editionem
1654 3871 2118 3940 Antuerpiensem
2146 3870 2387 3925 editioni
2414 3886 2556 3927 mea?
2581 3873 2907 3927 insererem.
2941 3870 3047 3925 Nec
3069 3870 3252 3926 deerat
3272 3871 3361 3925 vir
3387 3872 3592 3937 doctus,
3625 3871 3722 3941 qui

308 3963 467 4019 hocce
496 3964 635 4017 mihi
662 3962 951 4016 consilium
981 3959 1139 4015 daret
1154 3976 1174 4021 ;
1205 3960 1408 4031 quique
1436 3968 1707 4029 praeterea
1736 3958 2001 4028 addebat,
2026 3958 2128 4014 hoc
2153 3960 2432 4029 postulari
2461 3961 2528 4013 ab
2560 3961 2967 4029 uniformitatis
2996 3960 3212 4014 ratione
3265 3960 3408 4030 (quae
3450 3960 3511 4014 in
3540 3960 3721 4031 quoli-

311 4054 393 4108 bet
422 4068 579 4124 opere
606 4068 731 4106 eum
785 4051 912 4121 ﬁeri
934 4054 1128 4121 potest,
1158 4049 1433 4104 servanda
1465 4050 1586 4119 est),
1618 4057 1678 4104 ut
1706 4049 1946 4119 ejusdem
1976 4049 2215 4103 auctoris
2254 4056 2391 4104 esset
2423 4052 2541 4102 tum
2577 4050 2754 4103 versio
2783 4052 2966 4103 textus
2995 4050 3383 4119 Areopagitici,
3416 4056 3530 4102 tum
3562 4048 3721 4104 scho-

309 4142 512 4195 liorum
542 4156 662 4211 quae
683 4142 745 4194 in
774 4141 957 4210 ipsum
986 4140 1298 4209 conscripta
1327 4146 1475 4193 sunt.
1510 4138 1685 4205 Quare
1713 4140 1761 4192 et
1793 4138 2018 4203 reficere
2046 4136 2310 4192 suadebat
2346 4138 2792 4193 Tilmannianam
2823 4138 3175 4209 Pachymerae
3220 4138 3623 4208 Paraphraseos
3652 4139 3715 4193 in

307 4230 578 4301 Epistolas
607 4227 662 4283 8.
688 4228 945 4298 Dionysii
973 4228 1279 4282 versionem
1326 4242 1430 4296 pro
1486 4224 1830 4281 Corderiana
1872 4226 2123 4292 ascitam,
2176 4242 2301 4279 cum
2350 4225 2723 4296 Paraphrases
2766 4226 3011 4296 ejusdem
3060 4224 3424 4295 Pachymera?
3452 4226 3513 4278 in
3553 4225 3719 4279 libros

303 4318 360 4373 8.
396 4318 670 4388 Dionysii,
706 4317 815 4372 imo
846 4322 900 4371 et
921 4315 1127 4371 scholia
1154 4314 1210 4369 8.
1243 4315 1473 4369 Maximi
1504 4316 1563 4368 in
1591 4314 1807 4368 easdem
1836 4312 2142 4384 Epistolas,
2174 4316 2288 4369 sint
2319 4330 2387 4368 ex
2418 4313 2670 4369 Corderii
2699 4316 2968 4369 versione.
3018 4314 3316 4380 Quominus
3366 4315 3553 4368 tamen
3594 4313 3727 4369 huic

300 4409 533 4465 consilio
552 4408 955 4477 acquiescerem
985 4405 1083 4477 (an
1112 4410 1279 4473 recte,
1310 4405 1583 4473 benignus
1615 4404 1798 4458 Lector
1817 4402 2097 4473 judicium
2125 4403 2280 4473 feret)
2332 4402 2437 4457 duo
2484 4402 2830 4473 potissimum
2860 4403 2920 4456 in
2948 4416 3117 4457 causa
3144 4405 3319 4472 fuere.
3368 4402 3620 4456 Primum
3647 4417 3721 4457 ne

301 4496 517 4553 viderer
543 4495 685 4551 datae
713 4495 934 4567 publico
965 4493 1094 4564 ﬁdei
1122 4494 1311 4564 aliqua
1340 4494 1403 4547 in
1430 4501 1592 4563 parte
1618 4491 1827 4553 deesse;
1856 4490 2130 4562 siquidem
2162 4493 2223 4547 in
2252 4507 2338 4547 me
2368 4507 2704 4563 receperam,
2746 4490 2920 4561 Opera
2948 4490 3005 4545 8.
3040 4489 3296 4561 Dionysii
3315 4490 3485 4560 juxta
3514 4498 3723 4561 postre-

300 4603 453 4641 mam
482 4584 857 4640 Parisiensem
880 4582 1195 4651 editionem,
1229 4598 1396 4652 quam
1427 4582 1637 4636 caeteris
1666 4581 1983 4651 praecellere
2010 4582 2319 4636 communis
2346 4581 2637 4652 persuasio
2666 4583 2763 4643 est,
2794 4579 3092 4635 recudere:
3145 4577 3415 4648 alterum,
3453 4578 3592 4649 quod
3621 4576 3722 4633 ad-

307 4675 525 4731 modum
550 4672 817 4729 credibile
844 4670 987 4726 mihi
1019 4670 1319 4735 videretur,
1348 4670 1722 4724 Parisiensem
1746 4668 2026 4736 editorem,
2068 4684 2195 4725 cum
2215 4684 2283 4723 ex
2312 4668 2522 4740 duplici
2551 4669 2817 4737 editione,
2860 4667 3235 4723 Lansseliana
3268 4666 3482 4721 scilicet
3510 4674 3561 4722 et
3592 4666 3722 4721 Oor-

309 4765 569 4829 deriana,
594 4762 772 4831 suam,
804 4761 1045 4829 conﬂare
1072 4758 1253 4824 vellet,
1288 4758 1529 4813 meliora
1559 4774 1623 4812 ac
1650 4759 1865 4828 potiora
1888 4758 2157 4827 selegisse,
2190 4773 2507 4829 quanquam
2537 4756 2702 4812 aliter
2732 4757 2905 4810 alicui
2950 4755 3245 4810 videretur.
3296 4755 3501 4811 Idcirco
3550 4771 3724 4826 neque

306 4851 630 4909 omittendas
658 4850 851 4906 censui
880 4856 1040 4904 notas
1071 4847 1341 4904 Lansselii
1363 4854 1477 4902 tum
1503 4846 1563 4901 in
1592 4845 1800 4901 dictam
1832 4844 2191 4917 Pachymerw
2210 4846 2630 4917 Paraphrasim,
2664 4854 2780 4901 tum
2822 4846 2882 4899 in
2910 4846 2975 4899 B.
3019 4844 3272 4915 Dionysii
3307 4845 3481 4899 Vitam
3512 4862 3543 4898 a
3574 4843 3720 4916 Syn-

308 4942 394 5010 gel
412 4960 417 4961 ’
455 4940 837 5008 conscriptam,
886 4944 937 4992 et
985 4938 1043 4991 in
1081 4936 1320 5007 ejusdem
1350 4935 1715 5006 Martyrium:
1743 4951 2056 5005 quanquam
2087 4934 2206 4991 haec
2234 4936 2420 4990 omnia
2452 4935 2630 4989 videri
2673 4934 2852 4989 alicui
2876 4938 3099 5005 possent
3128 4934 3360 4987 minime
3383 4935 3719 5003 necessaria,

309 5048 373 5087 ac
398 5033 635 5102 fortasse
664 5044 762 5083 nec
792 5027 961 5082 utilia
987 5028 1068 5095 (ut
1098 5026 1238 5081 talia
1263 5026 1379 5080 visa
1419 5027 1574 5095 fuere
1628 5024 1904 5090 Corderio,
1954 5026 2067 5096 qui,
2103 5041 2227 5079 cum
2256 5026 2457 5095 viginti
2502 5024 2725 5079 circiter
2755 5024 2922 5078 annis
2950 5032 3070 5094 post
3103 5024 3465 5088 Lansselium,
3518 5023 3721 5079 editio-

311 5136 431 5175 nem
461 5134 625 5174 suam
657 5117 1113 5187 Antuerpiensem
1140 5121 1379 5178 curaret,
1409 5127 1473 5167 ea
1519 5114 1704 5166 omnia
1739 5113 1970 5183 omisit).
2004 5112 2383 5168 Nihilominus
2412 5115 2528 5184 ipse
2556 5114 2731 5167 satius
2769 5110 2933 5177 duxi,
2966 5112 3381 5183 aliquantulum
3419 5112 3721 5182 abundare,

311 5226 473 5280 quam
501 5209 565 5263 in
593 5205 714 5262 ulla
738 5222 819 5275 re,
844 5220 964 5276 que:
1002 5221 1036 5259 a
1075 5218 1346 5276 quoquam
1374 5201 1678 5257 desiderari
1718 5206 1910 5272 posset,
1955 5201 2152 5257 deesse.
2203 5204 2453 5257 Attamen
2502 5218 2626 5256 cum
2671 5217 2952 5256 summum
3002 5216 3088 5255 me
3132 5200 3460 5256 desiderium
3507 5204 3724 5257 teneret

302 5298 668 5372 perfectioris,
694 5297 964 5368 quantum
992 5294 1118 5364 ﬁeri
1144 5300 1339 5364 posset,
1370 5289 1653 5347 reddendis
1684 5290 1845 5362 hujus
1874 5290 2133 5347 editionis
2163 5306 2318 5357 meae,
2355 5291 2559 5347 idcirco
2587 5291 2769 5345 virum
2812 5290 3054 5356 doctum,
3086 5292 3185 5361 qui
3215 5308 3300 5345 me
3330 5291 3394 5345 de
3425 5290 3509 5345 his
3540 5293 3721 5347 omni-

308 5388 403 5442 bus
441 5386 751 5454 monuerat,
781 5384 993 5452 rogavi,
1026 5385 1087 5436 ut
1125 5380 1377 5451 defectui,
1426 5394 1584 5450 quem
1638 5380 1700 5433 in
1746 5380 2111 5435 Lansseliana
2155 5379 2494 5435 scholiorum
2534 5379 2595 5433 S.
2644 5378 2878 5433 Maximi
2919 5379 3165 5433 versione
3215 5379 3721 5447 animadverterat,

304 5478 418 5548 ipse
446 5474 758 5531 mederetur
788 5488 802 5528 :
836 5470 979 5544 quod
1004 5473 1281 5542 utcunque
1307 5468 1603 5539 impetravi
1635 5484 1647 5523 :
1673 5484 1806 5523 nam
1826 5467 1991 5524 verba
2019 5471 2195 5524 textus
2224 5467 2279 5523 8.
2304 5468 2576 5538 Dionysii,
2600 5468 2750 5520 circa
2780 5481 2900 5536 qua
2925 5465 3138 5522 scholia
3156 5470 3477 5533 versantur,
3500 5466 3571 5522 ad
3598 5483 3725 5523 ver-

379 5675 450 5743 (1)
473 5671 797 5802 Αὲἑιὶηιθὲια
825 5685 857 5724 a
886 5665 1347 5725 correctionibus
1378 5670 1435 5722 et
1462 5664 1639 5722 variis
1670 5664 2019 5722 lectionibus
2058 5665 2439 5721 distinximus
2483 5668 2540 5719 et
2568 5664 2717 5719 inter
2776 5678 2959 5718 uncos
3009 5662 3201 5735 posita
3250 5662 3433 5718 textui
3466 5663 3723 5721 inserui-

379 5761 470 5802 ιιι.
584 5759 661 5800 ιτ.
733 5756 871 5798 un.

316 5761 470 5802 mus.
501 5756 661 5802 EDIT.
689 5756 871 5798 PATR-

592 5870 863 5931 Ριεηοι.
910 5865 1022 5929 Gn.
1068 5862 1174 5928 IV.

3404 5863 3433 5921 1
