4158 6370
324 362 387 415 11
1157 362 1528 415 APPENDIX
1568 364 1666 415 AD
1705 363 1946 415 OPERA
1984 365 2041 416 S'
2082 362 2396 416 DIONYSII
2438 360 2917 417 AREOPAGITtE
3669 357 3737 412 12

329 492 541 546 sionem
573 489 967 546 Corderianam
1014 490 1332 556 revocavit;
1384 490 1467 544 ita
1506 493 1691 545 tamen
1722 494 1802 555 ut,
1836 492 1932 544 ubi
1959 489 2172 545 scholia
2201 506 2382 545 vocem
2422 491 2668 560 aliquam
2720 488 2964 545 Graecam
2994 496 3349 560 exponerent,
3381 491 3497 561 ipse
3526 489 3744 546 Latinae

336 578 694 634 Corderianae
720 579 963 633 versioni
991 593 1172 633 vocem
1200 576 1443 633 eamdem
1474 581 1663 634 Graece
1692 577 2034 650 adjungeret,
2062 580 2353 649 prxmisso
2387 577 2499 645 Gr.,
2534 577 2633 633 hoc
2660 586 2741 634 est
2775 577 2988 640 Graece;
3018 587 3080 633 ut
3111 581 3302 633 notum
3333 577 3489 647 ﬁeret
3531 575 3744 647 lectori,

335 670 394 722 in
420 670 562 723 vocis
592 666 802 724 Graecae
822 669 875 721 vi
904 675 1066 738 atque
1094 669 1323 737 energia
1343 668 1675 738 explicanda
1704 668 1974 723 scholium
2005 668 2147 723 illud
2175 670 2338 723 unice
2385 669 2470 724 vel
2517 670 2800 739 praecipue
2832 667 3093 739 impendi.
3128 668 3412 724 Praeterea
3441 669 3746 723 versionem

334 760 511 829 ipsam
541 757 691 812 haud
720 757 1118 827 infrequenter,
1152 757 1250 811 ubi
1278 759 1576 813 necessitas
1608 758 1791 827 major
1820 756 2135 825 videbatur,
2167 760 2404 813 correxit
2434 775 2453 812 :
2476 758 3000 827 interpunctionem,
3049 773 3167 827 quae
3213 757 3571 811 vitiosissima
3599 764 3742 826 erat,

334 846 646 903 emendavit
672 862 736 900 ac
763 845 981 902 demum
1008 862 1301 901 numerum
1325 847 1569 915 singulis
1595 845 1975 919 paragraphis
2009 846 2285 916 adiunxit,
2318 862 2422 918 quo
2450 846 2683 916 facilius
2714 847 2887 901 lector
2932 848 3233 916 comperire
3274 854 3450 917 posset
3480 844 3551 900 ad
3580 861 3745 915 quam

329 939 544 1006 partem
572 940 758 990 textus
785 937 992 991 scholia
1022 937 1248 1007 singula
1276 937 1633 1005 pertinerent.
1668 937 1821 1003 Quae,
1852 936 1915 989 ni
1941 936 2131 1006 fallor,
2163 937 2307 990 haud
2335 938 2615 990 modicum
2636 935 2854 991 addunt
2883 935 3113 991 editioni
3132 934 3264 991 huic
3287 950 3420 989 mem
3440 950 3743 989 ornamen~

335 1033 471 1094 tum,
502 1026 611 1079 imo
641 1033 691 1080 et
717 1026 1165 1080 emolumentum.
1218 1025 1438 1092 Maioris
1486 1033 1666 1080 tamen
1704 1026 1940 1093 fortasse
1977 1027 2099 1097 quis
2143 1027 2357 1096 fecerit,
2389 1040 2512 1096 qua:
2542 1024 2672 1079 huic
2716 1029 2856 1081 tomo
2902 1024 3165 1080 accedunt
3213 1040 3282 1079 ex
3330 1025 3443 1080 alio
3470 1039 3623 1096 penu
3653 1022 3745 1079 de-

330 1118 583 1187 prompta
613 1115 1017 1170 Additamenta.
1069 1115 1262 1170 Notum
1310 1119 1387 1169 est
1418 1114 1590 1182 omni,
1621 1114 1716 1184 qui
1758 1114 2086 1169 eruditionis
2133 1114 2418 1185 quidpiam
2456 1116 2726 1183 attigerit,
2787 1123 2995 1184 quanta
3048 1116 3098 1169 et
3152 1130 3188 1169 a
3238 1116 3442 1185 quanto
3501 1118 3746 1182 tempore

333 1207 543 1275 ferveat
572 1203 636 1257 de
665 1204 1171 1273 Areopagiticorum
1207 1203 1442 1272 Operum
1470 1211 1689 1257 auctore
1712 1205 2083 1258 controversia
2109 1221 2127 1257 .·
2159 1219 2481 1275 quanquam
2514 1205 2663 1259 enim
2693 1203 2956 1259 hodierno
2982 1204 3222 1275 tempore
3253 1204 3313 1258 in
3362 1200 3748 1267 abiudicandis

334 1307 536 1359 magno
568 1291 658 1345 illi
679 1292 941 1362 Dionysio
975 1291 1236 1362 Operibus
1265 1291 1410 1345 hisee
1439 1292 1650 1345 eruditi
1675 1292 1847 1360 ferme
1875 1293 2243 1362 consentiant,
2268 1309 2377 1348 non
2406 1291 2605 1348 desunt
2635 1296 2821 1347 tamen
2850 1290 3162 1358 hodiedum,
3184 1292 3283 1363 qui
3308 1306 3408 1363 pro
3438 1291 3559 1346 illis
3573 1290 3748 1347 eidem

334 1380 683 1436 vindicandis
697 1380 925 1435 libenter
933 1383 1262 1451 pugnent;et
1286 1380 1409 1444 alii,
1428 1380 1628 1449 quibus
1649 1381 1842 1435 saltem
1874 1397 2043 1436 causa
2064 1382 2183 1437 haec
2203 1381 2351 1436 haud
2371 1384 2594 1437 omnino
2611 1381 2894 1453 deplorata
2912 1397 3005 1437 seu
3026 1380 3311 1451 desperata
3333 1378 3751 1436 videatur.Cum

335 1470 510 1536 igitur
547 1483 853 1539 anonymus
897 1467 1120 1537 quidam
1151 1475 1343 1522 auctor
1375 1466 1571 1523 Gallus
1594 1468 1848 1538 opellam,
1881 1471 1973 1523 cui
1999 1470 2199 1525 titulus
2229 1478 2322 1526 est.
2355 1469 2663 1526 Problema
2692 1470 2763 1524 de
2795 1468 3081 1541 Operibus
3116 1468 3173 1524 S.
3223 1468 3481 1541 Dionysii
3511 1468 3751 1523 nomine

339 1556 662 1628 inscriptis,
690 1558 881 1627 patrio
910 1571 1155 1611 sermone
1188 1556 1632 1623 elucubraverit,
1666 1558 1726 1611 in
1758 1573 1867 1628 qua
1896 1560 2184 1631 utriusque
2203 1561 2384 1631 partis
2428 1561 2671 1615 rationes
2718 1566 2767 1614 et
2815 1561 3139 1629 argumenta
3170 1559 3591 1614 accuratissime
3616 1573 3749 1629 pro-

334 1647 497 1716 ponit
526 1646 624 1715 (2),
656 1645 785 1699 hinc
810 1661 928 1700 rem
958 1645 1213 1700 omnibus
1237 1648 1453 1714 gratam
1481 1662 1569 1701 me
1592 1648 1869 1717 facturum
1889 1650 2100 1720 putavi,
2134 1650 2182 1703 si
2200 1666 2321 1705 eam
2338 1650 2539 1705 Latine
2559 1664 2770 1704 versam
2790 1648 3029 1704 editioni
3047 1648 3177 1703 huic
3194 1662 3336 1703 meae
3355 1647 3750 1716 adiungerem:

339 1734 467 1790 inde
484 1737 635 1790 enim
653 1736 1087 1806 poteritquisque
1118 1736 1259 1790 hanc
1288 1735 1560 1790 celebrem
1586 1752 1818 1791 causam
1838 1739 2097 1809 penitius,
2128 1739 2353 1795 modico
2394 1755 2517 1794 cum
2552 1738 2762 1805 labore,
2809 1740 3147 1810 perspectam
3178 1737 3379 1792 habere
3406 1751 3633 1808 eamque
3661 1735 3751 1789 di-

329 1826 603 1896 judicare.
637 1826 875 1895 Longius
902 1840 1211 1895 processere
1240 1825 1521 1895 nonnulli,
1563 1825 1817 1882 videlicet
1867 1843 1975 1882 non
2022 1829 2201 1883 solum
2248 1829 2631 1900 Areopagitica
2679 1828 2857 1899 Opera
2898 1842 3095 1898 magno
3139 1827 3407 1897 Dionysio
3456 1825 3751 1896 abjudica-

336 1923 462 1971 rent
489 1913 581 1968 sed
610 1916 778 1969 etiam
804 1915 1118 1969 earumdem
1148 1919 1427 1970 auctorem
1456 1916 1722 1972 haereseos
1756 1917 1874 1971 labe
1903 1917 2169 1989 infectum
2216 1922 2383 1989 fuisse
2428 1917 2840 1974 contenderent.
2897 1918 3048 1971 Inter
3095 1924 3317 1972 caeteros
3361 1916 3591 1972 Michael
3650 1915 3751 1970 Le-

335 2005 587 2074 quienus,
612 2003 831 2058 ordinis
860 2002 1320 2066 Praedicatorum,
1352 2004 1440 2057 vir
1466 2019 1599 2057 sane
1626 2003 1969 2060 doctissimus
1991 2015 2040 2061 et
2062 2007 2490 2074 eruditissimus,
2522 2007 2748 2061 nullum
2774 2022 2885 2061 non
2924 2005 3164 2078 lapidem
3192 2007 3365 2060 movit
3397 2006 3457 2059 in
3482 2005 3751 2059 Disserta-

335 2093 481 2146 tione
510 2091 894 2145 Damascenica
930 2091 1187 2157 secunda,
1230 2094 1289 2144 ut
1336 2093 1517 2159 ipsum
1569 2092 2059 2163 Eutychianorum,
2090 2111 2183 2150 seu
2217 2094 2731 2167 Monophysitarum
2767 2094 3049 2149 erroribus
3080 2092 3371 2149 addictum
3416 2094 3608 2163 fuisse,
3658 2091 3752 2147 de-

335 2183 686 2233 monstraret.
728 2180 941 2245 Verum,
976 2183 1032 2233 ut
1064 2188 1138 2233 est
1166 2180 1444 2249 praeclara
1473 2196 1588 2251 ejus
1620 2181 1837 2237 ordinis
1866 2182 1979 2248 dos,
2014 2188 2073 2238 ut
2101 2185 2406 2251 veritatem,
2438 2201 2562 2239 cum
2606 2201 2757 2257 opus,
2778 2186 2972 2255 fuerit,
3005 2199 3115 2238 non
3165 2184 3352 2238 minus
3400 2190 3601 2237 contra
3628 2197 3756 2239 suos

336 2284 500 2339 quam
528 2275 719 2322 contra
752 2268 889 2322 alios
921 2270 1159 2337 tueatur,
1194 2284 1268 2322 ex
1296 2269 1481 2323 eodem
1529 2269 1726 2325 ordine
1759 2271 1987 2341 prodiit,
2030 2276 2128 2344 qui
2156 2275 2511 2345 Lequienum,
2543 2280 2608 2329 ut
2636 2275 2824 2329 virum
2867 2273 3440 2345 perspicacissimum,
3476 2271 3579 2327 hac
3608 2273 3669 2326 in
3696 2286 3756 2327 re

336 2355 614 2427 deceptum
646 2372 757 2411 esse
780 2356 1064 2427 probaret,
1098 2366 1259 2429 atque
1291 2358 1807 2429 Areopagiticorum
1837 2364 2080 2417 auctoris
2110 2363 2502 2419 orthodoxiam
2530 2367 2723 2419 contra
2751 2365 2933 2435 ipsum
2963 2362 3305 2418 validissime
3331 2365 3751 2434 propugnaret.

337 2447 387 2501 1s
420 2454 498 2501 est
528 2444 941 2501 celeberrimus.
979 2452 1043 2501 P.
1072 2448 1402 2503 Bernartius
1454 2447 1520 2502 Μ.
1578 2448 1644 2503 de
1694 2452 1908 2516 Rubeis,
1938 2452 2097 2517 cuius
2126 2453 2227 2508 hac
2256 2453 2320 2509 de
2348 2470 2407 2509 re
2439 2454 2881 2509 Dissertationem
2908 2456 3175 2523 tanquam
3203 2452 3440 2507 nobilem
3474 2449 3606 2506 huic
3633 2450 3754 2505 edi-

336 2536 479 2590 tioni
505 2551 635 2590 mex
666 2535 1001 2601 coronidem,
1030 2543 1305 2607 postremo
1337 2538 1448 2592 loco
1478 2553 1712 2608 appono.
1741 2539 1824 2592 Ex
1852 2540 1939 2595 his
1996 2541 2247 2596 omnibus
2277 2543 2419 2597 illud
2465 2543 2573 2599 tibi
2619 2542 2781 2598 modo
2806 2541 3139 2615 persuadeas
3166 2541 3358 2608 velim,
3416 2540 3622 2611 optime
3654 2543 3751 2594 Le-

338 2629 474 2692 ctor,
501 2641 587 2681 me
617 2641 826 2696 semper
845 2641 1065 2697 operam
1096 2626 1367 2681 daturum
1394 2643 1562 2696 quam
1587 2631 1779 2697 potero
1809 2631 2132 2697 maximam,
2165 2636 2226 2685 ut
2257 2648 2595 2703 quaecunque
2642 2636 2879 2687 Patrum
2910 2630 3220 2686 aliorumve
3251 2638 3543 2685 auctorum
3578 2630 3755 2700 Opera

339 2713 651 2770 recudenda
674 2730 979 2786 suscepere,
1001 2732 1065 2771 ea
1094 2732 1163 2771 ex
1184 2716 1548 2787 typoyraphia
1580 2732 1699 2770 mea
1728 2719 2016 2773 ornatiora
2044 2724 2096 2774 et
2109 2723 2439 2791 perfectiora
2467 2738 2631 2792 quam
2662 2727 2833 2777 antea
2869 2723 3118 2792 fuerant,
3145 2719 3445 2791 prodeant.
3493 2718 3637 2775 Vale.

411 2950 485 3030 (ξ)
519 2950 653 3030 Quae
684 2950 741 3004 in
769 2951 881 3030 hoc
931 2950 1439 3030 Problemstgpro
1472 2952 1986 3030 Areopagiticorum
2097 2956 2316 3030 tionem
2350 2960 2508 3013 torno
2540 2957 2730 3029 primo
2762 2958 2821 3013 S.
2857 2957 3115 3030 Dionysii
3181 2956 3607 3030 premisimus;
3640 2972 3757 3012 non

346 3021 653 3112 autheptia
683 3026 785 3077 aut
833 3026 1035 3112 contra
1065 3022 1488 3112 genuinitatem
1522 3021 1724 3108 eorum
1762 3025 1987 3112 prolixe
2099 3028 2413 3112 estigitur
2455 3021 2558 3084 cui-
2610 3035 2959 3112 argumenta
3008 3021 3137 3112 ipse
3160 3021 3286 3100 fam
3319 3021 3756 3097 exposita'cum

344 3093 661 3174 admodum
709 3095 1009 3174 congessit
1036 3102 1236 3174 auctor
1268 3093 1778 3174 gnqrgymushjam'
1816 3105 1990 3153 antea
2099 3093 2334 3174 auctdre
2380 3093 2927 3174 anonymoviterum
2968 3102 3039 3157 ad
3090 3093 3333 3159 examen
3383 3093 3754 3157 revocamus.

344 3165 572 3235 egregie
604 3165 952 3250 tractas/erat
976 3166 1137 3248 R..P.
1169 3165 1235 3221 D.
1271 3166 1343 3221 Le
1365 3165 1597 3292 Nonnisi
1621 3165 1680 3222 in
1703 3168 1992 3250 Apparatu
2106 3176 2261 3227 EDIT.
2292 3172 2465 3228 Pun.

344 3238 424 3292 ad
468 3236 862 3292 Bibliothecam
907 3254 1211 3292 maximam
1242 3239 1488 3292 Patrum.
1589 3254 1677 3292 ms
1708 3239 1993 3292 Disserta-

1575 3263 1598 3309 'J

344 3232 424 3292 ad
468 3232 862 3293 Bibliothecam
907 3239 1211 3293 maximam
1242 3239 1488 3294 Patrum.
1538 3232 1677 3297 Ejus
1708 3232 1993 3297 Disserta-
