4158 6370
250 396 253 403 .
315 352 380 406 15
1131 353 1498 407 APPENDIX
1535 353 1635 404 AD
1670 351 1909 407 OPERA
1949 355 2008 407 S.
2050 352 2363 407 DIONYSII
2402 352 2903 408 AREOPAGITJE.
3653 351 3721 406 16

670 666 1164 839 ΤΟΥ
1318 664 2065 839 ΑΓΙΟΥ
2220 664 3376 838 ΜΑΞΙΜΟΥ

1524 960 2481 1092 ΠΡΟΛΟΓΟΣ

981 1227 1178 1319 ΕΙΣ
1261 1224 1425 1317 TA
1503 1224 1752 1321 ΤΟΥ
1836 1223 2217 1321 ΑΓΙΟΥ
2298 1222 3013 1320 ΔΙΟΝΥΣΙΟΥ.

1065 1608 1923 1777 SANCTI

2052 1609 2946 1773 ΜΑΧΙΜΙ

1642 1883 2357 2000 PROLOGUS

1127 2091 1254 2184 IN
1326 2089 1729 2184 OPERA
1798 2086 2243 2181 SANCTI
2315 2087 2874 2183 DIONYSII

1544 2297 1896 2372 Interprete
1929 2293 2114 2352 Petro
2155 2291 2499 2352 Lansselio.

368 2641 743 2698 Nobilitatem
801 2638 1001 2713 magni
1058 2637 1323 2711 Dionysii
1382 2642 1556 2709 atque
1618 2636 1676 2691 in
1718 2634 1939 2690 divitiis

2124 2632 2229 2698 Τὴν
2266 2633 2358 2705 μὲν
2394 2631 2682 2707 εὐγένειαν,
2713 2634 2776 2688 τό
2823 2655 2881 2688 τε
2929 2636 3219 2713 περιφανὲς
3251 2636 3307 2691 ἰν
3353 2635 3581 2711 πλούτῳ
3615 2659 3715 2711 με·

305 2730 699 2802 splendorem,
734 2728 898 2785 solus
929 2728 1056 2800 ipse
1086 2726 1535 2783 Atheniensium
1587 2731 1845 2793 senatus,
1896 2723 1955 2777 in

306 2836 423 2891 quo
474 2823 538 2874 ut
585 2818 897 2874 consilium
944 2819 1110 2872 daret
1139 2815 1358 2871 electus
1389 2820 1496 2880 est,
1529 2814 1908 2884 repra'sentat
1941 2827 1954 2865 :

304 2908 600 2979 siquidem
630 2908 1113 2977 Areopagitarum
1148 2920 1301 2958 unus
1332 2903 1424 2957 hic
1458 2908 1600 2972 erat,
1633 2901 1787 2957 sicut
1817 2900 1959 2955 divi-

309 3014 422 3052 nus
448 2994 765 3051 declaravit
796 2993 1149 3062 Lucas,dum
1183 2997 1385 3046 sancta
1414 2996 1753 3046 sanctorum
1787 3005 1957 3061 apos-

308 3085 564 3140 tolorum
596 3086 762 3154 gesta
790 3086 1184 3151 enarrat;cum
1218 3080 1371 3135 enim
1395 3078 1631 3133 dixisset
1653 3076 1956 3133 sanctissi-

312 3189 475 3228 mum
499 3170 827 3243 apostolum
848 3170 1094 3225 Paulum
1115 3168 1357 3224 Athenis
1379 3172 1742 3239 agentem,ac
1766 3166 1958 3222 verbis

312 3278 447 3317 cum
488 3260 843 3332 quibusdam
889 3257 1257 3330 philosophis
1303 3256 1626 3329 Epicureis,
1676 3272 1782 3311 nec
1840 3272 1954 3310 non

306 3350 514 3406 Stoicis
544 3348 1151 3421 condigentem,atque
1182 3346 1357 3400 ﬁdem
1387 3345 1447 3400 in
1480 3345 1795 3401 Dominum
1828 3360 1957 3399 nos-

303 3445 463 3495 trum
494 3438 697 3493 Jesum
729 3436 1421 3501 Christum,mortuorum
1445 3432 1953 3503 resurrectionem,

301 3532 359 3583 et
377 3526 669 3599 judicium
694 3524 1018 3580 universale
1038 3524 1549 3592 annuntiantem,a
1570 3521 1955 3593 philosophiae

309 3614 648 3687 expertibus
701 3618 834 3683 (nec
900 3613 1057 3667 enim
1117 3628 1316 3667 revera
1374 3616 1540 3666 erant
1597 3610 1953 3682 philosOphi)

306 3702 825 3775 comprehensum,
876 3705 1051 3771 atque
1100 3700 1169 3754 ad
1222 3706 1591 3771 Areopagum
1636 3700 1950 3754 deductum

301 3790 510 3857 fuisse,
541 3807 608 3847 ac
628 3790 1039 3846 concionatum
1062 3804 1091 3843 e
1114 3788 1358 3859 vestigio
1382 3789 1669 3858 quosdam
1704 3787 1949 3858 cepisse,

307 3888 483 3951 atque
512 3881 584 3936 ad
618 3878 877 3934 veritatis
907 3878 1105 3932 lumen
1136 3878 1596 3949 transposuisse,
1625 3877 1786 3932 addit
1815 3893 1827 3931 :
1860 3877 1953 3931 Sic

2065 2716 2240 2792 γάλου
2267 2721 2551 2774 Διονυσίου
2599 2722 2687 2776 καὶ
2725 2723 2887 2777 μόνον
2944 2723 3073 2778 αὐτὸ
3120 2724 3182 2779 τὸ
3226 2726 3362 2780 κατὰ
3392 2726 3716 2797 Ἀθηναίους

2070 2807 2484 2885 βουλευτήριον,
2539 2812 2656 2864 καθ’
2713 2812 2741 2865 ’ὀ
2800 2810 3077 2885 βουλεύειν
3136 2813 3341 2889 ᾑρέθη,
3395 2816 3713 2890 παρίστησι.

2065 2901 2178 2949 Τῶν
2235 2899 2337 2972 γὰρ
2400 2899 2799 2973 Ἀρεοπαγιτῶν
2863 2900 2938 2962 είς
2996 2901 3284 2978 ἐτύγχανεν
3346 2904 3524 2973 οὗτος,
3567 2906 3641 2966 ὡς
3687 2906 3714 2959 ὁ

2068 2990 2210 3049 θεῖος
2258 2983 2505 3058 ἐδήλωσε
2547 2994 2783 3059 Λουκᾶς,
2832 2990 3064 3066 ἱστορῶν
3114 2991 3209 3056 τὰς
3244 2997 3352 3047 τῶν
3397 2994 3556 3068 ἰερῶν
3586 2993 3716 3049 ἀπο⁴

2067 3072 2278 3129 στόλων
2351 3075 2498 3151 ἱερὰς
2569 3078 2805 3151 πράξεις·
2868 3078 3033 3134 εῗπὼν
3088 3081 3191 3156 γὰρ
3253 3082 3343 3136 τὸν
3410 3083 3711 3156 ἁγιώτατον

2066 3163 2371 3219 ἀπόστολον
2409 3164 2623 3220 Παῦλον
2652 3168 2944 3242 γενόμενον
2978 3167 3029 3222 ἐν
3059 3169 3332 3239 Ἀθήναις,
3365 3165 3715 3243 συμϐαλόντα

2065 3252 2122 3307 τὲ
2169 3275 2309 3309 τισιν
2361 3254 2436 3318 εἷς
2483 3252 2685 3330 λόγους
2734 3261 2840 3311 τῶν
2889 3255 2940 3328 ἐξ
2993 3257 3317 3331 Ἐπικούρου
3372 3257 3713 3338 φιλοσόφων,

2065 3341 2153 3396 καὶ
2184 3348 2289 3397 τῶν
2342 3364 2405 3417 γε
2448 3346 2553 3416 μὴν
2602 3344 2707 3400 ἀπὸ
2755 3353 2855 3415 τῆς
2899 3352 3076 3408 στοᾶς·
3125 3347 3213 3402 καὶ
3262 3347 3566 3423 κηρύξαντα
3612 3350 3710 3419 τὴν

2066 3430 2140 3492 εἷς
2168 3433 2260 3486 τὸν
2295 3432 2494 3505 Κύριον
2539 3434 2702 3507 ἡμῶν
2754 3436 2965 3504 Ἰησοῦν
3016 3437 3249 3512 Χριστὸν
3292 3438 3494 3507 πίστιν,
3526 3442 3625 3509 τήν
3657 3460 3718 3495 τε

2063 3526 2169 3574 τῶν
2228 3526 2429 3596 νεκρῶν
2491 3524 2800 3593 ἀνάστασιν,
2858 3522 2950 3578 καί
3002 3526 3103 3593 τὴν
3161 3523 3462 3596 καθολικὴν
3513 3528 3714 3604 κρίσιν,

2062 3607 2446 3685 συλληφθῆναι
2497 3612 2644 3685 παρά
2683 3615 2791 3665 τῶν
2840 3609 3189 3690 ἀφιλοσόφων
3226 3614 3310 3686 (οὐ
3355 3616 3458 3691 γὰρ
3490 3614 3716 3687 ἀληθῶς

2064 3699 2402 3776 φιλοσόφων)
2437 3699 2673 3775 ἀχθῆναί
2700 3720 2758 3755 τε
2788 3701 2923 3754 κατά
2963 3700 3055 3755 τὸν
3106 3704 3333 3776 νΑρειον
3382 3703 3575 3778 πάγον,
3624 3706 3717 3759 καὶ

2064 3784 2552 3862 δημηγορήσαντα,
2586 3790 2929 3863 παραχρῆμά
2979 3810 3129 3851 τινας
3169 3791 3336 3862 ἑλεῖν,
3376 3792 3627 3867 καὶπρὸς
3654 3795 3716 3849 τὸ

2058 3882 2159 3943 τῆς
2206 3873 2465 3945 ἀληθείας
2516 3878 2825 3948 μεταθεῖναι
2876 3883 3013 3956 φῶς,
3064 3877 3273 3954 ἐπάγει·
3327 3882 3422 3935 Καὶ
3473 3882 3648 3945 οὕτως
3687 3884 3715 3936 ὁ

302 3971 518 4025 Paulus
546 3969 726 4024 exivit
772 3967 836 4022 de
880 3966 1058 4021 medio
1107 3982 1328 4032 eorum;
1380 3966 1600 4036 quidam
1652 3980 1777 4021 vero
1818 3966 1947 4033 viri,

2062 3962 2275 4025 Παῦλος
2330 3962 2549 4036 ἐξῆλθεν
2598 3963 2657 4018 ἐκ
2717 3965 2883 4037 μέσου
2942 3966 3138 4022 αὐτῶνθ
3194 3969 3334 4023 τινες
3395 3970 3451 4023 δὲ
3505 3968 3713 4045 ἄνδρες,

300 4058 649 4115 adhaerentes
677 4058 747 4126 ei,
780 4055 1132 4110 crediderunt
1163 4072 1175 4109 :
1212 4057 1271 4109 in
1309 4056 1505 4125 quibus
1553 4058 1603 4110 et
1646 4056 1948 4125 Dionyszus

2062 4049 2419 4121 κολληθέντες
2496 4051 2664 4124 αὐτῷ,
2739 4052 3071 4108 ἐπίστευσαν·
3146 4054 3195 4110 ἐν
3277 4056 3357 4118 οἷς
3434 4058 3523 4111 καὶ
3583 4066 3708 4114 Διο-

297 4148 649 4220 Areopagita,
678 4151 730 4202 et
760 4147 963 4201 mulier
990 4145 1213 4200 nomine
1244 4145 1521 4213 Damaris,
1569 4148 1619 4199 et
1666 4142 1780 4199 alii
1825 4160 1948 4198 cum

296 4239 378 4293 eis
406 4237 509 4309 (a).

361 4330 480 4402 Ego
511 4344 654 4385 sane
687 4344 801 4384 non
834 4328 1054 4382 frustra
1082 4325 1442 4393 audio,inter
1463 4339 1665 4379 omnes
1696 4324 1795 4394 qui
1819 4328 1945 4379 tum

290 4418 585 4490 temporis
613 4433 716 4490 per
741 4416 1004 4471 divinum
1036 4414 1284 4469 Paulum
1316 4413 1709 4477 crediderunt,
1754 4414 1945 4468 solum

288 4505 849 4578 prestantissimum
881 4503 1220 4576 Dionysium
1254 4503 1524 4574 opposita
1552 4502 1727 4556 etiam
1760 4502 1946 4571 ipsius

288 4596 587 4667 dignitate
601 4594 863 4650 adeifero
878 4593 1275 4663 conscriptore
1298 4590 1668 4646 nominatum
1687 4605 1816 4645 esse
1836 4609 1849 4657 ;
1867 4590 1948 4644 ait

287 4684 446 4740 enim
481 4680 1071 4754 Areopagita,adjicio
1102 4684 1295 4734 autem
1329 4678 1605 4750 amplius,
1662 4678 1945 4734 nimirum

288 4776 537 4843 propter
550 4768 848 4841 sapientiae
862 4768 1088 4840 copiam
1101 4772 1157 4823 et
1169 4766 1566 4823 excellentiam
1582 4766 1945 4837 irreprehen-

289 4860 484 4915 sibilis
508 4860 660 4914 inter
678 4857 1069 4913 Athenienses
1099 4856 1227 4912 vitae
1258 4855 1670 4926 instituti,ejus
1701 4871 1835 4909 cum
1861 4854 1944 4910 fa-

288 4948 795 5004 miliamentionem
814 4948 1015 5001 factam
1028 4945 1389 5000 esse.Sciend
1400 4961 1491 4998 um
1508 4943 1659 4999 enim
1675 4944 1946 5011 est,sicut

288 5040 461 5089 antea
476 5036 818 5105 monui,non
835 5033 1096 5103 cujusvis
1109 5032 1364 5087 hominis
1378 5031 1647 5099 fuisse,in
1660 5031 1945 5103 Areopagi

294 5128 503 5180 senatu
520 5123 865 5195 dignitatem
888 5123 1076 5189 obire;
1111 5122 1211 5177 sed
1236 5136 1438 5177 eorum
1462 5121 1560 5191 qui
1587 5124 1738 5192 apud
1764 5121 1941 5177 Athe-

294 5211 789 5282 nienses,genere,
815 5211 1035 5267 divitiis
1056 5227 1123 5266 ac
1143 5212 1270 5266 vitae
1293 5210 1580 5281 probitate
1603 5210 1824 5281 primas
1850 5215 1942 5266 te-

290 5301 536 5370 nebant;
560 5304 617 5354 et
636 5299 732 5369 qui
756 5298 814 5352 in
843 5298 952 5352 hoc
978 5299 1238 5355 illustres
1262 5299 1671 5370 censebantur,
1704 5304 1939 5355 senten-

2054 4139 2236 4201 νύσιος
2288 4141 2315 4193 ὁ
2366 4140 2784 4216 Ἀρεοπαγίτης,
2836 4144 2924 4197 καὶ
2976 4145 3113 4219 γυνὴ
3167 4144 3395 4219 ὀνόματι
3443 4147 3708 4223 Δάμαρις,

2054 4229 2143 4283 καὶ
2173 4225 2348 4303 ἕτεροι
2377 4228 2469 4284 σὺν
2503 4231 2713 4293 αὐτοῖς.

2128 4320 2269 4393 Ἐγὼ
2305 4320 2398 4392 μὲν
2449 4319 2541 4373 οῦν
2595 4319 2655 4375 οὐ
2704 4321 2878 4393 μάτην
2930 4322 3114 4379 ἀκούω
3164 4329 3260 4380 τοῦ
3312 4326 3458 4400 παρά
3507 4326 3708 4391 πάντας

2052 4406 2179 4469 τοὺς
2212 4409 2636 4471 πεπιστευκότας
2683 4409 2805 4464 τότε
2854 4408 2942 4465 διὰ
2989 4417 3084 4467 τοῦ
3135 4413 3280 4478 θείου
3325 4414 3571 4486 Παύλου,
3609 4417 3711 4491 μό-

2054 4518 2144 4550 νον
2200 4498 2293 4551 τὸν
2347 4498 2561 4571 ἄριστον
2612 4498 2888 4553 Διονύσιον
2942 4500 3370 4575 ἐξονομασθῆναι
3415 4507 3562 4581 παρὰ
3613 4513 3710 4563 τοῦ

2056 4586 2321 4660 θεοφόρου
2376 4590 2753 4663 συγγραφὲως,
2802 4590 3192 4660 προστεθείσης
3244 4592 3408 4647 αὐτοῦ
3465 4594 3555 4648 καὶ
3612 4603 3713 4666 τῆς

2054 4674 2224 4744 ἀξίας·
2287 4674 2414 4752 φασὶ
2466 4676 2567 4748 γὰρ
2616 4676 3052 4751 Ἀρεοπαγίτης,
3112 4674 3398 4736 ἐπιϐάλλω
3458 4680 3515 4737 δὲ
3576 4683 3715 4757 μᾶλ-

2056 4761 2171 4831 λον,
2214 4762 2295 4817 ὅτι
2331 4760 2417 4817 διά
2460 4783 2517 4817 τε
2544 4762 2607 4817 τὸ
2658 4763 2794 4817 κατὰ
2833 4765 3024 4842 σοφίαν
3056 4767 3332 4842 περιττὸν,
3387 4770 3475 4824 καὶ
3509 4768 3595 4826 διὰ
3648 4775 3707 4827 τὸ

2054 4853 2105 4907 ἐν
2140 4851 2449 4921 Ἀθηναίοις
2499 4850 2877 4921 ἀνεπιλήπτου
2925 4854 3207 4920 πολιτείας
3248 4855 3510 4932 ἔκκριτον,
3568 4881 3703 4931 μνη-

2057 4949 2380 5014 μονευθῆναι
2417 4942 2551 5012 μετὰ
2598 4946 2700 5009 τῆς
2751 4940 2925 5002 οἰκίας
2973 4944 3161 5002 αὐτοῦ,
3210 4946 3329 5019 Χρή
3382 4944 3439 5000 δὲ
3486 4944 3706 5018 εἰδέναι,

2049 5031 2187 5085 καθᾶ
2216 5029 2485 5105 προέφην,
2534 5028 2609 5090 ὡς
2660 5028 2725 5083 ού
2772 5031 2973 5092 παντὸς
3017 5029 3210 5105 ἀνδρὸς
3254 5036 3344 5103 ἦν,
3397 5034 3472 5097 εἷς
3520 5037 3620 5106 τήν
3655 5037 3707 5108 ἐξ

2051 5120 2264 5194 Ἀρείου
2294 5119 2468 5193 πάγου
2506 5117 2713 5193 βουλὴν
2743 5117 2941 5173 τελεῖν·
2979 5118 3102 5175 ἀλλ’
3134 5122 3190 5173 οἱ
3238 5125 3365 5197 παρ’
3397 5124 3708 5194 Ἀθηναίοις

2050 5208 2422 5285 πρωτεύοντες
2454 5205 2504 5261 ἔν
2531 5227 2589 5261 τε
2620 5208 2761 5282 γὲνει
2791 5207 2881 5261 καὶ
2914 5205 3140 5281 πλούτῳ
3168 5209 3256 5264 καὶ
3292 5212 3399 5286 βίῳ
3449 5220 3702 5288 χρηστῷ·

2052 5298 2140 5353 καὶ
2188 5298 2324 5353 κατὰ
2373 5297 2522 5360 τοῦθ’
2583 5296 2634 5351 οἱ
2692 5295 2953 5372 ἐπίσημοι
3025 5303 3355 5364 καθεστῶτες
3416 5296 3707 5360 ἐϐούλευον

287 5389 427 5445 tiam
450 5389 509 5444 in
534 5392 836 5460 Areopago
862 5387 1156 5456 ferebant;
1191 5387 1482 5459 siquidem
1507 5404 1574 5443 ex
1597 5404 1803 5443 novem
1838 5390 1939 5461 qui

2062 5387 2133 5450 εἷς
2159 5390 2258 5456 τὴν
2304 5386 2354 5457 ἐξ
2385 5355 2595 5462 Ἀρείου
2648 5355 3123 5462 πᾶγουηβουλήνῖ
3158 5387 3216 5443 ἐκ
3257 5355 3356 5465 γὰρ

292 5477 539 5534 Athenis
553 5476 861 5534 archontes
874 5474 1175 5533 constituti
1187 5476 1756 5550 erant,Areopagitas
1769 5478 1947 5551 (sicut

2062 5475 2458 5552 καθισταμένων
2506 5471 2791 5552 ἀρχόντων
2840 5477 3156 5553 Ἀθήνησιν,
3210 5479 3338 5546 τοὺς
3386 5482 3713 5559 Ἀρεοπαγί.

371 5658 449 5732 (α)
480 5658 604 5715 Act.
628 5672 767 5727 xvn,
799 5656 889 5724 33,
922 5656 1011 5713 34.
