4158 6370
356 434 419 490 l7
1252 438 1310 491 s.
1351 438 1619 493 MAXIMI
1656 436 2032 494 PROLOGUS
2066 439 2141 494 IN
2178 439 2419 494 OPERA
2453 441 2515 494 s.
2554 440 2886 495 DIONYSII.
3708 428 3778 495 18

351 578 441 621 τας
486 553 596 613 ἔδει
641 558 954 614 συνεστάναι
1002 555 1252 621 δικαστὰς
1280 603 1294 631 ,
1344 556 1418 621 ὥς
1464 580 1623 636 φησιν
1677 557 2001 635 ’Δνδροτίων

2125 552 2444 617 Androtion
2494 563 2552 617 in
2607 564 2866 618 secunda
2895 564 3002 615 τῶν
3049 557 3310 624 Ἀτθίδων
3363 561 3466 632 ait)
3513 567 3779 624 constare

355 647 404 703 ἐν
438 645 664 719 δευτέρᾳ
692 652 801 703 τῶν
844 645 1124 712 Ἀτθίδωνο
1160 647 1379 722 ὕστερον
1429 645 1484 702 δὲ
1530 647 1800 703 πλειόνων
1850 648 2007 725 γέγο-

355 758 436 791 νεν
463 740 499 806 ἡ
532 736 585 807 ἐξ
617 736 838 813 Ἀρείου
870 737 1044 812 πάγου
1092 734 1292 813 βουλὴ,
1322 738 1595 792 τουτέστιν
1627 741 1661 808 ἡ
1708 737 1758 808 ἐξ
1802 734 2009 812 ἀνδρῶν

358 828 818 903 περιφανεστέρων
866 828 1203 897 πεντήκοντα
1247 826 1336 881 καὶ
1385 825 1521 895 ἐνὸς,
1570 824 1716 895 πλὴν
1762 826 1811 900 ἐξ
1854 826 2011 881 εὐπα-

356 913 574 990 τριδῶν,
608 915 684 978 ὡς
716 911 948 994 ἔφημεν,
980 915 1070 970 καὶ
1100 914 1333 989 πλούτῳ
1362 916 1451 970 καὶ
1487 915 1592 990 βίῳ
1620 917 1857 994 σώφρονι
1892 913 2008 969 δια-

358 1004 651 1082 φερόντων,
685 1005 762 1069 ὡς
796 1005 1000 1080 ίστορεῖ
1046 1003 1365 1080 Φιλόχορος
1415 1002 1503 1058 διὰ
1547 1012 1646 1074 τῆς
1676 1006 1869 1081 τρίτης
1898 1008 2006 1059 τῶν

355 1093 524 1148 αὐτῶν
587 1091 876 1158 Ἀτθίδων.
937 1095 1085 1164 ’Έξω
1136 1091 1192 1148 δὶ
1248 1100 1349 1162 τῆς
1403 1091 1619 1157 πόλεως
1666 1096 1731 1163 ἧν
1780 1094 1843 1148 τὸ
1874 1092 2009 1148 κατὰ

355 1187 568 1259 ’Ἄρειον
599 1185 778 1258 πάγον
832 1181 1206 1258 δικαστήριον,
1237 1182 1438 1253 κληθὲν
1481 1183 1644 1251 οὕτω,
1677 1184 1812 1255 (καθ’
1842 1180 1873 1235 ἃ
1906 1204 2007 1255 μυ-

352 1269 680 1347 θολογοῦσιν
708 1266 1019 1343 Ἀθηναῖοι)
1051 1271 1110 1325 ἐκ
1158 1276 1255 1325 τοῦ
1301 1273 1415 1326 κατ’
1449 1270 1615 1339 αὐτὴν
1659 1274 1760 1340 τὴν
1808 1270 2004 1345 ἐξοχὴν

349 1364 443 1414 τοῦ
470 1362 608 1415 κατὰ
636 1363 735 1431 τὴν
770 1359 935 1415 πόλιν
965 1358 1125 1434 ὄρους
1180 1359 1469 1421 συστάντος
1515 1358 1872 1431 δικαστηρίου
1919 1381 2007 1432 με-

348 1448 474 1519 ταξὺ
524 1447 867 1511 Ποσειδῶνος
916 1450 1005 1503 καὶ
1053 1451 1282 1523 Ἀρεως·
1320 1450 1347 1503 6
1377 1451 1478 1523 γὰρ
1531 1446 1804 1503 Ποσειδῶν
1850 1446 2004 1517 δίκην

350 1537 464 1593 εἶπε
520 1539 658 1610 πρὸς
715 1543 883 1613 ’Ἄρεα
938 1537 1073 1592 κατά
1129 1536 1258 1599 τοὺς
1318 1538 1580 1613 ἀρχαίους
1630 1537 1833 1609 μύθους
1880 1547 2005 1612 παρ’

351 1626 665 1694 ⁷Δθηναίοις
724 1625 776 1681 ἐν
831 1630 911 1698 τῷ
957 1627 1110 1699 τόπῳ
1156 1626 1358 1698 τούτῳ,
1401 1628 1615 1703 φάσκων
1661 1626 2005 1702 ἀναιρεθῆναι

350 1715 438 1769 τὸν
488 1712 626 1769 ἴδιον
681 1714 796 1769 υἱὺν
848 1714 1193 1791 Ἁλιρρόθιον
1244 1716 1332 1770 ὑπ’
1387 1718 1612 1789 Ἄρεως·
1664 1714 1904 1770 κάκεῖθεν
1954 1715 2003 1787 ἐξ

352 1804 556 1878 Ἄρεως
605 1804 633 1858 ὁ
682 1805 859 1879 πάγος
917 1801 1122 1866 ἐκεῖνος
1179 1806 1400 1876 ’Ἄρειος
1455 1802 1686 1874 ἐκλήθη.
1728 1801 2007 1872 Ἐδίκαζον

351 1890 441 1947 οὖν
474 1894 865 1968 Ἀρεοπαγῖται
896 1893 1021 1966 περὶ
1042 1892 1256 1947 πάντων
1288 1890 1483 1967 σχεδὸν
1527 1896 1633 1948 τῶν
1669 1890 2003 1969 σφαλμάτων

347 1982 434 2037 καὶ
511 1986 889 2057 παρανομιῶν,
994 1982 1069 2046 ὡς
1146 1982 1355 2036 ἅπαντά
1430 2002 1590 2056 φησιν
1668 1979 1995 2056 Ἀνδροτίων

2124 651 2462 722 oportebat;
2490 657 2691 723 postea
2718 651 2988 723 pluribus
3010 667 3326 707 concessus
3348 650 3460 705 fuit
3496 653 3780 727 Areopagi

2121 745 2384 806 senatus,
2417 741 2474 795 id
2506 746 2595 796 est
2626 758 2694 795 ex
2727 741 2864 797 viris
2898 740 3321 796 illustrio'ribus
3347 740 3783 812 quinquaginta

2119 833 2175 885 et
2206 830 2330 894 uni,
2363 831 2461 885 sed
2498 829 2792 886 nobilibus
2821 834 3040 895 tamen,
3075 835 3139 885 ut
3169 829 3452 898 diximus,
3475 846 3541 884 ac
3559 828 3780 885 divitiis

2117 917 2363 988 vitasque
2397 918 2687 973 modestia
2719 918 3161 985 excellentibus,
3196 918 3352 973 sicut
3394 916 3781 973 Philochorus

2118 1005 2179 1060 in
2233 1007 2406 1061 tertia
2463 1010 2572 1059 τῶν
2631 1004 2889 1069 Ἀτθίδων
2948 1008 3287 1062 earumdem
3345 1011 3569 1061 narrat.
3604 1006 3780 1061 Porro

2118 1100 2278 1151 extra
2324 1096 2622 1151 civitatem
2673 1102 2797 1152 erat
2844 1096 3329 1168 Areopagitarum
3376 1093 3661 1163 tribunal,
3697 1094 3781 1149 sic

2116 1184 2482 1239 nominatum
2519 1186 2715 1255 (prout
2747 1184 3086 1241 fabulantur
3104 1184 3511 1255 Athenienses)
3544 1187 3779 1254 propter

2116 1274 2383 1328 eamdem
2418 1274 2819 1329 excellentiam
2855 1274 3164 1344 exjudicio
3196 1274 3351 1344 quod
3383 1272 3537 1327 inter
3563 1271 3778 1342 Neptu-

2117 1379 2259 1418 num
2323 1368 2379 1418 et
2410 1366 2648 1418 Martem
2699 1363 2758 1416 in
2820 1363 3074 1419 civitatis
3132 1367 3330 1417 monte
3388 1362 3773 1417 constitutum

2120 1452 2228 1507 fuit
2262 1470 2274 1507 :
2307 1453 2614 1523 Neptunus
2663 1451 2817 1506 enim
2866 1451 3217 1523 (secundum
3269 1452 3545 1523 antiquas
3594 1449 3773 1504 Athe-

2116 1540 2413 1596 niensium
2447 1539 2697 1611 fabulas)
2729 1539 2789 1595 in
2824 1539 2934 1595 hoc
2964 1540 3092 1595 loco
3124 1544 3327 1596 contra
3357 1540 3599 1595 Martem
3634 1554 3770 1593 cau-

2117 1646 2244 1685 sam
2277 1630 2444 1695 dixit,
2478 1646 2747 1685 asserens
2796 1630 2985 1684 tilium
3019 1645 3192 1685 suum
3239 1628 3705 1683 Halirrhothium
3739 1645 3772 1683 a

2116 1720 2297 1774 Marte
2331 1718 2616 1787 occisum,
2651 1722 2709 1773 et
2740 1719 2872 1773 inde
2923 1718 3089 1773 collis
3118 1718 3218 1772 ille
3247 1734 3315 1773 ex
3343 1721 3523 1771 Marte
3552 1719 3766 1787 ’Ἄρειος

2115 1824 2218 1863 seu
2256 1808 2501 1864 Martius
2529 1812 2771 1865 vocatus
2803 1807 3267 1863 est.Judicabant
3296 1806 3479 1877 igitur
3507 1810 3764 1875 Areopa-

2111 1899 2247 1968 gitae
2280 1899 2398 1952 fere
2429 1898 2499 1952 de
2530 1896 2806 1952 omnibus
2838 1896 3091 1967 peccatis
3119 1900 3177 1949 et
3212 1893 3643 1966 iniquitatibus,
3681 1894 3759 1949 si-

2111 1991 2211 2041 cut
2238 1986 2563 2041 Androtion
2613 1986 2671 2039 in
2706 1985 2918 2055 prima,
2951 1990 3007 2039 et
3038 1984 3423 2040 Philochorus
3456 1984 3515 2038 in
3547 1998 3754 2039 secun-

347 2070 397 2125 ἐν
430 2072 643 2147 πρώτῃ,
675 2072 766 2125 καὶ
826 2070 1143 2146 Φιλόχορος
1202 2069 1254 2125 ἐν
1318 2067 1539 2146 δευτέρᾳ
1568 2071 1657 2125 καὶ
1704 2072 1860 2144 τοίτῃ
1893 2074 2000 2125 τῶν

2118 2075 2180 2130 ia
2205 2080 2262 2130 et
2292 2075 2464 2130 tertia
2492 2077 2596 2125 τῶν
2628 2068 2882 2134 Ἀτθίδων
2910 2072 3095 2129 aiunt.

349 2157 632 2224 Ἀτθίδων.

418 2250 515 2304 Διὰ
576 2247 634 2304 δὲ
688 2254 849 2304 τοῦτο
907 2250 1000 2305 ἅτε
1054 2253 1255 2305 καινῶν
1315 2246 1613 2323 δαιμονίων
1665 2247 2001 2324 κτταγγελέα

343 2338 435 2392 τὸν
495 2338 769 2402 θειότατον
827 2336 1067 2407 Παῦλον,
1127 2339 1202 2400 ὡς
1261 2338 1544 2414 ἱστόρησεν
1603 2339 1631 2392 6
1682 2336 1999 2410 φιλαλήθης

346 2429 580 2495 Λουκάς,
614 2428 667 2482 οἱ
697 2434 798 2497 τῆς
833 2428 933 2483 ὑπὸ
982 2431 1116 2483 Θεοῦ
1169 2426 1537 2503 μωρανθείσης
1568 2427 1757 2505 σοφίας
1785 2426 2000 2501 ἐρασταὶ

344 2518 484 2591 πρὸς
530 2518 629 2585 τήν
686 2516 737 2587 ἐξ
789 2516 1008 2592 ’Δρείου
1050 2516 1231 2590 πάγου
1278 2515 1486 2592 βουλὴν
1531 2514 1804 2572 ἕλκουσιν.
1848 2513 2003 2570 Ἀλλ’

345 2606 397 2660 ἐν
449 2610 567 2668 τοῖς
614 2606 1029 2680 Ἀρεοπαγίταις
1094 2609 1392 2675 τηνικαῦτα
1437 2605 1639 2679 χρόνου
1702 2602 1999 2678 βουλεύων,

346 2696 439 2749 ἅτε
496 2692 760 2764 δικαστὴς
814 2692 1226 2761 ἀκλινέστατος,
1281 2695 1308 2748 ὁ
1356 2694 1648 2767 πάμμεγας
1704 2691 2001 2757 Διονύσιος,

343 2778 635 2839 ἀδέκαστον
666 2783 925 2855 ἀπένειμε
952 2787 1021 2857 τῇ
1070 2784 1206 2837 κατά
1251 2782 1341 2836 τὸν
1381 2782 1824 2858 πνευματοφόρον
1858 2783 2003 2834 Παῦ-

346 2871 441 2927 λον
472 2870 727 2943 ἀληθείᾳ
773 2872 872 2941 τήν
898 2870 1127 2947 ψῆφον,
1181 2869 1448 2946 ἐρῥῶσθαί
1480 2892 1538 2925 τε
1568 2869 1755 2925 πολλὰ
1798 2873 2001 2945 φράσας

341 2965 411 3026 τῆ
441 2965 547 3015 τῶν
604 2962 1010 3034 Ἀρεοπαγιτῶν
1044 2958 1311 3031 ἀνοήτῳι
1347 2960 1661 3032 σεμνότητι,
1690 2959 1782 3013 τὸν
1817 2955 2001 3027 ἀληθῆ

341 3050 429 3104 καὶ
484 3046 903 3104 πανεπίσκοπον
951 3050 1145 3123 κριτὴν
1214 3046 1420 3109 ἐννοίας
1476 3048 1709 3123 Χριστὸν
1767 3049 2002 3116 ⁷1ησοῦν,

343 3137 436 3193 τόν
463 3142 560 3193 τοῦ
613 3141 748 3193 Θεοῦ
795 3137 901 3192 καὶΔ
941 3137 1152 3209 Πατρὸς
1184 3134 1307 3189 Υὶὸν
1370 3138 1639 3212 μονογενῆ
1667 3134 1757 3189 καὶ
1807 3135 2001 3208 Λόγον,

348 3228 404 3281 ὃν
466 3227 493 3281 6
550 3226 769 3288 Παῦλος
825 3225 1101 3300 ἐκήρυξεν,
1160 3223 1316 3286 εὐθὺς
1376 3223 1561 3299 εἷ’χετο
1619 3228 1716 3279 τοῦ
1772 3223 1951 3300 φωτός
1986 3242 1999 3255 ⁸

2180 2253 2491 2324 Propterea
2521 2252 2786 2307 divinum
2835 2250 3085 2306 Paulum
3117 2250 3293 2307 veluti
3334 2265 3616 2306 novorum
3648 2249 3761 2303 daa-

2112 2342 2447 2397 moniorum
2481 2341 2960 2396 annuntiatorem
2994 2340 3170 2395 (sicut
3202 2356 3408 2394 amans
3440 2340 3555 2394 veri
3580 2340 3767 2393 Lucas

2111 2432 2391 2501 narravit)
2416 2430 2702 2501 (b)stultae
2736 2430 2891 2501 apud
2924 2429 3107 2484 Deum
3137 2429 3434 2500 sapientia:
3457 2436 3770 2493 amatores,

2112 2521 2180 2575 ad
2228 2518 2715 2589 Areopagitarum
2742 2517 3034 2588 judicium
3088 2517 3351 2583 trahunt,
3384 2533 3589 2572 verum
3621 2517 3773 2571 inter

2112 2608 2490 2679 Areopagitas
2521 2611 2649 2661 tum
2683 2607 2989 2677 temporis,
3023 2611 3087 2661 ut
3128 2607 3651 2662 constantissimus
3673 2607 3773 2676 ju-

2112 2699 2243 2764 dex,
2276 2696 2569 2751 maximus
2619 2696 2960 2766 Dionysius,
2991 2695 3285 2751 calculum
3335 2695 3499 2750 nullo
3532 2710 3774 2749 munere

2114 2790 2459 2857 corruptum
2510 2784 2739 2840 veritati
2791 2801 2891 2855 pro
2927 2784 3246 2855 spiritifero
3278 2784 3457 2838 Paulo
3504 2782 3771 2849 tradidit,

2113 2881 2290 2946 atque
2320 2873 2621 2945 insipienti
2645 2873 3125 2944 Areopagitarum
3149 2872 3423 2945 gravitati
3445 2888 3512 2927 ac
3554 2871 3771 2926 severi-

2114 2965 2219 3021 tati
2257 2963 2513 3018 multum
2544 2962 3110 3029 valedicens,verum
3145 2978 3212 3016 ac
3240 2962 3507 3016 omnium
3541 2961 3774 3032 inspec-

2115 3058 2302 3109 torem
2328 3052 2594 3123 judicem
2626 3052 2829 3106 Jesum
2852 3050 3150 3106 Christum
3182 3050 3553 3121 unigenitum
3580 3049 3680 3104 Dei
3714 3042 3773 3103 et

2114 3140 2308 3197 Patris
2340 3140 2759 3211 Filium,quem
2791 3140 3008 3196 Paulus
3036 3138 3609 3210 pradicarat,animo
3638 3152 3775 3193 con-

2116 3231 2360 3301 cipiens,
2396 3228 2597 3284 statim
2630 3228 2842 3283 lumini
2875 3228 3163 3294 adhaesit;
3196 3227 3305 3282 etsi
3335 3226 3491 3281 enim
3525 3226 3749 3281 Roman

340 3313 570 3391 uiivyép
605 3317 659 3369 οἱ
700 3317 968 3387 Ῥωμαῖοι
1018 3313 1141 3368 τότε
1191 3311 1472 3389 ἐκράτουν,
1522 3309 1648 3368 ἀλλ’
1701 3313 1791 3367 οὗν
1842 3310 2001 3367 αὐτο-

2118 3323 2257 3374 tunc
2288 3319 2757 3383 dominarentur,
2786 3321 2986 3372 tamen
3008 3312 3278 3372 Athenas
3308 3320 3364 3370 et
3406 3315 3775 3371 Lacedaemo-

341 3406 546 3477 νόμους
578 3404 787 3481 ἀφῆκαν
839 3404 1075 3473 Ἀθήνας
1121 3402 1212 3457 καὶ
1260 3399 1713 3475 Λακεδαιμονίαν·
1764 3400 1882 3465 ὅθεν
1924 3395 2000 3454 ἔτι

345 3492 492 3564 παρὰ
565 3493 873 3563 Ἀθηναίοις
934 3490 1027 3545 καὶ
1102 3489 1171 3545 τὰ
1222 3491 1358 3545 κατὰ
1420 3489 1549 3553 τοὺς
1620 3489 2003 3565 Ἀρεοπαγίτας

350 3581 718 3640 ἐπολιτεύετο.
769 3582 869 3636 Καὶ
917 3580 1155 3636 τελεῖται
1209 3580 1302 3653 μὶν
1354 3576 1563 3634 ἅπαντα
1599 3586 1701 3648 τῆς
1734 3579 2005 3655 σωτηρίας

344 3672 413 3726 τὰ
445 3668 688 3745 δόγματα
717 3668 807 3725 διὰ
837 3668 1056 3725 Παύλου
1084 3673 1184 3725 τοῦ
1231 3667 1543 3744 κρατίστου,
1576 3665 2003 3743 παιδαγωγεῖται

350 3758 406 3816 δὶ
446 3757 847 3823 διδασκαλικῶς
892 3759 920 3813 6
970 3758 1253 3821 Διονύσιος
1305 3758 1407 3812 ὑπὸ
1457 3755 1700 3830 Ἱεροθὲῳ
1728 3761 1807 3829 τῷ
1855 3756 2004 3832 μεγί-

349 3870 483 3922 στῳ,
530 3849 669 3903 καθά
718 3868 882 3925 φησιν
933 3849 961 3902 6
1012 3848 1194 3908 αὐτός·
1249 3848 1363 3901 εἶτα
1412 3857 1726 3910 καθισταται
1778 3847 1915 3900 κατὰ
1942 3846 2003 3900 τὸ

349 3937 644 4015 φερόμενον
726 3935 779 3991 ἐν
839 3930 1060 4009 ἱϐδόμῳ
1135 3930 1337 4009 βιϐλίῳ
1412 3938 1519 3988 τῶν
1588 3934 2000 3991 Ἀποστολικῶν

354 4024 732 4102 διαταγμάτων
813 4026 842 4079 ὁ
917 4024 1199 4086 Διονύσιος
1292 4022 1588 4085 ἐπίσκοπος
1677 4024 1781 4077 ὑπὸ
1865 4022 2005 4077 Παύ-

352 4114 449 4170 λου
478 4119 575 4170 τοῦ
606 4112 978 4190 χριστοφόρου
1006 4118 1115 4168 τῶν
1141 4113 1192 4168 ἐν
1228 4114 1481 4185 Ἀθήνῃσι
1513 4113 1931 4168 πιστευσάντων.

423 4220 766 4295 Μνημονεύει
839 4218 896 4276 δὶ
942 4224 1039 4275 τοῦ
1094 4220 1509 4295 Ἀρειοπαγίτου
1576 4220 1664 4274 καὶ
1725 4219 2002 4281 Διονύσιος

353 4312 584 4386 ἀρχαῖος
636 4309 933 4386 Κορινθίων
982 4307 1300 4378 ἐπίσκοπος,
1334 4308 1422 4365 καὶ
1464 4308 1823 4384 Πολύκαρπος
1852 4308 1903 4363 ἐν
1934 4313 2002 4383 τῇ

352 4401 487 4474 πρὸς
527 4399 854 4470 Ἀθηναίους
902 4398 1167 4471 ἐπιστολῇ
1222 4398 1407 4455 αὐτοῦ.
1457 4399 1608 4452 Ἔστι
1664 4396 1721 4453 δὲ
1761 4400 1860 4468 τήν
1911 4399 2004 4473 ὀρ-

354 4489 557 4560 θότητα
610 4489 699 4543 καὶ
776 4485 1155 4561 πολυμάθειαν
1235 4487 1617 4563 ἀποθαυμάσαι
1690 4492 1786 4541 τοῦ
1844 4488 2002 4561 ἁγίου

352 4577 547 4633 τούτου
578 4576 882 4647 Διονυσίου,
904 4578 996 4632 τὸν
1016 4576 1241 4647 άληθῶς
1275 4573 1360 4630 διὰ
1382 4573 1601 4645 πολλῆς
1635 4577 1871 4657 ἠγμένρν
1894 4576 2005 4631 ἐπι.

2113 3408 2271 3463 niam
2322 3406 2576 3479 propriis
2609 3406 2696 3460 uti
2740 3405 2970 3477 legibus
3024 3404 3338 3473 sinebant;
3373 3404 3531 3458 unde
3579 3403 3771 3458 adhuc

2114 3497 2269 3567 apud
2300 3495 2689 3550 Athenienses
2714 3494 3097 3563 magistratus
3128 3492 3614 3564 Areopagitarum
3649 3505 3774 3548 mu'

2115 3601 2252 3641 nere
2283 3601 2388 3639 suo
2425 3582 2825 3655 fungebantur
2856 3600 2869 3636 :
2906 3598 2972 3638 ac
3007 3581 3284 3637 omnibus
3333 3581 3571 3653 quidem
3613 3581 3771 3636 salu-

2112 3674 2190 3730 tis
2237 3672 2616 3744 dogmatibus
2644 3689 2676 3725 a
2707 3670 3200 3743 praestantissimo
3246 3670 3423 3726 Paulo
3467 3670 3767 3739 initiatur;

2115 3762 2385 3834 magistri
2435 3766 2631 3817 autem
2664 3777 2828 3816 more
2876 3760 3187 3833 Dionysius
3220 3776 3252 3815 a
3284 3759 3537 3815 maximo
3568 3760 3767 3815 Hiero-

2111 3853 2247 3908 theo
2299 3850 2654 3931 instituitur,
2686 3850 2840 3905 sicut
2890 3850 3015 3921 ipse
3055 3850 3170 3917 ait;
3210 3855 3411 3921 postea
3452 3848 3769 3918 Dionysius

2116 3941 2313 4013 (prout
2340 3940 2591 3995 habetur
2620 3939 2680 3993 in
2713 3939 2964 4009 septimo
2986 3938 3137 3993 libro
3166 3940 3601 4009 Apostolicarum
3619 3954 3770 3994 con:-

2114 4030 2454 4100 titutionum)
2504 4028 2891 4084 constituitur
2920 4045 2952 4081 a
2982 4026 3312 4083 christil‘ero
3360 4028 3541 4082 Paulo
3591 4026 3766 4083 Athe-

2114 4120 2408 4175 niensium
2440 4116 2703 4173 ﬁdelium
2737 4117 3074 4187 episcopus.

2187 4223 2453 4280 Meminit
2482 4239 2614 4277 vero
2646 4222 2821 4277 etiam
2869 4221 3224 4292 AreOpagitaa
3274 4220 3586 4292 Dionysius
3619 4223 3768 4277 anti-

2115 4330 2268 4387 quus
2293 4311 2732 4368 Corinthiorum
2766 4312 3163 4382 episcopus,et
3186 4310 3539 4382 Polycarpus
3568 4310 3627 4364 in
3662 4328 3770 4366 sua

2114 4404 2185 4460 ad
2208 4401 2596 4457 Athenienses
2618 4400 2889 4472 epistola.
2920 4399 3097 4454 Porro
3121 4399 3309 4454 sancti
3342 4398 3521 4469 hujus
3554 4399 3766 4471 Diony-

2114 4492 2187 4547 sii
2208 4491 2340 4547 vitae
2366 4490 2717 4562 probitatem
2740 4507 2807 4544 ac
2829 4489 3081 4544 scientiae
3104 4489 3333 4558 copiam
3374 4489 3575 4544 mirari
3609 4489 3763 4548 licet.

2113 4586 2170 4637 et
2200 4597 2334 4636 eum
2365 4580 2466 4650 qui
2496 4595 2628 4633 vere
2658 4594 2759 4649 per
2790 4578 3109 4633 multarum
3160 4577 3763 4649 irreprehensibilium

355 4670 570 4741 στήμης
619 4672 727 4722 τῶν
782 4666 1169 4737 ἀνεπιλήπτων
1228 4672 1329 4734 τῆς
1391 4663 1716 4735 Ἐκκλησιας
1764 4662 2001 4740 παραδό-

2118 4668 2376 4725 Ecclesia:
2408 4667 2785 4723 traditionum
2812 4664 3205 4738 cognitionem
3239 4666 3529 4721 deductus
3560 4666 3763 4733 fuit,ac

353 4777 510 4829 σεων,
544 4756 830 4821 θεάσασθαί
877 4777 938 4811 τι
984 4756 1052 4810 τὰ
1100 4754 1245 4829 παρὰ
1288 4759 1406 4815 τοῖς
1456 4758 1561 4808 τῶν
1594 4753 1879 4824 Ἑλλήνων
1915 4776 2000 4832 φι-

354 4844 616 4924 λοσόφοις
648 4844 776 4900 νόθα
806 4843 1050 4920 δόγματα
1079 4844 1215 4920 πρὸς
1245 4844 1345 4910 τήν
1391 4840 1649 4912 ἀλήθειαν
1686 4864 2001 4918 μετενηνεγ-

360 4937 508 5007 μὲνα.
576 4936 831 5003 Ἐλεῆσαι
902 4935 1007 5009 γὰρ
1057 4928 1167 4987 ἔστι
1247 4929 1458 5005 μᾶλλον
1512 4931 1602 4985 καὶ
1669 4930 2004 5005 συναλγῆσαι

353 5031 454 5093 τῆς
511 5022 831 5099 ἆπροσεξίας
888 5022 1017 5085 τοὺς
1079 5018 1390 5095 ὀλιγώρους
1435 5023 1536 5085 τῆς
1583 5018 2005 5084 εὐπαιδευσίαςῖ

356 5112 654 5185 ἐξεταστὰς,
687 5111 770 5167 ὅτι
924 5114 1072 5188 σφῶν
1123 5108 1329 5182 ἂμαθίᾳ
1378 5113 1746 5183 συμμετροῦσι
1795 5110 2008 5173 καὶτὰς

354 5207 462 5256 τῶν
521 5202 645 5273 ἑξῆς
701 5202 999 5277 ἀνθρώπων
1060 5198 1390 5274 φιλομαθεῖς
1442 5198 1836 5271 εὐθημοσύνας.
1886 5201 2007 5256 Ἑν-

2115 4756 2328 4811 intueri
2377 4754 2708 4809 adulterina
2736 4753 3101 4809 ethnicorum
3146 4752 3630 4824 philosophorum
3663 4755 3763 4809 de-

2116 4849 2271 4901 creta
2293 4844 2365 4899 ad
2386 4843 2693 4898 veritatem
2716 4843 2986 4897 traducta
3013 4861 3027 4909 ;
3060 4843 3226 4896 decet
3245 4840 3399 4896 enim
3426 4842 3621 4912 potius
3652 4843 3762 4897 mi-

2116 4933 2296 4990 sereri
2326 4948 2392 4989 ac
2424 4931 2833 4999 condolere,oh
2863 4930 3173 5001 segnitiem
3206 4946 3423 5001 paucos
3446 4946 3575 4986 esse
3595 4932 3762 4987 bona;

2118 5022 2394 5079 doctrinae
2424 5020 2871 5085 examinatores,
2905 5020 3059 5091 quod
3094 5036 3203 5074 sua
3244 5018 3480 5074 inscitia
3511 5021 3766 5093 reliquo-

2119 5128 2251 5167 rum
2283 5110 2459 5166 etiam
2479 5110 2788 5165 hominum
2816 5108 3075 5163 scientiae
3091 5108 3363 5178 cupidam
3396 5110 3770 5165 commetien-

2119 5205 2217 5256 tur
2246 5198 2429 5256 animi
2450 5216 2515 5255 ac
2534 5198 2755 5271 ingenii
2777 5196 3506 5270 promptitudinem.Tales
3532 5198 3769 5269 quidem

1373 5371 1611 5428 VARl/E
1652 5372 2042 5432 LECTIONES
2081 5371 2168 5428 ET
2207 5370 2762 5427 CORRECTIONES.

438 5492 511 5564 (b)
542 5491 666 5548 Act.
699 5507 836 5560 xvn,
872 5492 958 5546 18.

438 5618 454 5652 ¹
487 5615 733 5687 ἀνονήτῳ
745 5656 757 5674 .

438 5743 462 5768 ⁴’
489 5742 573 5799 Ex
603 5742 802 5801 codice
833 5745 892 5801 S.
924 5743 1103 5802 Marci
1132 5741 1359 5800 Veneti.

843 5616 865 5651 ³
897 5609 1268 5675 ἀπαιδευσίας.
