4158 6370
367 414 438 473 19
1184 418 1558 474 APPENDIX
1597 420 1693 473 AD
1730 419 1974 473 OPERA
2006 422 2067 475 Β.
2107 419 2427 476 DIONYSII
2463 417 2963 476 AREOPAGITJE.
3712 420 3785 476 20

366 542 429 599 in
459 543 853 615 quorumdam
886 541 1107 613 scripta
1137 542 1481 608 incidentes,
1502 557 1566 597 ac
1599 540 1746 596 forte
1779 540 2017 596 minime

2132 538 2487 616 τυγχάνοντες
2521 542 2572 594 οἱ
2602 545 2841 596 τοιοῦτοι
2889 538 3303 617 συγγράμμασιν
3344 539 3525 616 ἐνίων,
3555 542 3644 598 καὶ
3686 564 3784 598 τυ-

366 649 573 689 eorum
631 649 758 704 quae
817 632 1097 688 dicuntur
1147 646 1383 687 sensum
1442 630 1678 701 assequi
1738 628 2019 698 valentes,

370 738 504 777 mox
532 723 602 777 ad
636 721 1018 777 indiscretam
1072 718 1380 791 scriptoris
1424 718 1853 774 cavillationem
1885 718 2018 773 etre-

370 814 620 882 runtur;
656 808 821 879 atqui
851 824 984 864 cum
1016 823 1258 879 prorsus
1290 811 1585 877 nequeant
1614 823 1679 861 ea
1709 822 1834 876 quae
1866 820 2021 860 acer-

367 900 442 955 be
470 898 930 970 reprehendunt,
965 896 1256 969 corrigere
1286 900 1387 951 aut
1416 910 1680 967 arguere,
1706 898 2024 965 oportet,ut

367 987 429 1043 in
461 1004 523 1043 se
551 988 699 1043 iram
730 990 1092 1055 convertant,
1124 989 1181 1041 et
1213 985 1407 1057 potius
1440 984 1707 1041 molestia
1757 984 2020 1038 afﬁcian-

367 1080 485 1144 tur,
520 1077 672 1147 quod
723 1092 832 1131 sua
861 1074 1090 1130 desidia
1124 1074 1397 1145 ignorent
1444 1073 1620 1129 etiam
1653 1071 1766 1143 ipsi
1796 1088 1864 1126 ea
1894 1087 2020 1142 qua

360 1165 435 1221 ad
484 1166 879 1237 cognitionem
912 1166 1196 1236 perducta
1234 1167 1395 1235 sunt,
1427 1170 1529 1218 aut
1583 1177 1803 1228 revera,
1864 1161 2020 1232 quod

370 1253 616 1310 minime
665 1254 819 1326 apud
864 1254 1100 1310 idoneos
1150 1270 1283 1309 cum
1336 1251 1628 1308 desiderio
1680 1250 2022 1306 addiscendi

368 1344 805 1408 conversantes,
840 1342 966 1397 suis
1016 1341 1214 1397 dubiis
1259 1340 1605 1395 liberentur.
1646 1339 1757 1394 Sed
1803 1340 2025 1394 audent

370 1429 555 1501 aliqui
586 1429 781 1485 divino
830 1429 1110 1501 Dionysio
1142 1428 1387 1485 convicii
1436 1427 1562 1484 loco
1592 1428 1843 1484 haereses
1874 1428 2021 1499 obji-

370 1535 521 1585 cere,
552 1536 687 1575 cum
718 1536 960 1591 prorsus
991 1535 1219 1574 errores
1251 1517 1662 1573 haereticorum
1712 1517 2017 1588 ignorent;

365 1608 626 1681 profecto
682 1609 863 1676 enim,
897 1608 946 1662 si
1005 1625 1073 1663 ex
1129 1623 1486 1678 unoquoque
1543 1623 1749 1662 eorum
1793 1623 1920 1677 quas
1961 1607 2019 1661 in

361 1696 651 1753 haereticis
684 1698 1075 1754 condemnata
1106 1695 1455 1766 sunt,hujus
1486 1696 1716 1751 decreta
1738 1694 2023 1766 dijudica-

360 1789 511 1855 rent,
547 1785 734 1841 multo
766 1784 957 1857 magis
988 1785 1207 1841 distare
1239 1784 1310 1839 ab
1337 1783 1623 1856 improbis
1654 1784 1773 1840 illis
1803 1799 2019 1856 cogno-

2130 629 2231 703 χὸν
2268 628 2327 683 οὐ
2360 629 2896 705 παρακολουθοῦντες
2943 636 3011 705 τῇ
3041 636 3149 687 τῶν
3192 631 3501 708 λεγομὲνων
3549 631 3783 705 διανοίᾳ,

2130 719 2266 793 πρὸς
2326 715 2637 795 ἀδιάκριτον
2692 720 2850 782 εὐθὺς
2908 719 3221 797 ἐκφέρονται
3282 726 3380 777 τοῦ
3437 721 3781 799 συγγραφέως

2134 802 2417 876 διαϐολήν·
2466 807 2639 862 καίτοι
2686 807 2966 870 παντελῶς
3017 808 3080 864 οῦ
3130 807 3420 882 δυνάμενοι
3480 810 3548 864 τὰ
3595 810 3781 883 σκώμ-

2136 915 2277 966 ματα
2302 892 2595 959 διευθύνειν
2623 917 2681 951 τε
2709 896 2799 951 καὶ
2849 894 3155 973 διελέγχειν
3187 896 3220 951 ἃ
3268 918 3425 975 φασιν
3454 897 3629 966 αὐτοὶ,
3663 895 3781 953 δέον

2131 981 2217 1036 ἐπὶ
2252 984 2386 1058 σφας
2419 983 2612 1048 αὐτοὺς
2633 986 2844 1057 τρέπειν
2873 986 2970 1054 τὴν
3008 987 3197 1062 ὀργήν,
3226 988 3316 1041 καὶ
3345 983 3557 1060 μᾶλλον
3582 986 3788 1061 ἀσχάλ-

2133 1069 2266 1142 λειν,
2327 1070 2409 1127 ὅτι
2468 1075 2542 1145 μη
2604 1071 2996 1136 σπουδάσαντες
3055 1070 3291 1151 ἔγνωσαν
3358 1075 3448 1130 καὶ
3507 1076 3659 1130 αὐτοὶ
3718 1076 3785 1130 τὰ

2132 1159 2253 1235 περὶ
2288 1163 2307 1195 ³
2345 1165 2540 1235 γνῶσιν
2603 1163 2902 1237 ἆνηγμὲνα·
2962 1164 2997 1233 ἢ
3055 1162 3315 1233 τάληθὲς,
3373 1161 3456 1217 ὅτι
3515 1165 3590 1236 μή
3649 1162 3788 1239 πρὸς

2130 1247 2255 1310 τοὺς
2308 1248 2527 1311 ἱκανοὺς
2574 1251 2696 1327 περὶ
2741 1253 3055 1306 τὰτοιαῦτα
3110 1250 3434 1329 φιλομαθῶς
3480 1250 3785 1328 γεγονότες,

2130 1334 2234 1390 τῶν
2280 1337 2650 1413 ἀπορημάτων
2700 1339 3068 1411 ἀπελύθησαν.
3118 1339 3297 1398 Ἀλλά
3342 1338 3596 1413 τολμῶσί
3637 1360 3782 1403 τινες

2132 1423 2404 1501 λοιδορεῖν
2454 1427 2531 1489 εἷς
2582 1428 2813 1503 αἱρέσεις
2862 1430 2953 1484 τὸν
3008 1432 3149 1485 θεῖον
3201 1429 3506 1500 Διονύσιον,
3546 1430 3783 1502 καθάπαξ

2129 1516 2220 1569 καὶ
2249 1516 2316 1570 τὰ
2360 1520 2464 1571 τῶν
2517 1519 2803 1593 αἱρετικῶν
2836 1519 3172 1593 ἀγνοοῦντες
3204 1520 3238 1588 ἦ
3283 1519 3383 1593 γὰρ
3434 1516 3517 1590 ἂν,
3565 1518 3615 1591 ἐξ
3663 1517 3786 1573 ἐκά-

2132 1624 2259 1657 στου
2311 1609 2418 1659 τῶν
2467 1608 2940 1682 κατακεκριμένων
2998 1605 3049 1661 ἐν
3098 1613 3216 1670 τοῖς
3270 1606 3596 1683 αἳρετίζουσι
3658 1628 3783 1681 συγ-

2130 1692 2425 1767 κρίνοντες,
2457 1696 2524 1749 τὰ
2553 1696 2698 1770 παρά
2726 1695 2931 1750 τούτων
2961 1693 3207 1771 δόγματα
3235 1694 3437 1769 πολλῷ
3464 1700 3572 1751 τῶν
3605 1694 3785 1773 φλαύ-

2132 1801 2239 1856 ρων
2307 1784 2648 1860 ἀφεστηκότα
2707 1782 3070 1859 διεγίνωσκον,
3130 1784 3362 1849 καθόσον
3419 1789 3534 1863 φῶς
3584 1782 3786 1851 ἀληθὲς

360 1873 608 1943 vissent,
638 1891 815 1946 quam
848 1888 1046 1930 verum
1072 1873 1272 1928 lumen
1306 1890 1340 1927 a
1369 1872 1649 1929 tenebris.
1683 1874 1831 1938 Quid
1863 1872 2017 1927 enim

2136 1872 2222 1925 καὶ
2257 1872 2467 1937 σκότος.
2520 1872 2586 1931 Τί
2638 1874 2742 1948 γὰρ
2792 1872 2994 1928 εἷ’ποιεν
3045 1872 3242 1936 ἐντοῖς
3296 1874 3423 1950 περὶ
3468 1876 3569 1943 τῆς
3613 1873 3787 1946 μόνης

366 1963 619 2019 dixerint
647 1963 709 2018 in
738 1962 815 2019 iis
866 1978 995 2034 quas
1028 1962 1098 2017 de
1129 1961 1255 2018 sola
1303 1963 1602 2018 adoranda
1631 1962 1916 2017 Trinitate
1948 1962 2022 2017 ab

372 2052 502 2125 ipso
534 2053 732 2107 divine
778 2053 1198 2123 exponuntur?
1228 2051 1377 2115 Quid
1411 2051 1482 2106 de
1523 2068 1638 2105 uno
1668 2050 2025 2106 beatissima:

373 2141 554 2214 hujus
584 2141 892 2197 Trinitatis
921 2141 1063 2198 Jesu
1096 2141 1327 2195 Christo
1359 2140 1662 2212 unigenito
1693 2140 1795 2195 Dei
1825 2140 2022 2206 verbo,

374 2230 475 2303 qui
506 2231 760 2302 perfecte
790 2231 1046 2287 humana
1075 2229 1244 2285 indui
1278 2234 1489 2285 natura
1516 2228 1699 2285 voluit
1725 2230 2022 2300 ;nunquid

371 2319 634 2376 animam
666 2324 862 2376 mente
894 2318 1296 2391 przsditam,ac
1327 2335 1541 2390 corpus
1570 2319 1725 2375 sicut
1749 2322 2022 2374 nostrum

369 2413 729 2479 terrestre,et
760 2408 991 2481 reliqua
1021 2425 1147 2481 quea
1180 2425 1213 2464 a
1243 2409 1419 2465 rectis
1450 2408 1770 2464 constituta
1802 2410 2020 2481 magis-

368 2498 477 2554 tris
507 2498 861 2570 explicavit?
890 2498 1039 2563 Quid
1070 2500 1266 2553 autem
1302 2499 1373 2553 de
1416 2496 1890 2569 intelligibilibus
1922 2501 2023 2553 aut

367 2591 566 2643 mente
595 2587 856 2659 praeditis
905 2592 1081 2659 atque
1130 2586 1451 2643 sensilibus
1501 2586 1635 2659 quis
1683 2587 1892 2643 merito
1932 2605 2021 2644 re-

367 2677 727 2749 prehendat;
762 2681 863 2734 aut
914 2679 984 2733 de
1014 2676 1331 2732 universali
1382 2680 1585 2732 nostra
1615 2692 1748 2732 cum
1780 2692 2023 2747 corpore

369 2771 568 2824 nostro
598 2771 657 2824 et
685 2767 884 2825 anima
916 2771 1121 2823 nostra
1151 2768 1348 2822 futura
1381 2767 1831 2835 resurrectione,
1862 2772 1921 2823 et
1951 2768 2021 2823 de

360 2857 626 2929 judiciis,
682 2874 811 2929 quae
860 2862 989 2912 tum
1019 2856 1162 2912 ﬁent
1183 2857 1484 2927 justorum
1516 2858 1574 2910 et
1616 2855 2021 2926 injustorum?

367 2963 506 3002 nam
535 2945 697 3002 salus
750 2950 953 3001 nostra
995 2945 1276 3001 adversus
1326 2943 1448 3000 haec
1493 2943 1782 3000 collectim
1830 2945 2022 3002 dicere

366 3034 621 3091 intendit
648 3051 777 3106 quas
821 3034 1094 3107 pluribus
1124 3033 1412 3105 explicare
1458 3034 1644 3100 nefas,
1679 3050 1814 3090 cum
1845 3050 2019 3108 expo-

368 3123 504 3179 sitio
530 3122 591 3179 in
622 3122 866 3182 scholiis
897 3127 1109 3180 cuncta
1137 3126 1464 3195 opportune
1493 3122 1768 3179 declaret.

2137 1968 2519 2035 προσκυνητῆς
2593 1960 2827 2039 Τριάδος
2897 1960 3350 2038 θεολογουμένοις
3401 1963 3529 2037 παρ’
3585 1964 3783 2035 αῦτῷ;

2132 2050 2185 2104 τί
2218 2047 2263 2103 δ’
2293 2048 2352 2105 ἂν
2394 2053 2515 2127 περὶ
2566 2056 2663 2106 τοῦ
2710 2059 2811 2122 τῆς
2860 2051 3255 2128 παμμακαρίας
3303 2051 3507 2121 ταύτης
3552 2049 3787 2128 Τριάδος

2135 2140 2250 2202 ἱνὸς
2280 2142 2460 2209 Ἰησοῦ
2490 2143 2747 2217 Χριστοῦ,
2776 2146 2871 2196 τοῦ
2925 2145 3252 2218 μονογενοῦς
3300 2146 3435 2197 Θεοῦ
3475 2142 3663 2217 Λόγου
3691 2162 3785 2197 τε-

2136 2225 2295 2291 λείως
2329 2228 2737 2303 ἐνανθρωπῆσαι
2771 2227 3101 2300 θελήσαντος
3133 2248 3147 2298 ;
3181 2229 3311 2304 οὐχὶ
3344 2232 3530 2304 ψυχὴν
3576 2226 3784 2301 ἔννουν,

2131 2318 2220 2371 καὶ
2255 2322 2415 2390 σῶμα
2442 2319 2504 2372 τὸ
2535 2320 2652 2373 καθ’
2682 2322 2829 2392 ἡμᾶς
2874 2321 3063 2395 γήϊνον
3116 2316 3385 2389 διεξῆλθε,
3417 2319 3508 2374 καὶ
3554 2318 3622 2374 τὰ
3669 2316 3787 2373 λοι-

2131 2406 2208 2461 πὰ
2231 2409 2253 2443 ⁴
2279 2406 2347 2461 τὰ
2376 2404 2474 2461 ὅσα
2524 2413 2639 2470 τοῖς
2695 2408 2877 2479 ὀρθοῖς
2925 2407 3232 2463 ἐντέτακται
3280 2405 3631 2470 διδασκάλοις
3667 2427 3682 2478 ;
3712 2406 3780 2465 Τί

2133 2491 2191 2549 δὲ
2220 2495 2342 2569 περὶ
2375 2500 2582 2566 νοητῶν
2624 2496 2715 2551 καὶ
2768 2500 2969 2569 νοερῶν
3019 2494 3108 2552 καῖ
3152 2501 3261 2552 τῶν
3312 2496 3585 2567 αἰσθητῶν
3638 2498 3780 2570 μέμ-

2131 2584 2275 2655 ψαιτ’
2327 2583 2386 2637 ἅν
2440 2604 2521 2645 τις
2582 2578 2895 2653 εἶκὸτωςοῆ
2936 2583 3061 2659 περὶ
3115 2589 3216 2653 τῆς
3273 2582 3573 2653 καθολικῆς
3620 2586 3782 2658 ἡμῶν

2130 2670 2466 2733 ἀναστάσεως
2520 2679 2621 2741 τῆς
2676 2675 2809 2745 μετά
2866 2674 3120 2745 σώματος
3173 2677 3271 2728 τοῦ
3320 2674 3437 2728 καθ’
3492 2676 3639 2747 ἡμᾶς
3689 2674 3783 2728 καὶ

2129 2765 2230 2828 τῆς
2284 2762 2443 2832 ἡμῶν
2497 2763 2687 2836 ψυχῆς
2733 2763 3125 2838 γενησομένηςο
3178 2761 3270 2817 καὶ
3317 2761 3442 2837 περὶ
3495 2766 3605 2816 τῶν
3658 2760 3782 2817 τότε

2133 2844 2555 2924 δικαιωτηρίων,
2600 2848 2822 2905 δικαίων
2872 2871 2931 2905 τε
2960 2850 3051 2905 καὶ
3078 2854 3185 2907 τῶν
3232 2852 3309 2924 μὴ
3358 2849 3621 2905 τοιούτων
3654 2868 3667 2920 ;
3699 2848 3778 2913 εἷς

2129 2936 2194 2990 τὰ
2225 2939 2245 2973 ⁵
2274 2938 2401 3014 γὰρ,
2457 2933 2778 3010 συλλήϐδην
2831 2940 3025 3008 εἰπεῖν,
3068 2941 3103 3010 ἠ
3145 2941 3264 3004 καθ’
3292 2942 3440 3013 ἡμᾶς
3471 2939 3649 3017 ἀφορᾷ
3677 2958 3780 2994 σω-

2128 3026 2313 3101 τηρία,
2346 3027 2499 3082 ἅτινα
2545 3026 2798 3091 πλατέως
2847 3026 3136 3101 διεξελθεῖν
3182 3029 3248 3083 οὐ
3297 3025 3523 3101 δίκαιον,
3552 3033 3653 3097 τῆς
3690 3025 3779 3083 ἐπὶ

2129 3113 2372 3190 σχολίων
2416 3115 2721 3193 ἐξηγήσεως
2767 3118 2977 3172 ἅπαντα
3030 3117 3166 3173 κατὰ
3230 3117 3417 3193 καιρὸν
3475 3113 3781 3190 ἐπισημαι-

2125 3204 2384 3277 νομένης.

439 3301 527 3358 Ita
555 3306 665 3373 est,
695 3300 994 3373 inquiunt.
1026 3302 1139 3358 Sed
1171 3317 1359 3373 neque
1390 3301 1677 3358 Eusebius
1703 3301 2017 3374 Pamphili,

2198 3272 2327 3363 Noti,
2410 3293 2567 3372 φασίν
2622 3297 2663 3331 ⁸·
2726 3294 2854 3351 ἀλλ’
2939 3296 3042 3351 οὐκ
3125 3292 3356 3372 ἔγραψεν
3438 3294 3604 3351 αὐτοῦ
3684 3294 3778 3358 τὰς

365 3391 512 3463 quin
557 3407 662 3447 nec
704 3391 984 3463 Origenes
1034 3391 1212 3463 hujus
1262 3390 1445 3447 libros
1498 3390 1732 3464 scriptis
1781 3393 2019 3449 manda-

363 3485 523 3537 runt.

436 3571 733 3627 Adversus
780 3587 928 3643 quos
959 3569 1275 3626 dicendum
1319 3569 1641 3627 Eusebium
1674 3586 1851 3641 quam
1886 3570 2018 3642 plu-

364 3658 517 3715 rima
547 3659 821 3714 omisisse
871 3674 997 3729 quae
1049 3660 1119 3713 ad
1153 3660 1278 3727 ejus
1330 3675 1543 3713 manus
1590 3674 1707 3713 non
1739 3676 2016 3730 pervene-

365 3752 543 3816 runt;
577 3747 792 3802 etenim
825 3763 930 3801 nec
953 3762 1196 3817 prorsus
1227 3747 1428 3802 omnia
1458 3745 1763 3818 collegisse
1792 3748 2018 3817 ait,imo

367 3836 557 3908 magis
588 3836 804 3891 fatetur
833 3835 1016 3890 libros
1047 3835 1147 3906 qui
1178 3837 1249 3890 ad
1283 3836 1482 3906 ipsum
1516 3852 1631 3891 non
1660 3836 2021 3893 devenerunt

365 3942 495 3982 esse
525 3942 769 3980 numero
802 3924 1154 3995 superiores,
1189 3928 1246 3979 et
1275 3940 1416 3980 sane
1459 3923 1782 3980 multorum
1812 3916 2017 3981 memi-

366 4013 525 4070 nisse
555 4030 787 4085 possem
838 4030 987 4083 quos
1018 4012 1262 4068 minime
1292 4011 1521 4077 habuit,
1553 4017 1611 4067 et
1640 4013 1746 4068 hos
1778 4014 2017 4084 quidem

365 4119 484 4157 suae
516 4102 862 4174 regionis,ut
894 4102 1191 4173 Hymenaei
1222 4106 1279 4157 et
1305 4100 1585 4168 Narcissi,
1611 4102 1710 4173 qui
1742 4104 2018 4159 sacerdo—

363 4194 452 4248 tes
503 4190 923 4263 Hierosolymis
988 4192 1147 4246 l'uere
1200 4209 1213 4258 ;
1264 4206 1369 4261 ego
1437 4206 1577 4246 sane
1657 4191 1715 4245 in
1788 4191 2017 4264 aliquos

362 4280 658 4355 Hymenaei
748 4279 930 4336 libros
995 4280 1193 4335 incidi.
1276 4280 1421 4335 Item
1492 4296 1680 4352 neque
1758 4281 2015 4337 Pantaeni

363 4387 540 4442 opera
640 4369 986 4440 descripsit,
1074 4384 1261 4439 neque
1348 4368 1664 4425 Clementis
1748 4372 2014 4441 Romani,

367 4460 483 4515 nisi
547 4460 798 4513 duarum
844 4462 1078 4514 tantum
1156 4457 1574 4531 Epistolarum,
1643 4458 1744 4515 sed
1826 4476 2016 4532 neque

365 4547 755 4621 plurimorum
815 4546 1393 4619 aliorum.0rigencs
1449 4548 1630 4614 enim,
1690 4550 1885 4605 nescio
1943 4567 2016 4604 an

2128 3383 2398 3454 συντάξεις
2424 3378 2707 3457 εΕύσέϐιος
2759 3385 2787 3439 ὁ
2834 3383 3149 3462 Παμφίλου’
3200 3384 3290 3441 καὶ
3342 3384 3449 3458 μὴν
3493 3381 3613 3440 οὐδ’
3640 3384 3780 3459 Ὠρι-

2123 3476 2305 3552 γάνης.

2198 3566 2343 3642 Πρὸς
2362 3564 2454 3629 οὓς
2471 3562 2709 3637 λεκτέον,
2724 3565 2800 3626 ὠς
2816 3563 3125 3639 πάμπολλα
3142 3569 3383 3638 παρῆκεν
3403 3558 3661 3627 Εὐσέϐιος
3680 3564 3782 3619 οὐκ

2127 3653 2355 3710 ἐλθόντα
2383 3654 2507 3730 περὶ
2530 3659 2719 3729 χεῖρας
2752 3654 2974 3717 οἰκείαςο
2998 3654 3091 3710 καί
3110 3654 3212 3729 γὰρ
3237 3651 3361 3709 οὔτε
3382 3654 3545 3729 φησὶν
3571 3655 3780 3709 ἅπαντα

2126 3746 2366 3815 καθάπαξ
2412 3742 2829 3820 συναγηοχέναι·
2880 3743 3092 3817 μᾶλλόν
3139 3764 3199 3820 γε
3251 3745 3357 3816 μὴν
3391 3741 3658 3819 ὁμολογεῖ
3687 3736 3776 3798 καὶ

2127 3833 2363 3909 ἀριθμοῦ
2418 3833 2698 3907 κρείττονα
2759 3828 2949 3908 βιϐλία
2996 3834 3313 3889 καθεστάναι
3376 3830 3648 3906 μηδαμῶς
3696 3831 3774 3894 είς

2127 3921 2284 3976 αὐτὸν
2317 3918 2646 3989 ἐληλυθότα“
2681 3921 2770 3976 καὶ
2802 3919 3029 3977 πολλῶν
3077 3920 3347 3995 ἐδυνάμην
3402 3925 3773 3994 μνημονεῦσαι

2132 4012 2206 4082 μὴ
2240 4010 2544 4077 κτηθὲντων
2580 4009 2745 4081 αὐτῷ,
2777 4009 2869 4065 καὶ
2918 4014 3083 4065 ταῦτα
3111 4014 3211 4075 τῆς
3259 4008 3423 4065 αὐτοῦ
3454 4010 3662 4086 χώρας,
3697 4011 3773 4072 ὡς

2125 4099 2407 4172 Ὑμεναίου
2454 4100 2543 4154 καὶ
2596 4097 2901 4174 Ναρκίσσου
2955 4098 3062 4153 τῶν
3116 4100 3482 4174 ἱερασαμένων
3555 4097 3607 4153 ἐν
3678 4099 3777 4154 Ἱε-

2128 4188 2482 4261 ροσολύμοις.
2544 4190 2689 4263 Ἐγὼ
2739 4192 2867 4263 γοῦν
2910 4187 3162 4265 ἐνέτυχόν
3195 4208 3303 4242 τισι
3334 4192 3443 4243 τῶν
3470 4188 3772 4261 Ὑμεναίου.

2127 4277 2228 4334 Καὶ
2291 4280 2398 4349 μὴν
2457 4274 2580 4331 οὕτε
2637 4277 2933 4334 ΙΙανταίνου
2989 4277 3116 4339 τοὺς
3172 4276 3373 4339 πόνους
3433 4276 3775 4351 ἀνέγραψεν,

2128 4363 2250 4421 οὔτε
2273 4371 2367 4420 τοῦ
2415 4366 2699 4439 Ῥωμαίου
2748 4365 3095 4438 Κλήμεντος,
3146 4364 3293 4435 πλὴν
3336 4363 3432 4421 δύο
3475 4366 3564 4421 καὶ
3598 4366 3775 4440 μόνων

2127 4454 2448 4510 ἐπιστολῶν·
2504 4453 2629 4509 ἀλλ’
2680 4452 2801 4509 οῦτε
2851 4452 3126 4509 πλείστων
3181 4455 3394 4531 ἑτέρων.
3426 4456 3488 4514 ’0
3535 4457 3638 4530 γὰρ
3686 4458 3777 4510 Ὡ-

2128 4546 2365 4619 ριγὲνης,
2416 4544 2515 4597 ούκ
2566 4540 2684 4598 οἶδα
2738 4542 2782 4598 εἷ
2831 4542 3072 4613 πάντων,
3107 4541 3268 4617 μόλις
3318 4542 3376 4598 δὲ
3423 4542 3691 4618 τεττάρων
3724 4542 3774 4597 ἐ-

369 4637 656 4703 omnium,
690 4636 784 4691 vix
838 4642 1035 4691 autem
1086 4641 1337 4708 quatuor
1388 4637 1676 4691 meminit.
1731 4636 2017 4693 Diaconus

2132 4634 2368 4704 μνήσθη.
2431 4633 2686 4693 Διάκονος
2742 4627 2798 4684 δέ
2843 4652 2926 4694 τις
2972 4632 3269 4704 Ῥωμαῖος.
3323 4632 3529 4707 Πέτρος
3579 4626 3775 4704 ὄνομα,

368 4744 503 4784 vero
533 4726 773 4798 quidam
826 4726 1149 4793 Romanus,
1199 4726 1438 4781 nomine
1485 4726 1711 4793 Petrus,
1761 4728 2023 4783 narravit

370 4816 537 4885 mihi,
571 4814 772 4872 omnia
817 4814 1000 4869 divini
1049 4814 1312 4886 Dionysii
1342 4831 1538 4886 opera,
1584 4818 1778 4869 Rome
1817 4814 1876 4868 in
1925 4832 2020 4871 sa-

371 4920 604 4960 crorum
635 4905 992 4977 scriptorum
1024 4903 1376 4959 bibliotheca
1406 4903 1663 4974 reposita
1691 4905 1931 4960 servari.

442 4994 656 5050 Scribit
702 4998 897 5051 autem
946 4991 1203 5065 plurima
1243 4994 1316 5048 ad
1365 4991 1774 5047 beatissimum
1822 4993 2017 5048 Timo-

368 5083 593 5151 theum,
625 5085 815 5140 sancti
840 5082 1003 5139 Pauli
1053 5081 1301 5154 apostoli
1330 5080 1711 5153 discipulum,
1744 5081 2016 5153 Ephesio-

368 5188 499 5227 rum
549 5171 910 5243 episcopum,
942 5188 975 5227 a
1022 5171 1321 5243 primariis
1368 5170 1584 5226 Jonicaa
1632 5169 2014 5243 philosophias

366 5260 753 5316 sectatoribus
784 5259 996 5330 Ephesi
1016 5259 1387 5316 versantibus
1419 5259 1739 5330 molestias,
1761 5263 1825 5314 ut
1853 5260 2009 5315 vide-

365 5349 901 5416 tur,sustinentem,
934 5365 998 5403 ac
1046 5349 1501 5421 interrogantem
1548 5347 1708 5405 velut
1754 5348 2011 5420 profanae

2132 5348 2430 5423 πράγματα,
2461 5347 2549 5401 καὶ
2598 5344 3021 5417 πυνθανόμενον,
3058 5345 3131 5406 ὠς
3182 5340 3484 5417 εἰδήμονος
3510 5351 3610 5415 τῆς
3641 5344 3741 5415 ἐξω

2116 5445 2336 5514 τερικῆς
2381 5431 2843 5514 φιλοσοφίας,“ίνα
2887 5433 2977 5489 καὶ
3028 5432 3240 5507 μᾶλλον
3294 5435 3635 5511 ἀγωνίζοιτο·
3685 5454 3753 5488 κα

365 5436 747 5509 philosophiae
781 5436 1054 5509 peritum,
1088 5443 1152 5493 ut
1195 5438 1384 5511 magis
1415 5442 1665 5493 certaret
1695 5456 1708 5495 :
1743 5437 2007 5509 nihilque

2132 4719 2428 4795 διηγήσατό
2465 4741 2578 4793 μοι,
2620 4718 2791 4774 πάντα
2838 4719 2907 4773 τὰ
2947 4723 3042 4773 τοῦ
3096 4717 3244 4775 θείου
3283 4719 3563 4775 Διονυσίου
3611 4720 3776 4788 σώζε-

2130 4812 2247 4864 σθαι
2279 4808 2415 4864 κατὰ
2441 4809 2538 4877 τὴν
2572 4807 2622 4862 ἐν
2651 4807 2843 4882 Ῥώμῃ
2875 4810 2983 4862 τῶν
3030 4807 3192 4885 ἰερῶν
3250 4803 3613 4885 βιϐλιοθήκην
3646 4806 3774 4861 ἀνα-

2127 4898 2425 4971 τεθειμένα.

2200 4989 2393 5065 Γράφει
2440 4984 2497 5040 δὲ
2546 4984 2613 5040 τὰ
2660 4982 2891 5040 πλεῖστα
2931 4986 3069 5060 πρὸς
3113 4986 3205 5041 τὸν
3238 4983 3627 5060 τρισμακάριον
3675 4987 3774 5041 Τι-

2129 5077 2345 5150 μόθεον,
2375 5076 2467 5130 τὸν
2519 5079 2617 5129 τοῦ
2666 5073 2821 5149 ἁγίου
2873 5073 3183 5130 ἀποστόλου
3222 5072 3444 5131 Παύλου
3488 5074 3776 5150 φοιτητὴν,

2124 5170 2381 5248 Ἐφεσίων
2433 5166 2750 5234 ἐπίσκοπον,
2796 5165 2899 5220 ὑπὸ
2938 5171 3046 5222 τῶν
3091 5167 3227 5221 κατᾶ
3264 5168 3362 5235 τήν
3396 5168 3626 5242 Ἔφεσον
3673 5171 3775 5235 τῆς

2123 5260 2367 5328 Ἰωνικῆς
2411 5254 2734 5335 φιλοσοφίας
2777 5256 3165 5331 προεστώτων,
3208 5256 3280 5317 ὡς
3323 5253 3778 5332 εἰκὸς,πάσχοντα

3758 5407 3776 5461 ὶ

1345 5601 1580 5659 VARIE
1618 5599 2015 5658 LECTIONES
2053 5601 2146 5659 ET
2186 5598 2747 5660 CORRECTIONES.

442 5731 465 5765 ³
494 5727 654 5802 πρός.
731 5728 753 5762 ’⁸
781 5727 976 5783 πάντα.
1053 5728 1073 5761 ⁵
1104 5728 1289 5784 ταῦτα.
1365 5730 1387 5765 ⁸
1415 5729 1569 5804 φησί.
