4158 6370
380 390 445 456 21
1267 408 1325 460 s.
1371 407 1641 461 MAXIM!
1680 404 2060 461 PROLOGUS
2097 408 2167 459 IN
2206 406 2449 461 OPERA
2488 409 2546 461 s.
2588 408 2927 463 DIONYSII.
3729 409 3805 463 22

382 521 533 580 οὐδὲν
562 522 793 587 ἀπεικός
823 542 837 557 ο
869 522 981 579 ἐπεὶ
1039 523 1128 579 καὶ
1188 525 1215 579 ὁ
1259 524 1520 603 θεοφιλὴς
1551 523 1856 587 ἀπόστολος
1888 529 2034 580 Παῦ-

2163 543 2182 581 ι
2211 528 2622 599 probabilitate
2645 528 2924 596 alienum,
2946 529 3427 601 quandoquidem
3453 530 3680 587 amicus
3707 532 3804 589 Dei

384 612 478 676 λος
509 620 632 676 ταῖς
663 611 949 685 Ἑλλήνων
1000 612 1275 689 ἐχρήσατο
1321 614 1531 691 ῥήσεσι,
1575 614 1771 677 ταύτας
1826 615 2038 669 ἀκούων

380 704 546 779 τυχὸν
576 703 727 779 παρά
748 709 856 759 τῶν
889 704 1153 759 συνόντων
1185 704 1352 776 αύτῷ,
1382 708 1481 769 τῆς
1527 702 1829 773 ἓλληνικῆς
1879 701 2040 781 φιλο-

382 794 569 868 σοφίας
620 793 919 868 ἐμπείρων.
956 793 1246 863 Συνίστησι
1306 793 1363 848 δὲ
1406 794 1496 848 καὶ
1546 791 1731 863 τούτο,
1763 793 2041 848 Διονυσίου

381 888 547 939 ταῦτα
595 880 925 957 φιλαλήθως
979 883 1045 937 τὰ
1108 882 1511 959 συγγράμματα
1574 883 1927 938 καθεστάναι·
1978 884 2040 937 τὸ

385 972 488 1047 γάρ
548 970 982 1043 ἀνεπιτηδεύτως
1052 973 1416 1046 μνημονεύειν
1464 972 1621 1027 αὐτὸν
1675 972 1882 1047 ῥήσεων
1930 977 2038 1025 τῶν

385 1063 835 1134 συνακμασάντων
871 1060 1017 1134 αύτῷ
1047 1058 1282 1136 ἀνδρῶν,
1317 1062 1389 1115 ὢν
1415 1059 1469 1115 ατί
1509 1082 1567 1115 τε
1598 1063 1735 1115 θεῖαι
1764 1065 1871 1115 τῶν
1904 1061 2041 1114 ἀπο-

384 1151 594 1207 στόλων
633 1150 1040 1224 μνημονεύουσι
1092 1151 1337 1227 Πράξεις,
1370 1152 1457 1205 καὶ
1512 1148 1730 1205 Παύλου
1775 1154 1871 1204 τοῦ
1919 1151 2037 1203 θεο-

384 1240 582 1309 φιλοῦς
615 1240 669 1295 αἱ
711 1238 1095 1318 πολυωφελεῖς
1146 1239 1454 1309 ἐπιστολαὶ,
1484 1241 1546 1294 τὸ
1593 1245 1699 1294 τῶν
1760 1259 2041 1314 συγγραμ-

391 1329 573 1404 μάτων
614 1329 998 1407 ἀσκευώρητον
1028 1329 1389 1407 ἀποφαίνουσι
1424 1349 1436 1362 ·
1476 1328 1711 1405 μάλιστα
1741 1326 1798 1383 δὲ
1826 1329 2038 1383 πάντων

380 1421 446 1476 τὸ
476 1423 583 1475 τῶν
618 1417 911 1495 δογμάτων
940 1418 1370 1497 ἀσφαλέστατον.

458 1507 681 1578 Ἐπειδὴ
710 1506 768 1563 δέ
794 1508 935 1571 τινές
975 1530 1123 1586 φασι,
1159 1510 1236 1583 μὴ
1282 1510 1413 1564 εἶναι
1463 1512 1559 1563 τοῦ
1606 1507 1758 1584 ἁγίου
1800 1508 1863 1562 τὸ
1907 1508 2037 1581 σύγ-

384 1619 617 1675 γραμμα
645 1602 687 1670 ⁷,
719 1596 866 1654 ἀλλά
916 1618 1062 1660 τινος
1117 1603 1224 1653 τῶν
1289 1596 1770 1673 μεταγενεστέρων,
1830 1598 2033 1671 ἀνάγκη

379 1688 579 1751 αὐτοὺς
607 1688 699 1742 καὶ
726 1692 836 1742 τῶν
870 1687 1327 1764 ἀπηγορευμένων
1357 1687 1478 1742 τινὰ
1506 1688 1593 1741 καὶ
1629 1687 1844 1741 ἀτόπων
1876 1686 2033 1742 αὐτὸν

377 1779 608 1846 τιθέναι,
660 1775 1134 1851 καταψευδόμενον
1181 1781 1405 1831 τοιαῦτα
1473 1778 1686 1844 ἑαυτοῦ,
1742 1776 1818 1837 ὡς
1871 1781 2033 1845 συνῆν

2157 616 2373 672 Paulus
2405 618 2725 689 apostolus,
2761 618 3069 675 sententiis
3098 619 3404 689 gentilium
3441 636 3583 676 usus
3609 621 3803 689 fuerit,

2154 722 2287 760 cum
2323 707 2467 761 forte
2499 723 2595 762 eas
2623 726 2655 763 a
2686 708 3077 763 familiaribus
3131 708 3253 763 suis
3286 708 3493 764 Graeca:
3544 708 3805 781 philoso-

2151 794 2298 863 phias
2322 795 2525 865 peritis
2549 795 2894 851 audivisset.
2920 797 3092 851 Porro
3115 796 3258 851 illud
3280 798 3456 853 etiam
3477 798 3806 870 confirmat,

2152 882 2273 937 haec
2303 899 2435 938 vere
2484 883 2745 956 Dionysii
2796 885 3015 956 scripta
3064 884 3380 954 constitui;
3432 903 3565 941 eum
3598 904 3809 959 nempe

2150 971 2275 1026 sine
2309 971 2429 1027 ulla
2476 974 2843 1029 affectatione
2892 974 3233 1030 meminisse
3264 976 3691 1031 sententiarum
3721 977 3807 1031 vi-

2151 1075 2348 1116 rorum
2400 1062 2499 1132 qui
2553 1078 2683 1117 cum
2736 1062 2863 1134 ipso
2914 1065 3260 1130 ﬂoruerunt,
3312 1081 3564 1136 quorum
3607 1065 3807 1122 divina

2150 1149 2548 1218 apostolorum
2580 1153 2722 1207 Acta
2745 1153 3105 1208 mentionem
3128 1153 3368 1221 faciunt,
3394 1157 3451 1209 et
3474 1153 3800 1210 utilissima

2150 1238 2311 1294 Pauli
2343 1240 2443 1295 Dei
2497 1241 2894 1298 amantissimi
2942 1242 3211 1315 Epistolas
3261 1241 3614 1314 scriptorum
3646 1243 3801 1299 inte-

2146 1328 2422 1400 gritatem
2454 1329 2775 1399 declarant,
2808 1331 3061 1387 maxime
3114 1348 3246 1388 vero
3297 1331 3563 1387 omnium
3597 1333 3800 1388 certis-

2070 1444 2078 1451 ~
2146 1418 2299 1473 sima
2332 1419 2617 1474 doctrina.

2219 1507 2503 1572 Quoniam
2523 1524 2656 1563 vero
2690 1506 2874 1579 aliqui
2900 1508 3103 1563 dicunt
3124 1508 3231 1564 hoc
3254 1509 3537 1581 scriptum
3558 1509 3803 1565 minime

2148 1601 2349 1651 sancto
2390 1597 2793 1667 tribuendum,
2826 1598 2927 1653 sed
2973 1597 3205 1653 cuidam
3256 1599 3671 1670 posteriorum,
3700 1615 3799 1654 ne—

2146 1701 2327 1755 cesse,
2358 1685 2517 1756 ipsos
2548 1690 2605 1741 et
2630 1685 2948 1756 desperate?
2976 1688 3293 1757 quemdam
3326 1687 3559 1757 salutis,
3594 1704 3660 1743 ac
3692 1688 3797 1743 ab-

2145 1775 2395 1829 surdum
2429 1775 2586 1829 hunc
2611 1774 2969 1845 existimare,
3000 1774 3145 1831 talia
3177 1777 3244 1830 de
3279 1777 3472 1847 seipso
3505 1776 3793 1831 mentien-

378 1871 498 1929 τοῖς
526 1864 881 1931 ἀποστόλοις,
913 1866 1003 1920 καὶ
1048 1864 1369 1920 ἐπέστελλεν
1415 1868 1499 1927 οἷς
1548 1862 1674 1919 οὐδὲ
1729 1864 2036 1939 συνεγένετό

2163 1869 2293 1931 tem,
2324 1864 2478 1934 quod
2525 1862 2804 1935 apostolis
2852 1864 3169 1919 convixerit
3194 1881 3259 1919 ac
3288 1864 3511 1921 litteras
3542 1865 3793 1936 miserit,

2163 1952 2361 1973 ---ειη
2390 1969 2688 1973 μημμ
2732 1953 2913 1973 ,ηηει
2946 1969 3130 1973 _____-
3170 1953 3401 1973 ___:__u

377 1974 515 2009 ποτε
550 1954 672 2009 κατ’
705 1953 920 2026 αὐτοὺς,
948 1951 1074 2009 οὐδὲ
1102 1952 1398 2011 ἐπέστειλε.

458 2044 537 2100 Τὸ
589 2040 647 2097 δὶ
695 2042 784 2097 καὶ
834 2041 1136 2097 πλάσασθαι
1180 2042 1514 2121 προφητείαν
1564 2044 1700 2117 πρὸς
1748 2044 1839 2097 τὸν
1900 2042 2035 2096 ἀπό-

388 2130 585 2188 στολον
614 2130 867 2202 Ἰωάννην
919 2131 970 2186 ἐν
1017 2131 1197 2206 ἐξορίᾳ
1244 2128 1391 2201 ὄντα,
1440 2132 1515 2194 ὡς
1563 2131 1812 2203 ἐπανήξει
1871 2131 2036 2187 πάλιν

389 2220 466 2283 εἰς
497 2224 595 2291 τὴν
626 2218 909 2278 Ἀσιάτιδα
954 2227 1081 2297 γῆν,
1112 2220 1203 2275 καὶ
1256 2220 1323 2275 τὰ
1377 2223 1583 2292 συνήθη
1627 2219 1846 2294 διδάξει,
1878 2226 2038 2276 τοῦτο

384 2309 758 2387 τερατολόγου
813 2307 1008 2386 ἀνδρὸς
1076 2310 1167 2365 καὶ
1223 2302 1507 2389 προφήτου
1580 2308 1734 2382 δόξαν
1798 2312 2041 2384 ἐκμανῶς

387 2399 737 2474 θηρωμένου.

454 2487 534 2543 Τὸ
583 2483 641 2541 δὲ
685 2486 777 2541 καὶ
825 2483 1006 2561 λέγειν
1059 2484 1215 2540 αὐτὸν
1276 2484 1327 2540 ἐν
1381 2484 1529 2557 αύτῷ
1582 2489 1661 2555 τῷ
1710 2490 1885 2560 καιρῷ
1944 2490 2041 2541 τοῦ

385 2574 665 2651 σωτηρίου
714 2574 922 2638 πάθους
971 2575 1022 2629 ἐν
1069 2573 1427 2632 Ἡλιουπόλει
1492 2574 1718 2631 συνόντα
1763 2574 2041 2631 Ἀπολλο-

384 2664 563 2741 φάνει,
596 2666 820 2738 θεωρεῖν
852 2663 945 2719 καὶ
996 2662 1435 2742 συμφιλοσοφεῖν
1480 2663 1604 2740 περὶ
1646 2671 1746 2733 τῆς
1803 2662 2041 2734 ἡλιακῆς

384 2752 713 2827 ἐκλείψεως,
744 2753 820 2817 ὡς
848 2753 911 2808 οὐ
936 2751 1074 2807 κατᾶ
1103 2754 1257 2831 φύσιν
1285 2750 1411 2808 οὐδὲ
1455 2754 1591 2808 κατά
1636 2753 1700 2808 τὸ
1748 2751 1869 2817 ἔθος
1921 2755 2045 2809 τότε

388 2844 765 2917 γεγενημένης
794 2861 809 2875 ο
841 2840 1018 2917 λέγειν
1046 2838 1103 2896 δὲ
1150 2841 1309 2896 αὑτὸν
1359 2840 1449 2896 καὶ
1492 2847 1737 2916 παρεῖναι
1784 2842 1875 2897 σὺν
1926 2847 2045 2904 τοῖς

391 2929 723 2993 ἀποστόλοις
762 2933 833 3004 τῇ
863 2927 1179 3007 προκομιδῇ
1203 2934 1301 2986 τοῦ
1332 2928 1594 3005 λειψάνου
1621 2935 1719 2987 τοῦ
1769 2932 1915 2996 θείου
1948 2938 2046 3001 τῆς

393 3021 547 3097 ἁγίας
598 3021 855 3076 θεοτόκου
903 3019 1115 3097 Μαρίας
1147 3039 1160 3052 ·
1207 3022 1297 3075 καὶ
1345 3021 1576 3096 χρήσεις
1620 3022 1914 3097 προφέρειν
1950 3022 2046 3077 Ἱε-

394 3112 586 3185 ροθέου
630 3114 730 3165 τοῦ
782 3107 923 3165 ἰδίου
974 3107 1306 3165 διδασκάλου
1354 3109 1414 3165 ἐκ
1460 3113 1568 3164 τῶν
1608 3108 1687 3173 εἷς
1717 3109 1883 3179 αὐτὴν
1929 3109 2046 3165 ἐπι-

390 3199 601 3278 ταφίων
631 3198 832 3275 λόγων
863 3197 1194 3263 πλάττεσθαι
1234 3196 1291 3253 δὶ
1337 3199 1427 3254 καὶ
1482 3197 1772 3261 ἐπιστολὰς
1811 3200 1897 3254 καὶ
1950 3197 2046 3254 λό-

2146 1952 2363 2024 quibus
2390 1969 2694 2024 nunquam
2727 1953 2917 2008 adfuit
2946 1969 3136 2024 neque
3167 1953 3423 2025 scripsit.

2218 2044 2394 2100 Porro
2424 2044 2597 2100 etiam
2620 2045 2962 2100 vaticinium
2987 2045 3205 2117 ﬁngere
3235 2046 3305 2100 ad
3337 2045 3626 2101 Joannem
3649 2062 3790 2117 apo-

2147 2134 2363 2189 stolum
2396 2134 2455 2188 in
2489 2133 2691 2189 exsilio
2720 2138 3075 2205 versantem,
3108 2135 3266 2206 quod
3298 2135 3509 2190 iterum
3542 2135 3602 2190 in
3622 2137 3791 2191 Asia-

2150 2239 2286 2279 nam
2330 2226 2545 2279 terram
2596 2227 2938 2295 revertetur,
2969 2228 3027 2279 et
3072 2228 3355 2279 consueta
3402 2224 3652 2292 docebit,
3688 2225 3797 2281 hoc

2149 2317 2259 2381 est,
2292 2312 2739 2384 praestigiatoris
2766 2313 3028 2369 hominis
3058 2318 3115 2368 et
3144 2313 3435 2386 prophetas
3466 2313 3800 2385 opinionem

2150 2402 2358 2457 insane
2388 2402 2674 2458 venantis.

2224 2492 2427 2560 Ipsum
2461 2494 2655 2545 autem
2689 2490 2882 2546 dicere
2904 2505 2966 2545 se
2996 2495 3111 2546 tem
3124 2506 3259 2562 pore
3282 2490 3557 2547 salutaris
3584 2491 3807 2563 passio-

2151 2579 2244 2634 nis
2277 2578 2557 2650 Heliopoli
2592 2596 2725 2634 cum
2759 2580 3163 2651 Apollophane
3206 2584 3497 2652 agentem,
3531 2580 3802 2653 specula-

2151 2671 2278 2722 tum
2313 2684 2378 2722 ac
2409 2667 3085 2739 simulphilosophatum
3119 2669 3189 2723 de
3210 2668 3385 2723 solari
3406 2668 3803 2741 eclipsi,quod

2153 2772 2270 2813 non
2302 2757 2630 2812 secundum
2652 2760 2920 2812 naturam
2943 2773 3131 2828 neque
3149 2758 3474 2812 secundum
3496 2761 3805 2813 consuetu-

2154 2845 2353 2901 dinem
2383 2848 2507 2900 tum
2562 2845 2910 2913 accidisset;
2965 2846 3157 2901 dicere
3203 2850 3397 2901 autem
3431 2862 3493 2902 se
3522 2862 3640 2902 una
3668 2862 3803 2901 cum

2154 2935 2433 3006 apostolis
2466 2936 2807 2992 interfuisse
2845 2953 2981 2992 cum
3031 2937 3293 2993 divinum
3346 2953 3558 3008 corpus
3589 2941 3804 2993 sancta

2154 3025 2412 3098 Deiparsa
2475 3025 2671 3083 Mariae
2722 3030 3067 3099 gestaretur,
3098 3043 3164 3082 ac
3212 3027 3533 3082 sententias
3581 3026 3803 3099 proprii

2158 3114 2425 3187 magistri
2456 3114 2751 3171 Hierothei
2784 3132 2852 3172 ex
2872 3116 2998 3186 ejus
3016 3116 3361 3171 funebribus
3383 3117 3454 3171 ad
3478 3116 3667 3188 ipsam
3692 3132 3809 3171 ser-

2158 3205 2436 3259 monibus
2470 3205 2748 3277 proferre,
2783 3206 3002 3277 ﬁngere
3033 3207 3211 3262 etiam
3242 3205 3523 3277 epistolas
3553 3210 3611 3262 et
3636 3207 3813 3261 verba

390 3311 520 3366 γους
555 3290 629 3351 ὡς
659 3290 797 3364 πρὸς
824 3287 951 3352 τοὺς
985 3288 1230 3362 μαθητὰς
1266 3292 1374 3343 τῶν
1419 3288 1739 3344 ἀποστόλων
1798 3287 2046 3367 ἐκφωνη-

2163 3298 2449 3364 tanquam
2493 3294 2566 3349 ab
2618 3295 3017 3366 apostolorum
3066 3294 3375 3366 discipulis
3406 3296 3813 3366 pronuntiata,

395 3381 610 3451 θέντας,
669 3377 845 3449 πόσης
900 3377 1126 3442 ἀτοπίας
1193 3378 1284 3433 καὶ
1358 3377 1773 3453 καταγνώσεως,
1823 3378 1912 3433 καὶ
1970 3384 2050 3451 τῷ

388 3467 615 3543 τυχόντι
659 3468 956 3541 ἀνθρώπῳ,
992 3468 1125 3540 μήτι
1171 3487 1234 3543 γε
1283 3464 1349 3536 δὴ
1401 3464 1555 3540 ἀνδρὶ
1584 3471 1839 3522 τοσοῦτον
1892 3467 2050 3541 ἀνηγ-

397 3557 543 3630 μένῳ
601 3558 738 3611 κατά
795 3576 854 3611 τε
907 3557 1041 3625 ἦθος
1098 3556 1188 3611 καὶ
1248 3560 1473 3632 γνῶσιν,
1504 3556 1692 3611 καὶτὸ
1744 3556 2049 3631 ὑπεραίρειν

392 3646 460 3701 τὰ
514 3645 747 3717 αἴσθητά
816 3646 1014 3714 πάντα,
1069 3645 1160 3700 καὶ
1232 3650 1349 3707 τοῖς
1412 3650 1625 3720 νοεροῖς
1700 3647 2052 3710 συνάπτεσθαι

393 3734 646 3805 κάλλεσι,
679 3734 769 3790 καὶ
796 3732 867 3789 δι’
901 3734 1077 3790 αὐτῶν
1112 3734 1186 3797 ὡς
1219 3734 1436 3809 ἐφικτὸν
1466 3738 1611 3806 Θεῷί

471 3827 850 3900 Ἐξηγητικῶν
887 3823 981 3897 μὶε
1008 3822 1099 3878 οὖν
1136 3823 1546 3897 ὑπομνημάτων
1575 3824 1649 3885 ὡς
1699 3823 1783 3879 δτι
1819 3822 2053 3897 μάλιστα

403 3909 864 3986 διεξοδικωτάτων
923 3909 1096 3967 ἐδεῖτο
1175 3912 1310 3988 πρὸς
1369 3912 1657 3986 ἑρμηνείαν
1733 3916 1831 3977 τῆς
1887 3914 2053 3967 αὐτοῦ

397 4002 778 4075 πολυμαθείας
814 4019 828 4033 ⁸
862 3999 1010 4069 πλὴν
1060 3999 1617 4077 κεφαλαιωδέστερον,
1651 4003 1726 4063 ὡς
1775 4004 1810 4071 ἡ
1860 3997 2050 4076 βίϐλος

400 4093 675 4166 ἐχώρησε,
709 4088 799 4146 διὰ
851 4088 1117 4166 σχολίων,
1170 4088 1235 4145 τὰ
1291 4090 1519 4168 φανέντα
1578 4111 1694 4165 μοι,
1722 4095 1829 4163 θεῷ
1858 4112 2051 4147 πεποι-

399 4183 529 4252 θὼς,
588 4181 951 4256 παρατέθεικα
1020 4179 1158 4236 κατά
1210 4179 1339 4244 τοὺς
1432 4181 1551 4252 έξῆς
1630 4180 2055 4257 παρακειμένους

400 4269 617 4345 λόγους,
677 4268 771 4332 οὓς
825 4269 961 4333 τέως
1023 4267 1101 4333 εἴς
1148 4270 1244 4332 τὰς
1311 4268 1447 4343 ἐμὰς
1503 4269 1679 4334 ἐλθεῖν
1742 4265 2057 4343 συμϐέϐηκε

400 4365 592 4436 χεῖρας
623 4360 665 4417 ⁸.

2159 3387 2393 3453 quantae
2408 3383 2812 3452 absurditatis,
2830 3389 2887 3438 et
2899 3384 3406 3439 condemnationis
3427 3384 3612 3439 cuivis
3634 3385 3813 3439 etiam

2160 3487 2191 3526 e
2237 3471 2403 3542 plebe
2453 3471 2699 3538 homini,
2748 3487 2819 3527 ne
2865 3472 3056 3527 dicam
3099 3473 3223 3528 viro
3270 3474 3415 3528 adeo
3462 3472 3726 3528 moribus
3755 3476 3812 3527 et

2161 3558 2407 3615 scientia
2454 3560 2697 3628 elevato,
2728 3564 2785 3614 et
2833 3566 3045 3616 cuncta
3092 3561 3331 3616 sensilia
3378 3561 3701 3632 superanti,
3746 3578 3812 3616 ac

2162 3647 2707 3720 pulchritudinibus
2740 3654 2935 3704 mente
2966 3649 3226 3721 praeditis
3267 3651 3604 3720 conjuncto,
3638 3654 3812 3721 atque

2163 3754 2265 3809 per
2292 3754 2392 3792 eas
2423 3742 2707 3809 quantum
2740 3737 2876 3793 licet
2906 3738 3058 3794 Deo!

2234 3828 2689 3883 Commentariis
2721 3828 2957 3900 quidem
3008 3827 3394 3901 amplissimis
3426 3828 3497 3883 ad
3528 3829 3811 3900 interpre-

2162 3916 2440 3972 tationem
2475 3917 2720 3988 copiosae
2760 3920 2902 3973 adeo
2949 3918 3210 3973 scientiae
3239 3935 3387 3989 opus
3418 3922 3580 3985 erat;
3614 3922 3811 3973 tamen

2162 4004 2421 4073 brevius,
2450 4009 2739 4077 quantum
2772 4023 2974 4080 margo
3014 4006 3148 4061 libri
3179 4006 3466 4079 capiebat,
3496 4007 3598 4062 Dei
3631 4008 3813 4063 fretus

2164 4094 2400 4164 auxilio,
2432 4112 2499 4150 ea
2530 4112 2658 4167 quae
2689 4095 2976 4151 mihivisa
2995 4100 3135 4151 sunt
3158 4094 3396 4151 scholiis
3424 4095 3481 4151 in
3504 4099 3816 4168 sequentes

2161 4184 2367 4250 libros,
2399 4201 2546 4255 quos
2598 4185 2670 4240 ad
2721 4199 2883 4241 meas
2932 4185 3218 4241 hactenus
3268 4185 3567 4257 pervenire
3606 4200 3818 4241 manus

2164 4273 2411 4346 contigit
2440 4273 2710 4345 apposui.

1479 4484 1562 4540 Ex
1583 4484 1815 4542 scholiis
1844 4486 2267 4557 diligentissimi
2293 4486 2582 4559 cujusdam
2608 4487 2738 4544 viri.

473 4608 667 4665 Ἰστέον
698 4607 771 4672 ὥς
823 4628 967 4672 τινες
993 4610 1100 4663 τῶν
1140 4604 1243 4677 ἔξω
1292 4604 1638 4683 φιλοσόφων,
1668 4609 1759 4663 καὶ
1822 4609 2046 4683 μάλιστα

2236 4614 2549 4670 Sciendum
2595 4612 2818 4683 aliquos
2868 4612 3245 4684 profanorum
3304 4610 3813 4683 philosophorum,

403 4697 676 4773 Πρόκλος,
711 4700 1030 4773 θεωρήμασι
1077 4694 1352 4759 πολλάκις
1407 4702 1505 4752 τοῦ
1558 4698 1825 4771 μακαρίου
1871 4709 2054 4755 Διονυ-

404 4786 525 4842 σίου
573 4786 865 4862 κέχρηται,
917 4784 1007 4840 καὶ
1062 4784 1250 4847 αὐταῖς
1300 4783 1357 4840 δὲ
1404 4786 1591 4861 ξηραῖς
1648 4794 1768 4850 ταῖς
1827 4788 2000 4859 λέξεσι
2035 4807 2047 4823 ⁶

405 4877 494 4932 οιαὶ
544 4871 687 4931 ἔστιν
736 4875 993 4931 ὑπόνοιαν
1041 4873 1100 4929 ἐκ
1143 4873 1338 4929 τούτου
1389 4872 1573 4930 λαϐεῖν
1620 4877 1694 4939 ὡς
1726 4878 1776 4930 οἱ
1808 4875 1859 4931 ἐν
1894 4880 2054 4949 Ἀθή-

404 4987 524 5028 ναις
554 4963 912 5041 παλαιότεροι
959 4967 1066 5019 τῶν
1119 4962 1461 5042 φιλοσόφων,
1494 4964 1937 5042 σφετερισάμενοι
1967 4968 2061 5030 τὰς

404 5055 571 5111 αὑτοῦ
630 5044 1032 5131 πραγματείας,
1072 5053 1147 5114 ὡς
1195 5051 1247 5107 ἐν
1294 5055 1361 5126 τῇ
1419 5054 1666 5129 παρούσῃ
1727 5055 2060 5131 ἀπομνημο-

401 5145 544 5200 νεύει
606 5138 807 5219 βίϐλῳ,
839 5142 1174 5216 ἀπέκρυψαν,
1227 5138 1319 5196 ἵνα
1376 5142 1599 5215 πατέρες
1648 5142 1799 5199 αὐτοὶ
1858 5144 2061 5223 ὀφθῶσι

404 5237 512 5290 τῶν
566 5233 723 5289 θείων
773 5230 940 5287 αὑτοῦ
1000 5231 1242 5307 Λογίωνο
1276 5232 1365 5287 καὶ
1409 5232 1525 5286 κατ’
1557 5230 1876 5305 οἷκονομίαν
1932 5237 2064 5290 Θεοῦ

403 5326 498 5378 νῦν
559 5320 793 5400 ἀνεφάνη
843 5323 878 5391 ἡ
937 5323 1185 5396 παροῦσα
1239 5320 1583 5395 πραγματεία
1636 5322 1772 5397 πρὸς
1830 5320 2063 5399 ἔλεγχον

402 5419 508 5483 τῆς
548 5410 719 5468 αὐτῶν
752 5407 1063 5482 κενοδοξίας
1094 5407 1183 5464 καὶ
1217 5406 1582 5486 ῥᾳδιουργίας,
1616 5412 1713 5466 Καὶ
1765 5410 1849 5467 ὅτι
1904 5413 2066 5484 σύνη-

2166 4707 2224 4759 et
2255 4703 2505 4758 maxime
2552 4700 2841 4771 Proclum,
2888 4717 3039 4771 saepe
3086 4717 3263 4755 usum
3314 4700 3816 4773 speculationibus

2167 4793 2321 4848 beati
2378 4791 2678 4863 Dionysii;
2728 4791 2850 4847 imo
2899 4790 3043 4860 ipsis
3092 4788 3269 4844 etiam
3322 4789 3496 4845 nudis
3552 4788 3818 4843 dictioni-

2168 4882 2329 4951 bus;
2389 4882 2544 4937 unde
2600 4896 2669 4935 ex
2726 4880 2835 4934 hoc
2894 4879 3183 4951 suspicari
3240 4878 3395 4947 licet,
3455 4877 3816 4949 antiquiores

2170 4970 2413 5026 Athenis
2439 4968 2843 5041 philosophos,
2875 4968 3054 5040 hujus
3078 4983 3255 5039 opera
3289 4967 3399 5023 sibi
3429 4966 3822 5034 vindicantes,

2172 5058 2324 5116 sicut
2373 5060 2431 5114 in
2479 5059 2751 5130 praesenti
2801 5058 2950 5114 libro
3003 5059 3299 5122 admonet,
3350 5054 3696 5123 occultasse,
3755 5059 3824 5111 ut

2172 5147 2288 5219 ipsi
2337 5147 2669 5203 divinorum
2721 5148 2849 5218 ejus
2893 5146 3174 5202 librorum
3224 5147 3489 5201 auctores
3536 5161 3601 5200 ac
3633 5148 3827 5216 patres

2173 5237 2552 5305 viderentur;
2616 5240 2672 5292 et
2720 5235 2819 5293 Dei
2870 5233 3308 5307 dispensatione
3368 5249 3528 5288 nunc
3576 5249 3833 5304 praesens

2176 5344 2324 5399 opus
2355 5327 2826 5382 demonstratum
2874 5328 2982 5388 est,
3031 5323 3102 5379 ad
3135 5322 3399 5394 ipsorum
3432 5321 3749 5377 vanitatem
3781 5325 3839 5376 et

2180 5416 2502 5488 nequitiam
2551 5412 3041 5486 redarguendam.
3096 5410 3409 5469 Familiare
3461 5414 3660 5467 autem
3690 5410 3835 5482 ipsis

1432 5539 1663 5596 VARLE
1703 5541 2090 5598 LECTIONES
2131 5542 2221 5598 ET
2259 5540 2819 5599 COBRECTIONES.

485 5662 506 5697 ’⁷
538 5658 833 5734 σύνταγμα.
870 5727 884 5734 _
909 5657 931 5693 ⁸
959 5658 1367 5734 D_i9n_y_sianum
1412 5673 1515 5712 ms.
1565 5659 1774 5734 minus
1798 5667 1940 5734 recte
1969 5675 2086 5716 meo
2107 5733 2110 5734 ν
2134 5660 2339 5734 judicio
2382 5661 2541 5732 ponit
2586 5659 2687 5716 hoc
2720 5659 2831 5715 loco
2878 5673 2942 5715 ea
2993 5672 3120 5729 quae
3147 5674 3208 5713 ιη
3238 5655 3480 5713 editions
3506 5654 3828 5713 Moreliana.

412 5725 836 5810 praecesserant,
868 5725 1056 5801 ἐπειδὴ
1086 5725 1145 5785 δέ
1173 5748 1342 5802 τινες,
1376 5744 1543 5801 quam
1570 5730 1803 5803 proinde
1832 5731 1927 5789 hic
1954 5748 2046 5804 seq

2163 5725 2465 5789 naluimus.
