4158 6370
981 412 1040 465 S.
1082 410 1355 464 MAXIMI
1391 408 1700 464 SCHOLIA
1737 409 1810 462 ΙΝ
1849 409 1986 461 LIB.
2025 409 2124 462 DE
2159 407 2484 462 C(ELESTI
2522 407 2993 462 HIEBARCHIA.

3630 393 3701 450 30

725 714 1195 888 ΤΟΥ
1332 715 2044 887 ΑΓΙΟΥ
2182 713 3272 885 ΜΑΞΙΜΟΥ

1664 986 2324 1117 ΣΧΟΛΙΑ

488 1220 692 1313 ΕΙΣ
776 1219 941 1314 TA
1022 1221 1271 1317 ΤΟΥ
1347 1220 1726 1316 ΑΓΙΟΥ
1806 1219 2492 1315 ΔΙΟΝΥΣΙΟΥ
2569 1214 3497 1315 ΑΡΕΟΠΑΓΙΤΟΥ.

1000 1428 2984 1719 SANCTI—MAXIMI

1385 1825 2584 1962 COMMENTABIA

770 2197 1200 2293 SANCTI
1271 2195 1831 2291 DIONYSII
1898 2195 2720 2290 AREOPAGIT/E
2793 2195 3198 2290 ΟΡΕΒΑ

1075 2365 1410 2448 lnlerprete
1437 2365 1621 2427 Petro
1649 2365 1972 2442 Lansselio,
2005 2365 2323 2428 Socielatts
2350 2366 2487 2426 Jesu
2511 2365 2878 2448 presbytero.

1856 2639 1970 2690 ΕΙΣ
2011 2636 2104 2692 ΤΟ

945 2781 1242 2876 ΠΕΡΙ
1307 2782 1548 2875 ΤΗΣ
1607 2779 2235 2878 ΟΥΡΑΝΙΑΣ
2305 2779 3006 2876 ΙΕΡΑΡΧΙΑΣ.

1765 3087 1844 3148 ΙΝ
1888 3086 2186 3149 LIBRUM

1143 3239 1308 3334 DE
1380 3238 1939 3334 CGELESTI
2004 3237 2804 3334 HIERARCHIA.

588 3561 952 3618 ΕΞΗΓΗΣῙΣ
992 3563 1132 3618 ΤΠΣ
1172 3562 1597 3619 ΕΗΙΓΡΑΦΗΣ.

317 3649 658 3726 Ἱεραρχίας.
713 3648 936 3720 Ἐπειδὴ
992 3654 1026 3720 ἡ
1084 3651 1357 3728 ἐπιγραφὴ
1412 3651 1695 3726 ἱεραρχίαν
1751 3646 1868 3726 ἔχει
1903 3695 1916 3720 ,

1947 3564 2004 3630 Α

2449 3565 2491 3617 Ι
2537 3561 2959 3618 EXPLICATIO
2998 3562 3258 3619 TITULI.

2101 3651 2462 3708 Hierarohiaa.
2498 3652 2983 3723 Quandoquidem
3023 3652 3330 3724 inscriptio
3361 3651 3573 3708 habeat
3600 3650 3678 3705 is-

250 3739 435 3794 καλεῖν
504 3737 700 3794 εἷ’ωθεν
780 3740 1041 3816 ἱεράρχας
1115 3739 1241 3802 τοὺς
1311 3739 1660 3803 ἐπισκόπους.
1723 3741 1916 3795 Ἰστὲον

2036 3740 2281 3815 ραρχίαν,
2343 3741 2552 3796 solitus
2610 3745 2699 3796 est
2750 3757 2951 3796 vocare
3007 3738 3266 3817 ἱεράρχας
3321 3741 3676 3814 episcopos:

251 3828 363 3900 οὖν,
417 3828 507 3883 ὅτι
569 3828 822 3904 ἱεραρχία
873 3830 967 3902 μὲν
1022 3824 1161 3885 ἔστιν
1195 3833 1229 3900 ἡ
1269 3833 1368 3894 τῆς
1420 3827 1707 3900 διατάξεως
1755 3831 1920 3896 αὐτῆς

249 3921 349 3971 τῶν
385 3919 564 3993 ἱερῶν
597 3918 746 3992 ἀρχή
777 3919 866 3972 καὶ
899 3919 1064 3973 οἱονεί
1089 3919 1424 3997 φροντίς·καὶ
1455 3920 1718 3995 ἱεράρχης
1752 3921 1779 3974 ὁ
1809 3924 1916 3974 τῶν

248 4006 407 4081 ἱερῶν
436 4007 642 4082 ἄρχων
675 4008 763 4061 καὶ
805 4007 1105 4085 φροντίζων
1154 4008 1242 4063 καὶ
1274 4013 1544 4083 προνοῶν,
1576 4007 1634 4062 οὐ
1669 4010 1776 4081 μὴν
1808 4010 1917 4063 τῶν

250 4100 350 4149 τῶν
376 4097 555 4172 ἱερῶν
599 4097 746 4170 ἀρχὴ
777 4097 865 4150 καὶ
897 4097 1059 4151 οἱονεὶ
1093 4097 1430 4171 φροντίς³καὶ
1463 4099 1730 4173 ἱεράρχης
1755 4099 1782 4152 6
1807 4102 1913 4154 τῶν

249 4185 457 4257 ἱερέων·
498 4182 652 4239 ἀλλά
683 4187 710 4239 6
739 4185 805 4239 τὰ
852 4186 972 4260 ἱερὰ
1017 4187 1106 4240 καὶ
1153 4187 1252 4256 τὴν
1302 4188 1620 4241 κατάστασιν
1651 4186 1826 4242 αὐτῶν
1858 4209 1917 4242 τι

247 4274 332 4327 καὶ
382 4282 492 4344 τῆς
545 4273 896 4345 Ἐκκλησίας,
945 4277 1033 4330 καὶ
1083 4280 1192 4331 τῶν
1245 4276 1555 4350 μυστηρίων
1594 4275 1911 4346 διατάσσων,

249 4362 307 4417 οὗ
341 4365 454 4435 μῆν
497 4364 529 4417 6
561 4364 878 4439 ἀρχιερεύς.
919 4364 1127 4433 Ταύτην
1163 4362 1220 4420 δὲ
1265 4366 1363 4434 τήν
1395 4365 1650 4442 ἐξήγησιν
1703 4365 1792 4421 καὶ
1824 4365 1915 4421 αὖ·

245 4452 332 4514 τὸς
359 4454 386 4506 ὁ
424 4452 606 4526 μέγας
638 4454 922 4516 Διονύσιος
971 4454 1120 4508 κάτω
1171 4452 1519 4527 παρατίθεται
1573 4454 1622 4509 ἐν
1673 4459 1750 4527 τῷ
1779 4455 1910 4532 Περὶ

243 4548 342 4610 τῆς
375 4540 853 4611 ἐκκλησιαστικῆς
886 4542 1169 4617 ἱεραρχίας
1202 4541 1373 4618 λόγῳ.

312 4631 370 4684 '0
399 4625 802 4705 πρεσϐύτερος.
857 4631 1194 4704 Σημείωσαι,
1246 4633 1321 4694 ὡς
1369 4631 1430 4686 τὸ
1462 4635 1483 4668 θ
1530 4636 1626 4687 τοῦ
1673 4630 1911 4708 πρεσϐυ-

240 4720 403 4794 τέρου
468 4715 652 4792 ὄνομα
722 4719 812 4774 καὶ
866 4722 958 4776 τὸν
1025 4719 1319 4775 ἐπίσκοπον
1379 4719 1563 4792 δηλοῖ’
1618 4721 1804 4792 ἐπειδὴ
1869 4727 1911 4762 ¹⁰

243 4805 619 4883 πρεσϐύτερός
671 4808 778 4864 ἐστι
828 4809 917 4864 καὶ
949 4809 1318 4872 ὸέπίσκοπος·
1351 4811 1440 4866 καὶ
1491 4815 1651 4866 τοῦτο
1705 4810 1909 4883 δηλοῦ-

241 4919 325 4952 ται
361 4900 456 4953 καὶ
494 4897 548 4952 ἐν
574 4902 693 4960 ταῖς
742 4898 968 4974 Ηράξεσι
1018 4903 1126 4954 τῶν
1184 4899 1349 4974 ἁγίων
1405 4900 1750 4971 ἀποστόλων,
1783 4898 1908 4965 ἔνθα

2029 3831 2334 3887 sciendum
2365 3831 2542 3902 igitur
2570 3834 2679 3899 est,
2704 3831 2857 3902 quod
2885 3828 3139 3906 ἷεραρχία
3167 3831 3401 3902 quidem
3428 3831 3506 3887 sit
3524 3831 3679 3903 prin-

2027 3920 2246 3992 cipium
2306 3920 2494 3992 ipsius
2553 3919 2954 3992 dispositionis
3011 3936 3332 3990 sacrorum,
3392 3924 3449 3975 et
3497 3920 3677 3976 veluti

2027 4025 2188 4077 cura,
2221 4012 2278 4064 et
2319 4007 2583 4082 ἱεράρχης
2631 4025 2933 4064 sacrorum
2967 4008 3238 4080 princeps
3269 4012 3325 4064 et
3353 4013 3591 4064 curator
3619 4013 3678 4066 et

2027 4099 2311 4170 provisor,
2343 4114 2449 4152 nec
2480 4102 2677 4152 tamen
2712 4097 3085 4153 sacerdotum
3112 4115 3124 4164 ;
3160 4097 3261 4152 sed
3294 4097 3344 4152 is
3375 4097 3476 4168 qui
3508 4114 3677 4154 sacra

2024 4192 2080 4244 et
2111 4188 2372 4260 ipsorum
2405 4187 2909 4252 constitutionem,
2942 4191 3118 4258 atque
3149 4185 3439 4255 Ecclesiae,
3462 4190 3519 4242 et
3549 4203 3675 4259 my-

2024 4276 2336 4332 steriorum
2369 4276 2648 4348 disponit,
2679 4292 2786 4333 nec
2834 4279 3030 4332 tamen
3063 4275 3672 4347 princeps-sacerdos.

2021 4370 2179 4421 Hanc
2228 4370 2424 4422 autem
2473 4365 2942 4438 explanationem
3000 4365 3176 4421 etiam
3236 4365 3361 4437 ipse
3419 4379 3672 4437 magnus

2021 4454 2332 4527 Dionysius
2376 4454 2531 4511 infra
2584 4455 2844 4528 opponit,
2891 4455 2950 4510 in
2999 4455 3146 4511 libro
3193 4455 3267 4511 De
3307 4455 3672 4511 ecclesiastica

2020 4546 2360 4602 hierarchia.

2092 4636 2139 4690 2
2173 4635 2483 4706 Presbyter.
2516 4634 2664 4689 Nota
2704 4634 3025 4705 presbyteri
3059 4650 3271 4690 nomen
3303 4633 3480 4690 etiam
3511 4634 3670 4706 epis-

2020 4741 2229 4795 copum
2255 4723 2551 4780 declarare
2575 4742 2590 4792 ;
2624 4724 3100 4795 quandoquidem
3117 4723 3421 4797 presbyter
3438 4740 3672 4795 quoque

2021 4815 2097 4870 sit
2120 4815 2429 4886 episcopus
2463 4831 2476 4869 :
2509 4812 2654 4867 illud
2690 4813 2866 4868 etiam
2900 4813 3230 4869 declaratur
3259 4813 3317 4868 in
3348 4813 3503 4868 Actis
3534 4829 3668 4868 san-

2018 4907 2244 4958 ctorum
2278 4901 2681 4974 apostolorum
2712 4902 2803 4974 (c),
2851 4903 2948 4957 ubi
2980 4907 3220 4959 sanctus
3250 4902 3464 4959 Paulus
3495 4917 3667 4975 apos-

244 4987 296 5042 ἐν
331 4987 499 5057 Ἀσίᾳ
543 5008 887 5043 συντασσεται
929 4993 1048 5050 ταῖς
1094 4987 1447 5060 Ἐκκλησίαις
1495 4990 1664 5061 αὐτῆς
1699 4992 1726 5045 6
1758 4992 1908 5067 ἅγιος
1939 4987 1967 5006 ι

2036 4991 2173 5049 olus
2205 4992 2264 5046 in
2294 4991 2431 5048 Asia
2459 4990 2753 5049 Ecclesias
2783 4993 2912 5064 ejus
2943 4992 3224 5050 instituit.

243 5074 566 5138 ἀπόστολος
600 5073 838 5138 Παῦλος.

746 5186 861 5243 ΕΙΣ
901 5189 982 5239 ΤΟ
1023 5187 1282 5242 ΚΕΦΑΛ.
1323 5186 1403 5243 A'.

314 5275 428 5346 §I.
463 5279 616 5329 Πᾶσα
664 5272 811 5336 δόσις
866 5274 1069 5350 ἀγαθή.
1141 5274 1456 5347 Σημείωσαι
1505 5275 1588 5331 ὅτι
1637 5277 1903 5353 κέχρηται

243 5362 270 5415 6
306 5365 583 5436 μακάριος
629 5361 909 5426 Διονύσιος
965 5367 1034 5438 τῇ
1085 5367 1182 5419 τοῦ
1235 5365 1388 5442 ἁγίου
1435 5361 1693 5423 Ἰακώϐου
1740 5381 1902 5432 καθο-

312 5517 388 5586 (σ)
421 5518 545 5572 Act.
572 5533 667 5573 xx.

2088 5281 2116 5354 ξ
2148 5281 2189 5336 Ι.
2225 5281 2395 5337 Omne
2425 5281 2612 5337 datum
2643 5191 3031 5338 ὺξῗιιῗιῇἰέοῗο
3062 5281 3297 5338 beatum
3316 5283 3664 5354 Dionysium

2014 5387 2188 5428 usum
2223 5372 2404 5427 fuisse
2434 5371 2693 5443 Epistola
2722 5371 3009 5428 catholica
3058 5372 3245 5428 sancti
3275 5373 3475 5430 Jacobi
3507 5372 3664 5448 (inde

1269 5615 1501 5676 VARIB
1535 5618 1923 5681 LEGTIONES
1960 5623 2050 5680 ET
2089 5618 2639 5680 CORRECTIONES.

316 5703 340 5738 ⁹
373 5697 454 5770 δὲ,
487 5703 570 5758 ὅτι
601 5704 686 5760 τό.
769 5704 812 5742 ¹⁸
841 5703 914 5766 ὡς
947 5701 1052 5758 ὅτι.
