4158 6370
415 368 483 424 31
1249 371 1612 425 APPENDIX
1642 371 1746 424 AD
1780 368 2029 425 OPERA
2062 371 2122 424 S.
2161 370 2476 427 DIONYSII
2514 373 3021 430 AREOPAGITE.
3770 366 3844 422 32

412 492 572 551 enim
646 491 762 549 ista
831 491 1171 564 scriptura),
1249 495 1499 564 tumque
1575 491 1792 547 editam
1872 490 2071 547 fuisse.

2213 494 2321 565 ιικῇ
2376 490 2662 567 ἐπιστολῇ·
2723 491 2923 557 ἐκεῖθεν
2972 494 3074 571 γάρ
3123 493 3232 547 ἐστι
3279 493 3340 547 τὸ
3392 490 3578 569 ῥητόν·
3617 491 3706 545 καὶ
3762 490 3847 544 ὅτι

488 672 711 727 Etenim
740 687 809 727 ex
840 673 976 743 ipso.
1014 672 1144 727 Haec
1190 671 1261 726 de
1310 669 1478 740 Filio,
1508 673 1791 742 tanquam
1822 673 1958 734 Deo,
1989 667 2078 724 lo-

421 760 640 833 quitur.

492 851 519 917 §
552 849 618 904 II.
651 850 691 903 A
721 850 985 905 Patribus
1019 848 1270 904 traditas.
1306 851 1501 903 Patres
1529 847 1624 903 hic
1656 846 1950 919 signiﬁcat
1980 863 2078 903 eos

424 939 525 1010 qui
556 938 670 1010 ipsi
702 938 1031 993 doctrinam
1086 938 1478 1003 tradiderunt,
1530 954 1644 992 non
1674 954 1807 992 vero
1838 940 2076 991 natura-

418 1025 545 1094 les;
578 1044 647 1081 ex
672 1026 989 1096 gentilibus
1031 1026 1185 1083 enim
1219 1030 1343 1081 erat
1371 1045 1382 1081 :
1417 1026 1571 1081 sicut
1618 1025 1913 1080 declarant
1942 1027 2078 1080 Acta

420 1120 761 1172 sanctorum
794 1115 1215 1187 apostolorum,
1271 1119 1447 1187 atque
1478 1116 1605 1186 ipse
1634 1114 1696 1169 in
1727 1114 1973 1186 epistola
2003 1116 2074 1169 ad

419 1209 694 1260 sanctum
745 1206 1148 1278 Polycarpum,
1202 1205 1347 1261 etin
1399 1204 1588 1276 capite
1630 1220 1785 1259 nono
1840 1203 2077 1258 Ccrlestz's

418 1294 776 1351 hierarchiaz.

490 1401 814 1473 Symbolice.
847 1402 1043 1471 Neque
1091 1401 1247 1457 enim
1290 1416 1559 1456 sermone
1590 1398 1935 1455 naturaliter
1978 1415 2073 1454 ac-

417 1496 584 1563 cepto
611 1491 788 1558 dicit;
828 1492 929 1546 sed
964 1508 1065 1562 per
1093 1489 1263 1562 signa
1305 1489 1573 1561 quaedam
1606 1493 1663 1544 et
1693 1488 2001 1560 imagines.

489 1596 776 1665 Nautium,
826 1597 921 1651 Gr.
972 1598 1135 1650 νοῶν.
1172 1594 1312 1655 Νόας
1362 1600 1572 1651 vocant
1602 1596 1776 1650 etiam
1827 1593 2075 1667 gentiles

420 1685 780 1757 philosophi,
833 1684 1248 1756 intelligentes,
1300 1700 1401 1739 seu
1445 1683 1738 1755 angelicas
1785 1684 2073 1751 virtutes;

2189 578 2467 636 ἐκδοθεῖσα
2497 583 2563 651 ἧν
2596 580 2729 652 ἤδη.

2258 671 2357 725 Καὶ
2411 672 2512 747 γὰρ
2568 674 2619 743 ἑξ
2693 672 2875 730 αὐτοῦ.
2933 676 3110 727 Ταῦτα
3177 672 3300 745 περὶ
3373 674 3470 725 τοῦ
3536 671 3664 725 Υἱοῦ
3725 670 3846 723 Θεο-

2188 758 2361 835 λογεῖ.

2257 851 2383 918 §II.
2462 847 2979 926 Πατροπαραὸότου.
3053 847 3297 924 Πατέρας
3373 847 3597 903 ἐνταῦθα
3672 843 3847 916 δηλοῖ

2188 940 2229 974 ¹¹
2264 939 2391 1001 τοὺς
2416 937 2755 1015 παραδόντας
2789 939 2934 1011 αὐτῷ
2963 940 3024 994 τὸ
3056 937 3255 1014 δόγμα,
3306 937 3367 993 οὐ
3398 939 3506 1010 μὴν
3538 935 3663 998 τοὺς
3688 957 3845 1012 φυσιν

2186 1027 2336 1088 κούς·
2371 1028 2422 1098 ἐξ
2472 1028 2755 1099 Ἑλλήνων
2809 1029 2913 1104 γὰρ
2952 1030 3038 1098 ἦν,
3091 1029 3166 1092 ὡς
3197 1026 3456 1097 δηλοῦσιν
3509 1027 3562 1080 αἱ
3612 1025 3839 1100 Πράξεις

2184 1120 2293 1170 τῶν
2324 1118 2495 1190 ἁγίων
2539 1117 2882 1183 ἀποστόλων,
2914 1118 3002 1172 καὶ
3051 1116 3211 1178 αὐτὸς
3264 1118 3448 1189 μέντοι
3496 1114 3548 1168 ἐν
3592 1117 3660 1187 τῇ
3704 1112 3844 1188 πρὸς

2184 1205 2274 1258 τὸν
2334 1206 2486 1279 ἅγιον
2541 1206 2904 1281 ΙΙολύκαρπον
2957 1203 3243 1279 ἐπιστολῇ,
3302 1206 3393 1259 καὶ
3438 1203 3492 1257 ἐν
3543 1206 3621 1276 τῷ
3669 1203 3710 1256 θ’
3749 1222 3841 1256 κε-

2186 1293 2405 1371 φαλαίῳ
2432 1300 2510 1365 τῷ
2533 1295 2661 1370 Περὶ
2689 1298 2788 1365 τῆς
2821 1294 3075 1371 οὐρανίου
3107 1292 3415 1368 ίεραρχίας.

2260 1397 2647 1473 Συμϐολικῶς.
2682 1402 2760 1458 Οὐ
2789 1402 2889 1477 γὰρ
2922 1400 3324 1479 φυσιολογικῶς
3357 1421 3541 1474 φησιν,
3573 1397 3721 1454 ἀλλὰ
3751 1395 3843 1452 διὰ

2186 1485 2479 1563 συμϐόλων
2511 1496 2673 1544 τινῶν
2705 1491 2794 1545 καὶ
2824 1491 3069 1546 εἰκόνων.

2258 1599 2345 1669 [α’]
2385 1602 2565 1653 Νοῶν.
2602 1599 2748 1660 Νόας
2796 1595 3025 1652 καλοῦσι
3075 1598 3165 1652 καὶ
3217 1598 3269 1651 οἳ
3316 1598 3441 1671 παρ’
3478 1593 3717 1665 Ἕλλησι
3750 1616 3837 1672 φι-

2185 1684 2413 1762 λόσοφοι
2442 1688 2537 1748 τὰς
2568 1688 2778 1762 νοερᾶς,
2810 1683 2934 1756 ⁴ἤτοι
2984 1684 3279 1762 ἀγγελικᾶς
3336 1683 3610 1759 δυνάμεις·
3652 1680 3842 1752 ἐπειδὴ

421 1774 901 1846 quandoquidem
953 1773 1193 1829 omnino
1239 1773 1653 1843 unusquisque
1700 1772 1965 1844 ipsorum
1995 1772 2074 1827 sit

2216 1775 2244 1829 ὸ
2292 1781 2394 1830 πᾶν
2443 1780 2566 1837 νοῦς
2616 1775 2755 1830 ἐστιν
2826 1772 3050 1837 ἕκαστος
3098 1775 3298 1841 αὐτῶν,
3352 1774 3442 1828 καὶ
3491 1775 3589 1842 τήν
3656 1771 3841 1827 οὐσίαν

421 1878 617 1931 mens;
645 1866 700 1918 et
722 1863 1057 1917 universam
1080 1860 1473 1916 substantiam
1495 1864 1749 1916 mentem
1767 1860 2080 1927 viventem,

2213 1864 2394 1919 ίπασαν
2443 1868 2566 1919 νοῦν
2624 1870 2799 1934 ζῶντα
2847 1864 2921 1926 εἷς
2958 1864 3019 1918 τὸ
3051 1862 3192 1925 εἶδος
3221 1864 3283 1917 τὸ
3334 1864 3533 1917 ἑαυτῶν
3563 1861 3845 1934 οὐσιωμέ-

422 1951 480 2006 in
501 1952 757 2023 speciem
783 1968 952 2006 suam
974 1949 1430 2006 substantialem
1463 1950 1705 2017 habeat;
1738 1949 1856 2009 νόες
1885 1954 2079 2004 autem

423 2046 706 2097 vocantur
737 2044 975 2111 propter
1010 2039 1316 2096 meliorem
1350 2038 1759 2094 declinationis
1792 2040 1955 2095 facta
1987 2056 2081 2095 so-

425 2146 593 2201 num,
623 2130 1098 2201 quandoquidem
1151 2129 1457 2200 oportebat
1503 2146 1536 2183 a
1584 2128 1837 2184 dictione
1881 2128 2081 2194 ὁνοῦς,

422 2220 520 2271 τοῦ
536 2221 631 2272 νοῦ
650 2218 876 2291 plurale
899 2238 922 2279 ς
939 2219 991 2270 οἱ
1022 2222 1109 2271 νοῖ
1128 2235 1295 2285 esse;
1330 2218 1429 2273 sed
1455 2222 1689 2289 propter
1709 2218 2082 2290 euphoniam,

427 2323 497 2363 ex
526 2307 639 2363 alio
698 2312 854 2363 recto
904 2307 1212 2380 singulari,
1260 2307 1479 2362 factum
1538 2311 1630 2361 est
1671 2306 1723 2358 oi
1770 2306 1907 2368 νόες.
1955 2307 2086 2361 Haec

429 2398 587 2453 enim
640 2398 1005 2453 consuetudo
1052 2397 1260 2453 Atticis
1309 2397 1411 2468 qui
1461 2396 1665 2452 dicunt
1705 2395 2087 2473 Ἀριστοφάναι

432 2490 489 2542 et
521 2484 811 2561 Σωκράται
862 2504 963 2559 ρΓο
1016 2486 1069 2539 οἱ
1101 2483 1508 2561 Ἀριστοφάνεις
1559 2490 1615 2540 et
1662 2484 1717 2537 οἱ
1756 2485 2084 2559 Σωκράτεις.

432 2576 582 2632 Sunt
636 2593 768 2631 vero
825 2576 1001 2631 etiam
1054 2577 1155 2647 qui
1205 2577 1404 2631 dicant
1457 2575 1507 2627 ot
1556 2573 1673 2627 νόοι
1724 2579 2005 2647 tanquam
2056 2592 2090 2629 θ.

430 2664 574 2732 νόος,
606 2668 703 2719 τοῦ
734 2664 861 2719 νόου
889 2683 900 2734 ;
944 2671 1111 2721 vocat
1143 2670 1338 2721 autem
1390 2664 1567 2721 etiam
1600 2664 1901 2735 Scriptura
1928 2664 2088 2735 ipsas

429 2756 538 2812 hoc
571 2756 830 2826 nomine,
881 2756 1036 2811 sicut
1066 2756 1124 2811 in
1158 2755 1329 2822 Isaia,
1385 2770 1543 2808 mens
1588 2770 1794 2822 magna
1832 2755 2089 2825 princeps

429 2846 753 2917 Babylonis,
786 2845 897 2900 hoc
925 2852 1014 2900 est
1046 2844 1338 2900 diabolus.
1379 2844 1716 2898 Secundum
1749 2847 1917 2899 Iones
1979 2842 2086 2911 igi-

431 2938 550 3001 tur,
579 2936 728 2999 νοῦς,
756 2931 901 3002 νοὸς,
955 2931 1089 3001 νόες,
1141 2933 1296 2988 sicut
1343 2933 1536 3005 χροῦς,
1591 2930 1782 3005 χροὸς,
1817 2931 1867 2984 oi
1900 2928 2089 3005 χρὸες,

440 3022 633 3076 lonica
662 3022 819 3076 enim
847 3021 1181 3077 declinatio.

502 3111 1091 3182 Superprz'ncipz’alem,
1150 3111 1248 3165 Gr.
1303 3109 1662 3183 ὑπεράρχιον.
1722 3108 2086 3184 ’Υπεράρχιος

2190 1975 2278 2008 νον
2322 1948 2458 2028 ἔχει·
2509 1975 2626 2015 νοες
2674 1952 2965 2009 καλοῦνται
3012 1954 3149 2025 πρὸς
3193 1953 3255 2007 τὸ
3320 1950 3684 2029 εὐφωνότερον
3738 1957 3843 2018 τῆς

2191 2041 2423 2106 κλίσεως
2475 2041 2793 2117 γενομένης·
2852 2038 3039 2109 ἐπειδὴ
3100 2042 3269 2116 ἐχρῆν
3323 2040 3429 2094 ἀπὸ
3472 2043 3569 2093 τοῦ
3619 2040 3647 2093 ὁ
3699 2043 3859 2111 νοῦς,

2191 2136 2286 2185 τοῦ
2314 2135 2431 2201 νοῦ,
2469 2132 2532 2185 τὸ
2579 2130 2946 2201 πληθυντικὸν
2989 2131 3041 2185 οἱ
3090 2134 3181 2184 νοΐ
3229 2131 3384 2184 εἶναι·
3436 2126 3585 2183 ἀλλὰ
3626 2125 3716 2183 διὰ
3744 2128 3847 2195 τὴν

2194 2220 2459 2298 εὐφωνίαν
2509 2219 2560 2291 ἐξ
2610 2219 2789 2291 ἄλλης
2839 2219 3043 2284 εὐθείας
3090 2220 3275 2289 ἒνικῆς
3323 2219 3542 2294 γέγονεν
3604 2218 3657 2271 οἱ
3711 2218 3853 2279 νόες·

2194 2305 2314 2373 ἔθος
2368 2312 2467 2385 γὰρ
2523 2313 2688 2365 τοῦτο
2747 2310 3037 2377 Ἀττικοῖς,
3095 2306 3147 2362 ο’ί
3200 2329 3359 2386 φασιν
3391 2350 3404 2376 ,
3466 2307 3849 2384 Ἀριστοφάναι

2193 2398 2283 2453 καὶ
2344 2398 2649 2471 Σωκράται,
2707 2398 2821 2452 ἀντὶ
2900 2402 2995 2452 τοῦ
3067 2398 3119 2452 οἱ
3177 2397 3590 2473 Ἀριστοφόίνεις
3648 2396 3736 2450 καὶ
3797 2396 3853 2449 οἱ

2198 2489 2528 2563 Σωκράτας.
2580 2486 2696 2541 Εἷ¹σὶ
2745 2484 2801 2541 δὲ
2862 2487 2952 2541 καὶ
3003 2486 3251 2562 λέγοντες
3301 2486 3352 2540 οἱ
3411 2484 3551 2555 νόοι,
3610 2486 3683 2546 ὡς
3742 2485 3850 2538 ἀπὸ

2194 2580 2291 2631 τοῦ
2352 2578 2379 2630 ὁ
2430 2576 2576 2647 νόος,
2632 2579 2728 2629 τοῦ
2801 2576 2949 2629 νόου·
3011 2574 3171 2629 καλεῖ
3245 2571 3302 2628 δὲ
3378 2572 3572 2635 αὐτοὺς
3649 2574 3738 2627 καὶ
3810 2574 3846 2642 ἡ

2195 2664 2380 2741 Γραφή
2425 2668 2504 2735 τῷ
2549 2664 2775 2735 ὀνόματι
2824 2661 3022 2733 τούτῳ,
3055 2661 3128 2723 ὠς
3162 2660 3212 2716 ἐν
3246 2659 3455 2731 Ἠσαίᾳ·
3490 2663 3633 2721 Νοῦς
3677 2658 3849 2733 μὲγας

2198 2754 2226 2806 ὁ
2273 2750 2459 2827 ἄρχων
2514 2746 2861 2821 Βαϐυλῶνος,
2913 2751 3063 2804 τοῦτ’
3117 2746 3256 2804 ἔστιν
3308 2750 3335 2803 ὁ
3388 2744 3668 2811 διάϐολος·
3712 2748 3854 2803 κατὰ

2198 2844 2393 2904 Ἴωνας
2431 2841 2612 2894 τοίνυν
2657 2844 2805 2907 νοῦς,
2856 2839 3006 2907 νοὸς,
3039 2839 3181 2911 νόες,
3213 2839 3288 2900 ὡς
3333 2841 3523 2914 χροῦς,
3570 2837 3742 2913 χροὸς
3799 2838 3854 2891 οἱ

2200 2932 2386 3006 χρόες·
2419 2930 2635 2998 Ἰωνική
2667 2929 2769 3004 γὰρ
2801 2930 2835 2997 ἡ
2867 2927 3069 2990 κλίσις.

2270 3108 2649 3185 Ὑπεράρχιον.
2695 3107 3056 3183 ’Υπεράρχιος
3103 3107 3130 3160 ὁ
3180 3105 3331 3177 Θεὸς,
3364 3102 3440 3166 ὠς
3487 3103 3618 3178 ὑπὲρ
3674 3108 3848 3158 πᾶσαν

428 3200 584 3256 Deus
613 3204 702 3255 est
731 3200 909 3255 veluti
942 3216 1123 3272 supra
1168 3216 1340 3255 omne
1388 3199 1769 3271 principium,
1803 3203 1860 3255 et
1888 3199 2082 3256 lumen

2213 3200 2380 3275 ὶρχὴν
2412 3198 2502 3253 καὶ
2532 3197 2821 3274 θεαρχικὸν
2871 3200 3005 3275 φῶς,
3052 3195 3125 3256 ὡς
3173 3194 3325 3297 ἀρχη
3372 3197 3480 3248 τῶν
3534 3190 3850 3268 λεγομὲνων

426 3289 582 3360 quod
616 3306 649 3344 a
696 3290 806 3343 Deo
852 3288 1208 3361 principium
1261 3289 1478 3357 habet;
1531 3293 1815 3361 tanquam
1868 3290 2085 3361 princi-

423 3378 589 3451 pium
621 3392 822 3433 eorum
856 3378 957 3449 qui
986 3377 1264 3432 dicuntur
1291 3379 1395 3444 dii,
1419 3378 1789 3450 angelorum,
1815 3378 2082 3449 inquam,

430 3472 489 3523 et
510 3468 810 3538 justorum
842 3466 1174 3523 hominum.

498 3558 827 3626 Intimitate,
875 3556 973 3612 Gr.
1025 3551 1335 3624 ἐνδότητος.
1380 3551 1679 3625 Ἐνδότητα
1727 3556 1869 3611 dicit
1898 3555 2088 3612 occul-

426 3645 710 3701 tationem
738 3664 752 3712 ;
786 3645 1025 3716 ignotus
1056 3644 1212 3701 enim
1244 3650 1335 3701 est
1355 3646 1631 3701 omnibus
1663 3645 1758 3714 iis,
1791 3645 1893 3717 qui
1924 3649 2088 3701 extra

429 3732 631 3805 ipsum
663 3739 825 3789 sunt.

501 3822 1097 3893 Contemperationem.
1177 3822 1321 3877 Nota
1394 3824 1970 3892 contemperalioncm,
2030 3826 2086 3877 et

426 3926 609 3982 quare
635 3910 932 3976 divinitas,
967 3928 1101 3966 cum
1136 3927 1251 3967 una
1280 3912 1380 3979 sit,
1414 3910 1856 3982 multiplicetur.

501 4017 547 4071 3
607 4018 1115 4087 Operimentorum,
1166 4018 1263 4073 Gr.
1326 4017 1853 4090 παραπετασμάτων.
1902 4022 2086 4092 Παρα-

427 4105 747 4178 πετάσματα
800 4123 901 4161 seu
947 4105 1075 4161 vela
1123 4107 1267 4161 dicit
1317 4123 1384 4162 ea
1431 4123 1556 4179 quae
1590 4108 1763 4162 modo
1812 4125 2087 4181 corporeo

432 4195 712 4250 dicuntur
742 4196 813 4250 de
848 4200 956 4251 Deo
991 4196 1047 4250 in
1102 4196 1441 4268 Scripturis,
1473 4196 1652 4253 veluti
1686 4198 2087 4253 membrorum

432 4284 855 4351 humanorum,
889 4289 945 4339 et
972 4285 1257 4341 virtutum
1280 4285 1609 4356 aliquarum
1644 4286 2086 4358 appellationes.

429 4377 580 4429 Nota
609 4378 827 4439 autem,
862 4374 1015 4443 quod
1048 4376 1174 4429 sine
1207 4374 1408 4445 ﬁguris
1440 4375 1784 4447 [aliquibus]
1815 4380 1871 4430 et
1903 4375 2089 4449 signis

432 4463 556 4518 fieri
592 4467 844 4535 nequeat
892 4480 997 4518 nos
1031 4464 1089 4517 in
1139 4480 1311 4519 carne
1343 4464 1691 4519 exsistentes
1742 4466 1956 4521 intueri
1998 4484 2089 4522 res

429 4552 688 4608 materiae
719 4557 778 4606 et
808 4553 1069 4624 corporis
1113 4557 1400 4625 expertes.
1432 4556 1614 4625 Atque
1646 4554 1754 4610 hoc
1786 4556 1975 4628 magis
2006 4556 2090 4612 si-

428 4639 791 4715 gnificabant
822 4640 944 4697 vela
994 4657 1125 4712 quae
1171 4646 1339 4697 erant
1390 4641 1449 4695 in
1494 4642 1892 4712 tabernaculo,
1938 4646 2091 4700 sicut

430 4729 525 4785 hic
557 4729 847 4786 insinuat.

507 4820 988 4885 Connaturaliter,
1020 4819 1117 4875 Gr.
1165 4822 1423 4895 συμφυῶς
1470 4836 1573 4891 pro
1604 4819 1883 4897 ὁμοφυῶς,
1919 4822 2087 4894 Ejus.

435 4907 567 4963 dem
602 4914 843 4977 naturae,
878 4909 1051 4963 modo
1083 4909 1251 4965 nobis
1283 4909 1468 4979 affini,
1500 4926 1565 4965 ac
1596 4914 1754 4967 noto.

506 5015 535 5088 §
562 5016 658 5071 Ill.
692 5017 919 5072 Rituum
944 5032 1165 5088 praeses.
1199 5014 1408 5085 Τελετή
1435 5034 1537 5073 seu
1558 5019 2087 5089 mysterium,ritus,

435 5104 652 5160 dicitur
685 5107 1009 5161 secundum
1043 5105 1293 5179 gentiles
1323 5105 1728 5178 philosophos,
1761 5110 2090 5166 communi-

434 5193 586 5250 catio
620 5196 1030 5266 mysteriorum
1064 5200 1345 5268 tanquam
1372 5196 1682 5267 perficiens
1705 5213 1838 5252 eum
1861 5198 1958 5269 qui
1980 5198 2092 5254 ini-

2120 4605 2169 4668 Ι)

2203 3293 2360 3359 θεῶν,
2394 3286 2640 3365 ἀγγέλων
2674 3286 2819 3365 φημῖ
2845 3286 2934 3340 καὶ
2968 3284 3263 3360 ἀνθρώπων
3299 3280 3546 3338 δικαίων.

2416 3552 2761 3625 Ἐνδότητος.
2814 3549 3114 3622 Ἔνδότητά
3161 3571 3293 3629 φησι
3340 3551 3440 3619 τὴν
3490 3547 3846 3628 κρυφιότητα.

2194 3652 2326 3702 πᾶσι
2358 3647 2462 3722 γὰρ
2493 3650 2609 3706 τοῖς
2640 3642 2741 3714 ἔξω
2773 3642 2939 3711 αὐτῆς
2970 3638 3243 3716 ἄγνωστός
3276 3639 3409 3695 ἔστι.

2268 3825 2380 3899 [γ¹,]
2414 3821 2737 3897 Σύγκρασιν.
2773 3818 3091 3891 Σημείωσαι
3136 3819 3235 3886 τὴν
3287 3815 3599 3891 σύγκρασιν·
3632 3815 3721 3871 καὶ
3762 3812 3853 3870 διὰ

2194 3912 2246 3967 τί
2275 3913 2337 3966 τὸ
2368 3915 2519 3966 Θεῖον
2551 3909 2607 3964 ’ὲν
2641 3907 2698 3963 ὃν
2731 3906 3084 3978 πληθύνεται.

2267 4017 2806 4091 Ηαραπετασμάτων.
2889 4010 3359 4086 Ηαραπετάσματά
3427 4031 3557 4087 φησι
3610 4009 3678 4065 τὰ
3735 4030 3847 4065 σω-

2202 4111 2442 4184 ματικῶς
2494 4106 2618 4182 περὶ
2670 4108 2802 4160 Θεοῦ
2850 4102 3120 4180 λεγόμενα
3169 4101 3221 4156 ἐν
3265 4105 3383 4162 ταῖς
3432 4104 3694 4178 Γραφαῖς,
3736 4102 3853 4155 οἷον

2202 4196 2382 4272 μελῶν
2437 4192 2835 4270 ἀνθρωπίνων,
2885 4191 2920 4260 ἢ
2976 4188 3258 4263 δυνάμεών
3313 4209 3473 4244 τινων
3535 4189 3852 4262 ὀνομασίας.

2200 4285 2519 4359 Σημείωσαι
2554 4280 2632 4349 δὲ,
2682 4280 2767 4336 ὅτι
2814 4278 2945 4355 δίχα
2972 4278 3156 4334 τύπων
3190 4281 3400 4352 [τινῶν]
3431 4277 3521 4332 καὶ
3554 4273 3850 4351 συμϐόλων

2199 4377 2260 4432 οὐ
2294 4373 2516 4430 δυνατὸν
2546 4376 2695 4445 ἡμᾶς
2739 4371 2791 4426 ἐν
2822 4372 2976 4445 σαρκὶ
3030 4364 3188 4431 ὄντας
3231 4372 3590 4423 κατοπτεῦσαι
3621 4368 3687 4423 τὰ
3715 4365 3856 4423 ἄϋλα

2197 4465 2286 4520 καὶ
2334 4464 2614 4536 ἀσώματα·
2671 4462 2758 4515 καὶ
2817 4463 2977 4514 τοῦτο
3041 4456 3255 4531 μᾶλλον
3310 4454 3515 4527 ἐδήλου
3570 4458 3639 4512 τὰ
3684 4457 3733 4511 ἐν
3783 4460 3852 4532 τῇ

2199 4557 2372 4627 σκηνῇ
2406 4550 2889 4629 παραπετάσματα,
2922 4547 2997 4611 ὡς
3023 4546 3247 4602 ἐνταῦθα
3277 4546 3591 4603 αἰνίττεται.

2405 4823 2698 4899 Συμφυῶς.
2729 4816 2875 4875 Ἀντὶ
2905 4818 3001 4871 τοῦ
3041 4812 3327 4889 ὀμοφυῶς,
3354 4816 3639 4888 συγγενῶς.

2272 5018 2422 5089 §III.
2480 5018 2543 5073 Ἡ
2599 5013 2949 5090 τελετάρχις.
2999 5010 3205 5078 Τελετή
3268 5006 3479 5084 λέγεται
3539 5006 3674 5063 κατὰ
3727 5008 3857 5073 τοὺς

2198 5112 2307 5162 τῶν
2360 5102 2650 5176 Ἑλλήνων
2703 5102 3043 5180 φιλοσόφους
3092 5100 3127 5168 ἠ
3181 5094 3469 5172 μετάδοσις
3504 5101 3609 5152 τῶν
3647 5120 3856 5171 μυστη·

2203 5194 2358 5273 ρίων,
2410 5196 2501 5249 ἅτε
2543 5191 2824 5248 τελειοῦσα
2865 5190 2955 5245 τὸν
3010 5186 3335 5262 μυούμενον,
3389 5186 3479 5240 καὶ
3525 5185 3850 5259 τελειωτική

438 5283 645 5349 tiatur,
669 5288 726 5337 et
756 5286 1068 5354 perfectiva
1110 5285 1401 5341 exsistens
1452 5302 1655 5340 eorum
1705 5286 1805 5356 qui
1859 5288 1930 5341 ad
1960 5288 2082 5344 talia

2213 5283 2549 5360 τυγχάνουσα
2594 5286 2702 5336 τῶν
2752 5278 3090 5357 προσιόντων
3137 5281 3256 5337 τοῖς
3307 5274 3611 5339 τοιούτοις.
3661 5276 3854 5333 Τελετ-

436 5372 897 5443 accedunt.Ergo
930 5374 1148 5429 rituum
1174 5392 1389 5447 praeses
1406 5391 1709 5430 sacrorum
1732 5377 2095 5446 constitutio,

435 5466 525 5517 est
574 5460 771 5517 divina
829 5478 1129 5518 sacrorum
1207 5464 1623 5536 mysteriorum
1696 5464 2098 5536 dispositionis

2209 5376 2369 5449 ἀρχις
2424 5370 2516 5426 οῦν
2573 5369 2840 5445 ἱεροθεσία
2897 5371 2947 5438 ἡ
2985 5366 3102 5431 θεία
3152 5371 3251 5435 τῆς
3295 5369 3401 5419 τῶν
3448 5366 3608 5442 ἱερῶν
3646 5387 3858 5438 μυστη-

2210 5463 2340 5538 ρίων
2387 5464 2548 5535 ἡμῶν
2597 5457 3014 5532 διακοσμήσεως
3056 5454 3197 5517 θέσις
3240 5455 3328 5510 καὶ
3361 5454 3674 5532 παράθεσις,
3705 5456 3855 5531 ἀρχὴ

1448 5590 1689 5647 VARI/E
1728 5591 2115 5653 LECTIONES
2154 5594 2245 5651 ET
2283 5587 2834 5657 COBRECTIONES.

506 5686 550 5723 ¹¹
583 5682 753 5760 λέγει.
