4158 6370
217 385 285 439 33
930 386 988 439 S.
1028 385 1299 438 ΜΔΧῙΜῙ
1337 380 1645 437 SCHOLIA
1680 379 1754 433 IN
1794 378 1870 431 L17

1997 376 2066 428 )E
2103 375 2423 431 CELESTI
2461 378 2933 434 HIERARCHIA.
3570 380 3642 436 34

217 506 489 583 γενομένη
522 506 586 562 ἐκ
629 510 766 563 Θεοῦ
814 504 903 561 διὰ
947 510 1054 561 τῶν
1097 503 1420 561 ἀποστόλων
1448 509 1555 560 τῶν
1587 501 1870 557 τελειωτι-

1997 499 2198 570 positio
2243 504 2300 555 et
2348 502 2714 572 compositio,
2746 503 3106 576 principium
3156 509 3361 560 natum
3410 521 3478 561 ex
3520 506 3641 562 Deo

193 620 225 653 κ
251 602 324 652 ῶν
355 596 566 652 τούτων
619 597 853 670 ἀγαθῶν·
886 595 1012 659 τοὺς
1059 597 1160 672 γὰρ
1211 593 1594 669 μεμυημένους
1630 591 1874 652 τελείους

214 685 378 741 καλεῖ
422 687 451 739 6
499 686 647 747 θεῖος
698 682 1003 748 ἀπόστολος
1054 683 1268 746 Παῦλος
1317 681 1519 757 λέγων·
1565 682 1723 739 "anL
1781 677 1871 733 οὖν

216 772 443 844 τέλειοι,
473 778 639 829 τοῦτο
672 778 981 851 φρονῶμεν.

284 950 707 1028 Ὑπερκοσμίου.
763 952 838 1009 Τὸ
899 948 957 1006 δὲ
1015 950 1383 1026 ὑπερκοσμίου
1442 950 1544 1004 οὐκ
1601 947 1873 1017 αἰσθητῶς

214 1039 465 1110 νοητὲον,
514 1038 661 1095 ἀλλὰ
704 1042 917 1110 νοητῶς
966 1038 1053 1095 καὶ
1105 1039 1239 1115 ὑπὲρ
1287 1040 1378 1094 τὸν
1428 1040 1547 1102 καθ’
1600 1039 1747 1109 ἡμᾶς
1775 1034 1873 1090 κό-

217 1150 377 1202 σμον.
422 1126 742 1201 Σημεῖωσαι
789 1126 866 1203 δὲ,
898 1127 1018 1183 τίνα
1067 1126 1211 1206 λέγει
1263 1128 1329 1184 τὰ
1360 1129 1622 1203 σχήματα
1659 1126 1748 1181 καὶ
1779 1126 1873 1187 τὰς

218 1219 572 1295 μορφωτικάς
605 1216 896 1289 συνθέσεις,
945 1215 1117 1294 ἤγουν
1174 1217 1541 1291 εἰκονίσματα,
1574 1217 1708 1290 ἅπερ
1750 1214 1871 1285 ἑξῆς

212 1306 593 1382 παρατίθεται.

284 1394 573 1453 Ηλάσεων.
611 1394 952 1468 Σημεεωσαι,
996 1395 1079 1450 ὅτι
1133 1391 1553 1469 πλασματώδεις
1604 1394 1738 1468 φησί
1779 1391 1873 1453 τὰς

212 1483 438 1539 ἐνταῦθα
500 1485 763 1557 μυστικὰς
820 1481 1169 1559 παραδόσεις,
1227 1483 1289 1546 ἃς
1349 1483 1399 1537 ἐν
1457 1488 1539 1554 τῷ
1592 1481 1725 1557 Περὶ
1771 1486 1871 1542 τῆς

213 1572 679 1644 ἐκκλησιαστικῆς
735 1572 1022 1649 ἱεραρχίας
1079 1571 1233 1648 λόγῳ
1291 1570 1650 1627 ἀναπτύσσει’
1711 1574 1872 1624 τοῦτο

214 1663 269 1719 δὶ
300 1666 627 1736 θεοπρεπῶς
684 1660 1007 1731 ἐκληπτὲον·
1060 1663 1195 1735 πρὸς
1247 1662 1340 1734 μὲν
1394 1660 1483 1715 οὖν
1533 1661 1595 1714 τὸ
1643 1678 1874 1734 μορφω-

212 1758 386 1813 τικαῖς
417 1752 483 1806 τὸ
531 1750 787 1808 πλάσεων
818 1748 1136 1806 ἀποδοτέον·
1170 1752 1306 1826 πρὸς
1341 1748 1397 1805 δὲ
1443 1751 1506 1805 τὸ
1556 1748 1795 1803 συνθέσει
1829 1750 1875 1785 ¹³

211 1844 270 1896 τὸ
299 1840 481 1903 ἀπλᾶς
512 1840 605 1895 καὶ
636 1840 975 1904 ἀτυπώτους.

280 2015 493 2088 Ἰ“λαίᾳ.
548 2014 769 2071 Ὑλαίαν
842 2015 1204 2093 χειραγωγίαν
1263 2015 1396 2094 φησί
1469 2016 1533 2070 τὸ
1609 2013 1698 2071 διὰ
1758 2020 1866 2071 τῶν

216 2105 414 2162 ὑλικῶν
470 2105 787 2183 λεγομὲνων
834 2108 971 2181 πρὸς
1024 2109 1121 2177 τὴν
1181 2105 1383 2161 ἔννοιαν
1430 2105 1717 2181 ἀνάγεσθαι
1760 2110 1867 2161 τῶν

217 2197 348 2271 ὑπὲρ
382 2196 659 2267 αἴσθησιν.

276 2286 611 2359 Φαινόμενα·
676 2284 989 2359 Φαινόμενα
1046 2283 1103 2340 δὲ
1159 2283 1344 2355 κάλλη
1402 2284 1498 2348 τὰς
1550 2289 1658 2341 τῶν
1708 2285 1867 2361 ἰερῶν

211 2374 376 2430 οἴκων
452 2373 845 2447 διακοσμήσεις
924 2374 1094 2449 λέγει·
1167 2376 1256 2429 καὶ
1333 2372 1631 2447 διεξοδικὰς
1695 2386 1870 2448 μαθη-

207 2465 356 2525 τείας
385 2463 485 2527 τὰς
528 2468 633 2518 τῶν
686 2462 860 2538 ἀγίων
907 2467 1132 2541 Γραφῶν
1186 2464 1528 2540 ἀναγνώσεις
1565 2460 1871 2535 διακοσμή-

207 2575 340 2609 σεων
398 2550 459 2607 δῖε
504 2554 681 2623 τάξεις
732 2552 904 2626 [τοὺς]
936 2558 1042 2607 τῶν
1075 2552 1261 2629 ἱερέων
1311 2553 1573 2626 βαθμούς.
1609 2553 1871 2623 Σημείω-

208 2665 289 2697 σαι
324 2640 408 2711 δὲ,
442 2641 525 2697 ὅτι
556 2642 624 2697 τὰ
647 2641 900 2717 ὁρώμενα
926 2640 1109 2713 κάλλη
1145 2642 1345 2704 εἰκόνες
1371 2641 1471 2696 ε’ίσὶ
1494 2647 1598 2697 τῶν
1627 2642 1870 2716 ἀοράτων

208 2730 548 2804 διακόσμων,
600 2732 675 2793 ὡς
723 2728 891 2802 δηλοῖ
936 2731 1027 2785 καὶ
1080 2733 1107 2785 6
1159 2731 1493 2792 Ἀπόστολος
1547 2729 1599 2785 ἐν
1636 2734 1703 2804 τῇ
1735 2730 1872 2806 πρὸς

208 2816 527 2894 Ἐϐραίους,
556 2820 623 2875 τά
662 2820 786 2895 περὶ
834 2823 931 2889 τῆς
983 2828 1188 2890 σκηνῆς
1221 2822 1461 2896 θεωρῶν
1513 2821 1600 2874 καὶ
1634 2823 1868 2889 Μωυσῆς

208 2912 452 2967 ἀκούων·
517 2910 742 2984 [Πάντα]
773 2909 910 2965 κατά
952 2910 1044 2965 τὸν
1089 2910 1253 2966 τύπον
1308 2912 1398 2965 τὸν
1453 2908 1737 2985 δειχθέντα
1786 2931 1869 2965 σοι

208 2997 257 3053 ἐν
288 3003 374 3071 τῷ
408 2997 523 3073 ὅρει
557 2997 813 3068 ποίησον.

274 3180 385 3241 Τὰς
436 3174 755 3248 διεξοδικὰς,
809 3175 1108 3247 Διεξοδικαί
1157 3177 1260 3231 εἷ’σι
1323 3183 1611 3252 μαθητεῖαι
1674 3178 1728 3231 αἱ
1782 3175 1871 3233 διὰ

1984 605 2087 661 per
2116 589 2414 660 apostolos
2444 590 2735 647 bonorum
2767 592 2981 648 horum
3013 594 3366 665 perfectores
3400 610 3413 649 :
3448 593 3644 651 initia-

1982 682 2077 734 tos
2110 678 2287 743 enim,
2319 681 2605 751 perfectos
2635 688 2801 737 vocat
2830 682 3065 738 divinus
3089 682 3392 755 apostolus
3424 684 3642 742 Paulus

1984 767 2184 822 dicens
2219 785 2231 823 :
2267 769 2586 841 Quicunque
2635 785 2760 842 ergo
2790 773 3026 843 perfecti
3054 788 3262 841 sumus,
3296 772 3394 829 hoc
3431 775 3640 829 sentia-

1982 872 2104 911 mus
2135 857 2229 929 (ἀ).

2056 945 2532 1018 Supermundana.
2566 948 2689 1005 Vox
2717 950 2839 1005 haec
2888 951 3338 1022 supermundana
3387 969 3505 1008 non
3553 955 3644 1009 est

1985 1035 2159 1091 modo
2194 1036 2460 1092 sensibili
2490 1037 2896 1112 intelligenda,
2923 1041 3022 1096 sed
3056 1043 3230 1097 modo
3266 1040 3643 1100 intellectua-

1983 1124 2046 1192 li,
2079 1130 2137 1182 et
2166 1142 2344 1198 super
2373 1131 2642 1183 nostrum
2680 1131 2996 1185 mundum.
3030 1130 3182 1189 Nota
3208 1148 3342 1187 vero
3376 1148 3524 1203 quas
3559 1131 3640 1186 di-

1984 1218 2074 1270 cat
2104 1214 2323 1287 ﬁguras
2354 1221 2411 1271 et
2440 1217 2780 1275 formativas
2812 1221 3400 1293 compositiones,seu
3430 1220 3638 1291 imagi-

1983 1321 2087 1360 nes
2119 1322 2266 1376 quas
2298 1306 2571 1378 deinceps
2602 1309 2897 1380 proponit.

2054 1395 2416 1451 Fictiom'bus.
2466 1401 2616 1452 Nota
2667 1398 2823 1469 quod
2868 1399 3105 1456 ﬁctitias
3155 1400 3312 1456 dicat
3363 1400 3641 1473 mysticae

1983 1500 2110 1555 qua:
2143 1483 2237 1538 hic
2280 1489 2440 1550 sunt,
2470 1486 2837 1557 traditiones,
2888 1504 3035 1558 quas
3074 1489 3135 1544 in
3168 1488 3317 1545 libro
3368 1490 3443 1545 De
3471 1489 3641 1546 eccle-

1981 1574 2201 1628 siastica
2231 1573 2552 1629 hierarchz'a
2597 1574 2866 1646 explicat.
2902 1576 3019 1631 Hoc
3053 1582 3252 1633 autem
3303 1578 3477 1633 modo
3530 1580 3642 1633 Deo

1984 1662 2350 1717 convenienti
2402 1662 2809 1734 accipiendum
2843 1670 2969 1733 est;
3004 1681 3142 1739 ergo
3193 1666 3265 1720 ad
3320 1666 3642 1723 dictionem

1985 1754 2359 1828 μορφωτικαῖς
2406 1752 2587 1808 dictio
2617 1749 2868 1807 πλάσεων
2926 1748 3382 1823 referenda'est;
3418 1755 3487 1811 ad
3524 1755 3640 1810 dic-

1899 1842 2197 1940 Btionem
2256 1845 2455 1898 autem
2512 1842 2753 1905 συνθέσει
2813 1843 2991 1899 dictio
3065 1841 3240 1905 ἁπλᾶς
3297 1849 3353 1900 et
3413 1841 3633 1897 ἀτυπώ-

1976 1950 2126 1992 τους.

2050 2020 2365 2077 Materialz'.
2399 2021 2759 2079 Materialem
2792 2022 3317 2079 manuductionem
3366 2022 3507 2079 dicit
3536 2038 3642 2095 per

1979 2125 2048 2165 ea
2096 2126 2225 2182 quas
2286 2110 2624 2168 materialia
2673 2111 2971 2183 dicuntur,
3004 2114 3073 2167 ad
3112 2111 3641 2168 considerationem

1980 2214 2180 2254 eorum
2213 2216 2340 2271 qua
2373 2216 2554 2272 supra
2585 2216 2828 2256 sensum
2860 2205 3000 2255 sunt
3028 2199 3264 2256 elevati.

2049 2289 2781 2360 Apparentes.Apparentes
2815 2292 3010 2344 autem
3044 2288 3522 2360 pulchritudines
3554 2305 3642 2344 sa-

1979 2392 2212 2431 crarum
2247 2377 2459 2431 aedium
2492 2377 2943 2450 descriptionem
2975 2379 3119 2434 dicit
3151 2395 3165 2433 :
3200 2382 3257 2434 et
3288 2377 3403 2434 late
3433 2382 3642 2449 paten-

1979 2471 2065 2521 tes
2098 2465 2465 2535 disciplinas,
2501 2483 2803 2522 sacrarum
2834 2468 3274 2539 Scripturarum
3316 2466 3637 2533 lectiones;

1980 2554 2440 2626 descriptionum
2476 2561 2673 2611 autem
2700 2558 2955 2626 ordines,
2991 2558 3362 2613 sacerdotum
3397 2557 3653 2628 gradus.

1980 2643 2129 2699 Nota
2160 2660 2289 2698 vero
2323 2642 2815 2715 pulchritudines,
2850 2662 2978 2716 quae
3022 2648 3317 2713 videntur,
3352 2645 3641 2717 imagines

1979 2749 2108 2787 esse
2165 2732 2551 2788 invisibilium
2606 2734 3092 2805 descriptionum,
3129 2734 3635 2807 quemadmodum

1980 2821 2238 2877 declarat
2286 2822 2598 2893 Apostolus
2633 2823 2690 2877 in
2743 2823 3001 2895 Epistola
3034 2825 3105 2880 ad
3148 2824 3417 2879 Hebraeos
3452 2824 3539 2895 (e),
3573 2839 3643 2879 ea

1981 2928 2107 2981 quae
2138 2915 2275 2967 sunt
2321 2913 2394 2967 de
2423 2912 2802 2967 tabernaculo
2850 2912 3234 2969 considerans
3267 2930 3279 2968 :
3316 2917 3373 2967 et
3406 2913 3637 2984 Moyses

1979 3000 2227 3056 audiens
2261 3019 2273 3056 :
2310 3002 2505 3057 Omnia
2554 3003 2649 3071 fac
2678 3003 2978 3058 secundum
3024 3003 3313 3075 exemplar
3359 3001 3501 3074 quod
3530 3001 3640 3057 tibi

1978 3092 2036 3144 in
2070 3093 2254 3145 monte
2281 3096 2651 3146 monstratum
2684 3102 2761 3147 est
2789 3092 2887 3164 (f).

2052 3180 2316 3251 Diﬁusas.
2370 3180 2623 3248 Diﬂ‘usae,
2678 3198 2781 3236 seu
2834 3181 3077 3253 copiosae
3126 3179 3448 3253 disciplinae
3504 3182 3646 3235 sunt

206 3272 313 3322 τῶν
351 3266 647 3343 ὁρωμένων
693 3267 781 3321 καὶ
833 3264 923 3321 διὰ
972 3266 1309 3343 πραγμάτων
1354 3266 1687 3343 πλατύτεραι
1729 3267 1868 3322 ἀπο-

1997 3269 2280 3340 planiores
2311 3286 2411 3341 per
2442 3287 2528 3336 ea,
2565 3288 2691 3342 quae
2720 3270 2999 3325 videntur
3029 3276 3087 3325 et
3114 3287 3216 3342 per
3246 3271 3508 3325 actiones
3539 3269 3645 3323 de-

210 3354 401 3427 δείξεις
432 3360 540 3410 τῶν
574 3360 786 3425 νοητῶν
822 3355 1012 3417 ἒναίως
1046 3357 1089 3392 ¹³
1118 3355 1206 3410 καὶ
1231 3356 1441 3430 ἀθρόως
1471 3362 1590 3418 ταῖς
1620 3358 1868 3428 νοήσεσιν

211 3440 658 3501 ἐπιϐαλλόντων.

279 3536 510 3607 Ἔξεως.
574 3534 723 3589 Ἐκεῖ
779 3528 911 3604 ἔξεις
972 3532 1071 3588 εἰσὶ
1133 3534 1196 3588 τά
1273 3539 1387 3597 θεῖα
1445 3531 1820 3590 διατάττουσαι
1853 3553 1867 3566 ·

210 3622 312 3695 ἓξις
348 3622 406 3679 δέ.
438 3622 552 3678 ἐστι
585 3622 816 3694 ποιότης
866 3617 1126 3697 ἔμμονος.
1157 3625 1415 3687 Ἐνταῦοα
1468 3621 1524 3678 δὲ
1552 3625 1641 3678 καὶ
1676 3621 1874 3694 ἐκκλη-

214 3713 487 3769 σιαστικαί
563 3711 735 3785 τάξεις
810 3712 905 3774 τὰς
980 3711 1087 3767 ἐκεῖ
1156 3709 1291 3781 ἕξεις
1361 3714 1451 3767 ἅτε
1524 3712 1866 3785 ἀσωμάτους,

213 3802 643 3873 ἒξεικονίζουσιν·
708 3802 764 3855 αἱ
805 3802 906 3877 γὰρ
974 3799 1132 3873 ἕξεις,
1189 3799 1492 3873 ἀσωμάτων
1544 3801 1646 3855 εἰσί
1684 3843 1697 3858 .
1758 3807 1867 3872 Ση-

216 3892 478 3963 μειωτὲον
522 3893 585 3958 η,
616 3890 698 3944 ὅτι
731 3892 765 3958 ἡ
798 3891 923 3962 παρ’
972 3891 1107 3962 ἡμῖν
1158 3894 1278 3951 τοῖς
1323 3890 1628 3965 ἀνθρώποις
1675 3887 1870 3944 τελου-

217 3980 349 4052 μένη
381 3980 631 4055 ἱερατικὴ
665 3978 1016 4055 μυσταγωγία
1069 3977 1300 4051 μίμησίς
1349 3979 1459 4033 ἐστι
1488 3985 1589 4048 τῆς
1614 3978 1867 4055 οὐρανίου

211 4070 521 4145 ἱεραρχίας.

276 4337 737 4413 Ὑπερκοσμίως.
818 4338 896 4394 Τὸ
974 4337 1358 4413 ὑπερκοσμίως
1433 4336 1530 4391 οὐκ
1595 4335 1867 4408 αἰσθητῶς

209 4428 457 4498 νοητὲον,
523 4425 670 4482 ἀλλά
726 4431 939 4499 νοητῶς
1011 4426 1099 4482 καὶ
1184 4427 1316 4501 ὑπὲρ
1390 4428 1481 4481 τὸν
1537 4427 1658 4490 καθ’
1721 4429 1868 4499 ἡμᾶς

208 4518 440 4591 κόσμον.

1983 3359 2441 3414 monstrationes
2473 3358 2939 3432 intelligibilium
2972 3376 3101 3431 quae
3130 3358 3294 3415 unite
3324 3364 3381 3416 et
3411 3357 3636 3413 confer-

1982 3446 2086 3502 tim
2119 3447 2575 3520 cogitationibus
2606 3448 2982 3504 incumbunt.

2052 3542 2101 3593 4
2132 3538 2468 3609 Aﬂectionis.
2500 3542 2619 3592 Hoc
2651 3537 2777 3593 loco
2829 3538 3166 3594 affectiones
3198 3540 3338 3593 sunt
3368 3536 3638 3607 quaedam

1980 3626 2185 3681 divinae
2215 3626 2665 3698 dispositiones;
2700 3626 2942 3682 habitus
2968 3627 3119 3681 enim
3151 3631 3240 3682 est
3264 3626 3521 3697 qualitas
3551 3625 3643 3679 in-

1979 3717 2348 3771 haerens.Hoc
2381 3720 2577 3771 autem
2609 3715 2734 3772 loco
2766 3716 2943 3771 etiam
2965 3715 3353 3772 ecclesiastici
3376 3714 3638 3782 ordines,

1979 3805 2215 3861 habitus
2245 3805 2341 3875 qui
2374 3805 2495 3861 illic
2544 3812 2683 3861 sunt
2733 3811 3018 3877 tanquam
3067 3805 3328 3874 corporis
3376 3807 3642 3875 expertes

1978 3912 2046 3950 ex
2094 3894 2410 3966 exemplari
2460 3896 2771 3967 efﬁngunt.
2806 3894 3054 3949 Habitus
3105 3894 3262 3948 enim
3310 3892 3641 3964 expertium

1979 3983 2239 4055 corporis
2270 3984 2773 4039 sunt.Notandum
2806 3988 3162 4052 autem,eam
3187 3997 3318 4052 quae
3348 3981 3503 4053 apud
3534 3997 3643 4036 nos

1979 4072 2246 4129 homines
2278 4073 2578 4145 perﬁcitur
2611 4072 2991 4127 sacerdetalis
3022 4070 3411 4142 mystagogia,
3446 4085 3549 4125 seu
3581 4069 3643 4125 in

1979 4162 2163 4218 sacris
2211 4162 2485 4229 initiatio,
2519 4178 2648 4217 esse
2679 4161 3070 4217 imitationem
3124 4158 3377 4215 ccelestis
3417 4158 3643 4214 hierar-

1979 4250 2144 4307 Chia.

2048 4337 3200 4412 Supermundz‘aliler.Supermundialiter
3226 4353 3345 4392 non
3380 4339 3469 4392 est
3499 4351 3638 4391 sen-

1980 4430 2230 4486 sibiliter
2261 4430 2431 4485 modo
2462 4428 2912 4498 intelligendum
2940 4444 2953 4482 :
2988 4427 3091 4482 sed
3142 4423 3642 4495 intellectualiter,

1982 4523 2040 4575 et
2070 4536 2249 4590 supra
2279 4523 2547 4574 nostrum
2580 4518 2894 4574 mundum.

274 4607 736 4682 Ἱερογραφικαῖς.
780 4605 1063 4661 Τουτὲστιν
1097 4604 1147 4659 ἐν
1178 4609 1295 4667 τοῖς
1346 4605 1505 4679 ἱερῶς
1536 4605 1658 4679 περὶ
1692 4604 1865 4659 αὐτῶν

2054 4608 2658 4680 Sacroscriplurisllcis,
2692 4607 2790 4663 Gr.
2823 4606 3254 4682 ἱερογραφικαῖς.
3312 4608 3431 4660 Ηοο
3463 4606 3552 4659 est
3580 4603 3642 4658 in

207 4701 506 4758 συντεθεῖσι
539 4694 725 4771 λόγοις
754 4692 804 4749 ἐν
838 4700 955 4756 ταῖς
984 4699 1221 4772 Γραφαῖς
1253 4696 1317 4751 1⁵.

273 4874 454 4945 ἸΙμᾶς
528 4871 738 4945 ἀνάγοι.
817 4871 1189 4946 Σημειωτὲον,
1258 4876 1374 4933 πῶς
1426 4871 1736 4947 ἀναγόμεθα
1794 4872 1870 4934 εἰς

204 4960 527 5036 θεολογίας,
559 4962 649 5015 καὶ
682 4961 764 5015 ὅτι
797 4963 826 5016 ὁ
857 4963 1084 5038 Χριστὸς
1117 4964 1266 5035 ἡμᾶς
1303 4961 1507 5035 ἀνάγει.

276 5051 614 5126 Ἀκρότητας
649 5093 662 5106 .
724 5048 887 5105 Οὐδὲν
945 5052 1021 5113 ὡς
1096 5046 1283 5127 ἔτυχεν
1357 5049 1670 5122 ὠνόμασται
1722 5050 1867 5125 παρά

1981 4696 2350 4753 sermonibus
2400 4713 2562 4752 sacre
2592 4696 2664 4751 de
2715 4695 2861 4767 ipsis
2916 4693 3261 4766 compositis
3290 4692 3350 4747 in
3381 4692 3651 4764 Scriptu-‘

1982 4803 2083 4841 P18.

2051 4876 2152 4930 Nos
2182 4875 2489 4930 adduceret.
2522 4874 2856 4929 Notandum
2908 4872 3205 4945 quomodo
3238 4870 3533 4926 elevemur
3562 4868 3635 4923 ad

1978 4964 2359 5035 theologiam,
2391 4970 2444 5018 et
2474 4962 2770 5018 Christum
2802 4978 2907 5016 nos
2941 4960 3190 5016 elevare.

2048 5053 2259 5124 Apices.
2320 5052 2475 5107 Nihil
2538 5051 2780 5107 fortuito
2840 5048 3196 5122 appellatum
3251 5051 3341 5102 est
3397 5047 3469 5102 ab
3525 5045 3637 5101 hoc

279 5230 358 5302 (Δ)
390 5229 648 5303 Philipp.
687 5247 771 5299 In,
809 5231 893 5286 15.
970 5230 1042 5302 (e)
1074 5229 1249 5286 Hebr.
1280 5246 1404 5297 vm,
1426 5230 1480 5287 5.
1560 5230 1627 5303 (f)
1662 5229 1837 5285 Exod.
1870 5247 2003 5298 xxv,
2036 5231 2123 5286 40.

1184 5409 1426 5466 VARUE
1464 5408 1850 5466 LECTIONES
1890 5411 1977 5466 ET
2015 5408 2584 5467 GORRECTIONES.

279 5554 332 5632 “_
360 5552 658 5632 συνθέσεσι.
736 5554 789 5632 ξδ’
810 5551 1048 5632 ὲνιαίῳς.
1126 5554 1543 5632 ¹⁴.Σημείωσαι.
1601 5557 1666 5632 μίδ
1696 5555 2108 5632 ξΙερογραφικάς
2143 5554 2199 5610 δὲ
2229 5560 2335 5632 τῶν
2381 5554 2535 5609 θείων
2563 5550 2797 5632 λογίωνΔ
2831 5552 3100 5632 συνθεσεις
3148 5551 3282 5630 φησὶ
3312 5548 3439 5632 τοὺς
3464 5550 3633 5632 ’ἱερῶς

204 5625 337 5700 περὶ
367 5626 545 5681 αὐτῶν
578 5624 927 5689 συντεθέντας
955 5621 1152 5701 λόγους
1181 5624 1232 5681 ἐν
1264 5621 1382 5687 ταῖς
1413 5632 1450 5680 Γ
1489 5647 1520 5681 α
1564 5630 1671 5689 αῖς.
1704 5621 1870 5703 Ἱέρογ

206 5701 640 5759 εοηιυοσιίίοηεε
669 5699 912 5759 appellat
940 5700 1227 5757 Sermones
1255 5715 1408 5757 more
1430 5646 1497 5758 λῖ
1525 5647 1662 5759 cipsi:
1690 5717 1870 5759 comm

1997 5630 2106 5691 ικάς
2128 5647 2249 5757 Sseu
2292 5621 2890 5700 Sacroscripturisticas
2927 5621 3251 5683 divinorum
3292 5621 3640 5697 eloquiorum

1997 5720 2017 5758 ς
2042 5704 2102 5758 in
2167 5701 2446 5759 crivlurz's.

206 5699 640 5774 σοηιροειέίοηεε
669 5699 912 5772 appellat
940 5699 1227 5757 Sermones
1255 5715 1408 5757 more

1549 5704 1662 5773 psi:
1690 5701 2017 5775 compositos
2042 5704 2102 5758 in
2128 5701 2446 5772 Scripturis.
