4158 6370
493 318 565 373 35
1299 316 1667 370 APPENDIX
1705 318 1804 369 AD
1842 316 2084 371 OPERA
2123 316 2183 369 Β.
2224 316 2545 373 DIONYBII
2588 320 3096 379 AREOPAGITE.
3839 334 3911 388 36

492 448 664 504 beato
690 463 704 516 ;
736 446 838 503 sed
870 445 1095 502 erudite
1113 447 1171 500 et
1194 443 1426 517 proprie
1447 460 1580 499 cum
1605 443 1853 516 pietate;
1879 442 2110 514 quando

2252 446 2348 496 τοῦ
2397 446 2667 520 μακαρίου
2692 445 2928 532 Δτούτου,
2979 448 3124 505 ἀλλὰ
3170 450 3509 525 πολυμαθῶς
3557 457 3645 511 καὶ
3699 458 3905 532 κυρίως

493 538 731 611 quidem
762 537 946 611 igitur
973 535 1203 603 dixerit,
1235 539 1495 591 nostram
1529 550 1756 590 sacram
1805 531 2141 604 dispositio-

492 642 646 691 nem,
681 642 781 699 per
809 626 981 699 signa
1010 623 1336 681 materialia
1366 628 1421 679 et
1468 624 1728 695 ecpiosa,
1760 622 2142 693 ﬁctionesque

488 733 594 790 pro
626 720 825 773 nostro
869 720 1039 787 captu
1074 712 1295 786 perﬁci,
1327 729 1461 768 cum
1510 716 1708 769 tamen
1769 711 1847 767 sit
1876 714 2054 783 typus
2086 714 2143 766 et

486 806 737 862 imitatio
760 821 939 861 sacrm
962 802 1304 875 angelorum
1329 799 1993 874 descriptionis;merito
2015 815 2139 870 quae

485 896 546 952 in
577 894 697 952 illis
728 898 819 951 est
847 892 1129 950 antistitis
1158 907 1460 948 sacrorum
1482 890 1741 962 dignitas
1764 888 2011 961 apicem,
2035 904 2138 944 seu

484 983 892 1041 summitatem
934 981 1280 1055 appellavit;
1314 981 1716 1037 summitatem
1756 977 1913 1034 enim
1946 976 2140 1049 appel-

484 1074 606 1131 lare
637 1077 998 1131 consuerunt
1029 1071 1130 1145 qui
1162 1070 1315 1127 circa
1345 1070 1466 1126 haec
1503 1073 1731 1137 vacant,
1763 1069 2139 1140 uniuscujus-

484 1180 595 1235 que
625 1163 892 1220 essentias
944 1159 1329 1233 purissimum
1378 1164 1435 1215 et
1466 1174 1534 1215 ex
1563 1174 1675 1230 quo
1720 1158 1931 1230 pendet
1972 1175 2134 1229 προσ-

483 1255 627 1327 εχῶς
658 1252 791 1325 (hoc
816 1254 905 1307 est
951 1249 1256 1321 continuo)
1284 1248 1559 1315 essentia,
1594 1250 1660 1303 ut
1710 1247 1872 1303 verbi
1920 1246 2131 1319 gratia,

479 1341 793 1397 summitas
824 1339 1227 1407 anima,mens
1246 1336 1436 1409 ipsius
1456 1336 1777 1409 purissima
1800 1354 1814 1407 ;
1838 1339 1895 1392 et
1912 1335 2131 1391 amoris

477 1430 815 1494 summitas,
840 1444 1042 1484 eorum
1065 1425 1165 1497 qui
1187 1426 1674 1481 transcenderunt
1696 1429 1752 1480 et
1771 1423 2129 1480 divinissimi

476 1523 638 1590 sunt,
668 1517 891 1590 ignitus
915 1531 1112 1583 amor;
1148 1520 1358 1569 nostrae
1387 1513 1566 1586 igitur
1586 1514 1763 1570 etiam
1786 1514 2126 1570 hierarchizs

474 1611 534 1664 et
562 1623 787 1664 arcanae
816 1603 1228 1676 descriptionis
1257 1602 1589 1672 summitas,
1614 1603 2001 1676 purissimum
2034 1603 2124 1675 ip-

473 1697 619 1768 sius,
656 1713 724 1752 ex
752 1711 868 1767 quo
919 1697 1157 1766 accepta
1184 1698 1296 1759 est,
1328 1698 1385 1749 et
1432 1693 1586 1764 quod
1636 1709 1816 1765 prope
1865 1692 2121 1749 materiae

471 1784 856 1858 privationem
888 1784 1229 1851 contendit;
1264 1782 1650 1853 purissimum
1691 1798 1829 1854 ergo
1858 1782 1917 1838 in
1950 1783 2120 1839 nobis
2152 1816 2201 1882 B

470 1875 706 1947 signum
751 1877 841 1930 est
868 1872 1184 1929 summitas
1233 1872 1644 1943 mysteriorum
1678 1889 1794 1929 non
1836 1872 2117 1944 ﬁgurato-

469 1980 601 2020 rum
626 1970 679 2019 et
709 1962 1070 2034 simplicium
1092 1966 1149 2016 et
1176 1960 1775 2033 incorporeorum,cui
1794 1961 2120 2018 hierarchia

466 2054 781 2124 conjuncta
803 2051 1032 2107 insistit
1060 2054 1344 2122 tanquam
1379 2049 1495 2107 illis
1514 2067 1641 2123 qua:
1667 2051 1820 2106 inter
1849 2050 2118 2107 homines

464 2147 555 2199 est
585 2141 867 2198 antistitis
915 2157 1217 2197 sacrorum
1272 2140 1554 2212 dignitas,
1580 2143 1637 2196 et
1667 2156 1769 2212 per
1799 2140 2118 2197 simulacra

463 2232 649 2289 elevat
679 2248 858 2304 puras
906 2230 1162 2287 visiones
1209 2229 1625 2286 intellectualis
1656 2229 1827 2299 ritus,
1857 2231 1953 2301 qui
1986 2247 2116 2303 pro-

462 2320 737 2378 babiliter
766 2320 1081 2377 summitas
1132 2318 1460 2391 appellatur
1488 2335 1693 2377 eorum
1724 2319 1823 2392 qui
1854 2320 1950 2377 hic
1975 2324 2117 2377 sunt

462 2427 874 2484 corporeorum
905 2414 962 2467 et
986 2409 1399 2466 materialium.

1091 2527 1161 2582 IN
1204 2525 1356 2581 CAP.
1402 2527 1472 2581 ΙΙ.

529 2616 641 2689 §I.
703 2617 1188 2689 Explanationem.
1245 2617 1343 2670 Gr.
1402 2611 1752 2690 ἓκφαντορίαν
1814 2614 2111 2687 Ἐκφαντο-

456 2704 575 2781 ρίαν
604 2705 747 2761 dicit
776 2705 1266 2761 enuntiationem.
1298 2703 1674 2760 Manifestum
1705 2708 1923 2771 autem,
1959 2721 2110 2773 eam,

456 2812 585 2867 quae
608 2811 710 2867 per
732 2796 775 2851 5
802 2794 972 2866 signa
988 2797 1044 2849 et
1069 2793 1289 2865 ﬁguras
1313 2809 1441 2863 quae
1464 2792 1641 2847 etiam
1667 2792 1933 2849 fictiones
1950 2811 2112 2849 voca‘

451 2884 552 2953 vit,
586 2882 887 2955 perﬁcitur
910 2899 926 2952 ;
948 2883 1361 2952 simplicitatem
1382 2897 1536 2949 vero,
1566 2881 1951 2952 privationem
1988 2900 2109 2939 ma-

454 2972 608 3029 teriae
639 2972 695 3027 in
750 2974 996 3037 natura;
1031 2970 1255 3025 sciebat
1287 2969 1443 3025 enim
1494 2970 1649 3041 quod
1684 2969 1985 3026 celebrans
2017 2988 2107 3027 sa-

450 3078 581 3117 cras
612 3061 671 3115 in
718 3059 879 3116 ccelis
934 3065 1160 3116 mentes
1215 3058 1369 3113 sicut
1415 3058 1541 3130 ipse
1591 3058 1733 3114 dicit
1783 3061 2106 3115 secundum

449 3149 835 3222 Scripturam,
859 3165 1097 3205 necesse
1123 3147 1399 3203 habuerit
1429 3147 1619 3203 dicere
1650 3148 1721 3203 de
1742 3148 2100 3204 animalibus

449 3241 670 3295 formas
694 3240 950 3294 ferarum
972 3237 1351 3307 habentibus,
1383 3242 1440 3293 et
1478 3235 1692 3309 aquilis
1728 3242 1785 3293 et
1816 3237 1945 3293 aliis
1976 3240 2102 3310 qui-

446 3328 560 3383 bus
590 3325 799 3382 divinaa
830 3326 1143 3397 Scriptura
1174 3323 1508 3381 assimilant
1528 3324 1968 3396 archangelicas
1996 3326 2102 3381 vir-

446 3419 604 3472 tutes
631 3436 646 3484 ,
676 3414 820 3471 dicit
864 3414 1022 3470 enim
1058 3432 1071 3471 :
1109 3416 1175 3471 Ut
1203 3430 1313 3469 non
1345 3415 1514 3469 etiam
1561 3430 1686 3481 nos,
1716 3416 1857 3469 sicut
1886 3415 2099 3484 vulgus,

444 3508 680 3578 pro/anc
724 3505 1085 3570 arbitremur,
1118 3502 1364 3559 minime
1390 3502 1605 3559 habere
1653 3502 2099 3575 explicationem

448 3594 685 3650 ordines
715 3609 919 3649 eorum
951 3592 1052 3665 qui
1084 3591 1302 3647 multas
1334 3592 1511 3648 facies
1553 3592 1769 3647 habent
1798 3596 1854 3648 et
1884 3593 2100 3649 multos

446 3684 624 3754 pedes
652 3682 714 3737 in
744 3681 906 3738 cmlis
940 3698 952 3736 :
988 3680 1095 3736 hos
1127 3679 1312 3754 igitur
1360 3681 1671 3753 explanare
1713 3682 1881 3752 juxta
1910 3699 2098 3737 sacro-

446 3788 577 3828 rum
607 3770 979 3828 oraculorum
1005 3769 1452 3842 explicationem
1486 3770 1796 3842 praeelegit.

512 3861 730 3931 Palam,
763 3860 860 3917 Gr.
893 3857 1157 3933 ἀτεχνῶς.
1206 3858 1615 3929 Vehementer,
1661 3864 1763 3915 aut
1807 3860 2094 3916 omnimo-

443 3950 539 4022 do,
568 3954 670 4006 aut
699 3965 851 4017 vere,
885 3955 987 4006 aut
1016 3948 1385 4021 simpliciter.

510 4040 771 4096 Poeticis.
820 4038 1190 4110 Scripturam
1241 4054 1477 4109 quoque
1524 4038 1769 4110 poeticis
1824 4056 1992 4095 usam
2027 4040 2095 4094 ﬁ-

442 4128 759 4195 ctionibus,
794 4128 866 4184 ad
901 4127 1428 4184 manuductionem
1461 4126 1795 4184 intellectus
1828 4128 2093 4196 humani,

441 4232 558 4273 non
591 4216 839 4273 valentis
868 4232 1065 4272 rerum
1098 4215 1391 4286 majorum
1426 4215 1756 4271 doctrinam
1792 4216 2091 4289 accipere;

442 4304 661 4362 similia
700 4305 857 4362 enim
887 4309 1029 4361 sunt
1058 4304 1316 4360 coalestia
1361 4303 1532 4376 signa
1563 4304 1635 4360 iis
1686 4322 1812 4377 quas
1845 4323 1877 4360 a
1909 4306 2096 4377 poetis

439 4398 634 4450 mente
684 4392 1011 4466 ﬁnguntur,
1046 4392 1198 4449 sicut
1247 4409 1411 4449 sacer
1441 4393 1535 4448 hic
1562 4393 1650 4448 vir
1679 4394 1821 4449 dicit
1866 4396 2093 4466 (poetas

437 4487 633 4539 autem
664 4482 926 4555 intellige
948 4488 1049 4539 aut
1071 4481 1205 4538 illos
1227 4483 1324 4553 qui
1366 4483 1520 4554 apud
1554 4483 1804 4556 gentiles
1827 4484 1887 4539 in
1907 4485 2092 4541 admi-

436 4572 662 4630 ratione
692 4571 949 4639 fuerunt,
983 4572 1133 4627 sicut
1164 4571 1505 4639 Homerum,
1536 4572 1852 4629 Hesiodum
1901 4578 1958 4630 et
2007 4591 2091 4630 re-
2120 4558 2167 4623 D

436 4661 677 4734 liquos),
708 4665 810 4717 aut
827 4660 1070 4733 poeticis
1095 4661 1263 4733 quasi
1286 4660 1508 4716 ﬁctitiis
1549 4661 2085 4728 informationibus,

434 4769 539 4809 seu
561 4749 1076 4808 delineationibus.
1108 4750 1253 4807 Cum
1277 4750 1434 4806 enim
1476 4755 1675 4807 nosset
1723 4752 1958 4823 sapiens
1992 4752 2089 4809 Dei

433 4840 853 4898 eondescensio
885 4844 1146 4896 nostram
1180 4844 1438 4896 mentem
1460 4840 1781 4909 infirmam,
1814 4847 1871 4897 et
1892 4843 1963 4897 ad
1996 4859 2089 4897 su-

436 4929 768 4987 blimiorem
816 4928 1368 5001 contemplationem
1429 4930 1707 5001 ineptam,
1768 4930 2087 4987 elevatione

434 5018 548 5089 ipsi
571 5017 939 5075 connaturali
971 5018 1184 5089 efﬁcta,
1213 5019 1297 5075 sic
1328 5018 1764 5092 archangelicas
1788 5020 1846 5074 in
1874 5036 2084 5091 propa-

433 5106 557 5163 tulo
580 5106 717 5162 fecit
735 5107 1177 5180 descriptiones,
1210 5126 1326 5165 non
1368 5109 1660 5181 quomodo
1692 5126 1890 5166 revera
1922 5114 2081 5180 sunt,

433 5196 535 5252 sed
568 5204 741 5269 prout
772 5214 877 5253 nos
917 5198 1411 5271 comprehendere
1461 5198 1733 5271 quimus;
1781 5199 1928 5255 nihil
1979 5199 2083 5272 igi-

428 5289 527 5341 tur
555 5285 890 5343 coalestibus
920 5287 1309 5361 improprium
1342 5288 1687 5360 imaginare.

2255 532 2389 622 μετὰ
2416 539 2515 602 τῆς
2544 529 2848 622 εὐσεϐείας·
2901 535 3088 609 ἐπειδὴ
3123 541 3213 595 οὖν
3258 542 3358 611 τὴν
3405 544 3533 620 παρ’
3563 546 3700 619 ἡμῖν
3754 529 3901 622 ίερὰν

2250 617 2487 691 διάταξιν
2539 619 2629 677 διὰ
2678 620 2971 697 συμϐόλων
3023 625 3230 684 ὑλαίων
3278 630 3369 686 καὶ
3414 617 3667 702 ἑξοδικῷν
3716 638 3762 673 ¹⁶
3807 617 3902 692 καὶ

2247 708 2499 799 πλάσεων
2535 713 2651 766 εἷπε
2698 712 2969 770 τελεῖσθαι
3002 717 3139 792 πρὸς
3180 719 3244 773 τὸ
3291 721 3428 792 ἡμῖν
3459 719 3673 798 ἐφικτὸν
3704 724 3906 799 τύπον,

2249 798 2408 853 οὖσαν
2434 800 2525 854 καὶ
2558 800 2786 875 μίμημα
2813 811 2913 874 τῆς
2941 806 3071 881 παρ’
3111 806 3367 882 ἀγγέλοις
3411 809 3560 885 ἱερᾶς
3588 798 3906 887 διακοσμήε

2247 908 2404 959 σεως,
2438 888 2662 952 εἷ’κότως
2716 893 2816 962 τήν
2874 895 3001 969 παρ’
3046 893 3272 959 ἰκείνοις
3331 897 3675 977 ἱεροφαντίαν
3731 902 3898 978 ἀκρό-

2242 998 2382 1047 τητα
2438 978 2701 1050 κέκληκεν
2740 1000 2752 1013 ·
2812 981 3088 1058 ἀκρότητα
3143 984 3243 1061 γὰρ
3303 987 3525 1043 εἰώθασι
3601 988 3787 1046 καλεῖν
3844 992 3899 1047 οἱ

2243 1067 2368 1143 περὶ
2400 1072 2567 1123 ταῦτα
2605 1070 2975 1144 σχολάσαντες
3030 1072 3257 1144 ἑκάστης
3309 1077 3496 1139 οὐσίας
3541 1078 3606 1133 τὸ
3652 1081 3899 1155 καθαρώ-

2241 1176 2420 1245 τατον,
2453 1158 2542 1212 καὶ
2592 1157 2642 1231 ἐξ
2702 1160 2763 1214 οὗ
2803 1158 3036 1235 ἤρτηται
3084 1168 3401 1240 προσεχῶς,
3437 1167 3711 1223 τουτέστιν
3767 1167 3897 1245 ἐχο-

2246 1244 2436 1318 μένως,
2486 1248 2521 1315 ἡ
2577 1246 2750 1302 οὐσία·
2804 1247 2879 1311 ὠς
2931 1251 3055 1327 φέρε
3106 1249 3300 1323 εἷπεῖν,
3350 1257 3538 1329 ψυχῆς
3595 1244 3830 1330 ἀκρότης
3862 1261 3893 1313 6

2238 1338 2364 1396 νοῦς
2423 1334 2592 1421 αὐτῆς
2651 1337 2681 1390 6
2737 1338 3139 1414 καθαρώτατος·
3188 1340 3279 1395 καὶ
3333 1337 3535 1415 ἔρωτος
3594 1345 3829 1421 ἀκρότης
3860 1347 3888 1402 ὁ

2235 1427 2342 1478 τῶν
2389 1418 2804 1496 ἀναϐεϐηκότων
2849 1428 2939 1482 καὶ
2991 1428 3281 1493 θειοτᾶτων
3334 1428 3597 1507 διάπυρος
3649 1418 3787 1511 ἔρως
3818 1439 3886 1474 ¹’²’

2235 1513 2324 1567 καὶ
2355 1520 2455 1583 τῆς
2500 1515 2615 1569 καθ’
2664 1517 2811 1587 ἡμᾶς
2855 1516 2947 1571 οὗν
2992 1518 3277 1593 ἱεραρχίας
3324 1520 3417 1575 καὶ
3470 1521 3888 1599 μυστηριώδους

2235 1599 2647 1676 διακοσμήσεως
2681 1604 2915 1678 ἀκρότης
2962 1607 3024 1661 τὸ
3071 1609 3451 1682 καθαρώτατον
3500 1610 3692 1681 αὐτῆς,
3724 1611 3775 1685 ἐξ
3820 1614 3885 1668 οὗ

2231 1690 2487 1762 ἀνῆπται,
2542 1695 2634 1748 καὶ
2684 1694 2747 1748 τὸ
2802 1693 2960 1769 ἐγγὺς
3033 1701 3301 1752 συντεῖνον
3368 1696 3602 1762 ἀϋλίαςθ
3652 1701 3716 1756 τὸ
3788 1702 3882 1758 οὗν

2232 1780 2682 1858 ἀκραιφνέστατον
2744 1783 2794 1837 ἐν
2855 1783 2991 1857 ἡμῖν
3053 1780 3356 1857 σύμϐολον,
3410 1790 3445 1857 ἡ
3497 1789 3734 1861 ἀκρότης
3770 1794 3882 1847 τῶν

2229 1869 2525 1925 ἀτυπώτων
2552 1871 2642 1925 καὶ
2687 1869 2877 1927 ἁπλῶν
2909 1873 2997 1927 καὶ
3046 1872 3351 1947 ἀσωμάτων
3398 1877 3734 1952 μυστηρίων,
3767 1878 3805 1952 ᾗ
3841 1882 3879 1950 ἡ

2228 1960 2485 2035 ἱεραρχία
2540 1962 2913 2034 συναπτομένη
2975 1958 3279 2019 ἔπιϐατεύει
3313 2007 3327 2035 ,
3384 1965 3553 2021 οἷονεί
3605 1971 3676 2041 τῇ
3731 1968 3880 2045 παρὰ

2226 2046 2537 2123 ἀνθρώποις
2587 2050 2917 2127 ἱεροφαντίᾳο
2971 2052 3062 2107 καὶ
3112 2049 3201 2107 διὰ
3249 2056 3356 2108 τῶν
3415 2053 3634 2110 εἰκόνων
3691 2056 3873 2131 ἀνάγει

2224 2135 2311 2192 ἐπὶ
2343 2137 2411 2193 τὰ
2437 2139 2644 2212 γαθαρὰ
2691 2141 2930 2213 θεάματα
2974 2146 3077 2210 τῆς
3124 2142 3325 2212 νοητῆς
3369 2142 3597 2213 τελετῆς
3634 2145 3877 2220 ἀκρότη-

2222 2247 2316 2289 τος
2347 2224 2654 2302 λεγομένης
2701 2226 2926 2291 εἷ’κότως
2965 2234 3074 2285 τῶν
3107 2228 3293 2287 ἐνθάδε
3337 2237 3662 2307 σωματικῶν
3691 2255 3752 2291 τε
3780 2234 3873 2290 καὶ

2225 2313 2506 2371 ὑλοειδῶν.

2720 2523 2835 2579 ΕΙΣ
2874 2524 2960 2581 ΤΟ
2999 2526 3255 2582 ΚΕΦΑΛ.
3298 2527 3372 2583 Β“.

2293 2612 2321 2685 Ξ
2376 2616 2418 2666 Ι.
2470 2611 2584 2684 [α“.]
2642 2612 3048 2689 Ἐκφαντορίαν.
3116 2615 3507 2692 Ἐκφαντορίαν
3564 2615 3711 2694 λέγει
3767 2621 3870 2691 τήν

2221 2698 2549 2774 ἐξάγγελσιν·
2604 2697 2886 2775 πρόδηλον
2935 2698 3012 2773 δὲ,
3044 2700 3128 2757 ότι
3175 2705 3272 2773 τὴν
3326 2700 3414 2759 διὰ
3452 2700 3745 2779 συμϐόλων
3778 2709 3869 2764 καὶ

2218 2789 2425 2857 τόπων,
2489 2789 2643 2843 ἅτινα
2698 2791 2785 2843 καί
2862 2789 3157 2863 πλάσματα
3213 2792 3355 2847 εἶπεν
3391 2814 3404 2826 ·
3473 2793 3757 2867 ἁπλότητα
3813 2795 3873 2853 δὲ

2218 2877 2280 2931 τὸ
2330 2884 2431 2947 τῆς
2489 2876 2699 2953 φύσεως
2752 2876 2940 2934 ἄϋλον·
3177 2882 3444 2950 ἠπίστατο
3491 2884 3615 2961 γὰρ,
3648 2885 3730 2941 ὅτι
3783 2887 3869 2941 ἀν-

2221 2971 2404 3039 υμνῶν
2436 2966 2563 3031 τοὺς
2608 2967 2659 3021 ἐν
2707 2972 2822 3029 τοῖς
2871 2969 3123 3044 οὐρανοῖς
3168 2971 3347 3045 ἱεροὺς
3394 2973 3538 3040 νόας,
3582 2974 3656 3038 ὡς
3703 2975 3867 3031 αὐτός

2220 3078 2350 3133 φησι
2395 3056 2529 3111 κατᾶ
2575 3057 2675 3125 τὴν
2735 3059 2975 3135 Γραφήν,
3033 3058 3268 3133 ἀνάγκην
3320 3060 3464 3136 εἶχεν
3517 3063 3685 3119 εἱπεῖν
3736 3065 3864 3139 περὶ

2223 3144 2373 3214 ζώων
2427 3146 2843 3224 θηριομόρφων,
2874 3147 2964 3201 καὶ
3018 3147 3208 3217 ἀετῶν,
3257 3148 3343 3204 καί
3389 3155 3496 3205 τῶν
3545 3148 3728 3207 ἄλλων
3782 3156 3867 3217 οἷς

2216 3236 2593 3304 ἀπεικάζουσιν
2637 3236 2690 3290 αἱ
2742 3241 2879 3300 θεῖαι
2928 3238 3133 3314 Γραφαὶ
3180 3237 3277 3301 τὰς
3323 3239 3725 3317 ἀρχαγγελικᾶς
3773 3239 3867 3297 δυ-

2208 3324 2420 3395 νάμεις·
2482 3322 2624 3398 λέγει
2684 3324 2808 3399 γάρ·
2864 3326 2980 3379 Ἵνα
3040 3326 3115 3398 μὴ
3164 3325 3253 3380 καὶ
3284 3330 3472 3400 ἡμεῖς,
3503 3329 3579 3392 ὡς
3628 3331 3680 3385 οἱ
3720 3328 3867 3385 πολι

2212 3410 2323 3483 λοῖ,
2354 3412 2668 3486 νομίζωμεν
2718 3411 2944 3487 ἀνιέρως
2998 3423 3071 3486 μη
3126 3408 3273 3489 ἔχειν
3317 3414 3569 3491 ἐξήγησιν
3616 3418 3709 3480 τὰς
3756 3422 3870 3474 τῶν

2209 3500 2665 3577 πολυπροσώπων
2717 3500 2805 3555 καὶ
2863 3500 3191 3557 πολυπόδων
3262 3504 3435 3577 τάξεις
3488 3504 3541 3561 ἐν
3594 3506 3864 3584 οὐρανοῖς·

2207 3589 2403 3651 ταύτας
2460 3590 2551 3644 οὗν
2627 3587 2953 3667 διασαφῆσαι
3028 3590 3343 3667 προῄρηται
3398 3595 3535 3649 κατά
3598 3597 3699 3664 τήν
3752 3600 3864 3651 τῶν

2208 3679 2368 3754 ἱερῶν
2402 3677 2608 3753 λογίων
2638 3678 3013 3756 ἐκφαντορίαν.

2280 3858 2577 3932 Ἀτεχνῶς.
2640 3858 2937 3931 Μεγάλως,
2997 3858 3032 3929 ἢ
3089 3858 3378 3930 παντοίως,
3430 3860 3466 3929 ἢ
3519 3859 3767 3934 ἀληθῶς,
3826 3865 3861 3936 ἢ

2209 3944 2421 4007 ἁπλῶς.

2279 4037 2371 4111 [γ’]
2412 4040 2755 4106 ΙΙοιητικαῖς.
2811 4036 2936 4092 ’Ὁτι
2993 4035 3083 4089 καὶ
3139 4042 3452 4107 ποιητικαῖς
3513 4040 3667 4114 [τισι]
3725 4039 3866 4097 πλάσ

2208 4145 2349 4179 σεσιν
2382 4123 2657 4199 ἐχρήσατο
2704 4127 2739 4193 ἡ
2790 4126 2975 4201 Γραφή
3027 4124 3161 4200 πρὸς
3219 4127 3590 4202 χειραγωγίαν
3632 4136 3732 4200 τῆς
3766 4130 3860 4184 ἀν-

2205 4213 2481 4290 θρωπίνης
2532 4211 2792 4285 διανοίας,
2852 4211 2978 4267 ἀλλ’
3034 4213 3108 4275 ὡς
3158 4215 3218 4267 οὐ
3274 4213 3580 4289 δυναμένης
3620 4219 3720 4287 τὴν
3751 4223 3857 4274 τῶν

2210 4304 2472 4377 μειζόνων
2523 4297 2857 4376 παραλαϐεῖν
2919 4298 3296 4358 διδασκαλίανσ
3355 4303 3583 4361 ἐοικέναι
3639 4308 3739 4382 γὰρ
3793 4307 3863 4364 τὰ

2205 4393 2427 4467 οὐράνια
2465 4387 2719 4465 σύμϐολα
2764 4396 2882 4454 τοῖς
2931 4390 3077 4468 παρᾶ
3123 4399 3381 4464 ποιηταῖς
3414 4397 3855 4472 φανταζομένοις,

2205 4481 2280 4544 ὠς
2329 4482 2357 4536 6
2402 4480 2545 4556 ἱερὸς
2591 4480 2725 4555 ἀνὴρ
2776 4478 2933 4542 οὗτός
2982 4500 3137 4557 φησι,
3190 4482 3448 4553 (ποιητὰς
3500 4480 3557 4538 δὲ
3594 4479 3857 4556 νὸησονῆ

2197 4570 2324 4635 τοὺς
2370 4571 2496 4644 παρ’
2540 4567 2781 4638 ²Ἐλλησι
2834 4568 3308 4643 θαυμαζομένους,
3366 4571 3481 4626 οἷον
3551 4574 3804 4649 ’Ὀμηρον
3839 4621 3853 4647 ,

2197 4657 2467 4727 Ἡσίοδον,
2520 4657 2609 4713 καὶ
2645 4656 2772 4718 τοὺς
2823 4657 2996 4731 ἑξῆς.)
3046 4657 3082 4727 ἢ
3132 4665 3448 4730 ποιητικαῖς
3496 4661 3689 4718 ὠσανεὶ
3719 4662 3858 4719 πλα-

2197 4754 2403 4810 στικαῖς
2446 4747 2876 4802 ὑποτυπώσεσιν.
2922 4743 3116 4803 Εἰδυῖα
3165 4748 3269 4823 γὰρ
3399 4755 3497 4804 τοῦ
3545 4755 3678 4806 Θεοῦ
3709 4755 3849 4829 σοφὴ

2197 4832 2587 4913 συγκατάϐασις
2642 4835 2732 4890 τὸν
2788 4835 3055 4912 ἡμέτερον
3123 4840 3248 4891 νοῦν
3325 4838 3513 4908 ἀσθενῆ
3569 4839 3660 4893 καὶ
3715 4842 3856 4915 πρὸς

2197 4926 2537 5003 ὑψηλοτέραν
2590 4924 2820 4997 θεωρίαν
2870 4922 3260 4993 ἀνεπιτηδείως
3304 4923 3528 5000 ἔχοντα,
3558 4927 3851 5005 ἀναγωγὴν

2192 5019 2338 5089 αὐτῷ
2368 5022 2586 5091 συμφυῆ
2619 5012 2966 5087 πλασαμένη,
2998 5013 3141 5069 οὕτω
3187 5013 3282 5077 τὰς
3332 5013 3734 5091 ἆρχαγγελικὰς
3764 5017 3843 5081 εἷς

2192 5108 2417 5186 φανερὸν
2475 5104 2649 5181 ἤγαγε
2704 5102 3115 5176 διακοσμήσεις,
3173 5101 3281 5178 οὐχ
3336 5102 3485 5166 ὅπως
3528 5103 3717 5181 ἔχουσι
3771 5112 3841 5182 τῇ

2191 5196 2419 5270 ἀληθείῃ
2479 5193 2887 5271 διασαφήσασα,
2946 5189 3073 5247 ἀλλ’
3146 5191 3295 5254 ὅπως
3350 5193 3517 5265 ἡμεῖς
3576 5192 3851 5268 δυνάμεθα

2188 5280 2534 5343 καταλαϐεῖν·
2591 5280 2763 5357 μηδὶν
2815 5281 2907 5337 οὗν
2958 5278 3221 5337 ἀνοίκειον
3273 5283 3545 5358 φαντάζου
3592 5288 3701 5338 τῶν
3751 5284 3851 5340 οὐ-

2189 5376 2406 5453 ρανίων.

1422 5531 1661 5587 VARUE
1701 5531 2100 5591 LECTIONES
2155 5531 2245 5590 ET
2282 5526 2841 5589 CORRECTIONES.

504 5645 549 5686 “
577 5638 911 5716 ὃιεξοδικῶν.
988 5646 1031 5682 ¹⁶
1059 5642 1250 5710 πόθος.
