4158 6370
218 416 286 472 37
915 418 976 469 S.
1017 413 1294 470 MAXIM!
1332 411 1644 470 SCHOLIA
1682 415 1754 466 IN
1795 414 1930 467 LIB.
1971 415 2066 467 DE
2106 414 2431 471 CCELESTI
2469 415 2945 470 HIERARCHIA.
3559 412 3633 467 38

277 543 305 610 §
361 546 433 596 Il.
492 537 802 601 Συνθέσεις.
867 535 1146 598 Συνθέσεις
1228 536 1359 613 φησὶ
1435 536 1530 596 τὰς
1583 534 1873 608 εἰρημένας

2056 536 2186 609 §II.
2239 537 2686 608 Compositiones.
2736 535 3201 608 Compositiones
3249 535 3394 592 dicit
3440 535 3629 592 dictas

207 629 440 690 πλάσεις
471 629 561 683 καὶ
599 647 714 702 σχη
729 625 1071 700 ματοποιίας.

283 721 396 795 Ἐφ’
460 719 693 773 ἑαυτῶν.
755 717 871 792 Ἐφ’
929 716 1161 786 έαυτῶν,
1217 714 1494 770 τουτέστιν
1556 715 1629 775 ὡς
1688 711 1877 788 ἔχουσι

214 809 446 886 φύσεως,
483 805 757 882 ἄγνωστοι
814 808 976 878 ἡμῖν,
1008 804 1166 882 φησὶ,
1198 805 1289 859 καὶ
1349 805 1657 878 ἀθεώρητοι
1716 801 1881 878 ὑπάρ-

217 918 430 973 χουσιν.

287 986 620 1057 Ἀπότομον.
657 983 964 1056 Ἀπότομον
1017 984 1169 1056 οἶμαι
1217 981 1393 1056 λέγειν
1437 980 1594 1035 αὐτὸν
1643 981 1742 1049 τὴν
1795 981 1873 1051 ξέ-

218 1097 338 1144 νην,
372 1074 463 1128 καὶ
493 1074 604 1128 οἷον
650 1076 757 1126 τῶν
809 1073 1057 1141 συνήθων
1107 1071 1560 1143 ἂποτετμημένην
1609 1067 1733 1124 ὁδὸν
1789 1069 1879 1124 καὶ

218 1162 418 1218 πλάσιν
455 1182 468 1195 ·
505 1160 590 1216 διὸ
629 1161 720 1215 καὶ
773 1161 976 1231 σκηνὴν
1022 1161 1192 1229 αὐτὴν
1240 1159 1519 1233 ὀνομάζει,
1572 1158 1877 1236 σαφηνίζων

220 1253 318 1308 οὐκ
367 1251 594 1321 ἀληθεῖς
649 1251 783 1305 εἶναι
835 1249 930 1312 τὰς
1004 1250 1489 1325 ἀναγεγραμμένας
1555 1254 1661 1303 τῶν
1714 1248 1877 1323 ἁγίων

223 1340 469 1418 ἀγγέλων
505 1341 716 1417 μορφάς
754 1358 765 1370 ·
803 1337 923 1394 οὔτε
954 1339 1055 1415 γὰρ
1080 1343 1149 1413 τῇ
1183 1337 1418 1410 ἀληθείᾳ
1446 1331 1689 1392 mlo-3m
1721 1337 1880 1410 εἷ’σιν,

219 1430 369 1491 οἴους
437 1428 630 1491 αὐτοὺς
680 1430 715 1498 ἡ
768 1429 889 1504 ἱερά
936 1425 1276 1503 παραδίδωσι
1330 1429 1513 1504 Γραφή
1551 1446 1563 1458 ·
1613 1424 1740 1481 ἀλλ’
1790 1423 1881 1480 ’ίνα

220 1523 434 1593 [ἡμεῖς]
487 1519 802 1596 ἐφικώμεθα
849 1526 950 1588 τῆς
1006 1517 1432 1595 μεγαλειότητος
1478 1516 1676 1572 αὐτῶν.
1709 1515 1882 1577 Αὐτὸς

221 1608 274 1663 δὲ
308 1612 336 1663 ὁ
364 1611 558 1680 [θεῖος]
587 1608 866 1668 Διονύσιος
899 1614 1153 1683 πειρᾶται
1209 1601 1546 1679 συμϐάλλειν
1605 1606 1674 1660 τὰ
1731 1604 1881 1680 εἰρη-

224 1701 354 1770 μένα
385 1700 512 1772 περί
555 1697 754 1769 αὐτῶν,
787 1697 875 1752 καὶ
931 1694 1218 1763 δεικνύειν,
1253 1696 1335 1749 δτι
1386 1693 1607 1749 δυνατὸν
1655 1692 1726 1748 δι’
1753 1693 1881 1747 ἀνα-

220 1788 462 1859 πτύξεως
498 1785 641 1840 οὕτω
671 1792 814 1840 νοεῖν
867 1786 962 1847 τὰς
1013 1785 1307 1861 ἀγγελικὰς
1351 1781 1763 1856 διακοσμήσεις,
1805 1783 1880 1843 ὡς

227 1874 464 1948 εἴρηται.

293 1962 508 2020 Ἀῢλων
567 1967 776 2026 ποσῶς.
809 1967 998 2026 Ποσῶς
1055 1961 1262 2030 ἀΰλων,
1292 1962 1534 2016 τουτέστι
1590 1964 1827 2037 μερικῶς
1863 1977 1876 1992 '

224 2055 286 2108 οὗ
315 2055 418 2130 γάρ
448 2054 620 2123 πάντη
656 2050 837 2106 ἁύλων
874 2071 886 2082 ·
923 2050 1316 2128 ὑπερκειμένας
1349 2049 1405 2105 δὲ
1437 2050 1619 2113 οὐσίας
1650 2050 1877 2125 οὐρανὸν

223 2145 309 2196 καὶ
372 2142 440 2196 τὰ
496 2143 614 2196 κατ’
646 2141 871 2216 οὺρανὸν
929 2139 1099 2216 λέγει,
1155 2142 1268 2194 οἷον
1328 2141 1550 2216 ἀστέρας
1585 2160 1597 2174 ·
1656 2140 1719 2193 τὸ
1773 2140 1878 2216 γὰρ

225 2231 727 2304 λεπτομερέστατον
781 2230 956 2285 αὐτῶν
1014 2230 1104 2284 καὶ
1169 2230 1490 2302 μονοούσιον
1552 2227 1716 2304 ἐγγύς
1771 2228 1882 2283 ἐστί

224 2343 341 2382 πως
377 2319 594 2381 ἀϋλίας.

298 2586 623 2645 Θεοειδέσιν.
669 2585 936 2651 Θεοειδεῖς
995 2587 1307 2659 ἂπλότητάς
1363 2608 1494 2662 φησι
1541 2587 1635 2648 τὰς
1685 2584 1882 2655 νοητὰς

229 2682 420 2742 οὐσίας
456 2699 470 2712 ·
506 2679 666 2734 ἄϋλοι
709 2679 812 2755 γὰρ
845 2680 1023 2734 οὐσίαι
1067 2680 1156 2733 καὶ
1201 2676 1481 2731 ἀσύνθετοι
1537 2677 1754 2738 πάντως
1809 2673 1884 2730 εί-

231 2770 334 2841 σῖν,
371 2770 475 2824 οὐκ
505 2769 660 2823 οὖσαι
693 2775 879 2845 κρᾶμα
925 2768 1012 2822 καὶ
1067 2766 1336 2841 σύγκριμα
1380 2769 1488 2820 τῶν
1547 2764 1832 2841 στοιχείων
1869 2784 1882 2796 υ

229 2858 295 2912 τὰ
325 2858 428 2934 γὰρ
466 2859 692 2930 σώματα
723 2856 782 2911 ἐκ
808 2855 1038 2930 τούτων,
1071 2853 1264 2911 ἐκεῖνοι
1297 2857 1338 2891 ¹⁸
1370 2851 1427 2909 δὲ
1456 2853 1762 2928 ἀσώματοι.

299 3039 607 3106 Ἐνιζάνον.
641 3034 979 3111 Ἐγκαθίζον,
1019 3035 1109 3089 καὶ
1163 3034 1513 3107 ἐναπομένειν
1564 3037 1779 3090 ποιοῦν.

302 3213 623 3272 Λεοντείων.
653 3215 821 3270 Αὗται
852 3215 906 3268 αἱ
942 3212 1146 3289 μορφαὶ
1195 3217 1302 3268 τῶν
1354 3213 1509 3268 Θείων
1568 3211 1656 3266 καὶ
1715 3210 1882 3286 ἁγίων

1988 625 2250 683 ﬁctiones
2279 632 2335 681 et
2366 628 2684 699 ﬁgurarum
2718 626 3059 683 efﬁctiones.

2058 718 2119 770 In
2148 718 2365 787 seipsis.
2401 718 2463 770 In
2497 716 2730 787 seipsis,
2763 717 2868 772 hoc
2899 722 3007 784 est,
3042 717 3195 773 sicut
3227 721 3438 773 natura
3482 716 3631 773 exsi-

1988 809 2184 873 stunt;
2219 805 2400 877 ignoti
2431 806 2621 873 nobis,
2654 805 2869 878 inquit,
2903 811 2962 861 et
2993 806 3314 863 invisibiles
3345 810 3508 863 sunt.

2061 982 2284 1047 Rudem,
2317 983 2414 1039 Gr.
2447 981 2755 1056 ἀπότομον.
2792 982 3101 1055 Ἀπότομον
3137 985 3388 1042 arbitror
3433 986 3633 1059 ipsum

1987 1071 2178 1128 dicere
2207 1073 2573 1145 pcregrinam
2605 1078 2661 1129 et
2688 1073 2868 1129 veluti
2899 1091 2930 1129 a
2961 1075 3386 1131 consuetudine
3408 1076 3634 1133 abscis-

1988 1176 2114 1216 sam
2148 1163 2301 1216 viam
2334 1166 2389 1216 et
2419 1161 2740 1233 fictionem,
2774 1163 3020 1233 ideoque
3052 1165 3496 1221 tabernaculum
3547 1167 3635 1239 ip-

1989 1266 2110 1305 sam
2140 1249 2432 1321 appellat:
2459 1250 2760 1307 declarans
2793 1252 3035 1308 minime
3063 1270 3228 1310 veras
3259 1270 3388 1311 esse
3419 1255 3639 1311 descri-

1989 1341 2120 1409 ptas
2170 1339 2513 1410 angelorum
2566 1339 2819 1408 formas;
2875 1359 2990 1397 non
3037 1343 3196 1397 enim
3244 1360 3444 1400 revera
3489 1344 3636 1401 tales

1991 1433 2148 1498 sunt,
2183 1427 2385 1499 quale
2416 1428 2576 1499 ipsos
2600 1446 2767 1485 sacra
2797 1432 2976 1486 tradit
3003 1433 3303 1504 Scriptura
3350 1448 3363 1487 :
3422 1435 3520 1490 sed
3573 1441 3639 1490 ut

1989 1518 2400 1589 perveniamus
2433 1519 2504 1572 ad
2531 1521 3004 1590 magnitudinem
3034 1522 3320 1592 ipsorum.
3358 1523 3490 1595 Ipse
3532 1540 3636 1578 au-

1991 1610 2106 1661 tem
2138 1606 2448 1677 Dionysius
2481 1614 2729 1662 conatur
2759 1609 3126 1665 committere
3158 1611 3316 1666 dicta
3346 1613 3417 1666 de
3468 1612 3635 1684 ipsis,

1989 1699 2047 1750 et
2079 1696 2380 1751 ostendere
2412 1696 2536 1751 fieri
2569 1713 2761 1768 posse,
2807 1703 2872 1752 ut
2906 1715 3008 1769 per
3056 1698 3504 1771 explicationem
3556 1702 3636 1756 ita

1991 1784 2398 1858 intelligantur
2427 1784 2699 1858 angelicae
2733 1787 3177 1859 descriptiones,
3212 1789 3364 1844 sicut
3411 1790 3636 1845 dictum

1989 1877 2097 1931 est.

2061 1965 2141 2018 Ea:
2167 1971 2319 2035 parte
2360 1965 2848 2035 immaterialium,
2899 1965 2994 2020 Gr.
3042 1961 3223 2018 ἆύλων
3269 1969 3474 2030 ποσῶς.
3529 1973 3638 2022 Πο-

1989 2054 2097 2114 σῶς
2129 2050 2336 2120 ἀΰλων,
2368 2054 2474 2110 hoc
2524 2059 2610 2109 est
2661 2054 2896 2126 partim,
2949 2071 3141 2126 neque
3188 2056 3345 2111 enim
3397 2057 3638 2114 omnino

1988 2141 2509 2211 immaterialium;
2543 2144 2591 2197 θ
2624 2143 3030 2214 superpositas
3055 2149 3248 2200 autem
3274 2145 3642 2203 substantias

1991 2231 2200 2287 ccslum
2250 2235 2308 2286 et
2355 2248 2481 2299 quae
2544 2232 2697 2287 infra
2763 2231 2975 2287 coelum
3041 2239 3182 2288 sunt
3247 2235 3410 2306 dicit,
3459 2235 3640 2291 veluti

1992 2324 2151 2374 astra
2183 2334 2196 2373 :
2229 2318 2358 2389 ipsa
2387 2319 2544 2374 enim
2576 2319 2944 2376 tenuissimis
2974 2325 3244 2379 constare
3275 2323 3564 2394 partibus,
3583 2329 3644 2380 et

1993 2406 2119 2463 sola
2146 2408 2478 2463 substantia
2507 2424 2686 2480 prope
2715 2407 2911 2480 aliquo
2937 2411 3113 2466 modo
3146 2413 3369 2468 accedit
3407 2414 3478 2469 ad
3527 2413 3642 2469 im-

1994 2495 2486 2551 materialitatem.

2064 2585 2450 2655 Dei/armibus.
2487 2585 2805 2642 Deiformes
2835 2586 3246 2659 simplicitates
3277 2590 3417 2646 dicit
3463 2591 3640 2648 intel-

1993 2673 2274 2730 lcctuales
2305 2674 2688 2746 substantias;
2722 2675 3143 2734 immateriales
3169 2679 3328 2734 enim
3360 2681 3641 2737 substan-

1995 2763 2087 2818 tia:
2117 2768 2172 2819 et
2200 2763 2616 2834 incomposita;
2659 2765 2900 2820 omnino
2950 2771 3110 2835 sunt,
3165 2785 3280 2823 non
3326 2771 3643 2828 existentes

1996 2853 2328 2909 commistio
2359 2859 2415 2909 et
2446 2858 2976 2926 temperamentum
3007 2855 3468 2929 elementorum;
3516 2877 3642 2917 cor-

1995 2959 2137 3013 pora
2166 2943 2322 2998 enim
2355 2959 2424 2997 ex
2454 2941 2568 3008 his,
2594 2942 2706 2998 illas
2737 2947 2934 2999 autem
2967 2945 3340 3017 incorporeas.

2067 3031 2336 3102 Inhaeres,
2368 3031 2466 3086 Gr.
2501 3030 2759 3100 ἐνιζάνον.
2792 3032 3064 3090 Insidens
3093 3039 3152 3090 et
3179 3035 3507 3094 immanere
3555 3039 3644 3095 fa-

1995 3137 2175 3177 olens.

2067 3211 2346 3267 Leoninis.
2401 3212 2494 3266 Ha:
2545 3211 2744 3267 formas
2807 3212 3142 3269 divinorum
3191 3219 3257 3270 et
3305 3225 3642 3275 sanctorum

229 3299 513 3380 χερουϐὶμ
558 3304 648 3358 καὶ
701 3304 846 3378 παρά
909 3308 990 3374 τῷ
1049 3301 1224 3375 [θείῳ]
1273 3299 1537 3370 Ἰεζεκιήλ
1593 3300 1683 3355 καὶ
1739 3301 1886 3374 παρὰ

2017 3301 2323 3372 :herubim,
2351 3305 2409 3356 et
2434 3301 2505 3356 ab
2534 3301 2834 3357 Ezechiele
2864 3308 2918 3358 et
2947 3302 3305 3378 diviniloquo
3335 3307 3563 3366 Joanne
3586 3309 3645 3365 in

232 3399 309 3465 τῷ
369 3395 638 3466 θεσπεσίῳ
693 3395 906 3467 Ἰωάννῃ
980 3391 1032 3447 ἐν
1107 3394 1178 3466 τῇ
1236 3390 1605 3465 ’Δποκαλύψει
1664 3388 1891 3466 ἀνεγρά-

241 3504 444 3562 φησιν.

306 3575 525 3646 Ἐσμῶν
564 3615 575 3627 .

240 3662 483 3732 πλῆθος.

313 3750 414 3806 Καὶ
445 3752 508 3806 τὸ
537 3747 827 3826 ὀρνιθείας.
859 3750 990 3807 Οἷον
1026 3745 1390 3823 ὀρνιθοειδοῦς
1442 3749 1656 3824 μορφῆς
1704 3745 1793 3801 καὶ
1844 3743 1895 3818 ἐξ

245 3841 506 3916 ὀρνίθων.

315 3929 501 3987 Ζώων.
536 3934 656 3984 Ζῶα
684 3926 828 3984 ἄλλα
855 3928 1043 4006 φησὶν,
1076 3927 1188 3982 οἷον
1214 3925 1442 3997 ἵππους,
1487 3925 1776 3998 ἡμιόνους,
1806 3921 1897 3979 καὶ

239 4019 309 4074 τὰ
351 4022 579 4075 τοιαῦτα
611 4020 675 4057 ¹⁹·
710 4016 844 4080 ὕλας
877 4015 934 4071 δὲ
983 4016 1328 4090 ἀτιμοτέρας,
1364 4017 1478 4068 οἷον
1549 4013 1773 4090 θρόνους
1825 4013 1902 4075 ὡς

243 4109 303 4164 ἆκ
364 4106 565 4179 ξύλων,
597 4106 688 4162 καὶ
745 4104 1008 4182 τροχοὺς,
1053 4106 1139 4160 καὶ
1202 4103 1474 4181 ῥομφαίας
1533 4103 1593 4158 ἐκ
1648 4101 1898 4179 σιδήρου,

243 4199 317 4260 ὡς
348 4198 448 4264 τήν
485 4195 754 4272 ῥομφαίαν
788 4197 890 4265 τὴν
920 4194 1320 4266 ὲξεσπασμένην
1354 4192 1440 4247 ἐπὶ
1489 4193 1580 4246 τὸν
1628 4189 1859 4265 Βαλαάμ
1882 4209 1897 4226 ·

239 4288 329 4341 καὶ
361 4289 424 4355 ἣν
460 4283 596 4341 εἶδεν
630 4287 659 4341 6
691 4281 877 4356 Δαυὶδ,
911 4284 984 4346 ὡς
1031 4283 1083 4337 ἐν
1131 4288 1254 4344 ταῖς
1309 4279 1624 4344 Βασιλείαις
1685 4277 1901 4358 εἴρηται

245 4372 453 4452 βιϐλίῳ
487 4377 553 4450 β’·
582 4375 673 4430 καὶ
705 4377 921 4451 ἅρματα
952 4374 1026 4435 ὠς
1057 4370 1264 4444 ξύλινα.

316 4485 611 4558 Ἐμπαθές.
661 4482 935 4555 Έμπαθές
984 4479 1152 4557 λέγει,
1201 4477 1390 4550 ἐπειδὴ
1449 4480 1512 4535 τὸ
1566 4474 1902 4555 λιοντὸμορ-

239 4595 347 4653 Γξιον
379 4573 612 4647 θυμικόν
641 4592 694 4627 τι
721 4571 974 4644 σημαίνει
1013 4591 1024 4604 υ
1057 4569 1146 4624 καὶ
1179 4569 1243 4623 τὸ
1278 4568 1538 4642 μόσχειον
1594 4565 1734 4630 εἶδος
1785 4566 1900 4622 ἐπι-

239 4675 306 4728 θυ
316 4661 553 4735 μητικόν
585 4680 596 4692 ·

237 4751 608 4826 Ὀμοιότητας
660 4747 717 4805 δέ
763 4769 897 4823 φησι
941 4748 1034 4811 τὰς
1086 4750 1422 4820 ὁμοιωτικᾶς
1465 4747 1714 4808 ὑπονοίας
1740 4767 1752 4781 ·
1784 4768 1904 4802 τοι·

237 4843 446 4918 γαροῦν
503 4839 654 4915 λέγει
703 4840 731 4894 6
779 4838 1142 4907 ²⁰⁹Ιεζεκιήλ,
1172 4836 1245 4899 ὡς
1298 4837 1561 4910 ὁμοίωμα
1610 4835 1903 4912 ἑωρακέναι

235 4935 341 4985 τοῦ
373 4929 576 5006 θρόνου
612 4948 626 4962 ο
657 4929 747 4983 καὶ
801 4927 1064 5001 ὁμοίωμα
1115 4924 1362 4997 λέοντος,
1395 4924 1528 5002 ὅπερ
1581 4923 1750 4997 δηλοῖ
1802 4927 1901 4996 τήν

241 5015 632 5092 πλασματώδη
665 5021 771 5072 τῶν
807 5014 1114 5072 δοκούντων
1148 5015 1442 5091 φαντασίαν
1476 5036 1487 5048 ο
1543 5013 1626 5069 διὸ
1675 5015 1903 5070 κάνταῦο

665 3572 867 3646 Ἐσμός
967 3569 1079 3625 ἔστι
1177 3569 1240 3625 τὸ
1341 3567 1890 3646 συμπεπληρωμένον

244 5121 313 5175 θα
360 5107 577 5182 εἴρηται
610 5127 622 5140 ⁸
672 5107 959 5181 ’Δνόμοιοι
1009 5108 1335 5180 ὁμοιότητες
1368 5123 1380 5136 ·
1431 5105 1491 5160 οὐ
1543 5106 1647 5180 γὰρ
1704 5105 1906 5168 πάντας

242 5197 482 5271 ὁμοίους
513 5198 616 5272 ὁρᾷ
646 5198 674 5251 6
704 5198 1013 5274 προφήτης,
1038 5193 1186 5250 ἀλλὰ
1209 5194 1335 5258 τοὺς
1372 5195 1465 5268 μὶν
1496 5191 1750 5266 τοιώσδε,
1776 5193 1904 5257 τοὺς

243 5284 303 5341 εὶ
333 5283 572 5341 τοιώσδε
602 5306 614 5319 ·
651 5283 797 5341 ἀλλᾶ
826 5284 914 5340 καὶ
949 5284 1202 5359 ἀνόμοιοί
1235 5283 1335 5339 εἶσι
1365 5282 1671 5357 παντελῶς,
1705 5285 1784 5346 οἷς
1815 5281 1904 5338 6o-

239 5382 432 5434 κοῦσιν
466 5376 601 5433 εἶναι
634 5377 822 5451 δμοιοι
853 5396 866 5409 ·
902 5373 1057 5433 οὐδὶν
1105 5381 1206 5455 γὰρ
1258 5375 1498 5449 λέοντος,
1528 5375 1562 5448 ἧ
1598 5375 1836 5452 μόσχου,
1867 5375 1903 5446 ἢ

1999 3390 2344 3465 Apocalypsi
2377 3390 2681 3462 descriptae
2713 3395 2870 3448 sunt.

2075 3569 2458 3639 Examinibus,
2491 3568 2589 3625 Gr.
2612 3565 3024 3642 ἒσμῶν,Ἐσμός
3056 3576 3145 3628 est
3173 3573 3646 3646 completamul-

2003 3659 2218 3715 titudo.
3335 3675 3337 3677 ·

2077 3748 2144 3804 Et
2171 3745 2455 3821 ὀρνιθείας,
2488 3748 2671 3804 veluti
2700 3748 2924 3806 volucri
2968 3749 3182 3808 similis
3233 3752 3433 3809 forma:
3482 3757 3540 3812 et
3585 3771 3655 3811 ex

2007 3836 2230 3893 avibus.

2079 3927 2447 3983 Animalium.
2475 3927 2767 3983 Animalia
2799 3927 2912 3984 alia
2942 3929 3104 4000 dicit,
3141 3935 3203 3986 ut
3233 3946 3432 4002 equos,
3461 3933 3655 3991 mulos

2009 4019 2064 4072 et
2093 4015 2342 4083 similia;
2378 4016 2656 4071 materias
2688 4021 2883 4072 autem
2913 4016 3172 4088 viliores,
3207 4024 3272 4075 ut
3310 4022 3480 4078 sedes
3526 4027 3656 4078 tan-

2010 4122 2186 4176 quam
2219 4121 2288 4160 ex
2317 4105 2517 4176 lignis,
2550 4109 2606 4160 et
2636 4111 2792 4161 rotas
2827 4110 2883 4161 et
2913 4107 3245 4179 romphaeas
3276 4125 3344 4165 ex
3376 4111 3559 4181 ferro;
3595 4117 3660 4168 ut

2010 4195 2366 4265 romphaeam
2400 4198 2721 4249 extractam
2757 4195 2814 4250 in
2857 4195 3091 4251 Balaam
3146 4203 3203 4252 et
3252 4215 3429 4270 quam
3479 4200 3657 4257 David

2009 4284 2156 4340 vidit
2187 4302 2198 4339 :
2234 4283 2387 4339 sicut
2416 4282 2636 4338 dictum
2669 4288 2758 4340 est
2787 4285 2847 4340 in
2878 4284 3027 4340 libro
3060 4287 3318 4344 secundo
3352 4288 3663 4362 Regum;et

2011 4391 2220 4431 currus
2251 4373 2432 4429 veluti
2465 4371 2710 4445 ligneos.

2079 4480 2492 4534 Passionatum.
2551 4477 2870 4534 Aﬂ'ectibus
2923 4479 3240 4537 obnoxium
3290 4482 3453 4552 dicit,
3509 4500 3666 4556 quo-

2014 4567 2175 4624 niam
2211 4568 2396 4623 forma
2427 4567 2664 4622 leonina
2691 4567 2914 4639 aliquid
2968 4569 3267 4628 irascibile
3315 4573 3558 4643 indicat,
3608 4578 3667 4629 et

661 4661 816 4716 ἅτινα
871 4660 1015 4729 πάθη
1102 4658 1192 4712 καὶ
1272 4657 1481 4734 μεγάλα
1540 4658 1889 4733 ὑπάρχουσιν

2017 4658 2237 4730 species
2264 4655 2514 4712 vitulina
2544 4657 3024 4728 concupiscibile,
3057 4676 3183 4731 quae
3229 4662 3556 4733 passiones,
3606 4668 3666 4720 et

2016 4746 2249 4818 quidem
2279 4761 2525 4817 magnae,
2565 4749 2723 4802 sunt.
2774 4746 3206 4805 Similitudines
3255 4755 3450 4807 autem
3501 4752 3664 4818 dicit,

2015 4853 2227 4893 sensus
2257 4835 2586 4891 reconditos
2617 4834 2733 4890 vim
2764 4836 3138 4894 assimilandi
3169 4840 3491 4896 habentes:
3520 4842 3663 4896 dicit

2016 4925 2195 4999 igitur
2226 4924 2509 4992 Ezechiel,
2542 4929 2831 4996 tanquam
2863 4926 3320 4985 similitudinem
3349 4929 3546 4985 throni
3576 4930 3665 4986 vi—

2015 5017 2196 5082 disse,
2231 5018 2286 5070 et
2317 5014 2772 5070 similitudinem
2804 5015 3015 5084 leonis;
3047 5019 3198 5088 quod
3235 5017 3489 5074 declarat
3521 5019 3669 5075 ficti-

2014 5105 2156 5160 tiam
2191 5104 2560 5176 cpinantium
2593 5104 3074 5176 imaginationem
3110 5124 3122 5162 :
3156 5107 3287 5161 ideo
3318 5106 3413 5162 hic
3443 5109 3668 5166 dictum

2015 5194 2426 5262 est,di.ssimiles
2455 5191 2859 5250 similitudines
2887 5214 2904 5249 :
2943 5211 3132 5267 neque
3161 5195 3318 5252 enim
3352 5213 3558 5254 omnes
3589 5199 3672 5255 si-

2016 5283 2183 5339 miles
2218 5283 2501 5355 propheta
2529 5282 2704 5350 videt;
2730 5284 2831 5338 sed
2865 5284 2973 5339 hos
3006 5284 3240 5350 quidem
3269 5287 3374 5353 sic,
3403 5286 3535 5344 illos
3566 5306 3668 5345 au-

2016 5378 2135 5430 tem
2167 5371 2251 5430 sic
2286 5389 2298 5428 :
2324 5387 2525 5428 verum
2557 5371 2879 5428 dissimiles
2910 5373 3150 5431 omnino
3182 5380 3323 5432 sunt
3354 5376 3670 5450 iis,quibus

1259 5582 1502 5640 VARIIE
1540 5580 1934 5640 LECTIONES
1972 5578 2061 5635 ET
2098 5573 2667 5636 GORRECTIONES.

321 5758 367 5798 ⁸⁸
401 5753 627 5828 ἐκεῖναι,
660 5755 910 5815 refertur
933 5755 1091 5813 enim
1124 5756 1198 5813 ad
1229 5752 1432 5811 οὐσίαι.
1509 5756 1555 5792 ¹⁹
1578 5749 1790 5824 ἳππων,
1821 5747 2071 5824 ἡμιόνων
2100 5747 2188 5804 καὶ
2221 5746 2328 5800 τῶν
2359 5741 2648 5803 τοιούτων.
2721 5745 2768 5782 ³ο
2797 5740 2941 5820 λέγει
2971 5765 3071 5822 γαρ
3106 5747 3154 5806 ὁ,
