4158 6370
491 390 573 459 39,
1308 386 1675 442 APPENDIX
1714 388 1812 442 ΔΙ)
1847 387 2088 441 OPERA
2123 388 2184 441 Β.
2224 386 2537 443 DIONYSII
2574 390 3073 450 ABEOPAGITE.
3834 402 3905 457 4ο

487 516 762 572 videntur
790 529 918 571 esse
948 512 1174 571 similes
1209 532 1221 570 :
1256 513 1404 571 nihil
1435 513 1592 570 enim
1626 511 1813 569 leonis
1843 515 1945 567 aut
1971 510 2132 567 vituli

2260 514 2358 565 τῶν
2393 511 2515 583 ἑξῆς
2547 514 2770 584 ἀληθῶς
2820 509 3009 591 ἔχουσι
3040 535 3054 549 ⁸
3088 517 3139 572 τί
3166 515 3222 573 δὲ
3252 516 3421 592 δηλοῖ
3445 523 3507 577 τὸ
3538 521 3823 599 ἀνόμοιον,
3856 526 3909 583 ἰν

487 610 590 661 aut
620 603 981 677 reliquorum
1011 620 1145 661 vere
1170 604 1427 676 habent;
1452 603 1594 676 quid
1626 619 1800 676 porro
1852 601 2146 674 signiﬁcet

488 693 771 767 ἀνόμοιον,
804 693 863 750 in
895 695 1285 767 sequentibus
1312 693 1595 751 invenies.

560 785 965 856 Verumtamen,
1012 785 1111 841 Gr.
1163 780 1290 838 ἀλλ’
1339 784 1397 853 ἡ.
1451 784 1559 840 Per
1606 782 1849 838 modum
1898 796 2141 852 respon-

488 873 696 931 sionis.

562 964 627 1020 Ut
653 979 829 1036 neque
858 962 1086 1021 divinae.
1121 961 1437 1019 Pollicelur
1466 976 1570 1034 per
1615 958 1910 1033 propriam
1958 957 2139 1014 inter-

490 1053 878 1126 pretationem
905 1057 1226 1125 utrumque
1248 1052 1581 1122 ostendere;
1600 1054 1667 1106 ut
1688 1065 1878 1121 neque
1906 1047 2139 1104 videan-

488 1146 584 1198 tur
613 1142 868 1199 coelestia
899 1142 1119 1213 iniuria
1148 1141 1326 1208 afﬁci,
1358 1156 1549 1212 neque
1579 1156 1687 1195 nos
1716 1138 1776 1193 in
1819 1137 2139 1209 humipetis

485 1230 807 1288 vilitatibus
838 1230 1000 1287 inﬁxi
1031 1247 1181 1300 esse,
1213 1232 1355 1287 dum
1388 1230 1544 1285 circa
1573 1226 1855 1285 animalia
1886 1243 2014 1300 quae
2068 1228 2141 1283 de

486 1321 710 1393 angelis
740 1320 1040 1392 dicuntur,
1074 1337 1404 1377 versamur.

555 1409 754 1464 Merito
785 1407 1035 1463 obducta.
1069 1406 1189 1463 Cur
1215 1407 1387 1479 signa
1415 1421 1618 1463 eorum
1651 1422 1777 1477 qua
1818 1405 2008 1477 ﬁgura
2038 1420 2139 1459 ex-

487 1496 662 1569 primi
694 1502 1021 1569 nequeunt,
1052 1498 1172 1552 sint
1200 1496 1426 1569 ﬁgurae,
1459 1500 1515 1551 et
1543 1511 1744 1552 eorum
1778 1511 1906 1567 quae
1950 1495 2140 1550 forma

487 1590 707 1653 carent,
738 1587 960 1654 formes,
995 1586 1102 1642 hoc
1133 1585 1260 1641 loco
1293 1585 1456 1641 dicit.

561 1677 600 1730 7
635 1676 973 1747 Inﬁguratis,
1007 1678 1103 1731 Gr.
1153 1671 1603 1749 ἀσχηματίστων.
1654 1678 1763 1729 Pro
1802 1675 2001 1744 [arma
2043 1689 2139 1729 ea:-

487 1766 730 1834 pertium
741 1805 754 1820 .

553 1855 897 1911 Immediate.
930 1858 1047 1910 Hoc
1078 1858 1168 1910 est
1197 1870 1312 1910 non
1346 1869 1450 1926 per
1480 1854 1708 1910 medias
1743 1854 1983 1925 ﬁguras,
2035 1851 2133 1908 sed

484 1944 797 2001 confestim
828 1948 885 1999 et
915 1944 1103 2016 primo
1135 1943 1304 2013 nisu;
1338 1942 1484 1998 illud
1539 1946 1736 2000 autem
1782 1940 2139 2015 praetendunt

482 2033 633 2089 idem
666 2036 755 2089 est
783 2048 919 2090 cum
947 2038 1278 2105 praeponunt
1310 2037 1368 2089 ct
1392 2034 1778 2105 praestituunt.

551 2212 953 2268 Formationes.
994 2211 1144 2268 Nota
1174 2213 1325 2282 quod
1373 2210 1700 2285 incorporei
1750 2215 1809 2268 et
1854 2210 2136 2266 informes

484 2300 603 2357 sint
634 2317 646 2356 :
683 2301 920 2373 quando
952 2300 1133 2373 igitur
1162 2300 1423 2357 audieris
1456 2301 1526 2355 de
1552 2296 2135 2372 supersubstantiali,

484 2390 729 2460 quicum
759 2391 816 2445 in
836 2392 1018 2461 forma
1039 2393 1140 2446 Dei
1161 2394 1299 2446 esset
1318 2388 1971 2461 (g),immutabilitatem
2000 2402 2139 2459 erga

487 2479 711 2534 Patrem
743 2479 1035 2551 intelligo;
1067 2478 1179 2535 hoc
1209 2480 1366 2535 enim
1399 2478 1653 2534 declarat
1703 2483 1759 2534 et
1806 2480 1989 2547 imago
2039 2476 2139 2533 Dei

482 2569 786 2625 invisibilis
807 2568 970 2641 (h),et
1000 2568 1277 2637 illuszui
1302 2568 1437 2623 vidit
1458 2568 1709 2634 me,vidit
1727 2574 1783 2623 et
1806 2574 2027 2624 Patrem
2049 2568 2134 2640 (i).

480 2657 573 2712 Sic
604 2657 779 2713 etiam
809 2662 1050 2714 sanctus
1080 2657 1332 2713 Basilius
1364 2657 1783 2729 interpretatur
1812 2657 1871 2712 in
1917 2673 2134 2713 sermo-

483 2762 555 2802 ne
581 2746 654 2802 ad
684 2748 987 2819 prOprium
1020 2748 1258 2803 fratrem
1292 2747 1363 2802 de
1411 2746 1743 2801 differentia
1792 2746 2134 2802 substantia

480 2840 538 2889 et
567 2835 990 2891 subsistentiis.

552 2926 579 2991 §
627 2924 725 2979 III.
775 2925 1059 2994 Duplicem
1104 2940 1219 2979 esse
1265 2940 1459 2981 sacrae.
1494 2924 1871 2979 Divinitatem
1904 2924 2136 2981 duobus

484 3012 677 3067 modis
706 3012 932 3066 laudari
965 3027 979 3067 :
1013 3016 1116 3067 aut
1145 3012 1401 3068 similem
1436 3013 1948 3079 omnibus,omnia
1976 3012 2132 3069 enim

480 3108 540 3161 in
574 3101 704 3172 ipsa
723 3103 1076 3170 consistunt;
1100 3104 1202 3157 aut
1218 3100 1372 3157 sicut
1392 3101 1768 3170 dissimilem,
1804 3101 1950 3156 nihil
1974 3102 2131 3157 enim

481 3194 571 3245 est
602 3189 1036 3246 universorum.

2247 606 2365 663 τοῖς
2397 602 2518 675 ἑξῆς
2551 604 2818 679 εὑρήσεις.

2321 778 2483 836 Ἀλλ’
2606 780 3073 859 Ἀπολογητικῶς.

2320 958 2433 1031 [α’.]
2464 962 2549 1021 Ὠς
2584 960 2725 1033 μήτε
2754 957 2831 1023 εἷς
2860 959 2953 1024 τὰς
2986 960 3154 1026 Θείας.
3188 962 3618 1041 Ἐπαγγέλλεται
3669 963 3758 1021 διὰ
3804 969 3909 1038 τῆς

2250 1042 2390 1130 ῗδίας
2458 1047 2750 1124 ἑρμηνείας
2795 1047 3054 1107 δεικνύειν
3110 1053 3384 1130 ἑκάτερον,
3436 1056 3512 1120 ὡς
3562 1056 3702 1129 μήτε
3753 1053 3905 1128 δόξαι

2249 1129 2560 1208 ὑϐρίζεσθαι
2600 1138 2665 1194 τὰ
2716 1140 2960 1216 οὐράνια,
2997 1143 3137 1215 μήτε
3190 1129 3338 1217 ἡμᾶς
3392 1144 3468 1206 εἱς
3517 1144 3910 1220 χαμαιζήλους

2246 1225 2638 1297 ταπεινότητας
2669 1227 2979 1305 ἐμπαγῆναι
3012 1230 3137 1307 περὶ
3160 1235 3269 1287 τῶν
3304 1230 3354 1287 έν
3388 1231 3647 1310 ἀγγέλοις
3674 1233 3907 1310 λεγομέ-

2248 1334 2353 1369 νων
2386 1316 2564 1384 ζώων.
2616 1329 2629 1341 ”

2472 1404 2710 1468 Εἰκότως
2768 1402 3202 1483 προϐέϐληνται.
3232 1410 3330 1465 Διά
3384 1410 3437 1465 τί
3490 1406 3744 1485 σύμϐολα
3794 1417 3907 1468 τῶν

2246 1492 2545 1550 ἀτυπώτων
2575 1496 2626 1551 οἱ
2657 1496 2820 1553 τύποι
2850 1499 2939 1553 καὶ
2989 1502 3096 1553 τῶν
3149 1499 3500 1579 ἀμορφώτωοι
3559 1502 3613 1556 αἱ
3674 1501 3907 1578 μορφαὶ,

2248 1581 2475 1638 ἐνταῦθά
2500 1606 2686 1662 φησιν.

2320 1673 2497 1748 Ἀσχη
2510 1674 2805 1747 ματίστων.
2840 1677 2984 1733 Ἀντὶ
3018 1681 3116 1732 τοῦ
3147 1678 3515 1757 ἀμορφώτων.

2320 1852 2432 1927 [γ’.]
2481 1853 2748 1927 Ἀμέσως.
2801 1855 3060 1910 Τουτέστι
3123 1856 3199 1928 μὴ
3261 1853 3350 1910 διὰ
3410 1854 3588 1930 μέσων
3644 1860 3753 1911 τῶν
3809 1855 3906 1911 τύ-

2248 1958 2388 2009 πων,
2425 1937 2551 1995 ἀλλ’
2581 1942 2795 2017 ἀθρόως
2848 1944 2940 1997 καὶ
2996 1943 3132 1999 κατά
3187 1945 3412 2019 πρώτην
3471 1938 3739 2015 ἐπιϐολήν
3771 1963 3786 1978 ⁶
3840 1945 3907 1998 τὸ

2250 2024 2307 2082 δὲ
2354 2029 2690 2105 προτείνουσι
2738 2027 2932 2087 ταύτόν
2990 2031 3103 2089 ἐστι
3154 2038 3234 2106 τῷ
3264 2031 3603 2110 προτιθέασι,
3629 2032 3721 2088 καὶ
3768 2053 3908 2109 προ-

2249 2111 2568 2176 ϐἀλλόνται.

2319 2203 2432 2280 [δ’.]
2491 2210 2837 2287 Μορφώσεις.
2920 2211 3263 2285 Σημείωσαι,
3319 2210 3401 2267 ὅτι
3486 2211 3555 2266 τὰ
3639 2211 3907 2285 ἀσώματα

2246 2295 2551 2372 ἀμόρφωτά
2582 2299 2713 2353 εἰσιν
2748 2318 2761 2333 ·
2799 2301 2923 2355 ὅταν
2952 2299 3042 2356 οὖν
3076 2300 3309 2374 ἀκούσῃς
3360 2300 3486 2376 περὶ
3542 2300 3639 2355 τοῦ
3673 2301 3906 2375 ὑπερθυ-

2248 2387 2389 2460 σίου,
2421 2387 2481 2448 ’ὀς
2513 2385 2565 2441 ἐν
2617 2390 2801 2466 μορφῇ
2852 2392 2985 2444 Θεοῦ
3038 2390 3326 2466 ὑπάρχων,
3354 2390 3414 2444 τὸ
3474 2387 3900 2466 ἀπαράλλακτον

2246 2481 2383 2557 πρὸς
2413 2479 2507 2533 τὸν
2539 2478 2729 2532 ἑαυτοῦ
2760 2476 2973 2552 Πατέρα
3001 2478 3198 2549 νόησόν
3234 2497 3250 2513 ·
3281 2482 3442 2533 τοῦτο
3473 2477 3572 2554 γὰρ
3615 2476 3782 2548 δηλοῖ
3808 2478 3901 2533 καὶ

2245 2573 2280 2640 ἡ
2314 2569 2470 2624 εἲκὼν
2526 2567 2622 2621 τοῦ
2680 2570 2813 2620 Θεοῦ
2865 2570 2960 2620 τοῦ
3020 2564 3274 2643 ἀοράτου,
3306 2566 3397 2621 καὶ
3453 2567 3515 2621 τό
3552 2584 3564 2598 ·
3609 2567 3671 2623 Ὁ
3722 2566 3899 2638 ἑωρα-

2244 2660 2355 2721 κὼς
2420 2656 2537 2731 ἐμὲ,
2583 2657 2788 2731 ἑώρακε
2853 2655 2944 2709 τὸν
3020 2657 3250 2731 Πατέρα.
3303 2655 3460 2712 Οὕτω
3513 2654 3600 2709 καὶ
3661 2655 3687 2709 ὁ
3747 2655 3901 2731 ἅγιος

2245 2749 2529 2809 Βασίλειος
2561 2747 2847 2821 ὲρμηνεύει
2889 2744 2940 2801 ἐν
2973 2751 3053 2819 τῷ
3093 2747 3231 2822 πρὸς
3272 2747 3361 2801 τὸν
3413 2744 3612 2800 οἰκεῖον
3660 2742 3899 2822 ἀδελφὸν

2246 2838 2417 2913 λόγῳ,
2444 2841 2525 2909 τῷ
2554 2835 2677 2909 περὶ
2711 2834 2973 2913 διαφορᾶς
3006 2833 3191 2897 οὐσίας
3222 2834 3312 2889 καὶ
3348 2832 3713 2895 ὑποστάσεως.

2315 2930 2469 2998 §III.
2519 2927 2608 2989 Ὡς
2666 2923 2847 2989 διττός
2906 2924 3016 2979 ἐστι
3077 2931 3176 2994 τῆς
3237 2926 3407 2998 ἱερᾶς.
3449 2926 3570 2977 Ὅτι
3626 2921 3764 2977 κατά
3805 2918 3903 2977 δύο

2242 3017 2481 3090 τρόπους
2516 3015 2760 3088 ὑμνεῖται
2789 3013 2852 3069 τὸ
2898 3013 3076 3069 Θεῖονδ
3107 3014 3141 3083 ἢ
3176 3013 3250 3076 ὡς
3283 3012 3478 3085 ὅμοιον
3502 3017 3633 3067 πᾶσι
3677 3029 3688 3044 ·
3729 3013 3907 3067 πάντα

2240 3106 2341 3180 γὰρ
2373 3104 2425 3160 ἐν
2479 3104 2627 3175 αὐτῷ
2682 3101 2987 3157 συνίσταται
3023 3121 3036 3136 ·
3070 3101 3105 3171 ἢ
3151 3102 3223 3164 ὡς
3253 3102 3512 3174 ἀνόμοιον
3548 3119 3560 3132 ’
3596 3096 3750 3156 οὐδὶν
3800 3099 3904 3177 γάρ

2244 3193 2354 3250 ἔστι
2385 3198 2492 3249 τῶν
2521 3192 2689 3249 ὅλων.

548 3279 656 3335 Per
682 3278 1009 3335 dissimilia.
1040 3280 1203 3345 Quod
1235 3280 1436 3352 ﬁguris
1468 3297 1571 3352 per
1600 3279 1819 3336 similia
1849 3284 1906 3335 et
1954 3279 2132 3336 dissi-

2316 3283 2414 3338 Διά
2458 3287 2567 3338 τῶν
2615 3280 2912 3354 ἀνομοίων.
2946 3282 3069 3339 ’Ότι
3117 3278 3187 3335 δι’
3239 3279 3444 3355 ὁμοίων
3491 3279 3583 3334 καὶ
3633 3277 3908 3352 ἀνομοίων

480 3367 644 3423 milia
677 3368 1000 3441 ﬁngantur,
1033 3372 1089 3424 et
1129 3370 1422 3440 quomodo
1473 3370 1795 3443 ﬁngantur,
1850 3369 1961 3426 hoc
2008 3368 2134 3427 loco

478 3461 713 3514 tractat.

548 3546 858 3619 Aliquando
880 3546 1100 3619 quidem
1128 3550 1190 3603 ut
1212 3549 1454 3604 verbum.
1489 3548 1828 3605 Secundum
1861 3549 2002 3620 quid
2037 3548 2133 3603 di-

478 3636 632 3691 citur
660 3637 904 3690 verbum
936 3642 993 3691 et
1026 3654 1216 3705 mens,
1249 3637 1404 3693 Deus
1438 3655 1451 3692 :
1485 3639 1543 3692 in
1572 3655 1638 3693 eo
1670 3654 1683 3693 :
1721 3640 1853 3706 Quis
1881 3640 2134 3709 cognovit

474 3740 693 3778 sensum
724 3724 942 3779 Domini
973 3724 1046 3795 (k)
1067 3728 1091 3777 .9
1120 3730 1177 3780 et
1206 3726 1265 3779 in
1298 3742 1364 3781 eo
1400 3743 1414 3783 :
1447 3727 1512 3781 Et
1541 3729 1750 3790 factum
1780 3732 1861 3782 est
1904 3728 2131 3783 verbum

476 3813 699 3867 Domini
727 3812 798 3867 ad
826 3829 912 3868 me
942 3814 1131 3869 dicens
1162 3814 1313 3885 (l),et
1342 3831 1469 3886 quae
1510 3815 1821 3886 deinceps;
1873 3816 2127 3871 rationa-

478 3899 764 3955 bilitatem
799 3906 997 3957 autem
1027 3900 1169 3957 dicit
1197 3902 1257 3957 in
1290 3907 1549 3970 Deo,non
1583 3904 1735 3975 quod
1770 3902 1909 3958 velit
1937 3904 2127 3960 decla-

473 4005 601 4044 rare
632 3988 820 4044 Deum
855 4005 984 4046 esse
1016 3989 1682 4063 rationalem,tanquam
1717 3992 1961 4049 rationis
1992 4009 2127 4065 par-

471 4077 852 4148 ticipem;hoc
883 4079 1039 4134 enim
1083 4079 1466 4136 manifestum
1518 4087 1638 4149 est;
1694 4081 1795 4137 sed
1848 4083 2003 4153 quod
2052 4081 2129 4137 sit

469 4165 725 4238 ipsamet
756 4168 1347 4239 rationabilitas,cum
1382 4174 1538 4227 totus
1568 4170 1812 4227 exsistat
1843 4172 2010 4239 ratio;
2032 4188 2121 4227 es-

469 4256 722 4312 sentiam
757 4261 953 4313 autem
988 4257 1195 4314 dicunt
1225 4258 1284 4313 in
1316 4259 1454 4330 Deo,
1486 4275 1619 4315 cum
1663 4259 1938 4315 dixerunt
1973 4278 1985 4316 :
2020 4262 2124 4332 Ego

468 4362 592 4402 sum
626 4349 726 4419 qui
754 4348 1103 4418 sum,et,Qui
1130 4348 1389 4418 esl,misit
1418 4365 1504 4405 me
1534 4350 1736 4420 (m);Tu
1764 4357 1954 4405 autem
1985 4349 2127 4405 idem

469 4435 584 4505 ipse
614 4451 667 4491 es
696 4436 951 4507 (n).Nam
984 4436 1055 4492 ab
1088 4435 1220 4489 εἶναι
1252 4441 1309 4493 et
1339 4432 1493 4498 ὄντος
1526 4438 1590 4493 ﬁt
1616 4436 1752 4491 οὖσα
1778 4446 1833 4493 et
1857 4438 1993 4495 inde
2016 4441 2123 4494 de-

471 4523 708 4579 ducitur
740 4522 919 4593 οὐσία,
953 4525 1314 4581 substantia.

2244 3372 2570 3430 πλάττονται
2649 3372 2700 3426 οἱ
2753 3372 2915 3426 τύποι
2951 3390 2963 3403 ·
3022 3370 3114 3425 καὶ
3187 3374 3305 3431 πῶς
3381 3367 3737 3436 πλάττονται,
3796 3365 3906 3422 ὧδέ

2244 3484 2376 3538 φησι
2409 3465 2479 3518 ²¹.

2314 3552 2451 3607 Ποτὶ
2513 3552 2605 3624 μὶν
2666 3550 2739 3611 ὡς
2799 3547 2986 3623 λόγον.
3024 3548 3169 3605 Κατά
3217 3568 3269 3601 τι
3330 3546 3544 3623 λέγεται
3597 3544 3765 3622 λόγος
3811 3545 3907 3600 καὶ

2239 3645 2363 3702 νοῦς
2394 3642 2421 3695 6
2454 3639 2583 3702 Θεός
2620 3659 2632 3672 ·
2667 3637 2716 3692 ἐν
2750 3642 2829 3709 τῷ
2861 3657 2872 3669 ·
2906 3638 3005 3699 Τίς
3052 3633 3193 3713 ἔγνω
3246 3640 3370 3691 νοῦν
3427 3635 3666 3708 Κυρίου;
3698 3634 3790 3689 καὶ
3848 3634 3903 3689 ἐν

2239 3735 2364 3803 τῷ·
2422 3734 2523 3784 Καὶ
2579 3727 2790 3804 ἐγένετο
2874 3725 3045 3801 λόγος
3118 3726 3321 3802 Κυρίου
3380 3725 3517 3799 πρὸς
3581 3726 3647 3797 μὶ
3705 3722 3902 3797 λέγων,

2238 3821 2324 3874 καὶ
2385 3821 2451 3873 τὰ
2508 3819 2652 3890 ἑξῆς.
2684 3817 2999 3891 Λογιότητα
3044 3812 3100 3869 δέ
3160 3836 3321 3892 φησιν
3354 3813 3440 3869 ἐπὶ
3470 3818 3569 3869 τοῦ
3602 3817 3759 3880 Θεοῦ,
3793 3811 3903 3887 οὐχ

2239 3910 2320 3963 ὅτι
2356 3907 2579 3982 λογικὸν
2632 3904 2778 3970 θέλει
2828 3902 3078 3975 δηλῶσαι
3128 3905 3218 3958 τὸν
3276 3904 3424 3970 Θεὸν,
3460 3903 3533 3963 ὡς
3591 3902 3903 3975 μετέχοντα

2238 3996 2402 4070 Λόγου
2431 4014 2443 4027 ’
2472 3999 2634 4049 τοῦτο
2679 3995 2780 4069 γὰρ
2833 3992 3082 4066 ἐμφαίνει
3115 4009 3128 4023 ’
3183 3988 3310 4045 ἀλλ’
3351 3990 3433 4044 δτι
3492 3988 3904 4062 αὐτολογιότης

2236 4082 2400 4153 ἐστὶν,
2435 4081 2568 4145 ὅλος
2613 4080 2776 4158 λόγος
2808 4077 2881 4135 ὤν
2918 4102 2931 4115 ·
2968 4080 3152 4135 οὐσίαν
3202 4077 3259 4133 δὲ
3310 4078 3565 4153 λέγουσιν
3612 4076 3699 4131 ἐπὶ
3737 4080 3901 4147 Θεοῦ,

2236 4173 2359 4230 ὅταν
2393 4171 2619 4228 εἷ’πωσιν
2648 4192 2661 4205 ·
2701 4172 2843 4246 Ἐγώ
2892 4169 3006 4243 εἶμι
3038 4171 3066 4225 6
3116 4167 3213 4241 ὣν,
3245 4168 3336 4224 καὶ
3394 4169 3423 4223 6
3485 4164 3556 4222 ὢν
3621 4164 3896 4222 ἀπέσταλ-

2235 4263 2295 4319 κέ
2356 4285 2422 4338 με
2454 4283 2467 4296 ·
2500 4261 2563 4316 σὺ
2595 4260 2652 4316 δὲ
2701 4262 2728 4316 6
2788 4259 2951 4322 αὐτὸς
3008 4265 3055 4314 εἷ
3091 4278 3103 4291 ·
3140 4259 3245 4313 ἀπὸ
3292 4257 3395 4333 γὰρ
3455 4260 3551 4311 τοῦ
3611 4258 3747 4311 εἶναι
3804 4255 3897 4310 καὶ

2233 4357 2329 4409 τοῦ
2401 4348 2555 4414 ὄντος
2624 4353 2659 4420 ἡ
2721 4350 2872 4419 οὖσα,
2933 4350 3022 4403 καὶ
3099 4349 3162 4403 τὸ
3237 4348 3568 4423 παράγωγον
3648 4343 3804 4399 οὐσία
3858 4345 3894 4414 ἡ

2234 4441 2479 4516 ὕπαρξις.

2304 4531 2407 4588 Καὶ
2458 4530 2622 4599 ζωήν.
2674 4529 2798 4585 ’Ότι
2850 4522 2975 4581 οὕτε
3029 4525 3165 4595 ζωὴ,
3200 4521 3325 4579 οὔτε
3373 4527 3509 4603 φῶς,
3564 4518 3685 4577 οὔτε
3740 4520 3889 4591 νοῦς,

538 4613 604 4667 Et
630 4615 819 4668 vitam.
858 4615 1021 4680 Quod
1055 4615 1213 4670 Deus
1244 4631 1433 4687 neque
1464 4616 1605 4684 vita,
1658 4633 1849 4689 neque
1898 4617 2121 4690 lumen,

2266 4616 2354 4674 ὕτε
2385 4616 2539 4673 οὐσία
2569 4616 2773 4692 κυρίως
2801 4615 3015 4692 λέγεται
3049 4616 3077 4669 6
3106 4613 3238 4676 Θεός
3269 4634 3280 4646 ·
3317 4611 3444 4669 ἀλλ’
3474 4609 3886 4684 αἱτιολογικῶς·

471 4716 663 4773 neque
694 4703 953 4758 essentia
984 4704 1216 4775 proprie
1266 4705 1526 4770 dicatur;
1580 4706 1681 4761 sed
1732 4722 1833 4776 per
1881 4707 2121 4763 modum

2261 4730 2341 4763 στι
2373 4707 2475 4783 γὰρ
2500 4705 2589 4761 καὶ
2624 4706 2755 4780 ὑπὲρ
2782 4709 2972 4773 ταῦτα,
3008 4703 3097 4758 καὶ
3131 4702 3239 4777 οὐχ
3270 4704 3357 4757 οἷα
3394 4705 3584 4759 ταῦτα.

467 4806 657 4846 causas
693 4806 707 4846 :
741 4794 833 4846 est
865 4790 1023 4846 enim
1058 4809 1241 4865 supra
1270 4791 1415 4861 hanc,
1450 4810 1639 4865 neque
1668 4794 1823 4849 sicut
1854 4794 1994 4850 haec.

540 4879 879 4935 Invisibilem
907 4881 1102 4951 ipsam.
1135 4882 1297 4946 Quod
1330 4899 1433 4953 per
1462 4883 1833 4954 negationem
1866 4884 2022 4940 dicta
2050 4886 2124 4941 de

468 4967 603 5036 Deo,
639 4969 792 5024 sicut
820 4970 1145 5040 invisibilis,
1180 4972 1454 5042 inﬁnitus,
1488 4977 1543 5027 et
1594 4972 1755 5043 talia,
1806 4973 2122 5030 dissimilia

469 5064 641 5125 sunt;
702 5059 1004 5116 declarant
1048 5062 1229 5127 enim,
1281 5078 1396 5117 non
1448 5062 1605 5135 quod
1656 5068 1769 5131 est,
1819 5064 1919 5120 sed
1971 5066 2117 5120 illud

464 5148 618 5215 quod
656 5148 805 5203 Deus
838 5167 954 5205 non
986 5150 1185 5206 estzita
1216 5150 1393 5205 etiam
1417 5151 1735 5224 Gregorius
1767 5153 2117 5226 Theologus.

535 5236 596 5291 In
626 5237 1064 5309 intelligibilcm,
1100 5238 1197 5294 Gr.
1225 5236 1474 5309 ἀνόητον.
1512 5239 1751 5298 Minime
1783 5242 2121 5316 intelligibi-

2304 4782 2563 4871 Ἀόρατον
2618 4794 2806 4866 αὐτήν.
2838 4795 2962 4851 ’Ὁτι
3003 4793 3073 4847 τὰ
3114 4791 3251 4847 κατὰ
3297 4790 3567 4869 ἀπόφασιν
3619 4782 3893 4862 λεγόμενα

2234 4884 2321 4939 ἐπὶ
2372 4888 2528 4954 Θεοῦ,
2590 4886 2708 4938 οἷον
2761 4880 3017 4958 ἀόρατος,
3079 4879 3324 4955 ἄπειρος,
3373 4880 3463 4933 καὶ
3517 4878 3584 4931 τὰ
3637 4880 3889 4944 τοιαῦτα,

2233 4972 2467 5046 ἀνόμοιά
2525 4971 2626 5026 εἰσι
2663 4991 2675 5003 ·
2729 4968 2960 5041 δηλοῦσι
3016 4971 3119 5044 γὰρ
3180 4968 3240 5022 οὐ
3300 4968 3351 5021 τί
3413 4964 3579 5034 ἔστιν,
3639 4962 3786 5019 ἀλλά
3836 4964 3891 5019 τί

2232 5062 2333 5116 οὐκ
2371 5060 2511 5116 ἔστιν
2544 5062 2571 5115 6
2602 5059 2730 5123 Θεός
2765 5081 2778 5095 θ
2816 5058 2958 5114 οὕτω
2988 5058 3075 5112 καὶ
3112 5058 3139 5111 6
3171 5053 3433 5131 θεολόγος
3463 5053 3787 5129 Γρηγόριος.

2302 5241 2579 5312 ’Δνόητον.
2612 5237 2869 5310 Ἀνόητόν
2914 5259 3077 5317 φησιν
3126 5234 3188 5291 οὐ
3236 5235 3297 5289 τὸ
3353 5230 3601 5303 ἠλίθιον,
3632 5228 3779 5286 ἀλλά
3823 5230 3888 5286 τὸ

537 5405 990 5485 lg)PI_1ilipp._lI,
1021 5408 1075 5461 6.
1152 5408 1232 5482 (ἡ)
1265 5409 1487 5468 Coloss.
1522 5428 1562 5481 ι,
1598 5413 1683 5467 15.
1763 5413 1829 5484 (i)
1858 5412 2030 5469 Joan.
2063 5430 2132 5469 xr

2260 5454 2268 5469 .
2347 5412 2425 5485 (k)
2455 5413 2476 5468 Ι
2505 5413 2635 5470 Cor.
2670 5428 2732 5480 η,
2767 5411 2853 5466 16.
2932 5410 2996 5482 (ι)
3024 5411 3141 5465 Jer.
3176 5423 3217 5477 ι,
3248 5407 3302 5462 4.
3381 5406 3482 5477 (m)
3510 5401 3889 5471 Excd.m,14.

465 5476 733 5550 (n)'Psal.
767 5476 964 5551 61,28.

1472 5608 1707 5665 VARle
1749 5608 2146 5669 LECTIONES
2187 5610 2278 5666 ET
2317 5606 2873 5667 CORRECTIONES.

537 5700 582 5737 ³⁸
617 5698 783 5777 λέγει.
