4158 6370
289 336 347 392 41
992 336 1050 389 S.
1096 333 1371 390 MAXIMI
1408 336 1714 392 BCHOLIA
1750 340 1823 391 IN
1863 339 1997 391 LIB.
2036 340 2133 391 DE
2172 339 2494 393 CCELESTI
2532 341 3006 395 HIERARCHIA.
3638 340 3709 394 42

292 461 365 533 μὴ
390 458 691 531 νοούμενον
744 457 847 511 ὑπό
892 476 1059 521 τινος·
1092 457 1341 531 ἀόριστος
1374 456 1430 513 δὲ
1459 461 1486 514 ὁ
1520 460 1671 527 Θεὸς,
1703 458 1778 521 ὡς
1827 456 1940 535 ὅρῳ

2061 461 2167 516 lem
2199 462 2481 533 dicit,non
2515 462 2895 531 atultum,sed
2927 481 2958 518 ιι
2988 462 3149 518 nullo
3179 462 3540 519 intellectum
3573 480 3585 518 :
3618 465 3705 519 in-

292 545 479 621 μηδενὶ
537 545 887 614 ὑποπίπτων,
935 544 1062 600 ἀλλ’
1115 548 1275 611 αὐτὸς
1321 549 1531 603 πάντων
1578 546 1704 622 ὅρος
1749 546 1821 602 ὣν
1854 547 1946 601 καὶ

286 638 352 692 τὰ
379 638 557 691 πάντα
613 634 667 691 ἐν
730 636 900 707 ἑαυτῷ
955 634 1176 710 ὁρίζων,
1225 634 1338 711 ὅρῳ
1386 634 1443 693 δὶ
1491 637 1597 713 οὐχ
1630 635 1942 691 ὑποπίπτει·

290 722 423 779 διότι
456 725 509 779 οἱ
547 725 646 797 μὶν
684 723 802 801 ὅροι
854 722 914 779 ὲκ
957 728 1065 779 τῶν
1117 725 1466 802 καταφάσεων
1518 726 1846 800 σύγκεινταν
1890 726 1945 779 αἱ

290 812 345 869 δὶ
382 814 710 891 καταφάσεις
756 813 842 867 ἐπὶ
891 817 1024 868 Θεοῦ
1073 812 1428 887 ἀνάρμοστοι,
1476 815 1550 876 ὡς
1596 813 1942 888 ψευδόμεναι·

291 904 418 976 ὑπὲρ
451 902 554 979 γὰρ
585 900 784 963 ταύτας
815 902 843 956 ὁ
891 902 1043 974 Θεὸς,
1074 900 1147 963 ὡς
1178 900 1275 957 οὐκ
1321 900 1394 957 ὢν
1447 902 1621 974 οὐσία,
1653 902 1780 958 ἀλλ’
1813 903 1943 979 ὑπὲρ

290 991 502 1048 οὐσίαν.

350 1189 423 1245 Αἱ
454 1187 778 1265 ἀποφάσεις.
832 1187 906 1242 Οὐ
968 1187 1132 1261 μόνον
1192 1186 1280 1243 ἐπὶ
1330 1192 1485 1257 Θεοῦ,
1534 1187 1680 1244 ἀλλά
1726 1189 1815 1244 καὶ
1855 1189 1942 1243 ἐπὶ

281 1283 388 1333 τῶν
440 1277 601 1332 θείων
656 1277 935 1347 ἁπάντων,
988 1278 1266 1332 τουτέστιν
1316 1275 1404 1331 ἐπὶ
1449 1282 1559 1333 τῶν
1622 1278 1756 1351 μετά
1812 1279 1941 1334 Θεὸν

283 1371 501 1436 νοητῶν
551 1368 794 1435 πάντων,
853 1366 945 1420 καὶ
1002 1367 1097 1427 τὰς
1152 1366 1447 1443 ἀποφάσεις
1506 1364 1732 1437 ἀληθεῖς
1810 1366 1945 1422 εἶναί

282 1474 442 1531 φησι,
502 1455 593 1509 καὶ
650 1454 746 1516 τὰς
806 1456 1129 1529 καταφάσεις
1207 1453 1575 1530 ἀναρμοδίους
1609 1498 1623 1513 .
1681 1455 1945 1531 Ἀναρμό-

282 1544 387 1600 διοι
445 1544 542 1618 μὶν
596 1543 688 1598 οῦν
722 1542 856 1598 εἶσιν
888 1545 944 1597 αἱ
973 1542 1322 1621 καταφάσεις,
1356 1543 1482 1598 ὅταν
1514 1542 1751 1617 εἷ’πωμεν
1785 1544 1817 1614 ἢ
1849 1546 1942 1599 τὸν

281 1634 433 1705 Θιὸν,
468 1635 504 1703 ἢ
534 1633 631 1695 τὰς
682 1632 871 1709 νοερὰς
915 1630 1190 1706 δυνάμεις,
1245 1635 1388 1703 ζωὴν
1421 1632 1456 1702 ἢ
1489 1639 1623 1709 φῶς·
1668 1630 1795 1689 οὕτε
1841 1636 1944 1709 γὰρ

286 1724 398 1792 ζωὴ
455 1721 683 1793 τοιαύτη
736 1721 818 1784 τίς
879 1722 1067 1792 ictui,-
1103 1721 1179 1784 ὠς
1238 1720 1326 1775 διὰ
1384 1722 1656 1786 εἶσπνοίας
1711 1723 1799 1777 καὶ
1857 1722 1943 1777 ἐκ·

287 1812 477 1873 πνοίας
507 1815 626 1885 ζῆν’
660 1808 785 1864 οὔτε
825 1815 941 1887 φῶς
986 1811 1049 1864 τὸ
1100 1810 1421 1885 φαινόμενον
1470 1812 1559 1865 καὶ
1591 1815 1781 1865 ποιοῦν
1817 1812 1945 1885 ὁρᾶ-
1976 1837 2021 1902 Β

285 1902 401 1955 σθαι
432 1903 501 1955 τὰ
530 1899 885 1975 προκείμενα*
916 1896 1065 1954 ἀλλὰ
1114 1896 1381 1975 ἀνώτερόν
1424 1920 1477 1954 τι
1521 1901 1751 1957 τούτων.
1783 1900 1852 1957 Αἱ
1884 1897 1940 1954 δὶ

288 1990 587 2066 ἀποφάσεις
635 1988 689 2043 αἱ
741 1985 829 2042 διὰ
876 1989 1151 2063 ἀρνήσεων
1204 1992 1389 2051 ποσῶς
1440 1988 1527 2043 ἐπὶ
1572 1994 1679 2043 τῶν
1726 1994 1938 2060 νοητῶν

285 2077 633 2152 οῗκειότεραι·
684 2076 917 2151 λὲγομεν
966 2077 1093 2153 γὰρ,
1144 2078 1226 2131 δτι
1274 2077 1518 2151 ἀόρατοι,
1568 2077 1657 2132 καὶ
1708 2078 1792 2133 ὅτι
1836 2077 1941 2154 οὐχ

288 2166 656 2221 ὑποπίπτουσι
714 2166 827 2237 θέᾳ,
877 2170 1140 2237 νοοῦμεν·
1188 2166 1239 2219 τί
1292 2163 1349 2221 δέ
1401 2165 1542 2221 ἐστιν
1594 2168 1724 2221 αὐτὸ
1771 2168 1832 2221 τὸ
1862 2169 1937 2240 μὴ

286 2256 654 2329 φαινόμενον,
716 2251 840 2308 οὔτε
899 2253 1385 2330 πολυπραγμονεῖν
1424 2297 1436 2321 ,
1496 2252 1620 2310 οὕτε
1675 2261 1937 2329 παριστᾷν

286 2343 495 2400 δοκεῖὸ
537 2346 730 2419 λόγος’
785 2341 964 2398 καίτοι
1019 2344 1083 2398 τὸ
1144 2346 1256 2413 ζωή
1317 2345 1407 2399 καὶ
1468 2349 1581 2421 φῶς
1636 2343 1785 2400 δοκεῖ
1843 2366 1940 2416 ση-

289 2434 496 2507 μαίνειν
545 2432 599 2489 τί
648 2433 783 2504 ἐστι,
828 2432 918 2487 καὶ
974 2434 1142 2488 ταῦτα
1203 2431 1463 2506 μηδόλως
1513 2432 1715 2506 δηλοῦν
1746 2434 1798 2488 τί
1828 2434 1937 2488 ἐστι

285 2522 410 2584 Θεός
421 2568 435 2580 .

344 2721 570 2792 Τιμῶσι
611 2722 929 2795 τοιγαροῦν.
990 2720 1130 2795 "Op:
1185 2723 1303 2781 πῶς
1363 2718 1548 2783 καλῶς
1588 2717 1940 2794 ἀπελογήσα-

284 2829 364 2876 το,
398 2805 494 2862 aii
523 2808 576 2862 τί
613 2808 769 2876 ζώων
805 2809 1023 2881 μνήμην
1076 2802 1194 2883 ἔχει
1243 2808 1310 2862 τὰ
1362 2806 1605 2882 οὐράνια,
1638 2805 1762 2876 ἤτοι
1795 2807 1937 2862 εἴκό-

288 2917 398 2958 ναςο
434 2897 621 2970 ὥσπερ
653 2896 756 2971 γὰρ
788 2898 815 2951 ὁ
846 2896 934 2950 ἐπὶ
982 2897 1198 2952 πάντων
1248 2897 1378 2959 Θεὸς
1422 2895 1579 2951 οὐδὲν
1609 2894 1661 2951 ἐν
1689 2902 1805 2959 τοῖς
1835 2902 1939 2951 πᾶ-

286 3007 364 3040 σιν
398 2981 520 3059 ἔχει
551 2984 837 3059 ὁμογενὶς,
868 2984 959 3039 καὶ
1012 2982 1103 3039 διὰ
1142 2989 1305 3039 τοῦτο
1358 2984 1583 3046 εἷ’κότως
1629 2982 1785 3039 οὐδὲν
1830 2990 1939 3040 τῶν

282 3076 499 3129 πάντων
532 3073 698 3128 αὐτοῦ
746 3074 857 3127 ἐστι
890 3071 1223 3144 δηλωτικόν*
1257 3072 1404 3129 ἀλλὰ
1443 3073 1639 3128 λοιπὸν
1673 3072 1819 3149 ἄλλῃ
1853 3095 1942 3146 με·

280 3160 425 3234 θόδῳ
468 3161 860 3237 θεολογοῦμιν,
911 3162 1179 3237 λέγοντες,
1210 3162 1261 3216 τί
1307 3162 1406 3217 οὐκ
1452 3159 1562 3217 ἔστι
1611 3164 1763 3230 Θεὸς,
1804 3164 1936 3238 ὅπερ
1970 3200 2012 3265 C

280 3250 438 3306 καλεῖ
499 3247 588 3304 3ιά
639 3251 747 3305 τῶν
807 3251 1109 3323 ἀνομοίων·
1166 3248 1309 3305 οὕτω
1365 3251 1451 3305 καὶ
1506 3250 1589 3305 ἐπὶ
1637 3256 1744 3306 τῶν
1774 3253 1936 3328 ούρα-

279 3338 404 3394 νίων
435 3336 745 3411 δυνάμεων,
775 3339 829 3393 αἳ
884 3359 1021 3412 μετα
1068 3337 1198 3393 Θεόν
1254 3338 1378 3411 εἰσι,
1426 3344 1696 3413 τεχνικῶς
1746 3337 1941 3409 ἐποίη-

280 3449 369 3483 σαν
429 3428 484 3481 οἱ
543 3428 788 3502 θεΛόγοι,
850 3424 1040 3499 μηδενὶ
1097 3432 1206 3481 τῶν
1257 3432 1470 3498 νοητῶν
1518 3427 1682 3490 αὐτᾶς
1733 3429 1942 3501 ὁμοιώ-

285 3539 494 3580 σαντες’
527 3515 657 3573 ἀλλ’
709 3517 764 3572 ἐκ
822 3522 931 3571 τῶν
992 3516 1289 3589 αἰσθητῶν,
1350 3519 1484 3593 ἅπερ
1541 3518 1701 3573 καλεῖ
1753 3516 1941 3591 ἄτιμα,

287 3610 381 3678 τήν
435 3607 646 3663 τούτων
701 3601 961 3670 λαϐόντες
1007 3605 1322 3682 ἰμφέρειαν,
1373 3611 1534 3661 τοῦτο
1592 3607 1728 3683 πρὸς
1774 3609 1941 3680 τιμὴν

288 3697 461 3753 αὐτῶν
498 3695 885 3766 πεποιηκότες,
934 3692 1027 3750 είνα
1069 3693 1501 3769 πλασματώδης,
1533 3695 1624 3750 καὶ
1675 3695 1775 3751 οὐκ
1804 3694 1943 3766 ἀλη-

289 3789 382 3856 θὴς
430 3785 657 3860 γένηται
706 3785 913 3838 τούτων
947 3786 981 3853 ἡ
1020 3783 1273 3857 μίμησιςο
1318 3783 1363 3838 εἰ
1408 3784 1509 3859 γὰρ
1544 3784 1570 3837 ὁ
1610 3783 1943 3859 λεοντόμορ-

291 3897 382 3951 eo:
440 3872 773 3948 λεγόμενος,
814 3871 903 3926 καὶ
946 3871 1252 3945 πολύπους,
1302 3874 1392 3927 καὶ
1438 3871 1782 3948 πολύπτερός
1832 3871 1941 3927 ἐστι

288 3965 374 4018 καὶ
428 3961 680 4037 λογικὸς,
730 3960 823 4015 καὶ
873 3959 1063 4034 ἅϋλος,
1113 3966 1231 4023 πῶς
1282 3960 1343 4016 ού
1393 3959 1586 4035 δῆλον,
1639 3960 1722 4016 ὅτι
1784 3962 1943 4037 ὑπερ-

287 4050 535 4123 κοσμίως
590 4044 931 4125 ὑπερϐέϐηκε
957 4050 1026 4105 τὰ
1074 4048 1258 4124 ὑλικὰ,
1289 4051 1379 4105 καὶ
1427 4051 1555 4126 παρ’
1606 4052 1742 4123 ἡμῖν
1792 4050 1946 4104 νοού-

294 4160 425 4214 μενα
458 4159 474 4208 ;

364 4318 460 4381 Εἷς
498 4318 593 4391 μὶν
624 4317 723 4393 γὰρ
771 4316 868 4379 τὰς
908 4316 1260 4391 τιμιωτέρας.
1292 4315 1435 4372 Ἰδοὺ
1482 4316 1571 4371 καὶ
1616 4312 1797 4391 ἕτερος
1848 4314 1943 4371 λο-

292 4408 513 4483 γισμὸς,
548 4404 619 4460 δι’
650 4406 707 4460 ’ὀν
739 4405 1019 4467 τοιαύταις
1052 4406 1371 4479 ὁμοιότησιν
1404 4408 1438 4475 ἠ
1472 4405 1659 4483 Γραιρή
1690 4405 1812 4478 περὶ
1835 4408 1942 4459 τῶν

289 4495 557 4571 οὐρανίων
617 4492 892 4570 ἐχρήσατο
926 4516 939 4529 ο
1001 4494 1045 4550 εἷ
1103 4495 1206 4571 γὰρ
1263 4494 1613 4568 τιμιωτέροις
1670 4494 1944 4569 ἐχρήσατ’)

290 4584 631 4656 πλάσμασιν,
684 4587 801 4639 οἷον
851 4581 1212 4659 χρυσοειδεῖς,
1263 4583 1297 4653 ἢ
1348 4583 1806 4658 ἰταστράπτοντας
1867 4581 1951 4637 λέ-

289 4694 461 4748 γουσα
510 4673 643 4727 εἶναι
683 4673 779 4736 τὰς
826 4674 969 4737 θείας
1021 4670 1298 4743 δυνάμεις,
1348 4673 1562 4726 πάντως
1610 4669 1668 4725 ἂν
1704 4669 1949 4739 ἐπείσθη-

290 4786 379 4819 σαν
410 4764 466 4817 οἱ
514 4760 806 4819 ἀκούοντες
838 4760 896 4816 ἐκ
923 4766 1029 4817 τῶν
1076 4764 1221 4837 παρά
1268 4761 1577 4835 ἀνθρώποις
1607 4758 1950 4831 τιμιωτέρων

286 4854 348 4907 τὸ
378 4852 577 4907 πιστὸν
628 4845 1020 4923 λαμϐάνοντες’
1070 4854 1160 4903 νῦν
1217 4848 1274 4904 δὲ
1314 4850 1382 4904 τὰ
1423 4847 1833 4922 ἀπεμφαίνοντα
1858 4846 1948 4901 καὶ

294 4940 528 5017 αἰσχρὰς
576 4937 789 5000 εἰκόνας
840 4933 1226 5013 παρενὲλαϐεν,
1266 4935 1379 5011 ἵνα,
1442 4932 1685 5011 ἀκριϐῶς
1721 4934 1949 5003 εἷδότες,

294 5029 372 5085 ὅτι
407 5027 510 5084 οὐκ
541 5026 644 5083 εἶσὶ
675 5027 740 5082 τὰ
769 5031 1011 5097 τοιαῦτα,
1049 5029 1372 5100 ζητήσωμεν
1405 5027 1503 5095 τήν
1536 5024 1800 5095 ἀλήθειαν
1845 5027 1953 5078 τῶν

292 5139 488 5175 οντων.

362 5290 684 5357 ’Δϐλαϐῶς.
733 5294 803 5352 Αἱ
858 5295 958 5372 γὰρ
1009 5290 1296 5370 λεγόμεναι
1342 5295 1512 5369 πυρὸς
1562 5287 1765 5371 φλόγες
1814 5292 1953 5346 θεῖαι

298 5386 480 5444 οὐσίαι
509 5385 575 5442 οὗ
606 5384 913 5455 καυστικαὶ,
945 5382 1091 5440 ἀλλὰ
1123 5383 1346 5455 ζωτικαί
1380 5383 1535 5442 εἶσιν.

362 5562 635 5642 Αἱσχράς.
678 5565 806 5625 Πῶς
836 5563 940 5639 γὰρ
991 5561 1090 5617 οὐκ
1131 5560 1360 5640 αἰσχρὸν
1390 5563 1453 5617 τὸ
1485 5560 1536 5634 ἐξ
1586 5559 1789 5616 ὑλικῶν
1825 5560 1956 5616 ε’ίναι

293 5654 359 5715 τὰ
383 5650 648 5732 σύμϐολα
676 5655 811 5730 [τῶν
840 5652 1077 5728 νοητῶν]
1109 5668 1124 5722 ;

583 5787 856 5850 Panos.
898 5783 1010 5847 Ga.
1055 5782 1165 5849 IV.

2055 551 2334 606 definitus
2365 553 2520 607 enim
2555 557 2645 607 est
2673 553 2828 607 Deus
2856 557 3140 623 tanquam
3164 551 3312 606 nulli
3344 552 3595 608 termino
3618 568 3711 609 su-

2055 639 2307 710 bjectus,
2340 641 2440 695 sed
2486 641 2609 711 ipse
2656 641 2946 696 terminus
2996 642 3262 697 omnium
3311 642 3620 708 exsistens,
3652 646 3710 698 et

2055 734 2263 783 cuncta
2296 730 2351 782 in
2402 729 2595 801 seipse
2644 730 2971 785 terminans
2996 747 3016 791 ,·
3045 730 3292 785 termino
3342 735 3538 785 autem
3591 747 3704 786 non

2056 818 2392 887 subjicitur,
2414 818 2550 889 quia
2578 819 2811 874 termini
2843 834 2911 874 ex
2941 819 3435 875 afﬁrmationibus
3465 835 3707 893 compo-

2055 912 2314 974 nuntur;
2347 907 2773 963 afﬁrmationes
2823 912 3018 963 autem
3053 909 3111 963 in
3164 913 3277 964 Deo
3329 908 3572 964 minime
3604 926 3705 964 co-

2055 997 2245 1067 aptari
2277 1000 2546 1066 possunt,
2581 1000 2858 1067 tanquam
2895 996 3092 1064 falsas;
3127 1014 3263 1053 nam
3312 997 3419 1053 has
3468 1001 3709 1070 superat

2056 1089 2301 1147 Deus,ut
2331 1085 2431 1156 qui
2462 1102 2576 1141 non
2611 1086 2686 1141 sit
2716 1087 2991 1155 essentia,
3025 1088 3126 1142 sed
3159 1103 3339 1158 supra
3369 1088 3704 1144 essentiam.

2127 1192 2173 1247 8
2203 1194 2531 1263 Negationes
2561 1192 2800 1263 quidem.
2844 1193 2971 1250 Non
3022 1198 3255 1249 tantum
3308 1194 3366 1249 in
3415 1195 3553 1262 Deo,
3605 1195 3707 1250 sed

2055 1281 2231 1336 etiam
2264 1281 2324 1335 in
2357 1281 2570 1335 divinis
2602 1281 2899 1351 omnibus,
2920 1281 3029 1337 hoc
3058 1287 3147 1337 est
3178 1282 3234 1337 in
3269 1283 3544 1338 omnibus
3575 1288 3708 1355 post

2054 1369 2241 1425 Deum
2292 1368 2779 1440 intelligibilibus,
2812 1375 2868 1426 et
2898 1373 3217 1439 negationes
3259 1389 3413 1427 veras
3461 1388 3591 1428 esse
3619 1371 3705 1426 in-

2056 1459 2203 1531 quit,
2235 1464 2293 1513 et
2323 1460 2725 1529 afﬁrmationes
2771 1461 3004 1515 minime
3033 1470 3215 1531 aptas.
3260 1464 3471 1533 Inepta:
3522 1461 3706 1533 igitur

2056 1548 2294 1619 quidem
2328 1552 2464 1602 sunt
2513 1548 2955 1614 afﬁrmationes,
2988 1550 3222 1620 quando
3251 1550 3571 1605 dixerimus
3603 1554 3707 1605 aut

2055 1638 2261 1706 Deum,
2314 1644 2415 1691 aut
2464 1636 2890 1692 intellectuales
2936 1637 3203 1708 virtutes,
3236 1639 3415 1694 vitam
3467 1644 3569 1695 aut
3618 1639 3704 1695 lu-

2056 1744 2188 1781 men
2218 1744 2229 1794 ;
2264 1743 2453 1797 neque
2484 1727 2641 1781 enim
2665 1727 2778 1781 vita
2806 1725 2938 1782 talis
2972 1728 3238 1798 qumdam
3273 1733 3457 1796 est,ut
3485 1745 3589 1800 per
3618 1729 3703 1784 in-

2056 1815 2437 1887 spirationem
2471 1821 2525 1870 et
2578 1814 3031 1885 exspirationem
3061 1815 3251 1881 vivat;
3284 1833 3471 1888 neque
3502 1816 3701 1873 lumen

2052 1904 2207 1975 quod
2238 1907 2561 1974 apparet,et
2592 1904 2747 1973 quod
2782 1903 2919 1959 facit
2948 1903 3177 1974 objecta
3207 1904 3390 1960 videri
3418 1923 3429 1959 :
3465 1907 3566 1961 sed
3592 1906 3701 1962 ali-

2051 1992 2189 2064 quid
2222 1992 2314 2047 his
2362 1993 2653 2063 superius.
2687 1992 3036 2062 Negationes
3070 1997 3290 2058 autem,
3322 2010 3448 2063 quas
3481 2011 3582 2065 per
3612 1995 3700 2049 in-

2050 2082 2371 2137 ﬁciationes
2407 2083 2876 2152 tiunt,quantum
2908 2080 2968 2135 in
3002 2081 3476 2152 intelligibilibus
3508 2083 3701 2154 magis

2050 2172 2296 2242 propriae
2328 2175 2502 2236 sunt;
2537 2170 2789 2224 dicimus
2820 2169 3349 2240 enim,invisibiles,
3384 2187 3574 2243 neque
3605 2188 3701 2227 ca-

2050 2260 2182 2314 dere
2231 2258 2339 2314 sub
2386 2263 2689 2330 aspcctum
2739 2257 3164 2329 intelligimus;
3199 2259 3339 2329 quid
3394 2276 3567 2331 porro
3621 2259 3701 2316 sit

2049 2350 2232 2417 ipsum
2264 2364 2372 2402 non
2403 2364 2697 2419 apparens,
2731 2363 2921 2418 neque
2951 2348 3181 2403 curiose
3212 2364 3487 2419 quaerere,
3521 2364 3709 2420 neque

2051 2435 2320 2491 exhibere
2346 2436 2577 2491 videtur
2604 2453 2617 2503 ;
2651 2436 2919 2506 quamvis
2950 2435 3089 2505 vita,
3121 2440 3179 2490 et
3218 2435 3442 2504 lumen,
3475 2437 3710 2493 videtur

2050 2525 2405 2596 significare,
2455 2524 2595 2595 quid
2630 2524 2727 2595 sit,
2783 2529 2840 2580 et
2869 2525 2992 2581 haec
3043 2524 3191 2580 nihil
3241 2525 3483 2581 omnino
3515 2525 3708 2582 decla-

2050 2630 2202 2681 rare,
2233 2613 2375 2685 quid
2410 2614 2487 2668 sit
2517 2613 2690 2669 Deus.

2125 2720 2499 2775 Condecorant
2527 2722 2722 2790 igitur.
2754 2720 2899 2775 Vide
2931 2722 3224 2791 quomodo
3256 2719 3499 2791 pulchre
3528 2721 3705 2777 ratio-

2050 2824 2183 2863 nem
2217 2808 2427 2862 dixerit
2477 2813 2711 2878 propter
2740 2806 2879 2877 quid
2921 2807 3183 2861 cmlestia
3223 2807 3565 2861 memoriam
3598 2807 3707 2863 ha-

2050 2898 2227 2953 beant
2275 2896 2643 2957 animalium,
2686 2913 2789 2951 seu
2842 2895 3167 2966 imagines;
3205 2896 3706 2965 quemadmodum

2051 2986 2227 3052 enim,
2265 2986 2414 3040 Deus
2446 2985 2738 3039 exsistens
2763 2985 2818 3038 in
2844 2984 3143 3050 omnibus,
3180 2983 3326 3038 nihil
3346 2982 3405 3037 in
3428 2983 3706 3040 omnibus

2051 3074 2228 3129 habet
2252 3074 2515 3143 ejusdem
2542 3089 2739 3127 secum
2766 3073 3039 3144 generis;
3073 3072 3288 3142 idoque
3312 3072 3520 3128 merito
3562 3071 3708 3127 nihil

2052 3179 2247 3218 rerum
2282 3164 2571 3227 omnium,
2604 3166 2692 3217 est
2723 3161 2911 3232 ipsius
2943 3161 3394 3228 declarativum;
3420 3162 3521 3217 sed
3546 3167 3703 3232 post-

2052 3268 2117 3307 ea
2150 3251 2265 3306 alia
2297 3251 2572 3305 methodo
2604 3251 2673 3305 de
2723 3249 2838 3305 Deo
2869 3249 3193 3320 loquimur,
3226 3250 3507 3318 dicentes,
3562 3249 3704 3321 quid

2053 3357 2168 3395 non
2202 3345 2277 3395 sit
2324 3339 2478 3395 Deus
2506 3358 2519 3407 ;
2554 3339 2711 3409 quod
2744 3337 3017 3408 appellat,
3069 3354 3167 3406 per
3194 3337 3546 3399 dissimilia;
3578 3354 3706 3409 quas

2053 3438 2183 3502 post
2232 3430 2413 3484 Deum
2466 3434 2623 3494 sunt,
2673 3428 2901 3482 erudite
2946 3428 3206 3482 fecerunt
3256 3426 3534 3498 theologi,
3570 3442 3706 3483 cum

2054 3518 2199 3573 nulli
2220 3516 2683 3587 intelligibilium
2710 3516 2869 3586 ipsas
2892 3514 3322 3582 assimilarunt;
3347 3515 3449 3570 sed
3472 3531 3541 3569 ex
3571 3530 3707 3570 sen-

2054 3606 2349 3675 sibilibus,
2373 3621 2499 3676 quae
2530 3608 2699 3658 vocat
2722 3604 2880 3669 vilia,
2916 3602 3125 3658 harum
3158 3607 3458 3657 sumentes
3488 3602 3705 3658 simili-

2052 3696 2342 3761 tudinem,
2362 3695 2466 3748 hoc
2491 3694 2559 3748 ad
2585 3693 2818 3747 illarum
2845 3693 3118 3747 honorem
3147 3694 3432 3760 fecerunt,
3466 3695 3530 3747 ut
3552 3691 3707 3746 ﬁcti-

2052 3784 2154 3853 tia,
2187 3789 2242 3838 et
2277 3800 2389 3837 non
2422 3798 2558 3837 vera
2587 3786 2745 3836 esset
2771 3782 2978 3836 horum
3011 3781 3300 3849 imitatio;
3335 3782 3385 3834 si
3415 3780 3571 3837 enim
3603 3782 3705 3851 qui

2053 3872 2239 3928 leonis
2271 3874 2516 3926 formam
2552 3872 2763 3925 referre
2795 3871 3014 3924 dicitur
3041 3875 3097 3925 et
3128 3869 3431 3940 multipes,
3462 3874 3519 3924 et
3550 3869 3706 3924 mul-

2053 3967 2144 4018 tas
2174 3978 2382 4034 gerens
2414 3960 2561 4029 alas,
2591 3965 2680 4014 est
2709 3958 2883 4014 etiam
2920 3958 3223 4014 rationalis
3254 3963 3312 4014 et
3342 3959 3706 4015 immateria-

2052 4051 2163 4119 lis;
2218 4051 2512 4121 quomodo
2562 4065 2675 4103 non
2727 4052 2817 4102 est
2864 4046 3264 4117 manifestum,
3320 4063 3452 4102 eum
3508 4047 3704 4116 modo,

2054 4140 2155 4211 qui
2187 4139 2405 4194 mundo
2437 4136 2565 4207 capi
2598 4140 2867 4207 nequeat,
2900 4136 3316 4190 transcendere
3354 4136 3707 4205 materialia,

2055 4234 2113 4285 et
2141 4245 2208 4284 ea
2238 4216 2369 4298 qua}
2398 4244 2431 4282 a
2462 4226 2630 4281 nobis
2661 4224 3117 4295 intelliguntur?

2124 4319 2186 4372 In
2216 4316 2576 4371 nobilioribus
2604 4315 2771 4369 enim.
2810 4314 2951 4368 Ecce
2982 4311 3158 4366 aliam
3207 4328 3440 4383 quoque
3470 4312 3710 4367 ratioci-

2056 4405 2621 4475 nationem,pr0pter
2652 4418 2829 4474 quam
2862 4400 3163 4471 Scriptura
3194 4400 3408 4456 talibus
3441 4401 3713 4456 similitu-

2057 4494 2295 4549 dinibus
2327 4494 2385 4547 in
2419 4492 2752 4547 ccelestibus
2784 4508 2893 4545 usa
2924 4489 3136 4556 fuerit;
3174 4490 3220 4543 si
3277 4489 3493 4544 etenim
3540 4489 3713 4544 nobi-

1978 4568 2023 4632 D
2056 4582 2300 4638 lioribus
2332 4598 2437 4636 usa
2468 4581 2677 4635 fuisset
2700 4578 3058 4643 fictionibus,
3090 4577 3263 4647 sicut,
3298 4578 3426 4633 auri
3458 4578 3713 4648 speciem

2057 4672 2392 4736 referentes,
2425 4674 2527 4724 aut
2559 4668 2902 4739 eil‘ulgentes
2952 4666 3223 4721 homines
3272 4667 3588 4722 asserendo
3619 4666 3715 4721 di-

2055 4761 2221 4817 vinas
2268 4760 2552 4826 virtutes;
2586 4757 2915 4822 audientes,
2961 4772 3203 4827 prorsus
3250 4757 3516 4827 persuasi
3571 4754 3712 4808 fuis-

2058 4855 2208 4917 sent,
2242 4848 2649 4903 credulitatem
2682 4862 2750 4901 ex
2779 4845 2852 4899 iis
2884 4860 3015 4916 quas
3050 4845 3202 4900 inter
3231 4844 3501 4899 homines
3532 4841 3714 4897 maxi-

2061 4938 2138 4993 mi
2171 4942 2308 4992 sunt
2358 4936 2551 5007 pretii,
2602 4934 2991 5005 accipientes;
3027 4949 3184 4987 nunc
3235 4937 3453 4999 autem,
3487 4947 3554 4985 ea
3582 4947 3707 5001 quas

2062 5026 2305 5082 minime
2354 5028 2794 5096 repraesentant,
2831 5026 2887 5077 et
2914 5027 3116 5092 turpes
3156 5020 3444 5091 imagines
3475 5018 3717 5089 adjecit,

2061 5120 2126 5171 ut
2154 5114 2407 5185 perfecte
2437 5111 2712 5177 scientes,
2746 5110 2898 5181 quod
2934 5126 3048 5164 non
3082 5109 3200 5164 sint
3228 5106 3597 5177 talia,rerum
3627 5124 3719 5164 ve-

2062 5203 2294 5257 ritatem
2327 5200 2696 5271 indagemus.

2133 5292 2383 5348 Innoxie.
2415 5289 2548 5353 Quae
2596 5291 2754 5344 enim
2788 5288 3067 5342 dicuntur
3111 5284 3268 5356 ignis
3317 5284 3597 5351 ﬂammae,
3629 5285 3723 5340 di-

2060 5380 2211 5436 vinae
2269 5376 2635 5444 substantias,
2696 5391 2813 5430 non
2865 5372 3266 5443 combustivae,
3325 5375 3427 5429 sed
3484 5373 3724 5429 viviﬁcos

2067 5472 2230 5527 sunt.

2135 5575 2183 5630 θ
2216 5556 2520 5613 lndecoris.
2544 5552 2843 5617 Quomodo
2876 5550 3036 5607 enim
3066 5568 3185 5607 non
3219 5556 3414 5624 turpe,
3442 5568 3511 5607 ex
3542 5554 3728 5607 mate-

2064 5646 2312 5708 rialibus
2342 5647 2613 5703 constare
2642 5640 2812 5714 signa
2832 5641 3051 5717 [rerum
3082 5639 3543 5710 intellectilium]
3562 5638 3592 5695 ?

3410 5771 3450 5833 2
