4158 6370
448 331 519 387 43
1278 333 1646 387 APPENDIX
1688 330 1788 385 AD
1826 333 2069 386 OPERA
2107 333 2164 387 S.
2206 331 2525 387 DIONYSII
2564 335 3063 391 AREOPAGITE.
3809 340 3878 395 44

518 457 864 527 Spectacula,
919 456 1015 512 Gr.
1072 452 1335 527 θεάματα.
1384 454 1641 528 Οεάματα
1673 456 1951 512 dicuntur
1979 471 2085 526 qua

2291 453 2563 527 Θεάματα.
2633 456 2886 529 Θεάματα
2957 454 3213 532 λέγονται
3273 456 3341 514 τὰ
3412 460 3547 533 μετά
3601 461 3878 534 θαύματος

449 561 579 601 cum
614 546 1001 601 admiratione
1030 546 1323 602 videntur.

523 638 551 703 §
582 635 672 691 IV.
702 636 989 708 Siquidem
1040 638 1267 708 allectus
1316 638 1434 692 iras.
1467 637 1625 704 Quod
1678 654 1792 693 non
1827 636 2107 707 simplici-

453 728 542 781 ter
572 724 1049 781 rationabilitatis
1081 726 1291 797 plenus
1320 727 1396 782 sit
1424 726 1740 783 irascibilis
1770 726 2104 791 motus,sed

453 815 517 871 in
548 814 938 871 irrationabili
972 819 1220 884 natura;
1252 814 1567 888 legendum
1623 819 1714 871 est
1742 822 2104 887 postremum

454 904 634 976 hujus
665 904 803 961 libri
855 909 1048 976 caput,
1078 904 1179 961 ubi
1228 909 1438 961 tractat
1485 907 1558 961 de
1607 904 1827 961 visione
1876 914 2103 961 sancto-

451 1011 584 1050 rum
633 995 980 1064 cherubim;
1015 994 1135 1051 illic
1182 996 1339 1051 enim
1373 996 1549 1051 etiam
1600 995 1721 1051 haec
1752 996 1948 1052 omnia
1977 996 2105 1051 fuse

449 1084 745 1157 explanati
775 1088 934 1140 sunt.

514 1173 673 1231 ΝἱΙιιι
697 1190 904 1245 eorum,
937 1189 1059 1248 quae
1086 1176 1377 1231 exsistunt.
1408 1178 1577 1243 Nota,
1609 1172 1840 1230 nullum
1874 1175 2100 1230 entium

441 1261 736 1335 privatum
770 1279 900 1319 esse
923 1262 1371 1335 participatione
1395 1262 1888 1331 boni;notandum
1921 1261 2101 1334 igitur

443 1356 533 1408 est
562 1352 701 1424 quid
734 1351 1101 1424 intelligatur
1133 1352 1217 1407 ira
1245 1351 1306 1406 in
1336 1351 1928 1417 irrationabilibus,et
1958 1350 2098 1423 quid

440 1441 501 1497 in
560 1440 1052 1511 rationabilibus;
1088 1446 1145 1497 et
1173 1441 1314 1513 quid
1353 1446 1745 1513 utrorumque
1779 1441 2094 1513 concupis-

448 1532 663 1587 centia.

520 1621 822 1676 Rationem.
856 1619 1187 1675 Notandum
1244 1619 1401 1691 quod
1431 1618 1604 1674 etiam
1656 1619 1714 1674 in
1748 1618 1973 1691 angelis
2004 1634 2099 1674 ra-

448 1708 669 1765 tionem
700 1708 893 1777 dicat;
927 1709 1029 1764 sed
1060 1723 1185 1780 qua
1214 1707 1517 1765 demulceri
1543 1717 1803 1781 nequeat,
1837 1724 1941 1764 seu
1974 1724 2100 1779 quae

448 1814 639 1870 neque
669 1798 857 1867 cedat,
891 1813 1080 1870 neque
1108 1801 1421 1869 torpeecat.

519 1904 1600 1978 Concupiscentiam.Concupiscentiam
1614 1904 2098 1977 intelligibilium,

446 2011 577 2052 esse
608 2011 867 2054 amorem
896 1995 956 2050 in
988 1995 1172 2051 Deum
1203 1994 1486 2051 contineri
1512 1994 1963 2067 nescium,quod
1995 2011 2096 2067 ap-

441 2084 625 2156 pellat
655 2086 899 2141 materiw
926 2084 1321 2157 privationem.

507 2192 754 2263 Propter
783 2190 1659 2263 impermz’stum.lmpermistum
1685 2191 1828 2246 dicit
1858 2206 2095 2263 purum,

437 2284 495 2337 et
520 2280 582 2336 in
614 2280 775 2337 nullo
806 2280 920 2336 alio
955 2285 1280 2337 vacantem.
1313 2280 1419 2344 Qui
1455 2280 1612 2336 enim
1666 2280 1867 2337 divino
1898 2296 2095 2336 amore

431 2370 787 2427 constrictus
817 2374 926 2439 est,
960 2373 1119 2426 totus
1150 2373 1239 2425 est
1268 2369 1479 2441 ipsius,
1511 2374 1569 2424 et
1615 2369 1676 2424 in
1725 2368 1915 2426 solum
1948 2369 2097 2425 desi-

431 2458 689 2515 derabile
735 2458 1009 2529 intendit,
1037 2476 1070 2515 a
1103 2457 1262 2514 nullo
1323 2458 1643 2530 impeditus
1698 2457 2007 2514 transitivo
2038 2462 2097 2514 et

439 2564 717 2621 corporeo
768 2564 1080 2615 sermone;
1114 2549 1255 2604 dum
1306 2553 1503 2603 autem
1546 2548 1821 2618 dicimus,
1875 2547 2091 2603 essein

434 2637 797 2710 incorporeis
846 2637 1197 2694 substantiis
1254 2636 1496 2692 rationis
1528 2637 1944 2709 privationem,
1975 2653 2092 2691 non

434 2728 860 2798 exprobramus
889 2726 978 2782 vel
1012 2725 1354 2799 afﬁngimus
1385 2725 1532 2797 ipsis
1564 2742 1697 2781 cum
1732 2725 1970 2797 injuria,
2004 2725 2094 2780 in-

436 2817 708 2874 tellectus
760 2816 1183 2889 privationem;
1219 2817 1488 2885 dicendo,
1540 2832 1642 2888 per
1688 2816 1953 2872 leoninae
1984 2816 2095 2872 for-

441 2910 666 2973 mas,et
692 2905 996 2974 vitulinae,
1020 2910 1079 2962 et
1104 2904 1322 2975 avium,
1347 2905 1502 2960 sicut
1532 2904 1591 2959 in
1624 2904 1842 2977 aquila,
1863 2905 2092 2962 irratio-

449 2994 736 3053 nabilium
768 2996 989 3069 ﬁguras
1018 2998 1075 3051 et
1103 2993 1635 3066 signa,ccelestibus
1664 2995 1972 3051 convenire
2002 3011 2095 3052 or-

451 3085 727 3153 dinibus;
761 3086 859 3142 sed
920 3084 1166 3158 mystice
1221 3083 1626 3156 signiﬁcamus
1673 3083 2092 3153 diversitatem,

448 3190 577 3247 quae
608 3178 698 3233 est
726 3176 880 3230 inter
908 3174 1144 3231 illorum
1174 3177 1231 3230 et
1252 3178 1512 3229 nostram
1540 3173 2089 3243 rationabilitatem;

444 3282 552 3323 nos
582 3266 739 3323 enim
772 3264 1289 3323 rationabilitatem
1321 3268 1812 3336 repraesentamus
1843 3278 1946 3334 per
1972 3261 2089 3318 vim

439 3356 720 3429 operandi
748 3356 987 3429 linguae,
1017 3359 1074 3410 et
1102 3355 1317 3425 ﬁguras
1346 3352 1503 3410 vocis
1545 3352 1855 3421 effectivae,
1888 3368 2086 3424 percu-

436 3446 650 3503 tientes
697 3463 889 3502 aerem
940 3444 1429 3510 sermocinamur,
1484 3446 1541 3498 et
1587 3458 1857 3499 sermone
1886 3447 2087 3497 trans-

437 3540 612 3592 eunte
651 3554 684 3592 a
712 3536 883 3591 nobis
914 3536 982 3591 ad
1016 3533 1382 3590 audientium
1433 3549 1626 3598 aures,
1658 3548 1727 3588 ex
1755 3546 1993 3603 corpore
2024 3531 2083 3586 in

438 3640 694 3696 corpus;
728 3624 882 3679 sicut
928 3623 1071 3678 dicit
1119 3621 1354 3677 divinus
1401 3621 1653 3677 Basilius
1703 3622 1762 3677 in
1816 3637 2085 3678 sermone

435 3713 671 3768 Attende
717 3714 824 3768 tibi
870 3712 998 3783 ipsi,
1051 3710 1170 3766 illic
1219 3714 1416 3766 autem
1470 3726 1583 3765 non
1633 3710 1751 3778 ita;
1802 3711 1904 3765 sed
1953 3727 2083 3766 cor-

434 3818 575 3873 pore
632 3801 921 3869 destituti,
954 3805 1012 3856 et
1068 3800 1139 3855 ad
1197 3815 1260 3855 se
1318 3798 1564 3854 invicem
1626 3799 1968 3855 accedentes
2027 3804 2084 3856 et

432 3890 773 3946 recedentes
829 3888 1043 3944 clarius
1100 3889 1261 3943 omni
1318 3904 1584 3943 sermone
1638 3892 1876 3944 mutuas
1934 3888 2083 3961 cogi-

432 3979 686 4035 tationes
744 3979 1041 4035 intuentes
1099 3976 1258 4033 velut
1320 3976 1471 4031 inter
1525 3993 1588 4032 se
1643 3976 2082 4048 colloquuntur,

432 4084 537 4140 per
579 4067 878 4127 silentium
924 4082 1252 4125 sermonem
1302 4066 1415 4122 sibi
1459 4066 1705 4123 invicem
1758 4068 2081 4123 communi-

431 4162 655 4215 cantes.

498 4249 951 4319 Propensionem,
987 4247 1086 4304 Gr.
1137 4243 1449 4302 ἀπόκλισιν.
1481 4250 1591 4303 Pro
1633 4244 2077 4304 inclinationem

427 4351 527 4392 seu
560 4337 1037 4410 propensionem.

497 4427 842 4482 Transitorii.
877 4426 1281 4482 Transitorius
1311 4430 1400 4482 est
1430 4429 1631 4482 noster
1659 4443 1852 4483 sermo
1886 4427 2076 4499 prola-

422 4514 597 4583 tivus,
619 4519 904 4587 tanquam
937 4532 971 4571 a
1001 4516 1233 4571 dicente
1266 4515 1562 4571 transiens
1592 4516 1663 4570 ad
1696 4516 2031 4572 audientem
2058 4537 2071 4586 ;

2219 543 2491 619 ὁρώμενα.

2286 634 2435 701 §IV.
2472 634 2572 690 Καὶ
2604 636 2708 710 γὰρ
2762 636 2790 689 6
2846 636 3042 710 θυμός.
3074 639 3200 695 ’Ὁτι
3249 637 3357 713 οὐχ
3408 637 3599 702 ἁπλῶς
3647 639 3879 717 ἀλογίας

2213 716 2468 794 ἔμπλεως
2498 725 2531 792 ἡ
2577 721 2874 796 θυμοειδής
2921 725 3152 796 κίνησις,
3204 724 3334 781 ἀλλ’
3376 725 3468 782 ἐπὶ
3513 734 3614 798 τῆς
3664 716 3874 803 ἀλόγου

2213 810 2447 888 φύσεως.
2503 814 2898 888 ’Λναγνωστὲον
2951 815 3043 869 τὸν
3092 814 3406 872 τελευταῖον
3448 815 3611 891 λόγον
3654 817 3751 874 τοῦ
3786 821 3871 895 βι-

2213 894 2396 971 ϐλίου,
2450 901 2507 955 ὃν
2559 902 2702 957 εἶπεν
2732 902 2806 964 εἰς
2854 904 2956 972 τὴν
3006 903 3262 960 ὀπτασίαν
3315 910 3424 961 τῶν
3462 908 3634 982 ἁγίων
3668 894 3871 985 χερου-

2214 986 2333 1063 ϐίμο
2391 990 2504 1045 ἐκεῖ
2556 992 2657 1069 γὰρ
2704 993 2795 1048 καὶ
2846 997 3016 1049 ταῦτα
3071 994 3246 1051 πάντα
3302 994 3554 1060 πλατέως
3613 994 3867 1076 διαγεγύ-

2219 1102 2467 1153 μνασται.

2282 1169 2352 1224 Τὸ
2410 1167 2550 1242 μηδὲ
2621 1170 2675 1227 ’ἐν
2734 1176 2843 1227 τῶν
2906 1171 3113 1232 ὄντων.
3170 1175 3513 1249 Σημείωσαι,
3573 1176 3657 1232 ὅτι
3714 1176 3867 1235 οὐδὲν

2213 1263 2319 1313 τῶν
2355 1255 2525 1313 ὄντων
2575 1260 2857 1336 ἐστέρηται
2900 1269 3001 1332 τῆς
3050 1268 3148 1318 τοῦ
3195 1263 3369 1321 καλοῦ
3417 1268 3724 1340 μετουσίας’
3779 1290 3871 1339 ση-

2216 1349 2475 1420 μειωτέον
2514 1350 2604 1404 οῦν
2656 1350 2709 1404 τί
2760 1356 2963 1406 νοεῖται
2998 1353 3026 1407 6
3059 1354 3233 1426 θυμὸς
3290 1353 3381 1409 ἐπὶ
3436 1359 3545 1411 τῶν
3606 1356 3821 1433 ἀλόγων
3853 1404 3869 1427 ,

2209 1438 2297 1491 καὶ
2354 1438 2408 1492 τί
2481 1438 2569 1493 ἐπὶ
2626 1444 2733 1493 τῶν
2806 1440 3065 1515 λογικῶν·
3126 1444 3214 1498 καὶ
3291 1444 3343 1499 τί
3413 1441 3673 1519 ἐπιθυμία
3746 1447 3869 1503 ἐκα-

2206 1527 2400 1600 τέρων.

2282 1616 2610 1689 Λογιότητα.
2658 1612 3033 1689 Σημειωτέον,
3083 1619 3165 1675 ὅτι
3213 1622 3302 1676 καὶ
3352 1621 3441 1678 ἐπὶ
3486 1622 3736 1699 ἀγγέλων
3770 1623 3866 1680 λο-

2206 1704 2434 1779 γιότητα
2490 1704 2655 1781 λέγει·
2718 1706 3040 1779 ἀμείλικτον
3096 1706 3175 1781 δὶ,
3229 1710 3353 1779 ἥτοι
3413 1710 3718 1787 ἀνένδοτον,
3774 1712 3864 1769 καὶ

2209 1794 2526 1869 ἀχαόνωτον
2538 1837 2549 1849 .

2281 1903 2641 1977 Ἐπιθυμίαν.
2692 1906 2817 1962 ’Ότι
2873 1908 2908 1976 ἡ
2969 1905 3228 1981 ἐπιθυμία
3284 1912 3393 1963 τῶν
3459 1914 3670 1980 νοητῶν
3726 1908 3864 1986 ἔρως

2209 1989 2437 2067 ὀίσχετός
2472 1991 2581 2049 ἐστι
2612 1995 2735 2069 περὶ
2766 1994 2858 2051 τὸν
2892 1996 3044 2069 Θεὸν,
3080 1997 3212 2071 ὅπερ
3244 1995 3403 2053 καλεῖ
3435 1996 3648 2058 ἀϋλίαν.

2279 2191 2377 2244 Διά
2405 2191 2496 2245 τὸν
2529 2190 2726 2267 ἀμιγῆ.
2776 2192 2975 2268 Ἀμιγῆ
3032 2214 3164 2271 φησι
3212 2193 3305 2248 τὸν
3358 2195 3595 2270 καθαρὸν
3640 2196 3730 2251 καὶ
3786 2197 3864 2262 εἰς

2206 2277 2359 2334 οὐδὲν
2406 2275 2588 2356 ἕτερον
2645 2279 3007 2355 ἐσχολακότα·
3059 2283 3086 2336 6
3116 2283 3215 2357 γὰρ
3267 2282 3395 2355 θείῳ
3446 2280 3606 2357 ἔρωτι
3646 2284 3863 2359 περιδε-

2206 2367 2508 2445 δραγμὲνος
2542 2367 2675 2431 ὅλος
2722 2369 2864 2425 ἐστὶν
2912 2369 3098 2439 αὐτοῦ,
3129 2370 3219 2426 καὶ
3270 2370 3345 2434 εἷς
3382 2372 3444 2426 τὸ
3477 2372 3663 2451 ἐφετὸν
3698 2375 3863 2448 μόνον

2203 2458 2556 2528 ἀνατείνεται,
2610 2458 2754 2534 παρᾶ
2801 2456 3036 2531 μηδενὸς
3084 2458 3438 2534 κωλυόμενος
3497 2458 3859 2535 μεταϐατικοῦ

2202 2547 2291 2601 καὶ
2351 2551 2667 2619 σωματικοῦ
2725 2545 2916 2623 λόγου.
2973 2547 3226 2622 ’Λλογίαν
3288 2546 3346 2603 δὶ
3389 2548 3681 2627 φάσκοντες
3720 2553 3856 2609 εἶναι

2205 2634 2254 2689 ἐν
2318 2640 2437 2697 ταῖς
2500 2636 2812 2708 ἀσωμάτοις
2884 2635 3113 2705 οὐσίαις,
3174 2637 3277 2693 οὐκ
3340 2638 3601 2710 ἀνοησίαν
3669 2642 3856 2706 αὐταῖς

2203 2719 2553 2798 ἐνυϐρίζομεν
2599 2722 2653 2778 ἐν
2690 2729 2769 2796 τῷ
2820 2722 2908 2779 διὰ
2957 2730 3063 2779 τῶν
3126 2725 3405 2782 λεοντείων
3470 2734 3714 2805 μορφῶν,
3764 2732 3855 2787 καὶ

2200 2816 2306 2867 τῶν
2344 2811 2617 2887 μοσχείων
2651 2811 2740 2867 καὶ
2783 2818 2888 2868 τῶν
2941 2813 3243 2889 ὀρνιθείων,
3278 2816 3353 2878 ὡς
3404 2815 3491 2871 ἐπὶ
3538 2822 3639 2872 τοῦ
3670 2818 3854 2890 ἀετοῦ,

2204 2900 2417 2977 ἀλόγων
2471 2899 2676 2963 τόπους
2732 2901 2819 2955 καὶ
2878 2897 3133 2976 σύμϐολα
3186 2903 3399 2980 λέγειν,
3458 2905 3681 2980 πρέπειν
3738 2914 3859 2973 τοῖς

2204 2989 2474 3066 οὐρανίοις
2522 2990 2808 3065 τάγμασιν,
2854 2987 2999 3045 ἀλλὰ
3059 2996 3335 3064 μυστικῶς
3389 2993 3451 3047 τὸ
3511 2993 3855 3071 ἐξηλλαγμέ-

2202 3100 2293 3134 νον
2348 3082 2445 3133 τοῦ
2489 3079 2603 3133 κατ’
2665 3077 2899 3141 ἐκείνους
2958 3077 3186 3156 λνγικοῦ
3244 3082 3383 3156 πρὸς
3430 3083 3494 3138 τὸ
3542 3085 3662 3148 καθ’
3704 3087 3854 3159 ἡμᾶς

2206 3168 2567 3242 σημαίνομεν’
2641 3170 2805 3241 ἡμεῖς
2881 3168 2983 3244 γὰρ
3058 3170 3120 3223 τὸ
3199 3169 3424 3247 λογικὸν
3503 3179 3853 3250 παριστῶμεν

2204 3255 2293 3312 διὰ
2341 3262 2438 3313 τοῦ
2489 3264 2589 3327 τῆς
2618 3255 2871 3333 γλώττης
2902 3260 3212 3336 ὀργανικοῦ,
3245 3260 3335 3315 καὶ
3388 3265 3496 3317 τῶν
3526 3264 3851 3340 φωνητικῶν

2195 3347 2402 3417 τόπων,
2451 3347 2743 3411 τύπτοντες
2783 3348 2872 3402 τὸν
2916 3347 3045 3423 ἀέρα
3089 3352 3169 3420 τῷ
3219 3346 3564 3424 διαλεκτικῷ,
3614 3353 3703 3407 καὶ
3751 3359 3849 3410 τοῦ

2196 3435 2363 3511 λόγου
2414 3431 2825 3509 μεταϐαίνοντος
2875 3434 2925 3506 ἐξ
2955 3439 3118 3509 ἡμῶν
3163 3437 3240 3502 εὶς
3268 3440 3365 3503 τὰς
3407 3439 3514 3496 τῶν
3556 3441 3847 3518 ἀκροώμε-

2194 3545 2300 3579 νων
2357 3526 2521 3587 ἀκοὰς
2575 3524 2635 3579 ἐκ
2681 3525 2934 3597 σώματος
2986 3523 3062 3587 εἲς
3114 3531 3317 3599 σῶμα,
3368 3529 3507 3593 καθά
3562 3551 3693 3607 φησι
3752 3534 3843 3588 καὶ

2193 3615 2221 3668 6
2252 3616 2395 3677 θεῖος
2425 3612 2704 3675 Βασίλειος
2742 3611 2793 3667 ἓν
2841 3617 2921 3686 τῷ
2972 3613 3096 3678 περὶ
3142 3620 3261 3684 τοῦ,
3313 3618 3558 3694 Πρόσεχε
3612 3622 3841 3695 σεαυτῷ,

2193 3702 2366 3779 λόγῳ,
2399 3703 2510 3758 ἐκεῖ
2544 3700 2601 3757 δὲ
2649 3701 2755 3777 οὐχ
2798 3701 2992 3771 οὕτως,
3025 3701 3151 3759 ἀλλ’
3200 3703 3252 3759 ἐν
3306 3706 3591 3780 ἀσωματίᾳ
3631 3712 3845 3787 τυγχά-

2191 3813 2389 3864 νοντες,
2422 3794 2512 3847 καὶ
2562 3792 2639 3854 εἷς
2687 3790 2973 3863 ἀλλήλους
3007 3796 3317 3870 χωροῦντες
3353 3795 3443 3850 καὶ
3493 3798 3847 3875 ἀποχωροῦν-

2190 3902 2299 3951 τες,
2333 3882 2531 3943 παντὸς
2574 3878 2743 3955 λόγου
2792 3880 3115 3956 τρανότερον
3164 3884 3260 3945 τὰς
3313 3882 3579 3955 ἀλλήλων
3625 3891 3844 3959 νοήσεις

2188 3970 2626 4043 κατοπτεύοντες,
2658 3968 2935 4041 ἀλλήλοις
2966 3968 3145 4046 ὥσπερ
3175 3969 3541 4049 διαλέγονται,
3576 3974 3663 4031 διὰ
3686 3986 3845 4055 arm";

2188 4061 2284 4115 τοῦ
2317 4058 2484 4137 λόγου
2518 4057 2897 4135 μεταδιδόντες
2932 4058 3207 4131 ἀλλήλοις

2260 4238 2596 4300 ’Λπόκλισιν.
2629 4240 2777 4299 Ἀντὶ
2805 4244 2903 4296 τοῦ
2933 4238 3238 4300 ἀπόνευσιν.

2257 4426 2345 4497 [α’]
2386 4416 2780 4479 Μεταϐατικοῦ.
2836 4414 3210 4483 Μεταϐατικὸς
3257 4422 3285 4475 6
3346 4424 3615 4499 ἡμέτερος
3675 4424 3841 4503 λόγος

2186 4516 2213 4568 ὁ
2245 4511 2601 4590 προφορικὸς,
2643 4508 2716 4571 ὠς
2762 4508 2869 4565 ἀπὸ
2907 4513 3004 4564 τοῦ
3055 4508 3308 4584 λέγοντος
3358 4508 3651 4570 διαϐαίνων
3700 4519 3837 4593 πρὸς

421 4605 682 4677 corporei
715 4610 911 4661 autem
962 4606 1035 4660 ad
1084 4604 1479 4661 differentiam
1530 4604 1814 4661 reconditi
1862 4608 1963 4662 10
1993 4608 2073 4677 (in

2206 4605 2273 4658 τὸν
2307 4600 2590 4656 ἀκούοντα·
2626 4602 2942 4672 σωματικοῦ
2992 4596 3048 4653 δὲ
3090 4600 3227 4674 πρὸς
3273 4598 3694 4675 ἀντιδιαστολήν
3741 4611 3837 4662 τοῦ

422 4696 675 4763 mente);
707 4692 804 4749 hic
833 4693 991 4749 enim
1040 4707 1229 4765 neque
1259 4708 1597 4764 corporeus,
1628 4708 1821 4764 neque
1850 4694 2071 4749 transi-

416 4782 592 4839 tivus.

488 4874 753 4930 Materiae.
810 4870 1174 4927 Vilissimam
1234 4868 1540 4925 materiam
1612 4869 1774 4940 dicit,
1832 4887 2067 4928 omnem

417 4965 690 5018 naturam
734 4961 962 5034 corpori
1006 4959 1259 5016 similem
1291 4959 1349 5012 in
1400 4959 1576 5014 variis
1608 4960 1915 5030 speciebus
1946 4961 2068 5016 ani-

421 5051 598 5107 matis
630 5057 687 5107 et
713 5051 1015 5120 inanimis,
1048 5056 1104 5104 et
1134 5047 1399 5118 reliquis,
1431 5064 1464 5102 a
1495 5048 1605 5103 Deo
1633 5049 1704 5104 de
1735 5049 2016 5121 scriptam
2047 5068 2060 5118 ;

406 5141 825 5212 intelligibilem
849 5146 1045 5197 autem
1075 5140 1328 5195 decorem
1354 5154 1479 5209 quae
1511 5138 1580 5193 de
1611 5138 1727 5195 Deo
1757 5140 2061 5207 dicuntur,

400 5245 656 5300 quorum
690 5230 1015 5286 mediocres
1043 5234 1100 5285 et
1128 5230 1411 5284 obscuras
1457 5227 1744 5300 imagines
1776 5229 1834 5284 in
1885 5230 2060 5286 rebus

394 5318 756 5390 invenimus,
792 5318 947 5375 sicut
997 5316 1343 5389 simpliciter
1391 5332 1536 5385 esse,
1570 5317 1781 5385 vivere,
1816 5318 2055 5387 sentire,

392 5410 449 5461 et
473 5405 715 5464 similia.
741 5408 906 5473 Quod
932 5411 1129 5463 autem
1152 5405 1398 5463 materia
1419 5406 1610 5462 omnis
1630 5423 1699 5461 ex
1730 5407 1847 5462 Deo
1878 5408 2059 5464 exsis-

393 5495 639 5552 tentiam
675 5495 1120 5565 babeat,nullus
1152 5496 1390 5569 sapiens
1422 5511 1610 5553 sermo
1641 5496 2006 5552 oontradicet
2037 5515 2051 5566 ;

2180 4689 2507 4754 ἐνδιαθέτοψ
2560 4689 2717 4751 οὗτος
2770 4687 2872 4763 γὰρ
2928 4684 3052 4743 οὕτε
3101 4690 3442 4763 σωματικὸς,
3494 4690 3618 4749 οὔτε
3672 4716 3837 4769 μετα-

2180 4777 2424 4839 ϐατικὸε.

2248 4866 2561 4946 [BM-im.
2622 4866 2991 4939 Ἀτιμοτάτην
3071 4864 3211 4936 ὕλην
3275 4872 3405 4946 φησὶ
3484 4871 3584 4939 τὴν
3642 4892 3832 4943 σωμα-

2173 4956 2358 5028 τοειδῆ
2406 4960 2605 5013 ἅπασαν
2657 4954 2838 5034 φύσιν,
2887 4956 3025 5030 πρὸς
3073 4955 3303 5011 ποικίλα
3353 4954 3468 5024 εἷ’δη
3520 4955 3744 5034 ἔμψυχά
3772 4982 3834 5018 τε

2171 5047 2261 5103 καὶ
2313 5049 2519 5123 ἄψυχα,
2575 5047 2666 5102 καὶ
2723 5044 2896 5100 λοιπὰ
2957 5044 3060 5098 ὑπὸ
3120 5049 3256 5099 Θεοῦ
3316 5043 3827 5120 διακοσμηοεῖσαν·

2168 5136 2357 5211 νοερὰν
2413 5134 2470 5191 δὲ
2526 5134 2842 5210 εὐπρέπειαν
2901 5132 2968 5188 τὰ
3026 5133 3148 5206 περὶ
3212 5138 3346 5189 Θεοῦ
3410 5133 3701 5211 λεγὸμενα,
3754 5141 3830 5195 ὧν

2172 5226 2388 5301 μετρίας
2432 5225 2519 5280 καὶ
2571 5220 2815 5299 ἀμυδρὰς
2865 5219 3076 5283 εἷκὸνας
3127 5221 3178 5277 ἐν
3226 5227 3343 5285 τοῖς
3397 5223 3548 5279 οῦσιν
3582 5225 3829 5303 εὑρίσκο-

2172 5338 2290 5390 μεν,
2323 5318 2437 5371 οἷον
2494 5316 2556 5369 τὸ
2615 5310 2806 5376 ἀπλῶς
2862 5310 3019 5379 εἶναι,
3076 5311 3138 5365 τὸ
3192 5313 3309 5385 ζῇν,
3356 5313 3418 5369 τὸ
3462 5312 3829 5387 αἰσθάνεσθαι,

2163 5405 2252 5461 καὶ
2282 5407 2347 5461 τὰ
2376 5404 2560 5479 ὅμοια.
2713 5401 2839 5459 "01:.
2886 5401 2980 5474 μὲν
3015 5398 3075 5454 ἐκ
3115 5403 3250 5455 Θεοῦ
3296 5400 3388 5457 καὶ
3434 5403 3469 5473 ἠ
3523 5400 3629 5474 ὕλη
3681 5411 3829 5462 πᾶσα

2162 5495 2259 5564 τήν
2318 5493 2543 5568 ὕπαρξιν
2592 5488 2791 5566 ἔσχεν,
2852 5485 3031 5552 οὐδεὶς
3086 5489 3251 5567 σοφὸς
3328 5490 3543 5567 ἀντερεῖ
3603 5490 3771 5568 λὸγος
3807 5515 3821 5529 ο

397 5584 553 5656 gerit
579 5590 778 5643 autem
828 5591 885 5643 et
914 5586 1044 5658 ipsa
1074 5585 1132 5641 in
1183 5586 1379 5658 seipsa
1429 5588 1797 5658 argumenta,
1830 5587 1987 5657 quod
2019 5604 2053 5644 a

2206 5583 2308 5661 ἑρει
2341 5582 2399 5638 δὶ
2426 5581 2516 5638 καὶ
2561 5581 2727 5650 αὐτὴν
2777 5577 2829 5634 ἐν
2875 5578 3039 5652 ἑαυτῇ
3088 5574 3366 5650 ἀποδείξις
3422 5578 3519 5635 τοῦ
3569 5579 3629 5636 ικ
3682 5587 3821 5649 Θεοῦ

400 5671 517 5730 Deo
547 5675 624 5732 sit
653 5676 936 5749 producta
964 5679 1022 5732 et
1049 5679 1361 5743 exornata;
1396 5675 1590 5730 omnis
1621 5674 1801 5746 igitur
1832 5690 1901 5731 ex
1932 5691 2051 5733 ma-

2158 5672 2248 5729 καὶ
2300 5673 2584 5747 παρῆχθαι
2659 5669 2750 5726 καὶ
2815 5664 3315 5743 διακεκοσμῆσθαιο
3378 5670 3522 5724 πᾶσα
3576 5671 3703 5747 γοῦν
3764 5668 3819 5745 ἕξ
